4814275;Chiquita Mini Bananas 250g;£1.00;£4.00/kg;Bananas;null;null;null;null;null;null;null;null;
4827494;ASDA Chosen by Kids Yummy Yellow Bananas;£1.17;£0.14/each;Bananas;null;1.2;23.2;20.9;0.3;0.1;1.1;null;
623997;ASDA Fairtrade Bananas;£1.20;£0.20/each;Bananas;null;null;null;null;null;null;null;null;
488374;ASDA Organic Bananas;£1.16;£0.23/each;Bananas;null;null;null;null;null;null;null;null;
3805289;ASDA Bananas;£1.35;£0.13/each;Bananas;null;1.2;23.2;20.9;0.3;0.1;1.1;null;
152327;ASDA Loose Bananas;£0.68;£0.68/kg;Bananas;null;null;null;null;null;null;null;null;
5006182;ASDA Ready to Eat Bananas;£0.97;£0.16/each;Bananas;null;null;null;null;null;null;null;null;
3040785;ASDA Honey Crunch Apples;£2.00;£0.50/each;Apples & Pears;null;0.4;11.8;11.8;0.1;null;1.8;null;
4853436;ASDA Apples;£2.00;£0.50/each;Apples & Pears;null;0.4;11.8;11.8;0.1;null;1.8;null;
4451921;ASDA Apple Pack;£2.00;£0.50/each;Apples & Pears;null;0.4;11.8;11.8;0.1;null;1.8;null;
4583923;ASDA Ready to Eat Conference Pears;£2.00;£0.50/each;Apples & Pears;null;0.3;10.0;10.0;0.1;null;2.4;null;
4079548;ASDA Pears;£2.00;£1.67/kg;Apples & Pears;null;0.3;10.0;10.0;0.1;null;2.2;null;
4079546;ASDA Apples;£2.00;£1.67/kg;Apples & Pears;null;0.4;11.8;11.8;0.1;null;1.8;null;
1765325;ASDA Pink Lady Apples;£2.00;£0.50/each;Apples & Pears;null;null;null;null;null;null;null;null;
3221351;ASDA Mixed Apples;£2.00;£1.74/kg;Apples & Pears;null;0.4;11.8;11.8;0.1;null;1.8;null;
1187391;ASDA British Russet Apples;£1.00;£1.33/kg;Apples & Pears;null;0.4;11.8;11.8;0.1;null;1.8;null;
4098432;ASDA Chosen by Kids Cute and Juicy Apples 550g;£0.96;£1.75/kg;Apples & Pears;null;0.4;12.0;12.0;0.1;null;2.0;null;
2029303;ASDA Chosen by Kids Organic Apples 700g;£2.00;£2.86/kg;Apples & Pears;null;0.4;12.0;12.0;0.1;null;3.1;null;
4079558;ASDA Gala Apples 600g;£1.30;£2.17/kg;Apples & Pears;null;0.4;11.8;11.8;0.1;null;1.8;null;
4079560;ASDA Golden Delicious Apples 600g;£1.00;£1.67/kg;Apples & Pears;null;0.4;11.8;11.8;0.1;null;1.8;null;
4079552;ASDA Braeburn Apples 600g;£0.94;£1.57/kg;Apples & Pears;null;0.4;11.8;11.8;0.1;null;1.8;null;
1067719;ASDA Cripps Pink Apples;£2.50;£0.50/each;Apples & Pears;null;0.4;11.8;11.8;0.1;null;1.8;null;
1978592;ASDA British Bramley Apples 800g;£1.10;£1.38/kg;Apples & Pears;null;0.4;11.8;11.8;0.1;null;1.8;null;
3680026;ASDA Red Apples 650g;£1.50;£2.31/kg;Apples & Pears;null;0.4;11.8;11.8;0.1;null;1.8;null;
4622262;ASDA Jazz Apples;£2.00;£0.33/each;Apples & Pears;null;0.4;11.8;11.8;0.1;null;1.8;null;
4098438;ASDA Conference Pears 600g;£0.98;£1.63/kg;Apples & Pears;null;0.3;10.0;10.0;0.1;null;2.2;null;
4098434;ASDA Chosen by Kids Pears 550g;£0.84;£1.53/kg;Apples & Pears;null;0.3;10.0;10.0;0.1;null;3.1;null;
4874323;ASDA Sweet Pears 650g;£0.84;£1.29/kg;Apples & Pears;null;0.3;10.0;10.0;0.1;null;2.2;null;
3595451;ASDA Oriental Pear;£1.50;£0.37/each;Apples & Pears;null;null;null;null;null;null;null;null;
3040910;ASDA Pears;£1.00;£0.25/each;Apples & Pears;null;0.3;13.2;13.2;0.3;null;2.4;null;
154062;ASDA Loose Braeburn Apples;£1.94;£1.94/kg;Apples & Pears;null;null;null;null;null;null;null;null;
153678;ASDA Loose Gala Apples;£1.94;£1.94/kg;Apples & Pears;null;null;null;null;null;null;null;null;
150281;ASDA Loose Golden Delicious Apples;£1.94;£1.94/kg;Apples & Pears;null;null;null;null;null;null;null;null;
150344;ASDA Loose Red Delicious Apples;£3.47;£3.47/kg;Apples & Pears;null;null;null;null;null;null;null;null;
835682;ASDA Loose Bramley Cooking Apples;£1.65;£1.65/kg;Apples & Pears;null;null;null;null;null;null;null;null;
154060;ASDA Loose Granny Smith Apples;£1.94;£1.94/kg;Apples & Pears;null;null;null;null;null;null;null;null;
611513;ASDA Loose Pink Lady Apples;£3.27;£3.27/kg;Apples & Pears;null;null;null;null;null;null;null;null;
150433;ASDA Loose Conference Pear;£2.25;£2.25/kg;Apples & Pears;null;null;null;null;null;null;null;null;
4184585;ASDA Smartprice Bag of Apples 500g;£0.87;£1.74/kg;Apples & Pears;null;0.4;11.8;11.8;0.1;null;1.8;null;
4098440;ASDA Smartprice Bag of Pears 500g;£0.79;£1.58/kg;Apples & Pears;null;0.3;10.0;10.0;0.1;null;2.2;null;
4300758;ASDA Sharing Fruit Salad 350g;£2.00;£5.71/kg;Apples & Pears;null;0.4;10.2;10.2;0.2;null;2.2;null;
4740777;ASDA Simply Snack Apple & Pear 80g;£0.50;£6.25/kg;Apples & Pears;52;0.4;11.0;11.0;0.1;null;2.6;0.1;
4254593;ASDA Clementines 600g;£1.25;£2.08/kg;Citrus Fruits;null;null;null;null;null;null;null;null;
4447543;ASDA Chosen By Kids Easy Peasy Peelers 500g;£0.87;£1.74/kg;Citrus Fruits;null;0.8;6.0;6.0;0.1;null;1.3;null;
3717499;ASDA Extra Juicy Oranges;£1.37;£0.13/each;Citrus Fruits;null;null;null;null;null;null;null;null;
4995067;ASDA Clementines;£2.00;£1.43/kg;Citrus Fruits;null;null;null;null;null;null;null;null;
2813765;ASDA Mandarins 700g;£1.75;£2.50/kg;Citrus Fruits;null;null;null;null;null;null;null;null;
839074;ASDA Satsumas 700g;£1.75;£2.50/kg;Citrus Fruits;null;null;null;null;null;null;null;null;
4137330;ASDA Extra Special 4 Oranges;£2.00;£0.50/each;Citrus Fruits;null;1.1;8.5;8.5;0.1;null;1.7;null;
4934989;ASDA Extra Special Clementines 700g;£2.00;£2.86/kg;Citrus Fruits;null;0.9;8.7;8.7;0.1;null;1.2;null;
4181293;Sweetinies Easy Peelers 750g;£1.97;£2.63/kg;Citrus Fruits;null;null;null;null;null;null;null;null;
4566422;ASDA Orange Juicer Kit;£1.00;£0.25/each;Citrus Fruits;null;null;null;null;null;null;null;null;
1778689;ASDA Large Navel Oranges;£2.00;£0.40/each;Citrus Fruits;null;null;null;null;null;null;null;null;
3807826;ASDA Medium Navel Oranges;£1.25;£0.25/each;Citrus Fruits;null;null;null;null;null;null;null;null;
3134967;ASDA Unwaxed Lemons;£1.37;£0.27/each;Citrus Fruits;null;null;null;null;null;null;null;null;
1747411;ASDA Organic Unwaxed Lemons;£1.80;£0.45/each;Citrus Fruits;null;null;null;null;null;null;null;null;
3805611;ASDA Lime 3 Pack;£0.87;£0.29/each;Citrus Fruits;null;null;null;null;null;null;null;null;
2491759;ASDA Lemons & Limes;£1.00;£0.25/each;Citrus Fruits;null;null;null;null;null;null;null;null;
3134686;ASDA Red Grapefruit;£1.20;£0.40/each;Citrus Fruits;null;null;null;null;null;null;null;null;
844066;ASDA Red Grapefruit;£0.50;£0.50/each;Citrus Fruits;null;null;null;null;null;null;null;null;
1080031;ASDA White Grapefruit;£0.40;£0.40/each;Citrus Fruits;null;null;null;null;null;null;null;null;
3882519;ASDA Extra Special Florida Pink Grapefruit;£1.20;£0.60/each;Citrus Fruits;null;0.8;6.8;null;0.1;null;null;null;
147002;ASDA Loose Oranges;£0.30;£0.30/each;Citrus Fruits;null;null;null;null;null;null;null;null;
3038755;ASDA Extra Special Loose Clementines;£2.97;£2.97/kg;Citrus Fruits;null;null;null;null;null;null;null;null;
618592;ASDA Loose Lemons;£0.30;£0.30/each;Citrus Fruits;null;null;null;null;null;null;null;null;
618596;ASDA Loose Lime;£0.30;£0.30/each;Citrus Fruits;null;null;null;null;null;null;null;null;
4134335;ASDA Smartprice Lemons 500g;£0.92;£1.84/kg;Citrus Fruits;null;null;null;null;null;null;null;null;
1817452;ASDA Honeydew Melon;£2.00;£2.00/each;Exotic & Tropical Fruit;null;null;null;null;null;null;null;null;
3134686;ASDA Red Grapefruit;£1.20;£0.40/each;Exotic & Tropical Fruit;null;null;null;null;null;null;null;null;
3257672;ASDA Giant Mango;£1.50;£1.50/each;Exotic & Tropical Fruit;null;null;null;null;null;null;null;null;
151745;ASDA Large Pineapple;£1.47;£1.47/each;Exotic & Tropical Fruit;null;null;null;null;null;null;null;null;
3040792;ASDA Whole Pineapple;£2.00;£2.00/each;Exotic & Tropical Fruit;null;null;9.8;9.8;0.2;null;0.4;null;
2838242;ASDA Melon Portion;£1.00;£1.00/each;Exotic & Tropical Fruit;null;0.6;6.6;6.6;0.5;0.1;0.6;0;
961412;ASDA Galia Melon;£2.00;£2.00/each;Exotic & Tropical Fruit;null;null;null;null;null;null;null;null;
2906317;ASDA Watermelon Portion;£0.98;£0.98/each;Exotic & Tropical Fruit;null;0.5;6.9;6.9;0.5;0.1;0.5;0;
915130;ASDA Watermelon;£2.98;£2.98/each;Exotic & Tropical Fruit;null;null;null;null;null;null;null;null;
862382;ASDA Cantaloupe Melon;£1.00;£1.00/each;Exotic & Tropical Fruit;null;null;null;null;null;null;null;null;
1808197;ASDA Large Honeydew Melon;£2.50;£2.50/each;Exotic & Tropical Fruit;null;null;null;null;null;null;null;null;
150559;ASDA El Abuelo Melon;£2.97;£2.97/each;Exotic & Tropical Fruit;null;null;null;null;null;null;null;null;
153235;ASDA Loose Kiwi Fruit;£0.30;£0.30/each;Exotic & Tropical Fruit;null;null;null;null;null;null;null;null;
1081430;ASDA Ripen at Home Kiwi Fruit (2 to 3 days);£0.75;£0.12/each;Exotic & Tropical Fruit;null;1.1;10.6;null;0.5;null;null;null;
938937;ASDA Organic Kiwi Fruit;£0.99;£0.24/each;Exotic & Tropical Fruit;null;null;null;null;null;null;null;null;
1578127;ASDA Large Ripe Kiwi Fruit;£1.00;£0.25/each;Exotic & Tropical Fruit;51;1.1;10.5;10.2;0.5;null;1.9;null;
4827497;ASDA Passion Fruit;£1.25;£0.41/each;Exotic & Tropical Fruit;null;2.6;5.8;5.8;0.4;null;3.3;null;
2286075;ASDA Loose Plantain;£2.10;£2.10/kg;Exotic & Tropical Fruit;null;null;null;null;null;null;null;null;
866041;ASDA Papaya;£1.50;£1.50/each;Exotic & Tropical Fruit;null;0.5;8.8;8.8;0.1;null;2.2;null;
3795886;ASDA Ripe & Ready To Eat Papaya;£2.75;£1.38/each;Exotic & Tropical Fruit;null;0.5;8.8;8.8;0.1;null;2.2;null;
1741672;ASDA Papaya Formosa;£4.00;£4.00/each;Exotic & Tropical Fruit;null;null;null;null;null;null;null;null;
849462;ASDA Pomegranate;£1.25;£1.25/each;Exotic & Tropical Fruit;null;null;null;null;null;null;null;null;
440177;ASDA Coconut;£0.78;£0.78/each;Exotic & Tropical Fruit;null;null;null;null;null;null;null;null;
867760;ASDA Rhubarb;£2.50;£6.25/kg;Exotic & Tropical Fruit;6;0.7;0.6;0.6;0.1;null;0.1;null;
1080031;ASDA White Grapefruit;£0.40;£0.40/each;Exotic & Tropical Fruit;null;null;null;null;null;null;null;null;
844066;ASDA Red Grapefruit;£0.50;£0.50/each;Exotic & Tropical Fruit;null;null;null;null;null;null;null;null;
1063224;ASDA Physalis 100g;£1.00;£10.00/kg;Exotic & Tropical Fruit;null;null;null;null;null;null;null;null;
4407404;ASDA Yellow Passion Fruit;£2.00;£1.00/each;Exotic & Tropical Fruit;null;2.6;5.8;5.8;0.4;null;3.3;null;
4680850;ASDA Cherimoya 300g;£2.50;£8.33/kg;Exotic & Tropical Fruit;null;1.6;16.1;14.9;0.3;null;null;null;
2388110;ASDA Dragon Fruit;£2.00;£2.00/each;Exotic & Tropical Fruit;null;null;null;null;null;null;null;null;
3100288;ASDA Smartprice Coconuts;£1.50;£1.50/each;Exotic & Tropical Fruit;null;null;null;null;null;null;null;null;
3574103;ASDA Smartprice Mangoes;£2.50;£2.50/each;Exotic & Tropical Fruit;null;0.7;14.1;13.8;0.2;0.1;2.6;null;
2136944;ASDA Melon & Grapes 400g;£2.00;£5.00/kg;Exotic & Tropical Fruit;null;0.5;7.5;7.5;0.1;null;0.4;0.1;
4827500;ASDA Mango Chunks 300g;£1.88;£6.27/kg;Exotic & Tropical Fruit;null;0.7;13.8;13.8;0.2;0.1;2.6;0.1;
3434595;ASDA Melon Medley 400g;£2.00;£5.00/kg;Exotic & Tropical Fruit;null;0.5;6.2;6.2;0.1;null;0.7;0.1;
4394486;ASDA Tropical Fruit Salad 380g;£2.00;£5.26/kg;Exotic & Tropical Fruit;null;0.6;9.0;8.9;0.2;null;2.2;null;
4740757;ASDA Simply Snack Watermelon 95g;£0.50;£5.26/kg;Exotic & Tropical Fruit;null;0.4;6.9;6.9;0.3;0.1;0.5;null;
4740758;ASDA Simply Snack Melon & Grapes 80g;£0.50;£6.25/kg;Exotic & Tropical Fruit;40;0.5;9.0;9.0;0.1;null;0.7;null;
4823849;ASDA Sharing Fruit Salad 600g;£2.50;£4.17/kg;Exotic & Tropical Fruit;null;0.5;10.7;10.7;0.1;null;2.0;null;
2498009;ASDA Pineapple Fingers 200g;£1.00;£5.00/kg;Exotic & Tropical Fruit;null;0.4;9.8;9.8;0.2;null;1.2;null;
4666817;ASDA Figs 200g;£2.95;£14.75/kg;Exotic & Tropical Fruit;null;1.3;9.5;9.5;0.3;0.1;1.5;null;
1578125;ASDA Large Mango;£0.75;£0.75/each;Exotic & Tropical Fruit;null;0.7;14.1;13.8;0.2;0.1;2.6;null;
4666819;ASDA Pomegranates;£2.50;£1.25/each;Exotic & Tropical Fruit;null;1.0;17.2;16.6;70;20;0.6;null;
4462550;ASDA Ready to Eat Mangoes;£2.50;£0.83/each;Exotic & Tropical Fruit;259;0.7;14.1;13.8;0.2;0.1;2.6;null;
3882519;ASDA Extra Special Florida Pink Grapefruit;£1.20;£0.60/each;Exotic & Tropical Fruit;null;0.8;6.8;null;0.1;null;null;null;
1049771;ASDA Strawberries 400g;£1.50;£3.75/kg;Grapes & Berries;null;0.8;6.0;6.0;0.1;null;1.1;null;
1714599;ASDA Green Seedless Grapes 500g;£1.50;£3.00/kg;Grapes & Berries;null;0.4;15.4;15.4;0.1;null;0.7;null;
1782231;ASDA Red Seedless Grapes 500g;£1.50;£3.00/kg;Grapes & Berries;null;0.4;15.4;15.4;0.1;null;0.7;null;
4950275;ASDA Extra Special Sable Seedless Grapes 400g;£1.50;£3.75/kg;Grapes & Berries;null;0.6;17;17;0.5;0.1;1.3;0.01;
150476;ASDA Seedless Green Grapes;£4.47;£4.47/kg;Grapes & Berries;null;null;null;null;null;null;null;null;
150477;ASDA Seedless Red Grapes;£4.47;£4.47/kg;Grapes & Berries;null;null;null;null;null;null;null;null;
4955618;ASDA Tri-Pack Seedless Grapes 750g;£3.00;£4.00/kg;Grapes & Berries;null;0.6;16.4;16.4;0.1;null;1.2;null;
2781438;ASDA Seedless Grape Snack Pack;£0.84;£4.94/kg;Grapes & Berries;51;0.3;12.3;12.3;0.1;null;0.6;null;
4059587;ASDA Seeded Grapes;£1.75;£2.50/kg;Grapes & Berries;null;0.4;15.4;15.4;0.1;null;0.7;null;
2214424;ASDA Black Seedless Grapes 500g;£1.50;£3.00/kg;Grapes & Berries;null;0.4;15.4;15.4;0.1;null;0.7;null;
4299965;ASDA Seedless Grape Snack Pack 170g;£1.00;£5.88/kg;Grapes & Berries;null;0.4;15.4;15.4;0.1;null;0.7;null;
4829399;ASDA Mixed Seedless Grapes 500g;£2.00;£4.00/kg;Grapes & Berries;null;0.4;15.4;15.4;0.1;null;0.7;null;
4715323;ASDA Mixed Berries 300g;£3.00;£10.00/kg;Grapes & Berries;null;null;null;null;null;null;null;null;
3067515;ASDA Raspberries 250g;£3.00;£12.00/kg;Grapes & Berries;null;1.4;4.6;4.6;0.3;null;2.6;null;
154318;ASDA Raspberries 150g;£2.00;£13.33/kg;Grapes & Berries;null;1.4;4.6;4.6;0.3;null;2.6;null;
2042047;ASDA Extra Special Raspberries 150g;£3.00;£20.00/kg;Grapes & Berries;null;1.4;4.6;4.6;0.3;null;2.6;null;
5123948;ASDA Blueberries 125g;£1.50;£12.00/kg;Grapes & Berries;null;0.7;10.0;10.0;0.3;null;2.4;null;
4547998;ASDA Blueberries 260g;£2.50;£9.62/kg;Grapes & Berries;null;0.7;14.0;12.0;0.4;null;0.4;null;
2717897;ASDA Blackberries 150g;£2.50;£16.67/kg;Grapes & Berries;null;0.9;5.1;5.1;0.2;null;3.1;null;
4539108;ASDA Smartprice Grapes 400g;£1.00;£2.50/kg;Grapes & Berries;null;0.4;15.4;15.4;0.1;null;0.7;null;
4300776;ASDA Berry Fruit Salad 250g;£2.00;£8.00/kg;Grapes & Berries;null;0.5;9.2;9.2;0.1;null;2.0;null;
4640760;ASDA Mini Fruit Platter 190g;£1.50;£7.89/kg;Grapes & Berries;null;0.6;12.8;12.7;0.2;null;3.2;null;
4640758;ASDA Mini Fruit Platter 220g;£1.50;£6.82/kg;Grapes & Berries;null;0.5;9.7;9.7;0.2;null;1.5;null;
3708627;ASDA Fruit Platter 445g;£2.50;£5.62/kg;Grapes & Berries;null;0.6;7.4;7.3;0.2;null;1.6;null;
4280392;ASDA Strawberries 700g;£2.50;£3.57/kg;Grapes & Berries;23;0.6;4.8;4.8;0.1;null;0.9;null;
4640762;ASDA Berry Snack Pot 135g;£1.65;£12.22/kg;Grapes & Berries;null;0.5;6.9;6.1;0.1;null;2.1;null;
2136944;ASDA Melon & Grapes 400g;£2.00;£5.00/kg;Prepared Fruit;null;0.5;7.5;7.5;0.1;null;0.4;0.1;
4827500;ASDA Mango Chunks 300g;£1.88;£6.27/kg;Prepared Fruit;null;0.7;13.8;13.8;0.2;0.1;2.6;0.1;
3434595;ASDA Melon Medley 400g;£2.00;£5.00/kg;Prepared Fruit;null;0.5;6.2;6.2;0.1;null;0.7;0.1;
4300758;ASDA Sharing Fruit Salad 350g;£2.00;£5.71/kg;Prepared Fruit;null;0.4;10.2;10.2;0.2;null;2.2;null;
3040792;ASDA Whole Pineapple;£2.00;£2.00/each;Prepared Fruit;null;null;9.8;9.8;0.2;null;0.4;null;
4300776;ASDA Berry Fruit Salad 250g;£2.00;£8.00/kg;Prepared Fruit;null;0.5;9.2;9.2;0.1;null;2.0;null;
4394486;ASDA Tropical Fruit Salad 380g;£2.00;£5.26/kg;Prepared Fruit;null;0.6;9.0;8.9;0.2;null;2.2;null;
4827364;ASDA Pineapple Chunks 400g;£2.00;£5.00/kg;Prepared Fruit;null;0.4;9.8;9.8;0.2;null;1.2;null;
4640760;ASDA Mini Fruit Platter 190g;£1.50;£7.89/kg;Prepared Fruit;null;0.6;12.8;12.7;0.2;null;3.2;null;
4640758;ASDA Mini Fruit Platter 220g;£1.50;£6.82/kg;Prepared Fruit;null;0.5;9.7;9.7;0.2;null;1.5;null;
3708627;ASDA Fruit Platter 445g;£2.50;£5.62/kg;Prepared Fruit;null;0.6;7.4;7.3;0.2;null;1.6;null;
4300774;ASDA Fruit Platter 440g;£2.25;£5.11/kg;Prepared Fruit;null;0.6;10.4;8.8;0.2;null;1.8;null;
4740761;ASDA Simply Snack Apple 80g;£0.48;£6.00/kg;Prepared Fruit;54;0.4;11.6;11.6;0.1;null;2.7;null;
4740767;ASDA Simply Snack Apple & Grapes 80g;£0.48;£6.00/kg;Prepared Fruit;57;0.4;12.4;12.4;0.1;null;2.4;null;
4740771;ASDA Simply Snack Grapes 80g;£0.50;£6.25/kg;Prepared Fruit;66;0.4;15.4;15.4;0.1;null;1.0;null;
4740784;ASDA Simply Snack Pineapple 80g;£0.50;£6.25/kg;Prepared Fruit;null;0.4;9.8;9.8;0.2;null;1.2;null;
4740757;ASDA Simply Snack Watermelon 95g;£0.50;£5.26/kg;Prepared Fruit;null;0.4;6.9;6.9;0.3;0.1;0.5;null;
4740758;ASDA Simply Snack Melon & Grapes 80g;£0.50;£6.25/kg;Prepared Fruit;40;0.5;9.0;9.0;0.1;null;0.7;null;
4740777;ASDA Simply Snack Apple & Pear 80g;£0.50;£6.25/kg;Prepared Fruit;52;0.4;11.0;11.0;0.1;null;2.6;0.1;
4823839;ASDA Apple with Toffee Sauce 110g;£1.00;£9.09/kg;Prepared Fruit;null;null;null;null;null;null;null;null;
4640766;ASDA Fruit Salad with Milk Chocolate Dip 170g;£1.50;£8.82/kg;Prepared Fruit;null;1.7;21.7;20.6;4.9;2.9;2.7;0.1;
526370;ASDA Melon Slices 400g;£1.25;£3.12/kg;Prepared Fruit;null;0.6;5.4;4.9;0.1;null;0.9;0.1;
4394488;ASDA Watermelon Fans 300g;£1.25;£4.17/kg;Prepared Fruit;null;0.5;7.1;7.1;0.3;null;0.5;null;
3434589;ASDA Mango Fingers 140g;£1.25;£8.93/kg;Prepared Fruit;null;0.7;13.8;13.5;0.2;0.1;1.8;null;
3412382;ASDA Mango, Melon & Pineapple Triple Pack 240g;£1.25;£5.21/kg;Prepared Fruit;null;0.6;9.5;9.4;0.2;null;2.0;null;
3898238;ASDA Melon Trio 200g;£1.30;£6.50/kg;Prepared Fruit;null;0.6;6.0;6.0;0.2;null;0.7;null;
4823849;ASDA Sharing Fruit Salad 600g;£2.50;£4.17/kg;Prepared Fruit;null;0.5;10.7;10.7;0.1;null;2.0;null;
2498009;ASDA Pineapple Fingers 200g;£1.00;£5.00/kg;Prepared Fruit;null;0.4;9.8;9.8;0.2;null;1.2;null;
4300801;ASDA Apple 140g;£1.00;£7.14/kg;Prepared Fruit;null;0.5;11.0;11.0;0.1;null;2.6;null;
4123209;ASDA Pomegranate Seeds 80g;£1.00;£12.50/kg;Prepared Fruit;null;1.7;18.7;13.7;1.2;0.1;4.0;null;
4827508;ASDA Melon Chunks 160g;£1.00;£6.25/kg;Prepared Fruit;null;0.6;6.6;6.6;0.1;null;0.8;null;
4300762;ASDA Melon & Grapes 160g;£1.00;£6.25/kg;Prepared Fruit;null;0.6;7.1;7.1;0.1;null;1.1;null;
3593632;ASDA Apple Grapes & Cheese 150g;£1.00;£6.67/kg;Prepared Fruit;null;5.3;10.3;10.3;7.1;4.3;1.7;0.3;
4300760;ASDA Fruit Salad 160g;£1.00;£6.25/kg;Prepared Fruit;null;0.6;10.6;7.8;0.1;null;2.2;null;
4394492;ASDA Kiwi and Blueberry Fruit Salad 180g;£1.00;£5.56/kg;Prepared Fruit;null;0.6;10.2;10.1;0.2;null;2.7;null;
4824493;ASDA Pineapple Kiwi Fruit & Grapes 200g;£1.00;£5.00/kg;Prepared Fruit;null;0.6;10.6;10.5;0.3;null;2.1;null;
2788411;ASDA Coconut Chunks 120g;£1.00;£8.33/kg;Prepared Fruit;null;3.3;6.2;6.2;33.4;29.6;9.0;null;
4300807;ASDA Pineapple Oranges & Grapes 180g;£1.20;£0.66/100g;Prepared Fruit;null;2.8;16.9;6.0;2.9;0.8;2.0;null;
3708629;ASDA Melon, Kiwi Fruit & Strawberries 240g;£1.50;£6.25/kg;Prepared Fruit;null;0.8;7.7;7.6;0.2;null;2.1;null;
4640762;ASDA Berry Snack Pot 135g;£1.65;£12.22/kg;Prepared Fruit;null;0.5;6.9;6.1;0.1;null;2.1;null;
4918176;ASDA Melon Mango & Grapes with Vanilla Yogurt 180g;£1.50;£0.83/100g;Prepared Fruit;null;1.5;10.4;7.2;0.1;null;0.9;null;
150881;ASDA Punnet of Peaches;£1.47;£1.47/each;Stone Fruit;null;1.0;7.6;7.6;0.1;null;1.5;null;
4827496;ASDA Plums 400g;£0.75;£1.88/kg;Stone Fruit;null;0.6;8.8;8.8;0.1;null;1.6;null;
3851957;ASDA Yellow Plums 400g;£1.00;£2.50/kg;Stone Fruit;null;0.6;8.8;8.8;0.1;null;1.6;null;
2984229;ASDA Loose Plums;£4.99;£4.99/kg;Stone Fruit;null;null;null;null;null;null;null;null;
1843450;ASDA Ready to Eat Plums;£1.00;£0.16/each;Stone Fruit;42;0.6;8.8;8.8;0.1;null;1.6;null;
150882;ASDA Punnet of Nectarines;£1.00;£1.00/each;Stone Fruit;null;1.4;9.0;9.0;0.1;null;1.2;null;
150341;ASDA Loose Nectarine;£0.50;£0.50/each;Stone Fruit;null;null;null;null;null;null;null;null;
3701264;ASDA Broccoli 335g;£0.49;£1.46/kg;Broccoli, Cabbages & Cauliflowers;null;3.1;1.1;null;0.8;null;null;null;
153881;ASDA Cauliflower;£0.98;£0.98/each;Broccoli, Cabbages & Cauliflowers;31;2.9;2.1;1.8;0.9;0.2;1.6;null;
1558096;ASDA British Sliced Curly Kale 200g;£0.88;£0.0/g;Broccoli, Cabbages & Cauliflowers;null;2.4;1.0;0.9;1.1;0.2;2.8;null;
2957098;ASDA Trimmed Sprouts 250g;£1.00;£4.00/kg;Broccoli, Cabbages & Cauliflowers;null;2.9;3.5;3.0;1.3;0.3;2.6;null;
154435;ASDA Broccoli & Cauliflower Floret 400g;£1.25;£1.25/each;Broccoli, Cabbages & Cauliflowers;null;3.0;1.6;1.4;0.9;0.2;2.8;null;
150242;ASDA Savoy Cabbage;£0.68;£0.68/each;Broccoli, Cabbages & Cauliflowers;null;1.0;2.2;2.0;0.4;0.1;2.3;null;
2087217;ASDA Extra Large Cauliflower;£1.85;£1.85/each;Broccoli, Cabbages & Cauliflowers;22;2.3;1.7;1.4;0.7;0.2;1.3;null;
4168068;ASDA Extra Special Tenderstem Broccoli Tips 125g;£1.20;£9.60/kg;Broccoli, Cabbages & Cauliflowers;null;3.1;1.1;0.9;0.8;0.2;2.3;null;
150460;ASDA Spring Greens 500g;£0.68;£0.68/each;Broccoli, Cabbages & Cauliflowers;null;1.9;1.6;1.4;0.7;0.1;3.4;null;
1983117;ASDA Sliced Cabbage and Leek 240g;£1.00;£4.17/kg;Broccoli, Cabbages & Cauliflowers;null;1.1;2.4;2.0;0.5;0.1;1.7;null;
3712606;ASDA Extra Special Purple Sprouting Broccoli 250g;£2.00;£8.00/kg;Broccoli, Cabbages & Cauliflowers;null;3.1;1.1;0.9;0.8;0.2;2.3;null;
4827330;ASDA Broccoli & Sprouts 475g;£1.50;£3.16/kg;Broccoli, Cabbages & Cauliflowers;null;2.7;4.2;3.6;0.2;0.1;2.3;0.1;
2723426;ASDA Organics Broccoli 250g;£0.98;£0.98/each;Broccoli, Cabbages & Cauliflowers;null;null;null;null;null;null;null;null;
2208370;ASDA Broccoli Florets 400g;£1.25;£0.31/100g;Broccoli, Cabbages & Cauliflowers;null;3.1;1.1;0.9;0.8;0.2;2.3;null;
1294188;ASDA Extra Special Baby Cauliflower;£1.35;£0.67/each;Broccoli, Cabbages & Cauliflowers;null;2.9;2.1;1.8;0.9;0.2;1.6;null;
3949659;ASDA Extra Special Tenderstem Broccoli & Extra Fine Beans 120g;£1.35;£11.25/kg;Broccoli, Cabbages & Cauliflowers;null;1.7;4.7;2.1;0.1;null;4.1;null;
3778524;ASDA Extra Special Tenderstem Broccoli 250g;£2.00;£0.80/100g;Broccoli, Cabbages & Cauliflowers;null;2.1;1.2;0.9;0.6;0.1;2.9;null;
4304662;ASDA Sliced Carrot & Broccoli 500g;£1.50;£3.00/kg;Broccoli, Cabbages & Cauliflowers;null;1.6;3.0;2.8;0.6;0.1;3.0;null;
151940;ASDA Green Cabbage;£0.68;£0.68/each;Broccoli, Cabbages & Cauliflowers;null;1.0;2.2;2.0;0.4;0.1;2.3;null;
1299003;ASDA Baby Cabbage;£1.35;£0.67/each;Broccoli, Cabbages & Cauliflowers;null;1.0;2.2;2.0;0.4;0.1;2.3;null;
3986615;ASDA Cauliflower & Broccoli 375g;£1.50;£0.40/100g;Broccoli, Cabbages & Cauliflowers;null;3.0;1.7;1.4;0.9;0.2;2.8;null;
570312;ASDA Mixed Vegetable Selection;£1.67;£1.67/each;Broccoli, Cabbages & Cauliflowers;26;2.0;2.9;2.7;0.7;0.2;3.0;null;
2208372;ASDA Cauliflower Florets 400g;£1.25;£3.12/kg;Broccoli, Cabbages & Cauliflowers;null;2.9;2.1;1.8;0.9;0.2;1.6;null;
4803161;ASDA Red & Green Kale 170g;£1.00;£0.58/100g;Broccoli, Cabbages & Cauliflowers;null;3.5;3.2;1.4;0.4;0.1;5.6;0.1;
3946221;ASDA Extra Special Baby Broccoli;£1.35;£0.67/each;Broccoli, Cabbages & Cauliflowers;null;null;null;null;null;null;null;null;
498186;ASDA Organic Cauliflower;£2.00;£2.00/each;Broccoli, Cabbages & Cauliflowers;null;null;null;null;null;null;null;null;
821490;ASDA Organic Cabbage;£1.27;£1.27/each;Broccoli, Cabbages & Cauliflowers;null;null;null;null;null;null;null;null;
4257607;ASDA Cabbage Medley 250g;£1.00;£4.00/kg;Broccoli, Cabbages & Cauliflowers;null;2.1;4.0;2.5;0.2;0.1;2.9;0.1;
4103687;ASDA Cavolo Nero Cabbage 300g;£0.98;£3.27/kg;Broccoli, Cabbages & Cauliflowers;null;null;null;null;null;null;null;null;
850938;ASDA Loose Broccoli;£1.38;£1.38/kg;Broccoli, Cabbages & Cauliflowers;null;null;null;null;null;null;null;null;
428940;ASDA Loose Sprouts;£1.88;£1.88/kg;Broccoli, Cabbages & Cauliflowers;null;null;null;null;null;null;null;null;
4001207;ASDA Red Cabbage;£0.68;£0.68/kg;Broccoli, Cabbages & Cauliflowers;null;0.8;1.8;1.6;0.3;0.1;1.8;null;
800548;ASDA Tenderheart Cabbage;£0.49;£0.49/each;Broccoli, Cabbages & Cauliflowers;null;1.0;2.2;2.0;0.4;0.1;2.3;null;
4001209;ASDA White Cabbage;£0.58;£0.58/kg;Broccoli, Cabbages & Cauliflowers;null;1.1;4.0;3.9;0.2;null;1.7;null;
3946223;ASDA Extra Special Baby Cauliflower & Baby Cabbage;£1.35;£0.45/each;Broccoli, Cabbages & Cauliflowers;null;null;null;null;null;null;null;null;
3911595;ASDA Extra Special Benefort?? Broccoli 240g;£1.00;£4.17/kg;Broccoli, Cabbages & Cauliflowers;35;4.4;1.8;1.5;0.9;0.2;2.6;null;
2491199;ASDA Organic Red Cabbage;£1.67;£1.67/kg;Broccoli, Cabbages & Cauliflowers;null;null;null;null;null;null;null;null;
1993150;ASDA Organic Carrots 750g;£1.00;£1.33/kg;Carrots, Root Veg & Sprouts;null;0.6;4.9;4.6;0.3;0.1;2.4;null;
150208;ASDA Carrots;£0.57;£0.57/kg;Carrots, Root Veg & Sprouts;24;0.6;4.9;4.6;0.4;0.1;2.5;null;
2037670;ASDA British Chantenay Carrots 500g;£0.89;£1.78/kg;Carrots, Root Veg & Sprouts;26;0.6;4.9;4.6;0.4;0.1;2.5;null;
3375790;ASDA Mixed Root Veg;£1.00;£1.00/kg;Carrots, Root Veg & Sprouts;42;0.8;7.9;6.3;0.3;0.1;2.3;null;
3966639;ASDA Sliced Carrots 335g;£0.37;£1.10/kg;Carrots, Root Veg & Sprouts;null;0.6;4.9;4.6;0.4;0.1;2.5;0.1;
923516;ASDA Diced Carrots & Swede 500g;£0.50;£1.00/kg;Carrots, Root Veg & Sprouts;null;0.8;10.0;8.7;0.4;0.2;3.2;0.1;
3218005;ASDA Carrot Batons & Peas 400g;£1.00;£2.50/kg;Carrots, Root Veg & Sprouts;null;2.9;5.7;3.0;0.8;0.2;4.0;null;
1587499;ASDA Carrot Batons 600g;£1.00;£1.67/kg;Carrots, Root Veg & Sprouts;null;0.6;4.9;4.6;0.4;0.1;2.5;0.1;
2560282;ASDA Carrot Batons 300g;£0.54;£1.80/kg;Carrots, Root Veg & Sprouts;null;0.6;4.9;4.6;0.4;0.1;2.5;0.1;
1792206;ASDA Grated Carrot 250g;£0.50;£2.00/kg;Carrots, Root Veg & Sprouts;27;0.4;5.3;4.8;null;null;2.2;0.1;
4740790;ASDA Simply Snack Carrot 80g;£0.50;£6.25/kg;Carrots, Root Veg & Sprouts;null;0.6;7.9;7.4;0.3;0.1;2.4;null;
4304662;ASDA Sliced Carrot & Broccoli 500g;£1.50;£3.00/kg;Carrots, Root Veg & Sprouts;null;1.6;3.0;2.8;0.6;0.1;3.0;null;
4827330;ASDA Broccoli & Sprouts 475g;£1.50;£3.16/kg;Carrots, Root Veg & Sprouts;null;2.7;4.2;3.6;0.2;0.1;2.3;0.1;
2037951;ASDA Extra Special Baby Parsnips 250g;£1.35;£5.40/kg;Carrots, Root Veg & Sprouts;null;1.6;10.8;9.8;6.0;0.5;9.7;null;
4419168;ASDA Parsnips 500g;£0.85;£1.70/kg;Carrots, Root Veg & Sprouts;123;1.6;10.8;9.8;6.0;0.5;9.7;null;
4142918;ASDA Fine Beans and Chantenay Carrots 175g;£1.00;£5.71/kg;Carrots, Root Veg & Sprouts;null;1.3;4.0;3.5;0.5;0.1;3.0;null;
3708613;ASDA Carrot & Sprouts 300g;£1.00;£3.33/kg;Carrots, Root Veg & Sprouts;null;1.6;4.2;3.8;0.8;0.2;3.0;0.1;
4082169;ASDA Mini Carrots 400g;£1.00;£2.50/kg;Carrots, Root Veg & Sprouts;null;0.6;4.9;4.6;0.4;0.1;2.5;0.1;
2957098;ASDA Trimmed Sprouts 250g;£1.00;£4.00/kg;Carrots, Root Veg & Sprouts;null;2.9;3.5;3.0;1.3;0.3;2.6;null;
1538677;ASDA Swede 500g;£0.50;£1.00/kg;Carrots, Root Veg & Sprouts;null;0.6;2.4;2.1;0.4;null;4.0;null;
2137785;ASDA Bunched Beetroot 500g;£1.65;£3.30/kg;Carrots, Root Veg & Sprouts;null;2.3;9.5;8.8;0.1;null;1.9;null;
2509289;ASDA Fennel;£1.00;£1.00/each;Carrots, Root Veg & Sprouts;null;null;null;null;null;null;null;null;
2720399;ASDA Smartprice British Carrots;£1.00;£0.50/kg;Carrots, Root Veg & Sprouts;31;0.6;4.9;4.6;0.4;0.1;2.5;0.3;
150944;ASDA Loose Carrots;£0.75;£0.75/kg;Carrots, Root Veg & Sprouts;null;null;null;null;null;null;null;null;
431545;ASDA Loose Parsnips;£1.29;£1.29/kg;Carrots, Root Veg & Sprouts;null;null;null;null;null;null;null;null;
2286069;ASDA Loose Casava;£1.47;£1.47/kg;Carrots, Root Veg & Sprouts;null;null;null;null;null;null;null;null;
2071301;ASDA Celeriac;£1.30;£1.30/kg;Carrots, Root Veg & Sprouts;null;null;null;null;null;null;null;null;
2944143;ASDA Swede Portion;£1.00;£1.00/kg;Carrots, Root Veg & Sprouts;null;0.3;2.3;2.2;0.1;null;0.7;null;
2094455;ASDA Turnips;£1.48;£1.48/kg;Carrots, Root Veg & Sprouts;null;null;null;null;null;null;null;null;
942228;ASDA Loose Swede;£0.97;£0.97/kg;Carrots, Root Veg & Sprouts;null;null;null;null;null;null;null;null;
428940;ASDA Loose Sprouts;£1.88;£1.88/kg;Carrots, Root Veg & Sprouts;null;null;null;null;null;null;null;null;
4036238;ASDA Onions;£0.83;£0.20/each;Onions & Leeks;null;2.3;14.1;10.0;11.2;1.4;3.1;null;
4334784;ASDA Red Onions;£1.00;£0.25/each;Onions & Leeks;null;2.3;14.1;10.0;11.2;1.4;3.1;null;
3391240;ASDA Chopped Onion 225g;£0.50;£2.22/kg;Onions & Leeks;null;2.3;14.1;10.0;11.2;1.4;3.1;null;
2704023;ASDA Shallots 450g;£1.47;£0.32/100g;Onions & Leeks;null;2.3;14.1;10.0;11.2;1.4;3.1;null;
2037704;ASDA Extra Special Echalion Shallots 400g;£1.32;£3.30/kg;Onions & Leeks;41;1.2;8.0;6.0;0.2;null;1.4;null;
4298409;ASDA Baby Onions 750g;£1.00;£1.33/kg;Onions & Leeks;null;1.2;7.9;5.6;0.2;null;1.4;null;
3587512;ASDA Sliced Red Onions 225g;£0.50;£2.22/kg;Onions & Leeks;null;2.3;14.1;10.0;11.2;1.4;3.1;null;
797489;ASDA Organic Leeks 400g;£1.97;£4.92/kg;Onions & Leeks;null;null;null;null;null;null;null;null;
1920076;ASDA Organic Onions;£0.97;£0.32/each;Onions & Leeks;null;null;null;null;null;null;null;null;
921209;ASDA Organic Onions 500g;£0.90;£1.80/kg;Onions & Leeks;null;null;null;null;null;null;null;null;
3816896;ASDA Peeled Onions 750g;£1.20;£1.60/kg;Onions & Leeks;null;2.3;14.1;10.0;11.2;1.4;3.1;null;
2110666;ASDA Onions;£0.68;£0.68/kg;Onions & Leeks;null;2.3;14.1;10.0;11.2;1.4;3.1;null;
3071286;ASDA Pink Curry Onions;£1.76;£1.17/kg;Onions & Leeks;null;null;null;null;null;null;null;null;
3637446;ASDA Onions;£1.67;£0.41/kg;Onions & Leeks;null;null;null;null;null;null;null;null;
2993385;ASDA Onions;£2.00;£0.40/kg;Onions & Leeks;null;null;null;null;null;null;null;null;
2704021;ASDA Red Onions;£1.00;£1.00/kg;Onions & Leeks;null;2.3;14.1;10.0;11.2;1.4;3.1;null;
1557947;ASDA Baby Leeks;£1.35;£1.35/each;Onions & Leeks;null;1.2;2.6;2.0;0.7;0.1;1.7;null;
800998;ASDA Trimmed Leeks 500g;£0.68;£1.36/kg;Onions & Leeks;22;1.2;2.6;2.0;0.7;0.1;1.7;null;
1983117;ASDA Sliced Cabbage and Leek 240g;£1.00;£4.17/kg;Onions & Leeks;null;1.1;2.4;2.0;0.5;0.1;1.7;null;
3391242;ASDA Sliced Leeks 250g;£1.00;£4.00/kg;Onions & Leeks;null;1.3;2.5;2.0;0.7;0.1;1.0;null;
150466;ASDA Onions;£0.74;£0.74/kg;Onions & Leeks;null;null;null;null;null;null;null;null;
153983;ASDA Loose Leeks;£1.74;£1.74/kg;Onions & Leeks;null;null;null;null;null;null;null;null;
914061;ASDA Loose Red Onions;£0.75;£0.75/kg;Onions & Leeks;null;null;null;null;null;null;null;null;
2110663;ASDA Smartprice Onions;£1.07;£0.53/kg;Onions & Leeks;166;2.3;14.1;10.0;11.2;1.4;3.1;null;
4444033;ASDA Babycorn 130g;£1.00;£7.69/kg;Peas, Beans & Sweetcorn;24;2.5;2.7;1.9;0.4;null;2.0;null;
4431131;ASDA Sweetcorn Cobettes;£1.48;£0.37/each;Peas, Beans & Sweetcorn;null;3.4;17.0;2.0;2.3;0.2;1.5;null;
3253169;ASDA Sweetcorn;£1.48;£0.74/each;Peas, Beans & Sweetcorn;null;2.5;12.0;null;1.4;0.2;1.3;null;
3276457;ASDA Sliced Beans 200g;£1.00;£5.00/kg;Peas, Beans & Sweetcorn;null;null;null;null;null;null;null;null;
2137772;ASDA Stringless Beans 200g;£1.00;£5.00/kg;Peas, Beans & Sweetcorn;null;1.6;3.2;2.8;0.4;0.1;3.4;null;
3602502;ASDA Runner Beans 190g;£1.00;£5.26/kg;Peas, Beans & Sweetcorn;19;1.2;2.3;2;0.5;0.1;1.9;null;
3602498;ASDA Sugarsnap Peas 155g;£1.00;£6.45/kg;Peas, Beans & Sweetcorn;null;3.1;4.4;3.2;0.3;null;1.3;null;
3949659;ASDA Extra Special Tenderstem Broccoli & Extra Fine Beans 120g;£1.35;£11.25/kg;Peas, Beans & Sweetcorn;null;1.7;4.7;2.1;0.1;null;4.1;null;
3712604;ASDA Extra Special Extra Fine Beans 250g;£2.00;£8.00/kg;Peas, Beans & Sweetcorn;null;1.7;4.7;2.1;0.1;null;4.1;null;
4142918;ASDA Fine Beans and Chantenay Carrots 175g;£1.00;£5.71/kg;Peas, Beans & Sweetcorn;null;1.3;4.0;3.5;0.5;0.1;3.0;null;
3730898;ASDA Traditional Cut Beans 160g;£1.00;£6.25/kg;Peas, Beans & Sweetcorn;null;null;null;null;null;null;null;null;
3811739;ASDA Trimmed Fine Beans 90g;£0.50;£5.56/kg;Peas, Beans & Sweetcorn;null;1.9;3.1;2.3;0.5;0.1;3.4;null;
3602496;ASDA Trimmed Fine Beans 205g;£1.00;£4.88/kg;Peas, Beans & Sweetcorn;null;1.9;3.1;2.3;0.5;0.1;3.4;null;
3602500;ASDA Mangetout 155g;£1.00;£6.45/kg;Peas, Beans & Sweetcorn;58;3;2.8;2.6;3.8;0.3;1.9;null;
3949438;ASDA Mangetout & Sugarsnap Peas;£1.00;£6.67/kg;Peas, Beans & Sweetcorn;null;3.2;5.9;3.7;0.2;null;2.4;null;
3811737;ASDA Green Beans 100g;£0.50;£5.00/kg;Peas, Beans & Sweetcorn;null;1.7;4.7;null;0.1;null;null;null;
3811957;ASDA Green Beans 400g;£1.65;£4.12/kg;Peas, Beans & Sweetcorn;27;1.7;4.7;2.1;0.1;null;4.1;null;
4444037;ASDA Green Beans 225g;£1.00;£4.44/kg;Peas, Beans & Sweetcorn;null;1.7;4.7;2.1;0.1;null;4.1;null;
871619;ASDA Hand Shelled Peas 150g;£1.00;£6.67/kg;Peas, Beans & Sweetcorn;null;null;null;null;null;null;null;null;
3986619;ASDA Babycorn & Sugarsnap Medley 375g;£1.50;£4.00/kg;Peas, Beans & Sweetcorn;null;1.9;3.0;2.7;0.6;0.1;2.8;0.1;
152400;ASDA White Mushrooms 250g;£0.77;£3.08/kg;Mushrooms;null;null;null;null;null;null;null;null;
4110717;ASDA White Mushrooms 400g;£1.00;£2.50/kg;Mushrooms;null;2.4;0.3;0.1;16.2;10.7;1.5;null;
212514;ASDA Chestnut Mushrooms 250g;£0.99;£3.96/kg;Mushrooms;125;1.9;0.2;0.1;12.9;8.5;1.2;null;
1058456;ASDA Baby Button Mushrooms 150g;£0.65;£4.33/kg;Mushrooms;null;null;null;null;null;null;null;null;
367440;ASDA Jumbo Mushrooms 250g;£0.98;£3.92/kg;Mushrooms;125;1.9;0.2;0.1;12.9;8.5;1.2;null;
4251208;ASDA Extra Special Stuffed Portobello Mushrooms with Stilton & Leek 200g;£2.00;£10.00/kg;Mushrooms;null;9.2;5.5;1.3;9.5;6.2;1.0;0.6;
3899062;ASDA Stuffed Mushrooms with Garlic & Cream Cheese 200g;£2.00;£10.00/kg;Mushrooms;null;6.2;10.8;1.8;11.9;7.7;1.2;0.7;
4251204;ASDA Cheddar & Bacon Stuffed Mushrooms 200g;£2.00;£10.00/kg;Mushrooms;null;7.3;6.4;1.7;6.5;3.8;1.2;0.5;
4708263;ASDA British Oyster Mushrooms 145g;£1.70;£11.72/kg;Mushrooms;null;2.6;2.6;2.6;0.7;0.1;4.6;0.01;
4693026;ASDA Baby Chestnut Mushrooms 150g;£1.00;£6.67/kg;Mushrooms;null;2.4;0.3;0.1;16.2;10.7;1.5;null;
4689935;ASDA Unwashed Sliced Mushrooms 250g;£1.00;£4.00/kg;Mushrooms;null;1.8;0.4;0.2;0.5;0.1;1.1;null;
4708261;ASDA Extra Special Shitake Mushrooms 115g;£1.70;£14.78/kg;Mushrooms;null;5.5;3.4;3.4;0.5;0.1;4.9;0.01;
2037943;Livesey Brothers Enoki Mushrooms 150g;£1.70;£11.33/kg;Mushrooms;48;2.6;8.7;null;0.3;null;null;null;
4666054;ASDA Chesnut Mushrooms 450g;£1.70;£3.78/kg;Mushrooms;null;1.8;0.4;0.2;0.5;0.1;1.1;null;
4148889;ASDA Extra Special Baby Portabello Mushrooms 300g;£1.27;£4.23/kg;Mushrooms;null;1.0;0.3;0.3;0.2;null;0.7;null;
2027632;ASDA Organic Chestnut Mushrooms 250g;£1.20;£4.80/kg;Mushrooms;null;null;null;null;null;null;null;null;
2215415;ASDA Extra Special Mixed Exotic Mushrooms 150g;£1.70;£11.33/kg;Mushrooms;null;3.2;3.7;2.0;0.7;0.1;4.0;0.01;
1530549;ASDA Extra Special Mushrooms Portabello 150g;£1.00;£6.67/kg;Mushrooms;null;1.0;0.3;0.3;0.2;null;0.7;null;
4230534;ASDA Organic White Mushrooms 300g;£1.00;£3.33/kg;Mushrooms;null;null;null;null;null;null;null;null;
152848;ASDA Loose Mushrooms;£2.68;£2.68/kg;Mushrooms;null;null;null;null;null;null;null;null;
4487350;ASDA Smartprice Mushrooms 650g;£1.57;£2.42/kg;Mushrooms;null;1.8;0.4;0.2;0.5;0.1;1.1;null;
3911597;ASDA Garlic;£0.84;£0.21/each;Garlic, Chillies & Ginger;null;null;null;null;null;null;null;null;
153165;ASDA Loose Garlic;£0.25;£0.25/each;Garlic, Chillies & Ginger;null;null;null;null;null;null;null;null;
864843;ASDA Organic Garlic;£0.81;£0.27/each;Garlic, Chillies & Ginger;null;null;null;null;null;null;null;null;
4351115;ASDA Garlic Grappe;£2.00;£0.40/each;Garlic, Chillies & Ginger;null;7.9;16.3;1.6;0.6;0.1;4.1;null;
3789236;ASDA Ginger 125g;£1.00;£0.80/100g;Garlic, Chillies & Ginger;null;1.8;17.7;1.7;0.8;0.3;2.0;null;
562313;ASDA Loose Ginger;£2.68;£2.68/kg;Garlic, Chillies & Ginger;null;null;null;null;null;null;null;null;
4928238;ASDA Mixed Chillies 60g;£0.50;£8.33/kg;Garlic, Chillies & Ginger;null;2.4;2.4;2.4;0.5;null;1.5;null;
4928242;ASDA Red Chillies 60g;£0.44;£7.33/kg;Garlic, Chillies & Ginger;null;1.8;4.0;4.0;0.3;20;1.5;null;
2534952;ASDA Scotch Bonnet 50g;£0.97;£19.40/kg;Garlic, Chillies & Ginger;null;null;null;null;null;null;null;null;
923301;ASDA Thin Chillies;£4.10;£4.10/kg;Garlic, Chillies & Ginger;null;null;null;null;null;null;null;null;
1208242;ASDA Thin Chillies 50g;£0.60;£12.00/kg;Garlic, Chillies & Ginger;null;2.5;0.7;0.7;0.6;null;2.5;null;
3898949;ASDA Mixed Hot Chilli Selection 30g;£0.80;£26.67/kg;Garlic, Chillies & Ginger;null;null;null;null;null;null;null;null;
478250;ASDA Bird Eye Chillies 20g;£0.88;£44.00/kg;Garlic, Chillies & Ginger;null;1.8;4;4;0.3;null;1.5;null;
517747;ASDA Thai Selection 100g;£1.03;£1.03/100g;Garlic, Chillies & Ginger;47;2.4;8.5;1.3;0.4;0.1;1.1;null;
164633;ASDA Butternut Squash;£0.97;£0.97/kg;Courgettes & Squash;null;0.9;7.4;3.9;0.1;null;1.4;null;
1703798;ASDA Courgettes;£1.49;£0.49/each;Courgettes & Squash;null;2.0;2.0;1.9;0.4;0.1;1.2;null;
150567;ASDA Loose Courgettes;£1.99;£1.99/kg;Courgettes & Squash;null;null;null;null;null;null;null;null;
4614935;ASDA Butternut Squash and Sweet Potato 375g;£1.50;£4.00/kg;Courgettes & Squash;null;1.2;15.9;8.4;3.2;0.3;2.2;0.1;
4538439;ASDA Butternut Squash & Sweet Potato 400g;£1.50;£3.75/kg;Courgettes & Squash;null;1.0;7.9;3.7;0.2;0.1;2.1;null;
3712608;ASDA Extra Special Asparagus Tips 125g;£2.00;£16.00/kg;Asparagus & Aubergines;null;3.4;1.4;1.4;0.8;0.1;1.4;null;
3573155;ASDA Asparagus 150g;£1.00;£6.67/kg;Asparagus & Aubergines;null;3.4;1.4;1.4;0.8;0.1;1.4;null;
510540;ASDA Asparagus 250g;£1.65;£6.60/kg;Asparagus & Aubergines;null;3.4;1.4;1.4;0.8;0.1;1.4;null;
457113;ASDA Loose Aubergines;£0.75;£0.75/each;Asparagus & Aubergines;null;null;null;null;null;null;null;null;
3829183;ASDA Extra Special Baby Pak Choi 120g;£1.50;£12.50/kg;Exotic Vegetables;null;null;null;null;null;null;null;null;
801037;ASDA Pak Choi 200g;£1.00;£5.00/kg;Exotic Vegetables;9;1.3;0.6;0.6;0.2;null;0.8;null;
2372869;ASDA Choi Sum 200g;£1.46;£1.46/each;Exotic Vegetables;null;null;null;null;null;null;null;null;
2088089;ASDA Loose Chayote;£2.10;£2.10/kg;Exotic Vegetables;null;null;null;null;null;null;null;null;
923367;ASDA Loose Mooli;£1.29;£1.29/kg;Exotic Vegetables;null;null;null;null;null;null;null;null;
923375;ASDA Loose Eddoes;£2.44;£2.44/kg;Exotic Vegetables;null;null;null;null;null;null;null;null;
923726;ASDA Loose Dudhi;£3.40;£3.40/kg;Exotic Vegetables;null;null;null;null;null;null;null;null;
2093207;ASDA Loose Okra;£4.97;£4.97/kg;Exotic Vegetables;null;null;null;null;null;null;null;null;
4912249;ASDA Good & Balanced Bolognese Mix 400g;£1.50;£3.75/kg;Prepared Vegetables;null;1.4;6.6;5.3;1.1;0.1;2.4;0.2;
4912235;ASDA Good & Balanced Carrot & Coriander Soup Mix 500g;£1.00;£0.20/100g;Prepared Vegetables;null;1.0;7.0;4.8;0.2;null;2.5;0.1;
4912239;ASDA Good & Balanced Chilli Bean Soup Mix 375g;£1.00;£0.26/100g;Prepared Vegetables;null;2.6;11.4;3.1;0.6;0.1;3.3;0.1;
4912247;ASDA Good & Balanced Chilli Con Carne 400g;£1.50;£3.75/kg;Prepared Vegetables;null;3.3;13.1;4.5;1.1;0.2;3.8;0.1;
4912233;ASDA Good & Balanced Leek & Potato Soup Mix 500g;£1.00;£0.20/100g;Prepared Vegetables;null;1.7;10.5;2.2;0.3;null;1.7;null;
4912241;ASDA Good & Balanced Vegetable & Lentil Soup Mix 375g;£1.00;£0.26/100g;Prepared Vegetables;null;5.5;17.8;3.9;0.6;0.1;3.0;0.1;
4912237;ASDA Good & Balanced Vegetable Soup Mix 500g;£1.00;£0.20/100g;Prepared Vegetables;null;1.0;7.9;5.2;0.3;null;2.4;null;
4912245;ASDA Good & Balanced Vegetable Curry Mix 400g;£1.50;£3.75/kg;Prepared Vegetables;null;2.3;9.2;3.0;0.7;0.2;2.7;null;
4912243;ASDA Good & Balanced Spicy Fajita Mix 400g;£1.50;£3.75/kg;Prepared Vegetables;null;2.0;7.9;6.1;2.5;0.2;2.4;0.1;
4251208;ASDA Extra Special Stuffed Portobello Mushrooms with Stilton & Leek 200g;£2.00;£10.00/kg;Prepared Vegetables;null;9.2;5.5;1.3;9.5;6.2;1.0;0.6;
4251204;ASDA Cheddar & Bacon Stuffed Mushrooms 200g;£2.00;£10.00/kg;Prepared Vegetables;null;7.3;6.4;1.7;6.5;3.8;1.2;0.5;
4833707;ASDA Cheesy Rice Stuffed Peppers 250g;£2.00;£8.00/kg;Prepared Vegetables;null;2.3;13.3;3.7;3.0;0.9;1.6;0.4;
3899062;ASDA Stuffed Mushrooms with Garlic & Cream Cheese 200g;£2.00;£10.00/kg;Prepared Vegetables;null;6.2;10.8;1.8;11.9;7.7;1.2;0.7;
4444243;ASDA Extra Special Sweet Potato Mash 400g;£2.00;£5.00/kg;Prepared Vegetables;null;1.2;9.2;4.7;4.6;3.0;3.1;0.6;
1782355;ASDA Extra Special Creamy Mash 400g;£1.35;£3.38/kg;Prepared Vegetables;null;1.3;11;1.3;2.6;1.8;2.0;0.63;
875615;ASDA Mashed Potato 400g;£1.00;£2.50/kg;Prepared Vegetables;null;1.6;10.0;1.2;1.8;1.3;2.5;0.5;
1199895;ASDA Root Veg Mash 400g;£1.00;£2.50/kg;Prepared Vegetables;null;0.9;7.2;1.4;2.2;1.4;2.7;0.5;
4674531;ASDA Extra Special Stuffed Romano Pepper with Spinach & Sundried Tomato 250g;£2.50;£10.00/kg;Prepared Vegetables;null;3.4;10.8;4.0;3.3;1.7;2.2;0.3;
1668640;ASDA Crispy Potato Slices 300g;£1.50;£5.00/kg;Prepared Vegetables;null;3.2;30.5;0.7;11.4;0.8;1.1;0.5;
4276969;ASDA Peeled Maris Piper Potatoes 800g;£1.00;£1.25/kg;Prepared Vegetables;null;1.8;17.0;0.7;0.1;null;1.2;null;
607958;ASDA Herby Baby Potatoes with Butter 360g;£0.99;£2.75/kg;Prepared Vegetables;null;1.7;14.5;3.8;1.2;0.5;2.4;0.1;
2136958;ASDA Mini Jackets 460g;£1.75;£3.80/kg;Prepared Vegetables;null;2.0;17.6;2.2;4.7;2.8;2.3;0.1;
4263740;ASDA Chorizo Potatoes 400g;£1.75;£4.38/kg;Prepared Vegetables;null;2.8;13.5;2.9;6.4;1.4;2.4;0.4;
4664193;ASDA Simply Roast Herby Tomato Vegetables 400g;£1.50;£3.75/kg;Prepared Vegetables;null;1.5;5.2;4.9;1.4;0.2;1.7;null;
4425884;ASDA Roast Potatoes 500g;£1.50;£3.00/kg;Prepared Vegetables;null;2.3;15.1;0.1;4.4;1.3;3.3;0.1;
4827330;ASDA Broccoli & Sprouts 475g;£1.50;£3.16/kg;Prepared Vegetables;null;2.7;4.2;3.6;0.2;0.1;2.3;0.1;
2876562;ASDA Mediterranean Vegetables 465g;£1.50;£3.23/kg;Prepared Vegetables;null;1.2;3.6;3.1;0.2;null;1.4;null;
4425882;ASDA Root Vegetable Medley 450g;£1.50;£3.33/kg;Prepared Vegetables;null;1.2;10.1;6.9;4.4;0.4;2.1;0.1;
3287757;ASDA Sweet and Herby Vegetables 350g;£1.50;£4.29/kg;Prepared Vegetables;null;1.5;9.3;7.0;3.2;0.2;2.9;null;
4827332;ASDA Smoky Paprika Potato Slices 500g;£1.50;£3.00/kg;Prepared Vegetables;null;2.2;15.5;1.5;5.1;1.0;3.7;0.6;
4614935;ASDA Butternut Squash and Sweet Potato 375g;£1.50;£4.00/kg;Prepared Vegetables;null;1.2;15.9;8.4;3.2;0.3;2.2;0.1;
4304660;ASDA Large Vegetable Medley 500g;£1.50;£3.00/kg;Prepared Vegetables;null;1.8;2.9;2.7;0.6;0.2;2.9;null;
3986619;ASDA Babycorn & Sugarsnap Medley 375g;£1.50;£4.00/kg;Prepared Vegetables;null;1.9;3.0;2.7;0.6;0.1;2.8;0.1;
4304662;ASDA Sliced Carrot & Broccoli 500g;£1.50;£3.00/kg;Prepared Vegetables;null;1.6;3.0;2.8;0.6;0.1;3.0;null;
3986615;ASDA Cauliflower & Broccoli 375g;£1.50;£0.40/100g;Prepared Vegetables;null;3.0;1.7;1.4;0.9;0.2;2.8;null;
4538439;ASDA Butternut Squash & Sweet Potato 400g;£1.50;£3.75/kg;Prepared Vegetables;null;1.0;7.9;3.7;0.2;0.1;2.1;null;
3986617;ASDA Sweet & Crunchy Vegetables 300g;£1.50;£5.00/kg;Prepared Vegetables;null;2.8;4.1;3.5;1.5;0.2;3.6;null;
4082169;ASDA Mini Carrots 400g;£1.00;£2.50/kg;Prepared Vegetables;null;0.6;4.9;4.6;0.4;0.1;2.5;0.1;
1198988;ASDA Casserole Vegetables 600g;£1.00;£0.16/100g;Prepared Vegetables;null;1.3;7.9;3.6;0.4;null;2.2;null;
4304658;ASDA Carrot Cauliflower and Broccoli Vegetable Medley 300g;£1.00;£3.33/kg;Prepared Vegetables;null;1.6;2.8;2.0;0.5;0.1;3.1;null;
3730898;ASDA Traditional Cut Beans 160g;£1.00;£6.25/kg;Prepared Vegetables;null;null;null;null;null;null;null;null;
4082171;ASDA Spring Greens 250g;£1.00;£4.00/kg;Prepared Vegetables;null;1.9;1.6;1.4;0.7;0.1;2.3;null;
1983117;ASDA Sliced Cabbage and Leek 240g;£1.00;£4.17/kg;Prepared Vegetables;null;1.1;2.4;2.0;0.5;0.1;1.7;null;
4257607;ASDA Cabbage Medley 250g;£1.00;£4.00/kg;Prepared Vegetables;null;2.1;4.0;2.5;0.2;0.1;2.9;0.1;
3218005;ASDA Carrot Batons & Peas 400g;£1.00;£2.50/kg;Prepared Vegetables;null;2.9;5.7;3.0;0.8;0.2;4.0;null;
871619;ASDA Hand Shelled Peas 150g;£1.00;£6.67/kg;Prepared Vegetables;null;null;null;null;null;null;null;null;
4243383;ASDA Carrot Broccoli & Sweetcorn 300g;£1.00;£3.33/kg;Prepared Vegetables;null;2.1;5.5;2.7;0.9;0.2;3.0;null;
3708613;ASDA Carrot & Sprouts 300g;£1.00;£3.33/kg;Prepared Vegetables;null;1.6;4.2;3.8;0.8;0.2;3.0;0.1;
3276457;ASDA Sliced Beans 200g;£1.00;£5.00/kg;Prepared Vegetables;null;null;null;null;null;null;null;null;
3391242;ASDA Sliced Leeks 250g;£1.00;£4.00/kg;Prepared Vegetables;null;1.3;2.5;2.0;0.7;0.1;1.0;null;
4803161;ASDA Red & Green Kale 170g;£1.00;£0.58/100g;Prepared Vegetables;null;3.5;3.2;1.4;0.4;0.1;5.6;0.1;
2957098;ASDA Trimmed Sprouts 250g;£1.00;£4.00/kg;Prepared Vegetables;null;2.9;3.5;3.0;1.3;0.3;2.6;null;
1587499;ASDA Carrot Batons 600g;£1.00;£1.67/kg;Prepared Vegetables;null;0.6;4.9;4.6;0.4;0.1;2.5;0.1;
923516;ASDA Diced Carrots & Swede 500g;£0.50;£1.00/kg;Prepared Vegetables;null;0.8;10.0;8.7;0.4;0.2;3.2;0.1;
1538677;ASDA Swede 500g;£0.50;£1.00/kg;Prepared Vegetables;null;0.6;2.4;2.1;0.4;null;4.0;null;
3587512;ASDA Sliced Red Onions 225g;£0.50;£2.22/kg;Prepared Vegetables;null;2.3;14.1;10.0;11.2;1.4;3.1;null;
2560282;ASDA Carrot Batons 300g;£0.54;£1.80/kg;Prepared Vegetables;null;0.6;4.9;4.6;0.4;0.1;2.5;0.1;
3391240;ASDA Chopped Onion 225g;£0.50;£2.22/kg;Prepared Vegetables;null;2.3;14.1;10.0;11.2;1.4;3.1;null;
4740790;ASDA Simply Snack Carrot 80g;£0.50;£6.25/kg;Prepared Vegetables;null;0.6;7.9;7.4;0.3;0.1;2.4;null;
879796;ASDA White Potatoes;£1.69;£0.67/kg;White Potatoes;null;1.8;17.0;0.7;0.1;null;1.2;null;
3051760;ASDA Extra Special Buttery Marabel Potatoes;£2.00;£1.00/kg;White Potatoes;74;1.8;17.0;0.7;0.1;null;1.2;null;
2327809;ASDA Extra Special Creamy Marilyn Potatoes 750g;£1.15;£1.53/kg;White Potatoes;null;1.4;15.4;1.0;0.3;0.1;1.9;null;
3446477;National Trust Potatoes;£2.00;£1.00/kg;White Potatoes;74;1.6;17.5;0.8;0.1;null;1.8;null;
919257;ASDA Organic Potatoes;£1.50;£1.00/kg;White Potatoes;null;1.8;16.0;0.7;0.1;null;1.2;null;
884176;ASDA Maris Piper Potatoes;£1.98;£0.79/kg;White Potatoes;null;3.7;29.9;1.1;5.9;0.7;2.5;null;
3243768;ASDA Charlotte Potatoes;£1.00;£1.00/kg;White Potatoes;null;1.4;15.4;1.0;0.3;null;1.5;null;
879820;ASDA King Edward Potatoes;£1.98;£0.79/kg;White Potatoes;null;2.9;25.9;0.6;4.5;0.4;1.8;null;
4276969;ASDA Peeled Maris Piper Potatoes 800g;£1.00;£1.25/kg;White Potatoes;null;1.8;17.0;0.7;0.1;null;1.2;null;
1668640;ASDA Crispy Potato Slices 300g;£1.50;£5.00/kg;White Potatoes;null;3.2;30.5;0.7;11.4;0.8;1.1;0.5;
4827332;ASDA Smoky Paprika Potato Slices 500g;£1.50;£3.00/kg;White Potatoes;null;2.2;15.5;1.5;5.1;1.0;3.7;0.6;
4425884;ASDA Roast Potatoes 500g;£1.50;£3.00/kg;White Potatoes;null;2.3;15.1;0.1;4.4;1.3;3.3;0.1;
4263740;ASDA Chorizo Potatoes 400g;£1.75;£4.38/kg;White Potatoes;null;2.8;13.5;2.9;6.4;1.4;2.4;0.4;
875615;ASDA Mashed Potato 400g;£1.00;£2.50/kg;White Potatoes;null;1.6;10.0;1.2;1.8;1.3;2.5;0.5;
2774344;ASDA Smartprice British Small Potatoes;£0.69;£0.69/kg;White Potatoes;72;1.8;17.0;0.7;0.1;null;1.2;null;
3387331;ASDA Extra Special Baking Marabel Potatoes;£1.25;£0.31/each;Jacket Potatoes;152;4.0;32.0;1.2;0.2;null;3.0;null;
817936;ASDA Baking Potatoes;£0.83;£0.20/each;Jacket Potatoes;null;3.9;31.7;1.2;0.2;null;2.7;null;
3493445;ASDA Jumbo Baking Potatoes;£1.25;£0.62/each;Jacket Potatoes;null;3.9;31.7;1.2;0.2;null;2.7;null;
1843017;ASDA Baking Potatoes;£1.98;£0.79/kg;Jacket Potatoes;null;3.9;31.7;1.2;0.2;null;2.7;null;
907015;ASDA Loose White Baking Potatoes;£1.00;£1.00/kg;Jacket Potatoes;null;null;null;null;null;null;null;null;
2721713;Inspire Premium Baking Potatoes;£1.50;£0.75/kg;Jacket Potatoes;null;3.9;31.7;1.2;0.2;null;2.7;null;
2136958;ASDA Mini Jackets 460g;£1.75;£3.80/kg;Jacket Potatoes;null;2.0;17.6;2.2;4.7;2.8;2.3;0.1;
3450573;ASDA Extra Special Roasting Rudolph Potatoes;£2.00;£1.00/kg;Red Potatoes;null;2.9;25.9;0.6;4.5;0.4;1.8;null;
1494211;ASDA Red Potatoes;£1.98;£0.79/kg;Red Potatoes;null;1.8;17.0;0.7;0.1;null;1.2;null;
1704964;ASDA Organic Red Potatoes;£1.50;£1.00/kg;Red Potatoes;76;1.8;16.0;0.7;0.1;null;1.2;null;
1751711;Albert Bartlett Rooster Potatoes;£2.00;£1.00/kg;Red Potatoes;null;1.8;17.5;0.8;0.1;0;1.6;0;
2924125;ASDA Baby Pearl Potatoes 750g;£1.12;£1.49/kg;Salad & Baby Potatoes;null;1.4;15.4;1.0;0.3;0.1;1.5;null;
910265;ASDA British Baby Potatoes;£0.78;£0.78/kg;Salad & Baby Potatoes;null;1.4;15.4;1.0;0.3;0.1;1.9;null;
2178201;ASDA Organic Baby Potatoes 750g;£1.35;£1.80/kg;Salad & Baby Potatoes;null;1.8;16.0;0.7;0.1;null;1.2;null;
928780;ASDA Loose New Potatoes;£1.98;£1.98/kg;Salad & Baby Potatoes;null;null;null;null;null;null;null;null;
4896265;ASDA British Salad Potatoes;£1.38;£0.92/kg;Salad & Baby Potatoes;73;1.4;15.4;1.0;0.3;0.1;1.5;null;
607958;ASDA Herby Baby Potatoes with Butter 360g;£0.99;£2.75/kg;Salad & Baby Potatoes;null;1.7;14.5;3.8;1.2;0.5;2.4;0.1;
990886;ASDA Loose Sweet Potatoes;£1.15;£1.15/kg;Sweet Potatoes;null;null;null;null;null;null;null;null;
2286061;ASDA Loose Sweet Potatoes;£1.62;£1.62/kg;Sweet Potatoes;null;null;null;null;null;null;null;null;
3012572;ASDA Sweet Potatoes 500g;£0.90;£0.18/100g;Sweet Potatoes;null;1.2;21.3;5.7;0.3;0.1;2.4;null;
2076628;ASDA Sweet Potatoes;£0.64;£0.64/kg;Sweet Potatoes;null;1.6;27.9;14.5;0.4;0.1;3.3;null;
4444243;ASDA Extra Special Sweet Potato Mash 400g;£2.00;£5.00/kg;Sweet Potatoes;null;1.2;9.2;4.7;4.6;3.0;3.1;0.6;
4614935;ASDA Butternut Squash and Sweet Potato 375g;£1.50;£4.00/kg;Sweet Potatoes;null;1.2;15.9;8.4;3.2;0.3;2.2;0.1;
4690450;ASDA Cherry on the Vine Tomatoes 225g;£1.17;£5.20/kg;Tomatoes;null;0.7;3.1;3.1;0.3;null;1.0;null;
3589082;ASDA Extra Special Baby Plum Tomatoes 220g;£1.75;£7.95/kg;Tomatoes;null;0.7;3.1;3.1;0.3;0.1;1.3;null;
4501826;ASDA Extra Special Cherry Tomatoes 220g;£1.75;£7.95/kg;Tomatoes;null;0.7;3.1;3.1;0.3;0.1;1.3;null;
1675740;ASDA Extra Special Sweet Aromatico Tomatoes 220g;£1.75;£7.95/kg;Tomatoes;null;0.7;3.1;3.1;0.3;0.1;1.3;null;
3679330;ASDA Extra Special Tomkin Tomatoes 220g;£1.75;£7.95/kg;Tomatoes;null;0.8;3.0;3.0;0.4;0.1;1.0;null;
806942;ASDA Extra Special Vine Ripened Tomatoes;£2.00;£0.50/each;Tomatoes;null;0.7;3.1;3.1;0.3;null;1.0;null;
2892087;ASDA Extra Special Sunbeam Tomatoes 108g;£1.75;£9.72/kg;Tomatoes;null;0.7;3.1;3.1;0.3;null;1.0;null;
4352643;ASDA Cherry on the Vine Tomatoes 420g;£3.00;£7.14/kg;Tomatoes;null;0.8;3.0;3.0;0.4;0.1;1.0;null;
3702912;ASDA Vine Ripened Tomatoes 500g;£1.50;£3.00/kg;Tomatoes;null;0.7;3.1;3.1;0.3;null;1.0;null;
1991714;ASDA Baby Plum Tomatoes 250g;£1.00;£4.00/kg;Tomatoes;null;0.7;3.1;3.1;0.3;null;1.0;null;
154282;ASDA Salad Tomatoes;£0.69;£0.11/each;Tomatoes;18;0.7;3.1;3.1;0.3;null;1.0;null;
1871344;ASDA Beef Tomato;£0.80;£0.80/each;Tomatoes;null;null;null;null;null;null;null;null;
154285;ASDA Salad Tomatoes 750g;£1.50;£2.00/kg;Tomatoes;null;0.7;3.1;3.1;0.4;0.1;1.0;null;
150171;ASDA Loose Vine Tomatoes;£1.99;£1.99/kg;Tomatoes;null;null;null;null;null;null;null;null;
4690448;ASDA Sweet Vine Tomatoes 220g;£1.25;£5.68/kg;Tomatoes;null;0.7;3.1;3.1;0.3;0.1;1.3;null;
4990482;ASDA Cherry Tomatoes 365g;£0.84;£2.30/kg;Tomatoes;null;0.7;3.1;3.1;0.3;0.1;1.0;null;
3897335;ASDA Extra Special Sweet Divine Tomatoes 300g;£1.75;£5.83/kg;Tomatoes;null;0.8;3.0;3.0;0.4;0.1;1.0;null;
847022;ASDA Mixed Peppers;£0.99;£0.33/each;Salad Vegetables;null;1.0;6.4;6.1;0.4;0.1;1.6;null;
152446;ASDA Cucumber;£0.49;£0.49/each;Salad Vegetables;null;null;null;null;null;null;null;null;
410006;ASDA Iceberg Lettuce;£0.49;£0.49/each;Salad Vegetables;null;0.7;1.9;1.9;0.3;null;0.6;null;
926186;ASDA Organic Peppers;£1.75;£0.87/each;Salad Vegetables;null;null;null;null;null;null;null;null;
800939;ASDA Extra Special Sweet Pointed Peppers;£1.28;£0.64/each;Salad Vegetables;null;1.0;6.4;6.1;0.4;0.1;1.6;null;
1857059;ASDA Loose Red Pepper;£0.67;£0.67/each;Salad Vegetables;null;null;null;null;null;null;null;null;
1857068;ASDA Loose Orange Pepper;£0.67;£0.67/each;Salad Vegetables;null;null;null;null;null;null;null;null;
1857071;ASDA Loose Yellow Pepper;£0.67;£0.67/each;Salad Vegetables;null;null;null;null;null;null;null;null;
1857067;ASDA Loose Pepper Green;£0.67;£0.67/each;Salad Vegetables;null;null;null;null;null;null;null;null;
4166418;ASDA Triple Red Peppers;£1.20;£0.40/each;Salad Vegetables;null;null;null;null;null;null;null;null;
4081166;ASDA Extra Special Seedless Baby Peppers 120g;£1.28;£10.67/kg;Salad Vegetables;null;1.0;6.4;6.1;0.4;0.1;1.6;null;
3894058;ASDA Shredded Iceberg Twin Pack 220g;£1.00;£4.55/kg;Salad Vegetables;14;0.7;1.8;1.8;0.3;null;0.6;null;
2786933;ASDA Iceberg Lettuce 260g;£1.00;£3.85/kg;Salad Vegetables;14;0.7;1.8;1.8;0.3;null;0.6;null;
800975;ASDA Chinese Leaf;£1.20;£1.20/each;Salad Vegetables;null;1.0;2.0;2.0;0.2;0.1;1.3;null;
800935;ASDA Round Lettuce;£0.49;£0.49/each;Salad Vegetables;null;0.9;1.2;1.0;0.6;null;1.2;null;
3611775;ASDA Baby Gem Lettuce Hearts;£1.28;£0.32/each;Salad Vegetables;16;0.8;1.7;1.7;0.5;0.1;0.9;null;
858793;ASDA Little Gem Lettuce;£0.74;£0.37/each;Salad Vegetables;null;null;null;null;null;null;null;null;
926302;ASDA Organic Lettuce;£1.50;£1.50/each;Salad Vegetables;null;null;null;null;null;null;null;null;
1662164;ASDA Unwashed Baby Spinach 180g;£1.00;£5.56/kg;Salad Vegetables;25;2.8;1.6;1.5;0.8;0.1;2.1;0.4;
2281359;ASDA Unwashed Spinach 350g;£1.50;£4.29/kg;Salad Vegetables;23;2.2;0.8;0.8;0.8;0.1;2.1;0.3;
2359865;ASDA Organic Unwashed Spinach 200g;£1.47;£7.35/kg;Salad Vegetables;24;2.3;0.8;0.8;0.8;0.1;2.1;null;
2463245;ASDA Lettuce Trio Leaf;£1.28;£1.28/each;Salad Vegetables;null;0.8;1.7;1.7;0.5;0.1;0.9;null;
150425;ASDA Cucumber Portion;£0.35;£0.35/each;Salad Vegetables;null;0.7;1.5;1.4;0.1;null;0.6;null;
926079;ASDA Organic Cucumber;£0.97;£0.97/each;Salad Vegetables;null;null;null;null;null;null;null;null;
4030686;ASDA Ripen at Home Avocado;£1.00;£1.00/each;Salad Vegetables;null;null;null;null;null;null;null;null;
4030684;ASDA Nearly Ripe Avocado;£1.00;£1.00/each;Salad Vegetables;null;null;null;null;null;null;null;null;
4030682;ASDA Ripe & Ready Avocado;£1.00;£1.00/each;Salad Vegetables;null;null;null;null;null;null;null;null;
849246;ASDA Ripe Avocados;£1.75;£0.87/each;Salad Vegetables;191;1.9;1.9;0.5;19.5;4.1;3.4;null;
4121547;ASDA Sweet Baby Cucumbers;£1.25;£0.20/each;Salad Vegetables;null;0.7;1.5;1.4;0.1;null;0.6;null;
1787074;ASDA Spring Onions;£0.49;£0.49/each;Salad Vegetables;null;null;null;null;null;null;null;null;
410212;ASDA Trimmed Spring Onions 125g;£1.00;£8.00/kg;Salad Vegetables;null;2.0;3.0;2.8;0.5;0.1;1.5;null;
1675738;ASDA Jumbo Spring Onions;£1.00;£1.00/each;Salad Vegetables;null;null;null;null;null;null;null;null;
2153427;ASDA Organic Salad Onions;£0.95;£0.95/each;Salad Vegetables;null;null;null;null;null;null;null;null;
3592820;ASDA Pickled Cooked Beetroot 300g;£0.95;£3.17/kg;Salad Vegetables;null;1.2;5.6;5.6;0.2;null;1.7;null;
2165443;ASDA Long Life Cooked Beetroot 300g;£0.90;£3.00/kg;Salad Vegetables;null;1.7;7.2;6.7;0.1;null;2.8;null;
4197275;The Lincolnshire Beetroot Co. Chilli Diced Beetroot 175g;£1.00;£5.71/kg;Salad Vegetables;65;1.4;12.9;12.9;0.2;null;2.4;0.3;
4705731;The Lincolnshire Beetroot Co. Just Beetroot Wedges 350g;£1.00;£2.86/kg;Salad Vegetables;null;1.3;9.7;7.7;0.2;0.1;1.3;0.05;
1921729;ASDA Celery Sticks;£1.10;£1.10/each;Salad Vegetables;7;0.5;0.9;0.9;0.2;null;1.1;null;
154227;ASDA Celery Hearts;£1.29;£0.64/each;Salad Vegetables;null;null;null;null;null;null;null;null;
150431;ASDA Celery;£0.79;£0.79/each;Salad Vegetables;null;null;null;null;null;null;null;null;
2755827;ASDA Radish 200g;£0.44;£2.20/kg;Salad Vegetables;null;0.7;1.9;1.9;0.2;0.1;0.9;null;
4159090;ASDA Mixed Radishes 150g;£0.50;£3.33/kg;Salad Vegetables;null;0.7;1.9;1.9;0.2;0.1;0.9;null;
4020687;And Sow On Micro Leaves Purple Radish;£0.50;£0.50/each;Salad Vegetables;null;null;null;null;null;null;null;null;
883299;ASDA Hearts Of Romaine Lettuce;£1.24;£0.62/each;Salad Vegetables;null;null;null;null;null;null;null;null;
150482;ASDA British Salad Cress;£0.24;£0.24/each;Salad Vegetables;null;1.6;0.4;0.4;0.6;null;1.1;null;
3361828;ASDA Living Salad;£1.00;£1.00/each;Salad Vegetables;null;0.7;1.9;1.9;0.3;null;0.6;null;
1949573;ASDA Smartprice Peppers 700g;£1.17;£1.67/kg;Salad Vegetables;null;1.0;6.4;6.4;0.4;null;1.8;null;
4919087;ASDA Good & Balanced Spiced Chicken & Wholewheat Pasta Salad 300g;£2.00;£0.66/100g;Prepared Salads;null;4.7;12.2;2.6;3.4;0.4;1.7;0.4;
4919083;ASDA Good & Balanced Sweet Chilli Chicken Noodle Salad 215g;£2.00;£0.93/100g;Prepared Salads;null;6.4;12.1;5.6;0.3;0.1;1.3;0.4;
4919079;ASDA Good & Balanced Baby Potato & Free Range Egg Salad 305g;£2.00;£0.65/100g;Prepared Salads;null;2.8;5.0;2.3;1.8;0.5;1.3;0.2;
4919089;ASDA Good & Balanced Ham & Free Range Egg Salad 265g;£2.00;£0.75/100g;Prepared Salads;56;5.3;2.8;2.6;2.4;0.6;0.9;0.4;
4919085;ASDA Good & Balanced Spiced Chicken & Mango Salad 225g;£2.00;£0.88/100g;Prepared Salads;null;7.2;6.3;4.5;1.9;0.4;0.8;0.4;
4885126;ASDA Good & Balanced Piri Piri Chicken & Rice Salad 275g;£2.00;£0.72/100g;Prepared Salads;null;7.2;10.3;3.3;1.3;0.2;1.2;0.4;
4826057;Florette Classic Salad Bowl 160g;£1.00;£0.62/100g;Prepared Salads;null;null;null;null;null;null;null;null;
4803689;ASDA Beetroot & Tomato Side Salad 150g;£1.00;£0.66/100g;Prepared Salads;null;1.1;2.0;0.6;0.5;0.1;2.2;null;
4812252;ASDA Sweet & Crunchy Green Salad 135g;£1.00;£0.74/100g;Prepared Salads;14;0.6;1.8;1.2;0.2;0.2;1.2;0.1;
4812260;ASDA Mild Lambs Lettuce 70g;£1.00;£1.43/100g;Prepared Salads;21;1.6;2.3;0.3;0.2;0.2;1.9;null;
4909981;ASDA Fine Cut Salad 230g;£1.00;£0.43/100g;Prepared Salads;24;1.0;3.9;2.8;0.1;0.1;1.8;0.1;
4678897;ASDA Crispy Salad 200g;£1.00;£0.50/100g;Prepared Salads;null;1.0;3.2;2.7;0.2;0.1;2.2;0.1;
2033172;Florette Classic Crispy 200g;£1.75;£0.87/100g;Prepared Salads;null;1.5;1.2;0.3;0.3;0.1;2.5;0.1;
3378874;Florette Four Leaf Salad 100g;£1.00;£1.00/100g;Prepared Salads;null;1.6;2.0;0.2;0.3;0.1;2.1;null;
1204333;Florette Mixed Salad Leaves 200g;£1.45;£0.72/100g;Prepared Salads;null;1.2;1.9;0.9;0.2;0.1;1.7;0.1;
3594710;Florette Lambs Lettuce & Ruby Chard 70g;£1.00;£1.43/100g;Prepared Salads;null;null;null;null;null;null;null;null;
2632900;Florette Sweet & Crunchy Salad 250g;£1.25;£0.50/100g;Prepared Salads;null;1.1;3.1;2.5;0.2;0.1;1.9;0.1;
3938352;Florette Sweet Crispy 200g;£1.75;£0.87/100g;Prepared Salads;null;1.3;1.6;1.0;0.2;0.1;1.7;0.1;
4826059;Florette Sweet & Crunchy Salad 110g;£1.00;£0.90/100g;Prepared Salads;null;1.1;3.1;2.2;0.2;0.1;2.0;0.1;
2786933;ASDA Iceberg Lettuce 260g;£1.00;£3.85/kg;Prepared Salads;14;0.7;1.8;1.8;0.3;null;0.6;null;
3894058;ASDA Shredded Iceberg Twin Pack 220g;£1.00;£4.55/kg;Prepared Salads;14;0.7;1.8;1.8;0.3;null;0.6;null;
4280637;ASDA Herb Salad 100g;£1.00;£1.00/100g;Prepared Salads;29;1.7;2.5;1.1;1.0;0.6;1.5;0.1;
4661231;ASDA Bistro Salad 140g;£1.00;£7.14/kg;Prepared Salads;24;1.7;2.8;2.3;0.2;0.1;2.0;0.2;
3894056;ASDA Crispy Leaf Salad 200g;£1.00;£5.00/kg;Prepared Salads;16;0.8;1.6;1.6;0.5;0.1;0.9;null;
1936791;ASDA Mild Baby Spinach 160g;£1.00;£6.25/kg;Prepared Salads;30;2.8;1.5;1.5;0.8;0.1;2.7;0.3;
1792222;ASDA Watercress 85g;£1.00;£1.18/100g;Prepared Salads;26;3.0;0.4;0.4;1.0;0.3;1.5;null;
2786949;ASDA Wild Rocket 70g;£1.00;£1.43/100g;Prepared Salads;20;2.5;1.0;0.4;0.3;0.1;1.5;null;
1792212;ASDA Baby Leaf Salad 90g;£1.00;£11.11/kg;Prepared Salads;15;2.1;0.2;null;0.3;null;1.7;null;
2672509;ASDA Tender Leaf Salad 110g;£1.00;£9.09/kg;Prepared Salads;18;1.4;1.2;1.0;0.4;0.1;2.0;null;
3593094;ASDA Chicken & Bacon Pasta Salad 375g;£2.00;£5.33/kg;Prepared Salads;null;6.0;12.4;2.3;6.4;1.0;1.6;0.5;
4281955;ASDA Chicken & Bacon Salad 180g;£1.25;£0.69/100g;Prepared Salads;null;6.1;15.3;1.9;6.3;0.9;1.0;0.6;
4290050;ASDA Prawn Cocktail Pasta 380g;£2.00;£5.26/kg;Prepared Salads;null;4.7;13.7;2.4;2.8;0.3;0.9;0.6;
4290054;ASDA Cheese Salad 380g;£2.00;£5.26/kg;Prepared Salads;null;5.9;14.3;2.1;9.1;3.4;2.1;0.5;
4290052;ASDA Tuna Pasta Salad 380g;£2.00;£0.52/100g;Prepared Salads;null;6.4;13.0;2.1;3.9;0.4;1.3;0.3;
4290034;ASDA Prawn Cocktail 180g;£1.25;£0.69/100g;Prepared Salads;null;4.7;13.7;2.4;2.8;0.3;0.9;0.6;
4276973;ASDA Bistro Salad 300g;£1.75;£5.83/kg;Prepared Salads;24;1.7;2.8;2.3;0.2;0.1;2.0;0.2;
2787555;ASDA Spinach & Rocket Salad 120g;£1.50;£1.25/100g;Prepared Salads;25;2.2;1.2;1.2;0.8;0.2;1.9;0.3;
1656148;ASDA Organic Spinach & Rocket Salad 80g;£1.24;£1.55/100g;Prepared Salads;23;2.9;0.6;0.6;0.5;0.2;2.2;null;
2961736;ASDA Sweet and Crunchy Salad Bowl 330g;£1.50;£0.45/100g;Prepared Salads;null;1.1;5.0;2.8;0.4;0.2;2.1;0.1;
2786947;ASDA American Ranch Style Salad Kit 300g;£1.00;£3.33/kg;Prepared Salads;112;1.4;6.1;2.9;8.6;1.5;2.1;0.4;
3593086;ASDA Sweet Leaf & Carrot Salad 215g;£0.80;£3.72/kg;Prepared Salads;24;0.9;3.6;3.4;0.3;null;1.4;0.1;
3894064;ASDA Italian Style Salad 158g;£1.50;£0.94/100g;Prepared Salads;19;1.8;1.4;1.1;0.4;0.2;1.5;0.1;
3894068;ASDA Butterhead & Baby Leaf Salad 85g;£1.00;£1.18/100g;Prepared Salads;16;1.7;1.0;0.2;0.3;0.2;1.3;0.1;
2786951;ASDA Caesar Salad 215g;£1.50;£6.98/kg;Prepared Salads;183;3.3;9.2;1.7;14.4;2.9;1.7;0.6;
824333;ASDA Mediterranean Side Salad 135g;£1.00;£7.41/kg;Prepared Salads;null;1.3;3.5;3.5;0.3;0.1;1.9;null;
859318;ASDA Side Salads Garden Side 175g;£1.00;£7.41/kg;Prepared Salads;null;0.9;2.8;2.8;0.3;0.1;1.5;0.1;
2786945;ASDA Sweet Leaf & Carrot Salad 370g;£1.00;£2.70/kg;Prepared Salads;24;0.9;3.6;3.4;0.3;null;1.4;0.1;
1542785;ASDA Smartprice Crunchy Salad 180g;£0.44;£0.24/100g;Prepared Salads;null;null;null;null;null;null;null;null;
4805251;Florette Italian Cheese & Sundried Tomato Croutons 75g;£1.00;£13.33/kg;Salad Dressings & Croutons;null;12.7;62.9;4.8;13.4;1.6;5.6;1.26;
3997828;The Crouton Co. Cracked Black Pepper & Sea Salt 40g;£0.60;£1.50/100g;Salad Dressings & Croutons;null;12.0;67.9;3.7;12.9;1.0;4.3;0.8;
3997826;The Crouton Co. Garlic & Herb 40g;£0.60;£1.50/100g;Salad Dressings & Croutons;null;11.8;67.5;3.4;12.9;0.9;4.6;1.15;
3876882;ASDA Balsamic Dressing;£1.00;£0.57/100ml;Salad Dressings & Croutons;null;0.3;13.7;13.7;26.3;1.9;0.5;0.9;
3587528;ASDA Caesar Dressing;£1.00;£0.57/100ml;Salad Dressings & Croutons;null;1.9;4.8;0.4;29.5;3.3;0.5;1.6;
4132071;ASDA French Dressing;£1.00;£0.57/100ml;Salad Dressings & Croutons;null;0.5;9.9;6.2;2.5;0.2;0.5;1.2;
3587526;ASDA Garlic & Herb Dressing;£1.00;£0.57/100ml;Salad Dressings & Croutons;null;1.1;5.5;3.1;28.4;2.9;0.5;1.1;
3876884;ASDA Honey & Mustard Dressing;£1.00;£0.57/100ml;Salad Dressings & Croutons;null;1.0;11.2;8.9;19.1;1.5;0.8;0.8;
4803693;ASDA Spicy Piri Piri Dressing;£1.00;£0.57/100ml;Salad Dressings & Croutons;null;1.0;4.7;4.1;32.7;2.5;0.6;1.7;
3993302;ASDA Basil 31g;£0.70;£0.22/10g;Herbs;null;null;null;null;null;null;null;null;
2746555;ASDA Bunched Basil 100g;£1.17;£0.11/10g;Herbs;null;null;null;null;null;null;null;null;
3518242;ASDA Growing Basil;£1.50;£1.50/each;Herbs;null;null;null;null;null;null;null;null;
4298413;ASDA Thai Basil 31g;£0.70;£0.22/10g;Herbs;null;null;null;null;null;null;null;null;
822575;ASDA British Growing Basil;£0.98;£0.98/each;Herbs;null;null;null;null;null;null;null;null;
3993386;ASDA Chives 31g;£0.70;£0.22/10g;Herbs;null;null;null;null;null;null;null;null;
3993384;ASDA Coriander 31g;£0.70;£0.22/10g;Herbs;null;null;null;null;null;null;null;null;
913076;ASDA Coriander Bunch 80g;£0.95;£0.11/10g;Herbs;null;null;null;null;null;null;null;null;
923653;ASDA Coriander;£0.87;£0.87/each;Herbs;null;null;null;null;null;null;null;null;
381145;ASDA British Growing Coriander;£0.98;£0.98/each;Herbs;null;null;null;null;null;null;null;null;
3518246;ASDA Growing Coriander;£1.50;£1.50/each;Herbs;null;null;null;null;null;null;null;null;
381144;ASDA Growing Chives;£1.00;£1.00/each;Herbs;null;null;null;null;null;null;null;null;
3993286;ASDA Dill 31g;£0.70;£0.22/10g;Herbs;null;null;null;null;null;null;null;null;
3600971;ASDA Dill;£1.00;£1.00/each;Herbs;null;null;null;null;null;null;null;null;
2948209;ASDA Bunched Dill;£0.97;£0.97/each;Herbs;null;null;null;null;null;null;null;null;
4020691;And Sow On Micro Leaves Garlic Chives;£0.50;£0.50/each;Herbs;null;null;null;null;null;null;null;null;
831065;ASDA Lemongrass 20g;£0.67;£3.35/100g;Herbs;null;1.8;25.0;4.0;0.5;0.1;1.5;null;
3993290;ASDA Lemon Thyme 31g;£0.70;£0.22/10g;Herbs;null;null;null;null;null;null;null;null;
2093189;ASDA Bunched Methi;£0.97;£0.97/each;Herbs;null;null;null;null;null;null;null;null;
3993292;ASDA Mint 31g;£0.70;£0.22/10g;Herbs;null;null;null;null;null;null;null;null;
381142;ASDA British Growing Garden Mint;£1.00;£1.00/each;Herbs;null;null;null;null;null;null;null;null;
2093185;ASDA Bunched Mint;£0.87;£0.87/each;Herbs;null;null;null;null;null;null;null;null;
3993288;ASDA Flat Leaf Parsley 31g;£0.70;£0.22/10g;Herbs;null;null;null;null;null;null;null;null;
381146;ASDA Growing Parsley;£1.00;£1.00/each;Herbs;null;null;null;null;null;null;null;null;
2143930;ASDA Bunched Parsley;£0.87;£0.87/each;Herbs;null;null;null;null;null;null;null;null;
3518244;ASDA Large Growing Flat Parsley;£1.50;£1.50/each;Herbs;null;null;null;null;null;null;null;null;
2746616;ASDA Bunched Curly Parsley 100g;£1.17;£0.11/10g;Herbs;null;null;null;null;null;null;null;null;
1957190;ASDA Curly Parsley 35g;£0.70;£0.20/10g;Herbs;null;null;null;null;null;null;null;null;
2037939;ASDA Growing Flat Leaf Parsley;£1.00;£1.00/each;Herbs;null;null;null;null;null;null;null;null;
3993294;ASDA Rosemary 31g;£0.70;£0.22/10g;Herbs;null;null;null;null;null;null;null;null;
4312177;ASDA Growing Rosemary;£1.50;£1.50/each;Herbs;null;null;null;null;null;null;null;null;
3993296;ASDA Sage 31g;£0.70;£0.22/10g;Herbs;null;null;null;null;null;null;null;null;
3270982;ASDA Extra Special Samphire 90g;£1.32;£0.14/10g;Herbs;null;null;null;null;null;null;null;null;
3993298;ASDA Tarragon 31g;£0.70;£0.22/10g;Herbs;null;null;null;null;null;null;null;null;
3435524;ASDA Thyme;£1.00;£1.00/each;Herbs;null;null;null;null;null;null;null;null;
3993300;ASDA Thyme 31g;£0.70;£0.22/10g;Herbs;null;null;null;null;null;null;null;null;
4634385;ASDA Bunched Spinach 150g;£1.00;£6.67/kg;Herbs;null;null;null;null;null;null;null;null;
3117815;ASDA Rainbow Vegetable Stir-Fry 450g;£1.25;£2.78/kg;Stir Fry Vegetables;53;1.8;4.6;4.0;2.2;0.2;3.8;0.1;
3905885;ASDA Sugarsnap Pea & Butternut Squash Stir Fry 300g;£1.25;£0.41/100g;Stir Fry Vegetables;null;2.0;4.8;2.6;1.1;0.1;2.6;null;
4678901;ASDA Mixed Pepper Stir-Fry 320g;£1.25;£3.91/kg;Stir Fry Vegetables;null;1.8;4.7;4.0;0.9;0.1;2.4;null;
4661229;ASDA Beansprouts 360g;£0.50;£1.39/kg;Stir Fry Vegetables;37;2.9;4.0;2.2;0.7;0.1;1.5;0.1;
4803695;ASDA Vegetable Family Stir Fry 650g;£1.50;£2.31/kg;Stir Fry Vegetables;44;1.7;5.0;3.5;1.3;0.2;2.7;0.2;
4110717;ASDA White Mushrooms 400g;£1.00;£2.50/kg;Stir Fry Vegetables;null;2.4;0.3;0.1;16.2;10.7;1.5;null;
4946405;ASDA Butternut Squash & Broccoli Stir Fry 350g;£1.25;£3.57/kg;Stir Fry Vegetables;37;1.8;4.1;3.3;0.8;0.1;2.9;0.1;
4710232;ASDA Mixed Hot Chilli Selection 400g;£2.00;£5.00/kg;Stir Fry Vegetables;null;null;null;null;null;null;null;null;
4946483;ASDA Mushroom Stir Fry 385g;£1.25;£3.25/kg;Stir Fry Vegetables;35;2.6;2.6;1.3;1.0;0.1;2.4;0.1;
4946486;ASDA Red Chilli Stir Fry 280g;£1.25;£4.46/kg;Stir Fry Vegetables;null;1.6;3.5;3.3;1.2;0.1;2.8;0.1;
517747;ASDA Thai Selection 100g;£1.03;£1.03/100g;Stir Fry Vegetables;47;2.4;8.5;1.3;0.4;0.1;1.1;null;
4946344;ASDA Water Chesnut & Bamboo Shoot Stir Fry 320g;£1.25;£3.91/kg;Stir Fry Vegetables;null;1.6;3.9;2.2;1.0;0.1;2.4;0.1;
3602500;ASDA Mangetout 155g;£1.00;£6.45/kg;Stir Fry Vegetables;58;3;2.8;2.6;3.8;0.3;1.9;null;
3949438;ASDA Mangetout & Sugarsnap Peas;£1.00;£6.67/kg;Stir Fry Vegetables;null;3.2;5.9;3.7;0.2;null;2.4;null;
4687114;ASDA Egg Noodles 410g;£1.25;£3.05/kg;Noodles & Sauces;167;5.1;27.0;0.4;3.9;0.4;1.8;0.1;
4678899;ASDA Spicy Rice Noodles 300g;£1.25;£4.17/kg;Noodles & Sauces;195;3.5;32.7;2.0;4.9;0.5;3.2;0.5;
4947841;ASDA Rice Noodles 325g;£1.25;£3.85/kg;Noodles & Sauces;136;2.6;25.9;0.4;2.2;0.2;1.3;0.1;
3905901;ASDA Black Bean Stir-Fry Sauce 230g;£1.20;£0.52/100g;Noodles & Sauces;null;3.1;13.7;8.9;6.4;0.5;0.5;1.9;
3905907;ASDA Sweet Chilli Stir-Fry Sauce 230g;£1.20;£0.52/100g;Noodles & Sauces;null;0.6;30.8;25.8;0.2;0.1;1.7;0.3;
3905903;ASDA Sweet & Sour Stir-Fry Sauce 230g;£1.20;£0.52/100g;Noodles & Sauces;null;0.7;37.8;32.0;2.7;0.2;0.5;0.3;
3905905;ASDA Soy & Garlic Stir-Fry Sauce 230g;£1.20;£0.52/100g;Noodles & Sauces;null;1.7;14.1;10.5;3.7;0.5;0.5;1.7;
3905899;ASDA Red Thai Stir-Fry Sauce 230g;£1.20;£0.52/100g;Noodles & Sauces;null;1.6;13.1;8.0;9.9;4.8;0.5;1.4;
3894042;ASDA Spicy Cantonese Style Stir Fry Sauce 230g;£1.20;£0.52/100g;Noodles & Sauces;null;1.6;22.2;19.0;2.0;0.3;0.5;1.4;
3905909;ASDA Spicy Szechuan Stir-Fry Sauce 230g;£1.20;£0.52/100g;Noodles & Sauces;null;1.2;20.2;15.0;4.3;0.3;0.5;1.4;
3905913;ASDA Hoisin Stir-Fry Sauce 230g;£1.20;£0.52/100g;Noodles & Sauces;null;1.7;31.6;26.6;0.9;0.1;0.7;1.6;
3993302;ASDA Basil 31g;£0.70;£0.22/10g;Herbs;null;null;null;null;null;null;null;null;
2746555;ASDA Bunched Basil 100g;£1.17;£0.11/10g;Herbs;null;null;null;null;null;null;null;null;
3518242;ASDA Growing Basil;£1.50;£1.50/each;Herbs;null;null;null;null;null;null;null;null;
4298413;ASDA Thai Basil 31g;£0.70;£0.22/10g;Herbs;null;null;null;null;null;null;null;null;
822575;ASDA British Growing Basil;£0.98;£0.98/each;Herbs;null;null;null;null;null;null;null;null;
3993386;ASDA Chives 31g;£0.70;£0.22/10g;Herbs;null;null;null;null;null;null;null;null;
3993384;ASDA Coriander 31g;£0.70;£0.22/10g;Herbs;null;null;null;null;null;null;null;null;
913076;ASDA Coriander Bunch 80g;£0.95;£0.11/10g;Herbs;null;null;null;null;null;null;null;null;
923653;ASDA Coriander;£0.87;£0.87/each;Herbs;null;null;null;null;null;null;null;null;
381145;ASDA British Growing Coriander;£0.98;£0.98/each;Herbs;null;null;null;null;null;null;null;null;
3518246;ASDA Growing Coriander;£1.50;£1.50/each;Herbs;null;null;null;null;null;null;null;null;
381144;ASDA Growing Chives;£1.00;£1.00/each;Herbs;null;null;null;null;null;null;null;null;
3993286;ASDA Dill 31g;£0.70;£0.22/10g;Herbs;null;null;null;null;null;null;null;null;
3600971;ASDA Dill;£1.00;£1.00/each;Herbs;null;null;null;null;null;null;null;null;
2948209;ASDA Bunched Dill;£0.97;£0.97/each;Herbs;null;null;null;null;null;null;null;null;
4020691;And Sow On Micro Leaves Garlic Chives;£0.50;£0.50/each;Herbs;null;null;null;null;null;null;null;null;
831065;ASDA Lemongrass 20g;£0.67;£3.35/100g;Herbs;null;1.8;25.0;4.0;0.5;0.1;1.5;null;
3993290;ASDA Lemon Thyme 31g;£0.70;£0.22/10g;Herbs;null;null;null;null;null;null;null;null;
2093189;ASDA Bunched Methi;£0.97;£0.97/each;Herbs;null;null;null;null;null;null;null;null;
3993292;ASDA Mint 31g;£0.70;£0.22/10g;Herbs;null;null;null;null;null;null;null;null;
381142;ASDA British Growing Garden Mint;£1.00;£1.00/each;Herbs;null;null;null;null;null;null;null;null;
2093185;ASDA Bunched Mint;£0.87;£0.87/each;Herbs;null;null;null;null;null;null;null;null;
3993288;ASDA Flat Leaf Parsley 31g;£0.70;£0.22/10g;Herbs;null;null;null;null;null;null;null;null;
381146;ASDA Growing Parsley;£1.00;£1.00/each;Herbs;null;null;null;null;null;null;null;null;
2143930;ASDA Bunched Parsley;£0.87;£0.87/each;Herbs;null;null;null;null;null;null;null;null;
3518244;ASDA Large Growing Flat Parsley;£1.50;£1.50/each;Herbs;null;null;null;null;null;null;null;null;
2746616;ASDA Bunched Curly Parsley 100g;£1.17;£0.11/10g;Herbs;null;null;null;null;null;null;null;null;
1957190;ASDA Curly Parsley 35g;£0.70;£0.20/10g;Herbs;null;null;null;null;null;null;null;null;
2037939;ASDA Growing Flat Leaf Parsley;£1.00;£1.00/each;Herbs;null;null;null;null;null;null;null;null;
3993294;ASDA Rosemary 31g;£0.70;£0.22/10g;Herbs;null;null;null;null;null;null;null;null;
4312177;ASDA Growing Rosemary;£1.50;£1.50/each;Herbs;null;null;null;null;null;null;null;null;
3993296;ASDA Sage 31g;£0.70;£0.22/10g;Herbs;null;null;null;null;null;null;null;null;
3270982;ASDA Extra Special Samphire 90g;£1.32;£0.14/10g;Herbs;null;null;null;null;null;null;null;null;
3993298;ASDA Tarragon 31g;£0.70;£0.22/10g;Herbs;null;null;null;null;null;null;null;null;
3435524;ASDA Thyme;£1.00;£1.00/each;Herbs;null;null;null;null;null;null;null;null;
3993300;ASDA Thyme 31g;£0.70;£0.22/10g;Herbs;null;null;null;null;null;null;null;null;
4634385;ASDA Bunched Spinach 150g;£1.00;£6.67/kg;Herbs;null;null;null;null;null;null;null;null;
4683012;NAKD Cocoa Delight Fruit & Nut Bits 130g;£2.00;£1.54/100g;Nuts;386;9.4;49.4;45.3;15.1;3.1;6.8;null;
4683010;NAKD Cocoa Orange Fruit & Nut Bits;£1.00;£0.76/100g;Nuts;145;4;16;14;7;1;2;null;
4683008;NAKD Berry Delight Fruit & Nut Bits 130g;£2.00;£1.54/100g;Nuts;385;8.6;52.0;47.4;14.8;2.9;6.4;null;
2379741;ASDA Pine Nuts 100g;£2.50;£25.00/kg;Nuts;null;14.0;4.0;3.9;68.6;4.6;1.9;null;
2379747;ASDA Pumpkin Seeds Wholefoods 100g;£0.87;£0.87/100g;Seeds;null;28.8;13.8;1.1;45.6;7.0;8.6;0.1;
2379755;ASDA Seed Mix Wholefoods 100g;£0.70;£0.70/100g;Seeds;null;25.7;11.4;1.0;42.7;5.0;15.8;0.1;
2379759;ASDA Sunflower Seeds Wholefoods;£0.50;£5.00/kg;Seeds;null;23.4;16.9;1.7;47.5;4.5;6.0;0.1;
3286773;ASDA Wholefoods Triple Berry & Seed Mix 150g;£1.50;£1.00/100g;Seeds;null;16.2;36.7;26.5;31.0;3.5;6.5;0.2;
4918343;ASDA Good & Balanced Dried Figs 250g;£1.50;£6.00/kg;Dried Fruit;269;2.8;52.0;35.3;2.8;0.5;12.4;null;
3286773;ASDA Wholefoods Triple Berry & Seed Mix 150g;£1.50;£1.00/100g;Dried Fruit;null;16.2;36.7;26.5;31.0;3.5;6.5;0.2;
4739532;NAKD 4 Yummy Mix Fruit and Nut Wholefood Bars;£2.50;£0.62/each;Dried Fruit;385;9;52;47;15;3;6;null;
4754844;Bear 5 Apple Pure Fruit YoYos;£1.95;£19.50/kg;Dried Fruit;null;1.9;62.2;null;0.2;0;8;0;
4754842;Bear 5 Mango Pure Fruit YoYos;£1.95;£19.50/kg;Dried Fruit;null;1.9;62.2;null;0.2;0;8;0;
4754840;Bear Strawberry & Cherry Fruit Nibbles 30g;£0.75;£25.00/kg;Dried Fruit;null;2.0;67.1;58.1;0.15;0;10.3;0;
4754838;Bear Mango & Pineapple Fruit Nibbles 30g;£0.75;£25.00/kg;Dried Fruit;null;1.4;73;null;0.15;0;11;0;
4754836;Bear 9 Strawberry Pure Fruit YoYos 20g;£3.75;£20.83/kg;Dried Fruit;null;1.9;63.4;null;0.2;0;8;0;
4590573;Bear 5 Blackcurrant Pure Fruit YoYos;£1.95;£19.50/kg;Dried Fruit;null;1.9;63.4;null;0.2;0;8;0;
4683010;NAKD Cocoa Orange Fruit & Nut Bits;£1.00;£0.76/100g;Dried Fruit;145;4;16;14;7;1;2;null;
4683012;NAKD Cocoa Delight Fruit & Nut Bits 130g;£2.00;£1.54/100g;Dried Fruit;386;9.4;49.4;45.3;15.1;3.1;6.8;null;
4590571;Bear Blackcurrant Pure Fruit Yoyos 20g;£0.50;£25.00/kg;Dried Fruit;null;1.9;63.4;null;0.2;0;8;0;
4683008;NAKD Berry Delight Fruit & Nut Bits 130g;£2.00;£1.54/100g;Dried Fruit;385;8.6;52.0;47.4;14.8;2.9;6.4;null;
4428138;ASDA Chosen by Kids Raisin and Apricot Monster Chomps 40g;£0.35;£8.75/kg;Dried Fruit;null;2.0;66.4;64.3;1.1;null;5.8;null;
4428134;ASDA Chosen by Kids Mixed Raisin Monster Chomps 40g;£0.35;£8.75/kg;Dried Fruit;null;2.6;74.5;68.8;0.6;0.3;5.2;null;
2621771;ASDA Wholefoods Mango 100g;£1.65;£16.50/kg;Dried Fruit;294;2.4;68.3;42.0;0.1;null;5.3;0.3;
5025284;Urban Fruit Tremendously Tropical Mango Coconut Pineapple & Banana 100g;£2.00;£2.00/100g;Dried Fruit;null;2.4;60.1;null;8.2;3.5;6.8;null;
3234271;Urban Fruit Magnificent Mango 100g;£2.00;£20.00/kg;Dried Fruit;null;2.9;68.2;null;0.3;0.1;9.0;null;
2343325;Urban Fruit Perfect Pineapple 100g;£2.00;£20.00/kg;Dried Fruit;null;2.0;69.3;null;0.2;0.0;8.0;null;
4086436;Urban Fruit Amazing Apricot 150g;£2.00;£13.33/kg;Dried Fruit;null;4.4;43.0;null;0.3;0.1;6.6;null;
4086438;Urban Fruit Awesome Apple & Pear 100g;£2.00;£20.00/kg;Dried Fruit;null;1.9;57.3;null;0.2;0;10;null;
3646414;Urban Fruit Brilliant Banana 125g;£2.00;£16.00/kg;Dried Fruit;null;4.5;68.0;null;0.4;0.1;6.1;null;
2343321;Urban Fruit Cheeky Cherry 90g;£2.00;£22.22/kg;Dried Fruit;null;2.0;67.3;null;0.3;0.0;8.3;null;
2343323;Urban Fruit Smashing Strawberry 90g;£2.00;£22.22/kg;Dried Fruit;null;2.0;67.3;null;0.2;0.0;6.1;null;
4086434;Urban Fruit Super Blueberry & Blackcurrant 90g;£2.00;£22.22/kg;Dried Fruit;null;2.0;67.3;null;0.2;0.1;6.1;null;
2791845;ASDA Extra Special Berry Mix 190g;£1.75;£0.92/100g;Dried Fruit;null;2.4;69.7;57.9;0.9;0.3;3.2;null;
2791837;ASDA Extra Special Tropical Mix 190g;£1.75;£0.92/100g;Dried Fruit;null;2.0;66.6;53.8;4.0;3.2;9.0;null;
3253137;ASDA Wholefoods Mixed Raisins 200g;£1.50;£7.50/kg;Dried Fruit;null;2.3;78.3;70.6;0.5;0.2;2.6;null;
3253133;ASDA Wholefoods Soft Apricots 200g;£1.72;£8.60/kg;Dried Fruit;null;2.3;47.3;24.5;0.3;0.1;6.2;null;
3253135;ASDA Wholefoods Soft Prunes 200g;£1.50;£7.50/kg;Dried Fruit;161;2.5;34.0;34.0;0.4;null;5.7;null;
2621765;ASDA Wholefoods Orchard Mix 200g;£1.50;£7.50/kg;Dried Fruit;null;null;null;null;null;null;null;null;
2379677;ASDA Wholefoods Fruit & Seed Mix 100g;£0.70;£0.70/100g;Dried Fruit;null;12.6;40.2;32.7;21.7;2.5;5.4;0.1;
2836017;ASDA Wholefoods Goji Berries 100g;£1.70;£17.00/kg;Dried Fruit;null;10.3;54.1;45.5;2.0;0.4;9.9;1.1;
2379689;ASDA Chosen by Kids Raisin & Sultana Monster Chomps 40g;£0.35;£8.75/kg;Dried Fruit;null;2.5;72.0;70.3;0.7;0.1;4.1;null;
2379683;ASDA Soft Apricot Monster Chomps 40g;£0.35;£8.75/kg;Dried Fruit;null;1.3;50.6;50.2;0.7;0.3;6.5;null;
4086428;Bear Apple Pure Fruit YoYos 20g;£0.50;£25.00/kg;Dried Fruit;null;1.9;62.2;null;0.2;0;8;0;
4086430;Bear Pineapple Pure Fruit YoYos 20g;£0.50;£25.00/kg;Dried Fruit;null;1.9;62.2;null;0.2;0;8;0;
3715642;Bear Raspberry Pure Fruit YoYos 20g;£0.50;£25.00/kg;Dried Fruit;null;1.9;63.4;null;0.2;0;8;0;
4086432;Bear Mango Pure Fruit YoYos 20g;£0.50;£25.00/kg;Dried Fruit;null;1.9;62.2;null;0.2;0;8;0;
3715644;Bear Strawberry Pure Fruit YoYos 20g;£0.50;£25.00/kg;Dried Fruit;null;1.9;63.4;null;0.2;0;8;0;
3715652;Bear 5 Raspberry Pure Fruit YoYos;£1.95;£19.50/kg;Dried Fruit;null;1.9;63.4;null;0.2;0;8;0;
3715648;Bear 5 Strawberry Pure Fruit YoYos;£1.95;£19.50/kg;Dried Fruit;null;1.9;63.4;null;0.2;0;8;0;
3038041;NAKD Cherry Infused Raisins 25g;£0.35;£14.00/kg;Dried Fruit;null;null;null;null;null;null;null;null;
3714835;NAKD Crazy Cola Flavour Infused Raisins 25g;£0.35;£14.00/kg;Dried Fruit;null;2.1;69.3;null;null;null;null;null;
3038045;NAKD Orange Flavour Infused Raisins 25g;£0.35;£14.00/kg;Dried Fruit;null;1;20;null;0;null;null;null;
3038047;NAKD Pineapple Flavour Infused Raisins 25g;£0.35;£14.00/kg;Dried Fruit;272;2.1;69.3;null;null;null;null;null;
3714837;NAKD Tangy Lime Flavour Infused Raisins 25g;£0.35;£14.00/kg;Dried Fruit;null;2.1;69.3;null;null;null;null;null;
3715636;ASDA Wholefoods Blueberries 80g;£1.70;£21.25/kg;Dried Fruit;null;1.0;85.0;76.2;1.6;0.1;4.6;null;
864107;ASDA Daffodils;£1.00;£1.00/each;Flowers;null;null;null;null;null;null;null;null;
3833344;Elegance Chrysanthemums Bouquet;£3.50;£3.50/each;Flowers;null;null;null;null;null;null;null;null;
3304986;Sweetheart Roses;£2.50;£2.50/each;Flowers;null;null;null;null;null;null;null;null;
2386769;Roses and Spray Carnations;£2.25;£2.25/each;Flowers;null;null;null;null;null;null;null;null;
4119380;Pink Harmony Bouquet;£10.00;£10.00/each;Flowers;null;null;null;null;null;null;null;null;
3204391;Tickled Pink Flowers;£5.00;£5.00/each;Flowers;null;null;null;null;null;null;null;null;
3976030;Mixed Roses;£5.00;£5.00/each;Flowers;null;null;null;null;null;null;null;null;
1932855;Pink Isabella;£5.00;£5.00/each;Flowers;null;null;null;null;null;null;null;null;
3893107;Classic Roses;£4.00;£4.00/each;Flowers;null;null;null;null;null;null;null;null;
4065470;Spray Carnations;£2.00;£2.00/each;Flowers;null;null;null;null;null;null;null;null;
4203197;ASDA Pot Chrysanthemum;£2.50;£2.50/each;Plants;null;null;null;null;null;null;null;null;
4395381;ASDA Pot Rose;£2.00;£2.00/each;Plants;null;null;null;null;null;null;null;null;
4645454;Butcher's Selection Chicken Breast Fillet Portions 490g;£3.93;£8.02/kg;Chicken Breast Fillets;null;30.7;null;null;1.7;0.4;null;0.1;
4778498;Butcher's Selection Chicken Breast Fillets;£6.50;£6.50/kg;Chicken Breast Fillets;null;30.7;null;null;1.7;0.4;null;0.1;
1304845;Butcher's Selection Chicken Breast Fillets 613g;£4.29;£7.00/kg;Chicken Breast Fillets;null;30.7;null;null;1.7;0.4;null;0.1;
4185366;Butcher's Selection 2 Chicken Breast Fillets 260g;£3.00;£11.54/kg;Chicken Breast Fillets;null;30.7;null;null;1.7;0.4;null;0.1;
188946;Butcher's Selection 2 Skin On Breast Fillets 333g;£3.32;£9.97/kg;Chicken Breast Fillets;null;28.0;null;null;6.8;1.9;null;0.2;
4778504;Butcher's Selection Chicken Breast Steaks 410g;£4.00;£9.76/kg;Chicken Breast Fillets;null;30.7;null;null;1.7;0.4;null;0.1;
4018815;Butcher's Selection Chicken Breast Mini Fillets 430g;£4.00;£9.30/kg;Chicken Breast Fillets;null;30.7;null;null;1.7;0.4;null;0.1;
4793855;Butcher's Selection Mini Chicken Breast Fillets 250g;£2.50;£10.00/kg;Chicken Breast Fillets;null;30.7;null;null;1.7;0.4;null;0.1;
181279;Butcher's Selection Chicken Breast Mini Fillets 220g;£2.20;£10.00/kg;Chicken Breast Fillets;null;30.7;null;null;1.7;0.4;null;0.1;
4778502;Butcher's Selection Chicken Breast Mini Fillets 410g;£4.00;£9.76/kg;Chicken Breast Fillets;null;30.7;null;null;1.7;0.4;null;0.1;
4778500;Butcher's Selection Diced Chicken Breast 410g;£4.00;£9.76/kg;Chicken Breast Fillets;null;30.7;null;null;1.7;0.4;null;null;
4793853;Butcher's Selection Diced Chicken Breast 250g;£2.50;£10.00/kg;Chicken Breast Fillets;null;30.7;null;null;1.7;0.4;null;null;
4834645;Butcher's Selection Cajun Chicken Breast Fillet Steaks 350g;£4.00;£11.43/kg;Chicken Breast Fillets;null;27.5;2.0;1.8;2.6;0.6;1.2;0.4;
4834647;Butcher's Selection Garlic & Herb Chicken Breast Fillet Steaks 350g;£4.00;£11.43/kg;Chicken Breast Fillets;null;30.6;2.7;2.3;2.8;0.6;0.5;0.8;
3884501;ASDA Extra Special Free Range Corn Fed Skinless Chicken Breast Fillets (Typically 0.4 kg);£13.98;£13.98/kg;Chicken Breast Fillets;null;null;null;null;null;null;null;null;
4599166;Butcher's Selection 2 Part Boned Chicken Breasts;£6.60;£6.60/kg;Chicken Breast Fillets;null;null;null;null;null;null;null;null;
2364615;ASDA Extra Special Corn Fed Chicken Breast Fillets (Typically 0.4 kg);£13.98;£13.98/kg;Chicken Breast Fillets;null;25.8;null;null;4.2;1.2;null;null;
1687171;ASDA SmartPrice Chicken Breast Fillets (Typically 0.8 kg);£6.49;£6.49/kg;Chicken Breast Fillets;null;30.7;null;null;1.7;0.4;null;0.1;
4446553;Butcher's Selection Extra Tasty Whole Chicken in a Bag;£5.00;£3.12/kg;Whole Chickens;191;24.1;0.1;0.1;10.4;3.2;0.5;0.6;
4834627;Butcher's Selection Large Whole Chicken in a Bag with Bacon & Leek Stuffing 1600g;£5.00;£3.12/kg;Whole Chickens;188;23.1;0.8;0.4;10.2;2.8;0.5;0.6;
4674481;Butcher's Selection Sweet & Smoky BBQ Whole Chicken in a Bag;£5.00;£3.12/kg;Whole Chickens;178;24.0;0.8;0.8;8.6;2.1;0.5;0.6;
4446555;Butcher's Selection Garlic and Herb Whole Chicken in a Bag;£5.00;£3.12/kg;Whole Chickens;187;26.4;0.2;0.2;8.8;3.1;0.7;0.5;
4446545;Butcher's Selection Piri Piri Whole Chicken in a Bag;£5.00;£3.12/kg;Whole Chickens;183;27.6;0.1;0.1;7.9;2.1;0.5;0.4;
4446551;Butcher's Selection Sage & Onion Stuffed Whole Chicken in a Bag;£5.00;£3.12/kg;Whole Chickens;200;26.5;0.8;0.1;10.0;2.8;0.5;0.5;
4594908;Butcher's Selection Small Whole Chicken;£2.98;£2.71/kg;Whole Chickens;null;29.0;null;null;9.5;2.6;null;0.2;
4277029;Butcher's Selection Whole Chicken;£4.00;£2.96/kg;Whole Chickens;null;29.0;null;null;9.5;2.6;null;0.2;
4277031;Butcher's Selection Large Whole Chicken;£5.00;£3.12/kg;Whole Chickens;null;null;null;null;null;null;null;null;
1763885;Butcher's Selection Extra Large Chicken;£2.78;£2.78/kg;Whole Chickens;null;29.0;null;null;9.5;2.6;null;0.2;
2364593;Butcher's Selection Free Range Whole Chicken (Typically 1.2 kg);£4.98;£4.98/kg;Whole Chickens;null;null;null;null;null;null;null;null;
1657990;Butcher's Selection Organic Chicken (Typically 1.1 kg);£5.98;£5.98/kg;Whole Chickens;null;null;null;null;null;null;null;null;
2364626;ASDA Extra Special Corn Fed Whole Chicken (Typically 1.4 kg);£4.98;£4.98/kg;Whole Chickens;null;null;null;null;null;null;null;null;
4110442;Butcher's Counter Whole Chicken 850g;£2.00;£2.35/kg;Whole Chickens;null;null;null;null;null;null;null;null;
4667285;Butcher's Counter Piri Piri Spatchcock Chicken 850g;£3.30;£3.88/kg;Whole Chickens;null;null;null;null;null;null;null;null;
2667144;ASDA SmartPrice Small Whole Chicken Without Giblets (Typically 1.3 kg);£2.48;£2.48/kg;Whole Chickens;null;null;null;null;null;null;null;null;
4185362;Butcher's Selection Chicken Thighs;£4.00;£3.64/kg;Chicken Thighs & Wings;null;25.1;null;null;14.9;3.9;null;0.3;
4020703;Butcher's Selection Chicken Jumbo Thighs;£4.00;£2.67/kg;Chicken Thighs & Wings;null;25.1;null;null;14.9;3.9;null;null;
4020705;Butcher's Selection Chicken Selection Pack;£3.97;£2.21/kg;Chicken Thighs & Wings;null;31.6;null;null;11.9;2.7;null;null;
2583489;Butcher's Selection Boneless Chicken Thigh Fillets 515g;£3.58;£6.95/kg;Chicken Thighs & Wings;null;27.0;1.6;0.3;9.3;2.4;0.8;0.3;
4834635;Butcher's Selection Garlic & Herb Chicken Drumsticks & Thighs 1050g;£4.00;£3.81/kg;Chicken Thighs & Wings;null;20.6;3.9;2.6;12.6;3.4;0.5;0.5;
4819213;Butcher's Selection Chilli & Lime Jumbo Chicken Wings;£3.47;£2.89/kg;Chicken Thighs & Wings;null;23.7;2.2;1.8;12.3;3.4;0.1;0.7;
4834637;Butcher's Selection Piri Piri Chicken Drumsticks & Thighs 1050g;£4.00;£3.81/kg;Chicken Thighs & Wings;null;20.7;3.0;2.1;11.9;3.2;0.5;0.6;
4239476;Butcher's Selection Buffalo Chicken Wings 600g;£3.60;£6.00/kg;Chicken Thighs & Wings;236;17.6;4.2;1.8;16.4;6.2;0.5;0.8;
4633296;Butcher's Selection Spicy Mayo Hickory Smoked Wings 600g;£3.60;£6.00/kg;Chicken Thighs & Wings;300;18.5;2.1;1.6;24.1;3.2;0.5;0.8;
4634359;Butcher's Selection Texan BBQ Hickory Smoked Wings 600g;£3.60;£6.00/kg;Chicken Thighs & Wings;null;23.0;5.1;5.0;11.7;3.0;0.6;1.0;
1763855;Butcher's Selection Chicken Quarter (Typically 0.4 kg);£4.88;£4.88/kg;Chicken Thighs & Wings;null;25.4;null;null;7.8;1.9;null;null;
2363135;Butcher's Selection Free Range Drums & Thighs (Typically 0.6 kg);£4.98;£4.98/kg;Chicken Thighs & Wings;null;null;null;null;null;null;null;null;
4282900;ASDA Extra Special Corn Fed Chicken Thigh;£7.99;£7.99/kg;Chicken Thighs & Wings;null;null;null;null;null;null;null;null;
4667287;Butcher's Counter Chinese Thighs 140g;£0.50;£14.29/kg;Chicken Thighs & Wings;null;null;null;null;null;null;null;null;
4667291;ASDA Piri Piri Wings;£2.50;£2.50/kg;Chicken Thighs & Wings;null;null;null;null;null;null;null;null;
3255845;Butcher's Counter Chicken Wings;£2.18;£2.18/kg;Chicken Thighs & Wings;null;null;null;null;null;null;null;null;
1763863;ASDA SmartPrice Chicken Wings (Typically 1 kg);£2.38;£2.38/kg;Chicken Thighs & Wings;null;26.5;1.3;null;13.9;3.3;null;0.3;
4185360;Butcher's Selection Chicken Drumsticks;£4.00;£3.64/kg;Chicken Legs & Drumsticks;null;26.1;null;null;7.8;2.1;null;0.3;
4020701;Butcher's Selection Jumbo Chicken Drumsticks;£4.00;£2.67/kg;Chicken Legs & Drumsticks;null;26.1;null;null;7.8;2.1;null;null;
4020705;Butcher's Selection Chicken Selection Pack;£3.97;£2.21/kg;Chicken Legs & Drumsticks;null;31.6;null;null;11.9;2.7;null;null;
2497883;Butcher's Selection Chicken Legs;£3.60;£3.13/kg;Chicken Legs & Drumsticks;null;22.6;null;null;14.7;4.0;0.3;0.3;
2363191;Butcher's Selection Free Range Legs (Typically 0.5 kg);£4.88;£4.88/kg;Chicken Legs & Drumsticks;null;null;null;null;null;null;null;null;
1657972;Butcher's Selection Organic Chicken Legs (Typically 0.5 kg);£5.48;£5.48/kg;Chicken Legs & Drumsticks;null;null;null;null;null;null;null;null;
4261186;Butcher's Selection Chicken Casserole Pack;£4.00;£4.00/kg;Chicken Legs & Drumsticks;null;18.0;1.7;0.2;12.6;3.3;0.5;null;
3369534;Butcher's Selection Chicken Casserole Pack;£4.00;£3.64/kg;Chicken Legs & Drumsticks;null;14.5;5.7;0.1;10.1;2.2;null;null;
2364624;ASDA Extra Special Corn Fed Chicken Legs (Typically 0.6 kg);£4.68;£4.68/kg;Chicken Legs & Drumsticks;184;24.0;null;null;9.8;2.8;null;null;
4819211;Butcher's Selection Garlic & Herb Jumbo Chicken Drumsticks 1500g;£4.00;£2.67/kg;Chicken Legs & Drumsticks;null;20.9;4.8;1.8;7.1;1.7;0.1;0.6;
4834639;Butcher's Selection BBQ Chicken Drumsticks & Thighs 1050g;£4.00;£3.81/kg;Chicken Legs & Drumsticks;null;22.7;2.4;2.4;13.5;3.6;0.5;0.8;
4667287;Butcher's Counter Chinese Thighs 140g;£0.50;£14.29/kg;Chicken Legs & Drumsticks;null;null;null;null;null;null;null;null;
4667289;Butcher's Counter BBQ Chicken Drumsticks 140g;£0.40;£11.43/kg;Chicken Legs & Drumsticks;null;null;null;null;null;null;null;null;
2788088;ASDA SmartPrice Chicken Drumsticks and Thighs (Typically 1 kg);£2.26;£1.51/kg;Chicken Legs & Drumsticks;null;25.6;null;null;11.4;3.0;null;0.3;
1687169;ASDA SmartPrice Chicken Legs (Typically 1 kg);£2.24;£2.24/kg;Chicken Legs & Drumsticks;null;21.0;null;null;17.0;4.6;null;null;
3775774;ASDA Breaded Chicken Strips 500g;£4.00;£8.00/kg;Breaded Chicken & Turkey;null;21.2;12.2;0.5;9.2;1.1;0.5;0.5;
4992323;ASDA Chosen by You Breaded Chicken Chunks 250g;£1.98;£7.92/kg;Breaded Chicken & Turkey;null;19.2;18.3;0.9;9.1;1.0;0.5;0.4;
2703863;ASDA Breaded Chicken Steaks 750g;£4.00;£5.33/kg;Breaded Chicken & Turkey;null;14.7;14.0;0.7;14.6;2.5;0.5;0.7;
3318891;ASDA Southern Fried Chicken Steaks 700g;£4.00;£5.71/kg;Breaded Chicken & Turkey;null;16.7;12.4;0.8;10.7;1.9;0.5;0.9;
553054;ASDA Garlic Chicken Kievs 260g;£1.98;£7.62/kg;Breaded Chicken & Turkey;null;12.4;11.9;0.9;19.8;7.1;0.5;0.5;
1397148;ASDA Cheese and Ham Chicken Kievs 260g;£1.98;£7.62/kg;Breaded Chicken & Turkey;null;13.1;12.5;1.0;14.5;3.6;0.5;0.7;
4594916;ASDA Battered Chicken Nuggets 680g;£4.00;£5.88/kg;Breaded Chicken & Turkey;null;13.9;15.7;0.5;11.4;1.9;0.5;0.9;
3008474;ASDA Breaded Chicken Bites 250g;£1.98;£7.92/kg;Breaded Chicken & Turkey;null;16.5;17.9;0.9;16.3;2.4;0.5;0.7;
2026406;ASDA Cheese & Garlic Chicken Kievs 260g;£1.98;£7.62/kg;Breaded Chicken & Turkey;null;13.0;12.4;0.9;13.7;2.9;0.5;0.5;
1396386;ASDA Chosen by You Breaded Chicken Strips 300g;£3.00;£10.00/kg;Breaded Chicken & Turkey;null;21.2;12.2;0.5;9.2;1.1;0.5;0.5;
2701903;ASDA Southern Fried Chicken Portions 750g;£3.00;£4.00/kg;Breaded Chicken & Turkey;null;20.5;11.0;0.8;10.5;2.3;0.5;0.7;
3667466;ASDA Chicken Goujons Southern Fried;£1.98;£5.50/kg;Breaded Chicken & Turkey;null;16.9;17.0;1.2;15.3;2.6;0.5;0.9;
3667464;ASDA Chicken Goujons;£1.98;£5.50/kg;Breaded Chicken & Turkey;null;16.0;13.2;0.7;17.4;2.7;0.5;0.7;
3318889;ASDA Garlic Butter Chicken Kievs 780g;£4.00;£5.13/kg;Breaded Chicken & Turkey;null;12.4;11.9;0.9;19.8;7.1;0.5;0.5;
1396383;ASDA Southern Fried Chicken Strips 300g;£3.00;£10.00/kg;Breaded Chicken & Turkey;null;20.0;15.3;1.1;7.9;0.8;0.5;0.7;
4597341;ASDA Piri Piri Breaded Chicken Steaks 750g;£4.00;£5.33/kg;Breaded Chicken & Turkey;null;15.8;14.4;0.8;14.7;2.6;0.5;0.5;
3674292;ASDA Creamy Peppercorn Chicken Kiev 260g;£1.98;£7.62/kg;Breaded Chicken & Turkey;null;11.8;13.4;1.1;14.6;4.0;0.5;0.6;
553055;ASDA Reduced Fat Garlic Chicken Kievs 260g;£1.98;£7.62/kg;Breaded Chicken & Turkey;null;15.2;13.3;1.1;13.0;3.5;0.5;0.5;
3370315;ASDA Battered Chicken Nuggets 250g;£1.98;£7.92/kg;Breaded Chicken & Turkey;null;13.9;15.7;0.5;11.4;1.9;0.5;0.9;
3370311;ASDA Breaded Boneless Chicken Platter 600g;£4.00;£6.67/kg;Breaded Chicken & Turkey;null;16.0;13.2;0.7;17.4;2.7;0.5;0.7;
2878555;ASDA 2 Garlic Butter Chicken Kievs 295g;£3.00;£10.17/kg;Breaded Chicken & Turkey;null;17.1;10.3;1.2;13.3;4.3;0.5;0.4;
4819147;ASDA Chosen by You Cheese & Chive Chicken Escalopes 305g;£1.98;£6.49/kg;Breaded Chicken & Turkey;null;14.2;15.1;2.1;16.9;3.5;0.5;0.6;
3008476;ASDA Southern Fried Chicken Bites 250g;£1.98;£7.92/kg;Breaded Chicken & Turkey;null;15.6;21.2;1.2;11.5;2.3;0.5;0.8;
4992325;ASDA Breaded Chunky Chicken Fingers 250g;£1.98;£7.92/kg;Breaded Chicken & Turkey;null;15.3;13.4;0.2;13.9;2.3;0.5;0.4;
4819149;ASDA Chosen by You 2 Chicken Fillets 325g;£3.00;£9.23/kg;Breaded Chicken & Turkey;null;20.5;10.3;0.5;7.7;1.0;0.5;0.6;
4236157;ASDA Breaded Salt & Pepper Chicken Strips 300g;£3.00;£10.00/kg;Breaded Chicken & Turkey;null;21.8;11.7;0.2;7.4;0.9;0.5;0.6;
3008480;ASDA Breaded Boneless Chicken Selection 500g;£4.00;£8.00/kg;Breaded Chicken & Turkey;null;19.5;18.3;0.9;9.1;1.0;0.5;0.4;
3674294;ASDA Hot & Spicy Chicken Wings 532g;£3.00;£5.64/kg;Breaded Chicken & Turkey;null;17.2;11.3;0.9;15.6;3.3;1.0;0.7;
4585610;ASDA Chosen by You Breaded Chicken Goujons 550g;£4.00;£7.27/kg;Breaded Chicken & Turkey;null;16.0;13.2;0.7;17.4;2.7;0.5;0.7;
2782924;Bernard Matthews Ham and Cheese Chicken Escalopes 285g;£1.98;£6.95/kg;Breaded Chicken & Turkey;null;11.9;16.6;2.4;11.3;2.9;0.5;0.80;
2782926;Bernard Matthews Chicken Escalopes 285g;£1.98;£6.95/kg;Breaded Chicken & Turkey;null;12.1;18.8;2.5;14.2;2.0;1.6;null;
2835695;Bernard Matthews Turkey Escalopes 260g;£1.98;£7.62/kg;Breaded Chicken & Turkey;null;11.8;18.5;2.0;16.2;4.2;2.5;0.93;
1583341;Bernard Matthews Southern Fried Crispy Chicken 260g;£1.98;£7.62/kg;Breaded Chicken & Turkey;null;13.2;17;3.1;11.7;1.1;0.5;0.95;
4238497;Bernard Matthews Turkey Numbers 228g;£2.00;£8.77/kg;Breaded Chicken & Turkey;null;12.8;17.9;1.3;16.1;2.1;2.6;null;
4089130;ASDA Blue Cheese Sauce 125g;£1.25;£1.00/100g;Fresh Sauces for Chicken;null;7.7;4.3;0.6;14.8;8.8;0.7;1.4;
4089132;ASDA Chicken Gravy 500g;£1.25;£0.25/100g;Fresh Sauces for Chicken;null;1.9;5.5;0.8;0.9;0.3;null;0.8;
4089134;ASDA Chicken Stock 500g;£1.25;£0.25/100g;Fresh Sauces for Chicken;null;2.9;0.4;0.4;0.1;null;null;0.6;
3877914;ASDA Extra Special 4 Venison Burgers 400g;£3.75;£9.38/kg;Duck & Game;null;18.7;3.0;0.6;5.1;3.0;0.5;1.0;
3630025;Butcher's Selection Venison Steaks 240g;£5.00;£20.83/kg;Duck & Game;null;22.3;0.9;0.1;1.1;0.5;0.5;0.5;
3370505;Gressingham Whole Poussin 450g;£2.98;£6.62/kg;Duck & Game;null;25.2;0.4;0;10.6;2.4;0.5;0.3;
4046919;Gressingham Duck Crown;£8.50;£8.50/kg;Duck & Game;null;24.6;1.5;0.1;11.7;3.3;0.5;0.32;
4013129;Gressingham Whole Duck;£10.00;£5.00/kg;Duck & Game;null;25.1;0.0;0.0;23.7;2.4;0.0;0.3;
4677178;Gressingham Duck Meal Kit 580g;£4.00;£6.90/kg;Duck & Game;null;16.7;18.7;6.4;10.9;2.7;2.6;0.9;
4013135;Gressingham Duck Legs 455g;£3.75;£8.24/kg;Duck & Game;null;25.2;0.5;0.1;13.3;2.3;0.5;0.34;
4013131;Gressingham Duck Breasts 340g;£7.25;£21.32/kg;Duck & Game;null;27.2;0.3;0.1;9.4;2.4;0.5;0.3;
4686105;Gressingham Duck Breasts with Plum Sauce 400g;£5.00;£12.50/kg;Duck & Game;null;14.2;18.5;17.7;9.0;1.6;0.5;1.3;
4677176;Gressingham Duck Legs with Sticky Sauce 500g;£4.00;£8.00/kg;Duck & Game;null;22.3;7.0;6.3;12.0;3.2;0.5;1.2;
3233493;Butcher's Selection 12 Unsmoked Back Bacon Rashers 345g;£2.24;£6.49/kg;Bacon;null;28.7;0.1;0.1;16.7;6.8;null;4.3;
3233495;Butcher's Selection 12 Smoked Back Bacon Rashers 345g;£2.24;£6.49/kg;Bacon;null;31.3;0.2;0.2;14.5;5.9;null;2.9;
2948267;Butcher's Selection 12 Unsmoked Thick Cut Back Bacon Rashers 530g;£3.70;£6.98/kg;Bacon;null;28.7;0.1;0.1;16.7;6.8;null;4.3;
2948269;Butcher's Selection 12 Smoked Thick Cut Back Bacon Rashers 530g;£3.70;£6.98/kg;Bacon;null;31.3;0.2;0.2;14.5;5.9;null;2.9;
4611263;Butcher's Selection 16 Unsmoked Back Bacon Rashers 530g;£3.70;£6.98/kg;Bacon;null;28.7;0.1;0.1;16.7;6.8;null;4.3;
4611265;Butcher's Selection 16 Smoked Back Bacon Rashers 530g;£3.70;£6.98/kg;Bacon;null;31.3;0.2;0.2;14.5;5.9;null;2.9;
973077;Butcher's Selection 8 Thick Cut Unsmoked Back Bacon Rashers 345g;£2.24;£6.49/kg;Bacon;null;28.7;0.1;0.1;16.7;6.8;null;4.3;
998758;Butcher's Selection 8 Thick Cut Smoked Back Bacon Rashers 345g;£2.24;£6.49/kg;Bacon;null;31.3;0.2;0.2;14.5;5.9;null;2.9;
3566518;ASDA Extra Special 16 Oak Smoked Dry Cured Streaky Bacon Rashers 240g;£2.28;£9.50/kg;Bacon;347;33.1;0.5;0.5;23.6;8.9;null;6.3;
4261873;ASDA Extra Special 6 Unsmoked Thick Cut Dry Cured Back Bacon Rashers 240g;£2.28;£9.50/kg;Bacon;242;28.9;0.2;0.2;14.0;5.7;null;3.7;
4261875;ASDA Extra Special 6 Oak Smoked Thick Cut Dry Cured Back Bacon Rashers 240g;£2.28;£9.50/kg;Bacon;242;32.4;0.2;0.2;12.4;4.9;null;2.8;
3566528;ASDA Extra Special 20 Oak Smoked Dry Cured Pancetta Slices 180g;£2.28;£12.67/kg;Bacon;374;31.6;0.2;0.2;27.4;10.9;null;5.7;
4862102;Deli Cuisine Unsmoked Back Bacon 300g;£1.75;£5.83/kg;Bacon;null;26.7;0.2;0.2;16.7;4.6;null;5.3;
3987019;Butcher's Selection 8 Unsmoked Bacon Medallions 250g;£2.55;£10.20/kg;Bacon;null;37.2;0.2;0.2;6.8;2.8;null;4.3;
3987021;Butcher's Selection 8 Smoked Bacon Medallions 250g;£2.55;£10.20/kg;Bacon;null;34.4;0.3;0.3;4.3;1.7;null;3.0;
555564;Butcher's Selection 12 Unsmoked Streaky Bacon;£1.39;£5.56/kg;Bacon;null;25.2;0.2;0.2;25.2;10.4;null;4.2;
555563;Butcher's Selection 12 Smoked Streaky Bacon;£1.39;£5.56/kg;Bacon;null;27.0;0.1;0.1;27.1;10.6;null;5.7;
4420237;Butcher's Selection Unsmoked Streaky Bacon Lardons 155g;£1.00;£6.45/kg;Bacon;null;23.7;0.1;0.1;19.2;6.8;null;4.9;
4420239;Butcher's Selection Smoked Streaky Bacon Lardons 155g;£1.00;£6.45/kg;Bacon;null;26.1;0.1;0.1;22.8;8.3;null;4.9;
4420217;Butcher's Selection Unsmoked Lean Diced Bacon 155g;£1.00;£6.45/kg;Bacon;null;22.7;0.3;0.3;5.9;1.1;null;2.8;
4420219;Butcher's Selection Smoked Lean Diced Bacon 155g;£1.00;£6.45/kg;Bacon;null;24.8;0.3;0.3;6.0;1.4;null;3.2;
3566520;ASDA Extra Special Smoked Bacon Lardons 180g;£2.28;£12.67/kg;Bacon;null;1;0.1;0.1;22.8;8.3;null;4.9;
4672179;Butcher's Selection 4 Unsmoked Bacon Chops 300g;£1.97;£6.57/kg;Bacon;null;23.9;0.1;0.1;16.3;6.4;null;3.8;
633083;Mattessons Original Turkey Rashers 6pk 150g;£1.97;£13.13/kg;Bacon;116;25.9;1.4;1.4;0.8;0.2;0.3;2.3;
633086;Mattessons Smoked Turkey Rashers 6pk 150g;£1.97;£13.13/kg;Bacon;121;26.7;1.6;1.6;0.8;0.3;0.3;2.3;
2327908;Weight Watchers Unsmoked Back Bacon 200g;£2.58;£12.90/kg;Bacon;183;41.0;0.4;0.6;1.9;0.6;0.5;6.0;
2877018;Simon Howie Unsmoked Back Bacon 220g;£2.85;£12.95/kg;Bacon;null;24.8;1.1;0.1;14.2;5.4;0.5;2.5;
2877016;Simon Howie Smoked Back Bacon 220g;£2.85;£12.95/kg;Bacon;null;25;0.2;0.1;14.5;5.7;0.5;3.7;
3687082;Sokolow Polish Roasted Bacon;£2.50;£0.62/100g;Bacon;null;null;null;null;null;null;null;null;
2999514;ASDA SmartPrice Smoked Back Bacon 312g;£1.56;£5.00/kg;Bacon;null;26.2;0.1;0.1;20.4;8.2;null;4.3;
2999512;ASDA SmartPrice Unsmoked Back Bacon 312g;£1.56;£5.00/kg;Bacon;null;26.7;0.2;0.2;16.7;4.6;null;5.3;
973247;ASDA SmartPrice Unsmoked Streaky Bacon 275g;£1.04;£3.78/kg;Bacon;null;27.3;0.7;0.7;23.2;9.5;null;5.5;
1605948;ASDA SmartPrice Cooking Bacon 500g;£0.80;£1.60/kg;Bacon;null;25.7;0.2;0.2;10.0;3.9;null;4.1;
3193551;Richmond Thick Pork Sausages 908g;£4.00;£4.41/kg;Sausages;null;11.7;16.0;0.9;15.9;8.1;2.61;2.2;
4662261;ASDA Extra Special Cumberland Pork Sausages 667g;£3.79;£5.68/kg;Sausages;null;17.1;4.1;1.8;17.9;6.4;null;1.0;
4662259;ASDA Extra Special 10 Pork Sausages 667g;£3.79;£5.68/kg;Sausages;null;13.2;2.2;0.7;21.5;7.7;null;1.4;
4673841;ASDA Extra Special 10 Lincolnshire Pork Sausages 667g;£3.79;£5.68/kg;Sausages;null;14.6;2.5;1.4;20.5;7.3;0.9;0.8;
4822236;ASDA Extra Special Pork Chipolata Sausages 600g;£3.70;£6.17/kg;Sausages;null;null;null;null;null;null;null;null;
4612504;ASDA Extra Special 6 Pork Sausages 400g;£2.28;£5.70/kg;Sausages;null;13.2;2.2;0.7;21.5;7.7;null;1.4;
4612514;ASDA Extra Special 6 Pork & Caramelised Red Onion Sausages 400g;£2.28;£5.70/kg;Sausages;null;12.6;4.6;3.8;21.6;7.5;1.2;1.4;
4612510;ASDA Extra Special 6 Cumberland Pork Sausages 400g;£2.28;£5.70/kg;Sausages;null;17.1;4.1;1.8;17.9;6.4;null;1.2;
4612508;ASDA Extra Special 6 Pork & Armagh Bramley Apple Sausages 400g;£2.28;£5.70/kg;Sausages;null;15.1;6.6;6.6;19.4;7.0;0.7;1.6;
4612512;ASDA Extra Special 6 Lincolnshire Pork Sausages 400g;£2.28;£5.70/kg;Sausages;null;14.6;2.5;1.4;20.5;7.3;0.9;0.8;
4612524;ASDA Extra Special Pork, Bacon & Maple Syrup Sausages 400g;£2.28;£5.70/kg;Sausages;null;11.5;2.0;1.5;22.6;7.7;1.0;2.1;
4612516;ASDA Extra Special 6 Pork & Leek Sausages 400g;£2.28;£5.70/kg;Sausages;null;12.3;0.5;0.5;22.2;7.8;0.7;1.4;
4612520;ASDA Extra Special 6 Pork & Sweet Chilli Sausages 400g;£2.28;£5.70/kg;Sausages;null;14.5;3.3;3.2;22.2;7.7;null;1.3;
4612522;ASDA Extra Special 6 Pork Welsh Cheddar & Spring Onion Sausages 400g;£2.28;£5.70/kg;Sausages;null;15.6;2.7;1.2;19.9;7.8;1.1;1.7;
4612526;ASDA Extra Special 6 Pork & Three Chilli Sausages 400g;£2.28;£5.70/kg;Sausages;null;14.5;2.5;1.1;20.7;7.5;null;1.3;
4612528;ASDA Extra Special 6 Louisiana Cajun Sausages 400g;£2.28;£5.70/kg;Sausages;null;12.0;0.9;0.2;22.7;7.6;null;1.4;
4809787;ASDA Extra Special Italian Inspired Pork Sausages 400g;£2.28;£5.70/kg;Sausages;null;null;null;null;null;null;null;null;
4612534;ASDA Extra Special 4 New York City Hot Dogs 400g;£2.28;£5.70/kg;Sausages;null;18.0;3.5;0.6;12.8;4.5;null;1.4;
4612530;ASDA Extra Special 6 Tennesse BBQ Pork Sausages 400g;£2.28;£5.70/kg;Sausages;null;12.8;7.9;6.1;22.0;7.6;null;1.6;
4612532;ASDA Extra Special 6 Pork Tomato & Provencal Pepper Sausages 400g;£2.28;£5.70/kg;Sausages;null;12.5;3.4;2.7;20.8;7.4;2.1;1.8;
4809783;ASDA Extra Special Welsh Dragon Sausages 400g;£2.28;£5.70/kg;Sausages;null;null;null;null;null;null;null;null;
4612506;ASDA Extra Special 12 Pork Chipolatas 375g;£2.28;£6.08/kg;Sausages;null;13.0;1.3;0.8;22.0;7.8;null;1.5;
2551511;Butcher's Selection 12 Cumberland Pork Sausages 681g;£2.25;£3.30/kg;Sausages;null;13.7;7.9;0.8;17.6;6.5;1.9;1.2;
2551509;Butcher's Selection 12 Pork Sausages 681g;£2.25;£3.30/kg;Sausages;null;11.3;14.5;0.8;15.1;5.8;0.5;1.5;
555626;Butcher's Selection British Cumberland Sausages 8s 454g;£1.55;£3.41/kg;Sausages;null;13.7;7.9;0.8;17.6;6.5;1.9;1.2;
555630;Butcher's Selection British Lincolnshire Sausages 8s 454g;£1.55;£3.41/kg;Sausages;null;16.5;7.9;0.8;14.8;5.2;0.8;1.1;
555631;Butcher's Selection 8 British Pork Sausages 454g;£1.55;£3.41/kg;Sausages;null;11.3;14.5;10.8;15.1;5.8;0.5;1.5;
2538288;Butcher's Selection 8 Pork & Apple Sausages 454g;£1.55;£3.41/kg;Sausages;null;13.9;11.0;4.7;16.7;6.2;1.4;1.3;
2999532;Butcher's Selection 8 Pork & Tomato Sausages 454g;£1.55;£3.41/kg;Sausages;null;13.6;9.2;1.7;18.3;6.7;1.4;1.2;
4420189;Butcher's Selection Reduced Fat Cumberland Sausages 400g;£1.55;£3.88/kg;Sausages;null;16.7;9.9;2.0;6.3;2.2;null;1.2;
4447507;Butcher's Selection Reduced Fat 8 Pork Sausages 400g;£1.55;£3.88/kg;Sausages;null;19.3;11.4;2.2;5.4;1.9;1.2;1.4;
4268315;Butcher's Selection Hot & Spicy Pork Sausages 454g;£1.55;£3.41/kg;Sausages;null;14.2;6.6;3.0;15.9;5.6;0.5;1.3;
4447509;Butcher's Selection Gluten Free 8 Pork Sausages 400g;£1.55;£3.88/kg;Sausages;null;18.2;6.8;1.0;16.4;6.2;1.8;1.3;
4809765;Butcher's Selection 12 Pigs in Blankets;£2.08;£9.37/kg;Sausages;null;17.8;2.6;0.6;25.8;9.5;1.8;2.4;
4809767;Butcher's Selection 24 Cocktail Sausages;£2.08;£6.12/kg;Sausages;null;14.2;18.4;0.7;9.1;3.3;2.5;1.2;
1358592;Butcher's Selection 8 Turkey Sausages 454g;£2.00;£4.41/kg;Sausages;null;20.6;6.3;1.3;7.6;2.2;1.9;null;
555623;ASDA 8 Pork Sausages 454g;£1.18;£2.60/kg;Sausages;null;11.9;10.9;3.0;16.5;6.8;3.0;null;
555606;ASDA Irish Recipe Pork Sausages - Thick 8s 454g;£1.18;£2.60/kg;Sausages;null;9.5;17.6;1.5;10.8;3.9;1.8;0.7;
3588096;ASDA 20 Pork Sausages;£2.60;£2.60/kg;Sausages;null;12.9;10.7;3.0;19.8;6.9;2.0;null;
4420084;ASDA Pork Sausage Meat 400g;£2.00;£5.00/kg;Sausages;null;13.6;13.0;1.6;11.3;4.0;1.8;0.8;
555621;ASDA 12 Thin Pork Sausages 340g;£1.00;£2.94/kg;Sausages;null;11.9;10.9;null;16.5;null;null;null;
1778146;Richmond 12 Thick Pork Sausages 681g;£3.50;£5.14/kg;Sausages;null;11.7;16.0;0.9;15.9;8.1;2.6;2.2;
1554624;Richmond 12 Thin Pork Sausages;£1.70;£5.00/kg;Sausages;null;11.7;16.0;0.9;15.9;8.1;2.6;2.2;
1141046;Richmond Skinless Pork Sausages 319g;£1.90;£5.96/kg;Sausages;null;10.3;11.5;0.4;22.3;9.3;1.4;2.3;
555936;Richmond 8 Thick Pork Sausages;£1.98;£4.36/kg;Sausages;null;11.7;16.0;0.9;15.9;8.1;2.6;2.2;
3159376;Richmond 18 Thin Pork Sausages 510g;£2.65;£5.20/kg;Sausages;null;11.7;16.0;0.9;15.9;8.1;2.6;2.2;
4269047;Richmond Skinless Pork Sausages 16;£1.98;£4.65/kg;Sausages;null;10.3;11.5;0.4;22.3;9.3;1.4;2.3;
4672199;Richmond 20 Mini Sausages 200g;£1.50;£7.50/kg;Sausages;null;12;15;1.2;13;4.5;null;1.8;
2866436;Wall's 12 Thick Pork Sausages;£2.50;£3.67/kg;Sausages;null;null;null;null;null;null;null;null;
2685088;Wall's 8 Skinless Pork Sausages 213g;£1.24;£5.82/kg;Sausages;null;2.8;2.1;0.1;5.9;2.5;0.3;0.3;
2685080;Wall's 8 Thick Pork Sausages 454g;£2.49;£5.48/kg;Sausages;null;6.8;6.0;0.7;9.3;3.9;0.9;0.9;
1331482;debbie & andrew's Harrogate 97% Pork Sausages;£2.50;£6.25/kg;Sausages;114;9.3;0.5;0.5;7.7;2.9;3.7;0.74;
2551804;debbie & andrew's Sicilian Pork Sausages;£2.50;£6.25/kg;Sausages;134;10.8;2.9;0.1;8.6;3.2;0.8;0.9;
961296;debbie & andrew's Perfect Pork Sausages;£2.50;£6.25/kg;Sausages;127;10.2;2.5;0.5;8.1;2.8;1.4;0.89;
3583312;Weight Watchers Cumberland Sausages;£1.98;£4.95/kg;Sausages;null;18.6;8.3;1.2;3.4;1.2;1.1;1.3;
3583310;Weight Watchers Pork Sausages;£1.98;£4.95/kg;Sausages;null;20.0;7.8;0.4;4.2;1.5;1.7;1.1;
4662868;HECK 97% Pork Sausages;£2.50;£6.25/kg;Sausages;null;16.5;2.8;1.3;14.1;6.9;null;1.62;
4826021;HECK Smoky Chorizo-Style Sausages;£2.50;£6.25/kg;Sausages;null;16.4;0.2;0.2;24.6;9.2;null;1.65;
4125435;Black Farmer Premium Pork Chipolatas 340g;£2.98;£8.76/kg;Sausages;null;14.8;1.0;0.5;19.7;8.6;null;1.3;
4269039;Rankin Outdoor Bred Pork & Herb Sausages 400g;£2.98;£7.45/kg;Sausages;null;13.58;1.98;0.08;22.0;8.95;0.2;1.23;
5009520;Butcher's Selection Smoked Gammon Steaks 500g;£3.90;£7.80/kg;Gammon;null;26;0.5;0.5;8.2;3.1;0;2.5;
5009518;Butcher's Selection Unsmoked Gammon Steaks 500g;£3.90;£7.80/kg;Gammon;null;28;0.5;0.5;7.3;2.7;0;2.8;
3566530;ASDA Extra Special Unsmoked Wiltshire Gammon Steak 230g;£2.28;£9.91/kg;Gammon;181;27.6;null;null;7.8;2.7;null;3.2;
3566532;ASDA Extra Special Smoked Wiltshire Gammon Steak 230g;£2.28;£9.91/kg;Gammon;213;26.4;0.1;0.1;11.9;4.3;null;2.7;
1834797;Butcher's Selection Unsmoked Gammon Steak 250g;£1.97;£7.88/kg;Gammon;null;27.8;0.1;0.1;7.3;2.7;null;2.6;
3841757;Butcher's Selection 2 Unsmoked Gammon Steaks 250g;£1.47;£5.88/kg;Gammon;null;23.7;0.6;0.6;1.9;0.7;null;3.3;
3841759;Butcher's Selection 2 Smoked Gammon Steaks 250g;£1.47;£5.88/kg;Gammon;null;22.9;0.2;0.2;2.9;1.1;null;3.1;
4052124;Butcher's Selection Unsmoked Gammon Roasting Joint 750g;£3.75;£5.00/kg;Gammon;null;19.4;0.3;0.3;2.5;1.0;null;2.8;
4052120;Butcher's Selection Unsmoked Gammon Roasting Joint;£6.46;£4.61/kg;Gammon;null;21.6;0.2;0.2;6.2;2.5;null;2.7;
4052122;Butcher's Selection Smoked Gammon Roasting Joint;£6.46;£4.61/kg;Gammon;null;20.3;0.2;0.2;4.1;1.5;null;3.6;
4822234;Butcher's Selection 2 Unsmoked Gammon Steaks with Garlic Butter 500g;£4.00;£8.00/kg;Gammon;192;28.3;0.3;0.3;8.6;3.6;null;2.5;
4420223;Butcher's Selection 2 Unsmoked Gammon Steaks with Peppercorn Butter 500g;£4.00;£8.00/kg;Gammon;194;28.5;0.3;0.3;8.7;3.7;null;2.1;
4589354;Butcher's Selection 2 Unsmoked Gammon Steaks with 4 Cheese Butter 500g;£4.00;£8.00/kg;Gammon;200;27.9;0.2;0.2;9.7;3.9;null;3.1;
1834803;Butcher's Selection Smoked Gammon Steak 250g;£1.97;£7.88/kg;Gammon;null;26.3;0.1;0.1;8.2;3.1;null;2.6;
4052126;Butcher's Selection Smoked Gammon Roasting Joint 750g;£3.75;£5.00/kg;Gammon;null;21.4;0.3;0.3;1.8;0.7;null;3.3;
4420233;Butcher's Selection Unsmoked Gammon Joint;£9.00;£4.50/kg;Gammon;null;22.0;0.2;0.2;5.3;2.0;null;2.8;
4420235;Butcher's Selection Smoked Gammon Joint;£9.00;£4.50/kg;Gammon;null;21.9;0.2;0.2;8.2;2.9;null;2.6;
3221947;Butcher's Selection Unsmoked Gammon Joint (Minimum Weight 1.25 kg);£5.50;£5.50/kg;Gammon;null;25.5;null;null;10.3;3.6;null;3.1;
3743131;ASDA SmartPrice 2 Unsmoked Gammon Rounds 250g;£1.10;£4.40/kg;Gammon;null;18.2;0.1;0.1;2.7;1.1;null;2.5;
1834823;ASDA SmartPrice Unsmoked Gammon Steaks (Minimum Weight 0.245 kg);£4.05;£4.05/kg;Gammon;null;24.1;0.1;0.1;8.1;3.0;null;3.2;
1676770;ASDA SmartPrice Unsmoked Gammon Joint (Minimum Weight 1.1 kg);£3.77;£3.77/kg;Gammon;null;19.9;0.3;0.3;6.2;2.4;null;2.3;
2549638;ASDA 6 Black Pudding Slices 250g;£1.00;£4.00/kg;Stuffing, Pudding & Haggis;null;11.6;21.5;2.1;28.7;11.3;0.5;null;
4809769;Butcher's Selection 12 Pork Sage & Onion Stuffing Balls;£2.08;£5.94/kg;Stuffing, Pudding & Haggis;null;13.2;15.5;3.1;10.9;4.1;3.1;1.7;
2878303;Clonakilty Black & White Pudding 260g;£2.50;£9.62/kg;Stuffing, Pudding & Haggis;null;10.9;17.7;1.4;16.4;6.9;5.3;null;
2878299;Clonakilty Black Pudding Ring 420g;£3.00;£7.14/kg;Stuffing, Pudding & Haggis;null;null;null;null;null;null;null;null;
2878301;Clonakilty White Pudding 420g;£3.00;£7.14/kg;Stuffing, Pudding & Haggis;null;12.0;16.3;2.0;14.5;3.6;2.9;null;
555890;Hall's Haggis 454g;£1.67;£3.68/kg;Stuffing, Pudding & Haggis;null;9.7;15.1;0.5;14.2;4.9;null;1.58;
1603758;The Bury Black Pudding Company Black Pudding Slices 230g;£1.15;£5.00/kg;Stuffing, Pudding & Haggis;null;7.6;18.6;0.77;2.5;0.89;null;1.47;
4894763;Butcher's Selection Beef & Pork Mince 750g;£4.00;£5.33/kg;Beef Mince;null;18.2;null;null;13.4;5.4;null;0.8;
4047982;Butcher's Selection Lean Mince Beef;£5.16;£6.88/kg;Beef Mince;null;26.6;null;null;4.3;1.8;null;0.3;
4448386;Butcher's Selection Lean Mince Beef 420g;£3.78;£9.00/kg;Beef Mince;null;26.6;null;null;4.3;1.8;null;0.3;
4448394;ASDA Extra Special Aberdeen Angus Reduced Fat Beef Mince 420g;£3.50;£8.33/kg;Beef Mince;null;null;null;null;null;null;null;null;
3882559;Butcher's Selection Lean Beef Mince 250g;£1.98;£7.92/kg;Beef Mince;null;26.6;null;null;4.3;1.8;null;0.3;
1525225;Butcher's Selection Reduced Fat Beef Mince 250g;£2.24;£8.96/kg;Beef Mince;null;24.0;null;null;10.5;4.7;null;0.3;
1525321;Butcher's Selection Beef Mince 250g;£1.75;£7.00/kg;Beef Mince;null;23.4;null;null;16.0;6.9;null;0.4;
2146575;Butcher's Selection Organic Beef Mince 500g;£3.48;£6.96/kg;Beef Mince;null;17.6;1.1;0.3;19.7;8.3;0.5;null;
4753954;Butcher's Selection Reduced Fat Beef Mince 710g;£4.00;£5.63/kg;Beef Mince;null;24.0;null;null;10.5;4.7;null;0.3;
1525219;Butcher's Selection Reduced Fat Beef Mince 500g;£2.85;£5.70/kg;Beef Mince;null;24.0;null;null;10.5;null;null;0.3;
1525322;Butcher's Selection Beef Mince 500g;£1.99;£3.98/kg;Beef Mince;null;23.4;null;null;16.0;6.9;null;0.4;
4216155;Butcher's Selection Beef Mince 750g;£2.98;£3.97/kg;Beef Mince;null;23.4;null;null;16.0;6.9;null;0.4;
4800934;Butcher's Selection Reduced Fat Beef Mince;£6.00;£5.45/kg;Beef Mince;null;24.0;null;null;10.5;4.7;null;0.3;
3699137;Butcher's Counter Reduced Fat Beef Mince;£5.70;£5.70/kg;Beef Mince;null;null;null;null;null;null;null;null;
4200718;Butcher's Selection Prime Beef Sirloin Steak 227g;£3.91;£17.22/kg;Beef Steaks;null;null;null;null;null;null;null;null;
4632075;Butcher's Selection Prime Beef Rump Steak 255g;£3.91;£15.33/kg;Beef Steaks;null;null;null;null;null;null;null;null;
4200726;Butcher's Selection Ribeye Steak 227g;£3.91;£17.22/kg;Beef Steaks;null;null;null;null;null;null;null;null;
4200742;Butcher's Selection Beef Medallion Steak 340g;£3.91;£11.50/kg;Beef Steaks;null;33.2;0.8;0.1;3.6;1.3;0.5;0.3;
4200774;Butcher's Selection 4 Peppercorn Beef Medallions 350g;£4.00;£11.43/kg;Beef Steaks;null;26.0;1.4;0.7;3.2;1.1;0.5;0.4;
4819766;Butcher's Selection Beef Sirloin Steak with Mustard Butter 230g;£3.91;£17.00/kg;Beef Steaks;null;25.9;0.5;0.1;13.8;5.2;0.5;0.6;
4819764;Butcher's Selection Beef Sirloin Steak with Diane Butter 230g;£3.91;£17.00/kg;Beef Steaks;null;24.3;1.2;0.1;13.3;5.0;0.5;0.3;
4667469;Butcher's Selection Garlic & Herb Sirloin Steak 227g;£4.00;£17.62/kg;Beef Steaks;null;23.6;0.2;0.2;20.9;10.0;0.5;0.4;
4667467;Butcher's Selection Peppercorn Sirloin Steak 227g;£4.00;£17.62/kg;Beef Steaks;null;23.3;0.3;0.3;19.3;9.3;0.5;0.3;
4493039;Butcher's Selection Beef Braising Steak 400g;£4.00;£10.00/kg;Beef Steaks;null;null;null;null;null;null;null;null;
4200776;Butcher's Selection Garlic & Herb Topside of Beef 380g;£4.00;£10.53/kg;Beef Steaks;null;20.6;2.6;0.6;11.8;1.5;0.5;0.8;
4664907;Butcher's Selection Brazilian BBQ Thin Cut Beef Sizzle Steaks 315g;£3.91;£12.41/kg;Beef Steaks;null;25.1;3.7;2.5;3.1;1.0;1.3;0.8;
4664905;Butcher's Selection Garlic & Herb Thin Cut Beef Sizzle Steak 315g;£3.91;£12.41/kg;Beef Steaks;null;27.2;2.8;0.1;5.5;1.9;0.5;0.8;
4819768;Butcher's Selection Salt & Pepper Thin Cut Beef Sizzle Steaks 310g;£3.91;£12.61/kg;Beef Steaks;null;23.4;3.2;0.1;8.2;2.6;0.5;0.4;
4200734;Butcher's Selection Beef Frying Steak 310g;£3.91;£12.61/kg;Beef Steaks;null;39.3;null;null;4.4;1.6;0.5;0.2;
4039746;Butcher's Selection Beef Shoulder Braising Steak;£5.50;£7.33/kg;Beef Steaks;null;null;null;null;null;null;null;null;
4421649;Butcher's Selection Prime Beef Ribeye Steak 472g;£8.12;£17.20/kg;Beef Steaks;null;23.7;null;null;9.9;4.8;null;0.2;
3685200;Yorkshire Dales Meat Company Traditionally Matured Sirloin Steak 273g;£5.50;£20.15/kg;Beef Steaks;null;28.4;0;null;12.7;null;null;null;
3685204;Yorkshire Dales Meat Company Traditionally Matured Rump Steak 273g;£4.50;£16.48/kg;Beef Steaks;null;28.4;0;null;12.7;null;null;null;
3685202;Yorkshire Dales Meat Company Traditionally Matured Rib Eye Steak 273g;£5.50;£20.15/kg;Beef Steaks;null;28.4;0;null;12.7;null;null;null;
3839285;Butcher's Selection Northern Ireland Prime Beef Frying Steak 476g;£6.00;£12.60/kg;Beef Steaks;null;39.3;null;null;4.4;1.6;0.5;0.2;
3839291;Butcher's Selection Northern Ireland Prime Beef Medallion Steak 526g;£6.00;£11.41/kg;Beef Steaks;null;33.2;0.8;0.1;3.6;1.3;0.5;0.3;
4421657;Butcher's Selection Beef Rump Steak 575g;£8.18;£14.23/kg;Beef Steaks;null;25.7;1.1;0.2;5.0;1.8;0.5;0.2;
4421665;Butcher's Selection Prime Beef Sirloin Steak 475g;£8.17;£17.20/kg;Beef Steaks;null;24.4;null;null;9.1;4.1;null;0.2;
3839283;Butcher's Selection Thin Cut Beef Steak 500g;£6.00;£12.00/kg;Beef Steaks;null;null;null;null;null;null;null;null;
1650563;ASDA Extra Special Beef Sirloin Steak (Typically 0.4 kg);£22.50;£22.50/kg;Beef Steaks;null;null;null;null;null;null;null;null;
1650557;ASDA Extra Special Beef Fillet Steak (Typically 0.3 kg);£34.00;£34.00/kg;Beef Steaks;null;null;null;null;null;null;null;null;
1650561;ASDA Extra Special Beef Rump Steak (Typically 0.4 kg);£19.30;£19.30/kg;Beef Steaks;null;null;null;null;null;null;null;null;
1931255;ASDA Extra Special Beef Ribeye Steak (Typically 0.5 kg);£22.86;£22.86/kg;Beef Steaks;null;null;null;null;null;null;null;null;
1654501;Butcher's Selection Organic Beef Ribeye Steak (Typically 0.5 kg);£22.86;£22.86/kg;Beef Steaks;null;29.0;0.1;0.1;26.6;11.6;0.5;null;
1654485;Butcher's Selection Organic Beef Rump Steak (Typically 0.3 kg);£19.30;£19.30/kg;Beef Steaks;null;null;null;null;null;null;null;null;
1654487;Butcher's Selection Organic Beef Sirloin Steak (Typically 0.5 kg);£22.50;£22.50/kg;Beef Steaks;null;null;null;null;null;null;null;null;
1654505;Butcher's Selection Organic Beef Fillet Steak (Typically 0.4 kg);£34.00;£34.00/kg;Beef Steaks;null;null;null;null;null;null;null;null;
4241415;Butcher's Selection Beef Fillet (Typically 0.4 kg);£29.49;£29.49/kg;Beef Steaks;null;null;null;null;null;null;null;null;
3688039;Butcher's Counter Beef Fillet;£27.50;£27.50/kg;Beef Steaks;null;null;null;null;null;null;null;null;
3688045;Butcher's Counter Beef Ribeye;£19.00;£19.00/kg;Beef Steaks;null;null;null;null;null;null;null;null;
1062686;ASDA SmartPrice Beef Frying Steak (Typically 0.4 kg);£6.42;£6.42/kg;Beef Steaks;null;20.0;null;null;15.0;6.0;0.1;null;
3688043;Butcher's Counter Beef Rump;£10.98;£10.98/kg;Beef Steaks;null;null;null;null;null;null;null;null;
3688041;Butcher's Counter Beef Sirloin;£19.00;£19.00/kg;Beef Steaks;null;null;null;null;null;null;null;null;
4819758;Butcher's Selection Roast in the Tray Garlic & Herb Beef Joint 522g;£6.00;£11.49/kg;Beef Joints;null;30.9;2.5;0.1;1.8;0.8;0.5;0.2;
4819756;Butcher's Selection Roast in the Tray Peppercorn Beef Joint 510g;£6.00;£11.76/kg;Beef Joints;null;30.9;1.1;0.1;2.5;1.1;0.5;0.3;
4158561;Butcher's Selection Simply Roast in the Tray Small Beef Joint 500g;£5.75;£11.50/kg;Beef Joints;null;27.1;null;null;4.1;1.9;null;0.2;
1652358;Butcher's Selection Easy Carve Beef (Typical Weight 1.5kg);£5.97;£5.97/kg;Beef Joints;null;null;null;null;null;null;null;null;
1650548;Butcher's Selection Rolled Beef Brisket;£7.99;£7.99/kg;Beef Joints;null;null;null;null;null;null;null;null;
1654493;Butcher's Selection Topside Beef (Typically 0.7 kg);£12.96;£12.96/kg;Beef Joints;null;null;null;null;null;null;null;null;
1652334;Butcher's Selection Rolled Beef Brisket;£7.99;£7.99/kg;Beef Joints;null;null;null;null;null;null;null;null;
657480;ASDA Extra Special 28 Day Matured Beef Topside Joint (Typically 0.8 kg);£12.96;£12.96/kg;Beef Joints;null;null;null;null;null;null;null;null;
3699145;Butcher's Counter Beef Brisket;£8.00;£8.00/kg;Beef Joints;null;null;null;null;null;null;null;null;
3699143;Butcher's Counter Beef Fore Rib;£12.59;£12.59/kg;Beef Joints;null;null;null;null;null;null;null;null;
3688037;Butcher's Counter Beef Roasting Joint;£5.97;£5.97/kg;Beef Joints;null;null;null;null;null;null;null;null;
1652362;Butcher's Selection Easy Carve Beef Joint (Typically 1.1 kg);£9.50;£9.50/kg;Beef Joints;null;null;null;null;null;null;null;null;
1652525;ASDA SmartPrice Beef Roasting Joint (Typically 1.5 kg);£5.75;£5.75/kg;Beef Joints;null;32.8;null;null;12.5;5.2;null;null;
3672502;Butcher's Selection Beef Steak & Kidney 590g;£4.00;£6.78/kg;Stewing & Casserole Beef;null;null;null;null;null;null;null;null;
4425908;Butcher's Selection Slow Cook Beef Stewing Steak 700g;£5.50;£7.86/kg;Stewing & Casserole Beef;null;null;null;null;null;null;null;null;
4542531;Butcher's Selection Diced Beef 410g;£4.00;£9.76/kg;Stewing & Casserole Beef;null;null;null;null;null;null;null;null;
1733905;Butcher's Selection Diced Beef Casserole 250g;£3.00;£12.00/kg;Stewing & Casserole Beef;null;20.5;0.1;0.1;3.4;1.3;0.5;null;
654562;Butcher's Selection Organic Diced Beef Casserole 454g;£4.99;£10.99/kg;Stewing & Casserole Beef;null;null;null;null;null;null;null;null;
4819762;Butcher's Selection Szechuan Beef Stir Fry 350g;£3.75;£10.71/kg;Stewing & Casserole Beef;null;25.8;5.7;2.1;2.8;1.0;0.1;0.8;
4493047;Butcher's Selection Diced Beef 400g;£4.00;£10.00/kg;Stewing & Casserole Beef;null;null;null;null;null;null;null;null;
3839287;Butcher's Selection Diced Beef 700g;£5.50;£7.86/kg;Stewing & Casserole Beef;null;null;null;null;null;null;null;null;
4448376;Butcher's Selection Beef Stewing Steak 450g;£4.00;£8.89/kg;Stewing & Casserole Beef;null;null;null;null;null;null;null;null;
4493057;Butcher's Selection Beef Stir Fry 350g;£4.00;£11.43/kg;Stewing & Casserole Beef;null;null;null;null;null;null;null;null;
3699141;Butcher's Counter Beef Braising Steak;£9.75;£9.75/kg;Stewing & Casserole Beef;null;null;null;null;null;null;null;null;
3699147;Butcher's Counter Stewing Beef;£7.88;£7.88/kg;Stewing & Casserole Beef;null;null;null;null;null;null;null;null;
3656369;ASDA SmartPrice Diced Beef Steak Casserole (Typically 0.5 kg);£6.29;£6.29/kg;Stewing & Casserole Beef;null;22.1;null;null;6.4;2.6;null;null;
4370293;Butcher's Counter Diced Beef;£9.50;£9.50/kg;Stewing & Casserole Beef;null;null;null;null;null;null;null;null;
4815493;Butcher's Selection Monterey Jack & Jalapeno Beef Burgers 340g;£3.00;£8.82/kg;Burgers, Meatballs & BBQ;null;null;null;null;null;null;null;null;
4490429;ASDA Extra Special 2 Wagyu Beef Burgers 340g;£3.75;£11.03/kg;Burgers, Meatballs & BBQ;null;null;null;null;null;null;null;null;
4632199;ASDA Extra Special Aberdeen Angus Beef Burgers 454g;£3.75;£8.26/kg;Burgers, Meatballs & BBQ;null;null;null;null;null;null;null;null;
4239490;Butcher's Selection BBQ Beef Brisket 400g;£3.60;£9.00/kg;Burgers, Meatballs & BBQ;null;23.5;11.7;11.7;6.8;2.4;1.1;0.9;
4268911;ASDA Extra Special 4 Seasoned Scotch Beef Burgers 454g;£3.75;£8.26/kg;Burgers, Meatballs & BBQ;null;null;null;null;null;null;null;null;
4632197;ASDA Extra Special 2 Rump Steak Beef Burgers 340g;£3.75;£11.03/kg;Burgers, Meatballs & BBQ;null;null;null;null;null;null;null;null;
4632201;ASDA Extra Special Dry Aged Beef Burgers 340g;£3.75;£11.03/kg;Burgers, Meatballs & BBQ;null;null;null;null;null;null;null;null;
4268763;ASDA Extra Special 4 Vintage Cheddar Burgers 454g;£3.75;£8.26/kg;Burgers, Meatballs & BBQ;null;null;null;null;null;null;null;null;
3161412;Yorkshire Dales Beef Burger 450g;£3.14;£6.98/kg;Burgers, Meatballs & BBQ;null;15.3;5.9;null;19.5;null;null;null;
4632193;Butcher's Selection Hickory Beef Brisket Burgers 340g;£3.00;£8.82/kg;Burgers, Meatballs & BBQ;null;null;null;null;null;null;null;null;
531629;Butcher's Selection 2 Peppered Beef Grillsteaks;£1.92;£5.65/kg;Burgers, Meatballs & BBQ;null;null;null;null;null;null;null;null;
4632173;Butcher's Selection Red Onion & Cheese Beef Burgers 454g;£3.00;£6.61/kg;Burgers, Meatballs & BBQ;null;null;null;null;null;null;null;null;
4041472;Butcher's Selection 4 Sweet Chilli Beef Burgers 454g;£3.00;£6.61/kg;Burgers, Meatballs & BBQ;null;null;null;null;null;null;null;null;
4268773;Butcher's Selection 4 BBQ Beef Burgers 454g;£3.00;£6.61/kg;Burgers, Meatballs & BBQ;null;null;null;null;null;null;null;null;
876132;Butcher's Selection 4 Quarter Pounder Beef Burgers 454g;£3.00;£6.61/kg;Burgers, Meatballs & BBQ;null;null;null;null;null;null;null;null;
4632207;Butcher's Selection 25 Beef Meatballs 710g;£4.00;£5.63/kg;Burgers, Meatballs & BBQ;null;null;null;null;null;null;null;null;
2339748;Butcher's Selection Beef Meatballs 400g;£2.20;£5.50/kg;Burgers, Meatballs & BBQ;null;null;null;null;null;null;null;null;
4831078;ASDA Extra Special Aberdeen Angus Beef Meatballs 400g;£3.75;£9.38/kg;Burgers, Meatballs & BBQ;null;null;null;null;null;null;null;null;
3773062;Butcher's Counter Beef Meatballs;£0.19;£0.19/each;Burgers, Meatballs & BBQ;null;null;null;null;null;null;null;null;
4673166;Butcher's Counter Quarter Pounder Burger 113g;£0.60;£5.31/kg;Burgers, Meatballs & BBQ;null;22.3;3.5;0.1;11.4;4.9;0.5;0.6;
4673168;Butcher's Counter Wagyu Burger 170g;£1.88;£11.06/kg;Burgers, Meatballs & BBQ;null;20.7;4.5;0.1;15.2;6.8;0.5;0.7;
4089128;ASDA Beef Stock 500g;£1.25;£0.25/100g;Fresh Sauces for Beef;null;1.5;2.5;2.1;0.2;null;null;1.0;
4089130;ASDA Blue Cheese Sauce 125g;£1.25;£1.00/100g;Fresh Sauces for Beef;null;7.7;4.3;0.6;14.8;8.8;0.7;1.4;
4089136;ASDA Diane Sauce 250g;£1.25;£0.50/100g;Fresh Sauces for Beef;null;1.8;4.2;1.7;5.9;3.0;1.3;0.6;
4089142;ASDA Peppercorn Sauce 250g;£1.25;£0.50/100g;Fresh Sauces for Beef;null;2.6;4.8;2.5;6.9;2.6;1.4;0.6;
4089126;ASDA Fresh Bearnaise Sauce 200g;£1.25;£0.62/100g;Fresh Sauces for Beef;null;1.9;6.6;1.8;25.1;9.3;0.3;0.7;
4089152;ASDA Beef Gravy 500g;£1.25;£0.25/100g;Fresh Sauces for Beef;null;2.6;5.4;1.6;1.3;0.6;0.5;0.6;
4840885;Butcher's Selection Breaded Pork Steaks with Cheese & Ham 720g;£4.00;£5.56/kg;Pork Steaks & Chops;null;17.0;14.7;1.2;17.0;4.3;1.2;0.8;
3862327;Butcher's Selection 4 Pork Chops 720g;£4.00;£5.56/kg;Pork Steaks & Chops;null;null;null;null;null;null;null;null;
3688899;Butcher's Selection 6 Pork Loin Steaks 660g;£4.00;£6.06/kg;Pork Steaks & Chops;null;null;null;null;null;null;null;null;
3878720;Butcher's Selection 4 British Pork Leg Steaks 450g;£3.50;£7.78/kg;Pork Steaks & Chops;null;null;null;null;null;null;null;null;
4238894;Butcher's Selection Pork Rib Steak;£3.08;£4.40/kg;Pork Steaks & Chops;null;29.0;null;null;15.7;5.6;null;null;
3360531;Butcher's Selection 8 Pork Loin Steaks;£3.97;£3.97/kg;Pork Steaks & Chops;null;null;null;null;null;null;null;null;
4664895;Butcher's Selection Pork Loin Steaks;£5.47;£3.65/kg;Pork Steaks & Chops;null;29.3;0.1;0.1;13.1;5.2;0.5;0.1;
4435618;Butcher's Selection 5 Thin Cut Pork Loin Steaks 440g;£3.00;£6.82/kg;Pork Steaks & Chops;null;null;null;null;null;null;null;null;
4435616;Butcher's Selection 4 Thick Cut Pork Loin Steaks 590g;£4.00;£6.78/kg;Pork Steaks & Chops;null;32;0.5;0.5;8.0;3.0;0.5;0.13;
4664875;Butcher's Selection Bourbon Pork Loin Steaks;£3.97;£4.51/kg;Pork Steaks & Chops;244;29.1;3.4;3.4;12.4;4.9;1.1;0.9;
4844628;Butcher's Selection Chinese Pork Loin Steaks;£3.97;£4.51/kg;Pork Steaks & Chops;227;28.8;4.3;4.3;10.4;3.8;0.7;0.9;
3993965;Butcher's Selection 4 Pork Chops 700g;£4.00;£5.71/kg;Pork Steaks & Chops;null;29;0.5;0.5;8.8;3.5;0.5;0.10;
4435620;Butcher's Selection 2 Pork Loin Steaks 290g;£2.00;£6.90/kg;Pork Steaks & Chops;null;null;null;null;null;null;null;null;
4664897;Butcher's Selection Pork Loin Chops;£5.47;£3.65/kg;Pork Steaks & Chops;null;26.9;0.1;0.1;16.9;5.2;0.5;0.2;
4450191;Butcher's Selection 2 British Pork Chops 470g;£3.00;£6.38/kg;Pork Steaks & Chops;null;null;null;null;null;null;null;null;
3588100;Butcher's Selection 6 Pork Chops 1005g;£4.97;£4.95/kg;Pork Steaks & Chops;null;null;null;null;null;null;null;null;
3878724;ASDA Extra Special Outdoor Bred 2 Pork Steaks 342g;£3.50;£10.23/kg;Pork Steaks & Chops;null;26.4;0.1;0.1;9.6;3.0;0.5;0.1;
3699047;Butcher's Counter Pork Fillet;£8.00;£8.00/kg;Pork Steaks & Chops;null;null;null;null;null;null;null;null;
388467;ASDA SmartPrice Pork Chops 765g;£2.79;£3.65/kg;Pork Steaks & Chops;null;29.0;null;null;16.0;5.9;null;null;
4314232;Butcher's Counter Shoulder Steak;£5.00;£5.00/kg;Pork Steaks & Chops;null;null;null;null;null;null;null;null;
4463298;Butcher's Counter Pork Loin Chops 250g;£1.50;£6.00/kg;Pork Steaks & Chops;null;null;null;null;null;null;null;null;
5029010;Butcher's Selection Whole Pork Fillet 450g;£4.00;£8.89/kg;Pork Steaks & Chops;null;null;null;null;null;null;null;null;
4815511;Butcher's Selection Sweet BBQ Ultimate Rack of Pork Ribs 900g;£5.00;£5.56/kg;Ribs & Belly Pork;268;22.6;9.7;8.8;15.2;6.1;1.2;0.8;
3878702;Butcher's Selection Pork Belly Ribs;£5.00;£5.00/kg;Ribs & Belly Pork;null;null;null;null;null;null;null;null;
4664889;Butcher's Selection Salt & Chilli Pork Belly Slices 800g;£5.00;£6.25/kg;Ribs & Belly Pork;372;27.8;1.9;1.8;28.0;10.1;0.7;1.2;
3878716;Butcher's Selection Pork Rib Rack 900g;£5.00;£5.56/kg;Ribs & Belly Pork;null;null;null;null;null;null;null;null;
4634363;Butcher's Selection Ultimate Rack of Pork Ribs 900g;£5.00;£5.56/kg;Ribs & Belly Pork;290;22.5;12.3;11.5;16.6;6.0;0.6;0.8;
4239484;Butcher's Selection Hoisin Rack of Pork Ribs 600g;£3.60;£6.00/kg;Ribs & Belly Pork;240;6.3;9.2;7.5;19.5;6.6;1.0;1.3;
3699053;Butcher's Counter Pork Ribs;£5.56;£5.56/kg;Ribs & Belly Pork;null;null;null;null;null;null;null;null;
3699051;Butcher's Counter Belly Pork;£4.25;£4.25/kg;Ribs & Belly Pork;null;null;null;null;null;null;null;null;
2377182;ASDA SmartPrice Belly Slices;£4.80;£4.80/kg;Ribs & Belly Pork;null;19.0;null;null;20.0;7.0;null;null;
5001381;Butcher's Selection Rindless Pork Belly Slices 600g;£4.00;£6.67/kg;Ribs & Belly Pork;null;21;0.5;0.5;29;11;0.5;0.13;
4632183;Butcher's Selection Salt & Chilli Rack of Pork Ribs 525g;£3.60;£6.86/kg;Ribs & Belly Pork;243;22.0;5.4;3.5;14.7;5.8;0.6;0.9;
3875190;Butcher's Selection Smoky BBQ Rack of Pork Ribs 600g;£3.60;£6.00/kg;Ribs & Belly Pork;285;21.4;8.5;8.1;18.2;7.2;0.7;0.7;
3665492;Butcher's Selection Stir Fry Belly Pork 600g;£4.00;£6.67/kg;Ribs & Belly Pork;null;32.5;0.2;0.2;6.1;1.5;0.5;0.2;
3875188;Butcher's Selection Sweet BBQ Rack of Pork Ribs 600g;£3.60;£6.00/kg;Ribs & Belly Pork;268;22.6;9.7;8.8;15.2;6.1;1.2;0.8;
4633294;Butcher's Selection Tangy BBQ Rack of Pork Ribs 600g;£4.00;£6.67/kg;Ribs & Belly Pork;224;20.8;5.9;5.6;12.9;4.8;0.5;1.3;
4634357;Butcher's Selection Tequila Piri Piri Rack of Pork Ribs 600g;£3.60;£6.00/kg;Ribs & Belly Pork;252;19.4;4.6;2.2;17.2;6.4;0.6;0.9;
4800928;Butcher's Selection Simply Roast in the Bag Maple Pork Loin Joint 850g;£5.00;£5.88/kg;Pork Joints;177;25.2;1.7;1.7;7.5;2.9;0.7;0.4;
4815929;Butcher's Selection Roast in the Bag Sage & Onion Pork Loint Joint 850g;£5.00;£5.88/kg;Pork Joints;258;21.1;0.5;0.5;19.0;6.7;0.5;0.7;
1658240;Butcher's Selection Pork Shoulder (Typically 1.6 kg);£2.48;£2.48/kg;Pork Joints;null;null;null;null;null;null;null;null;
4668727;Butcher's Selection Boneless Pork Leg Joint (Typically 0.8 kg);£3.47;£3.47/kg;Pork Joints;null;null;null;null;null;null;null;null;
4238876;Butcher's Selection British Boneless Pork Shoulder Joint 1100g;£5.00;£4.55/kg;Pork Joints;null;28.2;0.1;0.1;13.9;4.8;0.5;0.1;
1658300;Butcher's Selection Pork Belly Joint;£4.30;£4.30/kg;Pork Joints;null;null;null;null;null;null;null;null;
2995614;Butcher's Selection Sage and Onion Stuffed Pork Shoulder Joint 700g;£4.00;£5.71/kg;Pork Joints;null;26.0;3.1;0.8;12.8;4.5;0.5;1.0;
3729083;Butcher's Selection Pork Joint with Sea Salt and Cracked Black Pepper;£4.47;£4.47/kg;Pork Joints;null;27.4;1.1;null;24.2;7.8;0.5;0.3;
3729085;Butcher's Selection Pork Loin Joint;£5.00;£5.00/kg;Pork Joints;null;31.9;0.1;0.1;9.6;3.9;1.0;0.1;
799876;Butcher's Selection Boneless Pork Shoulder Joint 700g;£4.00;£5.71/kg;Pork Joints;null;28.2;0.1;0.1;13.9;4.8;0.5;0.1;
4664901;ASDA Extra Special Outdoor Bred Pork Leg Joint 1100g;£8.00;£7.27/kg;Pork Joints;null;31.3;0.1;0.1;15.3;5.2;0.6;0.2;
3773064;Butcher's Counter Boneless Pork Loin;£4.50;£4.50/kg;Pork Joints;null;null;null;null;null;null;null;null;
3699049;Butcher's Counter Pork Leg;£3.97;£3.97/kg;Pork Joints;null;null;null;null;null;null;null;null;
4889148;Butcher's Counter Stuffed Pork Shoulder Joint 978g;£6.50;£6.65/kg;Pork Joints;null;null;null;null;null;null;null;null;
4318003;Butcher's Selection Rindless Pork Joint;£4.00;£4.00/kg;Pork Joints;null;null;null;null;null;null;null;null;
4239462;Butcher's Selection British Reduced Fat Pork Mince 750g;£4.00;£5.33/kg;Pork Mince;null;28.0;null;null;8.7;3.1;null;0.4;
3596156;ASDA SmartPrice Pork & Beef Mince 500g;£1.81;£3.62/kg;Pork Mince;null;25.7;null;null;18.0;7.4;null;0.1;
4632195;Butcher's Selection 2 BBQ Pulled Pork Burgers 340g;£3.00;£8.82/kg;Burgers, Meatballs & BBQ;null;null;null;null;null;null;null;null;
4239492;Butcher's Selection Sweet BBQ Pulled Pork 380g;£2.69;£7.08/kg;Burgers, Meatballs & BBQ;null;19.6;14.1;14.1;14.3;5.6;0.6;0.9;
4255586;Richmond Pork Meatballs 200g;£1.50;£7.50/kg;Burgers, Meatballs & BBQ;null;null;null;null;null;null;null;null;
4276239;Scan Hot & Spicy Swedish Meatballs;£1.50;£4.29/kg;Burgers, Meatballs & BBQ;null;12.0;8.0;1.1;17;5.0;1.0;1.6;
1051878;Scan Swedish Meatballs 350g;£1.50;£4.29/kg;Burgers, Meatballs & BBQ;null;12.0;8.0;1.1;17;5.0;1.0;1.6;
4633298;Butcher's Selection Chipotle BBQ Bone-in Pulled Pork 815g;£5.00;£6.14/kg;Burgers, Meatballs & BBQ;null;24.6;6.1;6.0;6.3;2.4;0.5;0.5;
4632607;Butcher's Selection Classic Pulled Pork with Apple Sauce 380g;£3.60;£9.47/kg;Burgers, Meatballs & BBQ;null;19.2;11.6;11.6;17.4;6.1;0.8;0.8;
4831080;Butcher's Selection Cumberland Pork Meatballs 400g;£2.20;£5.50/kg;Burgers, Meatballs & BBQ;null;null;null;null;null;null;null;null;
4672197;Richmond 10 Mini Pork Burgers 200g;£1.50;£7.50/kg;Burgers, Meatballs & BBQ;null;14;11;1.4;14;5.1;null;1.4;
3673036;ASDA Diced Pork 600g;£4.00;£6.67/kg;Diced Pork;null;30.7;0.1;0.1;5.4;1.7;0.5;0.2;
4341775;Butcher's Counter Diced Pork;£6.00;£6.00/kg;Diced Pork;null;null;null;null;null;null;null;null;
4815919;Butcher's Selection Char Sui Diced Pork 600g;£3.75;£6.25/kg;Diced Pork;null;30.2;4.1;4.1;3.0;0.8;0.6;0.8;
4815925;Butcher's Selection Sweet Chilli Pork Stir Fry 600g;£3.75;£6.25/kg;Diced Pork;null;27.1;7.3;6.7;4.0;1.1;0.8;1.0;
3834746;Butcher's Selection Half Lamb Leg Joint (Typically 0.9 kg);£7.50;£7.50/kg;Lamb Joints;null;null;null;null;null;null;null;null;
4815503;Butcher's Selection Boneless Rolled Lamb Breast with Pea & Mint Stuffing 455g;£4.00;£8.79/kg;Lamb Joints;null;18.8;4.1;null;21.8;9.6;0.6;0.3;
4815495;Butcher's Selection Salt & Pepper Lamb Ribeye Joint 360g;£5.00;£13.89/kg;Lamb Joints;null;22.9;0.3;null;13.8;6.5;0.1;0.5;
1652700;Butcher's Selection Lamb Shoulder Joint in bone;£7.50;£7.50/kg;Lamb Joints;null;null;null;null;null;null;null;null;
4089066;Butcher's Selection Rolled Boneless Lamb Breast (Typically 0.5 kg);£6.50;£6.50/kg;Lamb Joints;null;null;null;null;null;null;null;null;
4040782;Butcher's Selection Bone - In Whole Shoulder of Lamb (Typically 1.3 kg);£7.50;£7.50/kg;Lamb Joints;null;null;null;null;null;null;null;null;
2322267;ASDA Chosen by You Lamb Shank in Minted Gravy 400g;£4.00;£10.00/kg;Lamb Joints;161;17.5;2.1;1.3;9.0;3.6;0.6;0.6;
1652804;ASDA Extra Special Rack of Lamb Joint (Typically 0.6 kg);£14.00;£14.00/kg;Lamb Joints;null;18.6;1.5;0.3;10.6;6.6;1.2;0.3;
1652772;Butcher's Selection Half Lamb Shoulder Boneless Joint;£11.00;£11.00/kg;Lamb Joints;null;16.8;null;null;23.5;11.3;null;0.3;
1652892;Butcher's Selection Lamb Shanks Joints (Typically 0.4 kg);£8.00;£8.00/kg;Lamb Joints;null;18.5;null;null;14.5;6.3;null;0.3;
3612193;Butcher's Selection Stuffed Lamb Shoulder Joint;£10.00;£6.67/kg;Lamb Joints;null;null;null;null;null;null;null;null;
4213817;Butcher's Selection Minted Lamb Leg (Typically 0.8 kg);£10.00;£10.00/kg;Lamb Joints;null;27.5;0.9;0.7;11.0;4.7;0.5;0.3;
1652902;Butcher's Selection Lamb Leg Bone In Joint (Typically 1.7 kg);£6.47;£6.47/kg;Lamb Joints;null;null;null;null;null;null;null;null;
1652738;Butcher's Selection Boneless Lamb Leg Joint (Typically 0.7 kg);£12.00;£12.00/kg;Lamb Joints;null;18.5;null;null;14.5;6.3;null;0.3;
4040808;Butcher's Selection Lamb Shoulder with Garlic & Rosemary (Typically 1 kg);£7.00;£7.00/kg;Lamb Joints;null;30.5;null;0.1;13.1;4.8;0.5;null;
3699059;Butcher's Counter Lamb Shoulder Fillet;£12.33;£12.33/kg;Lamb Joints;null;null;null;null;null;null;null;null;
3699061;Butcher's Counter Lamb Breast;£4.89;£4.89/kg;Lamb Joints;null;null;null;null;null;null;null;null;
3699063;Butcher's Counter Lamb Leg;£6.97;£6.97/kg;Lamb Joints;null;null;null;null;null;null;null;null;
4896202;Butcher's Counter Lamb Ribeye Joint 350g;£5.00;£14.29/kg;Lamb Joints;null;null;null;null;null;null;null;null;
3699087;Butcher's Counter Lamb Shoulder;£5.50;£5.50/kg;Lamb Joints;null;null;null;null;null;null;null;null;
4217101;Butcher's Selection Lamb Stir Fry 300g;£4.00;£13.33/kg;Diced Lamb;null;null;null;null;null;null;null;null;
3580151;Butcher's Selection Diced Lamb 300g;£4.00;£13.33/kg;Diced Lamb;null;null;null;null;null;null;null;null;
4817837;ASDA SmartPrice Diced Lamb 500g;£5.00;£10.00/kg;Diced Lamb;null;33.6;null;null;7.2;2.9;null;null;
2998160;ASDA SmartPrice Lamb Stewing (Typically 0.7 kg);£6.00;£6.00/kg;Diced Lamb;null;null;null;null;null;null;null;null;
4664903;Butcher's Selection Lamb Mince 250g;£2.00;£8.00/kg;Lamb Mince;null;24.5;null;null;13.9;6.5;null;0.3;
4448384;Butcher's Selection Lamb Mince 500g;£3.98;£7.96/kg;Lamb Mince;null;16.6;0.4;0.1;21.0;9.7;0.5;null;
4815497;Butcher's Selection Lamb Steaks with Honey & Balsamic Butter 290g;£4.00;£13.79/kg;Lamb Steaks & Chops;null;25.7;0.6;0.2;21.5;10.1;null;0.4;
4815505;Butcher's Selection Minted Lamb Chops 340g;£4.00;£11.76/kg;Lamb Steaks & Chops;null;22.3;2.0;1.1;17.6;9.2;0.5;0.5;
4635235;Butcher's Selection Lamb Steaks with Mint Butter 290g;£4.00;£13.79/kg;Lamb Steaks & Chops;null;23.8;0.1;null;25.2;11.2;0.4;0.3;
4518348;Butcher's Selection 2 Lamb Leg Chops 350g;£4.00;£11.43/kg;Lamb Steaks & Chops;null;null;null;null;null;null;null;null;
4635245;Butcher's Selection 2 Lamb Rump Steaks 300g;£4.00;£13.33/kg;Lamb Steaks & Chops;null;21.1;0.8;null;9.1;4.4;0.5;0.2;
4635229;Butcher's Selection Lamb Rump Steaks with Garlic Butter 290g;£4.00;£13.79/kg;Lamb Steaks & Chops;null;24.8;null;null;24.0;11.0;0.5;0.3;
3676339;Butcher's Selection 2 Lamb Leg Steaks 420g;£5.00;£11.90/kg;Lamb Steaks & Chops;null;null;null;null;null;null;null;null;
4441653;Butcher's Selection Lamb Escalopes 250g;£4.00;£16.00/kg;Lamb Steaks & Chops;null;null;null;null;null;null;null;null;
1652878;Butcher's Selection Lamb Chops (Typically 0.72kg);£11.00;£11.00/kg;Lamb Steaks & Chops;null;26.5;null;null;22.1;10.5;null;null;
3592629;Butcher's Selection Minted Lamb Chops 460g;£5.00;£10.87/kg;Lamb Steaks & Chops;null;16.5;3.6;2.4;22.2;10.4;null;1.0;
4635251;Butcher's Selection 4 Lamb Chops 340g;£4.00;£11.76/kg;Lamb Steaks & Chops;null;null;null;null;null;null;null;null;
3870407;Butcher's Selection Lamb Shoulder Fillets 300g;£4.00;£13.33/kg;Lamb Steaks & Chops;null;null;null;null;null;null;null;null;
3699057;Butcher's Counter Lamb Chump Steaks;£11.42;£11.42/kg;Lamb Steaks & Chops;null;null;null;null;null;null;null;null;
3699065;Butcher's Counter Lamb Chops;£12.47;£12.47/kg;Lamb Steaks & Chops;null;null;null;null;null;null;null;null;
4268779;Butcher's Selection 12 Lamb Meatballs 340g;£2.20;£6.47/kg;Burgers, Meatballs & BBQ;null;null;null;null;null;null;null;null;
4634361;Butcher's Selection Oak Smoked Lamb Shoulder 380g;£4.00;£10.53/kg;Burgers, Meatballs & BBQ;null;21.8;7.5;7.5;15.2;7.0;0.8;0.7;
2875571;Yorkshire Dales Lamb & Mint Burgers 450g;£3.14;£6.98/kg;Burgers, Meatballs & BBQ;null;14.7;4.6;null;22.4;null;null;null;
3884622;Butcher's Selection Turkey Breast Mini Fillets 573g;£5.00;£8.73/kg;Turkey Fillets & Steaks;null;36.0;0.1;0.1;1.8;0.5;0.5;0.3;
4447236;Butcher's Selection Turkey Breast Steaks 480g;£4.00;£8.33/kg;Turkey Fillets & Steaks;null;31.3;0.1;0.1;2.8;0.7;0.5;0.2;
1350731;Butcher's Selection Turkey Breast Steaks 535g;£5.00;£9.35/kg;Turkey Fillets & Steaks;null;31.3;0.1;0.1;2.8;0.7;0.5;0.2;
2548842;Butcher's Selection Turkey Breast Fillet 340g;£3.00;£8.82/kg;Turkey Fillets & Steaks;null;31.9;0.1;0.1;2.3;0.7;0.5;0.3;
2548838;Butcher's Selection Turkey Breast Steaks 340g;£3.00;£8.82/kg;Turkey Fillets & Steaks;null;31.3;0.1;0.1;2.8;0.7;0.5;0.2;
4660723;Butcher's Selection Turkey Mini Breast Fillets 340g;£3.00;£8.82/kg;Turkey Fillets & Steaks;null;36.0;0.1;0.1;1.8;0.5;0.5;0.3;
2473072;ASDA SmartPrice Turkey Breast Steaks & Pieces 522g;£3.85;£7.38/kg;Turkey Fillets & Steaks;null;24.0;0.1;0.1;1.1;0.4;0.1;0.2;
3884638;Butcher's Selection Turkey Thigh Mince 250g;£1.50;£6.00/kg;Diced, Minced & Stirfry Turkey;null;19;0.5;0.5;6.8;0.1;0.5;0.25;
3001349;Butcher's Selection Turkey Breast Mince 340g;£3.00;£8.82/kg;Diced, Minced & Stirfry Turkey;null;32.2;0.1;0.1;1.1;0.3;0.5;0.2;
4457673;Butcher's Selection Lean Turkey Mince 500g;£2.50;£5.00/kg;Diced, Minced & Stirfry Turkey;null;18.9;0.1;0.1;6.8;0.1;0.5;0.3;
4046848;Butcher's Selection Turkey Mince 800g;£3.50;£4.38/kg;Diced, Minced & Stirfry Turkey;null;19;0.5;0.5;6.8;0.1;0.5;0.25;
2564868;Butcher's Selection Diced Turkey Breast 340g;£3.00;£8.82/kg;Diced, Minced & Stirfry Turkey;null;30.0;null;null;2.6;0.8;0.5;0.3;
2564870;Butcher's Selection Turkey Stir Fry 340g;£3.00;£8.82/kg;Diced, Minced & Stirfry Turkey;null;30.0;0.1;0.1;2.6;0.8;0.5;0.3;
2548844;Butcher's Selection Diced Turkey Thigh 600g;£3.00;£5.00/kg;Diced, Minced & Stirfry Turkey;null;28.2;0.3;0.1;7.2;2.3;0.5;0.2;
1350664;Butcher's Selection Boneless Turkey Breast Joint 573g;£5.00;£8.73/kg;Turkey Joints;null;31;0.5;0.5;2.8;0.7;0.5;0.2;
3802763;Butcher's Selection Turkey Drumstick 700g;£2.00;£2.86/kg;Turkey Joints;null;28;0.5;0.5;11;3.0;0.5;0.25;
1350644;Butcher's Selection Boneless Turkey Thigh Joint 800g;£4.00;£5.00/kg;Turkey Joints;209;27.2;0.1;0.1;11.0;3.3;0.5;0.2;
4834651;Butcher's Selection Roast in the Bag Turkey Breast Joint;£7.98;£8.40/kg;Turkey Joints;null;36.0;0.1;0.1;1.8;0.5;0.5;0.3;
3884628;Butcher's Selection Turkey Meatballs 400g;£2.25;£5.62/kg;Turkey Burgers & Meatballs;null;22.3;4.6;0.1;11.9;5.3;0.5;0.3;
3884631;Butcher's Selection Turkey Burgers 454g;£3.00;£6.61/kg;Turkey Burgers & Meatballs;null;20.7;8.7;2.1;4.1;1.1;0.5;1.0;
4834826;ASDA Gammon Shank with Pineapple Sauce 400g;£4.00;£10.00/kg;Gammon;191;23.6;9.1;9.1;6.6;2.2;0.5;2.8;
4819151;Butcher's Selection Boneless Family Gammon Joint with Honey Glaze 700g;£5.00;£7.14/kg;Gammon;null;21.0;3.9;3.9;2.0;0.7;0.7;1.8;
4819167;Butcher's Selection Gammon Joint with Cheddar & Mustard Crust 450g;£4.00;£8.89/kg;Gammon;null;19.7;2.4;0.7;5.5;1.6;0.7;3.1;
4819159;Butcher's Selection Boneless Gammon Joint with Honey Glaze 450g;£4.00;£8.89/kg;Gammon;null;21.9;3.1;3.1;3.3;1.1;0.5;1.4;
4819185;Butcher's Selection Gammon Steaks with Pineapple 380g;£4.00;£10.53/kg;Gammon;null;17.5;7.3;7.3;0.7;0.3;0.6;2.3;
2322265;ASDA Chicken Crown in Gravy 500g;£4.00;£8.00/kg;Chicken & Duck;128;15.7;1.6;0.4;6.4;1.7;0.5;1.1;
4834830;Asda Chosen by You 2 Hoisin Duck Legs 445g;£4.00;£8.99/kg;Chicken & Duck;218;23.4;8.3;7.8;10.0;2.9;0.5;1.0;
4615054;Asda Chosen by You Pepperoni BBQ Chicken Bake 800g;£4.50;£5.62/kg;Chicken & Duck;148;8.2;15.2;15.2;5.9;1.8;0.8;0.4;
4221570;Asda Chosen by You Chicken Carbonara 800g;£4.50;£5.62/kg;Chicken & Duck;119;10.5;3.4;1.8;6.8;2.6;1.3;0.3;
4221568;Asda Chosen by You Chicken Fajita 800g;£4.50;£5.62/kg;Chicken & Duck;109;10.4;4.8;4.6;5.0;1.2;1.8;0.9;
4555037;Asda Chosen by You Basil & Mozzarella 800g;£4.50;£5.62/kg;Chicken & Duck;106;8.6;4.3;4.3;5.7;2.4;1.4;0.5;
4834834;Butcher's Selection Boneless Chicken Breast Joint with Pepper & Parsley 450g;£4.00;£8.89/kg;Chicken & Duck;null;27.2;0.1;0.1;6.7;1.7;0.5;0.3;
4834866;Butcher's Selection Garlic & Herb Spatchcock Chicken 900g;£4.50;£5.00/kg;Chicken & Duck;215;23.9;0.4;0.2;13.0;4.3;0.5;0.3;
4834850;Butcher's Selection Piri Piri Spatchcock Chicken 900g;£4.50;£5.00/kg;Chicken & Duck;209;25.2;1.7;1.2;11.2;3.0;0.5;0.4;
4834868;Butcher's Selection Mediterranean Chicken Bake 1350g;£5.00;£3.70/kg;Chicken & Duck;126;13.8;4.3;3.5;5.8;1.7;0.8;0.7;
4834844;Butcher's Selection Chicken with a Cheese & Ham Crust 380g;£4.00;£10.53/kg;Chicken & Duck;null;24.1;5.1;0.3;8.0;3.6;0.5;0.8;
4834852;Butcher's Selection Chicken with Pesto & Mozzarella 332g;£4.00;£12.05/kg;Chicken & Duck;null;26.7;0.4;0.2;4.6;1.5;0.5;0.4;
4834842;Butcher's Selection Chicken with Cheese & Bacon 380g;£4.00;£10.53/kg;Chicken & Duck;null;25.5;0.6;0.3;9.3;4.0;0.5;1.1;
4834854;Butcher's Selection Chicken with Bacon Mushroom & Cheese Sauce 380g;£4.00;£10.53/kg;Chicken & Duck;null;22.8;0.8;0.4;5.5;2.5;0.5;0.5;
4834864;Butcher's Selection Chicken with Bacon Leek & Cheese Sauce 380g;£4.00;£10.53/kg;Chicken & Duck;null;20.7;1.8;0.7;6.4;3.0;0.5;0.5;
4834832;Butcher's Selection Chicken en Croute 402g;£4.00;£9.95/kg;Chicken & Duck;null;15.8;17.9;1.1;15.4;7.2;2.1;1.0;
4834848;Butcher's Selection Chicken & Nacho Crumb with Chilli Cheese 369g;£4.00;£10.84/kg;Chicken & Duck;null;20.3;6.2;2.2;7.1;2.7;1.2;0.8;
4834840;Butcher's Selection Chicken & Winter Vegetable Casserole 1350g;£5.00;£3.70/kg;Chicken & Duck;139;14.6;5.1;4.5;6.5;2.0;1.0;0.6;
4834838;Butcher's Selection Buffalo Chicken with Chilli Cheese Melt 334g;£4.00;£11.98/kg;Chicken & Duck;null;22.9;3.5;1.0;4.4;2.1;0.5;0.9;
4834860;Butcher's Selection Boneless Chicken Breast Joint with Pepper & Parsley 700g;£5.00;£7.14/kg;Chicken & Duck;null;25.0;0.1;0.1;6.2;1.5;0.5;0.3;
4819165;Butcher's Selection Boneless Chicken Breast Dinner Joint 520g;£4.00;£7.69/kg;Chicken & Duck;null;21.1;2.0;0.5;9.9;3.6;0.7;0.5;
4819163;Butcher's Selection Boneless Chicken Breast Joint with Sage & Onion Stuffing 470g;£4.00;£8.51/kg;Chicken & Duck;null;22.7;0.9;0.6;7.3;2.3;0.6;0.4;
4834846;Butcher's Selection Chicken & Chorizo 380g;£4.00;£10.53/kg;Chicken & Duck;null;24.2;2.0;1.1;6.2;2.7;0.9;0.5;
4819197;Butcher's Selection Chicken Casserole 560g;£4.00;£7.14/kg;Chicken & Duck;null;11.3;6.8;5.2;5.9;2.0;1.2;0.6;
4819187;Butcher's Selection Chicken Kievs 370g;£4.00;£10.81/kg;Chicken & Duck;null;21.2;5.6;0.4;11.3;5.5;0.5;0.2;
4819207;Butcher's Selection Extra Tasty Chicken Breast Joint 450g;£4.00;£8.89/kg;Chicken & Duck;null;24.8;0.3;0.3;6.9;2.1;0.5;0.6;
4819179;Butcher's Selection Hot Cajun Chicken 380g;£4.00;£10.53/kg;Chicken & Duck;null;21.3;4.0;4.0;6.3;0.7;1.5;0.6;
4819183;Butcher's Selection Hunters Chicken 380g;£4.00;£10.53/kg;Chicken & Duck;null;23.0;7.6;7.6;5.9;2.6;0.7;0.7;
4819155;Butcher's Selection Large Chicken Breast Dinner Joint 850g;£5.00;£5.88/kg;Chicken & Duck;null;19.8;2.7;0.8;9.6;3.3;0.5;0.7;
4819175;Butcher's Selection Large Chicken Casserole 900g;£5.00;£5.56/kg;Chicken & Duck;null;10.0;6.1;4.9;5.4;1.8;1.0;0.5;
4819177;Butcher's Selection Louisiana Hot BBQ Chicken 380g;£4.00;£10.53/kg;Chicken & Duck;null;18.9;5.7;5.7;2.6;0.6;1.3;0.6;
4819189;Butcher's Selection Piri Piri Chicken 380g;£4.00;£10.53/kg;Chicken & Duck;null;20.6;3.2;3.2;5.6;0.7;1.7;0.1;
4819191;Butcher's Selection Spanish Chicken 380g;£4.00;£10.53/kg;Chicken & Duck;null;17.9;1.8;1.8;13.0;4.1;0.8;0.5;
2322259;ASDA Chosen by You Beef Casserole 500g;£4.00;£8.00/kg;Beef;94;17.7;1.6;0.6;1.8;0.6;0.5;1.0;
4555045;ASDA Chosen by You Beef Steak with Peppercorn Sauce 300g;£4.00;£13.33/kg;Beef;195;25.3;2.4;1.5;9.2;4.6;0.5;0.4;
2322261;ASDA Chosen by You Braised Beef Steaks in Gravy 500g;£4.00;£8.00/kg;Beef;88;13.9;3.5;1.7;1.9;0.8;0.5;0.7;
2322257;ASDA Chosen by You Beef Joint in Gravy 500g;£4.00;£8.00/kg;Beef;130;15.8;2.5;0.9;6.2;2.1;0.5;0.6;
4834870;Butcher's Selection Rump Beef Burger with Boston BBQ Melt 325g;£4.00;£12.31/kg;Beef;null;17.8;5.4;2.0;19.1;9.0;1.4;1.2;
4221572;ASDA Chosen by You Pork & Beef Tex Mex Meatballs 800g;£4.50;£5.62/kg;Beef;189;10.5;8.4;3.6;12.1;4.8;2.1;0.7;
4819195;Butcher's Selection Beef Casserole 500g;£4.00;£8.00/kg;Beef;null;13.2;6.3;4.9;5.5;1.9;1.6;0.6;
4819173;Butcher's Selection Large Beef Casserole 800g;£5.00;£6.25/kg;Beef;null;12.1;6.3;4.7;2.8;1.5;1.7;0.6;
4834862;Butcher's Selection Rump Grillsteaks with Peppercorn Sauce 350g;£4.00;£11.43/kg;Beef;null;16.3;6.4;2.8;16.9;6.7;1.1;0.9;
4221572;ASDA Chosen by You Pork & Beef Tex Mex Meatballs 800g;£4.50;£5.62/kg;Pork;189;10.5;8.4;3.6;12.1;4.8;2.1;0.7;
4819181;Butcher's Selection Texan BBQ Smoky Pork Loin Steaks 380g;£4.00;£10.53/kg;Pork;null;21.7;10.8;10.8;13.1;4.9;1.4;0.7;
4150507;ASDA Chosen by You Liver and Onions 500g;£4.00;£8.00/kg;Lamb;91;9.8;4.8;3.2;3.4;1.2;0.9;0.3;
4819193;Butcher's Selection Lamb Casserole 480g;£4.00;£8.33/kg;Lamb;null;15.6;7.6;6.6;12.7;5.8;1.7;1.8;
4819171;Butcher's Selection Large Lamb Casserole 750g;£5.00;£6.67/kg;Lamb;null;11.0;6.0;5.9;10.2;4.8;1.5;1.2;
4834836;Butcher's Selection Turkey Breast with Brie Cranberry & Bacon 380g;£4.00;£10.53/kg;Turkey;null;26.4;2.7;2.7;4.7;2.2;0.8;0.8;
4819161;Butcher's Selection Boneless Turkey Breast Joint 450g;£4.00;£8.89/kg;Turkey;null;28.6;0.2;0.2;7.6;1.7;0.5;0.3;
4819153;Butcher's Selection Family Turkey Breast Joint 700g;£5.00;£7.14/kg;Turkey;null;27.8;0.2;0.2;8.7;2.3;0.5;0.4;
4819157;Butcher's Selection Family Turkey Breast Joint with Bacon 675g;£5.00;£7.41/kg;Turkey;null;28.0;0.2;0.2;6.0;1.9;0.5;0.9;
4819169;Butcher's Selection Turkey Breast Joint with Bacon 450g;£4.00;£8.89/kg;Turkey;null;24.7;0.2;0.2;4.0;1.1;0.5;0.8;
1790091;ASDA Lamb Liver;£2.22;£2.22/kg;Offal;null;null;null;null;null;null;null;null;
1790085;ASDA Lamb kidney (Typically 0.6 kg);£2.99;£2.99/kg;Offal;null;null;null;null;null;null;null;null;
2998642;ASDA Pigs Kidney;£1.65;£1.65/kg;Offal;null;null;null;null;null;null;null;null;
1790125;ASDA Pork Liver;£1.70;£1.70/kg;Offal;null;null;null;null;null;null;null;null;
3699069;Butcher's Counter Lambs Hearts;£3.50;£3.50/kg;Offal;null;null;null;null;null;null;null;null;
3699071;Butcher's Counter Lambs Liver;£2.22;£2.22/kg;Offal;null;null;null;null;null;null;null;null;
3699083;Butcher's Counter Ox Kidney;£2.98;£2.98/kg;Offal;null;null;null;null;null;null;null;null;
3720737;Butcher's Counter Ox Tail;£6.48;£6.48/kg;Offal;null;null;null;null;null;null;null;null;
3884748;Butcher's Selection Lamb Heart;£3.50;£3.50/kg;Offal;null;null;null;null;null;null;null;null;
4922852;Fish Made Simple Salmon with Lemon & Pepper Butter 270g;£4.00;£14.81/kg;Salmon;null;19.5;0.2;0.2;20.0;5.6;null;0.4;
3278304;Fish Counter Salmon Portion 130g;£2.48;£19.08/kg;Salmon;null;null;null;null;null;null;null;null;
648018;Fish Counter Salmon Fillets;£9.97;£9.97/kg;Salmon;null;null;null;null;null;null;null;null;
3278298;Fish Counter Chilli & Coriander Salmon 120g;£3.00;£25.00/kg;Salmon;null;null;null;null;null;null;null;null;
4594275;Fish Counter Salmon Parcel with Lemon 120g;£3.00;£25.00/kg;Salmon;null;null;null;null;null;null;null;null;
3839213;Fish Counter Salmon Parcel with Mozzerella Cheese 130g;£3.00;£23.08/kg;Salmon;null;null;null;null;null;null;null;null;
3903211;Fish Counter Salmon with Lemon & Pepper Butter;£2.48;£2.48/each;Salmon;null;null;null;null;null;null;null;null;
3903207;Fish Counter Salmon with Sweet Chilli Marinade;£2.48;£2.48/each;Salmon;null;null;null;null;null;null;null;null;
3278300;Fish Counter Lemon & Pepper Salmon Portion 120g;£3.00;£25.00/kg;Salmon;null;null;null;null;null;null;null;null;
3278302;Fish Counter Lightly Smoked Salmon Portion 120g;£3.00;£25.00/kg;Salmon;null;null;null;null;null;null;null;null;
3554928;Fish Counter Salmon Steak Thyme & Pepper 180g;£3.00;£16.67/kg;Salmon;null;null;null;null;null;null;null;null;
3834748;Fish Counter Salmon Thai Parcels 120g;£3.00;£25.00/kg;Salmon;null;null;null;null;null;null;null;null;
3717519;Fish Counter Wild Sockeye Salmon 125g;£3.00;£24.00/kg;Salmon;null;null;null;null;null;null;null;null;
4834562;Fish Counter Tomato & Red Pepper Basa Portion 160g;£3.00;£18.75/kg;White Fish;null;null;null;null;null;null;null;null;
4922854;Fish Made Simple Cod with Garlic Butter 280g;£4.00;£14.29/kg;White Fish;null;16.6;0.1;0.1;4.2;2.6;null;0.4;
3279506;Fish Counter Cod Portion 150g;£2.50;£16.67/kg;White Fish;null;null;null;null;null;null;null;null;
3280722;Fish Counter Seabass Fillets 100g;£2.50;£25.00/kg;White Fish;null;null;null;null;null;null;null;null;
648457;Fish Counter Cod Loin;£13.50;£13.50/kg;White Fish;null;null;null;null;null;null;null;null;
3385221;Fish Counter River Cobbler 175g;£2.50;£14.29/kg;White Fish;null;null;null;null;null;null;null;null;
4498463;Fish Counter Sea Bass with Sweet Chilli Marinade 100g;£2.50;£25.00/kg;White Fish;null;null;null;null;null;null;null;null;
4411078;Fish Counter Cheese and Spring Onion Cod Parcel 175g;£3.00;£17.14/kg;White Fish;null;null;null;null;null;null;null;null;
4676857;Fish Counter Sea Bream stuffed with Chilli and Coriander 126g;£3.00;£23.81/kg;White Fish;null;null;null;null;null;null;null;null;
648001;Fish Counter Haddock Fillet;£10.98;£10.98/kg;White Fish;null;null;null;null;null;null;null;null;
4498471;Fish Counter Cod Portion 160g;£2.50;£15.62/kg;White Fish;null;null;null;null;null;null;null;null;
648015;Fish Counter Plaice Fillet;£8.00;£8.00/kg;White Fish;null;null;null;null;null;null;null;null;
4676859;Fish Counter Sea Bass stuffed with Tomato and Olive 126g;£3.00;£23.81/kg;White Fish;null;null;null;null;null;null;null;null;
3580165;Fish Counter Sea Bream Fillets 100g;£2.50;£25.00/kg;White Fish;null;null;null;null;null;null;null;null;
2130883;Fish Counter Ray Wings;£9.97;£9.97/kg;White Fish;null;null;null;null;null;null;null;null;
4018733;Fish Counter Hake;£12.00;£12.00/kg;White Fish;null;null;null;null;null;null;null;null;
3038063;Fish Counter Cod Fillet;£7.00;£7.00/kg;White Fish;null;null;null;null;null;null;null;null;
4801858;Fish Counter Undyed Smoked Haddock Fillet;£12.00;£12.00/kg;Smoked Fish;null;null;null;null;null;null;null;null;
3675274;Fish Counter Smoked Cod 140g;£2.50;£17.86/kg;Smoked Fish;null;null;null;null;null;null;null;null;
3385223;Fish Counter Smoked River Cobbler 160g;£2.50;£15.62/kg;Smoked Fish;null;null;null;null;null;null;null;null;
648458;Fish Counter Smoked Cod Loin;£14.50;£14.50/kg;Smoked Fish;null;null;null;null;null;null;null;null;
4498457;Fish Counter Smoked River Cobbler with Parsley Sauce 220g;£2.50;£11.36/kg;Smoked Fish;null;null;null;null;null;null;null;null;
4922850;ASDA Fish Made Simple Smoked Haddock with Butter 240g;£4.00;£16.67/kg;Smoked Fish;null;19.5;0.1;0.1;6.0;3.8;0.3;1.3;
4801856;Fish Counter Smoked Haddock Fillet;£12.00;£12.00/kg;Smoked Fish;null;null;null;null;null;null;null;null;
1089482;Fish Counter Whole Sea Bream 250g;£3.00;£12.00/kg;Whole Fish;null;null;null;null;null;null;null;null;
1089523;Fish Counter Whole Sea Bass 250g;£3.00;£12.00/kg;Whole Fish;null;null;null;null;null;null;null;null;
3492047;Fish Counter Whole Trout;£1.50;£5.56/kg;Whole Fish;null;null;null;null;null;null;null;null;
4609377;Fish Counter Whole Plaice 230g;£1.00;£4.35/kg;Whole Fish;null;null;null;null;null;null;null;null;
1232148;Fish Counter Manx Kippers;£5.97;£5.97/kg;Whole Fish;null;null;null;null;null;null;null;null;
3052936;Fish Counter Whole Sardines;£3.97;£3.97/kg;Whole Fish;null;null;null;null;null;null;null;null;
3611540;Fish Counter Line Caught Tuna Steak 130g;£4.00;£30.77/kg;Tuna, Trout & Mackerel;null;null;null;null;null;null;null;null;
2863835;Fish Counter Mackerel Kebabs 100g;£1.15;£11.50/kg;Tuna, Trout & Mackerel;null;null;null;null;null;null;null;null;
1828957;Fish Counter Trout Stuffed with Spinach & Ricotta Cheese 180g;£3.00;£16.67/kg;Tuna, Trout & Mackerel;null;null;null;null;null;null;null;null;
4267288;Fish Counter Trout with Tomato Stuffing 180g;£3.00;£16.67/kg;Tuna, Trout & Mackerel;null;null;null;null;null;null;null;null;
3976018;New England Seafood 2 Wild Salmon FiIlets 230g;£4.00;£17.39/kg;Salmon, Tuna & Trout;null;25.9;0.2;0.2;5.6;1.6;0.3;null;
4777761;The Funky Fish Kitchen 2 Salmon Fillets with Lime & Soy Butter 260g;£4.00;£15.38/kg;Salmon, Tuna & Trout;216;20.5;0.3;0.3;14.6;3.3;0.4;0.3;
4790901;Young's Salmon Fillets 240g;£3.97;£16.54/kg;Salmon, Tuna & Trout;null;23.0;0.0;0.0;14.7;2.5;0.0;0.1;
4617224;ASDA Boneless Skin On Salmon Fillets 240g;£2.65;£11.04/kg;Salmon, Tuna & Trout;null;23.0;null;null;14.7;3.9;null;0.1;
4791615;ASDA Boneless Skin On Salmon Fillets 340g;£4.00;£11.76/kg;Salmon, Tuna & Trout;null;24.2;null;null;13.1;4.1;null;null;
1559048;ASDA 6 Salmon Fillets 780g;£8.60;£11.03/kg;Salmon, Tuna & Trout;224;23.6;null;null;14.4;3.9;null;0.1;
1838277;ASDA SmartPrice Salmon Fillets (Minimum Weight 0.3 kg);£10.00;£10.00/kg;Salmon, Tuna & Trout;null;23.8;null;null;13.7;4.0;null;0.1;
1195882;ASDA Extra Special Lightly Smoked Scottish Salmon Fillets 240g;£4.00;£16.67/kg;Salmon, Tuna & Trout;null;21.6;0.1;0.1;15.4;5.3;null;0.7;
3973503;ASDA Extra Special Wild Sockeye Salmon Fillets 230g;£5.00;£21.74/kg;Salmon, Tuna & Trout;null;21.2;0.1;0.1;7.2;1.9;0.1;0.2;
4420600;The Funky Fish Kitchen Salmon Fillets with Chilli Dressing 290g;£4.00;£13.79/kg;Salmon, Tuna & Trout;233;16.9;7.6;6.3;14.9;2.4;0.5;0.7;
3968118;ASDA Rainbow Trout Fillets 210g;£4.00;£19.05/kg;Salmon, Tuna & Trout;null;25.3;0.1;null;9.0;3.2;null;0.2;
2937516;ASDA Tuna Steaks (Minimum Weight 0.17 kg);£18.97;£18.97/kg;Salmon, Tuna & Trout;null;31.5;null;0.1;1.1;1.0;0.1;null;
4631362;The Funky Fish Kitchen Trout Fillets with Lemon Butter 260g;£4.00;£15.38/kg;Salmon, Tuna & Trout;210;20.2;0.2;0.2;14.3;3.6;null;0.28;
4969928;ASDA Fish Pie Mix 340g;£4.00;£11.76/kg;Salmon, Tuna & Trout;null;21.6;null;null;6.0;1.0;null;0.4;
4681763;ASDA Cod Fillets 260g;£4.00;£15.38/kg;White Fish Fillets;null;21.5;null;null;1.3;0.3;null;0.2;
4681767;ASDA Haddock Fillets 240g;£4.00;£16.67/kg;White Fish Fillets;null;23.3;null;null;0.5;0.1;null;0.3;
4681773;ASDA Plaice Fillets 280g;£4.00;£14.29/kg;White Fish Fillets;null;21.7;null;null;3.9;1.2;null;0.3;
3657390;ASDA River Cobbler Fillets 240g;£2.50;£1.04/100g;White Fish Fillets;null;19.7;null;null;1.8;0.8;null;0.1;
4016132;ASDA Sea Bass Fillets 180g;£4.00;£22.22/kg;White Fish Fillets;null;18.1;1.3;0.4;12.5;2.8;1.0;null;
4016134;ASDA Sea Bream Fillets 180g;£4.00;£22.22/kg;White Fish Fillets;null;22.7;0.1;0.1;11.4;3.8;0.8;null;
4969928;ASDA Fish Pie Mix 340g;£4.00;£11.76/kg;White Fish Fillets;null;21.6;null;null;6.0;1.0;null;0.4;
4681765;ASDA Smoked Cod Fillets 230g;£4.00;£17.39/kg;Smoked Fish Fillets;null;21.1;null;null;0.7;0.2;null;1.1;
4681771;ASDA Smoked Haddock Fillets 220g;£4.00;£18.18/kg;Smoked Fish Fillets;null;22.6;null;null;0.7;0.2;null;1.0;
3657392;ASDA Smoked River Cobbler Fillets 230g;£2.50;£1.09/100g;Smoked Fish Fillets;null;22.9;null;null;2.7;1.2;null;1.2;
3385135;ASDA Smoked Haddock Fillet 105g;£1.70;£16.19/kg;Smoked Fish Fillets;null;17.3;0.1;0.1;2.4;1.7;0.5;null;
3457918;ASDA Scottish Kippers 200g;£1.30;£0.65/100g;Smoked Fish Fillets;null;19.0;1.0;null;24.0;7.3;0.5;null;
4788200;ASDA Extra Special 2 Cod & Spanish Chorizo Fishcakes;£1.83;£6.78/kg;Fishcakes;null;11.3;13.4;1.4;9.8;2.5;1.5;0.7;
4788300;ASDA Extra Special Salmon, Petit Pois & Chive Fishcakes;£1.83;£6.78/kg;Fishcakes;null;13.0;13.7;1.6;11.6;1.6;1.6;0.5;
4788192;The Funky Fish Kitchen Smoked Cod Fishcakes with a Spicy Chowder Sauce 270g;£2.50;£9.26/kg;Fishcakes;177;8.1;18.5;1.7;7.6;1.9;1.2;0.9;
3654270;ASDA Smoked Haddock & Spring Onion Fishcakes 270g;£1.47;£5.44/kg;Fishcakes;null;9.7;18.8;1.6;7.0;0.9;1.4;0.8;
3654268;ASDA Jumbo Thai Prawn Fishcakes;£1.47;£5.44/kg;Fishcakes;null;8.8;18.7;1.4;7.2;0.6;1.8;0.8;
3654266;ASDA Cod & Parsley Fishcakes 270g;£1.47;£5.44/kg;Fishcakes;null;10.5;18.0;1.1;8.4;1.5;2.0;0.6;
3654262;ASDA Salmon & Dill Fishcakes 270g;£1.47;£5.44/kg;Fishcakes;null;11.0;18.5;1.3;9.0;1.1;1.5;0.6;
4589289;ASDA Extra Special Smoked Haddock, Cheddar & Leek Fishcakes;£1.83;£6.78/kg;Fishcakes;null;11.0;15.9;1.3;7.9;1.9;1.6;0.8;
4589291;ASDA Extra Special Cod, Rocket & King Prawn Fishcakes;£1.83;£6.78/kg;Fishcakes;null;9.1;16.2;1.4;7.4;1.5;1.7;0.6;
4271028;ASDA Extra Special Orkney Crab & Prawn Fishcakes;£1.83;£7.62/kg;Fishcakes;null;9.1;19.6;1.4;7.2;0.9;1.7;0.7;
4589287;ASDA Extra Special Smoked Salmon & Horseradish Fishcakes;£1.83;£6.78/kg;Fishcakes;null;12.1;15.7;1.2;8.6;1.6;1.2;1.0;
4420516;The Funky Fish Kitchen Cod Fishcakes with Tartare Center 270g;£2.50;£9.26/kg;Fishcakes;173;8.1;16.0;0.5;8.2;2.4;1.5;0.8;
4420524;The Funky Fish Kitchen Haddock Fishcakes with Smoked Cheese Centre 270g;£2.50;£9.26/kg;Fishcakes;191;9.2;18.0;1.5;8.9;2.6;1.1;0.7;
4788196;ASDA Chosen by You Chunky Breaded Cod Fillets;£2.07;£5.91/kg;Breaded Fillets & Portions;null;13.9;14.8;0.8;7.2;0.6;1.1;0.6;
3647644;ASDA 2 Breaded Cod Fillets;£1.68;£5.92/kg;Breaded Fillets & Portions;null;12.6;20.3;1.8;8.6;0.7;1.0;0.6;
3647646;ASDA Chosen by You Breaded Haddock Fillets;£1.68;£5.92/kg;Breaded Fillets & Portions;null;13.1;18.6;1.3;11.0;0.9;0.8;0.6;
4589285;ASDA 2 Breaded Plaice Fillets;£1.68;£5.25/kg;Breaded Fillets & Portions;null;12.6;19.4;1.3;10.0;1.0;1.2;0.6;
4388177;ASDA Seeded Cod Fillets 250g;£1.68;£6.72/kg;Breaded Fillets & Portions;null;14.9;7.5;1.1;8.6;0.7;1.3;0.6;
4388179;ASDA Seasoned River Cobbler Fillets 300g;£1.68;£5.60/kg;Breaded Fillets & Portions;null;14.7;9.0;0.5;9.2;1.3;0.8;0.6;
3930100;Young's 4 Breaded Fish Fillets 600g;£3.97;£6.62/kg;Breaded Fillets & Portions;192;13.9;12.8;0.8;9.0;0.8;2.3;0.7;
4659683;Young's 2 Breaded Fish Fillets 300g;£2.00;£6.67/kg;Breaded Fillets & Portions;192;13.9;12.8;0.8;9.0;0.8;2.3;0.7;
4388173;ASDA Breaded Haddock Fillets Topped with Minted Pea 370g;£2.18;£5.89/kg;Breaded Fillets & Portions;null;10.7;18.7;1.6;7.8;1.2;1.9;0.6;
4388175;ASDA Breaded Cod Fillets Topped with Mornay Cheese 370g;£2.18;£5.89/kg;Breaded Fillets & Portions;null;11.5;17.0;1.3;10.5;1.9;1.8;0.7;
4834945;ASDA Extra Special Smoked Salmon with Glen Moray Whiskey 120g;£5.00;£41.67/kg;Smoked Salmon & Trout;194;24.6;0.4;0.1;10.4;3.1;null;3.1;
4660599;ASDA Extra Special Scottish Smoked Salmon 120g;£5.00;£41.67/kg;Smoked Salmon & Trout;191;24.3;1.5;0.1;9.7;2.8;null;2.8;
4589604;ASDA Extra Special Smoked Scottish Salmon with Cider 120g;£5.00;£41.67/kg;Smoked Salmon & Trout;163;21.1;0.9;0.3;8.3;2.7;null;2.1;
4806838;Young's Smoked Salmon Slices 150g;£3.97;£2.65/100g;Smoked Salmon & Trout;null;23.5;null;null;6.9;1.5;0.5;null;
4795662;ASDA Smoked Scottish Salmon Strips 135g;£2.55;£18.89/kg;Smoked Salmon & Trout;null;24.3;null;null;9.7;2.8;null;2.8;
4765797;ASDA Smoked Scottish Salmon 120g;£4.00;£33.33/kg;Smoked Salmon & Trout;172;22.1;null;null;9.3;2.9;null;2.3;
4834943;ASDA Lemon & Pepper Smoked Salmon 120g;£4.00;£33.33/kg;Smoked Salmon & Trout;null;22.3;0.6;0.3;10.1;2.9;1.2;3.5;
995547;ASDA Ready To Eat Scottish Smoked Salmon 200g;£2.96;£14.80/kg;Smoked Salmon & Trout;172;22.1;null;null;9.3;2.9;null;2.3;
2825014;ASDA Smartprice Smoked Salmon Slices 200g;£2.65;£13.25/kg;Smoked Salmon & Trout;185;22.6;null;null;10.5;3.7;null;3.0;
995572;ASDA Smartprice Smoked Salmon Trimmings 120g;£1.25;£10.42/kg;Smoked Salmon & Trout;null;21.2;null;null;11.9;4.5;0.5;3.1;
4814094;The Funky Fish Kitchen Masala Smoked Mackerel Fillets 240g;£3.00;£1.25/100g;Cooked & Smoked Fillets;331;18.8;5.4;3.3;26.0;6.0;0.3;1.4;
3197204;ASDA Smoked Mackerel Fillets 285g;£1.97;£0.69/100g;Cooked & Smoked Fillets;null;22.3;0.1;null;33.5;9.4;null;2.0;
1838271;ASDA Hot Smoked Mackerel Fillets;£10.48;£10.48/kg;Cooked & Smoked Fillets;null;22.5;0.1;null;33.5;9.4;null;2.0;
1838273;ASDA Hot Smoked Peppered Mackerel Fillets;£10.97;£10.97/kg;Cooked & Smoked Fillets;null;18.5;2.0;0.1;24.2;1.6;0.9;2.6;
4470074;ASDA Hot Smoked Mackerel Strips;£14.48;£14.48/kg;Cooked & Smoked Fillets;null;22.5;0.1;null;33.5;9.4;null;2.0;
4281522;ASDA Hot Smoked Mackerel Chilli Strips 200g;£3.50;£1.75/100g;Cooked & Smoked Fillets;null;21.3;8.2;7.2;25.9;5.8;1.1;1.5;
4608700;ASDA Hot Smoked Mackerel with Piri Piri 210g;£3.00;£1.43/100g;Cooked & Smoked Fillets;null;19.6;7.1;4.0;28.1;6.3;1.2;1.6;
4608698;ASDA Smoked Mackerel with Pepper 210g;£3.00;£1.43/100g;Cooked & Smoked Fillets;null;17.5;8.1;6.4;24.7;5.2;0.7;1.9;
4589606;ASDA Hot Smoked Salmon with Lemon & Parsley 180g;£4.00;£22.22/kg;Cooked & Smoked Fillets;null;23.3;1.5;null;12.4;3.0;null;1.9;
4589608;ASDA Hot Smoked Salmon with Chipotle & Honey;£2.98;£16.56/kg;Cooked & Smoked Fillets;null;24.1;2.3;1.5;11.1;1.7;0.5;0.4;
4242352;ASDA Ready To Eat Hot Smoked Salmon Flakes;£3.50;£25.93/kg;Cooked & Smoked Fillets;null;23.2;0.1;1.2;9.6;3.3;0.5;null;
4589612;ASDA Peppered Smoked Trout Strips;£3.15;£1.58/100g;Cooked & Smoked Fillets;null;20.9;0.9;0.3;5.9;1.0;0.5;1.0;
4258653;ASDA Peppered Mackerel Flakes;£2.05;£20.50/kg;Cooked & Smoked Fillets;null;18.5;2.0;0.1;24.2;5.1;0.9;2.6;
4589614;ASDA Ready To Eat Smoked Trout flakes 120g;£2.00;£16.67/kg;Cooked & Smoked Fillets;null;24.2;0.1;0.1;6.7;1.1;0.5;1.8;
3968120;ASDA Extra Special Golden Roast Scottish Salmon 200g;£5.00;£25.00/kg;Cooked & Smoked Fillets;null;24.3;0.1;0.1;7.3;2.8;0.5;1.1;
3968122;ASDA Extra Special Peppered Hand Carved Golden Roast Scottish Salmon Slices 200g;£5.00;£25.00/kg;Cooked & Smoked Fillets;null;24.1;0.1;0.1;7.2;2.1;null;1.2;
4439882;The Funky Fish Kitchen Roasted Salmon Fillets with Relish 220g;£4.00;£18.18/kg;Cooked & Smoked Fillets;276;21.2;5.7;5.7;18.7;3.7;0.3;0.8;
4439886;The Funky Fish Kitchen Poached Salmon Fillets with Chutney 220g;£4.00;£18.18/kg;Cooked & Smoked Fillets;236;20.3;3.3;3.3;15.8;2.7;0.4;0.4;
4634349;The Funky Fish Kitchen Honey Roast Salmon Fillets with Dill Sauce 220g;£4.00;£1.82/100g;Cooked & Smoked Fillets;295;21.8;8.5;5.5;19.4;2.8;0.8;0.7;
4631386;Young's Jumbo Surimi Sticks;£1.00;£5.00/kg;Surimi Seafood Sticks;128;6.9;22.1;6.6;1.4;0.1;0.0;1.8;
3811969;Young's Seafood Sticks 200g;£1.09;£0.54/100g;Surimi Seafood Sticks;128;6.9;22.1;6.6;1.4;0.1;0.0;1.8;
3878402;Young's Seafood Sticks with Dip 160g;£1.45;£9.06/kg;Surimi Seafood Sticks;224;5.3;18.8;6.6;14.2;1.0;0.1;null;
3801570;Young's Seafood Sticks 400g;£2.10;£0.52/100g;Surimi Seafood Sticks;128;6.9;22.1;6.6;1.4;0.1;0.0;1.8;
4166681;ASDA Ready To Eat Prawn Cocktail 140g;£1.55;£1.11/100g;Cocktails, Pates & Pickled;null;8.2;1.9;1.9;30.7;2.2;0.3;null;
3675760;ASDA Extra Special Creamy Prawn Cocktail 190g;£2.60;£1.37/100g;Cocktails, Pates & Pickled;null;7.2;1.1;0.9;27.0;2.0;0.4;1.2;
4020106;Young's Reduced Fat Prawn Cocktail;£1.00;£7.14/kg;Cocktails, Pates & Pickled;190;6.7;5.6;3.5;15.5;1.2;0.4;1.2;
4020104;Young's Seafood Stick Cocktail 140g;£1.20;£8.57/kg;Cocktails, Pates & Pickled;360;3.6;9.6;4.1;34.1;2.4;0.3;1.6;
3840020;ASDA Ready To Eat Crab Pate 115g;£1.30;£11.30/kg;Cocktails, Pates & Pickled;null;12.7;6.9;0.3;11.5;3.5;0.5;0.8;
3840022;ASDA Smoked Salmon Pate 115g;£1.20;£10.43/kg;Cocktails, Pates & Pickled;null;15.4;2.1;1.1;17.1;7.3;0.7;1.3;
3840024;ASDA Smoked Mackerel Pate 115g;£1.30;£11.30/kg;Cocktails, Pates & Pickled;null;15.0;3.3;2.3;28.7;9.2;3.2;1.4;
2710087;ASDA Rollmops 260g;£1.30;£5.00/kg;Cocktails, Pates & Pickled;null;10.5;7.3;5.6;11.4;4.0;0.6;2.7;
2710089;ASDA Ready To Eat Mussels 250g;£1.50;£6.00/kg;Cocktails, Pates & Pickled;null;13.8;0.2;0.1;2.5;1.2;0.8;2.3;
3915155;Lisner Matjas Fish Fillets 220g;£1.50;£0.68/100g;Herring;null;8;1;0;1;5;null;1;
2799613;Lisner Herrings in Cream / Sledzie w Smietanie 280g;£1.50;£0.53/100g;Herring;null;null;null;null;null;null;null;null;
3699013;Lisner Herring Fillets in Dill Sauce 280g;£1.50;£0.53/100g;Herring;null;null;null;null;null;null;null;null;
4788198;ASDA Extra Special Large Coldwater Prawns 190g;£4.00;£21.05/kg;Prawns;null;15.4;null;null;0.4;0.2;null;1.4;
3680437;ASDA Ready to Eat Cooked and Peeled King Prawns 180g;£3.43;£19.06/kg;Prawns;null;14.8;0.6;0.1;0.6;0.2;null;1.5;
3391310;ASDA Raw Peeled King Prawns 190g;£3.43;£18.05/kg;Prawns;null;18.2;0.4;0.4;1.3;0.5;null;1.5;
4035046;ASDA Whole Cooked Prawns 200g;£2.00;£1.00/100g;Prawns;null;19.8;0.1;0.1;0.4;0.1;null;1.3;
4844198;ASDA Cooked and Peeled Prawns 210g;£3.50;£1.67/100g;Prawns;null;15.4;null;null;0.4;0.2;null;1.4;
3287747;ASDA Cooked & Peeled Prawns 145g;£2.20;£15.17/kg;Prawns;null;15;0;0;0.5;0.2;0;1.4;
3287749;ASDA Cooked & Peeled Prawns 180g;£2.35;£13.06/kg;Prawns;null;10.5;null;null;0.7;0.2;null;2.0;
4885148;Young's Cooked & Peeled King Prawns 185g;£3.97;£21.46/kg;Prawns;73;16.3;0.2;0.2;0.7;0.3;0.0;1.3;
602309;ASDA Ready To Eat Rope Grown Mussels 175g;£1.30;£7.43/kg;Shellfish;null;16.9;1.7;0.2;0.8;0.2;null;1.0;
4660896;ASDA Mussles in a Garlic Sauce 500g;£3.00;£6.00/kg;Shellfish;73;7.1;2.7;0.9;3.6;2.1;0.8;1.8;
4660898;ASDA Mussles in a Thai Sauce 500g;£3.00;£6.00/kg;Shellfish;68;8.5;2.1;0.9;2.7;1.5;0.6;1.4;
3200402;ASDA Ready To Eat Seafood Selection 240g;£2.50;£1.04/100g;Shellfish;null;10;12;2.2;1.2;0.3;0;1.1;
4412628;ASDA Scottish Whole Cooked Brown Crab 500g;£5.00;£10.00/kg;Shellfish;null;18.9;3.1;null;3.8;0.8;null;0.5;
4836028;ASDA Extra Special Freshly Frozen Dressed Orkney Crab 140g;£5.00;£35.71/kg;Frozen Speciality Fish;152;18.8;0.9;0.1;8.1;1.7;null;0.8;
4424364;ASDA Extra Special Indonesian Tiger Prawns 250g;£7.50;£3.00/100g;Frozen Speciality Fish;null;19.0;0.2;0.2;0.3;0.3;null;1.0;
4424360;ASDA Extra Special Shell on Cooked King Prawns 250g;£5.50;£2.20/100g;Frozen Speciality Fish;null;19.0;0.2;0.2;0.5;0.3;null;1.0;
4822106;ASDA Extra Special Freshly Frozen Lobster Tails 200g;£12.00;£60.00/kg;Frozen Speciality Fish;68;14.9;0.4;0.1;0.6;0.1;0.5;0.8;
4434745;ASDA Whole Lobster 350g;£8.00;£22.86/kg;Frozen Speciality Fish;null;17.1;2.1;0.4;2;0.4;null;1.3;
3431626;ASDA Scallops 190g;£5.00;£26.32/kg;Frozen Speciality Fish;null;23.2;2.3;0.7;1.4;0.4;null;0.5;
4412626;ASDA Scottish Rope Grown Mussels 800g;£5.00;£6.25/kg;Frozen Speciality Fish;58;6.4;5.1;0.9;1.3;0.6;0.4;1.9;
2714461;ASDA Seafood Selection 340g;£5.00;£14.71/kg;Frozen Speciality Fish;null;16.1;0.1;0.1;1.3;0.4;0.4;null;
4836026;ASDA Extra Special Freshly Frozen Half Shell King Scallops 180g;£4.50;£25.00/kg;Frozen Speciality Fish;109;20.5;1.9;0.1;2.2;0.5;null;0.6;
3431622;ASDA Cooked & Peeled King Prawns 380g;£8.50;£22.37/kg;Frozen Speciality Fish;null;22.0;null;null;0.9;0.3;null;1.5;
3431618;ASDA Cooked Whole Prawns 650g;£5.00;£7.69/kg;Frozen Speciality Fish;null;19.8;0.4;0.4;0.9;0.2;null;1.5;
3431620;ASDA Raw King Prawns 380g;£7.50;£19.74/kg;Frozen Speciality Fish;null;9.0;null;null;0.7;0.2;null;0.6;
4412622;ASDA Cooked Crab Claws 350g;£5.00;£14.29/kg;Frozen Speciality Fish;null;17.2;0.1;0.1;0.2;null;0.5;1.2;
912706;ASDA Tiger Chest Bread 800g;£1.00;£0.12/100g;Bread;null;null;null;null;null;null;null;null;
2199978;ASDA Sliced Tiger Chest Bread 800g;£1.00;£0.12/100g;Bread;null;null;null;null;null;null;null;null;
912723;ASDA Tiger Chest Bread 400g;£0.75;£0.18/100g;Bread;null;null;null;null;null;null;null;null;
2199976;ASDA Sliced Tiger Chest Bread Loaf 400g;£0.75;£0.18/100g;Bread;null;null;null;null;null;null;null;null;
3051957;ASDA Sliced Tiger Tin Bread 400g;£0.80;£0.20/100g;Bread;null;null;null;null;null;null;null;null;
3051951;ASDA Tiger Tin Bread 800g;£1.00;£0.12/100g;Bread;null;null;null;null;null;null;null;null;
3051953;ASDA Sliced Tiger Tin Bread 800g;£1.00;£0.12/100g;Bread;null;null;null;null;null;null;null;null;
3051955;ASDA Tiger Tin Bread 400g;£0.80;£0.20/100g;Bread;null;null;null;null;null;null;null;null;
3065959;ASDA Sliced Granary Farmhouse Bread;£0.97;£0.12/100g;Bread;null;null;null;null;null;null;null;null;
3051959;ASDA Granary Bread;£0.97;£0.12/100g;Bread;null;null;null;null;null;null;null;null;
204018;ASDA Granary FarmHouse Bread;£0.50;£0.12/100g;Bread;null;null;null;null;null;null;null;null;
855249;ASDA Sliced White Bloomer Bread;£1.00;£0.12/100g;Bread;null;null;null;null;null;null;null;null;
204001;ASDA Sliced White Bloomer Bread;£0.85;£0.21/100g;Bread;null;null;null;null;null;null;null;null;
2266253;ASDA Sliced White Farmhouse Bread 400g;£0.85;£0.21/100g;Bread;null;null;null;null;null;null;null;null;
216438;ASDA White Bloomer Bread;£1.00;£0.12/100g;Bread;null;null;null;null;null;null;null;null;
203991;ASDA White Bloomer Bread;£0.85;£0.21/100g;Bread;null;null;null;null;null;null;null;null;
216442;ASDA White Hedgehog Bread;£0.80;£0.20/100g;Bread;null;null;null;null;null;null;null;null;
216432;ASDA White Hedgehog Bread;£1.00;£0.12/100g;Bread;null;null;null;null;null;null;null;null;
204037;ASDA Sliced Wholemeal Tin Bread;£0.50;£0.12/100g;Bread;null;null;null;null;null;null;null;null;
532905;ASDA Sliced White Hedgehog Bread Loaf;£0.80;£0.20/100g;Bread;null;null;null;null;null;null;null;null;
532906;ASDA Sliced White Hedgehog Bread;£1.00;£0.12/100g;Bread;null;null;null;null;null;null;null;null;
2878060;ASDA Poppy Seed Bloomer Bread 400g;£0.85;£0.21/100g;Bread;null;null;null;null;null;null;null;null;
606501;ASDA Sliced White Sandwich Bread;£1.00;£0.12/100g;Bread;null;null;null;null;null;null;null;null;
450537;ASDA Sliced White Tin Bread;£1.00;£0.12/100g;Bread;null;null;null;null;null;null;null;null;
3051949;ASDA Sliced Wholemeal Sandwich Tin Bread;£0.97;£0.12/100g;Bread;null;null;null;null;null;null;null;null;
204033;ASDA Sliced Wholemeal Tin Bread;£0.97;£0.12/100g;Bread;null;null;null;null;null;null;null;null;
450534;ASDA Sliced White Tin Bread;£0.80;£0.20/100g;Bread;null;null;null;null;null;null;null;null;
2176084;ASDA White FarmHouse Bread 800g;£1.00;£0.12/100g;Bread;null;null;null;null;null;null;null;null;
2176086;ASDA White Farmhouse Bread 400g;£0.85;£0.21/100g;Bread;null;null;null;null;null;null;null;null;
2266251;Asda Sliced White Farmhouse Bread Loaf 800g;£1.00;£0.12/100g;Bread;null;null;null;null;null;null;null;null;
3051909;ASDA Sunflower & Sesame Batch Bread;£0.50;£0.12/100g;Bread;null;null;null;null;null;null;null;null;
4450792;ASDA Sunflower Bread 325g;£1.00;£0.30/100g;Bread;null;null;null;null;null;null;null;null;
1059526;ASDA White Batch Bread 800g;£1.27;£0.15/100g;Bread;null;null;null;null;null;null;null;null;
1059514;ASDA White Batch Bread 400g;£0.80;£0.20/100g;Bread;null;null;null;null;null;null;null;null;
606500;ASDA White Sandwich Bread;£1.00;£0.12/100g;Bread;null;null;null;null;null;null;null;null;
203960;ASDA White Tin Bread;£1.00;£0.12/100g;Bread;null;null;null;null;null;null;null;null;
203967;ASDA White Tin Bread;£0.80;£0.20/100g;Bread;null;null;null;null;null;null;null;null;
3051947;ASDA Wholemeal Sandwich Tin Bread;£0.97;£0.12/100g;Bread;null;null;null;null;null;null;null;null;
204036;Asda Wholemeal Tin Bread;£0.50;£0.12/100g;Bread;null;null;null;null;null;null;null;null;
204032;ASDA Wholemeal Tin Bread;£0.97;£0.12/100g;Bread;null;null;null;null;null;null;null;null;
3065953;ASDA Sliced Sunflower & Sesame Bread Loaf;£0.50;£0.12/100g;Bread;null;null;null;null;null;null;null;null;
204020;ASDA Granary Farmhouse Sliced Bread Loaf;£0.50;£0.12/100g;Bread;null;null;null;null;null;null;null;null;
4818155;ASDA Plain Brioche Buns;£0.50;£0.12/each;Rolls & Bagels;null;null;null;null;null;null;null;null;
4818153;ASDA Plain Brioche Fingers;£0.50;£0.12/each;Rolls & Bagels;null;null;null;null;null;null;null;null;
3701346;ASDA Tiger Bagels;£0.90;£0.22/each;Rolls & Bagels;null;null;null;null;null;null;null;null;
4652606;ASDA Cinnamon Bagels;£0.90;£0.22/each;Rolls & Bagels;null;null;null;null;null;null;null;null;
4450752;ASDA Multigrain Bagels;£0.90;£0.90/each;Rolls & Bagels;null;null;null;null;null;null;null;null;
4450750;ASDA Plain Bagels;£0.90;£0.22/each;Rolls & Bagels;null;null;null;null;null;null;null;null;
632198;ASDA Large White Rolls;£0.67;£0.11/each;Rolls & Bagels;null;null;null;null;null;null;null;null;
4659928;ASDA White Rolls;£2.00;£0.8/each;Rolls & Bagels;null;null;null;null;null;null;null;null;
2580685;ASDA Large Wholemeal Rolls;£2.00;£0.8/each;Rolls & Bagels;null;null;null;null;null;null;null;null;
2836147;ASDA White Finger Rolls;£0.65;£0.10/each;Rolls & Bagels;null;null;null;null;null;null;null;null;
3691461;ASDA Deli Ciabatta Rolls 92g;£0.80;£0.43/100g;Rolls & Bagels;null;null;null;null;null;null;null;null;
3691465;ASDA Deli Panini Roll 92g;£0.80;£0.43/100g;Rolls & Bagels;null;null;null;null;null;null;null;null;
3691467;ASDA Multiseeded Ciabatta Roll 95g;£0.77;£0.40/100g;Rolls & Bagels;null;null;null;null;null;null;null;null;
3841225;ASDA Big Eat White Rolls;£1.00;£0.16/each;Rolls & Bagels;null;null;null;null;null;null;null;null;
3201783;ASDA Tiger Rolls;£0.69;£0.17/each;Rolls & Bagels;null;null;null;null;null;null;null;null;
2580669;ASDA White Burger Rolls;£0.70;£0.11/each;Rolls & Bagels;null;null;null;null;null;null;null;null;
3889652;ASDA Big Eat White Burger Rolls;£1.00;£0.16/each;Rolls & Bagels;null;null;null;null;null;null;null;null;
632488;ASDA Large Wholemeal Rolls;£0.50;£0.8/each;Rolls & Bagels;null;null;null;null;null;null;null;null;
3201765;ASDA Large White Finger Rolls;£0.70;£0.17/each;Rolls & Bagels;null;null;null;null;null;null;null;null;
3201793;ASDA Small White Rolls;£0.60;£0.10/each;Rolls & Bagels;null;null;null;null;null;null;null;null;
1831489;ASDA White Soft Sub Rolls;£0.70;£0.35/each;Rolls & Bagels;null;null;null;null;null;null;null;null;
4450786;ASDA Soft White Rolls;£1.00;£0.25/each;Rolls & Bagels;null;null;null;null;null;null;null;null;
3841227;ASDA Big Eat Cheese Topped Rolls;£1.00;£0.16/each;Rolls & Bagels;null;null;null;null;null;null;null;null;
2580665;ASDA Cheese Topped White Rolls;£0.82;£0.13/each;Rolls & Bagels;null;null;null;null;null;null;null;null;
2714398;ASDA Cheese Ciabatta Rolls;£0.80;£0.40/each;Rolls & Bagels;null;null;null;null;null;null;null;null;
4649980;ASDA Chosen by You Cheese Panini;£0.85;£0.42/each;Rolls & Bagels;null;null;null;null;null;null;null;null;
3889618;ASDA Cheese Sub Rolls;£1.00;£0.50/each;Rolls & Bagels;null;null;null;null;null;null;null;null;
3201799;ASDA Cheese Top Rolls;£0.70;£0.11/each;Rolls & Bagels;null;null;null;null;null;null;null;null;
3841231;ASDA Big Eat Seeded Rolls;£1.00;£0.16/each;Rolls & Bagels;null;null;null;null;null;null;null;null;
3889654;ASDA Big Eat White Scotch Rolls;£1.00;£0.16/each;Rolls & Bagels;null;null;null;null;null;null;null;null;
3841229;ASDA Big Eat Wholemeal Rolls;£1.00;£0.16/each;Rolls & Bagels;null;null;null;null;null;null;null;null;
4652564;ASDA Chosen by You Olive Ciabatta;£0.85;£0.42/each;Rolls & Bagels;null;null;null;null;null;null;null;null;
1530543;ASDA Sunflower & Sesame Seeds Large Rolls;£0.50;£0.8/each;Rolls & Bagels;null;null;null;null;null;null;null;null;
3201797;ASDA Granary Rolls;£0.65;£0.10/each;Rolls & Bagels;null;null;null;null;null;null;null;null;
3201777;ASDA Continental Rolls;£0.70;£0.17/each;Rolls & Bagels;null;null;null;null;null;null;null;null;
4652562;ASDA Chosen by You Seeded Paninis;£0.85;£0.42/each;Rolls & Bagels;null;null;null;null;null;null;null;null;
3889620;ASDA Italian Sub Roll;£1.00;£0.50/each;Rolls & Bagels;null;null;null;null;null;null;null;null;
3201787;ASDA White Scotch Rolls;£0.75;£0.18/each;Rolls & Bagels;null;null;null;null;null;null;null;null;
611209;ASDA White Stotties Rolls;£0.70;£0.35/each;Rolls & Bagels;null;null;null;null;null;null;null;null;
4141216;ASDA Wholemeal Small Rolls;£0.65;£0.10/each;Rolls & Bagels;null;null;null;null;null;null;null;null;
3889612;ASDA Wholemeal Sub Rolls;£1.00;£0.50/each;Rolls & Bagels;null;null;null;null;null;null;null;null;
3965280;ASDA Big Eat Rolls;£1.00;£0.16/each;Rolls & Bagels;null;null;null;null;null;null;null;null;
3201779;ASDA Crusty Rolls;£0.75;£0.18/each;Rolls & Bagels;null;null;null;null;null;null;null;null;
4790995;ASDA Chosen by you Cheese & Garlic Midi Baguettes;£1.00;£0.50/each;Baguettes & Speciality Bread;null;null;null;null;null;null;null;null;
4790993;ASDA Chosen by you Garlic Tiger Midi Baguettes;£1.00;£0.50/each;Baguettes & Speciality Bread;null;null;null;null;null;null;null;null;
204008;ASDA White Baguette 400g;£0.80;£0.20/100g;Baguettes & Speciality Bread;null;null;null;null;null;null;null;null;
204011;ASDA White Baton Baguette 200g;£0.45;£0.45/each;Baguettes & Speciality Bread;null;null;null;null;null;null;null;null;
2129703;ASDA Tiger Baguette 400g;£0.80;£0.20/100g;Baguettes & Speciality Bread;null;null;null;null;null;null;null;null;
2226327;ASDA Tiger Baguette;£0.45;£0.45/each;Baguettes & Speciality Bread;null;null;null;null;null;null;null;null;
540641;ASDA Cheese Topped Baton Baguette;£0.45;£0.45/each;Baguettes & Speciality Bread;null;null;null;null;null;null;null;null;
606511;ASDA Seeded Baguette 400g;£0.80;£0.20/100g;Baguettes & Speciality Bread;null;null;null;null;null;null;null;null;
530087;ASDA Seeded Baguette;£0.45;£0.45/each;Baguettes & Speciality Bread;null;null;null;null;null;null;null;null;
4450812;ASDA Garlic & Herb Tear 'n' Share Bread;£1.00;£1.00/each;Baguettes & Speciality Bread;null;null;null;null;null;null;null;null;
4450816;ASDA Jalapeno & Cheese Tear 'n' Share Bread;£1.00;£1.00/each;Baguettes & Speciality Bread;null;null;null;null;null;null;null;null;
4450814;ASDA Cheese & Onion Tear & Share Bread;£1.00;£1.00/each;Baguettes & Speciality Bread;null;null;null;null;null;null;null;null;
4450790;ASDA Mediterranean Bread 300g;£1.00;£0.33/100g;Baguettes & Speciality Bread;null;null;null;null;null;null;null;null;
3376728;ASDA Granary Baguette 400g;£0.80;£0.20/100g;Baguettes & Speciality Bread;null;null;null;null;null;null;null;null;
139879;ASDA Granary Baton Baguette;£0.45;£0.45/each;Baguettes & Speciality Bread;null;null;null;null;null;null;null;null;
4450818;ASDA Chilli Bread 275g;£1.00;£0.36/100g;Baguettes & Speciality Bread;null;null;null;null;null;null;null;null;
4649988;ASDA Sour Dough Bloomer;£1.40;£1.40/each;Baguettes & Speciality Bread;null;null;null;null;null;null;null;null;
4649990;ASDA Linseed Speciaility Bread;£1.40;£1.40/each;Baguettes & Speciality Bread;null;null;null;null;null;null;null;null;
4795405;ASDA Tomato & Smoked Paprika Tear n Share 300g;£1.40;£0.46/100g;Baguettes & Speciality Bread;null;null;null;null;null;null;null;null;
2178195;ASDA Hot Cross Buns;£0.75;£0.12/each;Fruited & Iced Bread;null;null;null;null;null;null;null;null;
4795178;ASDA Chosen by you Tear & Share Cinnamon Bun 368g;£2.00;£0.54/100g;Fruited & Iced Bread;null;null;null;null;null;null;null;null;
4795148;ASDA Belgian Buns;£1.00;£0.50/each;Fruited & Iced Bread;null;null;null;null;null;null;null;null;
4795150;ASDA Cinnamon Buns;£1.00;£0.50/each;Fruited & Iced Bread;null;null;null;null;null;null;null;null;
4795154;ASDA Chelsea Buns;£1.00;£0.25/each;Fruited & Iced Bread;null;null;null;null;null;null;null;null;
4043378;Asda Plain Teacake;£0.50;£0.12/each;Fruited & Iced Bread;null;null;null;null;null;null;null;null;
4795186;Despicable Me Minions Iced Biscuits 250g;£2.00;£0.80/100g;Cookies & Doughnuts;null;null;null;null;null;null;null;null;
4795184;One Direction Iced Biscuits 250g;£2.00;£0.80/100g;Cookies & Doughnuts;null;null;null;null;null;null;null;null;
4795188;ASDA Chosen by You 15 Mini Ring Donuts with Chocolate Dip;£1.00;£0.6/each;Cookies & Doughnuts;null;null;null;null;null;null;null;null;
4795190;ASDA Chosen by you Heat & Eat 10 Mini Donuts;£0.90;£0.9/each;Cookies & Doughnuts;null;null;null;null;null;null;null;null;
4793622;ASDA Chosen by you Pink Ring Donuts with White Chocolate;£1.00;£0.25/each;Cookies & Doughnuts;null;null;null;null;null;null;null;null;
4860175;ASDA Chosen by you Caramel Delight Donuts;£1.00;£0.50/each;Cookies & Doughnuts;null;null;null;null;null;null;null;null;
4860173;ASDA Chosen by you Raspberry Meringue Donuts;£1.00;£0.50/each;Cookies & Doughnuts;null;null;null;null;null;null;null;null;
4860171;ASDA Chosen by You 2 Vanilla Boston Dream Donuts;£1.00;£0.50/each;Cookies & Doughnuts;null;null;null;null;null;null;null;null;
4795182;ASDA Chosen by you Lemon Donuts;£0.50;£0.10/each;Cookies & Doughnuts;null;null;null;null;null;null;null;null;
4793614;ASDA Chosen by you 18 Mixed Cookies;£2.00;£0.16/each;Cookies & Doughnuts;null;null;null;null;null;null;null;null;
465850;ASDA Double Chocolate Cookies;£0.50;£0.10/each;Cookies & Doughnuts;null;null;null;null;null;null;null;null;
4290212;Yorkie Milk Choc Cookies;£1.20;£0.30/each;Cookies & Doughnuts;null;null;null;null;null;null;null;null;
4287078;ASDA Extra Special Milk Choc Cookies;£1.48;£0.37/each;Cookies & Doughnuts;null;null;null;null;null;null;null;null;
4287076;ASDA Extra Special Triple Choc Cookies;£1.48;£0.37/each;Cookies & Doughnuts;null;null;null;null;null;null;null;null;
4287080;ASDA Extra Special White Choc & Rasp Cookies;£1.48;£0.37/each;Cookies & Doughnuts;null;null;null;null;null;null;null;null;
645329;ASDA Milk Chocolate Cookies;£0.50;£0.10/each;Cookies & Doughnuts;null;null;null;null;null;null;null;null;
465851;ASDA White Chocolate Cookies;£0.50;£0.10/each;Cookies & Doughnuts;null;null;null;null;null;null;null;null;
465847;ASDA Oatmeal & Raisin Cookies;£0.50;£0.10/each;Cookies & Doughnuts;null;null;null;null;null;null;null;null;
3000500;Nestle Rolo Cookies;£1.20;£0.24/each;Cookies & Doughnuts;null;null;null;null;null;null;null;null;
650607;Nestle Smarties Cookies;£1.20;£0.24/each;Cookies & Doughnuts;null;null;null;null;null;null;null;null;
2923335;ASDA Iced Doughnuts;£2.00;£0.16/each;Cookies & Doughnuts;null;null;null;null;null;null;null;null;
4450748;ASDA Mini Chocolate Doughnuts;£1.00;£0.5/each;Cookies & Doughnuts;null;null;null;null;null;null;null;null;
4464579;ASDA Chosen by You Mini Strawberry Doughnuts;£1.00;£0.5/each;Cookies & Doughnuts;null;null;null;null;null;null;null;null;
2795441;ASDA Jam Doughnuts;£0.50;£0.10/each;Cookies & Doughnuts;null;null;null;null;null;null;null;null;
2795445;ASDA Custard Doughnuts;£0.50;£0.10/each;Cookies & Doughnuts;null;null;null;null;null;null;null;null;
3019391;ASDA Mini Jam Doughnuts;£1.00;£0.6/each;Cookies & Doughnuts;null;null;null;null;null;null;null;null;
3374534;ASDA Chocolate Mini Doughnuts;£1.00;£0.6/each;Cookies & Doughnuts;null;null;null;null;null;null;null;null;
4450549;Nestle Smarties Mini Cookies;£2.00;£0.11/each;Cookies & Doughnuts;null;null;null;null;null;null;null;null;
3694456;ASDA White Chocolate Chip Cookies;£2.00;£0.50/each;Cookies & Doughnuts;null;6.1;63.0;45.1;21.1;7.0;1.6;0.4;
3694454;ASDA Chocolate Chip Cookies;£2.00;£0.50/each;Cookies & Doughnuts;null;6.1;63.3;42.0;20.7;7.1;1.9;0.4;
4649550;Cadbury Chocolate Doughnuts;£1.00;£1.00/each;Cookies & Doughnuts;null;6.1;46.8;26.7;25.9;11.2;2.3;0.28;
4649554;Terry's Chocolate Orange Doughnuts;£1.00;£1.00/each;Cookies & Doughnuts;null;5.6;46.3;25.6;27.6;12.6;1.5;0.29;
4649552;Cadbury Caramel Doughnuts;£1.00;£1.00/each;Cookies & Doughnuts;null;5.2;45.7;19.2;25.2;13.4;1.6;0.33;
2795443;ASDA Jam Doughnuts;£0.35;£0.17/each;Cookies & Doughnuts;null;null;null;null;null;null;null;null;
2907720;ASDA Custard Doughnuts;£0.35;£0.17/each;Cookies & Doughnuts;null;null;null;null;null;null;null;null;
2335113;ASDA Sugar Ring Doughnuts;£0.50;£0.10/each;Cookies & Doughnuts;null;null;null;null;null;null;null;null;
2558820;ASDA White Iced Doughnuts;£1.00;£0.25/each;Cookies & Doughnuts;null;null;null;null;null;null;null;null;
2558818;ASDA Chocolate Iced Ring Doughnuts;£1.00;£0.25/each;Cookies & Doughnuts;null;null;null;null;null;null;null;null;
4051614;ASDA Chocolate Doughnuts;£0.50;£0.10/each;Cookies & Doughnuts;null;null;null;null;null;null;null;null;
3574122;ASDA Glazed Doughnuts;£1.00;£0.25/each;Cookies & Doughnuts;null;null;null;null;null;null;null;null;
2739129;Terry's Chocolate Orange Cookies;£1.20;£0.30/each;Cookies & Doughnuts;null;null;null;null;null;null;null;null;
2739131;Toblerone Cookies;£1.20;£0.30/each;Cookies & Doughnuts;null;null;null;null;null;null;null;null;
4680276;ASDA Chosen by You Treats Oat & Honey Dunkin Cookies;£0.70;£0.14/each;Cookies & Doughnuts;null;null;null;null;null;null;null;null;
1648735;ASDA Chocolate Chunk Muffins;£1.00;£0.25/each;Muffins & Cupcakes;null;null;null;null;null;null;null;null;
1699740;ASDA Strawberry & White Chocolate Muffins;£1.00;£0.25/each;Muffins & Cupcakes;null;null;null;null;null;null;null;null;
1648739;ASDA Blueberry Muffins;£1.00;£0.25/each;Muffins & Cupcakes;null;null;null;null;null;null;null;null;
1648737;ASDA Triple Chocolate Muffins;£1.00;£0.25/each;Muffins & Cupcakes;null;null;null;null;null;null;null;null;
4398769;ASDA Chosen by You Lemon Muffins;£1.00;£0.25/each;Muffins & Cupcakes;null;5.8;48.2;27.2;16.9;1.5;2.2;0.5;
3888358;ASDA Mini Chocolate Chip Muffins;£2.00;£0.12/each;Muffins & Cupcakes;null;null;null;null;null;null;null;null;
3888360;ASDA Mini Double Chocolate Chip Muffins;£2.00;£0.12/each;Muffins & Cupcakes;null;null;null;null;null;null;null;null;
3888356;ASDA Mini Blueberry Muffins;£2.00;£0.12/each;Muffins & Cupcakes;null;null;null;null;null;null;null;null;
4639094;ASDA Chosen by You Chocolate Chip Muffins;£2.00;£0.33/each;Muffins & Cupcakes;null;null;null;null;null;null;null;null;
4639096;ASDA Chosen by You Lemon Muffins;£2.00;£0.33/each;Muffins & Cupcakes;null;null;null;null;null;null;null;null;
4639098;ASDA Chosen by You Double Chocolate Chip Muffins;£2.00;£0.33/each;Muffins & Cupcakes;null;null;null;null;null;null;null;null;
3559313;ASDA Chosen by You Vanilla Cupcakes;£1.35;£0.67/each;Muffins & Cupcakes;null;null;null;null;null;null;null;null;
3369038;ASDA Chosen by You Lemon Daisy Cupcakes;£1.35;£0.67/each;Muffins & Cupcakes;null;null;null;null;null;null;null;null;
4649556;ASDA Chosen by You Red Velvet Cupcake;£1.35;£0.67/each;Muffins & Cupcakes;null;null;null;null;null;null;null;null;
4283354;ASDA Triple Choc Cupcakes;£1.35;£0.67/each;Muffins & Cupcakes;null;null;null;null;null;null;null;null;
3369036;ASDA Strawberry Cupcakes;£1.35;£0.67/each;Muffins & Cupcakes;null;null;null;null;null;null;null;null;
4649558;ASDA Chosen by You Carrot Cupcake;£1.35;£0.67/each;Muffins & Cupcakes;null;null;null;null;null;null;null;null;
4818157;ASDA Chocolate Brioche Finger;£0.50;£0.12/each;Small Cakes;null;null;null;null;null;null;null;null;
4818159;ASDA Chosen by you Chocolate Brioche Buns;£0.50;£0.12/each;Small Cakes;null;null;null;null;null;null;null;null;
4795164;ASDA Chosen by you Meringues;£1.00;£0.25/each;Small Cakes;null;null;null;null;null;null;null;null;
4360153;ASDA Fruit Loaf Cake;£0.50;£0.50/each;Small Cakes;null;null;null;null;null;null;null;null;
4360151;ASDA Lemon Loaf Cake;£0.50;£0.50/each;Small Cakes;null;null;null;null;null;null;null;null;
4360155;ASDA Madeira Loaf Cake;£0.50;£0.50/each;Small Cakes;null;null;null;null;null;null;null;null;
4360157;ASDA Milk Chocolate Loaf Cake;£0.50;£0.50/each;Small Cakes;null;null;null;null;null;null;null;null;
3562038;ASDA Eccles Cake;£0.85;£0.42/each;Small Cakes;null;null;null;null;null;null;null;null;
4639066;ASDA Chosen by You Macaroons;£1.00;£0.25/each;Small Cakes;null;null;null;null;null;null;null;null;
4793582;ASDA Chosen by you Blackcurrant & Custard Lattice;£1.00;£0.50/each;Pastries, Scones & Pies;null;null;null;null;null;null;null;null;
4793584;ASDA Chosen by You Toffee Apple Lattice;£1.00;£0.50/each;Pastries, Scones & Pies;null;null;null;null;null;null;null;null;
3670889;ASDA Croissants;£1.00;£0.25/each;Pastries, Scones & Pies;null;null;null;null;null;null;null;null;
4450740;ASDA Apple Pie;£1.00;£1.00/each;Pastries, Scones & Pies;null;null;null;null;null;null;null;null;
2739135;ASDA Mini Yum Yums;£1.00;£0.12/each;Pastries, Scones & Pies;null;null;null;null;null;null;null;null;
1359010;ASDA Scones;£1.00;£0.25/each;Pastries, Scones & Pies;null;null;null;null;null;null;null;null;
901635;ASDA Cherry Scones;£0.65;£0.16/each;Pastries, Scones & Pies;null;null;null;null;null;null;null;null;
3031007;ASDA Maple & Pecan Plait;£1.00;£0.50/each;Pastries, Scones & Pies;null;null;null;null;null;null;null;null;
3032830;ASDA Cinnamon Swirl;£1.00;£0.50/each;Pastries, Scones & Pies;null;null;null;null;null;null;null;null;
3378160;ASDA Mini Danishes;£1.00;£0.16/each;Pastries, Scones & Pies;null;null;null;null;null;null;null;null;
4776486;ASDA Plain Yum Yums;£1.00;£0.25/each;Pastries, Scones & Pies;null;null;null;null;null;null;null;null;
3027535;ASDA Pains Aux Raisins;£1.00;£0.50/each;Pastries, Scones & Pies;null;null;null;null;null;null;null;null;
3378158;ASDA Mini Breakfast Selection;£1.00;£0.16/each;Pastries, Scones & Pies;null;null;null;null;null;null;null;null;
2908930;ASDA Cheese Scones;£0.65;£0.16/each;Pastries, Scones & Pies;null;null;null;null;null;null;null;null;
4450742;ASDA Cherry Pie;£1.00;£1.00/each;Pastries, Scones & Pies;null;null;null;null;null;null;null;null;
3031011;ASDA Toffee & Pecan Swirl;£1.00;£0.50/each;Pastries, Scones & Pies;null;null;null;null;null;null;null;null;
4450744;ASDA Chosen by you Rhubarb Pie;£1.00;£1.00/each;Pastries, Scones & Pies;null;null;null;null;null;null;null;null;
3378894;ASDA Bramley Apple Turnovers;£1.00;£0.50/each;Pastries, Scones & Pies;null;null;null;null;null;null;null;null;
3562038;ASDA Eccles Cake;£0.85;£0.42/each;Pastries, Scones & Pies;null;null;null;null;null;null;null;null;
3027533;ASDA Pain au Chocolate;£1.00;£0.50/each;Pastries, Scones & Pies;null;null;null;null;null;null;null;null;
3574968;Asda Chosen by You 2 Bakewell Tarts;£0.85;£0.42/each;Pastries, Scones & Pies;null;null;null;null;null;null;null;null;
857092;Asda Fruit Scones;£0.65;£0.16/each;Pastries, Scones & Pies;null;null;null;null;null;null;null;null;
4639062;ASDA Chosen by You Lattice Fruit Pie;£2.00;£0.50/each;Pastries, Scones & Pies;null;null;null;null;null;null;null;null;
4795152;ASDA Choco Buns;£1.00;£0.50/each;Pastries, Scones & Pies;null;null;null;null;null;null;null;null;
4793594;ASDA Mini Croissants;£1.00;£0.16/each;Pastries, Scones & Pies;null;null;null;null;null;null;null;null;
4450858;ASDA Winterberry & Apple Pie;£1.50;£1.50/each;Pastries, Scones & Pies;null;null;null;null;null;null;null;null;
4795168;ASDA Chosen by you Raspberry Lattice;£1.00;£0.50/each;Pastries, Scones & Pies;null;null;null;null;null;null;null;null;
4649560;ASDA Chosen by You Oaty Minibites;£2.00;£0.11/each;Mini Bites & Slices;null;null;null;null;null;null;null;null;
4793612;ASDA Chosen by You Choc Flapjack Mini Bites;£2.00;£0.7/each;Mini Bites & Slices;null;null;null;null;null;null;null;null;
3216934;ASDA Chosen By You Flapjack Bites;£2.00;£0.7/each;Mini Bites & Slices;null;null;null;null;null;null;null;null;
4051570;ASDA Caramel Shortbread Chunks;£1.00;£0.25/each;Mini Bites & Slices;null;null;null;null;null;null;null;null;
4639072;ASDA Granola Slice;£1.50;£0.37/each;Mini Bites & Slices;null;null;null;null;null;null;null;null;
4290206;ASDA Rocky Road Slices;£1.00;£0.25/each;Mini Bites & Slices;null;null;null;null;null;null;null;null;
4051566;ASDA Chocolate Chunk Brownies;£1.00;£0.25/each;Mini Bites & Slices;null;null;null;null;null;null;null;null;
4222737;ASDA Chosen By You Mini Gingerbread Men;£1.00;£0.10/each;Mini Bites & Slices;null;null;null;null;null;null;null;null;
4290174;ASDA Shortbread;£1.00;£0.12/each;Mini Bites & Slices;null;null;null;null;null;null;null;null;
3376040;ASDA Chosen by You Caramel Krispies;£2.00;£0.10/each;Mini Bites & Slices;null;null;null;null;null;null;null;null;
3216932;ASDA Chosen By You Shortbread Bites;£2.00;£0.7/each;Mini Bites & Slices;null;null;null;null;null;null;null;null;
3210794;ASDA Chosen by you Chocolate Brownie Mini Bites;£2.00;£0.7/each;Mini Bites & Slices;null;null;null;null;null;null;null;null;
4052389;ASDA Rocky Road Mini Bites;£2.00;£0.10/each;Mini Bites & Slices;null;null;null;null;null;null;null;null;
3210790;ASDA Chosen By You Caramel Shortcake Bites;£2.00;£0.9/each;Mini Bites & Slices;null;null;null;null;null;null;null;null;
4068931;ASDA Chosen By You Chocolate Cornflake Mini Bites;£2.00;£0.11/each;Mini Bites & Slices;460;6.7;69.2;34.7;16.8;10.1;2.8;0.5;
4052441;ASDA Mini Gingerbread Men;£2.00;£0.6/each;Mini Bites & Slices;null;null;null;null;null;null;null;null;
4051582;ASDA Marshmallow Snowballs;£2.00;£0.14/each;Mini Bites & Slices;null;3.4;52.9;38.9;25.7;22.4;5.4;0.2;
4283264;ASDA Mini Teacakes;£2.00;£0.12/each;Mini Bites & Slices;null;3.6;69.7;44.8;15.5;11.3;2.2;0.2;
4290176;ASDA Chocolate Brownies;£1.00;£0.11/each;Mini Bites & Slices;null;null;null;null;null;null;null;null;
4290172;ASDA Flapjack;£1.00;£0.11/each;Mini Bites & Slices;null;null;null;null;null;null;null;null;
4639074;ASDA Shortbread;£1.50;£0.37/each;Mini Bites & Slices;null;null;null;null;null;null;null;null;
4288199;ASDA Mini Chocolate Krispie Cakes;£1.00;£1.00/each;Mini Bites & Slices;469;6.4;69.5;35.1;17.6;10.6;3.3;0.1;
4222739;ASDA Chosen By You Cornflake Clusters;£1.00;£0.10/each;Mini Bites & Slices;null;6.4;69.5;35.1;17.6;10.6;3.3;0.1;
2479063;ASDA Scotch Pancakes;£1.00;£0.25/each;Potato Cakes & Pancakes;null;null;null;null;null;null;null;null;
3641575;ASDA Maple Pancakes;£1.00;£0.25/each;Potato Cakes & Pancakes;null;null;null;null;null;null;null;null;
3918745;ASDA Fruit Pancakes;£1.00;£0.25/each;Potato Cakes & Pancakes;null;null;null;null;null;null;null;null;
3641581;ASDA Lemon Pancakes;£1.00;£0.25/each;Potato Cakes & Pancakes;null;null;null;null;null;null;null;null;
3641593;ASDA White Chocolate Pancakes;£1.00;£0.25/each;Potato Cakes & Pancakes;null;null;null;null;null;null;null;null;
144174;ASDA Potato Scones;£0.70;£0.11/each;Potato Cakes & Pancakes;null;null;null;null;null;null;null;null;
4791014;ASDA Chosen by you Milk Chocolate Mega Pancakes;£1.00;£1.00/each;Potato Cakes & Pancakes;null;null;null;null;null;null;null;null;
4659928;ASDA White Rolls;£2.00;£0.8/each;Bigger Packs;null;null;null;null;null;null;null;null;
2580685;ASDA Large Wholemeal Rolls;£2.00;£0.8/each;Bigger Packs;null;null;null;null;null;null;null;null;
3378160;ASDA Mini Danishes;£1.00;£0.16/each;Bigger Packs;null;null;null;null;null;null;null;null;
3378158;ASDA Mini Breakfast Selection;£1.00;£0.16/each;Bigger Packs;null;null;null;null;null;null;null;null;
2923335;ASDA Iced Doughnuts;£2.00;£0.16/each;Bigger Packs;null;null;null;null;null;null;null;null;
4450748;ASDA Mini Chocolate Doughnuts;£1.00;£0.5/each;Bigger Packs;null;null;null;null;null;null;null;null;
4464579;ASDA Chosen by You Mini Strawberry Doughnuts;£1.00;£0.5/each;Bigger Packs;null;null;null;null;null;null;null;null;
3019391;ASDA Mini Jam Doughnuts;£1.00;£0.6/each;Bigger Packs;null;null;null;null;null;null;null;null;
3374534;ASDA Chocolate Mini Doughnuts;£1.00;£0.6/each;Bigger Packs;null;null;null;null;null;null;null;null;
4844957;ASDA Chosen by You Free From Sliced White Bread 550g;£1.50;£0.27/100g;White Bread;null;3.8;47.9;3.5;5.0;0.4;4.9;1.0;
4257967;ASDA Chosen by You Free From White Sliced Loaf 400g;£2.00;£0.50/100g;White Bread;347;4.5;51.0;0.8;12.7;1.5;5.2;0.9;
4450525;ASDA Chosen by You Super Soft Toastie Loaf 800g;£0.75;£0.9/100g;White Bread;238;8.0;46.0;3.5;1.8;0.4;2.7;0.9;
4450513;ASDA Chosen by You Supersoft White Loaf 800g;£0.75;£0.9/100g;White Bread;238;8.0;46.0;3.5;1.8;0.4;2.7;0.9;
4586113;ASDA Smartprice Sliced White Bread 800g;£0.40;£0.5/100g;White Bread;238;8.1;45.4;41.1;1.9;0.3;3.2;null;
2634716;Baltona Artisan White Bread 800g;£1.00;£0.12/100g;White Bread;null;6.15;null;3.1;1.0;null;4.1;1.0;
4360383;Genius Gluten Free White Sandwich Bread Loaf;£2.50;£0.46/100g;White Bread;null;3.1;43.3;4.4;8.2;0.3;8.2;0.9;
2029175;Kingsmill Crusts Away White Loaf 400g;£1.25;£0.31/100g;White Bread;null;8.0;43.3;3.3;1.9;0.3;2.8;1.00;
4233407;Kingsmill Doorstep White Extra Thick Sliced Loaf;£1.00;£0.12/100g;White Bread;null;9.0;44.6;3.8;2.0;0.3;2.7;1.00;
4634415;Kingsmill Great White Bread Medium 750g;£1.00;£0.13/100g;White Bread;null;9.1;36.4;3.0;3.0;0.5;7.0;0.95;
4634419;Kingsmill Great White Bread Thick 750g;£1.00;£0.13/100g;White Bread;null;9.1;36.4;3.0;3.0;0.5;7.0;0.95;
3515984;Kingsmill Soft White Farmhouse Sliced Loaf 800g;£1.35;£0.16/100g;White Bread;null;8.0;45.7;3.2;2.0;0.4;2.6;0.98;
2160183;Kingsmill Soft White Medium Sliced Loaf 800g;£0.79;£0.9/100g;White Bread;null;9.0;44.6;3.8;2.0;0.3;2.7;1.00;
2160165;Kingsmill Soft White Thick Sliced Loaf 800g;£0.79;£0.9/100g;White Bread;null;9.0;44.6;3.8;2.0;0.3;2.7;1.00;
2160181;Kingsmill White Toastie Extra Thick Loaf;£1.00;£0.12/100g;White Bread;null;9.0;44.6;3.8;2.0;0.3;2.7;1.00;
4809699;Newburn Bakehouse White Farmhouse Loaf 560g;£2.99;£0.53/100g;White Bread;240;8.2;35.1;1.0;6.1;1.7;5.8;0.83;
1260305;Roberts Bakery Medium White Sliced Bread;£1.00;£0.12/100g;White Bread;232;8.6;45.6;2.3;1.0;0.2;2.9;1.0;
2537678;Roberts Bakery Mega Thick Sliced White Loaf;£1.00;£0.12/100g;White Bread;232;8.6;45.6;2.3;1.0;0.2;2.9;1.0;
1260306;Roberts Bakery Thick Sliced White Bread;£1.00;£0.12/100g;White Bread;232;8.6;45.6;2.3;1.0;0.2;2.9;1.0;
487742;Warburtons Farmhouse Soft White Loaf 800g;£1.00;£0.12/100g;White Bread;241;9.9;43.4;1.7;2.5;1.0;2.7;1.00;
300793;Warburtons Thickest Slice of White Bread 800g;£1.00;£0.12/100g;White Bread;239;9.9;43.8;2.2;2.0;0.7;2.6;1.00;
139860;Warburtons Toastie White 800g;£1.00;£0.12/100g;White Bread;239;9.9;43.8;2.2;2.0;0.7;2.6;1.00;
139859;Warburtons White Medium Loaf 800g;£1.00;£0.12/100g;White Bread;239;9.9;43.8;2.2;2.0;0.7;2.6;1.00;
3475074;Kingsmill Little Big Loaf Soft White Medium 470g;£0.75;£0.16/100g;White Bread;null;9.0;44.6;3.8;2.0;0.3;2.7;1.00;
3112293;Kingsmill Oatilicious Medium Sliced Loaf;£1.00;£0.12/100g;White Bread;null;9.9;39.8;3.2;4.8;0.8;3.9;0.98;
3112295;Kingsmill Oatilicious Thick Sliced Loaf;£1.00;£0.12/100g;White Bread;null;9.9;39.8;3.2;4.8;0.8;3.9;0.98;
4175038;Warburtons Half & Half Medium Loaf 750g;£1.00;£0.13/100g;50/50 Bread;240;8.8;44.2;2.4;2.0;0.3;5.0;1.0;
3789364;Warburtons Half & Half Toastie Loaf 750g;£1.00;£0.13/100g;50/50 Bread;240;8.8;44.2;2.4;2.0;0.3;5.0;1.00;
4563298;Roberts Bakery 50% White 50% Wholemeal Medium Bread;£1.00;£0.12/100g;50/50 Bread;221;9.1;41.2;2.5;1.2;0.2;4.6;1.0;
4563296;Roberts Bakery 50% White 50% Wholemeal Thick Bread;£1.00;£0.12/100g;50/50 Bread;399;9.1;41.2;2.5;1.2;0.2;4.6;1.0;
2160173;Kingsmill 50/50 Thick Sliced Loaf 800g;£0.79;£0.9/100g;50/50 Bread;null;9.9;41.2;3.4;2.3;0.4;4.9;0.98;
2160171;Kingsmill 50/50 Medium Sliced Loaf 800g;£0.79;£0.9/100g;50/50 Bread;null;9.9;41.2;3.4;2.3;0.4;4.9;0.98;
3889242;Kingsmill 50/50 Medium Small Loaf 400g;£0.75;£0.18/100g;50/50 Bread;null;9.9;41.2;3.4;2.3;0.4;4.9;0.98;
4175265;Kingsmill 50/50 Little Big Loaf 470g;£0.75;£0.16/100g;50/50 Bread;235;9.9;41.2;3.4;2.3;0.4;4.9;0.98;
2029177;Kingsmill 50/50 Crusts Away Loaf 400g;£1.25;£0.31/100g;50/50 Bread;null;8.8;37.7;2.9;2.0;0.4;4.3;0.88;
3112293;Kingsmill Oatilicious Medium Sliced Loaf;£1.00;£0.12/100g;50/50 Bread;null;9.9;39.8;3.2;4.8;0.8;3.9;0.98;
3112295;Kingsmill Oatilicious Thick Sliced Loaf;£1.00;£0.12/100g;50/50 Bread;null;9.9;39.8;3.2;4.8;0.8;3.9;0.98;
4940176;Country Miller Wholemeal Bloomer 400g;£1.00;£0.25/100g;Brown Bread;241;12.2;37.1;3.4;3.4;0.8;6.3;0.66;
1465853;Roberts Bakery Simply Wholemeal Thick Sliced Bread 800g;£1.00;£0.12/100g;Brown Bread;222;9.8;38.2;2.3;1.7;0.3;7.4;1.0;
139861;Warburtons Wholemeal Medium Loaf 800g;£1.00;£0.12/100g;Brown Bread;231;10.6;37.8;2.4;2.8;0.5;6.4;0.95;
3030779;Warburtons Farmhouse Soft Brown Sliced Bread 800g;£1.45;£0.18/100g;Brown Bread;246;9.9;42.8;3.8;2.7;0.5;5.3;1.00;
3496846;Warburtons Wholemeal Bread With Rye Thick Sliced 800g;£1.35;£0.16/100g;Brown Bread;246;9.9;40.6;3.2;2.4;0.5;7.5;1.00;
4450515;ASDA Chosen by You Supersoft Golden Wholemeal Loaf 800g;£0.75;£0.9/100g;Brown Bread;233;10.9;38.0;3.6;2.8;0.4;6.3;0.7;
1398970;Allinson Wholemeal Batch Baked Loaf 800g;£1.35;£0.16/100g;Brown Bread;233;10.5;37.0;2.9;3.2;0.6;7.1;1.00;
1786210;Rankin Irish Stoneground Wheaten 400g;£1.45;£0.36/100g;Brown Bread;null;9.7;39.1;5.3;3.7;0.8;4.9;0.77;
4360385;Genius Gluten Free Soft Sandwich Loaf 535g;£2.80;£0.52/100g;Brown Bread;null;null;null;null;null;null;null;null;
4451791;The Polish Bakery Brown Bread 400g;£0.80;£0.20/100g;Brown Bread;null;null;null;null;null;null;null;null;
2319927;The Polish Bakery Brown Bread - Chleb Wiejski 800g;£0.90;£0.11/100g;Brown Bread;null;null;null;null;null;null;null;null;
2801600;Baltona Artisan Brown Bread 400g;£0.85;£0.21/100g;Brown Bread;null;7.92;null;3.0;1.2;null;3.6;1.0;
2801598;Baltona Artisan Brown Bread 800g;£1.25;£0.15/100g;Brown Bread;null;7.97;null;3.1;0.8;null;3.5;1.0;
2815005;Hovis Nimble Wholemeal Bread 400g;£0.75;£0.18/100g;Brown Bread;null;12.3;37.0;2.2;2.5;0.6;6.8;0.93;
3889240;Kingsmill Tasty Wholemeal Medium Small Loaf 400g;£0.75;£0.18/100g;Brown Bread;null;10.5;37.7;4.3;3.8;0.5;6.2;1.00;
2160167;Kingsmill Tasty Wholemeal Medium 800g;£0.79;£0.9/100g;Brown Bread;null;10.5;38.5;4.3;3.0;0.5;6.2;1.00;
2160169;Kingsmill Tasty Wholemeal Thick Sliced Loaf 800g;£0.79;£0.9/100g;Brown Bread;null;10.5;38.5;4.3;3.0;0.5;6.2;1.00;
4593508;BFree Brown Seeded Loaf 400g;£2.50;£0.62/100g;Brown Bread;228;5.1;33.3;2.5;5.7;0.7;11.7;1.33;
4844959;ASDA Chosen by you Free From Sliced Brown Bread 550g;£1.50;£0.27/100g;Brown Bread;null;2.9;48.9;3.9;5.3;0.4;8.1;0.9;
4809701;Newburn Bakehouse Brown Farmhouse Loaf 560g;£2.99;£0.53/100g;Brown Bread;231;7.7;35.6;1.1;5.0;1.4;6.2;0.80;
4586115;ASDA Smartprice Sliced Brown Bread 800g;£0.40;£0.5/100g;Brown Bread;229;8.2;42.0;4.3;1.9;0.5;5.7;null;
4940174;Country Miller Oat & Honey Bloomer 400g;£1.00;£0.25/100g;Multigrain & Seeded Bread;249;8.4;43.0;4.0;3.8;0.7;4.6;0.88;
4940170;Country Miller Rye & Sunflower Bloomer 400g;£1.00;£0.25/100g;Multigrain & Seeded Bread;274;9.1;38.3;4.3;8.0;3.9;6.4;0.72;
4940166;Country Miller Wholemeal Seeded Bloomer 400g;£1.00;£0.25/100g;Multigrain & Seeded Bread;284;11.9;32.3;2.9;10.0;4.1;8.5;0.75;
4807698;Hovis Seed Sensations Soft Granary Batch 800g;£1.45;£0.18/100g;Multigrain & Seeded Bread;null;10.1;41.3;4.6;6.6;0.8;4.9;0.83;
1134254;Warburtons Seeded Batch Loaf;£1.50;£0.18/100g;Multigrain & Seeded Bread;300;12.3;39.7;2.6;8.9;4.2;6.0;0.98;
3515982;Kingsmill Seeded Sliced Loaf;£1.00;£0.12/100g;Multigrain & Seeded Bread;null;10.4;37.3;3.1;7.3;0.9;5.5;0.80;
410898;Burgen Soya & Linseed Sliced Loaf;£1.00;£0.12/100g;Multigrain & Seeded Bread;282;15.9;27.3;5.4;10.1;5.1;9.3;0.75;
3573301;Burgen Buckwheat & Poppyseed Loaf;£1.00;£0.12/100g;Multigrain & Seeded Bread;null;8.9;38.5;3.0;5.3;0.6;5.3;0.78;
3889608;Burgen Sunflower & Chia Seed Loaf;£1.00;£0.13/100g;Multigrain & Seeded Bread;288;11.4;35.8;3.2;9.6;4.5;6.3;0.80;
2574134;Allinson Sunflower & Pumpkin Batch Baked Loaf 800g;£1.35;£0.16/100g;Multigrain & Seeded Bread;271;9.6;40.8;3.0;6.6;0.9;5.0;0.93;
4050066;Hovis Seed Sensations Original 800g;£1.45;£0.18/100g;Multigrain & Seeded Bread;null;10.0;42.0;3.8;6.6;0.6;5.3;0.88;
1347584;Hovis Granary Wholemeal Loaf 800g;£1.45;£0.18/100g;Multigrain & Seeded Bread;null;10.6;39.8;2.4;2.4;0.4;6.8;0.98;
4050068;Hovis Seed Sensations Wholemeal 800g;£1.45;£0.18/100g;Multigrain & Seeded Bread;null;11.9;31.4;3.1;5.6;0.5;12.4;0.93;
3216023;Hovis Hearty Oats Breakfast 800g;£1.45;£0.18/100g;Multigrain & Seeded Bread;null;12.2;37.3;2.7;4.3;1.0;5.8;0.96;
1620032;Roberts Bakery Medium Sliced Malted Wheatgrain Loaf;£1.00;£0.12/100g;Multigrain & Seeded Bread;260;9.5;50.2;3.3;1.5;0.2;3.7;1.0;
4463332;Genius Gluten Free Triple Seeded Sandwich Bread Loaf;£2.50;£0.44/100g;Multigrain & Seeded Bread;null;5.7;36.9;2.5;12.1;1.0;10.4;0.9;
1907713;Hovis Granary Thick Original Loaf 800g;£1.45;£0.18/100g;Multigrain & Seeded Bread;null;10.3;46.4;3.4;2.4;0.7;3.7;1.03;
3573231;Kingsmill Seeded Little Big Loaf 470g;£0.75;£0.16/100g;Multigrain & Seeded Bread;null;10.4;37.3;3.1;7.3;0.9;5.5;0.80;
3889606;Burgen Soya & Linseed Small Loaf 400g;£0.79;£0.19/100g;Multigrain & Seeded Bread;282;15.9;27.3;5.4;10.1;1.4;9.3;0.75;
4257969;ASDA Gluten Free Multi Seed Sliced bread Loaf 400g;£2.00;£0.50/100g;Multigrain & Seeded Bread;302;5.3;40.2;3.1;11.6;1.2;8.0;0.8;
4670673;Allinson Harvest Grain Batch Bread Loaf 800g;£1.35;£0.16/100g;Multigrain & Seeded Bread;null;9.4;45.7;3.1;2.7;0.4;4.0;0.95;
3112293;Kingsmill Oatilicious Medium Sliced Loaf;£1.00;£0.12/100g;Multigrain & Seeded Bread;null;9.9;39.8;3.2;4.8;0.8;3.9;0.98;
3112295;Kingsmill Oatilicious Thick Sliced Loaf;£1.00;£0.12/100g;Multigrain & Seeded Bread;null;9.9;39.8;3.2;4.8;0.8;3.9;0.98;
4809703;Newburn Bakehouse Seeded Farmhouse Loaf 560g;£3.09;£0.55/100g;Multigrain & Seeded Bread;240;8.2;31.3;1.4;7.2;2.6;8.3;0.80;
1786210;Rankin Irish Stoneground Wheaten 400g;£1.45;£0.36/100g;Multigrain & Seeded Bread;null;9.7;39.1;5.3;3.7;0.8;4.9;0.77;
2319935;The Polish Bakery Granny's Sesame Seed Bread 400g;£1.00;£0.25/100g;Multigrain & Seeded Bread;null;null;null;null;null;null;null;null;
2319929;The Polish Bakery Half Rye Half Wheat Bread 400g;£0.65;£0.16/100g;Multigrain & Seeded Bread;null;null;null;null;null;null;null;null;
2319923;The Polish Bakery Half Wheat Bread 800g;£0.90;£0.11/100g;Multigrain & Seeded Bread;null;null;null;null;null;null;null;null;
4451779;The Polish Bakery Kolodziej Bread 450g;£1.00;£0.22/100g;Multigrain & Seeded Bread;null;null;null;null;null;null;null;null;
4451785;The Polish Bakery Polish Style Bread with Caraway Seed 800g;£1.00;£0.12/100g;Multigrain & Seeded Bread;null;null;null;null;null;null;null;null;
2319925;The Polish Bakery Poppy Seed Bread 800g;£0.90;£0.11/100g;Multigrain & Seeded Bread;null;null;null;null;null;null;null;null;
4451783;The Polish Bakery Rye 100% Polish Style Bread 400g;£0.85;£0.21/100g;Multigrain & Seeded Bread;null;null;null;null;null;null;null;null;
2320311;The Polish Bakery Sunflower Seed Bread 400g;£0.65;£0.16/100g;Multigrain & Seeded Bread;null;null;null;null;null;null;null;null;
4451777;The Polish Bakery Sunflower Seed Bread - Chleb Slonecznikowy 800g;£1.20;£0.15/100g;Multigrain & Seeded Bread;null;null;null;null;null;null;null;null;
4940174;Country Miller Oat & Honey Bloomer 400g;£1.00;£0.25/100g;Small Loaves & Dietary Bread;249;8.4;43.0;4.0;3.8;0.7;4.6;0.88;
4940170;Country Miller Rye & Sunflower Bloomer 400g;£1.00;£0.25/100g;Small Loaves & Dietary Bread;274;9.1;38.3;4.3;8.0;3.9;6.4;0.72;
4940176;Country Miller Wholemeal Bloomer 400g;£1.00;£0.25/100g;Small Loaves & Dietary Bread;241;12.2;37.1;3.4;3.4;0.8;6.3;0.66;
139865;Warburtons Wholemeal Medium Loaf 400g;£0.79;£0.19/100g;Small Loaves & Dietary Bread;231;10.6;37.8;2.4;2.8;0.5;6.4;0.95;
139910;Warburtons Toastie White 400g;£0.79;£0.19/100g;Small Loaves & Dietary Bread;244;10.3;45.1;2.2;1.9;0.7;2.4;1.00;
139863;Warburtons Danish White Loaf;£0.79;£0.79/each;Small Loaves & Dietary Bread;243;10.5;45.8;2.3;1.2;0.2;2.6;1.00;
139909;Warburtons White Medium Loaf 400g;£0.79;£0.19/100g;Small Loaves & Dietary Bread;244;10.3;45.1;2.2;1.9;0.7;2.4;1.00;
2029175;Kingsmill Crusts Away White Loaf 400g;£1.25;£0.31/100g;Small Loaves & Dietary Bread;null;8.0;43.3;3.3;1.9;0.3;2.8;1.00;
3889238;Kingsmill Soft White Medium Small Loaf 400g;£0.70;£0.17/100g;Small Loaves & Dietary Bread;null;9.0;44.6;3.8;2.0;0.3;2.7;1.00;
3475074;Kingsmill Little Big Loaf Soft White Medium 470g;£0.75;£0.16/100g;Small Loaves & Dietary Bread;null;9.0;44.6;3.8;2.0;0.3;2.7;1.00;
3889244;Kingsmill Danish White Loaf 400g;£0.75;£0.18/100g;Small Loaves & Dietary Bread;null;10.2;45.6;3.9;2.4;0.4;3.1;1.00;
3889246;Kingsmill White Farmhouse Small Loaf 400g;£0.75;£0.18/100g;Small Loaves & Dietary Bread;null;7.8;45.9;4.1;2.0;0.3;2.6;0.98;
143313;Weight Watchers Danish Medium White Loaf;£0.93;£0.93/each;Small Loaves & Dietary Bread;243;9.8;46.5;2.7;1.3;0.4;2.9;1.0;
2776637;Weight Watchers Thick White Loaf 400g;£0.93;£0.23/100g;Small Loaves & Dietary Bread;237;9.5;45.2;3.2;1.4;0.3;2.8;1.0;
212582;ASDA Chosen By You Danish Thick Sliced Loaf 400g;£0.55;£0.13/100g;Small Loaves & Dietary Bread;249;9.9;45.3;3.1;2.4;0.4;3.3;null;
915122;Warburtons Crusty White Loaf 400g;£0.85;£0.21/100g;Small Loaves & Dietary Bread;254;10.6;46.5;2.3;2.3;0.6;2.6;1.00;
1544878;Warburtons Farmhouse White Loaf 400g;£0.89;£0.22/100g;Small Loaves & Dietary Bread;245;10.1;43.7;2.5;2.6;0.8;2.8;1.00;
3889242;Kingsmill 50/50 Medium Small Loaf 400g;£0.75;£0.18/100g;Small Loaves & Dietary Bread;null;9.9;41.2;3.4;2.3;0.4;4.9;0.98;
2029177;Kingsmill 50/50 Crusts Away Loaf 400g;£1.25;£0.31/100g;Small Loaves & Dietary Bread;null;8.8;37.7;2.9;2.0;0.4;4.3;0.88;
4175265;Kingsmill 50/50 Little Big Loaf 470g;£0.75;£0.16/100g;Small Loaves & Dietary Bread;235;9.9;41.2;3.4;2.3;0.4;4.9;0.98;
1545452;Warburtons Brown Medium Loaf 400g;£0.89;£0.22/100g;Small Loaves & Dietary Bread;258;10.6;43.2;4.8;3.7;0.8;4.3;1.00;
3889240;Kingsmill Tasty Wholemeal Medium Small Loaf 400g;£0.75;£0.18/100g;Small Loaves & Dietary Bread;null;10.5;37.7;4.3;3.8;0.5;6.2;1.00;
3475076;Kingsmill Little Big Loaf Tasty Wholemeal 470g;£0.75;£0.16/100g;Small Loaves & Dietary Bread;null;10.5;37.7;4.3;3.8;0.5;6.2;1.00;
143069;Weight Watchers Malted Danish Loaf;£1.00;£1.00/each;Small Loaves & Dietary Bread;249;11.8;45.1;2.6;1.5;0.4;4.2;1.0;
2132114;Weight Watchers Wholemeal Thick Loaf 400g;£1.00;£0.25/100g;Small Loaves & Dietary Bread;227;10.2;38.9;2.6;2.1;0.5;6.3;1.0;
142871;Weight Watchers Danish Brown Loaf;£1.00;£1.00/each;Small Loaves & Dietary Bread;233;10.3;40.7;2.2;1.8;0.4;6.2;1.0;
3889248;Allinson Wholemeal Batch Small Loaf 400g;£1.35;£0.33/100g;Small Loaves & Dietary Bread;null;10.6;37.2;2.8;2.8;0.5;7.2;1.00;
2342020;Hovis Medium Wholemeal Loaf 400g;£0.75;£0.18/100g;Small Loaves & Dietary Bread;null;10.0;37.8;4.1;1.8;0.4;6.8;null;
1706044;Hovis Original Wheatgerm Loaf 400g;£0.59;£0.14/100g;Small Loaves & Dietary Bread;null;10.0;38.6;3.1;2.2;0.4;5.3;0.96;
2815007;Hovis Nimble Malted Wholegrain 400g;£0.75;£0.18/100g;Small Loaves & Dietary Bread;null;10.4;41.9;2.7;1.5;0.3;6.8;0.78;
3573231;Kingsmill Seeded Little Big Loaf 470g;£0.75;£0.16/100g;Small Loaves & Dietary Bread;null;10.4;37.3;3.1;7.3;0.9;5.5;0.80;
3889606;Burgen Soya & Linseed Small Loaf 400g;£0.79;£0.19/100g;Small Loaves & Dietary Bread;282;15.9;27.3;5.4;10.1;1.4;9.3;0.75;
1907715;Hovis Granary Loaf 400g;£0.65;£0.16/100g;Small Loaves & Dietary Bread;null;10.3;46.4;3.4;2.4;0.7;3.7;1.03;
4050070;Hovis Seed Sensations Loaf 400g;£0.89;£0.22/100g;Small Loaves & Dietary Bread;null;10.0;42.0;3.8;6.6;0.6;5.3;0.88;
534539;Warburtons Seeded Batch Loaf 400g;£0.84;£0.21/100g;Small Loaves & Dietary Bread;287;11.2;38.8;2.6;8.4;4.0;6.0;1.00;
139864;Warburtons Milk Roll - White 400g;£0.79;£0.19/100g;Small Loaves & Dietary Bread;254;11.0;45.0;4.0;2.8;1.3;2.4;1.00;
2876396;Irwins Irish Batch White Loaf;£0.80;£0.20/100g;Small Loaves & Dietary Bread;null;9.1;46.4;4.3;1.8;0.9;1.9;null;
1620036;Roberts Bakery Wholemeal Half Loaf 400g;£0.85;£0.21/100g;Small Loaves & Dietary Bread;208;10.4;41.9;2.2;1.3;0.2;6.6;1.0;
1620034;Roberts Bakery Oatmeal Half Loaf 400g;£0.65;£0.16/100g;Small Loaves & Dietary Bread;233;8.6;44.1;5.6;2.0;0.2;3.9;null;
4670259;Genius Gluten Free Soft Brown Sandwich Loaf 350g;£2.30;£0.65/100g;Small Loaves & Dietary Bread;null;3.3;45;2;7.4;0.6;6.4;0.8;
4670257;Genius Gluten Free Soft White Sandwich Loaf 350g;£2.30;£0.65/100g;Small Loaves & Dietary Bread;null;3.1;43.3;4.4;8.2;0.3;8.2;0.9;
2777357;Rankin Irish Soda Bread 400g;£1.00;£0.25/100g;Small Loaves & Dietary Bread;null;9.5;43.3;4.8;6.2;1.5;7.7;1.0;
4822639;Bake at Home Brown Seeded Petit Pains 300g;£0.90;£0.30/100g;Speciality Bread;null;null;null;null;null;null;null;null;
4822641;Bake at Home Olive Ciabatta Rolls 250g;£1.00;£0.40/100g;Speciality Bread;null;null;null;null;null;null;null;null;
4822637;Bake at Home Seeded Brown Baguettes 300g;£0.90;£0.30/100g;Speciality Bread;null;null;null;null;null;null;null;null;
4982528;ASDA Chosen by You 8 Plain Chapattis;£1.00;£0.12/each;Speciality Bread;301;8.4;48;2.7;7.6;3.3;3.5;0.90;
4826043;ASDA Chosen by you 2 Plain Naans 330g;£0.75;£0.22/100g;Speciality Bread;268;7.3;44.2;2.1;6.1;0.6;3.4;0.7;
4826041;ASDA Chosen by you Garlic & Coriander Naans 330g;£0.75;£0.22/100g;Speciality Bread;284;7.9;46.1;2.7;6.7;0.5;3.7;0.7;
4826045;ASDA Chosen by you Peshwari Naans 312g;£0.63;£0.20/100g;Speciality Bread;297;7.2;43.6;7.6;9.3;3.5;5.1;0.6;
4826037;ASDA Chosen by you Garlic & Coriander Naans 660g;£1.45;£0.22/100g;Speciality Bread;282;8.1;47.7;2.3;5.8;0.4;3.1;0.7;
4829225;ASDA Chosen by you Large White Pittas 510g;£0.80;£0.15/100g;Speciality Bread;250;9.0;47.9;1.1;1.7;0.3;3.4;0.7;
4355836;ASDA 4 Ciabatta Squares;£0.78;£0.19/each;Speciality Bread;null;null;null;null;null;null;null;null;
4355834;ASDA 6 Bake at Home Petit Pains;£0.75;£0.12/each;Speciality Bread;null;null;null;null;null;null;null;null;
4355832;ASDA Bake at Home White Baguettes;£0.58;£0.29/each;Speciality Bread;null;null;null;null;null;null;null;null;
4273087;ASDA Gluten Free 4 White Pitta Breads 220g;£2.00;£0.90/100g;Speciality Bread;null;4.5;50;4.4;3.3;0.3;3.7;0.8;
4257977;ASDA Gluten Free Pizza Base 200g;£1.80;£0.90/100g;Speciality Bread;null;3.5;45.8;10.2;4.6;0.3;5.3;0.7;
4257965;ASDA Gluten Free White Baguette Bread 140g;£1.45;£1.04/100g;Speciality Bread;null;3.9;48.4;4.9;9.4;1.6;5.7;0.8;
3052304;Dietary Specials Gluten & Wheat Free Ciabatta Rolls 200g;£2.00;£1.00/100g;Speciality Bread;213;4.1;41;2.7;1.8;0.3;8.3;1.0;
1956325;Dietary Specials Gluten Free Pizza Base 300g;£3.00;£10.00/kg;Speciality Bread;304;2.2;61;4.7;4.8;0.5;4.1;1.0;
4450495;Dina Chapattis 260g;£1.00;£0.38/100g;Speciality Bread;null;10.8;51.2;2.8;8;0.6;3.9;null;
4450499;Dina Large Garlic & Coriander Naan Breads 260g;£1.00;£0.38/100g;Speciality Bread;null;null;null;null;null;null;null;null;
4450497;Dina Large Golden Naan Breads 260g;£1.00;£0.38/100g;Speciality Bread;null;null;null;null;null;null;null;null;
4450503;Dina Wholemeal Mini Pitta Breads 360g;£0.50;£0.13/100g;Speciality Bread;null;10.6;46.7;1.7;1.5;0.3;4.9;null;
2776607;Irwins High Fibre Irish Batch;£0.75;£0.18/100g;Speciality Bread;null;10.4;41.8;2.2;0.6;0.2;6.1;null;
3676389;Irwins Irish Batch Sliced White Bread 800g;£1.00;£0.12/100g;Speciality Bread;230;8.6;47.8;2.7;1.0;0.4;2.7;null;
5050149;La For Ciabatta;£1.45;£1.45/each;Speciality Bread;null;null;null;null;null;null;null;null;
5050151;La For Jalapeno Chilli Ciabatta Rolls;£1.45;£0.36/each;Speciality Bread;null;null;null;null;null;null;null;null;
5050153;La For Kalamata Olive Ciabatta Rolls;£1.45;£0.36/each;Speciality Bread;null;null;null;null;null;null;null;null;
5050155;La For Mediterranean Loaf 400g;£1.45;£0.36/100g;Speciality Bread;null;null;null;null;null;null;null;null;
2777359;Rankin Irish Soda Bread Mini's;£0.80;£0.20/each;Speciality Bread;null;4.0;44.0;1.0;3.4;1.2;2.3;null;
1306811;Scheider Bro Organic Rye Bread With Sunflower Seeds 500g;£1.20;£0.24/100g;Speciality Bread;null;null;null;null;null;null;null;null;
3011022;Scheider Brot German Rye Bread 500g;£1.20;£0.24/100g;Speciality Bread;null;null;null;null;null;null;null;null;
3699978;The Polish Bakery Dark Rye Bread with Inulin 400g;£1.00;£0.25/100g;Speciality Bread;null;null;null;null;null;null;null;null;
2942868;Weight Watchers Unbaked Petit Pain;£0.98;£0.24/each;Speciality Bread;223;6.8;43.5;1.5;0.9;0.2;6.8;0.9;
2561442;ASDA Free From Garlic & Coriander Naan Breads 180g;£2.00;£1.11/100g;Speciality Bread;null;3.9;46.5;2.5;6.6;0.4;3.3;0.8;
517772;ASDA Poppyseed Bloomer 800g;£1.00;£0.12/100g;In-Store Bakery Bread;null;null;null;null;null;null;null;null;
2199978;ASDA Sliced Tiger Chest Bread 800g;£1.00;£0.12/100g;In-Store Bakery Bread;null;null;null;null;null;null;null;null;
912723;ASDA Tiger Chest Bread 400g;£0.75;£0.18/100g;In-Store Bakery Bread;null;null;null;null;null;null;null;null;
2199976;ASDA Sliced Tiger Chest Bread Loaf 400g;£0.75;£0.18/100g;In-Store Bakery Bread;null;null;null;null;null;null;null;null;
3051957;ASDA Sliced Tiger Tin Bread 400g;£0.80;£0.20/100g;In-Store Bakery Bread;null;null;null;null;null;null;null;null;
3051951;ASDA Tiger Tin Bread 800g;£1.00;£0.12/100g;In-Store Bakery Bread;null;null;null;null;null;null;null;null;
3051953;ASDA Sliced Tiger Tin Bread 800g;£1.00;£0.12/100g;In-Store Bakery Bread;null;null;null;null;null;null;null;null;
3051955;ASDA Tiger Tin Bread 400g;£0.80;£0.20/100g;In-Store Bakery Bread;null;null;null;null;null;null;null;null;
3065959;ASDA Sliced Granary Farmhouse Bread;£0.97;£0.12/100g;In-Store Bakery Bread;null;null;null;null;null;null;null;null;
3051959;ASDA Granary Bread;£0.97;£0.12/100g;In-Store Bakery Bread;null;null;null;null;null;null;null;null;
204018;ASDA Granary FarmHouse Bread;£0.50;£0.12/100g;In-Store Bakery Bread;null;null;null;null;null;null;null;null;
855249;ASDA Sliced White Bloomer Bread;£1.00;£0.12/100g;In-Store Bakery Bread;null;null;null;null;null;null;null;null;
204001;ASDA Sliced White Bloomer Bread;£0.85;£0.21/100g;In-Store Bakery Bread;null;null;null;null;null;null;null;null;
2266253;ASDA Sliced White Farmhouse Bread 400g;£0.85;£0.21/100g;In-Store Bakery Bread;null;null;null;null;null;null;null;null;
216438;ASDA White Bloomer Bread;£1.00;£0.12/100g;In-Store Bakery Bread;null;null;null;null;null;null;null;null;
203991;ASDA White Bloomer Bread;£0.85;£0.21/100g;In-Store Bakery Bread;null;null;null;null;null;null;null;null;
216442;ASDA White Hedgehog Bread;£0.80;£0.20/100g;In-Store Bakery Bread;null;null;null;null;null;null;null;null;
216432;ASDA White Hedgehog Bread;£1.00;£0.12/100g;In-Store Bakery Bread;null;null;null;null;null;null;null;null;
204037;ASDA Sliced Wholemeal Tin Bread;£0.50;£0.12/100g;In-Store Bakery Bread;null;null;null;null;null;null;null;null;
532905;ASDA Sliced White Hedgehog Bread Loaf;£0.80;£0.20/100g;In-Store Bakery Bread;null;null;null;null;null;null;null;null;
532906;ASDA Sliced White Hedgehog Bread;£1.00;£0.12/100g;In-Store Bakery Bread;null;null;null;null;null;null;null;null;
2878060;ASDA Poppy Seed Bloomer Bread 400g;£0.85;£0.21/100g;In-Store Bakery Bread;null;null;null;null;null;null;null;null;
606501;ASDA Sliced White Sandwich Bread;£1.00;£0.12/100g;In-Store Bakery Bread;null;null;null;null;null;null;null;null;
450537;ASDA Sliced White Tin Bread;£1.00;£0.12/100g;In-Store Bakery Bread;null;null;null;null;null;null;null;null;
3051949;ASDA Sliced Wholemeal Sandwich Tin Bread;£0.97;£0.12/100g;In-Store Bakery Bread;null;null;null;null;null;null;null;null;
204033;ASDA Sliced Wholemeal Tin Bread;£0.97;£0.12/100g;In-Store Bakery Bread;null;null;null;null;null;null;null;null;
450534;ASDA Sliced White Tin Bread;£0.80;£0.20/100g;In-Store Bakery Bread;null;null;null;null;null;null;null;null;
2176084;ASDA White FarmHouse Bread 800g;£1.00;£0.12/100g;In-Store Bakery Bread;null;null;null;null;null;null;null;null;
2176086;ASDA White Farmhouse Bread 400g;£0.85;£0.21/100g;In-Store Bakery Bread;null;null;null;null;null;null;null;null;
2266251;Asda Sliced White Farmhouse Bread Loaf 800g;£1.00;£0.12/100g;In-Store Bakery Bread;null;null;null;null;null;null;null;null;
3051909;ASDA Sunflower & Sesame Batch Bread;£0.50;£0.12/100g;In-Store Bakery Bread;null;null;null;null;null;null;null;null;
1059526;ASDA White Batch Bread 800g;£1.27;£0.15/100g;In-Store Bakery Bread;null;null;null;null;null;null;null;null;
606500;ASDA White Sandwich Bread;£1.00;£0.12/100g;In-Store Bakery Bread;null;null;null;null;null;null;null;null;
203960;ASDA White Tin Bread;£1.00;£0.12/100g;In-Store Bakery Bread;null;null;null;null;null;null;null;null;
203967;ASDA White Tin Bread;£0.80;£0.20/100g;In-Store Bakery Bread;null;null;null;null;null;null;null;null;
3051947;ASDA Wholemeal Sandwich Tin Bread;£0.97;£0.12/100g;In-Store Bakery Bread;null;null;null;null;null;null;null;null;
204036;Asda Wholemeal Tin Bread;£0.50;£0.12/100g;In-Store Bakery Bread;null;null;null;null;null;null;null;null;
204032;ASDA Wholemeal Tin Bread;£0.97;£0.12/100g;In-Store Bakery Bread;null;null;null;null;null;null;null;null;
3065953;ASDA Sliced Sunflower & Sesame Bread Loaf;£0.50;£0.12/100g;In-Store Bakery Bread;null;null;null;null;null;null;null;null;
204020;ASDA Granary Farmhouse Sliced Bread Loaf;£0.50;£0.12/100g;In-Store Bakery Bread;null;null;null;null;null;null;null;null;
2694125;ASDA Chosen By You BBQ Ketchup 360g;£1.00;£0.27/100g;BBQ Sauces;null;1.2;39.0;30.5;0.1;null;2.0;null;
3532589;HP Original BBQ Sauce Classic Woodsmoke Flavour 465g;£1.98;£0.42/100g;BBQ Sauces;133;0.5;31.5;25.5;null;null;null;1.4;
3891403;Heinz Classic Barbecue Sauce 480g;£1.79;£0.37/100g;BBQ Sauces;null;1.0;30.7;28.7;0.1;null;1.5;1.3;
3532591;HP Honey BBQ Sauce Mild Woodsmoke Flavour 465g;£1.98;£0.42/100g;BBQ Sauces;129;0.5;30.6;24.2;null;null;null;1.4;
3162454;ASDA Chosen By You Bourbon BBQ Sauce 360g;£1.00;£0.27/100g;BBQ Sauces;null;1.1;36.6;23.8;null;null;1.1;null;
3891401;Heinz Sticky Barbecue Sauce 500g;£1.79;£0.35/100g;BBQ Sauces;null;0.8;41.0;39.2;0.1;null;1.3;1.1;
2694154;ASDA Chosen By You Garlic Ketchup 310g;£1.00;£0.32/100g;BBQ Sauces;null;0.3;9.0;8.0;34.0;3.2;1.2;null;
3538437;ASDA Chosen By You Hot BBQ Sauce 360g;£1.00;£0.27/100g;BBQ Sauces;null;1.5;37.6;29.2;0.2;0.1;1.5;null;
3685276;Heinz Garlic Sauce 225g;£1.00;£0.44/100g;BBQ Sauces;398;2.2;15.0;11.0;36.0;3.3;0.3;1.5;
3891417;Heinz Burger Sauce 226g;£1.00;£0.44/100g;BBQ Sauces;408;1.7;17.0;12.0;37.0;4.0;0.2;2.2;
2694127;ASDA Chosen By You Burger Ketchup 320g;£1.00;£0.31/100g;BBQ Sauces;null;1.5;8.2;3.9;18.0;1.9;1.6;null;
3539287;Newmans Own Original Sticky BBQ Sauce;£1.99;£0.79/100ml;BBQ Sauces;null;0.9;39.0;27.8;0.8;0.2;2.5;3.30;
2556151;Jack Daniels Smooth Orginal Barbecue Sauce 260g;£2.17;£0.83/100g;BBQ Sauces;null;null;null;null;null;null;null;null;
2556153;Jack Daniels Tennessee Style Smokey Barbecue Sauce 260g;£2.17;£0.83/100g;BBQ Sauces;null;null;null;null;null;null;null;null;
3532593;HP Spicy BBQ Sauce Hot Woodsmoke Flavour 470g;£1.98;£0.42/100g;BBQ Sauces;139;0.6;32.9;26.6;null;null;null;1.3;
3876559;ASDA Chosen by You Sweet Onion Sauce for Subs;£1.00;£0.33/100g;BBQ Sauces;null;0.2;34.2;27.1;0.3;null;0.5;null;
4667427;Heinz Peppery & Punchy Jerk BBQ;£1.69;£0.76/100ml;BBQ Sauces;157;1.1;37.5;31.8;0.1;null;null;1.4;
3893036;Kraft Bulls-Eye Original BBQ Sauce;£2.98;£0.70/100ml;BBQ Sauces;170;8;5;5;6;1;7;91;
3876561;ASDA Chosen by You Ranch Sauce for Subs;£1.00;£0.35/100g;BBQ Sauces;null;0.9;10.3;5.1;16.9;1.5;0.5;null;
4305178;ASDA Chosen By You BBQ Peppercorn Steak Sauce 260g;£1.00;£0.38/100g;BBQ Sauces;null;0.5;4.8;1.4;11.3;4.0;0.6;0.8;
3892517;Budweiser Barbecue Sauce 300g;£1.98;£0.66/100g;BBQ Sauces;null;null;null;null;null;null;null;null;
4305186;ASDA Chosen By You BBQ USA Chilli Cheese Sauce 280g;£1.00;£0.35/100g;BBQ Sauces;null;2.6;6.2;0.6;9.7;2.6;0.5;0.9;
4682307;Weight Watchers Honey & Mustard Deli Sauce;£0.96;£0.33/100g;BBQ Sauces;null;1.2;10.3;5.5;9.1;0.8;0.7;0.6;
4680596;Newman's All Star Barbecue Sauce;£1.85;£0.66/100ml;BBQ Sauces;null;0.9;39.5;28.7;1.5;null;4.7;1.7;
4690093;Great British Sauce Co. Sweet Curry Sauce 335g;£1.99;£0.59/100g;BBQ Sauces;null;1.7;44.9;62.9;0.3;0.04;1.4;2.59;
2162809;Blue Dragon Original Sweet Chilli Sauce 380g;£1.99;£0.52/100g;Hot Sauces;null;null;null;null;null;null;null;null;
3891157;Franks Red Hot Wings Buffalo Sauce;£1.00;£0.67/100ml;Hot Sauces;null;null;null;null;null;null;null;null;
2568538;Nando's Hot Peri-Peri Sauce;£1.87;£0.74/100g;Hot Sauces;null;null;null;null;null;null;null;null;
3681893;Encona Creole Pepper Sauce 170g;£1.19;£0.70/100g;Hot Sauces;null;null;null;null;null;null;null;null;
4635619;Blue Dragon Original Sweet Chilli Sauce 190g;£1.00;£0.52/100g;Hot Sauces;null;null;null;null;null;null;null;null;
3391452;Blue Dragon Sweet Chilli Dipping Sauce;£0.98;£0.51/100ml;Hot Sauces;null;null;null;null;null;null;null;null;
3391456;Blue Dragon Sweet Chilli Sauce;£0.98;£0.51/100ml;Hot Sauces;null;null;null;null;null;null;null;null;
2552770;Cholula Original Hot Sauce;£1.69;£1.13/100ml;Hot Sauces;null;null;null;null;null;null;null;null;
3292774;Cofresh Original Sweet & Sour Sauce;£2.79;£0.25/100g;Hot Sauces;null;0.2;39.3;36.0;0.1;null;0.3;null;
3670903;Tabasco Habanero Sauce;£1.89;£3.15/100ml;Hot Sauces;null;null;null;null;null;null;null;null;
14672;Tabasco Pepper Sauce;£1.89;£3.32/100ml;Hot Sauces;null;null;null;null;null;null;null;null;
3681889;Encona West Indian Smooth Papaya Hot Pepper Sauce 170g;£1.19;£0.70/100g;Hot Sauces;null;null;null;null;null;null;null;null;
3662334;Encona Thai Chilli and Garlic Sauce 270g;£1.75;£0.64/100g;Hot Sauces;null;null;null;null;null;null;null;null;
3681895;Encona Thai Sweet Chilli Sauce 190g;£1.19;£0.62/100g;Hot Sauces;null;null;null;null;null;null;null;null;
3891351;Encona West Indian Extra Hot Pepper Sauce 150g;£1.59;£1.06/100g;Hot Sauces;null;null;null;null;null;null;null;null;
3681899;Encona West Indian Original Hot Pepper Sauce 175g;£1.19;£0.68/100g;Hot Sauces;null;null;null;null;null;null;null;null;
3662330;Encona West Indian Original Hot Pepper Sauce 260g;£1.75;£0.67/100g;Hot Sauces;null;null;null;null;null;null;null;null;
3929534;Walkerswood Hot Jamaican Scotch Bonnet Pepper Sauce;£1.38;£0.92/100ml;Hot Sauces;null;null;null;null;null;null;null;null;
4714495;Hot Headz 2nd Assault Pepper Sauce;£3.98;£2.69/100ml;Hot Sauces;null;null;null;null;null;null;null;null;
4667443;Levi Roots Reggae Reggae Original Caribbean BBQ Sauce & Marinade 290g;£1.49;£0.51/100g;Hot Sauces;null;0.3;32.4;29.5;0.1;0.0;null;1.1;
4667445;Levi Roots Reggae Reggae X-Hot Caribbean BBQ Sauce & Marinade 290g;£1.49;£0.51/100g;Hot Sauces;null;0.4;32.6;29.6;0.1;0.0;null;2.0;
4689929;Nando's Medium Peri-Peri Sauce 1l;£7.99;£0.79/100ml;Hot Sauces;null;null;null;null;null;null;null;null;
2568536;Nando's Peri-Peri Sauce Extra Hot;£1.87;£0.74/100g;Hot Sauces;null;null;null;null;null;null;null;null;
4305158;Nando's Lemon & Herb Peri-Peri Sauce;£1.87;£0.74/100g;Hot Sauces;null;null;null;null;null;null;null;null;
3881361;Nando's Peri-Peri Sauce Mild;£1.87;£0.74/100g;Hot Sauces;null;null;null;null;null;null;null;null;
4689927;Nando's Wild Herb Peri-Peri Sauce;£1.87;£0.74/100g;Hot Sauces;null;null;null;null;null;null;null;null;
3881359;Nando's Peri-Peri Sauce Medium;£1.87;£0.74/100g;Hot Sauces;null;null;null;null;null;null;null;null;
2844665;Nando's Extra Extra Hot Peri-Peri Sauce;£1.87;£0.74/100g;Hot Sauces;null;null;null;null;null;null;null;null;
2568534;Nando's Peri-Peri Sauce Garlic;£1.87;£0.74/100g;Hot Sauces;null;null;null;null;null;null;null;null;
4680592;Newman's Hot Pepper Sauce;£1.85;£0.66/100ml;Hot Sauces;null;0.5;4.6;0.7;1.3;0.2;4.2;4.8;
3891153;Franks Red Hot Original Cayenne Pepper Sauce;£1.00;£0.67/100ml;Hot Sauces;null;null;null;null;null;null;null;null;
4689949;Franks RedHot Chilli 'n Lime;£1.00;£0.67/100ml;Hot Sauces;null;null;null;null;null;null;null;null;
4685393;Great British Sauce Co. Hot & Sweet Chilli Sauce 335g;£1.99;£0.59/100g;Hot Sauces;null;0.5;45.6;28.7;0.1;0.1;0.8;2.21;
4304532;Heinz Smoky & Spicy Firecracker Sauce 255g;£1.00;£0.39/100g;Hot Sauces;116;1.0;25.3;22.0;0.9;null;1.5;1.4;
4304526;Heinz Tomato Ketchup Mexican Chilli 250g;£1.00;£0.40/100g;Hot Sauces;null;1.2;25.2;22.8;0.3;null;1.9;1.8;
4667423;Heinz Hot & Zingy Peri Peri;£1.69;£0.76/100ml;Hot Sauces;70;0.5;8.3;4.5;3.1;0.4;null;1.3;
4667425;Heinz Lively & Fruity Hot Pepper;£1.69;£0.76/100ml;Hot Sauces;39;0.5;6.5;3.0;0.2;null;null;1.5;
4304530;Heinz Creamy & Spicy Flamin' Cajun Sauce 225g;£1.00;£0.44/100g;Hot Sauces;515;1.5;7.2;4.2;53.2;3.9;0.7;1.6;
4667429;Heinz Moreish & Tangy Sweet Chilli;£1.69;£0.76/100ml;Hot Sauces;189;0.4;46.1;42.3;0.1;null;null;1.4;
4491559;Heinz Tomato Ketchup Sweet Chilli 260g;£1.00;£0.38/100g;Hot Sauces;133;1.3;29.8;28.9;0.2;null;null;1.8;
3162458;ASDA Chosen by You Fiery Caribbean Style Hot Jerk Sauce 360g;£1.00;£0.27/100g;Hot Sauces;null;1.6;24.6;22.4;0.1;null;0.6;null;
3876567;ASDA Chosen By You Hot Chilli Sauce for Subs;£1.00;£0.35/100g;Hot Sauces;null;0.5;8.6;3.2;1.5;0.3;0.8;null;
4765847;Heinz Curry Sauce Classic;£1.99;£0.53/100ml;Hot Sauces;116;0.7;27;23;0.3;null;null;1.5;
4304540;Heinz Tangy Jalapeno Hot & Zesty;£1.48;£0.98/100ml;Hot Sauces;null;1.0;9.2;8.4;0.2;null;null;2.6;
4304536;Heinz Peppery Habanero Sauce;£1.48;£0.98/100ml;Hot Sauces;null;0.9;10.6;10.3;0.1;null;null;1.7;
4304538;Heinz Smokey Chipotle Warm & Spicy;£1.48;£0.98/100ml;Hot Sauces;null;1.8;7.9;6.9;0.2;null;null;2.0;
2307640;Maggi Extra Hot Chilli Sauce 320g;£1.00;£0.31/100g;Hot Sauces;null;null;null;null;null;null;null;null;
2307642;Maggi Masala Chilli Sauce 400g;£1.00;£0.25/100g;Hot Sauces;null;0.0;75.4;40.0;0.0;0.0;0.0;4.0;
3508248;Aunt Mays Bajan Pepper Sauce 340g;£1.97;£0.57/100g;Hot Sauces;null;1.4;9.2;4.3;1.4;0.12;1.0;null;
4667435;Tabasco Peppery Deep South Creole Sauce & Marinade 270g;£1.99;£0.73/100g;Marinades;null;0.9;17.0;12.3;6.1;0.6;null;1.11;
4305142;Nando's BBQ Peri-Peri Rub Medium 25g;£0.95;£3.80/100g;Marinades;null;null;null;null;null;null;null;null;
4667431;Tabasco Chipotle & Smokey Bourbon Sauce & Marinade 270g;£1.99;£0.73/100g;Marinades;null;0.9;20.1;15.8;0.0;0.0;null;1.33;
4667437;Tabasco Fruity & Fiery Habanero Sauce & Marinade 280g;£1.99;£0.71/100g;Marinades;null;0.5;29.1;21.2;3.2;0.3;null;0.61;
4667433;Tabasco Sweet Chipotle and Cola Sauce & Marinade 280g;£1.99;£0.71/100g;Marinades;null;1.0;23.5;17.4;0.1;0.0;null;1.33;
3881357;Nando's Garlic Peri-Peri Marinade;£1.98;£0.74/100g;Marinades;null;null;null;null;null;null;null;null;
914234;Nando's Sundried Tomato & Basil Marinade 270g;£1.98;£0.73/100g;Marinades;null;null;null;null;null;null;null;null;
3881355;Nando's Smokey Portugese BBQ Peri-Peri Marinade;£1.98;£0.73/100g;Marinades;null;null;null;null;null;null;null;null;
945242;Nando's Hot Peri-Peri Marinade 260g;£1.98;£0.76/100g;Marinades;null;null;null;null;null;null;null;null;
4305174;ASDA Chosen by You BBQ Texas Fruity Last Minute Marinade 280g;£1.00;£0.35/100g;Marinades;null;0.9;31.5;28.1;0.3;null;1.3;1.2;
4305166;ASDA Chosen by You BBQ Tennessee Bourbon Last Minute Marinade 280g;£1.00;£0.35/100g;Marinades;null;0.7;20.8;19.3;0.3;null;1.1;1.1;
3876549;ASDA Chosen by You Smoky BBQ Marinade & Glaze 280g;£1.00;£0.35/100g;Marinades;null;1.7;22.0;16.8;0.1;null;0.6;null;
3539291;Newmans Own Hickory Sticky BBQ Sauce;£1.99;£0.79/100ml;Marinades;null;0.4;38.5;29.4;2.1;0.8;0.5;3.1;
4305168;ASDA Chosen by You BBQ Louisiana Creole Last Minute Marinade 280g;£1.00;£0.35/100g;Marinades;null;1.4;26.8;22.4;0.4;0.1;1.8;0.8;
4689913;Nando's Coat 'n Cook Peri-Peri Lemon & Herb 120g;£1.00;£0.83/100g;Marinades;null;null;null;null;null;null;null;null;
4305134;Nando's Peri-Peri Rub Hot 25g;£0.95;£3.80/100g;Marinades;null;null;null;null;null;null;null;null;
4305140;Nando's Garlic Peri-Peri Rub Medium 25g;£0.95;£3.80/100g;Marinades;null;null;null;null;null;null;null;null;
4305136;Nando's Peri-Peri Rub Medium 25g;£0.95;£3.80/100g;Marinades;null;null;null;null;null;null;null;null;
4305138;Nando's Lemon & Herb Peri-Peri Rub Mild 25g;£0.95;£3.80/100g;Marinades;null;null;null;null;null;null;null;null;
4316789;Nando's Coat 'n Cook Peri-Peri Original Hot 120g;£1.00;£0.83/100g;Marinades;null;null;null;null;null;null;null;null;
4174346;Amoy Sticky Glaze Chinese Barbeque Sauce 180g;£0.98;£0.54/100g;Marinades;187;1.6;39.2;35.4;2.6;0.3;0.3;1.3;
4174348;Amoy Sweet Soy Sticky Glaze 180g;£0.98;£0.54/100g;Marinades;186;0.9;39.8;27.4;2.5;0.3;0.3;1.3;
4174350;Amoy Peanut Satay Sticky Glaze 170g;£0.98;£0.57/100g;Marinades;189;4.7;35.1;20.7;2.8;0.8;2.5;1.2;
4667445;Levi Roots Reggae Reggae X-Hot Caribbean BBQ Sauce & Marinade 290g;£1.49;£0.51/100g;Marinades;null;0.4;32.6;29.6;0.1;0.0;null;2.0;
3891083;Hellmann's Fat Free Vinaigrette;£1.49;£0.63/100ml;Salad Dressings;null;0.1;10.9;7.8;null;null;0.3;0.9;
871162;Hellmann's Caesar Dressing;£1.49;£0.63/100ml;Salad Dressings;null;2.5;3.5;3.4;52.2;5.4;0.3;2.70;
2232779;Pizza Express Light House Dressing;£1.98;£0.84/100ml;Salad Dressings;null;0.9;5.2;4.6;30.3;4.2;0.6;2.2;
2226099;Hellmann's Thousand Island Dressing;£1.49;£0.63/100ml;Salad Dressings;null;1.0;13.6;11.5;19.6;3.0;0.4;2.00;
3891087;Hellmann's Balsamic Vinaigrette;£1.49;£0.63/100ml;Salad Dressings;null;0.1;9.6;3.6;2.7;0.4;0.6;2.00;
3893044;Kraft Light French;£1.18;£0.50/100ml;Salad Dressings;null;0.1;8.4;8.2;0;0;0.5;2.96;
2226097;Hellmann's Honey & Mustard Dressing;£1.49;£0.63/100ml;Salad Dressings;null;0.9;16.1;13.0;15.8;1.3;0.4;1.75;
3893042;Kraft Light Herb &garlic;£1.18;£0.50/100ml;Salad Dressings;null;1.2;15.5;13.0;5.1;0.8;0.2;null;
3891507;ASDA Chosen By You Creamy Caesar Dressing;£0.80;£0.32/100ml;Salad Dressings;null;1.5;11.5;8.1;17.9;1.6;null;1.5;
2841027;Newmans Own Italian Dressing;£1.49;£0.59/100ml;Salad Dressings;null;0.1;1.3;0.3;53.8;6.24;0.5;2.24;
3209516;Pizza Express Caesar Light Dressing;£1.98;£0.84/100ml;Salad Dressings;null;2.7;6.6;6.1;34.2;3.5;1.7;2.3;
3893040;Kraft Light Honey & Mustard;£1.18;£0.50/100ml;Salad Dressings;null;0.9;15.0;13.0;4.0;0.4;0.9;null;
3891513;ASDA Chosen By You Honey & Mustard Dressing;£0.80;£0.32/100ml;Salad Dressings;null;0.1;29.8;28.4;5.4;1.0;null;0.8;
2841025;Newmans Own Ranch Dressing;£1.49;£0.59/100ml;Salad Dressings;null;1.0;9.5;4.9;41.7;3.1;0.5;2.29;
3893193;ASDA Chosen By You Balsamic Dressing;£0.80;£0.32/100ml;Salad Dressings;null;0.1;27.0;26.1;4.0;0.2;null;0.8;
3909583;ASDA Good For You Honey & Mustard Dressing;£0.80;£0.32/100ml;Salad Dressings;null;0.2;27.2;26.6;0.2;0.1;0.5;null;
3909579;ASDA 70% Less Fat Italian Dressing;£0.80;£0.32/100ml;Salad Dressings;null;0.2;13.6;13.0;0.1;0.1;0.5;null;
3891515;ASDA Chosen By You Garlic & Herb Dressing;£0.80;£0.32/100ml;Salad Dressings;null;1.3;10.7;8.0;16.1;1.1;null;1.0;
871163;Hellmann's French Dressing;£1.49;£0.63/100ml;Salad Dressings;null;0.9;9.5;7.4;26.5;2.1;0.6;2.00;
4010812;Heinz Blue Cheese Dressing 225g;£1.00;£0.44/100g;Salad Dressings;369;1.2;7.8;7.0;36.9;6.4;0.2;2.8;
3891411;Heinz Caesar Salad Dressing 225g;£1.00;£0.44/100g;Salad Dressings;444;1.6;7.9;7.4;44.7;7.6;0.3;2.1;
3893048;Kraft Light Thousand Island;£1.18;£0.50/100ml;Salad Dressings;null;0.6;17.5;13.0;2.6;0.2;0.2;1.88;
3891509;ASDA Chosen By You French Dressing;£0.80;£0.32/100ml;Salad Dressings;null;0.5;4.2;4.2;35.7;2.8;null;1.0;
3678469;Mary Berry’s Salad Dressing 260g;£2.98;£1.15/100g;Salad Dressings;null;0.7;27.0;26.1;43.9;5.2;0.6;1.3;
891653;Pizza Express Our Famous Dressing;£1.98;£0.84/100ml;Salad Dressings;null;1.0;5.0;2.7;44.2;6.1;null;2.4;
3909581;ASDA Good For You French Dressing;£0.80;£0.32/100ml;Salad Dressings;null;0.5;6.9;7.1;23.8;2.2;0.9;null;
3539281;Newman's Own Balsamic Dressing;£1.49;£0.59/100ml;Salad Dressings;null;0.1;7.2;5.8;38.2;5.3;0.5;1.30;
3909585;ASDA Chosen By You Creamy Caesar Dressing;£0.80;£0.32/100ml;Salad Dressings;null;1.5;11.9;9.0;10.8;1.1;0.5;null;
3909577;ASDA Good For You Lemon & Black Pepper Dressing;£0.80;£0.32/100ml;Salad Dressings;null;0.2;9.2;9.2;0.7;0.1;0.6;null;
3891511;ASDA Thousand Island Dressing;£0.80;£0.32/100ml;Salad Dressings;null;0.4;19.9;17.3;12.0;0.7;null;0.8;
3891085;Hellmann's Garlic & Herb Dressing;£1.49;£0.63/100ml;Salad Dressings;null;1.3;8.3;6.4;14.0;1.2;0.3;2.00;
3678471;Mary Berry’s Original Family Recipe Caesar Dressing 245g;£2.98;£1.22/100g;Salad Dressings;null;2.2;13.5;12.0;56.8;7.8;0.5;1.3;
3538495;Briannas Home Style True Blue Cheese Dressing;£2.98;£0.83/100ml;Salad Dressings;null;null;null;null;null;null;null;null;
3678467;Mary Berry’s Light Salad Dressing 265g;£2.98;£1.12/100g;Salad Dressings;null;0.7;26.9;21.9;21.9;2.6;0.9;1.3;
3538491;Briannas Home Style Dijon Honey Mustard Dressing;£2.98;£0.83/100ml;Salad Dressings;null;null;null;null;null;null;null;null;
3892505;Mary Berry’s Basil Pesto Dressing 250g;£2.98;£1.19/100g;Salad Dressings;null;1.2;20.7;20.1;42.0;3.2;0.3;1.6;
3538493;Briannas Asiago Ceasar Dressing;£2.98;£0.83/100ml;Salad Dressings;null;null;null;null;null;null;null;null;
4257584;Le Conserve della Nonna Free From Green Pesto 185g;£2.00;£1.08/100g;Salad Dressings;null;null;null;null;null;null;null;null;
3650195;Tiger Tiger Authentic Thai Red Salad Dressing;£1.98;£0.79/100ml;Salad Dressings;null;0.8;53.6;53;0;0;null;2.3;
4305144;Pizza Express Olive Oil & Balsamic Vinaigrette;£1.98;£0.84/100ml;Salad Dressings;null;0.2;15.4;14.6;39.4;5.6;null;3.1;
4305146;Pizza Express Basil Pesto Dressing;£1.98;£0.84/100ml;Salad Dressings;null;0.9;8.4;7.1;45.1;3.9;0.7;null;
4305148;Pizza Express Chilli & Tomato Dressing;£1.98;£0.84/100ml;Salad Dressings;null;0.4;11.8;10.7;50.0;5.3;0.3;null;
3650193;Tiger Tiger Authentic Thai Green Salad Dressing;£1.98;£0.79/100ml;Salad Dressings;null;0.5;58.2;48.8;0;0;null;2.9;
4480362;ASDA Extra Special Balsamic Vinegar;£5.98;£2.39/100ml;Salad Dressings;null;1.6;47.0;45.5;null;null;null;null;
4689951;French's Blue Cheese Dressing 270g;£1.33;£0.49/100g;Salad Dressings;null;null;null;null;null;null;null;null;
4694422;French's Chipotle Vinaigrette Dressing 270g;£1.33;£0.49/100g;Salad Dressings;null;null;null;null;null;null;null;null;
4680600;Newman's Own Blue Cheese Dressing;£1.49;£0.59/100ml;Salad Dressings;null;1.7;6.4;5.3;53.3;3.8;0.5;1.75;
4680598;Newman's Own Santa Cruz Chilli & Lime Dressing;£1.49;£0.59/100ml;Salad Dressings;null;0.3;23.1;16.7;6.9;0.5;0.6;0.54;
4480352;PBMG Crumbles Bacon Flavour 240g;£1.53;£0.63/100g;Salad Dressings;null;9.0;53.4;1.5;29.1;13.8;2.4;null;
4682311;Weight Watchers Ranch Deli Sauce;£0.96;£0.34/100g;Salad Dressings;null;1.0;9.1;4.4;10.9;0.8;0.9;0.6;
1879527;Heinz Salad Cream 30% less Fat 460g;£2.25;£0.48/100g;Salad Cream;236;1.7;14.2;10.5;18.5;1.6;0.3;1.7;
4692249;ASDA Chosen by You Light Salad Cream 310g;£0.78;£0.25/100g;Salad Cream;null;0.3;19.8;14.8;8.3;0.6;0.3;1.7;
3359702;Hellmann's Salad Cream;£1.00;£0.23/100ml;Salad Cream;null;0.7;15;13;26;2.1;null;1.8;
2840390;Heinz Salad Cream Original 295g;£1.48;£0.50/100g;Salad Cream;336;1.6;20.4;17.5;27.0;2.0;0.3;1.7;
4692253;ASDA Chosen by You Salad Cream 420g;£0.98;£0.23/100g;Salad Cream;null;0.7;19.1;16.6;26.2;2.1;0.2;1.6;
2840392;Heinz Salad Cream 30% less fat 290g;£1.49;£0.51/100g;Salad Cream;236;1.7;14.2;10.5;18.5;1.6;0.3;1.7;
2840332;Heinz Salad Cream 30% Less Fat;£1.97;£0.32/100g;Salad Cream;218;1.4;15.3;10.1;16.3;1.4;null;1.7;
4692247;ASDA Chosen by You Salad Cream 310g;£0.78;£0.25/100g;Salad Cream;null;0.7;19.1;16.6;26.2;2.1;0.2;1.6;
3891405;Heinz Salad Cream with Onion & Chives 295g;£1.00;£0.33/100g;Salad Cream;295;1.0;19.5;16.9;23.2;1.8;0.3;1.7;
1879525;Heinz Salad Cream Original 460g;£2.25;£0.48/100g;Salad Cream;336;1.6;20.4;17.5;27.0;2.0;0.3;1.7;
2840330;Heinz Salad Cream Original;£1.97;£0.32/100g;Salad Cream;293;1.3;18.5;17.0;23.8;1.8;null;1.7;
4692251;ASDA Chosen by You Light Salad Cream 420g;£0.98;£0.23/100g;Salad Cream;null;0.3;19.8;14.8;8.3;0.6;0.3;1.7;
4674945;ASDA Smartprice Salad Cream 420g;£0.47;£0.11/100g;Salad Cream;null;0.6;13.9;10.1;25.9;2.0;0.1;1.6;
1889368;Heinz Salad Cream 70 % Less Fat 470g;£2.25;£0.47/100g;Salad Cream;144;2.0;15.8;8.2;7.3;0.8;0.4;1.7;
3158818;HP Original Sauce 425g;£1.70;£0.40/100g;Brown Sauces;122;0.9;28.3;23.1;0.1;null;0.4;1.3;
3369195;Daddies Favourite Brown Sauce;£1.00;£0.16/100g;Brown Sauces;108;0.4;24.2;18.4;null;null;0.4;2.0;
2677274;ASDA Chosen By You Brown Sauce 705g;£1.28;£0.18/100g;Brown Sauces;null;1.1;23.5;null;0.2;null;null;null;
1729850;ASDA Chosen By You Brown Sauce 480g;£0.79;£0.16/100g;Brown Sauces;null;1.1;23.5;15.7;0.2;0.1;1.1;1.1;
3158820;HP The Original Sauce 285g;£1.00;£0.35/100g;Brown Sauces;122;0.9;28.3;23.1;0.1;null;0.4;1.3;
8039;HP Original Sauce 255g;£0.95;£0.37/100g;Brown Sauces;122;0.9;28.3;23.1;0.1;null;0.4;1.3;
2157668;HP The Original Sauce 450g;£2.00;£0.44/100g;Brown Sauces;122;0.9;28.3;23.1;0.1;null;0.4;1.3;
2551465;HP Reduced Salt & Sugar Brown Sauce 450g;£2.15;£0.47/100g;Brown Sauces;86;0.7;19.5;15.4;0.1;null;0.4;0.9;
2544168;Daddies Favourite Brown Sauce 400g;£1.39;£0.34/100g;Brown Sauces;108;0.4;24.2;18.4;null;null;0.4;2.0;
3532587;HP Fruity 470g;£2.15;£0.45/100g;Brown Sauces;135;0.9;31.5;25.6;null;null;0.3;1.5;
3060066;Chef Sauce Brown Sauce 485g;£1.35;£0.27/100g;Brown Sauces;null;0.3;29.9;25.5;0.1;null;0.3;0.8;
609170;ASDA Smartprice Brown Sauce 540g;£0.29;£0.5/100g;Brown Sauces;null;0.7;20.4;12.9;0.1;0.1;0.8;1.04;
4540582;Branston Brown Sauce 560g;£1.58;£0.28/100g;Brown Sauces;null;0.7;29;26;0.5;0.5;0.7;1.0;
4618292;HP Brown Sauce 600g;£1.97;£0.32/100g;Brown Sauces;122;0.9;28.3;23.1;0.1;null;null;1.3;
4714502;Tiptree Brown Sauce 310g;£1.99;£0.64/100g;Brown Sauces;null;0.9;44;40;0;0;null;1.4;
2995673;ASDA Extra Special Tomato & Chilli Chutney 300g;£1.78;£0.59/100g;Relish & Chutney;null;1.5;43.3;39.6;0.4;0.1;2.5;0.8;
3162460;ASDA Chosen by You Sweetcorn Relish 360g;£1.00;£0.27/100g;Relish & Chutney;null;0.9;41.4;22.4;0.8;0.2;3.9;null;
1984094;ASDA Chosen by You Sweet Onion Relish 350g;£1.00;£0.28/100g;Relish & Chutney;null;1.1;19.0;18.0;0.2;0.1;1.9;null;
221507;Baxters Albert's Victorian Chutney 312g;£1.59;£0.51/100g;Relish & Chutney;null;1.0;35.9;32.9;0.3;0.1;1.9;2.1;
3387790;Baxters Beetroot Chutney 300g;£2.68;£0.89/100g;Relish & Chutney;null;0.9;33.0;33.0;0.0;0.0;1.7;1.0;
793802;ASDA Chosen by You Tomato Chutney 275g;£0.98;£0.35/100g;Relish & Chutney;null;0.6;18.7;17.1;2.5;0.4;1.7;1.4;
793768;ASDA Chosen by You Onion Chutney 280g;£0.98;£0.35/100g;Relish & Chutney;null;2.3;23.1;14.2;0.4;0.1;0.7;1.1;
221512;Baxters Tomato Chutney 312g;£1.59;£0.51/100g;Relish & Chutney;null;1.2;33.3;30.7;0.4;0.0;1.3;1.6;
2995677;ASDA Extra Special Caramelised Onion Chutney 320g;£1.78;£0.55/100g;Relish & Chutney;null;0.8;49.7;48.9;0.3;0.1;1.3;1.0;
2995675;ASDA Extra Special Mango, Apple & Ginger Chutney 290g;£1.78;£0.61/100g;Relish & Chutney;null;0.5;43.2;42.1;0.5;0.2;1.5;1.0;
2995671;ASDA Extra Special Plum & Apple Chutney 280g;£1.78;£0.63/100g;Relish & Chutney;null;0.7;38.8;36.2;0.3;0.1;2.3;0.9;
1984092;ASDA Chosen By You Burger Relish 360g;£1.00;£0.27/100g;Relish & Chutney;null;1.2;25.4;24.5;0.7;0.2;0.7;null;
793780;ASDA Chosen by You Spiced Fruit Chutney 275g;£0.98;£0.35/100g;Relish & Chutney;null;0.3;14.3;12.5;6.3;1.5;1.2;1.2;
3675754;English Provender Company Caramelised Red Onion Chutney 300g;£1.89;£0.63/100g;Relish & Chutney;null;0.93;53.1;55.3;0.56;0.1;0.83;1.2;
3676333;English Provender Company Sweet Tomato & Chilli Chutney 300g;£1.89;£0.63/100g;Relish & Chutney;null;1.2;50.8;54.4;2.1;0.28;1.1;0.88;
3891233;English Provender Company Plum & Bramley Apple Chutney 300g;£1.89;£0.63/100g;Relish & Chutney;null;0.2;40.9;36.9;0.36;0.1;null;1;
1984090;ASDA Chosen By You Chilli & Jalapeño Relish 360g;£1.00;£0.27/100g;Relish & Chutney;null;1.0;24.5;22.2;0.5;null;1.9;null;
3911754;ASDA Chosen By You Mango Chutney 240g;£1.00;£0.41/100g;Relish & Chutney;239;0.3;57.2;57.2;0.7;0.4;1.5;2.5;
4413294;Baxters Caramelised Onion Chutney 320g;£1.59;£0.49/100g;Relish & Chutney;null;0.7;49.6;47.9;0.4;0.2;0.9;0.4;
4756155;Branston Caramelised Red Onion Squeezy Relish 335g;£1.65;£0.49/100g;Relish & Chutney;null;0.8;32;28;1.4;0.1;1.4;0.97;
4540592;Branston Red Pepper & Tomato Pickle 360g;£1.88;£0.52/100g;Relish & Chutney;null;1.2;18;14;0.5;0.1;1.1;1.8;
3928893;Geetas Premium Mango Chutney 320g;£1.00;£0.31/100g;Relish & Chutney;null;0.2;12.4;11.4;0.2;null;0.2;0.4;
4555224;Old El Paso Sweet Corn Relish 310g;£1.99;£0.64/100g;Relish & Chutney;null;null;null;null;null;null;null;null;
4555222;Old El Paso Zesty Red Jalape??o Relish 320g;£1.99;£0.62/100g;Relish & Chutney;null;null;null;null;null;null;null;null;
2226111;Sharwoods Green Label Mango Chutney 375g;£1.70;£0.45/100g;Relish & Chutney;null;0.3;11.9;null;0.1;null;null;null;
3891235;The English Provender Co. Hot Chilli & Red Pepper Chutney 310g;£1.89;£0.61/100g;Relish & Chutney;null;0.3;58.6;54.3;0.3;0.1;2.2;1.45;
3374548;What A Pickle Hot Chilli Jam 320g;£2.58;£0.80/100g;Relish & Chutney;null;null;null;null;null;null;null;null;
3537987;What A Pickle Sweet Red Onion Marmalade 320g;£2.58;£0.80/100g;Relish & Chutney;null;null;null;null;null;null;null;null;
4799375;Bartons Apple Sauce 280g;£1.50;£0.53/100g;Condiments;null;0.2;21.1;18;0;0;null;0;
4799377;Bartons Cranberry Sauce 195g;£1.00;£0.51/100g;Condiments;null;0.0;52;52;0.0;0.0;null;0.0;
664469;Lea & Perrins Worcestershire Sauce;£1.19;£0.79/100ml;Condiments;96;0.8;21.0;18.8;0.9;0.4;null;2.9;
666359;Lea & Perrins Worcestershire Sauce;£2.20;£0.75/100ml;Condiments;96;0.8;21.0;18.8;0.9;0.4;null;2.9;
562361;ASDA Mint Sauce 280g;£1.00;£0.35/100g;Condiments;null;null;null;null;null;null;null;null;
448122;Colman's Classic Mint Sauce;£1.38;£0.55/100ml;Condiments;null;1.9;27;25;0.5;0.1;null;2.7;
562304;ASDA Chosen By You Bramley Apple Sauce 280g;£0.61;£0.21/100g;Condiments;111;0.3;26.4;21.0;0.3;0.1;0.8;0.1;
190155;Colman's Tartare Sauce;£1.38;£0.55/100ml;Condiments;null;1.3;17;15;24;2.1;null;3.2;
914724;ASDA Cranberry Sauce 200g;£0.65;£0.32/100g;Condiments;245;null;60.0;51.6;0.3;null;1.1;null;
562681;ASDA Tartare Sauce 180g;£0.53;£0.29/100g;Condiments;null;null;null;null;null;null;null;null;
1777590;ASDA Chosen By You Horseradish Sauce 185g;£0.55;£0.29/100g;Condiments;null;2.1;18.1;18.1;9.5;1.1;1.8;4.0;
190157;Colman's Bramley Apple Sauce;£1.38;£0.55/100ml;Condiments;null;0.5;28;26;0.5;0;null;0.01;
1777568;ASDA Smartprice Mint Sauce 165g;£0.24;£0.14/100g;Condiments;null;0.6;7.9;5.2;0.3;0.1;1.0;1.4;
1466749;ASDA Chosen By You Mint Jelly 190g;£0.78;£0.41/100g;Condiments;null;null;null;null;null;null;null;null;
659090;Colman's Horseradish Sauce;£1.38;£0.55/100ml;Condiments;null;1.3;8;6.7;6.4;0.6;null;0.92;
1777570;ASDA Smartprice Apple Sauce 280g;£0.40;£0.14/100g;Condiments;null;null;26.0;25.0;null;null;0.1;null;
645826;Colman's Seafood Sauce;£1.38;£0.55/100ml;Condiments;null;0.9;22;18;22;1.8;null;1.8;
2691876;ASDA Extra Special Tartare Sauce 185g;£1.29;£0.69/100g;Condiments;null;0.9;11.2;10.6;48.7;3.8;1.5;4.3;
2691866;ASDA Extra Special Horseradish Sauce;£1.29;£0.64/100g;Condiments;null;2.0;5.2;5.1;24.0;3.1;8.0;0.9;
2576219;ASDA Redcurrant Jelly 227g;£0.57;£0.25/100g;Condiments;null;0.2;63;63;0;0;0.1;0;
2691870;ASDA Extra Special Cranberry Sauce with Port;£1.29;£0.53/100g;Condiments;null;0.2;52.9;48.9;0.4;0.2;2.2;0.1;
604300;Maille Hollandaise Sauce 200g;£1.49;£0.74/100g;Condiments;null;0.9;9.3;7;49;6.5;null;2.7;
553733;ASDA Chosen By You Bramley Apple Sauce 460g;£1.14;£0.24/100g;Condiments;111;0.3;26.4;21.0;0.3;0.1;0.8;0.1;
2272668;ASDA Mint Sauce 210g;£0.91;£0.43/100g;Condiments;null;0.6;12.6;11.6;0.2;null;0.1;1.5;
4256380;Tiger Tiger Free From Worcestershire Sauce 150g;£1.00;£0.66/100g;Condiments;null;0.4;22.2;19.9;0.1;0;0.3;null;
2691864;ASDA Extra Special English Bramley Apple Sauce with Cider;£1.29;£0.57/100g;Condiments;null;0.1;29.4;27.0;0.4;0.1;1.7;0.1;
3674853;Ocean Spray Cranberry Wholeberry Sauce 250g;£1.48;£0.59/100g;Condiments;null;0;37;33;0;0;1.2;0;
3685274;Heinz Cocktail Sauce 225g;£1.00;£0.44/100g;Condiments;406;2.3;15.0;12.0;36.0;3.4;1.1;1.0;
4413302;Heinz Rich & Aromatic Mint Sauce;£1.49;£0.67/100ml;Condiments;81;1.5;16.4;14.8;1.0;0.1;null;1.6;
3674851;Ocean Spray Cranberry Smooth Sauce 250g;£1.40;£0.56/100g;Condiments;null;0;37;33;0;0;0;0;
3891123;Colman's Cranberry Sauce 265g;£1.38;£0.52/100g;Condiments;null;0.5;32;27;0.5;0.1;null;0.02;
20248;Colman's Fresh Garden Mint Concentrate;£1.38;£0.55/100ml;Condiments;null;2.8;3.9;0.5;0.5;0.1;null;5.3;
3356169;Duerrs Tartare Sauce 170g;£0.98;£0.57/100g;Condiments;null;1.3;21.7;19.5;21.8;1.7;0.5;null;
3877946;ASDA Extra Special Spicy Marie Rose Sauce with Brandy;£1.29;£0.73/100g;Condiments;null;1.3;14.5;14.1;47.4;4.0;4.2;1.2;
3356175;Duerrs Mint Sauce 200g;£0.98;£0.49/100g;Condiments;null;1.1;20.3;12.6;0.4;0.1;2.4;0.9;
636715;Maille Bearnaise Sauce 200g;£1.79;£0.89/100g;Condiments;null;1.5;8.1;5.5;47;4.1;null;1.7;
2691872;ASDA Extra Special Redcurrant Sauce with Port;£1.29;£0.53/100g;Condiments;null;0.7;51.4;39.6;1.1;0.1;2.2;0.1;
4692241;ASDA Chosen by You Seafood Sauce 515g;£1.18;£0.22/100g;Condiments;null;1.0;20.0;16.2;22.8;1.9;0.4;1.7;
4692245;ASDA Chosen by You Light Seafood Sauce;£0.59;£0.11/100g;Condiments;null;0.8;20.1;15.8;15.8;1.3;0.4;1.7;
3389814;Duerrs Hot Horseradish Sauce 185g;£0.98;£0.53/100g;Condiments;null;1.9;16.2;12.1;7.3;0.6;null;null;
2339161;Bartons Mint Sauce 180g;£0.62;£0.34/100g;Condiments;null;0.97;12.47;null;0.01;null;null;0.04;
4413306;Heinz Mild & Creamy Tartare Sauce;£1.49;£0.67/100ml;Condiments;312;0.9;13.4;10.8;28.3;2.1;0.1;2.2;
3877944;ASDA Extra Special Aioli Sauce;£1.29;£0.73/100g;Condiments;null;2.7;17.5;3.6;44.0;5.1;1.5;1.6;
4692243;ASDA Chosen by You Light Seafood Squeezy Sauce;£0.42;£0.16/100g;Condiments;null;0.8;20.1;15.8;15.8;1.3;0.4;1.7;
3653497;Dobre Horseradish Sauce;£1.50;£0.79/100ml;Condiments;null;null;null;null;null;null;null;null;
2691874;ASDA Extra Special Mint Sauce;£1.29;£0.62/100g;Condiments;null;0.5;16.1;14.3;0.5;null;1.6;1.2;
3354836;Duerrs Redcurrant Jelly 227g;£0.98;£0.36/100g;Condiments;null;null;67.0;67.0;null;null;0.9;null;
4407316;ASDA Extra Special Redcurrant & Port Jelly;£1.29;£0.54/100g;Condiments;null;0.3;57.4;56.3;2.5;0.1;0.5;0.1;
4407318;Asda Extra Special Quince Jelly 250g;£2.00;£0.80/100g;Condiments;null;0.1;72.0;69.8;0.4;0.1;0.5;0.1;
4718707;Cholula Hot Sauce Chipotle;£1.69;£1.13/100ml;Condiments;null;null;null;null;null;null;null;null;
4774963;Dil-Shad Raita & Mint Dipping Sauce 260g;£0.90;£0.34/100g;Condiments;null;1.7;5.9;3.1;31.1;2.4;null;0.8;
4774961;Dil-Shad Sweet Chilli Dipping Sauce 350g;£0.90;£0.25/100g;Condiments;null;0.8;54.9;48.6;0.5;0.1;null;0.6;
4774959;Dil-Shad Tamarind Dipping Sauce 350g;£0.90;£0.25/100g;Condiments;null;0.5;51.3;44.5;0.5;0.1;null;2.6;
4810937;Maille Mustard with Horseradish 205g;£1.79;£0.87/100g;Condiments;null;null;null;null;null;null;null;null;
4413550;Ocean Spray Cranberry Apple Sauce 250g;£1.40;£0.56/100g;Condiments;null;0;40;39;1.3;0.5;1.9;0.10;
190154;Colman's Original English Mustard 170g;£1.55;£0.91/100g;Mustard;195;6.8;13;13;12;0.7;null;8.5;
2594780;Colman's Original English Mustard Powder 57g;£1.34;£2.35/100g;Mustard;560;29;12;6.9;42;2.3;null;0.02;
189578;ASDA Chosen By You Dijon Mustard 185g;£0.42;£0.22/100g;Mustard;null;null;null;null;null;null;null;null;
1777600;ASDA Chosen By You Hot English Mustard 180g;£0.41;£0.22/100g;Mustard;null;null;null;null;null;null;null;null;
3891149;French's Classic Yellow Mustard 397g;£1.79;£0.45/100g;Mustard;null;null;null;null;null;null;null;null;
189577;ASDA Chosen By You Coarse Grain French Mustard 180g;£0.41;£0.22/100g;Mustard;null;null;null;null;null;null;null;null;
185133;ASDA Mild French Mustard 185g;£0.59;£0.31/100g;Mustard;null;null;null;null;null;null;null;null;
448136;Colman's Original English Mustard Tube 50g;£0.79;£1.58/100g;Mustard;195;6.8;13;13;12;0.7;null;8.5;
3891407;Heinz Smooth & Mild Mustard 240g;£1.00;£0.41/100g;Mustard;96;5.0;4.2;3.0;5.8;0.4;3.7;3.8;
3891075;Maille Dijon Mustard with Honey 230g;£1.79;£0.77/100g;Mustard;null;null;null;null;null;null;null;null;
2691868;ASDA Extra Special Tewkesbury Mustard;£1.29;£0.61/100g;Mustard;null;7.2;4.3;2.5;10.8;0.8;4.3;2.2;
4403107;Bartons English Mustard 185g;£1.00;£0.54/100g;Mustard;null;7.8;16.5;10.9;7.7;0.4;null;4.8;
4633211;Kamis Russian Mustard 280g;£1.00;£0.35/100g;Mustard;125;4;8;null;6;null;null;null;
3876563;ASDA Chosen By You Honey & Mustard Sauce for Subs;£1.00;£0.33/100g;Mustard;null;1.0;16.0;11.9;13.4;1.3;0.5;null;
3912898;Colman's American Style Hot Dog Mustard 265g;£1.68;£0.63/100g;Mustard;null;4.5;10;7.2;5.3;0.3;null;2;
7895;Colman's Original English Mustard 100g;£0.94;£0.94/100g;Mustard;195;6.8;13;13;12;0.7;null;8.5;
5036106;Colman's Wholegrain Mustard;£0.98;£0.65/100ml;Mustard;null;8.1;11;7.1;7.8;0.4;null;3;
3389816;Duerrs English Mustard 185g;£0.98;£0.53/100g;Mustard;null;7.0;15.7;9.1;11.9;0.67;0.5;4.2;
3389983;Duerrs Wholegrain Mustard 185g;£0.98;£0.53/100g;Mustard;null;8.2;11.6;7.6;11.5;3.7;3.7;3.1;
3667609;Maille Dijon Original Mustard 215g;£1.55;£0.72/100g;Mustard;null;null;null;null;null;null;null;null;
3891073;Maille Dijon Original Mustard 540g;£2.98;£0.55/100g;Mustard;null;null;null;null;null;null;null;null;
3667607;Maille Dijonnaise Sauce 200g;£1.79;£0.89/100g;Mustard;null;1;10;7.4;41;3.6;null;2.9;
3891081;Maille Mustard Mayonnaise 320g;£2.85;£0.89/100g;Mustard;null;1.5;1.5;1;77;9;null;1.2;
3667611;Maille Wholegrain Mustard 210g;£1.55;£0.73/100g;Mustard;null;null;null;null;null;null;null;null;
4810937;Maille Mustard with Horseradish 205g;£1.79;£0.87/100g;Mustard;null;null;null;null;null;null;null;null;
4540598;Branston Original Pickle 720g;£1.95;£0.27/100g;Pickles;null;0.5;34;29;0.7;0.2;1.8;3.5;
4413300;Heinz Chunky Classic Ploughman's Pickle;£0.75;£0.26/100g;Pickles;99;0.6;22.7;19.9;null;null;1.1;2.1;
4540596;Branston Original Pickle 520g;£1.52;£0.29/100g;Pickles;null;0.5;34;29;0.7;0.2;1.8;3.5;
4540606;Branston Small Chunk Pickle 520g;£1.52;£0.29/100g;Pickles;null;0.6;35;29;0.8;0.3;1.7;3.9;
4540608;Branston Small Chunk Pickle 720g;£1.95;£0.27/100g;Pickles;null;0.6;35;29;0.8;0.3;1.7;3.9;
4540604;Branston Small Chunk Pickle 360g;£1.00;£0.27/100g;Pickles;null;0.6;35;29;0.8;0.3;1.7;3.9;
4413296;Heinz Mild & Creamy Mustard Pickle;£0.75;£0.26/100g;Pickles;124;1.7;25.2;22.5;1.2;null;0.9;2.1;
4413298;Heinz Crunchy & Tangy Piccalilli Pickle;£0.75;£0.27/100g;Pickles;99;1.1;20.4;16.9;0.5;null;0.1;2.3;
4540626;Haywoods Piccalilli 460g;£1.78;£0.38/100g;Pickles;null;1.4;9.2;5.8;0.7;0.1;1.2;1.5;
661920;ASDA Sandwich Pickle 300g;£0.75;£0.25/100g;Pickles;null;0.7;29.5;26.4;0.1;0.1;1.9;1.9;
4540594;Branston Original Pickle 360g;£1.00;£0.27/100g;Pickles;null;0.8;26;24;0.5;0;1.1;4;
1777584;ASDA Sweet Piccalilli 485g;£0.97;£0.20/100g;Pickles;null;0.5;27.3;23.3;0.2;null;0.6;null;
1090086;ASDA Sweet Pickle 295g;£0.78;£0.26/100g;Pickles;null;0.7;27.5;24.0;0.2;0.1;1.8;null;
4540610;Branston Smooth Pickle 360g;£1.68;£0.46/100g;Pickles;null;1.0;35;28;0.5;0.2;1.2;2.5;
1777586;ASDA Mustard Piccalilli 460g;£0.97;£0.21/100g;Pickles;null;0.7;17.5;14.2;0.3;0.1;1.0;null;
4540602;Branston Small Chunk Pickle 350g;£1.68;£0.48/100g;Pickles;null;0.6;35;29;0.8;0.3;1.7;3.9;
2849811;ASDA Sandwich Pickle 325g;£0.96;£0.29/100g;Pickles;null;0.7;29.5;26.4;0.1;0.1;1.9;null;
3876585;ASDA Piccalilli;£1.00;£0.28/100g;Pickles;null;0.8;16.7;12.4;0.6;null;1.3;null;
3674655;Bartons Piccalilli 450g;£1.32;£0.29/100g;Pickles;null;0.71;10.4;4.2;0.4;null;null;1.37;
4663034;Hengstenberg Bavarian Style Sauerkraut 680g;£1.59;£0.23/100g;Pickles;null;5;9;7;1;1;null;1;
919585;Bartons Spreadable Piccalilli 340g;£1.00;£0.29/100g;Pickles;null;0.9;13.7;5.6;0.0;0.0;null;1.56;
3674657;Bartons Sweet Piccalilli 450g;£1.39;£0.30/100g;Pickles;null;1.0;16.0;12.2;0.8;null;null;1.0;
2339157;Bartons Chilli Piccalilli 340g;£0.98;£0.28/100g;Pickles;null;1.1;11.9;5.5;0.2;0.0;null;0.7;
443447;Bartons Piccalilli Sauce 185g;£0.50;£0.27/100g;Pickles;null;0.64;14.8;5.9;0.1;0.0;null;1.3;
490451;Bartons Piccalilli 709g;£1.54;£0.21/100g;Pickles;null;0.71;10.4;4.2;0.4;null;null;1.37;
22848;ASDA Smartprice Sweet Pickle 290g;£0.24;£0.8/100g;Pickles;null;0.5;29.9;24.3;0.2;0.1;1.6;0.9;
4795311;Heinz Baby Beetroot in Sweet Vinegar 440g;£1.49;£0.52/100g;Pickled Vegetables;44;1.2;8.7;7.2;0.1;null;1.6;0.2;
4795317;Heinz Red Cabbage in Sweet Vinegar 440g;£1.49;£0.74/100g;Pickled Vegetables;28;0.9;4.7;4.7;0.2;null;1.9;0.9;
4795313;Heinz Sliced Beetroot in Vinegar 440g;£1.49;£0.52/100g;Pickled Vegetables;42;1.1;8.6;7.6;0.1;null;1.3;0.2;
915845;ASDA Pickled Baby Beetroot 440g;£0.76;£0.26/100g;Pickled Vegetables;null;0.7;6.2;6.2;0.2;null;1.6;null;
17593;ASDA Pickled Red Cabbage 420g;£0.98;£0.49/100g;Pickled Vegetables;null;0.9;4.5;0.2;0.1;null;1.2;null;
1777608;ASDA Pickled Onions 440g;£0.79;£0.35/100g;Pickled Vegetables;null;0.6;6.2;3.1;0.1;null;1.1;null;
231982;ASDA Sweet Silverskin Onions 440g;£0.79;£0.31/100g;Pickled Vegetables;null;1.0;4.7;2.5;0.1;null;1.5;null;
17446;ASDA Pickled Silverskin Onions 440g;£0.79;£0.31/100g;Pickled Vegetables;null;0.8;5.1;1.9;0.1;null;1.8;null;
793639;ASDA Mixed Pickle 440g;£1.08;£0.44/100g;Pickled Vegetables;null;0.6;2.2;1.4;0.5;0.1;1.5;null;
4795315;Heinz Silver Skin Onions Vinegar 440g;£1.49;£0.58/100g;Pickled Vegetables;41;1.1;8.3;8.3;0.1;null;1.5;0.8;
4799373;Bartons Pickled Eggs 450g;£2.00;£0.81/100g;Pickled Vegetables;null;12.9;2.8;0.0;7.8;2.5;null;0.13;
1279906;Bartons Cauliflower 439g;£1.28;£0.29/100g;Pickled Vegetables;null;0.52;3.2;0.5;0.2;null;null;2.34;
3888774;Bartons Chilli Silverskin Onions 340g;£1.45;£0.42/100g;Pickled Vegetables;null;0.33;4.8;2.5;0.1;0.0;null;0.34;
443448;Bartons Pickled Onions 439g;£1.28;£0.29/100g;Pickled Vegetables;null;0.42;5.6;1.8;0.6;0.0;null;0.87;
2339169;Bartons Traditonal Pickled Onions 340g;£1.18;£0.34/100g;Pickled Vegetables;null;1.03;9.0;2.3;0.2;0.0;null;1.09;
2339171;Bartons Sweet Onions 340g;£1.27;£0.37/100g;Pickled Vegetables;null;0.43;7.1;3.9;0.3;0.0;null;0.29;
3039224;Bartons Silverskin Onions 340g;£1.27;£0.37/100g;Pickled Vegetables;null;0.33;4.8;2.5;0.1;0.0;null;0.34;
3888780;Bartons Balsamic Vinegar Pickled Onions 340g;£1.87;£0.55/100g;Pickled Vegetables;null;1.0;11.0;10.9;0.3;0.0;null;0.96;
4124879;Bartons Sweet Onions 650g;£1.54;£0.41/100g;Pickled Vegetables;null;0.5;10.6;10.6;0.1;0.0;null;1.0;
443454;Bartons Mixed Pickles 439g;£1.28;£0.29/100g;Pickled Vegetables;null;0.48;5.1;1.1;0.1;null;null;1.60;
3894160;Garner's Garner's Original Pickled Onions 454g;£2.65;£1.15/100g;Pickled Vegetables;null;0.9;14.2;10.6;0.5;0.5;1.7;1.9;
4540636;Haywards Sweet Onions 454g;£1.78;£0.72/100g;Pickled Vegetables;null;0.5;6.8;5.6;0.5;0.1;1.8;1.5;
910698;Garner's Pickled Shallots 300g;£2.48;£1.55/100g;Pickled Vegetables;null;1.0;21.6;16.7;0.5;0.1;2.5;1.8;
1777582;ASDA Pickled Sliced Beetroot 440g;£0.76;£0.26/100g;Pickled Vegetables;null;0.6;5.5;5.3;0.2;null;1.8;null;
17612;ASDA Sliced Beetroot 340g;£0.59;£0.27/100g;Pickled Vegetables;null;0.6;5.5;5.3;0.2;null;1.8;null;
58807;ASDA SmartPrice Sweet Pickled Onions 440g;£0.30;£0.12/100g;Pickled Vegetables;null;0.4;5.1;2.3;0;null;1.2;0.3;
4813304;Asda Chosen By You Pickled Baby Beetroot 710g;£1.25;£2.71/kg;Pickled Vegetables;null;0.7;6.2;6.2;0.2;null;1.6;0.2;
4813302;Asda Chosen By You Pickled Crinkle Cut Beetroot 710g;£1.25;£2.71/kg;Pickled Vegetables;null;0.7;6.2;6.2;0.2;null;1.6;0.2;
4813310;Asda Chosen By You Pickled Silverskin Onions 710g;£1.25;£3.03/kg;Pickled Vegetables;null;0.8;5.1;1.9;0.1;null;1.8;0.4;
4813312;Asda Chosen By You Pickled Sweet Silverskin Onions 710g;£1.25;£3.03/kg;Pickled Vegetables;null;1.0;4.7;2.5;0.1;null;1.5;0.5;
4813308;Asda Chosen by You Asda Chosen by You Pickled Onions 710g;£1.25;£3.47/kg;Pickled Vegetables;null;0.6;6.2;3.1;0.1;null;1.1;0.7;
2339165;Bartons Baby Beetroot 340g;£0.78;£0.22/100g;Pickled Vegetables;null;0.6;4.9;4.0;0.1;0.0;null;0.5;
443456;Bartons Red Cabbage 326g;£0.72;£0.22/100g;Pickled Vegetables;null;0.7;1.9;1.9;0.1;0.1;null;1.0;
2339159;Bartons Sliced Beetroot 340g;£0.72;£0.21/100g;Pickled Vegetables;null;0.6;4.9;4.0;0.1;0.0;null;0.5;
3149942;Baxter's Pickled Onions in a Deep Flavoured Malt Vinegar 475g;£1.48;£0.63/100g;Pickled Vegetables;null;1.1;11.4;7.3;0.5;0.5;1.6;1.6;
3149946;Baxter's Silverskin Pickled Onions 475g;£1.49;£0.60/100g;Pickled Vegetables;null;0.5;12.0;10.1;0.5;0.1;1.4;1.0;
1749852;Baxter's Sliced Beetroot 340g;£1.00;£0.43/100g;Pickled Vegetables;null;0.7;4.4;3.8;0.5;0.1;0.8;0.4;
1749854;Baxters Baby Beetroot 340g;£0.99;£0.43/100g;Pickled Vegetables;null;0.9;5.0;4.6;0.5;0.1;1.2;0.2;
221508;Baxters Baby Beetroot 567g;£1.54;£0.37/100g;Pickled Vegetables;null;0.9;5.0;4.6;0.5;0.1;1.2;0.2;
1749850;Baxters Crinkle Beetroot 567g;£1.54;£0.38/100g;Pickled Vegetables;null;0.9;5.0;4.6;0.5;0.1;1.2;0.2;
221510;Baxters Crinkled Beetroot 340g;£1.00;£0.43/100g;Pickled Vegetables;null;0.9;5.0;4.6;0.5;0.1;1.2;0.2;
221747;Baxters Sliced Beetroot 567g;£1.54;£0.37/100g;Pickled Vegetables;null;0.7;4.4;3.8;0.5;0.1;0.8;0.4;
3538339;Crespo Capers in Salted Water 198g;£1.48;£1.18/100g;Pickled Vegetables;null;null;null;null;null;null;null;null;
3502004;Cypressa Cornichons in Vinegar 450g;£1.50;£0.33/100g;Pickled Vegetables;null;1.0;2.5;2.4;0.1;0.0;1.2;3.5;
3275374;Dobre Sauerkraut With Carrot;£1.00;£0.11/100ml;Pickled Vegetables;null;null;null;null;null;null;null;null;
2273612;Garner's Sweet Pickled Baby Onions 454g;£2.78;£1.21/100g;Pickled Vegetables;null;0.9;24.8;22.1;0.5;0.1;2.1;1.9;
4540630;Haywards Silverskin Onions 454g;£1.78;£0.72/100g;Pickled Vegetables;null;0.5;4.3;3.0;0.5;0.1;1.0;1.3;
4540624;Haywards Traditional Onions 454g;£1.78;£0.72/100g;Pickled Vegetables;null;0.8;10;8.4;0.5;0.1;1.4;0.66;
3537586;Mrs Elswood Sandwich Slices Pickled 540g;£1.39;£0.44/100g;Pickled Vegetables;null;null;null;null;null;null;null;null;
1501840;Pandora Pickled Eggs 510g;£1.98;£0.70/100g;Pickled Vegetables;null;12.5;3.1;0.1;5.8;2.4;0.5;0.1;
1874010;Patak's Chilli Pickle 283g;£1.78;£0.62/100g;Pickled Vegetables;null;4.2;1.4;0.5;32.1;2.1;null;7.74;
1874012;Patak's Hot Mixed Pickle 283g;£1.78;£0.62/100g;Pickled Vegetables;null;1.4;6.3;1.9;12.9;1.0;null;8.93;
4631166;Smak Pickled Mushrooms 290g;£1.40;£0.87/100g;Pickled Vegetables;null;null;null;null;null;null;null;null;
4039501;ASDA Chosen by You Beef & Ale Slow Cook Sauce 500g;£0.84;£0.16/100g;Traditional;null;0.4;6.5;1.6;0.1;null;0.5;null;
4726169;Uncle Bens Recipe Base Chilli Con Carne 170g;£1.49;£0.87/100g;Traditional;null;2.7;13.7;7.8;1.0;0.1;null;1.49;
4039559;ASDA Chosen by You Stroganoff Cooking Sauce 500g;£0.84;£0.16/100g;Traditional;null;1.6;7.7;2.6;4.2;1.5;0.5;null;
4039533;ASDA Chosen by You White Wine & Cream Cooking Sauce 500g;£0.84;£0.17/100g;Traditional;null;1.2;7.0;1.8;6.0;1.4;0.5;null;
4039563;ASDA Chosen By You Spanish Chicken Cooking Sauce 500g;£0.84;£0.17/100g;Traditional;null;1.8;5.5;4.8;0.8;0.1;1.1;null;
4039531;ASDA Chosen By You Sausage Casserole Cooking Sauce 500g;£0.84;£0.16/100g;Traditional;null;1.5;9.4;3.7;0.2;null;0.6;null;
4726172;Uncle Bens Recipe Base Sweet & Sour Chicken 170g;£1.49;£0.87/100g;Traditional;null;0.4;42.5;38.1;1.0;0.2;null;1.15;
2039920;Homepride Garlic & Herb Potato Bake 500g;£1.58;£0.31/100g;Traditional;null;0.7;5.0;0.8;8.8;1.1;0.5;1.07;
1508810;Homepride Mildly Spiced Curry 500g;£1.58;£0.31/100g;Traditional;null;1.0;7.6;4.3;1.7;0.5;0.6;1.00;
2883142;Homepride Beef and Ale Cooking Sauce 500g;£1.58;£0.31/100g;Traditional;null;0.6;11.4;6.4;0.5;0.1;0.5;0.55;
1508815;Homepride Chilli Cooking Sauce 500g;£1.58;£0.31/100g;Traditional;null;1.6;11.1;6.2;0.5;0.1;1.6;0.71;
2883140;Homepride Sausage Casserole 500g;£1.58;£0.31/100g;Traditional;null;0.8;8.6;4.9;0.5;0.1;0.7;1.05;
1508816;Homepride Shepherds Pie Cooking Sauce 500g;£1.58;£0.31/100g;Traditional;null;1.2;7.7;4.2;0.5;0.1;1.2;1.10;
2039918;Homepride Cheese & Ham Potato Bake 500g;£1.58;£0.31/100g;Traditional;null;1.5;3.7;1.0;8.9;1.4;0.5;0.93;
3583868;ASDA Macaroni Cheese Pasta Bake 485g;£0.84;£0.16/100g;Traditional;null;2.2;7.3;1.5;10.6;2.6;0.5;null;
3877926;ASDA Smoky Chilli &garlic Paste 180g;£1.18;£0.65/100g;Traditional;null;2.4;16.5;13.7;9.3;0.6;4.1;null;
3843233;ASDA Chosen by You Curry Instant Sauce Mix 50g;£0.38;£0.76/100g;Traditional;68;0.9;9.1;2.2;2.8;1.5;1.2;null;
4039535;ASDA Chosen By You Mild Chilli Cooking Sauce 500g;£0.84;£0.16/100g;Traditional;null;2.9;9.8;5.9;0.7;0.1;2.6;null;
4223922;ASDA Chosen by You Gluten Free Chilli Cooking Sauce 500g;£1.50;£3.00/kg;Traditional;null;2.6;12.3;6.0;0.4;0.1;2.5;null;
4039537;ASDA Chosen by You Hot Chilli Cooking Sauce 500g;£0.84;£0.16/100g;Traditional;null;2.9;11.5;5.1;0.6;0.1;3.2;null;
3922542;Chicken Tonight Classic Continental Country French White Wine Sauce 500g;£1.69;£0.33/100g;Traditional;91;0.6;4.6;2.3;7.6;1.4;0.7;0.80;
3922548;Chicken Tonight French Country Chicken Chasseur & Red Wine Sauce 500g;£1.69;£0.33/100g;Traditional;51;0.8;4.6;3.0;3.0;0.4;1.1;0.65;
3922536;Chicken Tonight Honey & Dijon Mustard Sauce 500g;£1.69;£0.33/100g;Traditional;104;1.0;12.3;9.9;5.4;0.8;1.3;1.20;
3922550;Chicken Tonight Low Fat Honey & Dijon Mustard Sauce 500g;£1.69;£0.33/100g;Traditional;78;1.5;12.1;9.2;2.3;0.4;1.4;0.63;
3922538;Chicken Tonight Rich & Creamy Mushroom Sauce 500g;£1.69;£0.33/100g;Traditional;80;0.8;5.7;1.7;5.9;1.6;0.6;0.84;
3922540;Chicken Tonight Spanish Chicken Sauce 500g;£1.69;£0.33/100g;Traditional;43;1.1;6.9;5.5;0.9;0.1;1.3;0.77;
4698075;Homepride Classic Recipe Curry Cooking Sauce 400g;£1.40;£0.35/100g;Traditional;null;0.8;10.5;5.9;2.5;0.8;0.7;1.00;
4698077;Homepride Classic Recipe White Wine & Cream Cooking Sauce 400g;£1.40;£0.35/100g;Traditional;null;1.0;8.8;2.4;4.5;0.6;0.5;1.08;
3202643;Homepride Creamy Mushroom Sauce 500g;£1.58;£0.31/100g;Traditional;null;1.3;5.4;1.5;5.7;1.8;0.5;0.24;
3202645;Homepride Creamy White Wine Sauce 500g;£1.58;£0.31/100g;Traditional;null;0.6;5.4;1.6;6.6;0.7;0.5;0.57;
4698114;Homepride Hunter's Chicken 500g;£1.58;£0.31/100g;Traditional;null;1.4;21.8;20.9;0.5;0.5;1.6;0.81;
5012849;Homepride Lemon & Herb 500g;£1.58;£0.31/100g;Traditional;null;0.5;6.8;2.2;6.9;3.5;0.5;0.83;
5012851;Homepride Mediterranean Chicken 500g;£1.58;£0.31/100g;Traditional;null;1.9;6.5;6.0;1.5;0.2;1.7;0.82;
4698087;Homepride Pasta Bake Cheesy;£1.58;£0.31/100g;Traditional;null;1.8;5.8;1.6;8.0;2.1;0.5;1.04;
5012847;Homepride Peri-Peri 500g;£1.58;£0.31/100g;Traditional;null;1.0;7.5;5.9;0.6;0.5;1.3;0.81;
3450482;Schwartz Slow Cookers Beef & Tomato Casserole Recipe Mix 40g;£0.98;£0.24/10g;Traditional;null;13.2;52.9;12.6;3.5;0.7;10.3;9.00;
4725426;Uncle Ben's Sauce for Chilli Con Carne Hot 450g;£1.76;£0.39/100g;Traditional;null;2.0;9.3;5.3;0.6;0.1;null;0.78;
4725432;Uncle Ben's Sauce for Chilli Con Carne Medium 450g;£0.98;£0.21/100g;Traditional;null;1.9;10.5;5.4;0.4;0.1;null;0.7;
4039523;ASDA Chosen by You Balti Cooking Sauce 500g;£0.84;£0.16/100g;Indian;null;1.7;6.9;2.5;4.9;0.9;2.3;null;
4443134;Patak's Original Tikka Masala Sauce 285g;£1.39;£0.48/100g;Indian;null;1.8;9.6;7.1;6.9;2.3;null;0.79;
4039517;ASDA Chosen by You Korma Cooking Sauce 500g;£0.84;£0.16/100g;Indian;null;1.7;9.6;6.5;8.5;6.5;1.1;null;
4039519;ASDA Chosen by You Tikka Masala Cooking Sauce 500g;£0.84;£0.16/100g;Indian;null;1.2;11.2;7.8;4.1;1.4;0.8;null;
4039525;ASDA Chosen by You Jalfrezi Sauce 500g;£0.84;£0.16/100g;Indian;null;1.5;5.8;4.1;3.7;0.3;1.4;null;
4039521;ASDA Chosen by You Rogan Josh Cooking Sauce 500g;£0.84;£0.16/100g;Indian;null;0.9;9.4;5.9;2.0;0.2;0.8;null;
4039515;ASDA Chosen by You Madras Cooking Sauce 500g;£0.84;£0.16/100g;Indian;null;3.2;2.5;1.0;3.5;1.6;3.4;null;
4039575;ASDA Chosen by You Bhuna Cooking Sauce 500g;£0.84;£0.17/100g;Indian;null;1.9;7.6;5.8;1.9;0.1;2.1;null;
4039485;ASDA Chosen by You Fruity Biryani Oven Bake Sauce 500g;£0.84;£0.16/100g;Indian;null;0.9;12.9;2.1;5.8;1.3;0.5;null;
4039495;ASDA Chosen by You Dopiaza Cooking Sauce 500g;£0.84;£0.16/100g;Indian;null;1.0;8.0;4.6;3.6;0.2;1.8;null;
4039565;ASDA Chosen by You Curry Cooking Sauce 500g;£0.84;£0.16/100g;Indian;null;1.4;8.2;4.1;8.6;3.5;1.2;null;
4039493;ASDA Chosen by You Butter Chicken Cooking Sauce 500g;£0.84;£0.16/100g;Indian;null;0.4;8.0;3.2;6.3;3.4;0.6;null;
4724505;Patak's Original Spice Sensations for 2 Rogan Josh Sauce 285g;£1.39;£0.48/100g;Indian;null;1.5;6.0;3.7;5.6;0.5;null;0.73;
4724507;Patak's Original Spice Sensations for 2 Hot & Spicy Vindaloo Sauce 285g;£1.39;£0.48/100g;Indian;null;1.5;6.4;3.7;6.4;0.5;null;0.68;
4724509;Patak's Original Special Blends for 2 Hot & Spicy Phal Sauce 285g;£1.39;£0.48/100g;Indian;null;1.7;6.2;3.5;6.7;0.5;null;0.73;
4724501;Patak's Original Spice Sensations for 2 Balti Sauce 285g;£1.39;£0.48/100g;Indian;null;1.3;6.2;4.1;5.7;0.4;null;0.77;
4724515;Patak's Original Lime Pickle 170g 170g;£1.29;£0.75/100g;Indian;null;2.4;3.3;2.1;16.9;1.2;null;8.84;
4724517;Patak's Mango Chutney 210g;£1.29;£0.61/100g;Indian;null;0.4;55.7;43.6;0.1;null;null;2.98;
4727417;Patak's Patak's Original Slow Cooker Fruity Aromatic Lamb Curry 175g;£1.39;£0.79/100g;Indian;null;1.8;14.4;8.3;7.5;0.7;null;2.5;
4727415;Patak's Patak's Slow Cooker Rich & Hearty Beef Curry 175g;£1.39;£0.79/100g;Indian;null;1.7;13.1;7.9;12.3;5.1;null;2.6;
4727413;Patak's Patak's Slow Cooker Mild & Creamy Chicken Curry 175g;£1.39;£0.79/100g;Indian;null;1.8;10.9;5.2;13.0;6.2;null;2.5;
4724598;Patak's Original 10 Plain Pappadums Ready to Cook 100g;£2.30;£2.30/100g;Indian;null;20.1;59.1;0.4;0.8;0.4;9.6;null;
4724537;Patak's Original Bhuna 450g;£1.78;£0.39/100g;Indian;null;1.6;5.9;3.8;5.6;0.4;1.9;0.72;
4725422;Uncle Ben's Tikka Masala 450g;£1.76;£0.39/100g;Indian;null;1.5;9.4;6.6;4.5;1.0;null;0.77;
4725416;Uncle Ben's Medium Curry 440g;£1.76;£0.40/100g;Indian;null;0.8;10.2;5.4;4.5;1.9;null;0.80;
4736284;Tiger Tiger Lahori Style Rogan Josh Cooking Sauce 370g;£1.49;£0.40/100g;Indian;null;1.2;12.2;7.0;8.8;0.6;null;1.2;
4736278;Tiger Tiger Kashmiri Style Korma Sauce 370g;£1.49;£0.40/100g;Indian;null;1.4;11.5;6.4;20.5;9.7;null;1.0;
4736276;Tiger Tiger Punjabi Style Butter Chicken 370g;£1.49;£0.40/100g;Indian;null;1.3;12.3;7.1;20.4;8.1;null;1.7;
4736280;Tiger Tiger Peshwari Style Tikka Masala Sauce 370g;£1.49;£0.40/100g;Indian;null;1.3;11.7;6.9;18.6;6.9;null;1.2;
4736286;Tiger Tiger Sweet & Spicy Mango & Papaya Chunky Dip 150g;£0.99;£0.66/100g;Indian;null;0.9;45.2;39.1;2.0;1.5;null;2.5;
4736292;Tiger Tiger Tangy Coconut & Tamarind Chunky 150g;£0.99;£0.66/100g;Indian;null;0.5;45.0;40.0;0.2;0;null;1.7;
1533517;Sharwoods Tikka Masala Cooking Sauce 420g;£1.68;£0.40/100g;Indian;null;1.7;8.3;4.9;6.5;3.3;1.7;0.69;
4338249;Sharwood's Dopiaza Cooking Sauce 420g;£1.68;£0.40/100g;Indian;null;1.7;6.2;4.9;7.0;0.6;2.4;0.80;
3917390;Meenas Medium Tikka Masala Sauce;£1.50;£0.35/100g;Indian;null;1.5;9.2;6.7;7.9;2.3;1.4;0.75;
3917394;Meenas Aromatic Balti Sauce Medium;£1.50;£0.35/100g;Indian;107;1.2;8.1;5.5;7.3;0.5;1.9;0.73;
2934919;Sharwood's Vindaloo Sauce 420g;£1.68;£0.40/100g;Indian;null;1.4;6.3;2.6;6.8;0.6;2.0;0.83;
4223920;ASDA Free From Tikka Masala Sauce 500g;£1.50;£3.00/kg;Indian;null;1.4;7.4;5.4;6.4;4.2;1.8;null;
4338247;Sharwood's Butter Chicken Cooking Sauce 420g;£1.68;£0.40/100g;Indian;null;1.0;6.9;3.9;7.5;2.7;1.1;0.78;
1533510;Sharwood's Korma Cooking Sauce 420g;£1.68;£0.40/100g;Indian;null;1.7;11.7;7.6;7.7;5.5;1.3;0.74;
4074071;Patak's Korma Cooking Sauce 450g;£1.78;£0.39/100g;Indian;null;1.3;9.5;6.7;12.7;7.3;null;0.72;
2966273;Sharwoods Mango Chutney 360g;£1.95;£0.54/100g;Indian;null;0.3;59.8;44.7;0.1;0.1;0.4;2.9;
1352990;Loyd Grossman Tikka Masala Sauce 350g;£1.12;£0.32/100g;Indian;null;1.4;11.2;9.0;10.6;3.7;0.7;0.83;
4074069;Patak's Tikki Masala Cooking Sauce 450g;£1.78;£0.39/100g;Indian;null;1.6;7.4;4.1;6.5;1.3;null;0.75;
1533515;Sharwood's Balti Cooking Sauce 420g;£1.68;£0.40/100g;Indian;null;1.3;6.1;4.2;5.8;0.8;2.1;0.83;
19790;Patak's Madras Spice Paste 283g;£1.98;£0.70/100g;Indian;null;4.6;7.2;1.6;24.9;1.8;9.9;4.89;
1533513;Sharwood's Bhuna Cooking Sauce 420g;£1.68;£0.40/100g;Indian;null;1.4;6.3;4.5;4.5;0.4;2.2;0.88;
1533506;Sharwood's Jalfrezi Cooking Sauce 420g;£1.68;£0.40/100g;Indian;null;1.4;5.8;4.1;5.5;0.4;2.2;0.95;
962155;Patak's Tikka Masala Curry Paste 283g;£1.98;£0.70/100g;Indian;null;3.4;18.1;11.3;22.7;1.6;5.9;4.73;
4074083;Patak's Original Jalfrezi Sauce 450g;£1.78;£0.39/100g;Indian;null;1.1;8.5;5.4;6.0;0.9;null;0.72;
1352987;Loyd Grossman Korma Sauce 350g;£1.12;£0.32/100g;Indian;null;1.5;11.3;8.9;8.3;5.8;0.8;0.72;
1533508;Sharwood's Rogan Josh Cooking Sauce 420g;£1.68;£0.40/100g;Indian;null;1.6;5.4;4.2;4.8;0.5;2.2;0.68;
2296154;Sharwood's Madras Cooking Sauce 420g;£1.68;£0.40/100g;Indian;null;1.3;6.5;3.3;4.4;1.1;2.1;0.85;
4074075;Patak's Balti Cooking Sauce 450g;£1.78;£0.39/100g;Indian;null;1.1;7.2;4.2;5.3;0.4;null;0.76;
1353143;Loyd Grossman Balti Sauce 350g;£1.12;£0.32/100g;Indian;null;1.3;8.4;6.3;6.7;0.5;1.7;0.84;
4074077;Patak's Madras Cooking Sauce 450g;£1.78;£0.39/100g;Indian;null;1.5;6.4;3.5;5.3;0.4;null;0.73;
2463373;Weight Watchers Tikka Masala Cooking Sauce;£1.00;£0.28/100g;Indian;72;1.4;11.6;6.3;2.1;0.5;0.8;0.3;
4074073;Patak's Rogan Josh Cooking Sauce 450g;£1.78;£0.39/100g;Indian;null;1.1;7.5;4.5;3.3;0.2;null;0.72;
4074079;Patak's Butter Chicken Cooking Sauce 450g;£1.78;£0.39/100g;Indian;null;1.2;7.7;5.0;10.5;4.1;null;0.72;
914407;Patak's Balti Spice Curry Paste 283g;£1.98;£0.70/100g;Indian;null;3.1;16.9;6.9;21.4;1.5;5.9;4.75;
3928893;Geetas Premium Mango Chutney 320g;£1.00;£0.31/100g;Indian;null;0.2;12.4;11.4;0.2;null;0.2;0.4;
4039511;ASDA Chosen by You Bean Cooking Sauce 500g;£0.84;£0.16/100g;Chinese;null;2.8;13.6;11.6;1.8;0.3;1.3;null;
4039543;ASDA Chosen by You Cantonese Cooking Sauce 500g;£0.84;£0.16/100g;Chinese;null;0.7;20.6;14.7;0.5;0.1;0.6;null;
4039567;ASDA Sweet & Sour Cooking Sauce 500g;£0.84;£0.16/100g;Chinese;null;0.4;17.9;13.3;0.1;null;0.5;null;
4039545;ASDA Chosen by You Lemon & Ginger Cooking Sauce 500g;£0.84;£0.16/100g;Chinese;null;0.8;18.3;12.4;0.1;null;0.5;null;
4612682;Blue Dragon Lemon Battered Chicken;£0.98;£0.43/100g;Chinese;null;0.8;40.2;26.2;0.5;0.1;null;0.30;
3388381;Amoy Hoisin Stiry Fry Sauce 120g;£0.48;£0.40/100g;Chinese;109;2.3;18.3;13.9;2.6;0.4;1.6;2.0;
4612662;Blue Dragon Cantonese Stir Fry Sauce;£0.48;£0.40/100g;Chinese;null;0.8;30.4;25.6;0.6;0.1;0.5;1.43;
4414826;Blue Dragon Crispy Chilli Beef;£0.98;£0.43/100g;Chinese;null;1.1;44.9;29.0;0.1;0.0;null;1.83;
4612684;Blue Dragon Sweet & Sour Battered Chicken;£0.98;£0.43/100g;Chinese;null;0.8;36.0;19.6;0.1;0.0;null;1.50;
4612664;Blue Dragon Roasted Peanut Satay Stir Fry Sauce;£0.48;£0.40/100g;Chinese;null;4.3;18.5;14.8;9.4;2.6;null;1.60;
3894300;Amoy Sweet & Sour Stir Fry Sauce 120g;£0.48;£0.40/100g;Chinese;144;0.2;33.8;29.0;0.8;0.1;0.3;1.3;
4039513;ASDA Chinese Curry Sauce 500g;£0.84;£0.17/100g;Chinese;null;1.5;7.4;3.7;3.1;1.3;3.5;null;
3891105;ASDA Chinese Takeaway Secret Recipe Chinese Curry Sauce Mix 48g;£0.54;£1.12/100g;Chinese;null;null;null;null;null;null;null;null;
3500520;ASDA Sweet & Sour Cooking Sauce 315g;£0.75;£0.23/100g;Chinese;null;0.4;17.9;13.3;0.1;null;0.5;null;
2544112;ASDA Chosen By You Chinese Curry Cooking Sauce;£0.75;£0.23/100g;Chinese;null;1.5;7.4;3.7;3.1;1.3;3.5;null;
1028208;ASDA Chosen By You Thai Red Cooking Sauce 315g;£0.75;£0.23/100g;Chinese;null;0.9;6.8;2.6;5.7;4.2;1.5;null;
3915892;ASDA Chosen by You Chow Mein Stir-Fry Sauce 120g;£0.44;£0.36/100g;Chinese;84;1.0;17.5;12.7;1.1;0.2;0.1;null;
4223924;ASDA Chosen by You Gluten Free Sweet & Sour Cooking Sauce 500g;£1.50;£3.00/kg;Chinese;null;0.4;17.9;15.4;0.3;0.1;0.6;null;
3915904;ASDA Chosen by You Hoisin Stir-Fry Sauce 120g;£0.44;£0.36/100g;Chinese;77;0.8;17.6;12.1;0.3;0.1;0.3;null;
3915906;ASDA Chosen by You Oyster Stir-Fry Sauce 120g;£0.44;£0.36/100g;Chinese;62;1.4;14.0;10.0;null;null;0.2;null;
3910050;ASDA Chosen by You Singapore Style Laksa Cooking Sauce 180g;£1.20;£0.66/100g;Chinese;null;1.2;9.6;5.3;4.2;0.3;2.5;null;
3915898;ASDA Chosen by You Sweet & Sour Stir-Fry Sauce 120g;£0.44;£0.36/100g;Chinese;98;0.5;23.7;18.5;null;null;0.4;null;
4991119;ASDA Good & Counted Sweet and Sour Cooking Sauce 500g;£0.84;£0.16/100g;Chinese;null;0.4;7.7;4.7;0.1;null;0.5;0.6;
2196518;ASDA Smartprice Sweet & Sour Sauce 440g;£0.26;£0.5/100g;Chinese;52;0.4;12.1;8.1;0.1;null;0.5;0.6;
3388383;Amoy Black Bean Stir Fry Sauce 120g;£0.48;£0.40/100g;Chinese;89;1.6;15.2;10.7;2.4;0.2;0.5;2.0;
3388373;Amoy Chow Mein Stir Fry Sauce 120g;£0.48;£0.40/100g;Chinese;145;1.8;21.2;16.2;5.7;0.8;1.0;2.0;
3388393;Amoy Dark Soy Sauce;£0.98;£0.65/100ml;Chinese;106;0.9;25.6;24.4;null;null;null;15.4;
4614633;Amoy Dark Soy Sauce;£1.50;£0.60/100ml;Chinese;106;0.9;25.6;24.4;null;null;null;15.4;
3388395;Amoy Light Soy Sauce;£0.98;£0.65/100ml;Chinese;52;2.5;10.5;10.4;null;null;null;14.8;
1690925;Amoy Low Salt Soy Sauce;£0.98;£0.65/100ml;Chinese;52;3.9;9.2;9.2;null;null;null;11.3;
3388379;Amoy Peanut Satay Stir Fry Sauce 120g;£0.48;£0.40/100g;Chinese;170;4.2;17.1;10.9;9.8;2.2;1.7;1.6;
3388377;Amoy Sweet Thai Chilli Stir Fry Sauce 120g;£0.48;£0.40/100g;Chinese;165;0.3;40.0;37.9;0.4;0.2;0.3;1.4;
3894302;Amoy Teriyaki & Sesame Stir Fry Sauce 120g;£0.48;£0.40/100g;Chinese;null;1.3;19.3;14.1;2.4;0.3;0.1;1.0;
15609;Blue Dragon Black Bean Stir Fry Sauce;£0.48;£0.40/100g;Chinese;null;null;null;null;null;null;null;null;
3500145;Blue Dragon Chinese Curry Cooking Sauce 425g;£1.58;£0.37/100g;Chinese;null;1.0;13.7;9.3;3.3;0.2;1.4;0.59;
3500143;Blue Dragon Chow Mein Cooking Sauce 425g;£1.58;£0.37/100g;Chinese;null;null;null;null;null;null;null;null;
915489;Blue Dragon Chow Mein Stir Fry Sauce;£0.48;£0.40/100g;Chinese;null;null;null;null;null;null;null;null;
3940091;Blue Dragon Dark Soy Sauce;£1.50;£4.00/lt;Chinese;null;1.1;23.5;21.3;0.0;0.0;null;16.7;
1168862;Blue Dragon Hoisin & Garlic Sauce;£0.48;£0.40/100g;Chinese;141;1.3;30.1;24.9;1.4;0.1;0.5;1.60;
4604643;Blue Dragon Hoisin Sauce;£0.98;£0.98/190ml;Chinese;null;null;null;null;null;null;null;null;
2834297;Blue Dragon Hot Sweet Chilli Sauce 380g;£1.99;£0.52/100g;Chinese;null;null;null;null;null;null;null;null;
4612660;Blue Dragon Kung Po Stir Fry Sauce;£0.48;£0.40/100g;Chinese;null;0.7;19.2;12.9;1.1;0.2;0.5;1.50;
4303436;Blue Dragon Mild Sweet Chilli Sauce 380g;£1.99;£0.52/100g;Chinese;null;null;null;null;null;null;null;null;
915462;Blue Dragon Oyster and Spring Onion Sauce;£0.48;£0.40/100g;Chinese;null;null;null;null;null;null;null;null;
15607;Blue Dragon Peking Lemon Stir Fry Sauce 120g;£0.48;£0.40/100g;Chinese;134;null;31.6;30.1;0.7;null;0.5;0.34;
15608;Blue Dragon Spicy Szechuan Tomato Stir Fry Sauce 120g;£0.48;£0.40/100g;Chinese;98;1.3;15.8;12.5;3.0;0.2;0.9;1.38;
4517249;Blue Dragon Sticky Plum Sauce;£0.98;£0.51/100ml;Chinese;null;0.5;76.0;32.0;0.2;0.0;0.0;null;
3500141;Blue Dragon Sweet & Sour Cooking Sauce 425g;£1.58;£0.37/100g;Chinese;null;0.6;23.6;20.2;1.0;0.1;0.6;0.56;
18690;Blue Dragon Sweet & Sour Stir Fry Sauce;£0.48;£0.40/100g;Chinese;null;null;null;null;null;null;null;null;
2072297;Blue Dragon Sweet Chilli & Garlic Stir Fry Sauce;£0.48;£0.40/100g;Chinese;118;0.2;28.8;28.3;0.1;null;0.3;1.25;
2883178;Blue Dragon Sweet Soy With Garlic & Ginger Stir Fry Sauce 120g;£0.48;£0.40/100g;Chinese;87;0.8;20.6;15.3;null;null;0.1;1.40;
2883200;Blue Dragon Teriyaki Marinade;£1.68;£1.12/100ml;Chinese;null;2.6;65.0;51.5;0.0;0.0;0.0;null;
2883176;Blue Dragon Teriyaki Stir Fry Sauce 120g;£0.48;£0.40/100g;Chinese;103;0.5;25.0;17.4;null;null;null;0.76;
4257598;Clearspring Organic and Gluten Free Japanese Tamari Soya Sauce;£2.80;£1.87/100ml;Chinese;null;null;null;null;null;null;null;null;
3397780;Kikkoman Less Salt Soy Sauce;£2.48;£1.65/100ml;Chinese;null;null;null;null;null;null;null;null;
3397778;Kikkoman Soy Sauce;£2.48;£1.65/100ml;Chinese;null;null;null;null;null;null;null;null;
2966163;Kingfisher Sliced Bamboo Shoots 225g;£0.85;£0.37/100g;Chinese;null;1.5;0.7;0.7;0.2;0.1;1.4;null;
2966167;Kingfisher Stir Fry Vegetables in Water;£0.85;£0.20/100g;Chinese;null;1.2;3.3;0.6;0.1;20;2.1;6;
2966169;Kingfisher Water Chestnuts 225g;£0.85;£0.37/100g;Chinese;null;0.5;4.3;0.7;0.1;0.1;1.3;null;
1533500;Sharwood's Black Bean Red Pepper Cooking Sauce;£0.98;£0.23/100g;Chinese;null;2.1;11.4;6.7;0.6;0.1;0.7;1.10;
789817;ASDA Chosen by You Creamy Tomato Pasta Bake 500g;£0.84;£0.16/100g;Italian;null;2.1;7.2;4.8;12.1;2.6;1.9;null;
4039509;ASDA Chosen by You Bolognese Pasta Sauce 500g;£0.84;£0.17/100g;Italian;null;1.3;7.6;7.6;0.6;0.1;1.5;null;
789801;ASDA Chosen By You Spicy Tomato & Pepperoni Pasta Bake 500g;£0.84;£0.16/100g;Italian;null;2.1;6.7;5.5;6.4;1.1;2.6;null;
4039551;ASDA Chosen by You Spicy Tomato Pasta Sauce 500g;£0.84;£0.16/100g;Italian;null;2.1;6.3;3.1;0.6;0.1;1.6;null;
4039507;ASDA Chosen by You Tomato & Chunky Vegetable Pasta Sauce 500g;£0.84;£0.17/100g;Italian;null;1.3;6.7;3.4;0.6;0.1;1.7;null;
4039505;ASDA Chosen by You Tomato & Mushroom Pasta Sauce 500g;£0.84;£0.17/100g;Italian;null;2.1;7.0;4.4;0.6;0.1;1.1;null;
3500516;ASDA Chosen By You Lasagne Topper 480g;£0.84;£0.17/100g;Italian;null;1.7;3.9;2.2;12.8;2.0;2.9;null;
3927433;ASDA Bolognese Pasta Sauce 735g;£1.14;£0.15/100g;Italian;null;1.3;7.6;7.6;0.6;0.1;1.5;null;
3910070;ASDA Chilli Cheese Pasta Bake 495g;£0.84;£0.17/100g;Italian;null;2.5;11.4;7.2;4.9;0.7;2.3;null;
4413518;ASDA Extra Special Stir In Asparagus Sauce 190g;£1.00;£0.52/100g;Italian;null;4.0;4.6;3.5;9.8;3.5;2.8;1.2;
4413520;ASDA Extra Special Stir In Butternut Squash Sauce 190g;£1.00;£0.52/100g;Italian;null;2.5;6.7;5.8;9.6;3.1;3.3;1.0;
3579774;ASDA Ricotta & Red Pepper Pesto 190g;£0.99;£0.52/100g;Italian;null;4.2;14.4;10.2;19.6;3.0;2.4;null;
1502157;ASDA Tomato & Basil Pizza Topper 265g;£1.00;£0.37/100g;Italian;null;2.4;7.5;3.6;3.1;0.2;2.6;null;
3927435;ASDA Tomato & Garlic Pasta Sauce 735g;£1.14;£0.15/100g;Italian;null;1.6;7.9;6.7;0.5;0.1;1.7;null;
3906274;ASDA Chosen by You Flame Baked Pizza Bases 300g;£1.20;£0.40/100g;Italian;324;8.2;47.5;2.0;10.7;1.0;2.6;0.8;
2544128;ASDA Chosen by You Tomato & Garlic Pasta Sauce;£0.75;£0.23/100g;Italian;null;1.6;7.9;6.7;0.5;0.1;1.7;null;
4414775;ASDA Chosen By Kids Sweet Pepper Mix it Sauce 150g;£1.00;£0.66/100g;Italian;null;1.1;7.1;5.9;2.8;0.3;1.1;0.5;
2059125;ASDA Chosen By Kids Tasty Tomato Pasta Sauce 190g;£1.00;£0.52/100g;Italian;null;1.9;8.1;7.4;1.4;0.2;2.3;0.2;
794355;ASDA Chosen By You Bolognese Pasta Sauce 315g;£0.75;£0.23/100g;Italian;null;1.3;7.6;7.6;0.6;0.1;1.5;null;
794360;ASDA Chosen By You Carbonara Pasta Sauce 310g;£0.75;£0.24/100g;Italian;null;2.7;4.4;1.1;10.4;1.2;1.9;null;
789828;ASDA Chosen By You Cheese & Bacon Pasta Bake;£0.84;£0.17/100g;Italian;null;3.1;7.5;1.5;9.6;2.1;0.5;null;
223052;ASDA Chosen By You Green Pesto Sauce 190g;£0.88;£0.46/100g;Italian;null;7.6;16.6;2.2;29.7;4.0;2.0;null;
1925333;ASDA Chosen By You Red Pesto 190g;£0.88;£0.46/100g;Italian;null;3.8;6.8;5.0;27.7;3.7;3.5;null;
1925331;ASDA Chosen By You Reduced Fat Green Pesto 190g;£0.88;£0.46/100g;Italian;null;3.3;4.0;0.4;18.1;2.7;3.2;null;
4454268;ASDA Chosen By You Smoky Bacon Flavouring 66g;£1.00;£15.15/kg;Italian;null;10.8;61.9;8.7;3.9;0.6;8.2;4.1;
4039503;ASDA Chosen By You Tomato & Garlic Pasta Sauce 500g;£0.84;£0.17/100g;Italian;null;1.6;7.9;6.7;0.5;0.1;1.7;null;
789783;ASDA Chosen By You Tuna & Sweetcorn Pasta Bake 500g;£0.84;£0.16/100g;Italian;null;4.3;8.3;3.8;1.6;0.7;2.0;null;
4223918;ASDA Chosen by You Gluten Free Bolognese Sauce 500g;£1.50;£3.00/kg;Italian;null;1.2;7.2;6.1;1.5;0.1;0.9;null;
3894304;ASDA Chosen by You Grated Hard Cheese 80g;£1.18;£1.48/100g;Italian;null;43.0;3.4;null;40.0;24.9;null;null;
3911752;ASDA Chosen by You Pepper & Parmesan Stir-In Pasta Sauce 150g;£0.89;£0.59/100g;Italian;null;3.0;7.1;7.1;3.8;1.0;2.8;null;
3911746;ASDA Chosen by You Tomato & Basil Stir-In Pasta Sauce 150g;£0.89;£0.59/100g;Italian;null;2.2;6.7;5.5;3.0;0.3;2.4;null;
3911748;ASDA Chosen by You Tomato & Chilli Stir-In Pasta Sauce 150g;£0.89;£0.59/100g;Italian;null;2.0;7.4;7.4;1.9;0.2;3.1;null;
3911750;ASDA Chosen by You Tomato & Olive Stir-In Pasta Sauce 150g;£0.89;£0.59/100g;Italian;null;2.2;6.1;6.1;3.4;0.4;2.6;null;
4413522;ASDA Extra Special Red Pepper & Italian Basil Stir In Sauce 190g;£1.00;£0.52/100g;Italian;null;1.7;5.6;5.2;5.2;1.0;4.1;1.2;
4991117;ASDA Good & Counted Bolognese Pasta Sauce 500g;£0.84;£0.16/100g;Italian;null;1.1;4.4;4.1;0.3;0.1;1.0;0.6;
187434;ASDA Smartprice Bolognese Pasta Sauce 440g;£0.39;£0.88/kg;Italian;40;0.1;7.6;1.7;0.9;0.1;0.5;0.7;
4769219;Cook Italian Smooth Passata 680g;£1.38;£0.20/100g;Italian;31;1.1;6.0;4.7;0.1;0;0.8;0.5;
4918196;Dolmino Creamy Tomato Pasta Sauce;£1.20;£0.80/100g;Italian;null;1.2;6.6;3.8;2.6;1.7;null;0.55;
4918198;Dolmino Mini Meatballs Bolognese Sauce;£1.20;£0.80/100g;Italian;null;2.5;6.9;3.4;1.0;0.3;null;0.58;
1651213;Dolmio Bolognese Sauce with extra Sweet Peppers 500g;£0.98;£0.19/100g;Italian;null;1.4;7.4;7.0;0.5;0.1;null;0.80;
4297635;Dolmio Bolognese Sauce with Basil 500g;£0.98;£0.19/100g;Italian;null;1.4;7.0;6.5;0.6;0.1;null;0.70;
407608;Dolmio Bolognese Sauce with Extra Mushrooms;£0.98;£0.19/100g;Italian;null;1.7;6.4;6.2;0.1;0.0;null;0.80;
3204953;Dolmio Bolognese Sauce with Extra Onion & Garlic 750g;£2.55;£0.34/100g;Italian;null;1.6;6.9;6.6;0.5;0.1;null;0.80;
2534928;Dolmio Carbonara Pasta Bake Sauce 480g;£1.74;£0.36/100g;Italian;null;1.2;5.3;2.6;10.6;3.3;null;0.80;
3917426;Dolmio Cheesy Sauce for Lasagne 470g;£1.80;£0.38/100g;Italian;null;1.1;5.8;2.3;8.1;3.3;null;0.77;
3917428;Dolmio Cheesy Sauce for Lasagne 710g;£2.55;£0.35/100g;Italian;null;1.1;5.8;2.3;8.1;3.3;null;0.77;
1467089;Dolmio Creamy Lasagne Sauce 710g;£2.55;£0.35/100g;Italian;null;0.5;6.8;3.4;7.5;2.9;null;0.77;
910211;Dolmio Creamy Sauce for Lasagne 470g;£1.80;£0.38/100g;Italian;null;0.5;6.8;3.4;7.5;2.9;null;0.77;
3917418;Dolmio Creamy Sauce for Lasagne 300g;£1.48;£0.49/100g;Italian;null;0.5;6.7;3.3;7.6;2.8;0.2;0.79;
4297651;Dolmio Creamy Sauce for Lasagne Light 470g;£1.80;£0.38/100g;Italian;null;0.4;6.9;3.2;6.3;2.3;null;0.76;
399455;Dolmio Creamy Tomato Pasta Bake 500g;£1.74;£0.34/100g;Italian;null;1.1;8.6;5.8;5.3;1.8;null;0.80;
939790;Dolmio Express Creamy Carbonara Pasta Sauce;£1.20;£0.80/100g;Italian;null;2.4;5.6;1.3;6.6;4.2;null;0.69;
3791583;Dolmio Express Creamy Carbonara Pasta Sauce 300g;£2.40;£0.80/100g;Italian;null;2.4;5.6;1.3;6.6;4.2;null;0.69;
1354425;Dolmio Express Minced Beef Bolognese Cooking Sauce;£1.20;£7.06/kg;Italian;null;4.2;7.2;4.1;0.8;0.4;null;0.69;
939788;Dolmio Express Spicy Italian Chilli Cooking Sauce;£1.20;£0.70/100g;Italian;null;1.4;7.4;5.1;1.6;0.2;null;0.71;
943621;Dolmio Express Tomato & Basil Sauce;£1.20;£0.70/100g;Italian;null;1.5;8.4;5.8;1.0;0.1;null;0.63;
3204949;Dolmio Extra Mushroom Bolognese Sauce 750g;£2.55;£0.34/100g;Italian;null;1.7;6.4;6.2;0.1;0.0;null;0.80;
2534920;Dolmio Extra Onion & Garlic Bolognese Sauce;£0.98;£0.19/100g;Italian;null;1.6;6.9;6.6;0.5;0.1;null;0.80;
398771;Dolmio Extra Spicy Bolognese Sauce 500g;£0.98;£0.19/100g;Italian;null;1.5;6.8;6.5;0.4;0.1;null;0.80;
3204951;Dolmio Extra Spicy Bolognese Sauce 750g;£2.55;£0.34/100g;Italian;null;1.5;6.8;6.5;0.4;0.1;null;0.80;
4039539;ASDA Chosen by You Fajita Cooking Sauce 500g;£0.84;£0.16/100g;Mexican;null;1.8;8.1;5.7;2.1;0.2;2.5;null;
4454266;ASDA Chosen by You Mexican Pasta Bake Topping 66g;£1.00;£15.15/kg;Mexican;null;9.6;49.9;8.5;13.9;5.3;13.6;2.8;
4414785;ASDA Chosen By Kids Mild Chilli Sauce 180g;£1.00;£0.55/100g;Mexican;null;2.2;10.2;6.5;0.4;0.2;2.6;0.3;
2196520;ASDA Smartprice Chilli Con Carne Cooking Sauce 440g;£0.64;£0.14/100g;Mexican;110;3.3;3.7;3.7;9.0;3.7;0.7;0.7;
3387720;Aleyna Hot Chillies 275g;£1.40;£1.04/100g;Mexican;null;null;null;null;null;null;null;null;
3387724;Aleyna Roasted Red Peppers 480g;£1.40;£0.43/100g;Mexican;null;null;null;null;null;null;null;null;
3399684;Cofresh Original Chilli Sauce 940g;£2.79;£0.29/100g;Mexican;null;1.2;6.6;1.5;0.5;0.1;1.3;null;
3877874;Old El Paso Chunky Guacamole 295g;£1.99;£0.67/100g;Mexican;null;null;null;null;null;null;null;0.15;
3877876;Old El Paso Chunky Salsa 295g;£1.99;£0.67/100g;Mexican;null;null;null;null;null;null;null;null;
3877878;Old El Paso Cool Soured Cream Topping 285g;£1.99;£0.69/100g;Mexican;null;null;null;null;null;null;null;null;
2569874;Old El Paso Spciy Tomato & Pepper Salsa 235g;£1.62;£0.68/100g;Mexican;null;null;null;null;null;null;null;null;
622316;Old El Paso Thick & Chunky Salsa 226g;£1.59;£0.70/100g;Mexican;null;null;null;null;null;null;null;null;
622318;Old El Paso Thick and Chunky Salsa 226g;£1.59;£0.70/100g;Mexican;null;null;null;null;null;null;null;null;
3583052;Amoy Reduced Fat Coconut Milk;£0.98;£2.45/lt;Caribbean;null;1.1;1.7;1.4;10.0;8.9;null;null;
3583054;Amoy Rich & Creamy Coconut Milk;£0.98;£2.45/lt;Caribbean;null;1.0;2.1;2.1;17.5;14.4;1.0;null;
2577117;Grace Chicken Noodle Soup 60g;£0.48;£0.80/100g;Caribbean;null;11.3;65.4;null;1.2;null;null;null;
2883162;Levi Roots Caribbean Curry Sauce 350g;£1.49;£0.42/100g;Caribbean;null;0.9;7.1;4.0;7.0;3.6;null;0.57;
2883164;Levi Roots Caribbean Korma 350g;£1.49;£0.42/100g;Caribbean;null;null;null;null;null;null;null;null;
2883160;Levi Roots Reggae Reggae Cooking Sauce 350g;£1.49;£0.42/100g;Caribbean;null;1.3;27.4;25.7;1.2;0.1;null;0.65;
3272515;National Spice Bun 125g;£0.60;£0.48/100g;Caribbean;null;3;null;12;null;null;null;null;
3459635;Rajah Coconut Milk;£0.95;£0.23/100ml;Caribbean;null;null;null;null;null;null;null;null;
3580536;Renuka Coconut Milk;£0.89;£2.22/lt;Caribbean;null;1;1;0.0;9;null;null;null;
3265528;Tropics Fish Seasoning 100g;£0.67;£0.67/100g;Caribbean;null;null;null;null;null;null;null;null;
1028213;ASDA Chosen by You Thai Green Cooking Sauce 315g;£0.75;£0.23/100g;Thai & Indonesian;null;1.3;8.9;2.9;7.5;4.9;1.3;null;
1701237;ASDA Chosen by You Thai Green Curry Paste 220g;£0.97;£0.44/100g;Thai & Indonesian;null;1.3;12.5;9.4;9.6;3.9;3.6;4.0;
1701239;ASDA Chosen by You Thai Red Curry Paste 220g;£0.97;£0.44/100g;Thai & Indonesian;null;1.4;8.2;7.0;10.5;4.4;4.4;3.9;
3910052;ASDA Chosen by You Malaysian Style Massaman Cooking Paste 185g;£1.20;£0.64/100g;Thai & Indonesian;null;1.7;8.3;3.9;6.5;0.5;3.4;null;
3915894;ASDA Chosen by You Nasi Goreng Stir-Fry Sauce 120g;£0.44;£0.36/100g;Thai & Indonesian;69;1.1;12.6;8.5;1.4;0.2;0.6;null;
3910056;ASDA Chosen by You Pad Thai Cooking Paste 215g;£1.20;£0.55/100g;Thai & Indonesian;null;2.6;38.9;36.4;0.1;0.1;2.0;null;
3915900;ASDA Chosen by You Pad Thai Stir Fry Sauce 120g;£0.44;£0.36/100g;Thai & Indonesian;87;0.2;19.0;13.2;1.1;0.2;0.1;null;
3915902;ASDA Chosen by You Satay Stir-Fry Sauce 120g;£0.44;£0.36/100g;Thai & Indonesian;91;2.6;12.0;8.3;3.1;0.5;2.3;null;
3915896;ASDA Chosen by You Sweet Chilli & Garlic Stir-Fry Sauce 120g;£0.44;£0.36/100g;Thai & Indonesian;114;0.2;28.0;23.1;0.1;null;0.3;null;
3894300;Amoy Sweet & Sour Stir Fry Sauce 120g;£0.48;£0.40/100g;Thai & Indonesian;144;0.2;33.8;29.0;0.8;0.1;0.3;1.3;
1086325;Blue Dragon Coconut Cream UHT;£1.35;£0.54/100ml;Thai & Indonesian;null;3.4;1.8;null;19.4;null;null;null;
3391486;Blue Dragon Fish Sauce;£1.50;£1.00/100ml;Thai & Indonesian;null;7.8;6.5;6.3;0.1;0.1;null;26.2;
421123;Blue Dragon Sweet Chilli Dipping Sauce;£0.98;£0.51/100ml;Thai & Indonesian;null;null;null;null;null;null;null;null;
2883180;Blue Dragon Thai Basil & Lemongrass Stir Fry Sauce 120g;£0.48;£0.40/100g;Thai & Indonesian;null;0.4;11.9;6.2;1.9;0.1;0.4;1.39;
3583397;Blue Dragon Thai Green Curry Paste 285g;£1.98;£0.69/100g;Thai & Indonesian;null;1.1;10.8;3.7;8.6;0.8;null;1.3;
3583395;Blue Dragon Thai Red Curry Paste 285g;£1.98;£0.69/100g;Thai & Indonesian;null;1.4;13.2;4.4;16.0;1.5;null;3.2;
3389045;Kingfisher Coconut Milk;£1.25;£3.12/lt;Thai & Indonesian;null;1.0;3.4;2.0;18.0;15.1;0.5;6;
3389047;Kingfisher Light Coconut Milk;£1.25;£3.12/lt;Thai & Indonesian;null;0.8;1.4;1.0;7.6;5.3;null;6;
3388403;Loyd Grossman Thai Green Curry 350g;£1.12;£0.32/100g;Thai & Indonesian;null;1.3;8.5;5.2;7.7;7.0;0.7;0.75;
3388405;Loyd Grossman Thai Red Curry Sauce 350g;£1.12;£0.32/100g;Thai & Indonesian;null;1.3;8.5;4.9;7.3;6.6;0.9;0.70;
1202931;Sharwood's Ready to Eat Thai Crackers 60g;£0.98;£1.63/100g;Thai & Indonesian;null;1.4;62.5;13.5;28.4;12.6;1.0;2.3;
984903;Sharwood's Sweet Chilli Stir Fry Sauce 195g;£0.98;£0.50/100g;Thai & Indonesian;null;0.5;16.7;12.4;0.4;0.1;0.4;1.4;
1533525;Sharwood's Thai Green Curry Cooking Sauce 415g;£1.68;£0.40/100g;Thai & Indonesian;null;1.1;10.4;7.0;6.6;5.9;0.5;0.73;
1533529;Sharwood's Thai Red Curry Cooking Sauce 415g;£1.68;£0.40/100g;Thai & Indonesian;null;1.1;9.0;4.4;6.0;5.2;0.3;0.70;
3590583;Thai Taste Easy Pad Thai Meal Kit 232g;£2.28;£0.98/100g;Thai & Indonesian;null;null;null;null;null;null;null;null;
3395603;Thai Taste Fish Sauce;£0.79;£0.39/100ml;Thai & Indonesian;null;null;null;null;null;null;null;null;
4752038;Thai Taste Green Curry Paste 43g;£1.00;£2.33/100g;Thai & Indonesian;null;null;null;null;null;null;null;null;
3942234;Thai Taste Green Curry Paste 200g;£1.88;£0.94/100g;Thai & Indonesian;null;null;null;null;null;null;null;null;
4752040;Thai Taste Red Curry Paste 43g;£1.00;£2.33/100g;Thai & Indonesian;null;null;null;null;null;null;null;null;
3942236;Thai Taste Red Curry Paste Gang Ped 200g;£1.88;£0.94/100g;Thai & Indonesian;null;null;null;null;null;null;null;null;
3395605;Thai Taste Sweet Chilli Dipping Sauce;£1.50;£0.33/100ml;Thai & Indonesian;null;null;null;null;null;null;null;null;
3894302;Amoy Teriyaki & Sesame Stir Fry Sauce 120g;£0.48;£0.40/100g;Thai & Indonesian;null;1.3;19.3;14.1;2.4;0.3;0.1;1.0;
4614629;Amoy Easy Meal Kit Thai Red Curry;£1.48;£1.48/each;Meal Kits & Sides;137;1.2;22.2;0.7;4.8;3.1;0.2;0.5;
4305112;Dolmio Light Lasagne Kit 862g;£3.00;£0.34/100g;Meal Kits & Sides;null;3.2;18.2;3.3;2.8;1.6;null;0.51;
4790147;Old El Paso Stand N Stuff Soft Taco Kit Smoky BBQ;£3.79;£3.79/each;Meal Kits & Sides;null;null;null;null;null;null;null;null;
4662136;Old El Paso Stand 'N' Stuff Soft Flour Tortillas 193g;£1.89;£0.97/100g;Meal Kits & Sides;null;null;null;null;null;null;null;null;
3002386;Old El Paso Original Smoky Barbeque Fajita Mix 750g;£3.78;£0.50/100g;Meal Kits & Sides;null;null;null;null;null;null;null;null;
20747;Napolina Mini Pizza Bases 75g;£1.56;£5.20/kg;Meal Kits & Sides;null;7.9;58.0;2.1;3.0;1.2;0.2;null;
4614631;Amoy Malaysian Laska Easy Meal Kit;£1.48;£1.48/each;Meal Kits & Sides;141;1.2;22.4;0.8;5.2;3.2;0.4;0.5;
4614625;Amoy Easy Meal Kit Nasi Goreng;£1.48;£1.48/each;Meal Kits & Sides;145;1.2;32.7;2.8;1.1;0.2;0.1;0.6;
4338206;Dolmio New Lasagne Kit 862g;£3.00;£0.34/100g;Meal Kits & Sides;null;3.3;20.6;5.4;3.5;2.0;null;0.64;
4305110;Dolmio Original Lasagne Kit 807g;£3.00;£0.37/100g;Meal Kits & Sides;null;2.9;18.0;4.3;3.5;2.1;null;0.51;
4305108;Dolmio Original Lasagne Kit;£2.50;£0.47/100g;Meal Kits & Sides;null;3.0;18.3;4.4;3.4;2.0;null;0.51;
16174;Napolina Pizza Bases 150g;£1.68;£5.60/kg;Meal Kits & Sides;null;7.9;58.0;2.1;3.0;1.2;0.2;null;
4662134;Old El Paso Stand N Stuff Soft Taco Kit Extra Mild;£3.79;£3.79/each;Meal Kits & Sides;null;null;null;null;null;null;null;null;
3002394;Old El Paso Crunchy Taco Shells 156g;£1.50;£1.50/each;Meal Kits & Sides;null;null;null;null;null;null;null;null;
2569890;Old El Paso Toasted Cheese Quesadilla Kit 505g;£3.00;£3.00/each;Meal Kits & Sides;null;null;null;null;null;null;null;null;
4297683;Old El Paso Cheesy Baked Enchiladas 995g;£3.87;£4.05/kg;Meal Kits & Sides;null;null;null;null;null;null;null;null;
3002384;Old El Paso Roasted Tomato & Pepper Fajita Dinner Kit 500g;£3.00;£3.00/each;Meal Kits & Sides;null;null;null;null;null;null;null;null;
561202;Old El Paso Original Smoky BBQ Fajita Kit 500g;£3.00;£3.00/each;Meal Kits & Sides;null;null;null;null;null;null;null;null;
3877882;Old El Paso Smokey BBQ Beef Enchiladas Kit 470g;£3.00;£0.63/100g;Meal Kits & Sides;null;null;null;null;null;null;null;null;
3210005;Old El Paso Extra Mild Super Tasty Fajita Dinner Kit 476g;£3.00;£3.00/each;Meal Kits & Sides;null;null;null;null;null;null;null;null;
2748904;Old El Paso Beef & Bean Chilli Burrito Kit 620g;£3.00;£3.00/each;Meal Kits & Sides;null;null;null;null;null;null;null;null;
3002390;Old El Paso Cheese Baked Enchilada Kit 663g;£3.00;£3.00/each;Meal Kits & Sides;null;null;null;null;null;null;null;null;
3877872;Old El Paso Extra Mild Super Tasty Tortilla Bake 579g;£3.00;£0.51/100g;Meal Kits & Sides;null;null;null;null;null;null;null;null;
3670532;Old El Paso Extra Mild Super Tasty Enchiladas 585g;£3.00;£0.51/100g;Meal Kits & Sides;null;null;null;null;null;null;null;null;
2515338;Old El Paso Crispy Chicken Fajita Kit 555g;£3.00;£3.00/each;Meal Kits & Sides;null;null;null;null;null;null;null;null;
561208;Old El Paso Original Nacho Dinner Kit 520g;£3.00;£0.57/100g;Meal Kits & Sides;null;null;null;null;null;null;null;null;
3877880;Old El Paso Mini Super Soft Flour Tortillas 200g;£1.38;£0.69/100g;Meal Kits & Sides;null;null;null;null;null;null;null;null;
227860;Old El Paso Flour Tortillas 326g;£1.40;£0.42/100g;Meal Kits & Sides;null;null;null;null;null;null;null;null;
4555238;Old El Paso Regular Soft Wholewheat Tortillas 326g;£1.56;£0.47/100g;Meal Kits & Sides;null;null;null;null;null;null;null;null;
2570435;ASDA Plain Flour Tortillas 400g;£1.25;£0.31/100g;Meal Kits & Sides;null;null;null;null;null;null;null;null;
4297679;Old El Paso Extra Mild Super Tasty One Pan Rice Meal for Chicken 355g;£3.00;£8.45/kg;Meal Kits & Sides;null;null;null;null;null;null;null;null;
647886;Old El Paso Sliced Green Jalapenos 215g;£1.38;£0.64/100g;Meal Kits & Sides;null;null;null;null;null;null;null;null;
2569882;Old El Paso Spiced Red Jalapenos 215g;£1.38;£0.64/100g;Meal Kits & Sides;null;null;null;null;null;null;null;null;
2569870;Old El Paso Original Re-Fried Beans 435g;£1.36;£3.13/kg;Meal Kits & Sides;null;null;null;null;null;null;null;null;
4310454;Old El Paso Chilli Tortilla Chips 200g;£1.67;£0.83/100g;Meal Kits & Sides;null;null;null;null;null;null;null;null;
1885617;Old El Paso Original Nachips 200g;£1.50;£0.75/100g;Meal Kits & Sides;null;null;null;null;null;null;null;null;
4310456;Old El Paso Salted Tortilla Chips 200g;£1.67;£0.83/100g;Meal Kits & Sides;null;null;null;null;null;null;null;null;
1203780;ASDA Chosen By You Mexican Style Nachos Kit 500g;£1.49;£0.29/100g;Meal Kits & Sides;235;4.1;30.0;3.6;10.0;1.0;4.1;0.5;
982646;ASDA Chosen by You Mexican Style Fajita Dinner Kit 475g;£1.49;£0.31/100g;Meal Kits & Sides;234;6.0;39.0;3.6;5.5;2.5;2.3;1.6;
3583000;ASDA Chosen By You Mexican Style Enchilada Dinner Kit 620g;£1.49;£0.24/100g;Meal Kits & Sides;177;5.2;32;5.2;2.6;1.2;2.5;0.7;
4384781;Sharwood's Plain Poppadoms 72g;£1.78;£2.47/100g;Meal Kits & Sides;null;18.9;38.6;1.1;19.1;1.8;9.5;4.60;
4384783;Sharwood's Crushed Garlic & Coriander Poppadoms 72g;£1.78;£2.47/100g;Meal Kits & Sides;null;19.2;40.9;1.1;18.9;1.8;8.1;4.77;
4384785;Sharwood's Red Chilli & Cumin Poppadoms 72g;£1.78;£2.47/100g;Meal Kits & Sides;null;18.7;38.6;1.5;22.9;2.1;8.6;3.69;
3906276;ASDA Corn Tortillas 360g;£1.18;£0.32/100g;Meal Kits & Sides;305;7.2;56.6;2.6;4.8;2.3;3.2;1.0;
1028696;Elephant Atta Chapattis;£1.24;£0.15/each;Meal Kits & Sides;null;null;null;null;null;null;null;null;
4191171;Sharwood's Plain Chapattis 360g;£1.78;£0.49/100g;Meal Kits & Sides;null;7.8;46.3;2.5;7.7;3.3;3.7;0.85;
2934913;Sharwood's Peshwari Naan Bread 220g;£1.68;£0.76/100g;Meal Kits & Sides;null;7.2;46.0;8.7;7.1;1.4;4.8;0.71;
22802;Sharwood's Plain Naan Bread 220g;£1.68;£0.76/100g;Meal Kits & Sides;null;8.2;44.2;4.0;6.2;0.4;3.8;0.71;
196480;ASDA Chosen by You Spicy Poppadums;£1.72;£0.21/each;Meal Kits & Sides;null;null;null;null;null;null;null;null;
196478;ASDA Chosen By You Plain Poppadums;£1.72;£0.21/each;Meal Kits & Sides;null;null;null;null;null;null;null;null;
1466753;ASDA Chosen By You Plain Naan Bread 512g;£1.37;£0.26/100g;Meal Kits & Sides;null;6.6;46.4;1.2;4.4;0.5;3.1;0.7;
2567948;ASDA Chosen By You Peshwari Naan Bread 260g;£1.00;£0.38/100g;Meal Kits & Sides;null;6.9;48.6;6.4;5.2;2.0;2.3;1.0;
203142;ASDA Chosen by You Plain Naan 256g;£1.00;£0.39/100g;Meal Kits & Sides;null;6.6;46.4;1.2;4.4;0.5;3.1;0.7;
203151;ASDA Chosen By You Garlic & Coriander Naan 256g;£1.00;£0.39/100g;Meal Kits & Sides;null;8.3;47.0;2.8;5.5;0.8;3.1;0.7;
2218045;ASDA Good For You Plain Naans 260g;£1.00;£0.38/100g;Meal Kits & Sides;null;8.4;45.9;1.3;2.1;0.3;2.4;0.7;
1183377;Sharwood's Ready to Eat Prawn Cradkers 60g;£0.98;£1.63/100g;Meal Kits & Sides;null;1.3;59.3;7.8;30.4;15.1;0.9;2.3;
3389018;Yutaka Sushi Kit 260g;£3.99;£1.53/100g;Meal Kits & Sides;null;null;null;null;null;null;null;null;
560690;Colmans Chilli Con Carne Recipe Mix;£0.50;£1.00/100g;Recipe Mixes;330;11;63;21;2;0.5;8;7.8;
3658142;Colmans Tuna Pasta Bake Recipe Mix 44g;£0.50;£1.14/100g;Recipe Mixes;340;12;63;29;3;1.5;6;8.4;
913140;ASDA Chosen By You Chilli Con Carne Mix 45g;£0.38;£0.84/100g;Recipe Mixes;332;6.6;69.0;13.3;2.2;0.6;5.0;null;
2457481;ASDA Chosen by You Fajita Seasoning Mix 30g;£0.58;£1.93/100g;Recipe Mixes;303;6.3;56.8;20.4;4.1;1.1;6.8;null;
3658140;Colmans Sausage Casserole Recipe Mix;£0.50;£1.28/100g;Recipe Mixes;350;10;70;24;2.5;0.5;6;3.8;
3002398;Old El Paso Spice Mix for Roasted Tomato and Pepper Fajitas 30g;£0.88;£2.93/100g;Recipe Mixes;null;null;null;null;null;null;null;null;
2554971;ASDA Chosen By You Casserole Mixes Sausage 38g;£0.38;£1.00/100g;Recipe Mixes;337;10.4;66.0;16.3;2.1;0.8;6.0;null;
1562902;Colman's Cottage Pie Recipe Mix 45g;£0.50;£1.11/100g;Recipe Mixes;330;15;58;14;3;1.5;7;12;
3628031;Aunt Bessie's Hearty Dumplings Mix 140g;£0.98;£7.00/kg;Recipe Mixes;296;4.6;40.4;1.9;12.3;6.9;2.8;0.73;
592765;Colmans Chicken Casserole Recipe Mix;£0.50;£1.25/100g;Recipe Mixes;330;6;71;10;1;0.4;4;11;
2554973;ASDA Chosen by You Shepherd's Pie Casserole Mix 30g;£0.38;£1.27/100g;Recipe Mixes;326;6.7;68.8;13.0;1.9;0.9;3.5;null;
3658154;Colman's Spaghetti Bolognese Recipe Mix 44g;£0.50;£1.14/100g;Recipe Mixes;310;12;60;33;2;0.6;7;10;
22715;Colman's Beef Casserole Recipe Mix;£0.50;£1.25/100g;Recipe Mixes;340;9;70;12;1.5;0.6;4.5;7.8;
2554975;ASDA Chosen By You Chasseur Casserole Mix 68g;£0.38;£0.55/100g;Recipe Mixes;351;5.4;77.4;18.6;1.3;0.5;4.0;null;
3658146;Colman's of Norwich Chicken Chasseur Recipe Mix;£0.50;£1.16/100g;Recipe Mixes;330;10;66;15;1.5;0.5;6;11;
2869296;ASDA Chosen By You Bolognese Sauce Mix 40g;£0.38;£0.95/100g;Recipe Mixes;336;7.8;70.4;18.5;1.4;0.3;5.4;null;
560691;Colmans Shepherds Pie Recipe Mix;£0.50;£1.00/100g;Recipe Mixes;340;13;60;15;2;0.7;5;9.6;
208440;Schwartz Chilli Con Carne Recipe Mix 41g;£0.98;£2.39/100g;Recipe Mixes;null;8.2;60.8;3.4;3.6;1.1;7.7;9.63;
2554969;ASDA Chosen By You Casserole Mixes Beef in Ale 32g;£0.38;£1.19/100g;Recipe Mixes;320;7.7;66.9;4.6;1.5;0.5;3.8;null;
58125;Schwartz Hot Chilli Con Carne Recipe Mix 41g;£0.98;£2.39/100g;Recipe Mixes;null;10.7;44.4;2.7;5.8;1.4;15.9;12.00;
19223;Schwartz Spaghetti Carbonara Recipe Mix 32g;£0.98;£3.06/100g;Recipe Mixes;null;9.9;58.1;2.0;18.9;10.9;3.0;4.50;
2568400;ASDA Chosen By You Casserole Mixes Chicken 35g;£0.38;£1.09/100g;Recipe Mixes;321;12.2;61.9;6.8;1.7;0.6;4.6;null;
3658144;Colmans Chicken Supreme Recipe Mix 38g;£0.50;£1.32/100g;Recipe Mixes;410;13;62;12;12;7;3.5;4.6;
19217;Schwartz Beef Casserole Recipe Mix 43g;£0.98;£2.28/100g;Recipe Mixes;null;7.0;56.6;4.8;2.1;0.4;6.6;16.63;
1562908;Colmans Sausage & Onion Casserole Recipe Mix 45g;£0.50;£1.11/100g;Recipe Mixes;350;10;73;14;1.5;0.4;5;4.1;
915428;Schwartz Chicken Casserole Recipe Mix 36g;£0.98;£2.72/100g;Recipe Mixes;null;10.7;65.1;1.7;5.5;2.8;3.0;8.13;
208437;Schwartz Spaghetti Bolognese Recipe Mix 40g;£0.98;£2.45/100g;Recipe Mixes;null;9.1;61.5;7.7;1.6;0.6;5.4;10.13;
4224926;Old El Paso Spice Mix for Chilli 39g;£0.88;£2.26/100g;Recipe Mixes;null;null;null;null;null;null;null;null;
925065;Schwartz Chicken Fajitas Recipe Mix 35g;£0.98;£2.80/100g;Recipe Mixes;null;11.5;54.0;3.9;6.7;3.3;9.3;9.63;
2568398;ASDA Bourguignon Casserole Mix 40g;£0.38;£0.95/100g;Recipe Mixes;321;6.9;70.2;4.7;0.8;0.1;2.6;null;
3450488;Schwartz Slow Cookers Chicken Curry Recipe Mix 33g;£0.98;£0.29/10g;Recipe Mixes;null;12.5;25.7;4.3;7.0;0.8;27.3;15.75;
915430;Schwartz Shepherd's Pie Recipe Mix 38g;£0.98;£2.58/100g;Recipe Mixes;311;8.2;60.3;15.0;2.3;0.5;null;12.88;
3658162;Colmans Lamb Hotpot Recipe Mix 41g;£0.50;£1.22/100g;Recipe Mixes;320;12;61;7;1.5;0.7;4;12;
3658150;Colmans Beef & Onion Casserole Recipe Mix 43g;£0.50;£1.16/100g;Recipe Mixes;340;10;71;7;1;0.5;4;8.2;
19221;Schwartz Tuna Napolitana Recipe Mix 40g;£0.50;£1.25/100g;Recipe Mixes;null;10.8;45.2;6.9;15.4;9.2;7.2;12.13;
182351;Schwartz Chicken & Leek Bake Recipe Mix 35g;£0.98;£2.80/100g;Recipe Mixes;null;12.0;52.1;2.1;16.4;9.5;5.9;6.25;
3658166;Colman's Beef Stroganoff Recipe Mix 39g;£0.50;£1.28/100g;Recipe Mixes;410;11;51;4.5;17;10;6;12;
208434;Schwartz Lasagne Recipe Mix 36g;£0.98;£0.27/10g;Recipe Mixes;330;6.9;71.0;1.2;1.2;0.5;null;4.63;
793854;Schwartz Lamb Casserole Recipe Mix 35g;£0.98;£2.80/100g;Recipe Mixes;null;5.5;67.4;34.6;2.6;1.1;5.8;9.50;
3658152;Colmans Pork Casserole Recipe Mix 38g;£0.50;£1.32/100g;Recipe Mixes;330;8;68;9;2;0.6;5;9.1;
2568392;ASDA Chosen by You Coq Au Vin Casserole Mix 47g;£0.38;£0.80/100g;Recipe Mixes;321;9.6;64.5;6.7;1.9;0.6;3.8;null;
3450484;Schwartz Slow Cookers Chicken in Red Wine Recipe Mix 35g;£0.98;£0.28/10g;Recipe Mixes;null;7.3;71.6;8.7;1.9;0.7;3.4;6.63;
19220;Schwartz Somerset Pork Casserole Recipe Mix 36g;£0.98;£0.27/10g;Recipe Mixes;338;9.1;67.4;17.7;2.7;1.4;null;6.25;
1531070;Schwartz Sausage Casserole Recipe Mix 35g;£0.98;£2.80/100g;Recipe Mixes;330;10.0;63.2;13.2;2.2;0.5;null;5.13;
915427;Schwartz Chicken Chasseur Recipe Mix 40g;£0.98;£2.45/100g;Recipe Mixes;null;9.6;61.3;6.3;3.3;1.5;4.8;10.63;
3768085;Schwartz Slow Cookers Chicken Provençal Recipe Mix 35g;£0.98;£0.28/10g;Recipe Mixes;296;9.3;55.3;17.0;2.0;0.8;null;14.50;
228042;Schwartz Savoury Mince Recipe Mix 35g;£0.98;£0.28/10g;Recipe Mixes;null;14.0;62.5;2.4;2.1;0.8;1.8;13.00;
2568394;ASDA Chosen By You Stroganoff Casserole Mix 37g;£0.38;£1.03/100g;Recipe Mixes;378;10.0;60.6;6.8;9.9;5.5;3.3;null;
3388502;Old El Paso Seasoning Mix for Mexican Wedges 35g;£0.88;£2.51/100g;Recipe Mixes;null;null;null;null;null;null;null;null;
13321;Colmans Beef Bourguignon Recipe Mix 40g;£0.50;£1.25/100g;Recipe Mixes;340;7;72;15;2;0.9;3;7.7;
3901639;ASDA Chosen by You Onion Bhaji Mix 135g;£0.72;£0.53/100g;Recipe Mixes;185;6.9;14.6;3.4;9.9;1.2;4.9;null;
3675766;Schwartz Chicken, Bacon & Potato Pie Winter Recipe Mix 35g;£0.98;£0.28/10g;Recipe Mixes;null;10.9;65.2;3.4;6.3;3.8;null;6.38;
3876577;ASDA Smoked Paprika & Herb Paste;£1.00;£0.52/100g;Recipe Mixes;null;3.3;11.2;8.0;6.4;0.6;4.5;null;
4774879;Bisto Simply Casserole Country Chicken Concentrated Paste;£1.29;£2.35/100g;Recipe Mixes;null;6.0;41.6;4.5;13.2;1.8;1.6;6.36;
4774881;Bisto Simply Casserole Rich Beef and Ale Concentrated Paste;£1.29;£2.35/100g;Recipe Mixes;null;4.4;41.6;4.3;11.8;1.1;0.8;8.08;
4774877;Bisto Simply Casserole Sausage & Caramelised Onion Concentrated Paste;£1.29;£2.35/100g;Recipe Mixes;null;4.1;45.4;5.2;12.1;1.3;0.7;7.83;
4774875;Bisto Simply Casserole Spanish Chicken Concentrated Paste;£1.29;£2.35/100g;Recipe Mixes;null;3.8;36.3;4.2;12.7;1.1;2.9;8.36;
4890299;Colmans Coq Au Vin Recipe Mix 36g;£0.74;£2.06/100g;Recipe Mixes;330;8;66;18;2.5;1;4;9.7;
4890297;Colmans Hot Chilli Con Carne Recipe Mix 37g;£0.74;£2.00/100g;Recipe Mixes;330;12;60;24;3;0.7;9;5.5;
3818852;Maggi So Crispy Herb & Garlic Chicken Packet Mix 90g;£0.94;£1.04/100g;Recipe Mixes;null;9.7;68.1;16.8;5.3;2.6;3.6;4.60;
4962581;Bart Smokehouse Barbecue Lemon & Sweet Pepper Rub with Marinade Bag 28g;£1.49;£0.53/10g;Baking Bags;null;null;null;null;null;null;null;null;
4962585;Bart Smokehouse Barbecue Mediterranean Rub with Marinade Bag 20g;£1.49;£0.74/10g;Baking Bags;null;null;null;null;null;null;null;null;
4962577;Bart Smokehouse Barbecue New York Steak Rub with Marinade Bag 25g;£1.49;£0.59/10g;Baking Bags;null;null;null;null;null;null;null;null;
4962583;Bart Smokehouse Barbecue Smokey Chipotle Rub with Marinade Bag 27g;£1.49;£0.55/10g;Baking Bags;null;null;null;null;null;null;null;null;
4962579;Bart Smokehouse Barbecue Tandoori Rub with Marinade Bag 20g;£1.49;£0.74/10g;Baking Bags;null;null;null;null;null;null;null;null;
3745676;Colman's Cajun Chicken Seasoning Mix;£0.50;£1.06/100g;Baking Bags;337;12;60;47;7.3;3;6.4;13.3;
3710925;Colman's Garlic & Herb Roast Chicken Seasoning Mix 32g;£0.50;£1.56/100g;Baking Bags;320;10;62;38;3;1;5;11;
3412520;Colman's Mediterranean Chicken Seasoning Mix;£0.50;£1.52/100g;Baking Bags;296;10;57;24;2.1;0.7;5.9;15.2;
3710923;Colman's Sausage & Herb Casserole Seasoning Mix;£0.50;£1.25/100g;Baking Bags;328;12;57;18;4.6;2.1;4.2;15.5;
3710927;Colman's Season & Shake Lemon & Dill Salmon Seasoning Mix 18g;£0.50;£2.78/100g;Baking Bags;320;20;36;13;10;4.8;2.7;21.3;
3745672;Colman's Season & Shake Rich Beef Casserole Seasoning Mix 40g;£0.50;£1.25/100g;Baking Bags;328;12;57;18;4.6;2.1;4.2;15.5;
3412522;Colman's Season & Shake Rustic Chicken Seasoning Mix 33g;£0.50;£1.52/100g;Baking Bags;302;8.9;55;27;4.2;0.8;6.6;16.4;
4360448;Colman's Season & Shake Sweet Chilli Chicken Seasoning Mix;£0.50;£1.11/100g;Baking Bags;360;1.5;82;64;2;0.8;2;5.5;
3745682;Colmans Season & Shake BBQ Chicken Seasoning Mix 19g;£0.50;£2.63/100g;Baking Bags;316;9.3;54;13;5.7;1;8.7;13;
3412524;Colmans Season & Shake Paprika Chicken Seasoning Mix 24g;£0.50;£2.08/100g;Baking Bags;280;17;41;22;4;1;9;22;
3745680;Colmans Season & Shake Piri Piri Chicken Seasoning Mix;£0.50;£1.72/100g;Baking Bags;300;9;50;32;5;2;9;19;
3745678;Colmans Season & Shake Spanish Pork Casserole Seasoning Mix 48g;£0.50;£1.04/100g;Baking Bags;325;11;53;10;6.6;3.2;5.9;17.5;
4800250;Maggi So Juicy Rustic Beef One Pot 40g;£0.94;£2.35/100g;Baking Bags;null;11.3;53.7;20.6;2.7;0.5;6.9;15.00;
3893389;Maggi So Juicy Chicken Balti Packet Mix 30g;£0.94;£3.13/100g;Baking Bags;null;11.1;48.7;18.0;5.1;0.7;10.5;15.75;
3893385;Maggi So Juicy Chicken Chasseur Packet Mix 38g;£0.94;£2.47/100g;Baking Bags;null;8.6;55.7;9.1;3.5;1.1;5.5;17.20;
4071290;Maggi So Juicy Garlic Chicken Packet Mix 30g;£0.94;£2.47/100g;Baking Bags;null;10.1;60.3;24.4;3.0;0.3;4.3;12.93;
4360161;Maggi So Juicy Italian Chicken Packet Mix 37g;£0.94;£2.54/100g;Baking Bags;null;9.7;57.6;23.5;2.7;0.3;6.0;14.70;
3893393;Maggi So Juicy Mexican Chicken Packet Mix 40g;£0.95;£2.38/100g;Baking Bags;null;8.8;50.5;17.8;4.6;1.2;7.4;19.45;
4071288;Maggi So Juicy Mixed Herbs Chicken Packet Mix 30g;£0.94;£2.47/100g;Baking Bags;null;7.2;61.6;34.8;3.3;0.4;5.8;12.93;
4800246;Maggi So Juicy Moroccan Chicken Packet Mix 38g;£0.94;£2.47/100g;Baking Bags;null;7.8;53.1;14.3;4.8;0.6;9.5;15.10;
4071292;Maggi So Juicy Paprika Chicken Packet Mix 30g;£0.94;£2.47/100g;Baking Bags;null;9.1;53.8;14.6;3.7;0.5;8.6;14.18;
4800248;Maggi So Juicy Provencal Chicken Packet Mix 40g;£0.94;£2.35/100g;Baking Bags;null;8.2;54.1;17.8;4.3;0.6;9.1;14.65;
3673183;Maggi So Juicy Rich Red Wine & Shallots for Beef Packet Mix 35g;£0.94;£2.69/100g;Baking Bags;null;null;null;null;null;null;null;null;
3893391;Maggi So Juicy Rosemary & Garlic Roast Chicken Packet Mix 36g;£0.94;£2.61/100g;Baking Bags;null;9.5;56.8;18.0;3.0;0.5;5.0;15.63;
4071294;Maggi So Juicy Smokey BBQ For Ribs Packet Mix 30g;£0.94;£2.47/100g;Baking Bags;317;9.4;55.2;16.7;5.7;2.0;3.7;15.63;
3820600;Maggi So Juicy Sticky BBQ Chicken Packet Mix 47g;£0.94;£2.00/100g;Baking Bags;null;4.4;76.8;null;0.7;0.1;2.7;6.80;
4071286;Maggi So Juicy Sweet & Sour Chicken Packet Mix 46g;£0.94;£1.74/100g;Baking Bags;null;3.7;78.7;59.5;2.2;0.2;2.2;4.88;
4488948;Maggi So Tender Italian Herbs Chicken Packet Mix 23g;£0.94;£4.09/100g;Baking Bags;440;7.3;22.1;10.4;34.1;11.8;7.7;21.35;
4515169;Maggi So Tender Paprika Chicken Packet Mix 23g;£0.94;£4.09/100g;Baking Bags;431;9.1;12.2;6.1;35.2;11.9;14.5;22.20;
3008255;ASDA Cheese Sauce Mix 160g;£0.78;£0.48/100g;Pour Over Sauces;87;1.0;7.1;1.0;6.0;3.8;0.2;0.7;
3843235;ASDA Creamy Peppercorn Sauce Mix 22g;£0.38;£1.73/100g;Pour Over Sauces;76;4.6;8.7;6.0;2.5;1.6;0.2;null;
3008257;ASDA Curry Sauce Mix 160g;£0.78;£0.48/100g;Pour Over Sauces;80;0.5;8.7;2.0;4.8;3.4;0.2;0.8;
4223912;ASDA Gluten Free Dry Cheese Sauce Sachet 36g;£0.38;£1.06/100g;Pour Over Sauces;83;4.2;11.3;3.0;2.2;1.8;0.6;0.8;
4223914;ASDA Gluten Free Parsley Sauce Mix 20g;£0.38;£1.90/100g;Pour Over Sauces;63;3.4;8.5;2.5;1.6;0.9;0.7;0.6;
4223916;ASDA Gluten Free White Sauce Mix 25g;£0.38;£1.52/100g;Pour Over Sauces;75;4.0;9.8;2.5;2.2;1.4;null;0.7;
3843231;ASDA Hollandaise Sauce Mix 23g;£0.38;£1.65/100g;Pour Over Sauces;74;4.0;8.8;4.8;2.3;0.9;0.8;null;
3843245;ASDA Onion & Chive Sauce Mix 50g;£0.38;£0.76/100g;Pour Over Sauces;65;0.7;11.0;0.9;1.9;1.2;0.7;null;
3638526;ASDA Peppercorn Sauce Mix 160g;£0.78;£0.48/100g;Pour Over Sauces;84;0.7;5.4;0.3;6.2;4.0;1.7;1.0;
3843237;ASDA Chosen By You Simmer Sauce Bread Sauce Mix 40g;£0.38;£0.95/100g;Pour Over Sauces;95;4.2;14.0;6.2;2.3;1.5;0.7;null;
2266137;Bisto Cheese Sauce Granules;£1.44;£0.48/100g;Pour Over Sauces;493;7.3;51.9;7.3;28.3;20.0;0.9;6.15;
2266139;Bisto Chip Shop Curry Sauce;£1.44;£0.48/100g;Pour Over Sauces;441;4.4;59.5;23.8;19.7;12.6;4.1;6.13;
3008251;Bisto Parsley Sauce;£1.44;£0.48/100g;Pour Over Sauces;494;4.2;54.2;7.2;28.5;21.6;1.7;6.15;
3008253;Bisto White Sauce;£1.44;£0.48/100g;Pour Over Sauces;494;4.2;55.2;8.5;28.2;20.7;1.3;6.15;
560675;Colman's Cheddar Cheese Sauce Mix 40g;£0.69;£1.72/100g;Pour Over Sauces;110;6;12;6;3.5;2;0.3;1.1;
561107;Colman's Onion Sauce Mix 35g;£0.69;£1.97/100g;Pour Over Sauces;90;5;13;7;2;1;0.8;0.85;
4360444;Colman's Pepper Sauce Mix 40g;£0.69;£1.72/100g;Pour Over Sauces;119;4.7;11;6;6.3;4;0.5;1;
4843194;Colmans Bread Sauce Mix 40g;£0.69;£1.72/100g;Pour Over Sauces;95;5;14;6;2;1;0.6;0.98;
3199717;Colmans Four Cheese Sauce Mix 35g;£0.69;£1.97/100g;Pour Over Sauces;110;6;8;6;6;3.5;0.1;0.93;
560680;Colmans Parsley Sauce Mix 20g;£0.69;£3.45/100g;Pour Over Sauces;73;4.3;9.9;5.3;1.8;1;0.5;0.78;
560681;Colmans White Sauce Mix 25g;£0.69;£2.76/100g;Pour Over Sauces;85;4.5;10;6;3;1.5;0.1;0.75;
3572420;McDonnell's Curry Sauce;£2.25;£0.90/100g;Pour Over Sauces;null;6.2;58.8;null;18.7;null;null;null;
915448;Schwartz Cheddar Cheese Sauce Mix 40g;£0.89;£0.22/10g;Pour Over Sauces;null;17.0;61.9;0.4;5.1;2.6;1.0;7.25;
915447;Schwartz Creamy Mild Peppercorn Sauce Mix 25g;£0.89;£0.35/10g;Pour Over Sauces;null;14.7;58.8;2.1;6.6;3.9;3.7;8.75;
910234;Schwartz Creamy Parsley Sauce Mix 26g;£0.89;£0.34/10g;Pour Over Sauces;null;12.1;61.2;1.5;11.3;7.3;2.9;7.00;
564573;Schwartz Creamy Pepper Sauce Mix 25g;£0.89;£3.56/100g;Pour Over Sauces;null;16.8;55.2;1.7;5.6;3.0;5.3;9.25;
915446;Schwartz Creamy White Wine & Herb Sauce Mix 26g;£0.89;£0.34/10g;Pour Over Sauces;null;7.2;64.5;5.8;5.7;3.1;6.6;9.25;
4374493;Schwartz Fish Pie Sauce for Fish;£2.18;£0.72/100g;Pour Over Sauces;null;0.8;5.1;1.7;11.4;7.2;1.5;0.70;
1531345;Schwartz For Fish Classic Hollandaise Sauce 300g;£2.18;£0.72/100g;Pour Over Sauces;null;0.5;3.8;0.7;4.9;3.1;0.1;0.80;
1128259;Schwartz For Fish Creamy Lemon & Parsley Sauce 300g;£2.18;£0.72/100g;Pour Over Sauces;null;0.2;4.4;0.8;4.9;3.1;0.6;0.73;
440115;Schwartz Garlic, Mushroom & Cream Sauce Mix 26g;£0.89;£3.42/100g;Pour Over Sauces;null;9.4;55.8;1.2;10.2;6.1;3.2;14.13;
564589;Schwartz Hollandaise Sauce Mix 25g;£0.89;£3.56/100g;Pour Over Sauces;null;9.9;64.0;0.8;11.0;6.1;1.6;6.38;
4374495;Schwartz Low Fat Sweet Chilli, Lime & Coriander Sauce for Fish;£2.18;£0.72/100g;Pour Over Sauces;null;0.6;18.6;15.9;1.1;0.1;2.1;0.83;
910235;Schwartz Luxury Bread Sauce Mix 40g;£0.89;£2.22/100g;Pour Over Sauces;369;11.5;70.3;3.7;3.8;1.8;null;5.00;
3891103;Secret Recipe Curry Sauce Mix 48g;£0.54;£1.12/100g;Pour Over Sauces;null;null;null;null;null;null;null;null;
437975;ASDA Vegetable Gravy Granules 200g;£0.79;£0.39/100g;Gravy;33;0.1;3.4;0.3;2.1;1.5;0.1;0.9;
163686;ASDA Chosen By You Gravy Granules for Chicken 200g;£0.79;£0.39/100g;Gravy;34;0.2;3.5;0.1;2.1;1.3;null;0.9;
12966;ASDA Chosen By You Gravy Granules for Meat 200g;£0.79;£0.39/100g;Gravy;34;0.2;3.5;null;2.1;1.3;null;0.89;
215896;ASDA Chosen By You Gravy Granules for Meat 500g;£1.49;£0.29/100g;Gravy;34;0.2;3.5;null;2.1;1.3;null;0.89;
1166534;ASDA Chosen By You Onion Gravy Granules 200g;£0.79;£0.39/100g;Gravy;34;0.3;3.3;0.2;2.1;1.5;0.1;1.1;
3876535;ASDA Chosen By You Reduced Salt Gravy Granules 200g;£0.79;£3.95/kg;Gravy;36;0.2;3.6;null;2.3;1.4;null;0.65;
4831084;ASDA Extra Special Beef Gravy 340g;£1.28;£0.37/100g;Gravy;null;1.7;7.1;1.4;3.6;2.1;null;0.8;
4831086;ASDA Extra Special Chicken Gravy 340g;£1.28;£0.37/100g;Gravy;null;1.8;6.0;1.5;2.8;1.3;null;0.6;
855191;ASDA SmartPrice Gravy Granules 200g;£0.20;£0.10/100g;Gravy;35;0.1;3.4;0.1;2.3;1.0;0.1;1.2;
4371265;Aunt Bessie's Classic Gravy Granules 240g;£1.39;£0.57/100g;Gravy;28;0.5;4.3;0.5;1.1;0.6;0.5;0.93;
4371263;Aunt Bessie's Gravy Granules for Chicken 240g;£1.39;£0.57/100g;Gravy;28;0.5;4.5;0.5;1.0;0.7;0.5;0.90;
4371267;Aunt Bessie's Onion Gravy Granules 240g;£1.39;£0.57/100g;Gravy;29;0.5;4.6;0.6;1.1;0.7;0.5;0.56;
4071271;Bisto Best Beef Gravy Granules;£1.44;£0.72/100g;Gravy;null;4.2;68.1;2.1;6.5;3.4;0.9;12.59;
21195;Bisto Best Caramelised Onion Gravy;£1.44;£0.72/100g;Gravy;null;3.8;68.7;11.6;4.8;0.9;2.0;14.12;
3685229;Bisto Best Chicken Gravy Granules;£1.44;£0.72/100g;Gravy;345;3.8;69.5;3.6;5.5;2.6;1.1;12.08;
3011380;Bisto Best Lamb Gravy;£1.44;£0.72/100g;Gravy;326;5.1;67.0;1.2;4.1;0.4;0.4;16.23;
1166476;Bisto Best Pork Gravy Granules;£1.44;£0.72/100g;Gravy;330;5.9;67.0;1.4;4.1;0.4;0.6;15.30;
1166467;Bisto Best Vegetable Gravy;£1.44;£0.72/100g;Gravy;342;3.3;70.1;2.2;5.4;0.4;0.6;18.25;
4370345;Bisto Chip Shop Gravy Sauce;£1.44;£0.48/100g;Gravy;414;1.1;65.3;29.0;16.4;11.2;0.2;8.98;
10503;Bisto For Chicken Gravy Granules 170g;£1.29;£0.75/100g;Gravy;400;2.2;61.6;16.7;15.6;10.5;2.1;11.90;
3713065;Bisto Gravy Granules;£1.44;£0.48/100g;Gravy;397;1.7;59.8;12.2;16.3;11.2;2.1;14.33;
8528;Bisto Gravy Granules 170g;£1.29;£0.75/100g;Gravy;397;1.7;59.8;12.2;16.3;11.2;2.1;14.33;
4052431;Bisto Gravy Granules 500g;£2.99;£0.59/100g;Gravy;null;0.8;62.9;24.3;16.2;11.1;0.4;12.75;
3713069;Bisto Onion Gravy Granules;£1.44;£0.48/100g;Gravy;389;3.5;59.1;10.3;14.1;9.4;5.6;10.83;
8755;Bisto Onion Gravy Granules 170g;£1.29;£0.75/100g;Gravy;398;2.1;64.0;24.6;14.6;10.0;0.8;11.28;
1333659;Bisto Reduced Salt Gravy Granules 170g;£1.29;£0.75/100g;Gravy;396;2.1;62.6;25.2;14.5;10.2;3.2;10.30;
4774772;Bisto Roast Beef Rich Gravy Paste 50g;£0.99;£1.98/100g;Gravy;null;0.5;4.9;0.5;1.4;0.1;0.5;1.04;
4774774;Bisto Roast Chicken Rich Gravy Paste 50g;£0.99;£1.98/100g;Gravy;null;0.5;4.9;0.5;1.5;0.1;0.5;1.02;
8527;Bisto The Original Gravy Powder 454g;£2.00;£0.44/100g;Gravy;null;1.3;59.5;0.5;0.5;0.1;1.2;25.73;
8529;Bisto The Original Gravy Powder 227g;£1.25;£0.55/100g;Gravy;null;1.3;59.5;0.5;0.5;0.1;1.2;25.73;
1622380;Bisto Vegetable Gravy Granules 170g;£1.29;£0.75/100g;Gravy;387;1.5;65.2;27.6;13.3;9.0;0.4;14.07;
3713067;Bisto for Chicken Gravy Granules;£1.44;£0.48/100g;Gravy;405;1.4;63.9;28.1;16.0;10.9;0.3;11.80;
4370343;Bisto for Chicken Gravy Granules 500g;£2.99;£0.59/100g;Gravy;null;1.4;63.9;28.1;16.0;10.9;0.3;11.80;
4370341;Bisto for Chicken Reduced Salt Gravy Granules 170g;£1.29;£0.75/100g;Gravy;417;1.7;66.7;31.2;16.0;10.9;0.2;8.20;
3389707;Epicure Chianti & Porcini Wine Reduction 120g;£2.25;£1.88/100g;Gravy;null;null;null;null;null;null;null;null;
3389713;Epicure Madeira & Lamb Wine Reduction 120g;£2.25;£1.88/100g;Gravy;null;null;null;null;null;null;null;null;
3389711;Epicure Merlot & Fine Herbs Wine Reduction 120g;£2.25;£1.88/100g;Gravy;null;null;null;null;null;null;null;null;
4825097;Knorr Beef Gravy Pot 224g;£2.00;£0.89/100g;Gravy;null;4.5;33;8;4.5;2;1.5;13;
4021902;Knorr Beef Gravy Pot 112g;£1.78;£1.59/100g;Gravy;null;4.5;33;8;4.5;2;1.5;13.0;
4825095;Knorr Chicken Gravy Pot 224g;£2.00;£0.89/100g;Gravy;null;5;33;9;3.5;1;1;13;
4021900;Knorr Chicken Gravy Pot 112g;£1.78;£1.59/100g;Gravy;null;5;33;9;3.5;1;1;13.0;
4374509;Knorr Onion Gravy Pot 112g;£1.78;£1.59/100g;Gravy;null;null;null;null;null;null;null;null;
3363155;McDougalls Thickening Granules 170g;£0.81;£0.47/100g;Gravy;null;null;73.7;25.6;18.7;12.8;null;null;
4540648;Sarsons Browning;£0.70;£0.46/100ml;Gravy;null;14;25;1.1;0.5;0.2;5.6;12.3;
559749;Schwartz Roast Beef Gravy Mix 27g;£0.88;£3.26/100g;Gravy;null;10.9;61.3;1.5;2.3;1.2;3.6;13.63;
559746;Schwartz Roast Chicken Gravy Mix 26g;£0.88;£3.38/100g;Gravy;null;9.6;63.3;0.8;5.6;3.2;2.7;10.75;
2581683;Schwartz Roast Lamb Gravy Mix 26g;£0.89;£3.42/100g;Gravy;null;9.9;65.2;3.7;3.4;1.7;0.9;11.38;
215750;Schwartz Roast Turkey Gravy Mix 25g;£0.88;£3.52/100g;Gravy;null;10.8;64.7;0.9;6.5;3.3;2.4;7.13;
854059;Oxo Beef Stock Cubes 71g;£1.19;£1.68/100g;Stocks;null;17.4;35.7;2.2;4.9;2.4;4.2;30.70;
854060;Oxo Chicken Stock Cubes 71g;£1.19;£1.68/100g;Stocks;null;13.5;46.8;16.5;4.1;1.0;2.8;24.90;
3870495;ASDA Extra Special Concentrated Beef Stock 250g;£1.50;£0.60/100g;Stocks;null;0.4;3.2;1.0;1.6;0.8;null;1.3;
3870493;ASDA Extra Special Concentrated Chicken Stock 250g;£1.50;£0.60/100g;Stocks;null;2.9;1.3;1.3;0.5;0.1;0.6;0.68;
3870499;ASDA Extra Special Concentrated Fish Stock 250g;;;Stocks;null;2.6;1.5;0.6;0.2;null;null;1.0;
3870497;ASDA Extra Special Concentrated Vegetable Stock 250g;£1.50;£0.60/100g;Stocks;null;0.4;0.4;0.4;0.1;null;null;0.1;
2687965;ASDA Chosen By You Beef Stock Cubes 120g;£0.75;£0.62/100g;Stocks;null;8.8;19.4;5.4;23.0;16.2;1.4;null;
2687967;ASDA Chosen By You Chicken Stock Cubes 120g;£0.75;£0.62/100g;Stocks;null;9.0;18.4;1.5;25.2;15.6;0.7;null;
2687969;ASDA Vegetable Stock Cubes 120g;£0.75;£0.62/100g;Stocks;null;8.9;22.4;8.8;26.3;18.6;1.9;null;
4560446;Bovril Beef Stock Cubes;£0.99;£0.8/each;Stocks;5;0.4;0.5;0.1;0.2;0.1;0.1;1.1;
4360486;Kallo Organic Beef Stock Cubes 88g;£1.60;£1.82/100g;Stocks;null;0.1;0.7;0.2;0.5;0.2;null;0.8;
4360484;Kallo Organic Chicken Stock Cubes 88g;£1.60;£1.82/100g;Stocks;null;0.1;0.8;0.2;0.4;0.2;0.1;0.8;
4360488;Kallo Organic Vegetable Stock Cubes 88g;£1.60;£1.82/100g;Stocks;null;0.1;0.7;0.3;0.4;0.2;null;0.9;
3195385;Knorr Beef Stock Cubes;£2.00;£1.00/100g;Stocks;null;0.1;0.5;0.1;0.5;0.3;0.1;0.97;
3195383;Knorr Vegetable Stock Cubes;£2.00;£1.00/100g;Stocks;null;0.1;0.5;0.2;0.6;0.4;0.1;0.95;
3195387;Knorr Chicken Stock Cubes;£2.00;£1.00/100g;Stocks;null;0.1;0.6;0.1;0.5;0.3;0.1;0.9;
2668521;Knorr Beef Stock Pot 224g;£2.00;£0.89/100g;Stocks;null;null;null;null;null;null;null;null;
3355516;Knorr Beef Stock Pot 112g;£1.44;£1.29/100g;Stocks;null;null;null;null;null;null;null;null;
2668519;Knorr Chicken Stock Pot 224g;£2.00;£0.89/100g;Stocks;null;null;null;null;null;null;null;null;
3355514;Knorr Chicken Stock Pot 112g;£1.44;£1.29/100g;Stocks;null;null;null;null;null;null;null;null;
2668523;Knorr Vegetable Stock Pot 224g;£2.00;£0.89/100g;Stocks;null;null;null;null;null;null;null;null;
3355512;Knorr Vegetable Stock Pot 112g;£1.44;£1.29/100g;Stocks;null;null;null;null;null;null;null;null;
3988560;Knorr Fish Stock Pot 112g;£1.44;£1.29/100g;Stocks;null;null;null;null;null;null;null;null;
3685225;Oxo Chicken Reduced Salt Stock Cubes 71g;£1.19;£1.68/100g;Stocks;null;14.6;54.9;21.5;3.9;1.0;2.8;17.56;
3685223;Oxo Reduced Salt Beef Stock Cubes 71g;£1.19;£1.68/100g;Stocks;null;18.2;41.6;9.6;5.1;2.5;6.5;21.28;
3685227;Oxo Vegetable Reduced Salt Stock Cubes 71g;£1.19;£1.68/100g;Stocks;null;11.2;50.6;15.3;5.1;2.4;2.6;23.11;
14128;Oxo Beef Stock Cubes;£0.84;£0.14/each;Stocks;null;17.4;35.7;2.2;4.9;2.4;4.2;30.70;
3008348;Oxo Chicken Stock Cubes;£0.84;£0.14/each;Stocks;261;12.0;43.4;4.0;4.1;1.1;1.2;26.91;
3890471;Oxo Lamb Stock Cubes 71g;£1.19;£1.68/100g;Stocks;null;11.8;49.9;22.8;5.5;2.5;2.3;21.96;
3890469;Oxo Vegetable Stock Cubes 71g;£1.19;£1.68/100g;Stocks;null;10.6;40.9;9.0;5.0;2.4;2.3;34.13;
4052433;Oxo Beef Stock Cubes;£1.44;£1.01/100g;Stocks;null;17.4;35.7;2.2;4.9;2.4;4.2;30.70;
4052435;Oxo Chicken Stock Cubes;£1.44;£1.01/100g;Stocks;null;13.5;46.8;16.5;4.1;1.0;2.8;24.90;
3184894;Knorr Touch of Taste Chicken Concentrated Liquid Stock;£1.98;£1.10/100ml;Stocks;null;null;null;null;null;null;null;null;
3184898;Knorr Touch of Taste Beef Concentrated Liquid Stock;£1.98;£1.10/100ml;Stocks;null;null;null;null;null;null;null;null;
3891432;Knorr Chicken Reduced Salt Stock Cubes 54g;£1.38;£2.56/100g;Stocks;null;null;null;null;null;null;null;null;
3431134;Knorr Chicken Reduced Salt Granules 120g;£1.98;£1.65/100g;Stocks;null;null;null;null;null;null;null;null;
3891430;Knorr Vegetable Reduced Salt Stock Cubes 54g;£1.38;£2.56/100g;Stocks;null;null;null;null;null;null;null;null;
3431130;Knorr Vegetable Reduced Salt Granules 120g;£1.98;£1.65/100g;Stocks;null;0.5;1;0.5;0.5;null;0.5;0.65;
3368468;Knorr Rich Beef Stock Pot 224g;£2.00;£0.89/100g;Stocks;null;null;null;null;null;null;null;null;
3355502;Knorr Beef Reduced Salt Stock Cubes 66g;£1.38;£2.09/100g;Stocks;null;null;null;null;null;null;null;null;
8344;Knorr Beef Stock Cubes;£1.49;£1.86/100g;Stocks;null;0.1;0.5;0.1;0.5;0.3;0.1;0.97;
553992;Knorr Chicken Stock Cubes;£1.49;£1.86/100g;Stocks;null;0.1;0.6;0.1;0.5;0.3;0.1;0.9;
2936154;Knorr Fish Stock Cubes;£1.49;£1.86/100g;Stocks;null;0.2;0.4;0.1;0.5;0.4;0.1;1.0;
21204;Knorr Ham Stock Cubes;£1.49;£1.86/100g;Stocks;null;0.2;0.5;0.2;0.5;0.3;0.1;0.89;
8350;Knorr Lamb Stock Cubes;£1.49;£1.86/100g;Stocks;null;0.3;0.3;0.1;0.6;0.4;0.1;0.97;
550398;Knorr Pork Stock Cubes;£1.49;£1.86/100g;Stocks;null;0.3;0.4;0.1;0.5;0.3;0.1;0.93;
8348;Knorr Vegetable Stock Cubes;£1.49;£1.86/100g;Stocks;null;0.1;0.5;0.2;0.6;0.4;0.1;0.95;
4021792;Maggi Stock Pots Beef Stock 24g;£1.50;£1.04/100g;Stocks;null;2.6;23.5;9.1;2.8;0.4;1.2;16.53;
4021794;Maggi Stock Pots Stock Pots Chicken Stock 24g;£1.50;£1.04/100g;Stocks;null;3.3;22.3;10.6;7.4;2.2;1.3;15.38;
4021796;Maggi Stock Pots Stock Pots Vegetable Stock 24g;£1.50;£1.04/100g;Stocks;null;3.1;23.1;6.5;6.1;0.6;1.7;15.25;
2032516;Marigold Organic Reduced Salt Swiss Vegetable Bouillon Powder 140g;£1.98;£1.41/100g;Stocks;null;null;null;null;null;null;null;null;
604995;Marigold Swiss Vegetable Bouillon Powder 150g;£1.99;£1.33/100g;Stocks;null;9.2;28.1;16.2;12.8;4.7;null;null;
4583522;Bisto Beef Reduced Salt Stock Melts 80g;£1.45;£1.81/100g;Stocks;155;9.7;21.9;7.2;2.3;0.1;3.8;11.29;
4583524;Bisto Beef Stock Melts 80g;£1.45;£1.81/100g;Stocks;129;10.5;15.3;6.3;2.2;0.9;3.3;15.85;
4583520;Bisto Chicken Reduced Salt Stock Melts 80g;£1.45;£1.81/100g;Stocks;163;9.0;19.7;6.0;4.5;1.6;3.8;11.98;
4583518;Bisto Chicken Stock Melts 80g;£1.45;£1.81/100g;Stocks;137;9.7;15.4;3.9;3.3;1.2;3.5;16.28;
4583526;Bisto Vegetable Stock Melts 80g;£1.45;£1.81/100g;Stocks;115;5.2;15.3;6.0;2.8;1.1;3.9;16.35;
14217;Bovril Beef Extract 125g;£2.00;£1.60/100g;Stocks;141;32;1.9;1.7;1.2;0.5;1.8;3.4;
3405332;Bovril Chicken Extract 125g;£2.00;£1.60/100g;Stocks;140;11;20;2;1.5;0.5;2;18;
1045406;Kallo Gluten Free Vegetable Stock Cubes 66g;£1.00;£1.52/100g;Stocks;null;0.3;0.2;0.1;0.6;0.3;0.1;1.0;
2996936;ASDA Onion & Garlic Stuffing Mix 140g;£0.63;£4.50/kg;Stuffing;155;3.2;33.5;1.9;0.5;0.2;1.9;null;
15970;ASDA Stuffing Mix Sage & Onion 85g;£0.27;£3.18/kg;Stuffing;null;5.0;33.5;2.4;1.2;0.4;3.3;null;
797482;ASDA Stuffing Mix Sausage Meat 140g;£0.63;£4.50/kg;Stuffing;194;8.0;30.0;1.4;3.9;1.6;3.5;null;
22852;ASDA SmartPrice Sage & Onion Stuffing Mix 85g;£0.15;£1.76/kg;Stuffing;null;2.9;20.9;0.5;1.0;0.5;5.5;0.9;
4533269;Aunt Bessie's Sage & Red Onion Stuffing Mix;£1.28;£0.45/100g;Stuffing;136;4.0;25.5;3.7;1.3;0.6;3.2;1.15;
4533271;Aunt Bessie's Wild Sage, Onion & Apple Stuffing Mix;£1.28;£0.45/100g;Stuffing;142;3.8;24.8;5.0;2.4;1.1;3.2;0.95;
3674859;Merchant Gourmet Whole Chestnuts;£1.98;£9.90/kg;Stuffing;163;4.3;31.6;8.5;1.0;0.5;5.2;0.0;
3233227;Mrs Crimble's Sage and Onion Stuffing Mix 170g;£2.00;£11.76/kg;Stuffing;null;4.8;23.6;3.2;15.5;2;2.5;1.5;
8532;Paxo Sage & Onion Stuffing Mix 85g;£0.59;£6.94/kg;Stuffing;113;3.5;21.8;2.0;1.3;0.6;2.0;1.08;
1763501;Paxo Sage & Onion with Apple Stuffing Mix 130g;£0.90;£6.92/kg;Stuffing;115;3.5;22.5;3.2;1.3;0.6;1.8;1.25;
1763499;Paxo Sage & Onion with Garlic Stuffing Mix 130g;£0.90;£6.92/kg;Stuffing;115;3.5;22.4;2.0;1.3;0.6;1.7;1.34;
4890293;Paxo Stuffing Mix Sage and Onion 190g;£1.19;£0.62/100g;Stuffing;113;3.5;21.8;2.0;1.3;0.6;2.0;1.08;
4890295;Paxo Stuffing Mix Sage and Onion Twin Pack 2 x 190g;£1.44;£0.37/100g;Stuffing;113;3.5;21.8;2.0;1.3;0.6;2.0;1.08;
12978;ASDA Chosen By You Stuffing Mix Sage & Onion 170g;£0.37;£2.18/kg;Stuffing;null;5.0;33.5;2.4;1.2;0.4;3.3;null;
921303;ASDA Extra Virgin Olive Oil;£0.99;£0.39/100ml;Olive Oil;null;null;null;null;null;null;null;null;
921306;ASDA Extra Virgin Olive Oil;£1.70;£0.34/100ml;Olive Oil;null;null;null;null;null;null;null;null;
2266211;ASDA Extra Virgin Olive Oil Litre 1l;£2.89;£0.28/100ml;Olive Oil;823;null;null;null;91.4;7.5;null;null;
2837008;ASDA Extra Virgin Olive Oil LT 3l;£8.64;£0.28/100ml;Olive Oil;null;null;null;null;91.4;11.9;null;null;
2595670;ASDA Greek Extra Virgin Olive Oil;£2.90;£0.58/100ml;Olive Oil;null;null;null;null;91.4;7.5;null;null;
2595668;ASDA Italian Extra Virgin Olive Oil;£2.90;£0.58/100ml;Olive Oil;null;null;null;null;91.4;7.5;null;null;
921363;ASDA Light & Mild Olive Oil;£1.70;£0.34/100ml;Olive Oil;null;null;null;null;91.4;7.5;null;null;
2266205;ASDA Light & Mild Olive Oil Litre;£2.89;£0.28/100ml;Olive Oil;823;null;null;null;91.4;7.5;null;null;
2266209;ASDA Olive Oil;£2.89;£0.28/100ml;Olive Oil;null;null;null;null;91.4;7.5;null;null;
921304;ASDA Olive Oil;£0.99;£0.39/100ml;Olive Oil;null;null;null;null;91.4;13.1;null;null;
921307;ASDA Olive Oil;£1.70;£0.34/100ml;Olive Oil;null;null;null;null;91.4;13.1;null;null;
2568586;ASDA Olive Pomace Oil Litres 3l;£6.37;£0.21/100ml;Olive Oil;823;null;null;null;91.4;7.5;null;null;
921366;ASDA Sunflower & Olive Oil Litre;£2.58;£0.25/100ml;Olive Oil;827;null;null;null;91.9;46.0;null;null;
1632159;ASDA Extra Special Chilli-Infused Extra Virgin Olive Oil;£2.78;£1.11/100ml;Olive Oil;123;null;null;null;13.7;1.1;null;null;
1632155;ASDA Extra Special Garlic-Infused Extra Virgin Olive Oil;£2.78;£1.11/100ml;Olive Oil;123;null;null;null;13.7;1.1;null;null;
609691;ASDA Organic Extra Virgin Olive Oil;£2.00;£0.40/100ml;Olive Oil;null;null;null;null;null;null;null;null;
470529;Albero Antico Extra Virgin Olive Oil;£2.50;£0.33/100ml;Olive Oil;135;0.0;0.0;0.0;15.0;1.2;0.0;0.0;
464628;Filippo Berio Extra Virgin Olive Oil;£1.87;£0.37/100ml;Olive Oil;null;null;null;null;91.3;null;null;null;
3206475;Filippo Berio Extra Virgin Olive Oil;£2.00;£0.80/100ml;Olive Oil;null;null;null;null;91.3;null;null;null;
2541270;Filippo Berio Extra Virgin Olive Oil;£2.00;£1.00/100ml;Olive Oil;null;null;null;null;91.3;9.7;null;null;
3206477;Filippo Berio Extra Virgin Olive Oil;£5.48;£0.73/100ml;Olive Oil;null;null;null;null;91.3;9.7;null;null;
2916928;Filippo Berio Extra Virgin Olive Oil;£6.08;£0.60/100ml;Olive Oil;null;null;null;null;null;null;null;null;
926621;Filippo Berio Mild & Light Olive Oil;£1.87;£0.37/100ml;Olive Oil;null;null;null;null;91.3;9.7;null;null;
3206485;Filippo Berio Mild & Light Olive Oil;£2.00;£0.80/100ml;Olive Oil;null;null;null;null;91.3;9.7;null;null;
2916926;Filippo Berio Mild & Light Olive Oil;£6.08;£0.60/100ml;Olive Oil;null;null;null;null;91.3;9.7;null;null;
612680;Filippo Berio Olive Oil;£1.87;£0.37/100ml;Olive Oil;null;null;null;null;91.3;9.7;null;null;
3206483;Filippo Berio Olive Oil;£5.48;£0.73/100ml;Olive Oil;null;null;null;null;91.3;9.7;null;null;
2274729;Filippo Berio Organic Extra Virgin Olive Oil;£4.38;£0.87/100ml;Olive Oil;null;null;null;null;91.3;10.0;null;null;
4736579;Filippo Berio Special Selection Extra Virgin Olive Oil;£5.48;£1.10/100ml;Olive Oil;null;null;null;null;91.3;9.7;null;null;
2541272;Filippo Berio Spray Oil;£2.00;£1.00/100ml;Olive Oil;null;null;null;null;91.3;9.7;null;null;
2542171;Frantoio Olive Oil;£2.41;£0.32/100ml;Olive Oil;135;0.0;0.0;0.0;15.0;1.2;0.0;0.0;
4022706;Frylight Extra Virgin Olive Oil Spray;£1.50;£0.79/100ml;Olive Oil;null;null;0.2;0.1;null;7.3;null;0.004;
4022704;Frylight Sunflower Oil Spray;£1.50;£0.79/100ml;Olive Oil;null;null;0.2;0.1;null;6.2;null;0.004;
944816;Napolina Basil Flavoured Olive Oil;£1.25;£1.00/100ml;Olive Oil;null;null;null;null;null;null;null;null;
2266199;Napolina Extra Virgin Olive Oil;£3.00;£0.40/100ml;Olive Oil;null;null;null;null;91.4;7.5;null;null;
1319626;Napolina Extra Virgin Olive Oil;£1.49;£0.59/100ml;Olive Oil;null;null;null;null;91.4;7.5;null;null;
3199679;Napolina Extra Virgin Olive Oil litre;£6.48;£0.64/100ml;Olive Oil;null;0;0;0;91.4;7.5;0;0;
944818;Napolina Garlic Flavoured Olive Oil;£1.25;£1.00/100ml;Olive Oil;null;null;null;null;null;null;null;null;
944815;Napolina Lemon & Dill Flavoured Olive Oil;£1.25;£1.00/100ml;Olive Oil;null;null;null;null;null;null;null;null;
3199683;Napolina Light & Mild Olive Oil;£3.00;£0.40/100ml;Olive Oil;null;0;0;0;91.4;null;0;0;
4167081;Napolina Light & Mild Olive Oil Litre 1l;£6.48;£0.64/100ml;Olive Oil;null;0;0;0;91.4;7.5;0;0;
2266197;Napolina Light & Mild Salad Oil;£1.49;£0.59/100ml;Olive Oil;null;0;0;0;91.4;null;0;0;
2266201;Napolina Medium Flavour Olive Oil;£3.00;£0.40/100ml;Olive Oil;null;null;null;null;91.4;7.5;null;null;
1318189;Napolina Olive Oil;£1.49;£0.59/100ml;Olive Oil;null;null;null;null;91.4;7.5;null;null;
3199677;Napolina Olive Oil;£6.48;£0.64/100ml;Olive Oil;null;null;null;null;91.4;7.5;null;null;
2281189;Napolina Organic Extra Virgin Olive Oil;£3.50;£0.70/100ml;Olive Oil;null;null;null;null;91.4;7.5;null;null;
3199685;Napolina Special Selection Extra Virgin Olive Oil;£3.00;£0.40/100ml;Olive Oil;null;null;null;null;91.4;7.5;null;null;
2266203;Napolina Special Selection Extra Virgin Olive Oil;£5.99;£1.20/100ml;Olive Oil;null;null;null;null;91.4;7.5;null;null;
2569231;Odysea Extra Virgin Olive Oil;£4.78;£0.95/100ml;Olive Oil;null;0.0;0.0;0.0;100.0;8.2;null;0.0;
2576211;Oliv L Olio Extra Virgin Olive Oil;£4.98;£0.66/100ml;Olive Oil;null;null;null;null;null;null;null;null;
4796436;Olivio Oil 1l;£2.99;£0.29/100ml;Olive Oil;null;0.5;0.5;0.5;92;26;0.5;0.01;
4736901;Olivio Vegetable Oil & Olive Oil Blend;£2.49;£0.49/100ml;Olive Oil;null;0.5;0.5;0.5;92;26;0.5;0.01;
2266183;ASDA Chinese Stir-Fry Oil;£1.58;£0.63/100ml;Cooking Oils;null;null;null;null;92.1;51.2;null;null;
921355;ASDA Grapeseed Oil;£2.28;£0.45/100ml;Cooking Oils;null;null;null;null;92.4;58.9;null;null;
921357;ASDA Groundnut Oil;£1.85;£0.37/100ml;Cooking Oils;null;null;null;null;91.6;16.9;null;null;
2266181;ASDA Sesame Seed Oil;£1.59;£0.63/100ml;Cooking Oils;null;null;null;null;91.9;39.9;null;null;
464468;ASDA Sunflower Oil Litre;£1.25;£0.12/100ml;Cooking Oils;828;null;null;null;92.0;56.1;null;null;
464470;ASDA Sunflower Oil Litres 3l;£2.96;£0.9/100ml;Cooking Oils;828;null;null;null;92.0;56.1;null;null;
464474;ASDA Vegetable Oil;£1.20;£0.12/100ml;Cooking Oils;825;null;null;null;91.7;26.6;null;null;
464477;ASDA Vegetable Oil 3l;£2.96;£0.9/100ml;Cooking Oils;825;null;null;null;91.7;26.6;null;null;
2266185;ASDA Walnut Oil;£1.60;£0.64/100ml;Cooking Oils;null;null;null;null;92.1;64.4;null;null;
4305593;ASDA Extra Special Cold-Pressed Rapeseed Oil;£2.96;£0.59/100ml;Cooking Oils;null;null;null;null;91.7;26.9;null;null;
4784633;Asian Wok Rice Bran Oil;£2.00;£0.40/100ml;Cooking Oils;null;null;null;null;92;32;null;null;
3031997;Border Field Rapeseed Oil;£3.49;£0.69/100ml;Cooking Oils;null;0;0;0;92;23;null;0;
4736928;Border Fields Chilli Infused Rapeseed Oil;£1.25;£1.00/100ml;Cooking Oils;null;0.4;0.2;0.1;99.3;25.3;0.0;null;
4733804;Britannia Cooking Oil 2l;£3.00;£0.15/100ml;Cooking Oils;null;0.0;0.0;0.0;91.7;25.7;null;0.00;
2266175;Crisp 'n Dry Spray Vegetable Oil;£1.98;£0.99/100ml;Cooking Oils;null;null;null;null;58;17;null;null;
1854062;Crisp 'n Dry Vegetable Oil;£1.99;£0.10/100ml;Cooking Oils;null;0;0;0;92;30;0;null;
1854060;Crisp 'n Dry Vegetable Oil;£1.98;£0.19/100ml;Cooking Oils;null;0;0;0;92;30;0;null;
1854058;Flora Pure Sunflower Oil Litres 2l;£2.98;£0.14/100ml;Cooking Oils;null;0;0;0;92;58;0;0;
1854056;Flora Pure Sunflower Oil with Vitamin E Litre;£1.98;£0.19/100ml;Cooking Oils;null;0;0;0;92;58;0;0;
2266177;Flora Sunflower Spray Oil;£1.68;£0.84/100ml;Cooking Oils;null;null;null;null;58;36;null;null;
3923485;Flower of Gold Cheshire Rapeseed Oil;£3.00;£0.60/100ml;Cooking Oils;null;null;null;null;null;null;null;null;
4685423;Flower of Gold Cheshire Rapeseed Oil with Chilli;£2.00;£0.80/100ml;Cooking Oils;null;null;null;null;null;null;null;null;
4685421;Flower of Gold Cheshire Rapeseed Oil with Garlic;£2.00;£0.80/100ml;Cooking Oils;null;null;null;null;null;null;null;null;
4685425;Flower of Gold Oak Smoked Cheshire Rapeseed Oil;£2.00;£0.80/100ml;Cooking Oils;null;null;null;null;null;null;null;null;
4736581;Frylight 1 Cal Butter Flavour Cooking Spray;£1.50;£0.79/100ml;Cooking Oils;null;null;0.3;0.2;null;6.1;null;0.005;
4736583;Frylight 1 Cal Infuse Garlic Oil Cook & Flavour Spray;£1.99;£1.66/100ml;Cooking Oils;null;null;0.4;0.1;null;6.6;null;0.007;
2272777;KTC Blended Olive Pomace Oil;£6.00;£0.12/100ml;Cooking Oils;null;null;0.0;null;99.9;null;null;null;
3349181;KTC Vegetable Oil 5l;£5.00;£1.00/lt;Cooking Oils;null;null;null;null;99.9;null;null;null;
1731511;Mazola Pure Corn Oil;£1.50;£0.15/100ml;Cooking Oils;null;0;0;0;92.1;47.3;0;null;
4736901;Olivio Vegetable Oil & Olive Oil Blend;£2.49;£0.49/100ml;Cooking Oils;null;0.5;0.5;0.5;92;26;0.5;0.01;
3033841;Pura Org Organic Rapeseed Oil;£2.00;£0.40/100ml;Cooking Oils;null;0;0;0;92.7;23.7;0;0;
3033843;Pura Org Organic Sunflower Oil;;;Cooking Oils;null;null;null;null;92.0;58.3;null;null;
4742425;The Groovy Food Company Organic Virgin Coconut Oil;£5.98;£2.11/100ml;Cooking Oils;null;0.0;0.0;0.0;92.5;86.6;null;0.0;
2266257;ASDA Balsamic Glaze;£1.95;£0.78/100ml;Speciality Vinegars;null;2.0;64.9;48.3;null;null;null;0.2;
1554788;ASDA Balsamic Vinegar of Modena;£0.69;£0.27/100ml;Speciality Vinegars;null;0.6;27.6;16.9;null;null;null;null;
2569211;ASDA Cider Vinegar;£1.00;£0.28/100ml;Speciality Vinegars;null;null;null;null;null;null;null;null;
2569209;ASDA Red Wine Vinegar;£0.80;£0.22/100ml;Speciality Vinegars;null;null;null;null;null;null;null;null;
1554804;ASDA White Balsamic;£2.18;£0.87/100ml;Speciality Vinegars;null;0.4;25.0;13.0;null;null;null;null;
2569207;ASDA White Wine Vinegar;£0.80;£0.22/100ml;Speciality Vinegars;null;null;null;null;null;null;null;null;
3891047;Mazzetti Balsamic Vinegar of Modena Four Leaves System;£5.00;£2.00/100ml;Speciality Vinegars;null;null;null;null;null;null;null;null;
3891045;Mazzetti Balsamic Vinegar of Modena Three Leaves System;£2.50;£1.00/100ml;Speciality Vinegars;null;null;null;null;null;null;null;null;
2272804;Mizkan Rice Vinegar;£0.98;£0.39/100ml;Speciality Vinegars;null;0.5;1.6;0.5;0.5;0.1;0.5;0.03;
3892428;Napolina Balsamic Vinegar di Modena;£4.98;£1.99/100ml;Speciality Vinegars;null;1.8;30.8;28.9;null;null;null;null;
3892430;Napolina Balsamic Vinegar of Modena;£1.50;£0.60/100ml;Speciality Vinegars;null;1.5;27.0;25.0;null;null;null;null;
3218906;Ponti Balsamic Vinegar of Modena;£2.48;£0.99/100ml;Speciality Vinegars;null;null;null;null;null;null;null;null;
3218902;Rocca Balsamic Vinegar;£0.98;£0.39/100ml;Speciality Vinegars;null;null;null;null;null;null;null;null;
4480362;ASDA Extra Special Balsamic Vinegar;£5.98;£2.39/100ml;Speciality Vinegars;null;1.6;47.0;45.5;null;null;null;null;
11602;ASDA Distilled Malt Vinegar;£0.44;£0.77/lt;Malt Vinegars;null;null;null;null;null;null;null;null;
11598;ASDA Malt Vinegar;£0.44;£0.77/lt;Malt Vinegars;null;null;null;null;null;null;null;null;
22850;ASDA Smartprice Vinegar;£0.21;£0.37/lt;Malt Vinegars;null;null;null;null;null;null;null;null;
4540646;Sarsons Distilled & Spiced Pickling Vinegar;£1.48;£1.30/lt;Malt Vinegars;null;null;null;null;null;null;null;null;
4540644;Sarsons Light Malt Vinegar;£0.74;£0.29/100ml;Malt Vinegars;null;null;null;null;null;null;null;null;
4540642;Sarsons Mall Vinegar;£0.99;£0.17/100ml;Malt Vinegars;null;null;null;null;null;null;null;null;
4540640;Sarsons Malt Vinegar;£0.70;£0.28/100ml;Malt Vinegars;null;null;null;null;null;null;null;null;
3389020;Yutaka Japanese Rice Vinegar;£1.63;£1.09/100ml;Malt Vinegars;null;null;null;null;null;null;null;null;
544353;ASDA Basil 14g;£0.49;£0.35/10g;Herbs;null;null;null;null;null;null;null;null;
544339;ASDA Chives 3g;£0.89;£2.97/10g;Herbs;null;null;null;null;null;null;null;null;
544338;ASDA Coriander Leaf 13g;£0.89;£0.68/10g;Herbs;null;null;null;null;null;null;null;null;
3553306;ASDA Easy Coriander 85g;£1.37;£0.16/10g;Herbs;null;1.2;0.3;0.1;5.6;2.3;3.2;null;
3553304;ASDA Easy Lemongrass 90g;£1.37;£0.15/10g;Herbs;null;0.4;7.4;3.5;1.2;0.1;5.2;null;
544320;ASDA Garlic Granules 60g;£0.89;£0.14/10g;Herbs;null;null;null;null;null;null;null;null;
544319;ASDA Garlic Salt 85g;£0.75;£0.8/10g;Herbs;null;null;null;null;null;null;null;null;
544336;ASDA Herbes de Provence 15g;£0.89;£0.59/10g;Herbs;null;null;null;null;null;null;null;null;
544310;ASDA Minced Garlic 69g;£1.22;£0.17/10g;Herbs;null;null;null;null;null;null;null;null;
544333;ASDA Mint 13g;£0.89;£0.68/10g;Herbs;null;null;null;null;null;null;null;null;
544334;ASDA Mixed Herbs 12g;£0.49;£0.40/10g;Herbs;null;null;null;null;null;null;null;null;
3553284;ASDA Mixed Herbs 30g;£0.97;£0.32/10g;Herbs;null;null;null;null;null;null;null;null;
544332;ASDA Oregano 12g;£0.49;£0.40/10g;Herbs;null;null;null;null;null;null;null;null;
3553286;ASDA Oregano 25g;£0.97;£0.38/10g;Herbs;null;null;null;null;null;null;null;null;
544331;ASDA Parsley 11g;£0.89;£0.80/10g;Herbs;null;null;null;null;null;null;null;null;
544330;ASDA Rosemary 27g;£0.89;£0.33/10g;Herbs;null;null;null;null;null;null;null;null;
544327;ASDA Sage 13g;£0.49;£0.37/10g;Herbs;null;null;null;null;null;null;null;null;
2273684;ASDA Star Anise 14g;£0.89;£0.63/10g;Herbs;null;null;null;null;null;null;null;null;
544325;ASDA Thyme 17g;£0.49;£0.28/10g;Herbs;null;null;null;null;null;null;null;null;
3877960;ASDA Chosen By You Easy Garlic 95g;£1.47;£1.55/100g;Herbs;null;3.1;12.4;0.3;7.8;0.8;3.9;null;
4374179;ASDA Chosen By You Garlic Grinder 45g;£1.96;£0.43/10g;Herbs;null;14.9;53.0;5.2;1.3;0.2;8.0;6.9;
222098;ASDA SmartPrice Dried Mixed Herbs 18g;£0.25;£0.13/10g;Herbs;null;null;null;null;null;null;null;null;
3387732;Aleyna Galric Cloves 480g;£1.46;£0.48/100g;Herbs;null;null;null;null;null;null;null;null;
4582042;Greenfields Mixed Herbs 50g;£1.43;£0.28/10g;Herbs;null;null;null;null;null;null;null;null;
4690133;Greenfields Oregano 50g;£1.40;£0.28/10g;Herbs;null;null;null;null;null;null;null;null;
3988564;Knorr Herb Infusion Pot 112g;£1.44;£1.29/100g;Herbs;null;null;null;null;null;null;null;null;
4571246;Knorr Mixed Herbs Flavour Pot;£1.00;£0.10/10g;Herbs;null;null;null;null;null;null;null;null;
544203;Rajah Bay Leaves 100g;£0.65;£0.6/10g;Herbs;null;null;null;null;null;null;null;null;
912824;Rajah Minced Ginger Paste 210g;£1.28;£0.61/100g;Herbs;null;null;null;null;null;null;null;null;
13088;Schwartz Bay Leaves 6g;£1.40;£2.33/10g;Herbs;null;null;null;null;null;null;null;null;
13074;Schwartz Bouquetarni 5g;£1.40;£2.80/10g;Herbs;null;null;null;null;null;null;null;null;
7943;Schwartz Chives 1g;£1.65;£16.50/10g;Herbs;null;null;null;null;null;null;null;null;
18695;Schwartz Coriander Leaf 7g;£1.65;£2.36/10g;Herbs;null;null;null;null;null;null;null;null;
13096;Schwartz Dill 10g;£1.65;£1.65/10g;Herbs;null;null;null;null;null;null;null;null;
13054;Schwartz Fairtrade Basil 10g;£1.65;£1.65/10g;Herbs;null;null;null;null;null;null;null;null;
13084;Schwartz Fairtrade Basil Refill 10g;£1.40;£1.40/10g;Herbs;null;null;null;null;null;null;null;null;
13060;Schwartz Fairtrade Marjoram 8g;£1.65;£2.06/10g;Herbs;null;null;null;null;null;null;null;null;
13058;Schwartz Fairtrade Mint 9g;£1.65;£1.83/10g;Herbs;null;null;null;null;null;null;null;null;
7948;Schwartz Garlic Granules 47g;£1.64;£0.34/10g;Herbs;null;null;null;null;null;null;null;null;
1836438;Schwartz Garlic Granules 47g;£1.38;£0.29/10g;Herbs;null;null;null;null;null;null;null;null;
1120426;Schwartz Garlic Grinder 40g;£2.28;£0.57/10g;Herbs;null;null;null;null;null;null;null;null;
18100;Schwartz Garlic Pepper 45g;£1.58;£0.35/10g;Herbs;null;null;null;null;null;null;null;null;
13057;Schwartz Garlic Salt 73g;£1.49;£0.20/10g;Herbs;null;null;null;null;null;null;null;null;
13020;Schwartz Herbes de Provence 11g;£1.65;£1.50/10g;Herbs;null;null;null;null;null;null;null;null;
3209974;Schwartz Kaffir Lime Leaves 3g;£1.87;£6.23/10g;Herbs;null;null;null;null;null;null;null;null;
4374528;Schwartz Mixed Herbs;£1.87;£0.85/10g;Herbs;null;null;null;null;null;null;null;null;
13033;Schwartz Mixed Herbs 9g;£1.65;£1.83/10g;Herbs;null;null;null;null;null;null;null;null;
13093;Schwartz Mixed Herbs 9g;£1.40;£1.56/10g;Herbs;null;null;null;null;null;null;null;null;
13028;Schwartz Oregano 7g;£1.65;£2.36/10g;Herbs;null;null;null;null;null;null;null;null;
13087;Schwartz Oregano;£1.40;£2.00/10g;Herbs;null;null;null;null;null;null;null;null;
13064;Schwartz Parsley Flat Leaf 3g;£1.65;£5.50/10g;Herbs;null;null;null;null;null;null;null;null;
13083;Schwartz Parsley Flat Leaf 3g;£1.40;£4.67/10g;Herbs;null;null;null;null;null;null;null;null;
13068;Schwartz Rosemary 18g;£1.65;£0.91/10g;Herbs;null;null;null;null;null;null;null;null;
13091;Schwartz Rosemary 18g;£1.40;£0.77/10g;Herbs;null;null;null;null;null;null;null;null;
413228;Schwartz Sage 10g;£1.65;£1.65/10g;Herbs;null;null;null;null;null;null;null;null;
413229;Schwartz Sage 10g;£1.40;£1.40/10g;Herbs;null;null;null;null;null;null;null;null;
7952;Schwartz Tarragon 5g;£1.65;£3.30/10g;Herbs;null;null;null;null;null;null;null;null;
18703;Schwartz Tarragon Refill 5g;£1.40;£2.80/10g;Herbs;null;null;null;null;null;null;null;null;
13071;Schwartz Thyme 11g;£1.65;£1.50/10g;Herbs;null;null;null;null;null;null;null;null;
13044;Schwartz Thyme 11g;£1.40;£1.27/10g;Herbs;null;null;null;null;null;null;null;null;
3877916;ASDA Birdseye Chilli Extra Hot 32g;£1.24;£38.75/kg;Spices;null;null;null;null;null;null;null;null;
544324;ASDA Cayenne Pepper 40g;£0.79;£0.19/10g;Spices;null;null;null;null;null;null;null;null;
1502169;ASDA Chilli Grinder 44g;£1.96;£0.44/10g;Spices;null;null;null;null;null;null;null;null;
544322;ASDA Cinnamon Sticks 12g;£0.79;£0.65/10g;Spices;null;null;null;null;null;null;null;null;
2273672;ASDA Crushed Chillies 28g;£0.79;£0.28/10g;Spices;null;null;null;null;null;null;null;null;
3877962;ASDA Easy Ginger 95g;£1.47;£1.55/100g;Spices;null;0.5;4.2;0.5;8.0;0.7;1.2;null;
544259;ASDA Garam Masala Spice Blend 92g;£1.24;£0.13/10g;Spices;null;null;null;null;null;null;null;null;
3553288;ASDA Garlic Granules 115g;£0.98;£0.8/10g;Spices;null;null;null;null;null;null;null;null;
544318;ASDA Ground Cinnamon 34g;£0.49;£0.14/10g;Spices;null;null;null;null;null;null;null;null;
544312;ASDA Ground Coriander 34g;£0.79;£0.23/10g;Spices;null;null;null;null;null;null;null;null;
544313;ASDA Ground Cumin 41g;£0.49;£0.12/10g;Spices;null;null;null;null;null;null;null;null;
544314;ASDA Ground Ginger 28g;£0.49;£0.17/10g;Spices;null;null;null;null;null;null;null;null;
544315;ASDA Ground Mixed Spice 33g;£0.79;£0.23/10g;Spices;null;null;null;null;null;null;null;null;
544316;ASDA Ground Nutmeg 42g;£1.24;£0.29/10g;Spices;null;null;null;null;null;null;null;null;
544317;ASDA Ground Turmeric 45g;£0.49;£0.10/10g;Spices;null;null;null;null;null;null;null;null;
544311;ASDA Hot Chilli Powder 44g;£0.49;£0.11/10g;Spices;null;null;null;null;null;null;null;null;
544260;ASDA Hot Chilli Powder 100g;£0.97;£0.9/10g;Spices;null;null;null;null;null;null;null;null;
3553274;ASDA Hot Curry Powder 80g;£1.00;£0.12/10g;Spices;null;null;null;null;null;null;null;null;
3553272;ASDA Medium Curry Powder 80g;£1.00;£0.12/10g;Spices;null;null;null;null;null;null;null;null;
544309;ASDA Mild Chilli Powder 44g;£0.49;£0.11/10g;Spices;null;null;null;null;null;null;null;null;
3553270;ASDA Mild Curry Powder 80g;£1.00;£0.12/10g;Spices;null;null;null;null;null;null;null;null;
544308;ASDA Onion Granules 50g;£0.79;£0.13/10g;Spices;null;null;null;null;null;null;null;null;
544306;ASDA Paprika 46g;£0.49;£0.10/10g;Spices;null;null;null;null;null;null;null;null;
3553324;ASDA Paprika 90g;£0.97;£0.10/10g;Spices;null;null;null;null;null;null;null;null;
4374173;ASDA Saffron 5g;£2.47;£49.40/10g;Spices;null;11.4;57.6;null;5.9;1.6;3.9;0.4;
2273682;ASDA Smoked Paprika;£0.79;£0.17/10g;Spices;null;null;null;null;null;null;null;null;
544262;ASDA Tandoori Spice Blend 100g;£1.24;£0.12/10g;Spices;null;null;null;null;null;null;null;null;
3553276;ASDA Tikka Curry Powder 92g;£1.15;£0.12/10g;Spices;null;null;null;null;null;null;null;null;
544298;ASDA Whole Cardamom Pods 31g;£0.89;£0.28/10g;Spices;null;null;null;null;null;null;null;null;
544299;ASDA Whole Cloves 31g;£0.89;£0.28/10g;Spices;null;null;null;null;null;null;null;null;
544300;ASDA Whole Cumin Seeds 37g;£0.79;£0.21/10g;Spices;null;null;null;null;null;null;null;null;
4374181;ASDA Chosen By You Chipotle Chilli Grinder 56g;£1.96;£0.35/10g;Spices;null;13.8;21.7;2.7;9.0;1.0;16.9;27.5;
3877964;ASDA Chosen By You Easy Red Chilli 95g;£1.47;£1.55/100g;Spices;null;1.2;6.3;1.6;2.0;0.2;2.7;null;
4956276;ASDA Chosen By You Jalfrezi Spice Kit 16g;£1.47;£9.19/100g;Spices;null;null;null;null;null;null;null;null;
4956278;ASDA Chosen By You Korma Spice Kit 10g;£1.47;£14.70/100g;Spices;null;null;null;null;null;null;null;null;
4956274;ASDA Chosen By You Tikka Masala Spice Kit 16g;£1.47;£9.19/100g;Spices;null;null;null;null;null;null;null;null;
4962589;Bart Smokehouse Barbecue Garlic Salt Mill 60g;£3.20;£0.53/10g;Spices;null;null;null;null;null;null;null;null;
4962587;Bart Smokehouse Barbecue Mexican Style Chilli Mill 35g;£3.20;£0.91/10g;Spices;null;null;null;null;null;null;null;null;
4962591;Bart Smokehouse Barbecue Moroccan Style Salt Mill 40g;£3.20;£0.80/10g;Spices;null;null;null;null;null;null;null;null;
4962593;Bart Smokehouse Barbecue Smokey Barbecue Mill 47g;£3.20;£0.68/10g;Spices;null;null;null;null;null;null;null;null;
544552;Cypressa Sesame Seeds 250g;£1.09;£0.43/100g;Spices;null;26.4;6.4;null;54.8;null;null;null;
3079627;Natures Selection Crystallised Ginger;£1.00;£0.50/100g;Spices;null;0.3;74.0;74.0;null;0.0;1.5;null;
20634;Rajah All Purpose Seasoning 100g;£0.65;£0.65/100g;Spices;null;null;null;null;null;null;null;null;
4962374;Rajah Caribbean Hot Curry Powder 100g;£0.65;£0.65/100g;Spices;null;null;null;null;null;null;null;null;
551127;Rajah Fish Seasoning 100g;£0.65;£0.65/100g;Spices;null;null;null;null;null;null;null;null;
20620;Rajah Garam Masala 100g;£0.65;£0.65/100g;Spices;null;null;null;null;null;null;null;null;
7938;Schwartz Allspice Ground 37g;£1.65;£0.44/10g;Spices;null;null;null;null;null;null;null;null;
3209970;Schwartz Asafoetida 52g;£1.65;£0.31/10g;Spices;null;null;null;null;null;null;null;null;
3209972;Schwartz Black Onion Seeds 42g;£1.65;£0.39/10g;Spices;null;null;null;null;null;null;null;null;
18694;Schwartz Caraway Seeds 38g;£1.65;£0.43/10g;Spices;null;null;null;null;null;null;null;null;
7939;Schwartz Cardamom Pods 26g;£1.65;£0.63/10g;Spices;null;null;null;null;null;null;null;null;
13067;Schwartz Cayenne Chilli Pepper 26g;£1.65;£0.63/10g;Spices;null;null;null;null;null;null;null;null;
59158;Schwartz Celery Salt 72g;£1.65;£0.22/10g;Spices;null;null;null;null;null;null;null;null;
7941;Schwartz Chilli Powder Hot 38g;£1.65;£0.43/10g;Spices;null;null;null;null;null;null;null;null;
8502;Schwartz Chilli Powder Hot 38g;£1.65;£0.43/10g;Spices;null;null;null;null;null;null;null;null;
7942;Schwartz Chilli Powder Mild 38g;£1.65;£0.43/10g;Spices;null;null;null;null;null;null;null;null;
8496;Schwartz Chilli Powder Mild 38g;£1.40;£0.36/10g;Spices;null;null;null;null;null;null;null;null;
7940;Schwartz Chillies Crushed 29g;£1.65;£0.56/10g;Spices;null;null;null;null;null;null;null;null;
8495;Schwartz Chillies Whole 11g;£1.40;£1.27/10g;Spices;null;null;null;null;null;null;null;null;
7944;Schwartz Cinnamon Ground 33g;£1.65;£0.50/10g;Spices;null;null;null;null;null;null;null;null;
4774844;Knorr Ginger and Lemongrass Flavour Pot;£1.00;£1.09/100g;Seasoning;null;null;null;null;null;null;null;null;
4774798;Oxo Herbs & More Roast Garlic and Parsley Versatile Flavour Pots;£1.45;£1.81/100g;Seasoning;151;4.4;24.8;9.5;2.7;0.9;4.8;13.75;
4774842;Knorr Paprika Flavour Pot;£1.00;£1.09/100g;Seasoning;null;null;null;null;null;null;null;null;
4774840;Knorr Mexican Flavour Pot;£1.00;£1.09/100g;Seasoning;null;null;null;null;null;null;null;null;
4774846;Knorr Garden Herbs Flavour Pot;£1.00;£1.09/100g;Seasoning;null;null;null;null;null;null;null;null;
4571248;Knorr Mixed Chilli Flavour Pot;£1.00;£1.09/100g;Seasoning;null;null;null;null;null;null;null;null;
4571250;Knorr Garlic Flavour Pot;£1.00;£1.09/100g;Seasoning;null;null;null;null;null;null;null;null;
4571254;Knorr Three Pepper Flavour Pot;£1.00;£1.09/100g;Seasoning;null;null;null;null;null;null;null;null;
4571252;Knorr Curry Flavour Pot;£1.00;£1.09/100g;Seasoning;null;null;null;null;null;null;null;null;
4774796;Oxo Herbs & More Rosemary and Thyme Versatile Flavour Pots;£1.45;£1.81/100g;Seasoning;167;3.1;25.0;9.3;5.1;1.8;4.1;10.60;
4370333;Oxo Shake & Flavour Roast Chicken Seasoning Granules 70g;£1.38;£1.97/100g;Seasoning;null;9.2;49.1;5.5;3.7;1.0;1.2;16.70;
4583528;Oxo Shake & Flavour Tikka Seasoning Granules 70g;£1.38;£1.97/100g;Seasoning;null;5.4;71.0;16.2;6.4;1.7;5.9;3.98;
4583532;Oxo Shake & Flavour Southern Fried Seasoning Granules 70g;£1.38;£1.97/100g;Seasoning;null;5.2;64.6;20.2;8.7;3.8;2.5;9.52;
4583534;Oxo Shake & Flavour Italian Seasoning Granules 70g;£1.38;£1.97/100g;Seasoning;null;4.6;58.7;25.5;7.6;3.1;3.7;13.53;
4583530;Oxo Oxo Shake & Flavour Chinese Seasoning Granules 70g;£1.38;£1.97/100g;Seasoning;null;5.8;64.3;22.2;5.5;2.0;3.3;10.02;
2576253;ASDA Bolognese Pasta Seasoning 107g;£1.42;£0.13/10g;Seasoning;null;null;null;null;null;null;null;null;
3877954;ASDA Chipotle Paste 100g;£1.47;£1.47/100g;Seasoning;null;2.6;27.5;23.6;4.8;0.3;6.2;null;
544294;ASDA Italian Style Seasoning 12g;£0.74;£0.61/10g;Seasoning;null;null;null;null;null;null;null;null;
2576263;ASDA Jerk Seasoning 103g;£1.09;£0.10/10g;Seasoning;null;null;null;null;null;null;null;null;
4374175;ASDA Moroccan Seasoning 85g;£0.98;£0.11/10g;Seasoning;null;11.6;41.6;19.2;4.8;0.7;15.0;14.5;
4374177;ASDA Piri Piri Seasoning 105g;£0.98;£0.9/10g;Seasoning;null;5.3;50.3;30.7;4.2;1.0;8.7;27.8;
2576255;ASDA Chosen By You Cajun Seasoning 108g;£0.97;£0.9/10g;Seasoning;null;9.2;49.2;45.5;9.7;1.0;17.0;6.7;
3877952;ASDA Chosen by You Harissa Paste 95g;£1.47;£1.55/100g;Seasoning;null;2.1;9.3;5.5;4.0;0.3;4.8;null;
4965325;Bart Infusions Chilli Paste 10g;£1.29;£12.90/100g;Seasoning;null;null;null;null;null;null;null;null;
4965323;Bart Infusions Garlic Paste 10g;£1.29;£12.90/100g;Seasoning;null;null;null;null;null;null;null;null;
4965321;Bart Infusions Ginger Paste 10g;£1.29;£12.90/100g;Seasoning;null;null;null;null;null;null;null;null;
4965329;Bart Infusions Green Thai Curry Paste 20g;£1.29;£3.22/100g;Seasoning;null;null;null;null;null;null;null;null;
4965337;Bart Infusions Harissa Paste 20g;£1.29;£3.22/100g;Seasoning;null;null;null;null;null;null;null;null;
4965335;Bart Infusions Massaman Thai Curry Paste 20g;£1.29;£3.22/100g;Seasoning;null;null;null;null;null;null;null;null;
4965331;Bart Infusions Red Thai Curry Paste 20g;£1.29;£3.22/100g;Seasoning;null;null;null;null;null;null;null;null;
3889462;Cornish Sea Salt and Luxury Pepper 60g;£2.35;£0.39/10g;Seasoning;null;null;null;null;null;null;null;null;
3265496;Dunns River All Purpose Seasoning;£0.87;£0.87/100g;Seasoning;null;null;null;null;null;null;null;null;
3761531;Dunns River All Purpose Seasoning 700g;£3.98;£0.56/100g;Seasoning;null;null;null;null;null;null;null;null;
4100144;Flava Piri Piri Marinade 45g;£0.89;£1.98/100g;Seasoning;null;4.4;70.8;36.4;1.4;0.2;3.5;10.7;
1970619;Gia Garlic Puree in Vegetable Oil 90g;£0.72;£8.00/kg;Seasoning;null;null;null;null;null;null;null;null;
2312687;KTC Hot and Spicy Chicken Fry Mix 300g;£1.73;£0.57/100g;Seasoning;null;13.0;58.0;1.0;2.6;0.6;4.4;9.5;
2312683;KTC Original Chicken Fry Mix 300g;£1.73;£0.57/100g;Seasoning;null;12.3;60.5;0.4;1.1;0.3;2.8;11.3;
2303814;KTC Pure Creamed Coconut 200g;£0.76;£0.38/100g;Seasoning;null;null;null;null;null;null;null;null;
891244;Knorr Aromat Seasoning 90g;£0.98;£0.10/10g;Seasoning;null;null;null;null;null;null;null;null;
4370331;OXO Shake & Flavour Garlic & Herb Seasoning 70g;£1.38;£1.97/100g;Seasoning;null;6.3;45.4;7.4;4.7;2.1;1.1;23.93;
551130;Rajah Chicken Seasoning 100g;£0.65;£0.65/100g;Seasoning;null;null;null;null;null;null;null;null;
20649;Rajah Extra Hot Chilli Powder;£0.65;£0.6/10g;Seasoning;null;null;null;null;null;null;null;null;
1146213;Rajah Ground Ginger;£0.65;£0.76/100g;Seasoning;null;null;null;null;null;null;null;null;
551128;Rajah Jerk Seasoning 100g;£0.65;£0.65/100g;Seasoning;null;null;null;null;null;null;null;null;
20669;Rajah Minced Garlic Paste 210g;£1.30;£0.61/100g;Seasoning;null;null;null;null;null;null;null;null;
604358;Schwartz Chicken Seasoning 56g;£1.58;£0.28/10g;Seasoning;null;null;null;null;null;null;null;null;
949882;Schwartz Fajita Seasoning 46g;£1.58;£0.34/10g;Seasoning;null;null;null;null;null;null;null;null;
604357;Schwartz Fish Seasoning 55g;£1.58;£0.28/10g;Seasoning;null;null;null;null;null;null;null;null;
4705675;Schwartz Flavour Shots Spanish Paella 52g;£1.39;£2.67/100g;Seasoning;null;4.8;20.4;4.6;55.0;4.6;null;8.88;
13043;Schwartz Italian Herb Seasoning 11g;£1.65;£1.50/10g;Seasoning;null;null;null;null;null;null;null;null;
13078;Schwartz Italian Herb Seasoning 11g;£1.40;£1.27/10g;Seasoning;null;null;null;null;null;null;null;null;
2271148;Schwartz No Salt Chicken Seasoning 43g;£1.58;£0.36/10g;Seasoning;null;11.7;47.4;23.6;6.3;1.0;null;0.15;
2271150;Schwartz No Salt Season All 37g;£1.58;£0.42/10g;Seasoning;null;11.3;49.7;9.2;4.4;1.5;null;0.18;
604322;Schwartz Perfect Shake Cajun Seasoning 44g;£1.58;£0.35/10g;Seasoning;null;null;null;null;null;null;null;null;
604342;Schwartz Perfect Shake Chinese 5 Spice Seasoning 58g;£1.58;£2.63/10g;Seasoning;null;null;null;null;null;null;null;null;
4579997;Schwartz Perfect Shake Chips Seasoning 55g;£1.68;£0.30/10g;Seasoning;null;6.5;50.1;13.9;5.7;0.94;null;22.25;
604351;Schwartz Perfect Shake Classic BBQ Seasoning 44g;£1.58;£0.35/10g;Seasoning;null;null;null;null;null;null;null;null;
2271138;Schwartz Perfect Shake Extra Spicy Cajun Seasoning 42g;£1.58;£0.37/10g;Seasoning;null;null;null;null;null;null;null;null;
604330;Schwartz Perfect Shake Garlic Italian Seasoning 43g;£1.58;£0.36/10g;Seasoning;null;null;null;null;null;null;null;null;
604323;Schwartz Perfect Shake Jamaican Jerk Seasoning 51g;£1.58;£0.31/10g;Seasoning;null;null;null;null;null;null;null;null;
611019;ASDA Cooking Salt;£1.15;£0.38/kg;Salt;null;null;null;null;null;null;null;null;
11123;ASDA Table Salt 750g;£0.29;£0.38/kg;Salt;null;null;null;null;null;null;null;null;
3402397;Cornish Cornish Sea Salt Original 225g;£1.58;£7.02/kg;Salt;null;null;null;null;null;null;null;null;
1201697;Geo Organic Atlantic Organic Sea Salt 250g;£0.99;£3.96/kg;Salt;null;null;null;null;null;null;null;null;
15596;Lo Salt Reduced Sodium Salt 350g;£1.62;£4.63/kg;Salt;null;0;0;0;0;0;0;null;
5024893;Maldon Sea Salt Flakes 125g;£1.00;£8.00/kg;Salt;null;null;null;null;null;null;null;null;
4305156;Nando's Peri-Peri Salt 70g;£1.98;£2.83/100g;Salt;null;4.5;9.8;1.7;3.8;0.7;null;65.0;
2569327;Saxa Coarse Sea Salt 350g;£0.80;£2.29/kg;Salt;null;null;null;null;null;null;null;null;
2569323;Saxa Fine Sea Salt 350g;£0.80;£2.29/kg;Salt;null;null;null;null;null;null;null;null;
2551854;Saxa Fine Sea Salt 65g;£0.42;£6.46/kg;Salt;null;null;null;null;null;null;null;null;
2569325;Saxa Rock Salt 350g;£0.98;£2.80/kg;Salt;null;null;null;null;null;null;null;null;
21454;Saxa Table Salt 750g;£0.80;£1.07/kg;Salt;null;null;null;null;null;null;null;null;
2551856;Saxa Table Salt 70g;£0.39;£5.57/kg;Salt;null;null;null;null;null;null;null;null;
4374518;Schwartz Adjustable Grinder Sea Salt;£3.00;£50.00/kg;Salt;null;null;null;null;null;null;null;null;
4374522;Schwartz Sea Salt;£1.49;£7.45/kg;Salt;null;null;null;null;null;null;null;null;
4953128;Tidmans Natural Rock Salt 500g;£1.00;£2.00/kg;Salt;null;null;null;null;null;null;null;null;
2273664;ASDA Coarse Ground Black Pepper 100g;£1.93;£0.19/10g;Pepper;null;null;null;null;null;null;null;null;
589495;ASDA Ground Black Pepper 25g;£0.62;£0.24/10g;Pepper;null;null;null;null;null;null;null;null;
544269;ASDA Ground Black Pepper 104g;£1.28;£0.12/10g;Pepper;null;null;null;null;null;null;null;null;
589497;ASDA Ground White Pepper 25g;£0.71;£0.28/10g;Pepper;null;null;null;null;null;null;null;null;
544270;ASDA Ground White Pepper 105g;£2.47;£0.23/10g;Pepper;null;null;null;null;null;null;null;null;
2273666;ASDA Whole Black Pepper Mill 50g;£1.98;£0.39/10g;Pepper;null;null;null;null;null;null;null;null;
544271;ASDA Whole Black Peppercorns 106g;£2.10;£0.19/10g;Pepper;null;null;null;null;null;null;null;null;
2569199;ASDA Whole Black Peppercorns 200g;£2.38;£0.11/10g;Pepper;null;null;null;null;null;null;null;null;
2273692;ASDA Organic Ground Black Pepper 40g;£1.48;£0.37/10g;Pepper;null;null;null;null;null;null;null;null;
2273700;ASDA Organic Whole Black Pepper 50g;£1.48;£0.29/10g;Pepper;null;null;null;null;null;null;null;null;
642129;ASDA SmartPrice Black Pepper 25g;£0.29;£0.11/10g;Pepper;null;null;null;null;null;null;null;null;
891641;Fiddes Payne Rainbow Peppercorns 49g;£1.98;£0.40/10g;Pepper;null;null;null;null;null;null;null;null;
1352762;Saxa Ground Black Pepper 25g;£0.64;£0.25/10g;Pepper;null;null;null;null;null;null;null;null;
1352764;Saxa Ground White Pepper 25g;£0.64;£0.25/10g;Pepper;null;null;null;null;null;null;null;null;
4374520;Schwartz Adjustable Grinder Black Peppercorns;£3.00;£0.85/10g;Pepper;null;null;null;null;null;null;null;null;
13065;Schwartz Black Pepper Ground 33g;£2.21;£0.67/10g;Pepper;null;null;null;null;null;null;null;null;
13086;Schwartz Black Pepper Ground 33g;£2.10;£0.63/10g;Pepper;null;null;null;null;null;null;null;null;
4374524;Schwartz Black Peppercorns;£2.76;£0.32/10g;Pepper;null;null;null;null;null;null;null;null;
13066;Schwartz Black Peppercorns 35g;£2.20;£0.62/10g;Pepper;null;null;null;null;null;null;null;null;
13094;Schwartz Black Peppercorns Refill 35g;£1.99;£0.56/10g;Pepper;null;null;null;null;null;null;null;null;
1518218;Schwartz Brazilian Black Peppercorns 84g;£3.97;£0.47/10g;Pepper;null;null;null;null;null;null;null;null;
1518212;Schwartz Brazilian Black Peppercorns Mill 42g;£5.38;£1.28/10g;Pepper;null;null;null;null;null;null;null;null;
13037;Schwartz Coarse Black Pepper 33g;£2.20;£0.66/10g;Pepper;null;null;null;null;null;null;null;null;
18702;Schwartz Coarse Black Pepper 33g;£2.10;£0.63/10g;Pepper;null;null;null;null;null;null;null;null;
19571;Schwartz Lemon Pepper Seasoning 55g;£2.00;£0.36/10g;Pepper;null;null;null;null;null;null;null;null;
13036;Schwartz White Pepper Ground 34g;£2.21;£0.65/10g;Pepper;null;null;null;null;null;null;null;null;
3064498;TRS Ground Black Pepper 100g;£1.30;£1.30/100g;Pepper;null;null;null;null;null;null;null;null;
3405071;Brown & Polson Original Patent Cornflour 500g;£1.50;£3.00/kg;Baking Ingredients;null;0.6;83.6;null;0.7;null;null;null;
4020082;Dr. Oetker Baking Powder 170g;£1.29;£7.59/kg;Baking Ingredients;null;null;null;null;null;null;null;null;
4360634;Lyle's Golden Syrup Baking Squeezy Bottle 600g;£1.89;£0.31/100g;Baking Ingredients;null;0.5;77.5;77.5;0;0;null;0.8;
1712696;Asda Lemon Juice from Concentrate;£0.60;£0.24/100ml;Baking Ingredients;null;0.3;1.0;1.0;0.1;null;0.1;null;
4419287;Asda Extra Special Vanilla Bean Extract;£1.14;£2.28/100ml;Baking Ingredients;null;0.7;2.0;0.3;0.5;0.4;0.5;null;
4109573;Asda Chosen By You Golden Syrup 680g;£1.29;£1.90/kg;Baking Ingredients;null;null;86.2;83.7;1.0;0.5;null;0.1;
3035755;Atora The Original Shredded Suet 200g;£1.09;£5.45/kg;Baking Ingredients;null;null;null;null;null;null;null;null;
4020084;Dr. Oetker Bicarbonate of Soda 200g;£1.29;£6.45/kg;Baking Ingredients;null;null;null;null;null;null;null;null;
2576247;ASDA Breadcrumbs 150g;£1.00;£0.66/100g;Baking Ingredients;null;11.7;72.5;3.7;1.2;0.2;5.0;2.3;
971345;Golden Fry Original Farmhouse Style Dumplings Mix 142g;£0.49;£3.45/kg;Baking Ingredients;null;null;null;null;null;null;null;null;
4020092;Dr. Oetker Cream of Tartar 5g;£1.09;£3.63/100g;Baking Ingredients;null;null;null;null;null;null;null;null;
3035757;Atora Vegetable Shredded Suet 200g;£1.09;£5.45/kg;Baking Ingredients;null;null;null;null;null;null;null;null;
3643594;Allinson Easy Bake Yeast 100g;£0.98;£9.80/kg;Baking Ingredients;null;null;null;null;null;null;null;null;
3778294;Jif Squeezy Lemon Juice;£0.50;£0.90/100ml;Baking Ingredients;null;0.5;2.0;2.0;null;null;0.1;0.25;
1712698;Asda Lime Juice from Concentrate;£0.50;£0.20/100ml;Baking Ingredients;null;0.3;0.3;0.3;0.1;null;0.1;null;
2519150;Allinson Easy Bake Yeast 2 Sachets 14g;£0.28;£20.00/kg;Baking Ingredients;null;null;null;null;null;null;null;null;
3643592;Asda Home Baking Easy Bake Yeast 6 Sachets 7g;£0.65;£15.48/kg;Baking Ingredients;382;47.8;34.4;null;5.7;4.7;0.9;null;
2519148;Allinson Dried Active Yeast 125g;£0.64;£5.12/kg;Baking Ingredients;null;null;null;null;null;null;null;null;
4020088;Dr. Oetker Bicarbonate of Soda 7g;£1.09;£25.95/kg;Baking Ingredients;null;null;null;null;null;null;null;null;
3756220;Doves Farm Gluten Free & Organic Baking Powder 130g;£1.50;£1.15/100g;Baking Ingredients;null;null;null;null;null;null;null;null;
3939763;Whitworths Desiccated Coconut 200g;£1.98;£0.99/100g;Baking Ingredients;632;5.6;6.1;6.1;62.0;53.4;13.7;0.1;
4360670;Nielsen-Massey Madagascar Bourbon Vanilla Bean Paste;£5.99;£5.08/100ml;Baking Ingredients;null;null;null;null;null;null;null;null;
4419289;Asda Extra Special French Almond Extract;£1.14;£2.28/100ml;Baking Ingredients;null;0.2;7.8;0.1;91.9;6.3;0.5;null;
4366977;ASDA Chosen By You Cake Decorations Mixed Hearts;£0.77;£1.40/100g;Baking Ingredients;null;2.8;87.0;48.2;5.9;4.5;0.9;null;
4511372;Natural Selection Sweetened Banana Chips;£1.00;£0.66/100g;Baking Ingredients;null;1.0;59.9;20.9;31.4;13.6;1.1;0.1;
4242121;Isabels Free From Yorkshire Pudding Mix 100g;£2.00;£2.00/100g;Baking Ingredients;null;0.3;89.5;0.0;0.1;0.0;0.0;1.5;
4020086;Dr. Oetker Baking Powder Sachets 5g;£1.09;£3.63/100g;Baking Ingredients;null;null;null;null;null;null;null;null;
4360680;Nielsen-Massey Gourmet Vanilla Pods;£4.49;£4.49/each;Baking Ingredients;null;null;null;null;null;null;null;null;
2039099;KTC Lemon Juice;£0.50;£0.20/100ml;Baking Ingredients;null;0.4;2.0;2.0;0;null;0.5;null;
4366979;ASDA Chosen By You Cake Decorations Silver Balls;£0.77;£1.10/100g;Baking Ingredients;null;0.1;97.2;79.5;0.4;0.3;0.5;null;
3194821;Asda Glycerine;£0.89;£2.34/100ml;Baking Ingredients;null;null;null;null;null;null;null;null;
4413024;Dr. Oetker Milk Chocolate Chunks 100g;£1.29;£1.29/100g;Baking Ingredients;null;null;null;null;null;null;null;null;
4539511;Disney Princess Ready to Bake Cookie Kit 192g;£1.48;£0.77/100g;Baking Ingredients;null;4.1;63.8;21.2;24.3;11.9;null;0.6;
4413028;Dr. Oetker White Chocolate Chunks 100g;£1.29;£1.29/100g;Baking Ingredients;null;null;null;null;null;null;null;null;
4257613;Hale & Heartly Bread Crumbs 250g;£2.50;£1.00/100g;Baking Ingredients;null;4.5;72.1;1.2;6.9;1.0;6.1;null;
4698430;ASDA Arrowroot Powder 125g;£0.75;£0.60/100g;Baking Ingredients;null;0.5;97.0;null;0.2;0.1;null;1.3;
4698428;ASDA Baking Powder 170g;£0.75;£0.44/100g;Baking Ingredients;null;0.7;6.1;0.1;0.6;null;0.2;47.5;
4698432;ASDA Bicarbonate Of Soda 200g;£0.75;£0.37/100g;Baking Ingredients;null;5.7;34.3;null;null;null;null;29.5;
3900054;ASDA Vanilla Pods;£1.48;£0.74/each;Baking Ingredients;null;null;null;null;null;null;null;null;
4721981;Asda Chosen by You Mixed Grain & Seed Bread Mix 500g;£0.75;£1.50/kg;Baking Ingredients;230;8.9;44.0;3.6;1.1;0.1;4.1;1.0;
4721979;Asda Chosen by You Red Onion & Rosemary Focaccia Bread Mix 300g;£0.75;£2.50/kg;Baking Ingredients;234;8.7;41.4;3.5;3.0;0.5;3.2;1.0;
4698732;Billington Glacé Cherries 200g;£2.50;£1.25/100g;Baking Ingredients;null;0.5;75;56;0.5;0.1;null;0.03;
4731358;Nature's Finest Pie Perfection Morello Cherry Fruit Filling 370g;£1.65;£0.44/100g;Baking Ingredients;null;0.46;27.0;26.9;0.11;null;0.48;null;
4020054;Betty Crocker Red Velvet Cake Mix 450g;£2.25;£5.00/kg;Cake & Sweet Mixes;419;5.2;76.3;49.4;9.8;5.2;2.2;1.3;
3626990;Betty Crocker Milk Chocolate Layer Cake Mix 500g;£2.25;£4.50/kg;Cake & Sweet Mixes;404;5.3;72.9;48.0;9.9;5.3;1.1;2.0;
1488516;Betty Crocker Carrot Cake Mix 500g;£2.25;£4.50/kg;Cake & Sweet Mixes;390;4.4;77.0;46.1;6.6;3.5;2.7;1.3;
4020052;Betty Crocker Classic Vanilla Cake Mix 450g;£2.25;£5.00/kg;Cake & Sweet Mixes;411;5.1;79.3;47.1;7.8;4.1;1.4;1.6;
1488496;Betty Crocker Devil's Food Cake Mix 500g;£2.25;£4.50/kg;Cake & Sweet Mixes;null;4.9;74.4;46.3;10.2;5.5;3.4;2.0;
1871939;Betty Crocker Chocolate Swirl Cake Mix 500g;£2.25;£4.50/kg;Cake & Sweet Mixes;400;4.6;77.5;47.4;7.5;4.0;2.2;1.2;
4360648;Betty Crocker Chocolate & Orange Swirl Cake Mix 435g;£2.25;£5.17/kg;Cake & Sweet Mixes;411;5.6;78.8;47.0;7.6;4.0;2.7;1.4;
4360652;Betty Crocker Red Velvet Cake Mix 297g;£2.25;£7.58/kg;Cake & Sweet Mixes;410;3.2;84.1;67.7;6.4;3.4;1.5;0.9;
3662657;Betty Crocker Devil's Food Cupcake Mix 301g;£2.25;£7.48/kg;Cake & Sweet Mixes;402;3.9;79.3;62.1;7.0;3.9;3.1;1.5;
3453212;Betty Crocker Sunny Lemon Cupcake Mix 303g;£2.25;£7.43/kg;Cake & Sweet Mixes;402;2.7;84.5;66.3;5.7;3.1;0.7;0.9;
1649775;Betty Crocker Chocolate Chip Cookie Mix 200g;£1.35;£6.75/kg;Cake & Sweet Mixes;null;5.2;65.2;43.5;20.9;10.9;1.8;1.0;
4020060;Betty Crocker Caramel Cupcake Mix 302g;£2.25;£7.45/kg;Cake & Sweet Mixes;404;2.8;84.7;66.6;5.8;3.1;0.9;0.9;
572489;Betty Crocker Chocolate Fudge Brownie Mix 415g;£2.25;£5.42/kg;Cake & Sweet Mixes;409;4.4;83.3;61.2;5.7;2.9;3.4;0.9;
3626982;Betty Crocker Chewy Chocolate Chunk Brownie Mix 415g;£2.25;£5.42/kg;Cake & Sweet Mixes;415;4.8;80.8;59.8;7.2;3.8;3.8;0.6;
4991425;Dr Oetker Surprise Inside Cupcake Centres Rich Chocolate 140g;£1.99;£14.21/kg;Cake & Sweet Mixes;null;null;null;null;null;null;null;null;
4991427;Dr Oetker Surprise Inside Cupcake Centres Salted Caramel 140g;£1.99;£14.21/kg;Cake & Sweet Mixes;null;null;null;null;null;null;null;null;
4991429;Dr Oetker Surprise Inside Cupcake Centres Zingy Lemon 140g;£1.99;£14.21/kg;Cake & Sweet Mixes;null;null;null;null;null;null;null;null;
4722013;Thorntons Chocolate Brownie 290g;£2.49;£8.59/kg;Cake & Sweet Mixes;null;4.8;57.2;46.6;18.2;10.3;2.8;0.36;
4721989;Minions Despicable Me Make Your Own Minion Cupcakes 225g;£1.00;£4.44/kg;Cake & Sweet Mixes;315;3.9;59.5;46.2;6.6;2.6;0.8;0.41;
4698444;ASDA Chosen By You Animal Mallow- Pop Kit 190g;£2.00;£1.05/100g;Cake & Sweet Mixes;null;2.7;84.6;68.1;0.7;0.4;0.4;0.1;
4722015;Thorntons Mini Chocolate Tortes 240g;£2.49;£10.38/kg;Cake & Sweet Mixes;null;4.6;39.3;36.2;30.3;17.8;4.1;0.09;
4722023;Thorntons Triple Chocolate Dessert Mix 185g;£2.49;£13.46/kg;Cake & Sweet Mixes;null;4.2;36.4;15.9;31.7;17.1;2.3;0.06;
4722019;Thorntons Marbled Cheesecake Mix 300g;£2.49;£8.30/kg;Cake & Sweet Mixes;365;5.2;33.4;19.3;22.8;12.7;2.5;0.48;
4722021;Thorntons Chocolate Mousse Mix 150g;£2.49;£16.60/kg;Cake & Sweet Mixes;null;3.1;27.9;22.3;27.5;16.3;1.1;0.09;
4722011;Thorntons Thorntons Chocolate Cake Mix 530g;£2.49;£4.70/kg;Cake & Sweet Mixes;null;6.2;43.0;24.3;18.5;4.8;2.3;0.06;
4698442;ASDA Chosen By You Cake Pop Kit 250g;£2.00;£0.80/100g;Cake & Sweet Mixes;null;2.8;65.4;48.5;21.9;14.5;0.8;0.4;
4721963;ASDA Asda Chosen By You Chocolate Sponge Mix 400g;£1.00;£2.50/kg;Cake & Sweet Mixes;309;6.3;49.4;24.8;9.0;3.7;2.4;0.4;
4721967;ASDA Asda Chosen By You Red Velvet Sponge Mix 400g;£1.00;£2.50/kg;Cake & Sweet Mixes;320;5.2;51.0;27.6;10.2;4.1;1.8;0.1;
4721969;ASDA Asda Chosen by You Lemon Flavour Sponge Mix 400g 400g;£1.00;£2.50/kg;Cake & Sweet Mixes;325;5.7;50.7;29.3;10.7;4.5;1.4;0.1;
4721965;ASDA Asda Chosen By You Vanilla Flavour Sponge Mix 400g;£1.00;£2.50/kg;Cake & Sweet Mixes;327;5.7;50.7;30.6;10.9;4.5;1.8;0.1;
4704288;ASDA Chosen By You Meringue Mix 150g;£1.00;£0.66/100g;Cake & Sweet Mixes;376;1.6;91.3;87.8;0.4;0.1;0.6;0.1;
4704290;Asda Chosen by You Strawberry Flavour Meringue Mix 150g;£1.00;£0.66/100g;Cake & Sweet Mixes;380;1.8;91.7;89.4;0.5;0.1;0.5;0.1;
4704894;Greens One Direction Cupcake Mix;£2.00;£0.67/100g;Cake & Sweet Mixes;null;3.37;58.2;44.9;17.8;9.80;null;0.65;
4726017;Disney Marvel Ultimate Spider-Man Cup Cake Kit;£1.00;£0.55/100g;Cake & Sweet Mixes;334;2.4;71.7;51.7;3.9;2.1;1.3;0.7;
4726015;Disney Marvel Ultimate Spider-Man Cookie Kit 229g;£1.50;£0.65/100g;Cake & Sweet Mixes;null;3.2;79.4;56.8;8.8;3.6;2.2;0.1;
4726027;Disney Minnie Mouse Cup Cake Kit;£1.00;£0.55/100g;Cake & Sweet Mixes;334;2.4;71.7;51.7;3.9;2.1;1.3;0.7;
4726025;Disney Minnie Mouse Mallow Pops Kit 150g;£1.50;£1.00/100g;Cake & Sweet Mixes;null;2.5;73.3;66.8;0.7;0.6;0.5;0.0;
4726031;Disney Princess Carriage Cup Cake Kit 196g;£1.50;£0.76/100g;Cake & Sweet Mixes;89;1.0;13.9;11.1;3.2;1.8;0.2;0.1;
4726033;Disney Princess Easy Squeezy Pink Sparkly Icing 180g;£1.50;£0.83/100g;Cake & Sweet Mixes;null;0.1;67.3;67.3;15.0;7.3;2.9;0.5;
4751162;Betty Crocker Chocolate Chunk Muffin Mix With Cases 335g;£2.25;£6.72/kg;Cake & Sweet Mixes;421;6.4;71.0;45.4;11.7;6.5;3.1;1.82;
4414462;Betty Crocker Vanilla Cupcake Mix 303g;£2.25;£7.43/kg;Cake & Sweet Mixes;408;3.2;85.8;66.7;5.6;3.1;0.8;0.94;
4704904;Greens Mini Daisy Cakes Kit 250g;£1.89;£0.75/100g;Cake & Sweet Mixes;361;3.2;75.2;65.1;5.1;2.2;null;0.3;
4704892;Greens Teenage Mutant Ninja Turtles Turtle-Tastic Cake Kit;£1.00;£0.46/100g;Cake & Sweet Mixes;null;3.85;68.1;58.0;5.5;2.31;null;0.43;
4704898;Greens Rainbow Cake Kit 473g;£2.49;£0.52/100g;Cake & Sweet Mixes;390;4.19;58.1;36.0;15.5;8.26;null;0.39;
3629295;McDougalls Crumble Mix 450g;£0.99;£2.20/kg;Cake & Sweet Mixes;null;5.2;67.5;29.4;16.9;6.9;1.8;0.50;
3629297;McDougalls Shortcrust Pastry Mix 450g;£0.98;£2.18/kg;Cake & Sweet Mixes;null;6.8;52.5;1.1;23.4;9.9;2.4;null;
4721987;Postman Pat Vanilla Cup Cake Mix;£1.00;£5.00/kg;Cake & Sweet Mixes;null;4.5;62.2;46.4;8.6;2.9;0.6;null;
3848816;Peppa Pig Muddy Puddle Cup Cake Kit;£1.00;£0.51/100g;Cake & Sweet Mixes;null;4.4;58.5;41.4;9.0;3.1;0.6;0.5;
4357973;Disney Pixar Monsters University Cup Cake Kit;£1.00;£0.55/100g;Cake & Sweet Mixes;73;0.5;15.8;11.4;0.9;0.5;0.3;0.2;
4473460;Greens Barbie Doll'icious Cupcake Kit;£1.00;£3.94/kg;Cake & Sweet Mixes;413;3.2;63.7;49.1;16.0;9.1;1.0;0.35;
4539513;Disney Pixar Toy Story Ready to Bake Cookie Kit 192g;£1.48;£0.77/100g;Cake & Sweet Mixes;null;4.8;59.3;23.6;23.7;11.6;null;0.63;
4473454;Greens Tom and Jerry Best of Buddies Cake Kit;£1.00;£4.48/kg;Cake & Sweet Mixes;343;4.1;68.4;54.7;5.6;2.5;1.6;0.46;
4473456;Greens Thomas & Friends Thomas' No. 1 Cake Kit;£1.00;£4.48/kg;Cake & Sweet Mixes;343;4.11;68.4;54.7;5.6;2.47;1.6;0.46;
4473462;Greens Hello Kitty Cute Cupcake Kit;£1.00;£3.97/kg;Cake & Sweet Mixes;405;3.1;61.1;51.8;16.0;9.1;2.2;0.35;
4473464;Greens Moshi Monsters Monster Fun Cake Kit;£1.00;£3.80/kg;Cake & Sweet Mixes;413;3.2;63.7;49.1;16.0;9.1;1.0;0.35;
4473458;Greens Dora the Explorer Bake with Dora Cake Kit;£1.00;£4.48/kg;Cake & Sweet Mixes;343;4.1;68.4;54.7;5.6;2.5;1.6;0.46;
3273255;Disney Pixar Toy Story Cup Cake Kit;£1.00;£5.52/kg;Cake & Sweet Mixes;73;0.5;15.8;11.4;0.9;0.5;0.3;0.2;
4539511;Disney Princess Ready to Bake Cookie Kit 192g;£1.48;£0.77/100g;Cake & Sweet Mixes;null;4.1;63.8;21.2;24.3;11.9;null;0.6;
4704896;Greens Mister Maker Cake Kit;£2.00;£0.55/100g;Cake & Sweet Mixes;null;11.0;67.8;66.4;6.0;2.64;null;0.3;
4704902;Greens Chocolate Gooey Buns Kit 394g;£1.89;£0.48/100g;Cake & Sweet Mixes;345;3.40;55.2;30.0;11.7;5.06;null;0.77;
11118;ASDA Self Raising Flour;£0.80;£0.53/kg;Flour;null;9.9;69.4;1.5;1.3;0.2;3.0;0.7;
11120;ASDA Plain Flour;£0.80;£0.53/kg;Flour;null;10.0;70.4;1.5;1.3;0.2;3.1;null;
16323;ASDA Strong White Bread Flour;£0.80;£0.53/kg;Flour;null;12.6;68.5;1.4;1.4;0.2;3.1;null;
2519136;Allinson Strong White Bread Flour;£2.00;£0.66/kg;Flour;null;null;null;null;null;null;null;null;
17454;Homepride Self Raising Flour;£1.49;£1.49/kg;Flour;null;9.4;68.3;19.4;1.3;0.3;4.3;1.17;
11121;ASDA Plain Flour 500g;£0.40;£0.80/kg;Flour;null;10.0;70.4;1.5;1.3;0.2;3.1;null;
931980;Allinson Strong White Bread Flour;£1.70;£1.13/kg;Flour;null;12;70;0;1.7;0.3;3.3;0.03;
17455;Homepride Plain Flour;£1.49;£1.49/kg;Flour;null;9.0;70.3;6.8;1.4;0.2;4.8;0.025;
3616248;ASDA Chosen By You Home Baking Pizza Base Mix 290g;£0.70;£2.41/kg;Flour;316;11.4;59.4;2.4;3.1;1.4;2.2;0.8;
4388770;Elephant Atta Medium Chapatti Flour;£7.48;£7.48/kg;Flour;null;12;65;2.0;1.9;0.3;7.1;0.0125;
11119;ASDA Self Raising Flour 500g;£0.40;£0.80/kg;Flour;null;9.9;69.4;1.5;1.3;0.2;3.0;0.7;
3535320;ASDA Chosen By You Gluten Free Plain Flour;£1.65;£1.65/kg;Flour;null;4.5;79.2;0.2;0.9;0.2;0.9;null;
2519140;Allinson Wholemeal Very Strong Bread Flour;£1.25;£0.83/kg;Flour;null;13;59;0.7;2.5;0.5;11;0.03;
2655572;ASDA Wholemeal Bread Flour;£1.00;£0.66/kg;Flour;null;13.8;60.5;2.1;2.2;0.3;9.0;null;
477268;McDougalls Self Raising Flour 500g;£0.78;£1.56/kg;Flour;null;9.9;67.9;1.3;1.4;0.2;3.0;0.75;
8739;McDougalls Supreme Sponge Premium Self Raising Flour;£1.78;£1.78/kg;Flour;null;8.0;76.7;1.5;1.4;0.2;1.1;null;
2298230;Hovis White Bread Mix 495g;£0.98;£1.98/kg;Flour;239;8.2;46.0;2.5;1.8;0.5;3.1;0.75;
3535322;ASDA Chosen By You Gluten Free Self Raising Flour;£1.50;£1.50/kg;Flour;null;4.2;79.5;0.3;0.9;0.2;1.5;1.0;
2694108;Paxo Golden Breadcrumbs 227g;£0.98;£4.32/kg;Flour;248;8.1;51.5;1.1;1.1;0.2;2.4;null;
477426;McDougalls Plain Flour 500g;£0.78;£1.56/kg;Flour;null;10.4;70.1;1.4;1.3;0.2;3.2;0;
3616282;ASDA Smartprice Batter Mix 128g;£0.15;£1.17/kg;Flour;262;7.1;34.9;1.7;10.2;0.9;1.1;0.8;
4588336;McDougalls Self Raising Flour;£1.42;£1.14/kg;Flour;null;9.9;67.9;1.3;1.4;0.2;3.0;0.75;
3628029;Aunt Bessie's Yorkshire Pudding Mix 128g;£0.98;£7.66/kg;Flour;305;8.8;33.1;1.5;15.6;1.1;1.4;0.58;
2655578;ASDA Chosen By You Home Baking White Bread Mix 500g;£0.80;£1.60/kg;Flour;null;7.9;43.0;5.5;0.3;0.1;3.5;1.0;
477435;Bero Plain Flour 500g;£0.79;£1.58/kg;Flour;null;10.4;70.1;1.4;1.3;0.2;3.2;null;
2298252;Hovis Granary Bread Mix 495g;£0.98;£1.98/kg;Flour;229;8.7;40.9;2.2;2.5;0.7;4.2;0.75;
2655570;ASDA Brown Bread Flour;£1.00;£0.66/kg;Flour;null;13.8;62.3;1.7;2.0;0.3;6.4;null;
4588334;McDougalls Plain Flour;£1.42;£1.14/kg;Flour;null;10.4;70.1;1.4;1.3;0.2;3.2;0;
3251831;McDougalls Premium Plain Flour;£1.78;£1.78/kg;Flour;null;11.0;69.3;1.3;1.4;0.2;3.1;null;
2519156;Allinson Wholemeal Self Raising Flour;£2.08;£1.39/kg;Flour;null;null;null;null;null;null;null;null;
3387558;Paxo Natural Breadcrumbs 227g;£1.05;£4.63/kg;Flour;247;8.1;51.4;1.1;1.0;0.1;2.3;null;
2519152;Allinson Wholemeal Plain Wholemeal Four;£2.08;£1.39/kg;Flour;null;12;65;0.8;2.6;0.5;10;0.03;
477272;Bero Self Raising Flour 500g;£0.79;£1.58/kg;Flour;null;9.9;67.9;1.3;1.4;0.2;3.0;null;
3616284;ASDA Chosen By You Home Baking Batter Mix 256g;£0.45;£1.76/kg;Flour;165;8.1;25.4;0.9;3.0;0.7;2.1;0.5;
2519142;Allinson Seed & Grain White Fine Flour;£1.20;£1.20/kg;Flour;null;11.5;66.7;1.4;2.3;0.4;5.2;null;
2519138;Allinson Very Strong Bread Flour;£1.25;£0.83/kg;Flour;null;14;67;0.2;2.1;0.4;3.6;0.03;
3219525;Allinson Self-Raising White Flour;£1.18;£1.18/kg;Flour;null;9.8;73;0.5;1.6;0.3;3.2;0.66;
2655566;ASDA Organic Self Raising Flour;£1.26;£1.26/kg;Flour;null;11.3;68.9;1.3;1.2;0.2;3.1;0.9;
2655582;ASDA Chosen By You Home Baking Wholemeal Bread Mix 500g;£0.80;£1.60/kg;Flour;null;9.6;37.5;4.4;0.6;0.2;6.5;1.0;
3219529;Allinson Plain White Flour;£1.18;£1.18/kg;Flour;null;9.9;74;0;1.7;0.3;3.8;0.03;
3573446;Isabels Gluten Free Pizza Base Mix 300g;£2.68;£0.89/100g;Flour;null;0.4;93.8;2.3;0.1;0.0;null;0.5;
3643590;Allinson Wholemeal Seed & Grain Bread Flour;£1.38;£1.38/kg;Flour;null;null;null;null;null;null;null;null;
2655564;ASDA Organic Plain Flour;£1.26;£1.26/kg;Flour;null;11.6;72.1;3.5;0.4;0.1;3.4;null;
4588340;Bero Self Raising Flour;£1.42;£1.14/kg;Flour;null;9.9;67.9;1.3;1.4;0.2;3.0;0.75;
2655576;ASDA Rye Flour;£1.56;£1.56/kg;Flour;null;8.2;75.9;2.1;2.0;0.3;11.7;0.2;
2655580;ASDA Chosen By You Home Baking Ciabatta Bread Mix 500g;£0.80;£1.60/kg;Flour;null;10.4;40.3;1.9;2.8;0.5;3.3;0.6;
4147621;Isabels Gluten Free Xanthan Gum 100g;£2.50;£2.50/100g;Flour;null;null;null;null;null;null;null;null;
2655568;ASDA Organic White Bread Flour;£1.36;£1.36/kg;Flour;null;13.3;69.0;2.4;0.4;null;3.6;0.6;
1955707;Doves Farm Gluten Free White Bread Flour;£1.68;£1.68/kg;Flour;null;4.8;79.9;0.1;0.7;0.2;1.1;0.13;
2039097;KTC Superfine Gram Flour;£2.50;£1.25/kg;Flour;null;22.16;60.3;null;5.3;null;null;null;
4579523;Helen's Brilliant Bread Mix 240g;£2.50;£10.42/kg;Flour;null;5.6;38.0;1.1;6.2;0.8;4.0;1.0;
3573448;Isabels Gluten Free Dough Balls Mix 250g;£2.68;£1.07/100g;Flour;null;2.3;85.5;2.0;0.5;0.0;null;1.8;
3265508;Island Sun Farina Potato Starch 500g;£0.38;£0.7/100g;Flour;null;null;null;null;null;null;null;null;
4579525;Helen's Brilliant Sandwich Bread Mix 250g;£2.50;£8.33/kg;Flour;null;3.2;42.9;0.5;6.8;0.8;4.5;1.0;
4588338;Bero Plain Flour;£1.42;£1.14/kg;Flour;null;10.4;70.1;1.4;1.3;0.2;3.2;0;
22645;ASDA Smartprice Self Raising Flour;£0.45;£0.30/kg;Flour;null;10.0;74.6;1.6;0.4;null;3.0;0.7;
22646;ASDA Smartprice White Plain Flour;£0.45;£0.30/kg;Flour;null;10.1;74.3;2.9;0.5;null;3.2;0.1;
4698446;ASDA Cornflour 250g;£0.75;£0.30/100g;Flour;null;0.5;87.5;null;0.6;null;null;0.2;
3145638;Whitworths Banana Chips 175g;£1.88;£1.07/100g;Dried Fruit & Peel;null;1.9;60.5;14.6;29.7;25.4;3.4;null;
5003116;Whitworths Banana Chips 18g;£0.45;£25.00/kg;Dried Fruit & Peel;524;1.9;60.5;14.6;29.7;25.4;3.4;null;
5003110;Whitworths Pineapple 25g;£0.45;£18.00/kg;Dried Fruit & Peel;350;0.4;86.3;85.4;0.2;0.1;0.5;0.5;
5003108;Whitworths Raisins 30g;£0.45;£15.00/kg;Dried Fruit & Peel;293;2.1;69.3;null;0.4;0.1;2.0;0.2;
4483604;Whitworths Soft Prunes 200g;£1.98;£0.99/100g;Dried Fruit & Peel;null;2.5;33.8;null;0.4;0.1;5.7;null;
3217120;Whitworths Soft Figs 175g;£1.98;£1.13/100g;Dried Fruit & Peel;null;3.3;48.4;null;1.5;0.5;6.9;0.1;
3616264;Whitworths Juicy Mixed Fruit 350g;£1.98;£0.56/100g;Dried Fruit & Peel;null;2.4;70.0;57.3;0.6;0.3;0.5;0.1;
3939765;Whitworths Ground Almonds 150g;£1.98;£1.32/100g;Dried Fruit & Peel;645;25.5;6.5;4.0;55.8;4.4;7.4;null;
3616266;Whitworths Juicy Currants 350g;£1.98;£0.56/100g;Dried Fruit & Peel;null;2.3;67.7;null;0.4;0.1;1.9;null;
3939775;Whitworths Cranberries 150g;£1.89;£1.26/100g;Dried Fruit & Peel;null;0.1;76.7;65.0;1.4;0.1;5.7;null;
5006614;Whitworths Cranberries 25g;£0.45;£18.00/kg;Dried Fruit & Peel;331;0.1;76.7;65.0;1.4;0.1;5.7;null;
3217114;Whitworths Fruit 200g;£1.98;£0.99/100g;Dried Fruit & Peel;115;2.5;11.2;9.3;6.2;1.0;1.9;null;
3939779;Whitworths Fruit, Nut & Seed Mix 200g;£1.98;£0.99/100g;Dried Fruit & Peel;481;13.0;40.0;29.2;28.6;3.3;5.9;null;
4483598;Whitworths Juicy Raisins 325g;£1.98;£0.60/100g;Dried Fruit & Peel;null;2.1;69.3;null;0.4;0.1;2.0;0.1;
4483600;Whitworths Juicy Sultanas 325g;£1.98;£0.60/100g;Dried Fruit & Peel;null;2.7;69.5;null;0.4;null;2.0;null;
3883728;Whitworths Stoned Dates 375g;£1.98;£0.52/100g;Dried Fruit & Peel;90;1.0;20.4;20.4;0.1;0.1;1.2;null;
4414404;Whitworths Breakfast Vanilla Prunes 140g;£1.99;£1.42/100g;Dried Fruit & Peel;160;2.5;33.8;null;0.4;0.1;5.7;null;
4414402;Whitworths Breakfast Honey Apricots 140g;£1.99;£1.42/100g;Dried Fruit & Peel;null;4.0;36.0;36.0;0.6;0.2;6.3;null;
4414392;Whitworths Morning Munch Cinnamon Apple 70g;£1.98;£2.83/100g;Dried Fruit & Peel;502;10.1;42.4;34.9;31.5;7.1;4.1;0.1;
4414384;Whitworths Morning Munch Honey Nuts 65g;£1.98;£3.05/100g;Dried Fruit & Peel;502;7.1;48.9;40.3;30.1;11.2;3.4;0.1;
4414388;Whitworths Morning Munch Red Berry Crunch 70g;£1.98;£2.83/100g;Dried Fruit & Peel;429;5.1;60.1;49.0;18.0;7.5;3.0;0.1;
4414382;Whitworths Morning Munch Strawberry & Banana 70g;£1.98;£2.83/100g;Dried Fruit & Peel;430;4.9;57.2;38.7;20.3;10.5;2.4;0.1;
4414400;Whitworths Shot Apricot & Seed On the Go 25g;£0.49;£1.96/100g;Dried Fruit & Peel;322;7.0;47.2;40.7;10.4;1.4;6.0;null;
4414398;Whitworths Shot Berry & Almond On the Go 25g;£0.49;£1.96/100g;Dried Fruit & Peel;null;6.1;57.1;51.7;13.7;1.1;5.5;0.1;
4414396;Whitworths Shot Blueberry & Seed On the Go 25g;£0.49;£1.96/100g;Dried Fruit & Peel;394;8.5;52.9;50.7;15.8;5.7;2.9;0.1;
4414394;Whitworths Shot Raisin & Chocolate On the Go 25g;£0.49;£1.96/100g;Dried Fruit & Peel;null;3.3;66.0;62.0;8.0;4.8;2.2;0.1;
4734776;ASDA Chosen by You 6 Vol Au Vent Case;£1.50;£0.25/each;Dried Fruit & Peel;553;7.6;48.0;1.2;36.2;19.2;2.5;0.6;
496734;ASDA Currants;£2.99;£2.99/kg;Dried Fruit & Peel;284;2.3;67.8;67.8;0.4;null;1.9;null;
527298;ASDA Seedless Raisins;£2.99;£2.99/kg;Dried Fruit & Peel;289;2.1;69.3;69.3;0.4;null;2.0;null;
12563;ASDA Sultanas;£2.99;£2.99/kg;Dried Fruit & Peel;292;2.7;69.4;69.4;0.4;null;2.0;null;
2700119;ASDA Chosen By You Cherryberry Mix 250g;£2.57;£10.28/kg;Dried Fruit & Peel;306;1.9;70.3;64.3;0.5;0.3;6.1;0.2;
12561;ASDA Chosen By You Currants 500g;£1.54;£3.08/kg;Dried Fruit & Peel;287;2.3;67.7;67.7;0.4;null;1.9;null;
2652819;ASDA Chosen By You Dried Figs 500g;£2.30;£4.60/kg;Dried Fruit & Peel;243;3.3;48.4;48.4;1.5;null;6.9;null;
217439;ASDA Chosen By You Glace Cherries 200g;£1.30;£0.65/100g;Dried Fruit & Peel;null;null;null;null;null;null;null;null;
22736;ASDA Chosen By You Ground Almonds 150g;£1.49;£9.93/kg;Dried Fruit & Peel;null;21.1;6.9;4.2;55.8;4.4;7.4;null;
3735482;ASDA Chosen By You Home Baking Dessicated Coconut 150g;£0.80;£0.53/100g;Dried Fruit & Peel;null;6.1;16.7;16.7;55.0;49.6;13.7;0.1;
12566;ASDA Chosen By You Home Baking Mixed Fruit 500g;£1.54;£3.08/kg;Dried Fruit & Peel;null;2.2;67.5;67.5;0.7;0.2;2.2;0.3;
12567;ASDA Chosen By You Home Baking Mixed Fruit;£2.49;£2.49/kg;Dried Fruit & Peel;290;2.2;67.5;67.5;0.7;0.2;2.2;0.3;
527296;ASDA Chosen By You Home Baking Seedless Raisins 500g;£1.54;£3.08/kg;Dried Fruit & Peel;null;2.1;69.3;69.3;0.4;null;2.0;null;
12562;ASDA Chosen By You Home Baking Sultanas 500g;£1.54;£3.08/kg;Dried Fruit & Peel;296;2.7;69.4;69.4;0.4;0.02;2.0;null;
1561182;ASDA Chosen By You Pitted Dried Dates 500g;£1.89;£3.78/kg;Dried Fruit & Peel;309;3.9;63.9;63.3;2.2;1.0;9.2;null;
2652817;ASDA Chosen By You Raisin & Sultana Mix 250g;£1.93;£7.72/kg;Dried Fruit & Peel;309;3.5;66.2;65.6;1.9;0.8;6.3;0.3;
2652829;ASDA Chosen By You Shelled Pistachio Nuts 150g;£2.81;£1.87/100g;Dried Fruit & Peel;null;null;null;null;null;null;null;null;
982486;ASDA Chosen By You Stoned Apricots 500g;£2.49;£4.98/kg;Dried Fruit & Peel;178;3.9;36.0;36.0;0.6;0.01;6.3;null;
2652825;ASDA Chosen By You Stoned Apricots 250g;£1.98;£7.92/kg;Dried Fruit & Peel;178;3.9;36.0;36.0;0.6;0.01;6.3;null;
3735490;ASDA Chosen By You Walnut Halves 150g;;;Dried Fruit & Peel;null;null;null;null;null;null;null;null;
475439;ASDA Smartprice Dried Mixed Fruit 500g;£0.95;£1.90/kg;Dried Fruit & Peel;291;2.3;67.9;67.9;0.6;0.1;2.2;0.1;
475489;ASDA Smartprice Sultanas 500g;£0.84;£1.68/kg;Dried Fruit & Peel;319;2.5;72.0;70.3;1.4;0.3;4.1;null;
3253270;Crazy Jack Organic Soft Figs 250g;£2.58;£1.03/100g;Dried Fruit & Peel;null;3.3;54;48;1;0.14;9.8;null;
3253272;Crazy Jack Organic Soft Prunes 250g;£2.58;£0.0/100g;Dried Fruit & Peel;null;2.2;56;37;0.39;0.07;6.9;null;
4734743;Natural Selection Cayena Lisa Pineapple;£1.00;£1.00/100g;Dried Fruit & Peel;null;null;null;null;null;null;null;null;
3079623;Natural Selection Dried Chopped Apricots;£1.00;£0.50/100g;Dried Fruit & Peel;null;4.8;43.4;43.4;0.7;null;7.7;null;
3079625;Natural Selection Dried Chopped Dates;£1.00;£0.50/100g;Dried Fruit & Peel;null;3.3;68.0;68.0;0.2;0.1;4.0;null;
3387550;Natural Selection Five Fruit Mix;£1.00;£0.58/100g;Dried Fruit & Peel;null;3.8;66.4;56.7;0.5;0.1;6.0;null;
3251931;Natures Selection Dried Cranberries;£1.00;£0.58/100g;Dried Fruit & Peel;null;0.5;78.0;75.0;1.0;null;3.0;null;
5061502;Ocean Spray Craisins Dried Cranberries Blueberry Juice Infused 150g;£1.78;£1.19/100g;Dried Fruit & Peel;null;0;82;72;0.6;0;7.2;0;
5061506;Ocean Spray Craisins Dried Cranberries Cranberry & Chocolate Trail Mix 130g;£1.78;£1.37/100g;Dried Fruit & Peel;null;14;51;46;28;7.6;1.6;0.30;
5061508;Ocean Spray Craisins Dried Cranberries Fruit & Nut Trail Mix 130g;£1.78;£1.37/100g;Dried Fruit & Peel;null;9.0;56;38;27;8.1;2.7;0.30;
5061504;Ocean Spray Craisins Dried Cranberries Greek Style Yoghurt 100g;£1.78;£1.78/100g;Dried Fruit & Peel;null;1.8;68;60;21;18;1.4;0.16;
4928995;Ocean Spray Craisins Dried Cranberries Original 150g;£1.78;£1.19/100g;Dried Fruit & Peel;null;0;83;74;0.7;0;7.6;0;
4716047;Dr Oetker Chocolate Gold Pearls 52g;£1.99;£3.83/100g;Edible Decorations;null;2.9;75;65;17;10;3.8;0.01;
4716045;Dr Oetker Rainbow Popping Candy 55g;£1.99;£3.62/100g;Edible Decorations;null;2.8;79;73;16;9.9;null;0.10;
4716041;Dr Oetker Lemon Meringue 40g;£1.99;£4.98/100g;Edible Decorations;null;0;87;85;12;7.6;null;0.00;
4716051;Dr Oetker Sicilian Lemon;£1.29;£3.69/100ml;Edible Decorations;null;null;null;null;null;null;null;null;
4716089;Dr Oetker Chocolatey Cake Covering Mix 150g;£0.99;£0.66/100g;Edible Decorations;null;null;null;null;null;null;null;null;
4716035;Dr Oetker Ocean Pearls 50g;£1.29;£2.58/100g;Edible Decorations;null;0.4;93;87;0.3;0.1;null;0.11;
4716055;Dr Oetker Moroccan Almond;£1.29;£3.69/100ml;Edible Decorations;null;null;null;null;null;null;null;null;
4716095;Dr Oetker Liquid Glucose 140g;£1.50;£1.07/100g;Edible Decorations;null;0;81;55;0;0;null;0.01;
4716053;Dr Oetker American Peppermint;£1.29;£3.69/100ml;Edible Decorations;null;null;null;null;null;null;null;null;
4716057;Dr Oetker Madagascan Vanilla;£1.29;£3.69/100ml;Edible Decorations;null;null;null;null;null;null;null;null;
4716059;Dr Oetker Vanilla Grinder 12g;£4.99;£41.58/100g;Edible Decorations;null;5.1;38;15;9.0;1.2;36;0.01;
4732008;Dr Oetker Vege - Gel 5g;£1.09;£5.59/100g;Edible Decorations;null;0;55;55;0;0;20;1.3;
4716043;Dr Oetker Banoffee 45g;£1.99;£4.42/100g;Edible Decorations;null;2.6;68;54;17;9.5;null;0.50;
4716037;Dr Oetker Violet Crystals 45g;£1.29;£2.87/100g;Edible Decorations;null;4.3;92;45;0.2;0.1;null;0.03;
4716091;Dr Oetker Chocolate Triangles 27g;£1.99;£7.37/100g;Edible Decorations;null;null;null;null;null;null;null;null;
4716061;Dr Oetker Vanilla Pods 7g;£4.29;£61.29/100g;Edible Decorations;null;null;null;null;null;null;null;null;
4718509;ASDA Cake Angels Happy Birthday 106g;£2.48;£2.34/100g;Edible Decorations;null;0.5;92.2;73.5;3.5;1.2;0.3;0.0;
4718511;ASDA Cake Angels Tuxedo 117g;£2.48;£2.12/100g;Edible Decorations;null;0.5;96.6;94.8;1.3;0.8;0.1;0.0;
3202309;ASDA Cake Decorations Jelly Diamonds 65g;£0.89;£1.37/100g;Edible Decorations;null;0.1;88.0;67.3;0.9;0.8;0.5;0.3;
4419299;ASDA Cake Decorations Pirate Pals;£1.99;£0.66/each;Edible Decorations;394;1.3;96.5;96.5;0.1;null;0.8;null;
4716323;ASDA Chosen By You Chocolate Celebration Decorations 36g;£2.00;£5.56/100g;Edible Decorations;543;5.5;60.5;59.9;30.7;19.4;1.4;0.2;
4380858;ASDA Chosen by You Home Baking Pink & White Mini Mallows 150g;£1.00;£0.66/100g;Edible Decorations;340;3.0;81.4;49.8;0.2;0.1;0.5;0.1;
4716277;ASDA Chosen by You Orange & Lemon Flavour Jelly Slices 65g;£0.89;£1.37/100g;Edible Decorations;null;0.3;89.0;75.1;0.4;0.2;0.6;0.4;
188748;ASDA Milk Chocolate Drops 100g;£0.80;£0.80/100g;Edible Decorations;null;8.0;58.0;57.0;28.0;18.0;2.5;0.5;
4698434;ASDA Raspberry Sprinkles;£1.25;£8.93/100g;Edible Decorations;null;8.1;30.1;30.1;1.9;null;29.3;null;
2700559;ASDA Writing Icing Mixed 19g;£1.98;£26.05/kg;Edible Decorations;null;0.3;80.2;72.1;7.5;0.9;0.6;0.1;
4419297;ASDA Chosen By You Butterflies & Flowers 55g;£0.89;£1.62/100g;Edible Decorations;null;0.9;92.0;88.9;5.3;2.8;0.9;0.1;
4366987;ASDA Chosen By You Cake Decorations Choco Sprinkles 65g;£0.77;£1.18/100g;Edible Decorations;null;0.9;90.6;65.0;3.4;3.0;0.5;null;
4366993;ASDA Chosen By You Cake Decorations Chocolate Crunchies;£0.77;£1.71/100g;Edible Decorations;null;7.5;72.7;39.2;11.6;10.7;0.5;null;
4366995;ASDA Chosen By You Cake Decorations Popping Candy 75g;£1.48;£1.97/100g;Edible Decorations;null;0.2;98.0;84.4;null;null;null;null;
4366983;ASDA Chosen By You Cake Decorations Rainbow 100s & 1000s;£0.77;£0.96/100g;Edible Decorations;null;0.1;98.4;80.0;0.1;0.1;0.5;null;
4366985;ASDA Chosen By You Cake Decorations Rainbow Sprinkles;£0.77;£1.18/100g;Edible Decorations;null;0.1;97.1;74.2;0.2;0.2;0.5;null;
3202301;ASDA Chosen By You Chocolate Beans 85g;£0.89;£1.05/100g;Edible Decorations;null;2.3;83.5;83.9;10.6;6.4;0.6;0.1;
2658394;ASDA Chosen By You Daisy Swirls;£1.38;£0.6/each;Edible Decorations;null;1.8;98.7;98.7;0.2;0.1;1.3;0.1;
188751;ASDA Chosen By You Dark Chocolate Drops 100g;£0.80;£0.80/100g;Edible Decorations;null;7.0;50.0;47.0;29.0;18.0;10.0;null;
4502118;ASDA Chosen By You Edible Lustre Blue;£1.49;£49.67/100g;Edible Decorations;null;null;null;null;null;null;null;null;
4502116;ASDA Chosen By You Edible Lustre Gold;£1.49;£49.67/100g;Edible Decorations;null;null;null;null;null;null;null;null;
4502120;ASDA Chosen By You Edible Lustre Pink;£1.49;£49.67/100g;Edible Decorations;null;null;null;null;null;null;null;null;
4502114;ASDA Chosen By You Edible Lustre Silver;£1.49;£49.67/100g;Edible Decorations;null;null;null;null;null;null;null;null;
3627799;ASDA Chosen By You Fudge Chunks 150g;£1.34;£0.89/100g;Edible Decorations;446;1.5;79.7;75.4;13.2;6.8;1.1;0.1;
3202299;ASDA Chosen By You Glitter Writing Icing 19g;£1.98;£26.05/kg;Edible Decorations;null;0.2;75.5;55.4;0.2;0.1;0.9;0.1;
3627801;ASDA Chosen By You Home Baking Butterscotch Pieces 150g;£1.34;£0.89/100g;Edible Decorations;472;0.5;79.6;59.1;16.5;9.8;1.6;0.4;
4380860;ASDA Chosen By You Home Baking Mini Mallows 150g;£1.00;£0.66/100g;Edible Decorations;340;3.0;81.4;49.8;0.2;0.1;0.5;0.1;
4517133;ASDA Chosen By You Little Hero Treasures 67g;£1.98;£2.96/100g;Edible Decorations;null;1.1;86.5;82.2;7.4;4.6;1.6;null;
3260736;ASDA Chosen By You Little Heroes Cake Decorations;£1.38;£0.12/each;Edible Decorations;null;1.8;98.7;98.7;0.2;0.1;1.3;0.1;
2568566;ASDA Chosen By You Little Princess Cake Decorations;£1.38;£0.15/each;Edible Decorations;null;1.8;98.7;98.7;0.2;0.1;1.3;0.1;
3145796;ASDA Chosen By You Little Princess Sparkles 79g;£1.67;£2.11/100g;Edible Decorations;null;0.8;85.4;82.0;9.7;6.1;1.3;null;
3202307;ASDA Chosen By You Micro Mallows 20g;£0.89;£4.45/100g;Edible Decorations;null;5.9;76.7;61.9;0.2;0.1;0.6;0.1;
4938831;ASDA Chosen By You Mini Pearls 70g;£0.89;£1.27/100g;Edible Decorations;null;0.5;90.0;84.0;0.5;0.1;0.5;0.1;
3202305;ASDA Chosen By You Mixed Chocolate Curls 30g;£0.89;£2.97/100g;Edible Decorations;null;4.5;60.7;59.3;31.6;19.3;0.6;0.1;
4938829;ASDA Chosen By You Pastel Pearls 80g;£0.89;£1.11/100g;Edible Decorations;null;0.5;99.0;9.7;0.8;0.4;0.5;2.0;
2700553;ASDA Chosen By You Piping Icing Blue 120g;£1.40;£1.17/100g;Edible Decorations;407;0.3;83.7;81.7;7.8;1.9;0.6;0.1;
2700555;ASDA Chosen By You Piping Icing Pink 120g;£1.40;£1.17/100g;Edible Decorations;407;0.3;83.7;81.7;7.8;1.9;0.6;0.1;
2700557;ASDA Chosen By You Piping Icing White 120g;£1.40;£1.17/100g;Edible Decorations;407;0.3;83.7;81.7;7.8;1.9;0.6;0.1;
3202303;ASDA Chosen By You White Chocolate Stars 45g;£0.89;£1.98/100g;Edible Decorations;null;5.0;63.3;64.2;29.6;18.0;0.6;0.1;
2700561;ASDA Chosen By You Writing Icing Pastel 19g;£1.98;£26.05/kg;Edible Decorations;null;0.3;80.2;72.1;7.5;0.9;0.6;0.1;
4698440;ASDA Chosen by You 12 Wafer Daisies;£1.49;£0.12/each;Edible Decorations;null;0.3;88.4;null;0.6;null;0.2;0.2;
4927137;ASDA Chosen by You Alphabet Letters 51g;£1.00;£1.96/100g;Edible Decorations;null;0.9;93.0;93.0;5.3;3.2;0.6;0.1;
4927135;ASDA Chosen by You Meringue Drops 45g;£1.00;£2.22/100g;Edible Decorations;null;0.8;97.0;97.0;2.0;1.4;0.6;0.1;
5006411;Disney Frozen Dazzling Sprinkles;£1.50;£2.14/100g;Edible Decorations;null;0.4;96.2;94.6;1.3;0.9;0.8;0.0;
477668;Betty Crocker Chocolate Fudge Icing 450g;£2.25;£0.50/100g;Icings, Frostings & Marzipans;null;2.2;61.4;56.8;16.4;8.6;2.9;0.8;
2644055;Betty Crocker Chocolate Buttercream Style Icing 450g;£2.25;£5.00/kg;Icings, Frostings & Marzipans;null;1.3;65.1;62.1;16.0;8.4;1.7;0.8;
4751160;Betty Crocker Strawberry Icing 425g;£2.25;£0.52/100g;Icings, Frostings & Marzipans;null;0.0;70.4;69.7;15.4;8.0;0.0;1.5;
1488520;Betty Crocker Vanilla Icing 450g;£2.25;£0.50/100g;Icings, Frostings & Marzipans;null;0.0;70.5;69.9;15.4;8.0;0.0;0.5;
2644053;Betty Crocker Vanilla Buttercream Style Icing 450g;£2.25;£5.00/kg;Icings, Frostings & Marzipans;null;0.0;70.5;70.1;15.4;8.0;0.0;0.5;
4020056;Betty Crocker Cream Cheese Style Icing 425g;£2.25;£0.52/100g;Icings, Frostings & Marzipans;null;0.0;70.5;69.7;15.4;8.0;0.0;0.5;
4714146;Cake Decor Strawberry & Vanilla Two Colour Stripes Frosting 275g;£2.69;£0.97/100g;Icings, Frostings & Marzipans;null;null;null;null;null;null;null;null;
4714144;Cake Decor Chocoholic & Vanilla Two Colour Stripes Frosting 275g;£2.69;£0.97/100g;Icings, Frostings & Marzipans;null;null;null;null;null;null;null;null;
4716085;Dr Oetker Designer Icing Blue 140g;£1.89;£1.35/100g;Icings, Frostings & Marzipans;null;null;null;null;null;null;null;null;
3359654;Dr. Oetker Regal-Ice Ready to Roll Icing Coloured 500g;£2.79;£0.55/100g;Icings, Frostings & Marzipans;null;null;null;null;null;null;null;null;
4020068;Dr. Oetker Marzipan Ready to Roll 454g;£2.75;£0.60/100g;Icings, Frostings & Marzipans;null;null;null;null;null;null;null;null;
3359650;Dr. Oetker Regal-Ice Ready to Roll Icing White 454g;£1.59;£0.35/100g;Icings, Frostings & Marzipans;null;null;null;null;null;null;null;null;
3688504;Dr. Oetker Regal-Ice Ready to Roll Icing White;£3.29;£3.29/kg;Icings, Frostings & Marzipans;null;null;null;null;null;null;null;null;
4406013;Dr. Oetker Marzipan Ready Rolled 400g;£1.99;£1.99/100g;Icings, Frostings & Marzipans;null;null;null;null;null;null;null;null;
4406011;Dr. Oetker Regal-Ice Ready Rolled Icing White 450g;£3.99;£0.88/100g;Icings, Frostings & Marzipans;null;null;null;null;null;null;null;null;
3899434;Dr Oetker Easy Swirl Cupcake Icing Vanilla Flavour 180g;£3.49;£1.94/100g;Icings, Frostings & Marzipans;null;0;67;62;17;5.0;null;0.24;
3899436;Dr. Oetker Easy Swirl Cupcake Icing Chocolate Flavoured 180g;£3.49;£1.94/100g;Icings, Frostings & Marzipans;null;1.6;64;56;16;4.4;null;0.24;
3899438;Dr. Oetker Easy Swirl Cupcake Icing Pretty Pink 180g;£3.49;£3.49/100g;Icings, Frostings & Marzipans;null;0;67;62;17;5.0;null;0.24;
4539507;Disney Princess Strawberry & Cream Ripple Frosting 180g;£2.00;£1.11/100g;Icings, Frostings & Marzipans;null;null;null;null;null;null;null;null;
3616306;ASDA Chosen by You Home Baking Vanilla Flavour Frosting;£1.48;£0.37/100g;Icings, Frostings & Marzipans;470;1.4;60.6;50.1;24.6;12.5;0.5;null;
4927141;ASDA Red Piping Icing 120g;£1.00;£0.83/100g;Icings, Frostings & Marzipans;397;0.5;82.0;81.0;7.4;1.7;0.6;0.05;
3616308;ASDA Chosen By You Chocolate Flavour Frosting;£1.48;£0.37/100g;Icings, Frostings & Marzipans;456;2.0;63.5;51.3;22.1;10.8;1.9;null;
963223;ASDA Chosen By You Golden Marzipan 500g;£1.74;£0.34/100g;Icings, Frostings & Marzipans;null;6.6;67.2;65.5;12.8;1.1;3.7;null;
4560426;ASDA Chosen By You Lemon Flavour Frosting;£1.48;£0.37/100g;Icings, Frostings & Marzipans;null;0.8;64.0;37.8;21.9;10.6;0.6;0.5;
3616310;ASDA Chosen By You Strawberry Flavour Frosting;£1.48;£0.37/100g;Icings, Frostings & Marzipans;472;1.4;61.7;50.1;24.3;12.4;0.3;null;
2698253;ASDA Chosen By You White Icing;£2.15;£0.21/100g;Icings, Frostings & Marzipans;409;null;88.1;83.5;6.3;3.6;null;null;
965805;ASDA Chosen By You White Icing 500g;£1.40;£2.80/kg;Icings, Frostings & Marzipans;null;null;88.1;83.5;6.3;3.6;0.2;null;
827846;ASDA Chosen By You White Marzipan 500g;£1.74;£0.34/100g;Icings, Frostings & Marzipans;null;6.5;65.2;63.5;14.2;1.3;3.9;null;
4537750;Bake & Create Ready to Roll Icing Black 250g;£1.69;£0.67/100g;Icings, Frostings & Marzipans;null;0.0;87.2;84.0;6.5;2.2;null;0.0;
4537746;Bake & Create Ready to Roll Icing Blue 250g;£1.69;£0.67/100g;Icings, Frostings & Marzipans;null;0.0;87.1;86.0;6.6;3.7;null;0.0;
4537748;Bake & Create Ready to Roll Icing Green 250g;£1.69;£0.67/100g;Icings, Frostings & Marzipans;null;0.0;86.9;85.7;6.6;3.7;null;0.0;
4537742;Bake & Create Ready to Roll Icing Pink 250g;£1.69;£0.67/100g;Icings, Frostings & Marzipans;null;0.0;87.4;86.0;6.6;3.7;null;0.0;
4537740;Bake & Create Ready to Roll Icing Red 250g;£1.69;£0.67/100g;Icings, Frostings & Marzipans;null;0.0;87.2;85.8;6.7;3.8;null;0.0;
4537744;Bake & Create Ready to Roll Icing Yellow 250g;£1.69;£0.67/100g;Icings, Frostings & Marzipans;null;0.0;86.7;85.5;6.6;3.7;null;0.0;
4932577;Disney Frozen Easy Squeezy Ice Blue Icing 180g;£1.50;£0.83/100g;Icings, Frostings & Marzipans;null;0.1;67.3;67.3;15.0;7.3;2.9;0.5;
4726023;Marvel Ultimate Spider Man Easy Squeezy Red Icing 180g;£1.50;£0.83/100g;Icings, Frostings & Marzipans;null;0.1;67.3;67.3;15.0;7.3;2.9;0.5;
2680380;ASDA Almond Natural Flavouring;£0.89;£2.34/100ml;Flavourings & Colourings;null;null;null;null;null;null;null;null;
3194813;ASDA Black Natural Food Colouring;£0.89;£2.34/100ml;Flavourings & Colourings;null;null;null;null;null;null;null;null;
2680374;ASDA Blue Natural Food Colouring;£0.89;£2.34/100ml;Flavourings & Colourings;null;null;null;null;null;null;null;null;
2680376;ASDA Green Natural Food Colouring;£0.89;£2.34/100ml;Flavourings & Colourings;null;null;null;null;null;null;null;null;
3194815;ASDA Orange Natural Food Colouring;£0.89;£2.34/100ml;Flavourings & Colourings;null;null;null;null;null;null;null;null;
2680372;ASDA Pink Natural Food Colouring;£0.89;£2.34/100ml;Flavourings & Colourings;null;null;null;null;null;null;null;null;
2680370;ASDA Red Natural Food Colouring;£0.89;£2.34/100ml;Flavourings & Colourings;null;null;null;null;null;null;null;null;
2680384;ASDA Rum Natural Flavouring;£0.89;£2.34/100ml;Flavourings & Colourings;null;null;null;null;null;null;null;null;
2680386;ASDA Strawberry Natural Flavouring;£0.89;£2.34/100ml;Flavourings & Colourings;null;null;null;null;null;null;null;null;
2680382;ASDA Vanilla Natural Flavouring;£0.89;£2.34/100ml;Flavourings & Colourings;null;null;null;null;null;null;null;null;
2657492;ASDA Yellow Natural Food Colouring;£0.89;£2.34/100ml;Flavourings & Colourings;null;null;null;null;null;null;null;null;
4419291;ASDA Extra Special American Peppermint Extract;£1.14;£2.28/100ml;Flavourings & Colourings;null;0.3;2.0;0.1;1.3;1.2;0.5;null;
4419293;ASDA Extra Special Sicilian Lemon Extract;£1.14;£2.28/100ml;Flavourings & Colourings;null;0.2;7.7;0.1;90.0;6.7;0.5;null;
4419295;ASDA Extra Special Valencian Orange Extract;£1.14;£2.28/100ml;Flavourings & Colourings;null;0.5;8.1;0.1;82.9;5.7;0.5;null;
4539497;Disney Pixar Toy Story Green Edible Spray;£2.00;£4.00/100ml;Flavourings & Colourings;null;null;null;null;null;null;null;null;
4413022;Dr Oetker Select Vanilla Extract with Seeds 95g;£3.99;£3.99/100g;Flavourings & Colourings;null;null;null;null;null;null;null;null;
4020062;Dr. Oetker Gel Food Colour Bright Red 10g;£0.78;£78.00/kg;Flavourings & Colourings;null;null;null;null;null;null;null;null;
4413046;Dr. Oetker Gel Food Colour Hot Pink 10g;£0.78;£7.80/100g;Flavourings & Colourings;null;null;null;null;null;null;null;null;
4413050;Dr. Oetker Gel Food Colour Jet Black 10g;£0.78;£7.80/100g;Flavourings & Colourings;null;null;null;null;null;null;null;null;
4413044;Dr. Oetker Gel Food Colour Lime Green 10g;£0.78;£7.80/100g;Flavourings & Colourings;null;null;null;null;null;null;null;null;
4413052;Dr. Oetker Gel Food Colour Neon Orange 10g;£0.78;£7.80/100g;Flavourings & Colourings;null;null;null;null;null;null;null;null;
4020066;Dr. Oetker Gel Food Colour Sky Blue 10g;£0.78;£78.00/kg;Flavourings & Colourings;null;null;null;null;null;null;null;null;
4020064;Dr. Oetker Gel Food Colour Sunshine Yellow 10g;£0.78;£78.00/kg;Flavourings & Colourings;null;null;null;null;null;null;null;null;
4413048;Dr. Oetker Gel Food Colour Ultra Violet 10g;£0.78;£7.80/100g;Flavourings & Colourings;null;null;null;null;null;null;null;null;
2949509;McLas Vanilla Flavouring;£1.98;£0.4/10ml;Flavourings & Colourings;null;null;null;null;null;null;null;null;
4360664;Nielsen-Massey Lemon Extract;£3.49;£5.82/100ml;Flavourings & Colourings;null;null;null;null;null;null;null;null;
4540898;Nielsen-Massey Orange Blossom Water;£3.49;£5.82/100ml;Flavourings & Colourings;null;null;null;null;null;null;null;null;
4360666;Nielsen-Massey Orange Extract;£3.49;£5.82/100ml;Flavourings & Colourings;null;null;null;null;null;null;null;null;
4540900;Nielsen-Massey Rose Water;£3.49;£5.82/100ml;Flavourings & Colourings;null;null;null;null;null;null;null;null;
4360668;Nielsen-Massey Vanilla Extract;£5.49;£4.65/100ml;Flavourings & Colourings;null;null;null;null;null;null;null;null;
4210431;ASDA Cupcake Candles;£1.50;£0.37/each;Cases, Candles & Accessories;null;null;null;null;null;null;null;null;
3251886;Dr. Oetker Happy Birthday Candles;£1.49;£0.11/each;Cases, Candles & Accessories;null;null;null;null;null;null;null;null;
3251888;Dr. Oetker Party Candles;£0.79;£0.4/each;Cases, Candles & Accessories;null;null;null;null;null;null;null;null;
3251890;Dr. Oetker Happy Birthday Musical Candle;£1.99;£0.66/each;Cases, Candles & Accessories;null;null;null;null;null;null;null;null;
3858438;ASDA Glitter Candles;£1.75;£0.14/each;Cases, Candles & Accessories;null;null;null;null;null;null;null;null;
4210425;ASDA Spot & Stripe Birthday Candles;£1.50;£0.12/each;Cases, Candles & Accessories;null;null;null;null;null;null;null;null;
4716321;ASDA Celebration Decorations 36g;£2.00;£5.56/100g;Cases, Candles & Accessories;543;5.5;60.4;59.7;30.8;19.4;1.3;0.2;
3858432;ASDA Birthday Boy Pick Candles;£1.75;£0.12/each;Cases, Candles & Accessories;null;null;null;null;null;null;null;null;
3858430;ASDA Birthday Girl Pick Candles;£1.50;£0.10/each;Cases, Candles & Accessories;null;null;null;null;null;null;null;null;
3858440;ASDA Animal Print Birthday Candles;£1.50;£0.12/each;Cases, Candles & Accessories;null;null;null;null;null;null;null;null;
4548321;Unique Indoor Party Sparklers;£1.00;£0.20/each;Cases, Candles & Accessories;null;null;null;null;null;null;null;null;
4716325;ASDA Chocolate Happy Birthday Decorations 75g;£2.50;£3.33/100g;Cases, Candles & Accessories;541;5.5;60.7;60.3;30.3;19.1;1.6;0.2;
4724561;Bull Brand Standard Metal Candle Lighter;£1.50;£1.50/each;Cases, Candles & Accessories;null;null;null;null;null;null;null;null;
2654651;ASDA Home Baking 100 Pastel Fairy Cake Paper Cases;£0.58;£0.0/each;Cases, Candles & Accessories;null;null;null;null;null;null;null;null;
2654647;ASDA Home Baking 100 Petit Four Paper Cases;£0.75;£0.0/each;Cases, Candles & Accessories;null;null;null;null;null;null;null;null;
2654649;ASDA Home Baking 100 White Fairy Cake Paper Cases;£0.58;£0.0/each;Cases, Candles & Accessories;null;null;null;null;null;null;null;null;
3249392;ASDA Home Baking 40 Loaf Tin Liners;£3.50;£0.8/each;Cases, Candles & Accessories;null;null;null;null;null;null;null;null;
3249394;ASDA Home Baking 50 Cake Tin Liners;£4.50;£0.9/each;Cases, Candles & Accessories;null;null;null;null;null;null;null;null;
2654602;ASDA Home Baking Square or Round Cake Boards 10";£0.79;£0.79/each;Cases, Candles & Accessories;null;null;null;null;null;null;null;null;
3616330;ASDA Chosen By You 10 Mini Loaf Cake Bakeable Cases;£2.00;£0.20/each;Cases, Candles & Accessories;null;null;null;null;null;null;null;null;
4920640;ASDA Chosen By You 12 Cake Pop Sticks;£1.07;£1.07/each;Cases, Candles & Accessories;null;null;null;null;null;null;null;null;
3616332;ASDA Chosen By You Home Baking 10 Piping Bags;£2.47;£0.24/each;Cases, Candles & Accessories;null;null;null;null;null;null;null;null;
3626998;ASDA Chosen By You Home Baking 100 Cupcake Cases;£1.04;£0.1/each;Cases, Candles & Accessories;null;null;null;null;null;null;null;null;
3616312;ASDA Chosen By You Home Baking 2 Cupcake Boxes;£1.50;£0.75/each;Cases, Candles & Accessories;null;null;null;null;null;null;null;null;
3616328;ASDA Chosen By You Home Baking 5 Baking Trays 18cm x 11cm;£1.00;£0.20/each;Cases, Candles & Accessories;null;null;null;null;null;null;null;null;
3616318;ASDA Chosen By You Home Baking 6 Cupcake Boxes;£2.10;£0.35/each;Cases, Candles & Accessories;null;null;null;null;null;null;null;null;
3616290;ASDA Chosen By You Home Baking Cupcake Stand;£3.98;£3.98/each;Cases, Candles & Accessories;null;null;null;null;null;null;null;null;
3626996;ASDA Chosen By You Little Hero 100 Cupcake Cases;£1.04;£0.1/each;Cases, Candles & Accessories;null;null;null;null;null;null;null;null;
4366997;ASDA Chosen By You Little Hero 2 Cupcake Boxes;£1.25;£0.62/each;Cases, Candles & Accessories;null;null;null;null;null;null;null;null;
3616292;ASDA Chosen By You Little Hero Cupcake Stand;£3.98;£3.98/each;Cases, Candles & Accessories;null;null;null;null;null;null;null;null;
3626994;ASDA Chosen By You Little Princess 100 Cupcake Cases;£1.04;£0.1/each;Cases, Candles & Accessories;null;null;null;null;null;null;null;null;
3616316;ASDA Chosen By You Little Princess 6 Cupcake Boxes;£2.10;£0.35/each;Cases, Candles & Accessories;null;null;null;null;null;null;null;null;
3888352;ASDA Chosen By You Piping Nozzles;£1.74;£1.74/each;Cases, Candles & Accessories;null;null;null;null;null;null;null;null;
4585683;Asda Chosen By You Patterned Cupcake Cases;£1.04;£0.1/each;Cases, Candles & Accessories;null;null;null;null;null;null;null;null;
4539467;Disney Princess 75 Cupcake Cases;£1.00;£0.1/each;Cases, Candles & Accessories;null;null;null;null;null;null;null;null;
4539463;Disney Princess Birthday Candles & Holders;£0.63;£0.3/each;Cases, Candles & Accessories;null;null;null;null;null;null;null;null;
4539481;Disney Princess Picture Candles;£1.00;£0.25/each;Cases, Candles & Accessories;null;null;null;null;null;null;null;null;
4539459;Disney Toy Story Birthday Candles;£1.25;£0.31/each;Cases, Candles & Accessories;null;null;null;null;null;null;null;null;
4539461;Disney Toy Story Birthday Candles & Holders;£0.63;£0.3/each;Cases, Candles & Accessories;null;null;null;null;null;null;null;null;
4539465;Disney Toy Story Cupcake Cases;£1.00;£0.1/each;Cases, Candles & Accessories;null;null;null;null;null;null;null;null;
3637024;Home2Bake Coloured Flame Candles;£1.97;£0.16/each;Cases, Candles & Accessories;null;null;null;null;null;null;null;null;
952366;ASDA Chosen By You 20 Mini Meringue Shells;£1.00;£13.16/kg;Pastry & Flan Cases;389;4.7;91.8;91.8;0.3;null;null;0.5;
4339880;ASDA Chosen By You 6 Brandy Snap Baskets;£1.74;£0.29/each;Pastry & Flan Cases;487;2.6;73.1;54.6;20.5;6.8;0.1;null;
952370;ASDA Chosen By You 8 Meringue Nests;£1.18;£0.14/each;Pastry & Flan Cases;389;4.7;91.8;91.8;0.3;null;null;0.5;
554984;ASDA Chosen By You Home Baking 8 Trifle Sponges;£0.89;£0.11/each;Pastry & Flan Cases;358;8.4;71.3;40.1;3.9;1.0;2.2;0.8;
961168;ASDA Chosen By You Home Baking Sponge Flan Case 200g;£0.82;£0.41/100g;Pastry & Flan Cases;null;6.4;69.0;37.0;6.0;0.8;1.0;null;
971375;ASDA Chosen By You Home Baking Sweet Pastry Case;£0.90;£0.90/each;Pastry & Flan Cases;null;6.1;60.6;15.9;25.1;11.6;1.6;null;
971387;ASDA Chosen By You Savoury Pastry Case;£0.90;£0.90/each;Pastry & Flan Cases;null;6.6;50.0;5.1;32.3;12.7;2.4;0.6;
551063;ASDA Chosen By You Sponge Fingers 200g;£0.89;£0.44/100g;Pastry & Flan Cases;399;7.2;82.7;52.1;3.9;0.9;2.1;0.1;
1703736;ASDA Extra Special 16 Mini Meringues;£1.58;£0.9/each;Pastry & Flan Cases;394;5.3;92.2;90.9;0.4;0.2;null;0.3;
2655712;ASDA Extra Special 8 All-Butter Pastry Cases;£1.98;£1.13/100g;Pastry & Flan Cases;null;8.9;63.6;null;20.6;null;null;null;
1703734;ASDA Extra Special 8 Meringue Nests;£1.48;£0.18/each;Pastry & Flan Cases;null;5.3;92.2;90.9;0.4;0.2;null;0.3;
2377196;ASDA Extra Special All-Butter Pastry Case 175g;£1.98;£1.13/100g;Pastry & Flan Cases;null;8.4;62.5;19.5;21.8;14.4;2.0;null;
4734745;Natural Selection Carabao Mango;£1.00;£1.00/100g;Pastry & Flan Cases;null;null;null;null;null;null;null;null;
3625291;ASDA White Chocolate Drops 100g;£0.80;£0.80/100g;Cooking Chocolate;null;7.0;63.6;57.7;29.5;14.8;null;null;
188668;ASDA Chosen By You Chocolatey Cake Topping 300g;£0.67;£2.23/kg;Cooking Chocolate;576;2.1;57.3;55.1;37.0;34.0;2.6;0.3;
2654592;ASDA Chosen By You Milk Chocolate 150g;£0.80;£0.53/100g;Cooking Chocolate;null;7.3;51.2;50.7;36.1;17.6;1.0;null;
2881174;ASDA Chosen By You Plain Chocolate 150g;£0.80;£0.53/100g;Cooking Chocolate;null;5.8;45.4;43.0;33.3;19.9;1.0;null;
2383934;ASDA Chosen By You White Chocolate 150g;£0.80;£0.53/100g;Cooking Chocolate;null;8.5;53.8;53.8;34.8;15.4;1.0;null;
4717797;ASDA Extra Special 40% Cocoa Milk Cooking Chocolate 100g;£1.29;£1.29/100g;Cooking Chocolate;559;7.4;47.3;45.2;37.6;23.3;0.7;null;
4717791;ASDA Extra Special 85% Cocoa Dark Cooking Chocolate 100g;£1.29;£1.29/100g;Cooking Chocolate;547;9.4;17.8;14.0;48.0;28.7;2.9;null;
4711236;Dr. Oetker 90% Cocoa Extra Dark Chocolate 100g;£2.49;£2.49/100g;Cooking Chocolate;null;null;null;null;null;null;null;null;
4413018;Dr. Oetker Chocolate Chips Dark 100g;£1.09;£1.09/100g;Cooking Chocolate;null;null;null;null;null;null;null;null;
4413020;Dr. Oetker Chocolate Chips White 100g;£1.09;£1.09/100g;Cooking Chocolate;null;null;null;null;null;null;null;null;
4711240;Dr. Oetker Chocolate Chunks Extra Dark 100g;£1.29;£1.29/100g;Cooking Chocolate;null;null;null;null;null;null;null;null;
4413042;Dr. Oetker Fine Cooks' Chocolate Extra Dark 150g;£1.59;£1.59/100g;Cooking Chocolate;null;null;null;null;null;null;null;null;
3557734;Dr. Oetker Fine Cooks' Milk Chocolate 150g;£1.59;£1.06/100g;Cooking Chocolate;null;null;null;null;null;null;null;null;
4711238;Dr. Oetker Fine Dark Cocoa Powder 75g;£1.09;£1.45/100g;Cooking Chocolate;null;null;null;null;null;null;null;null;
4413016;Dr. Oetker Milk Chocolate Chips 100g;£1.09;£1.09/100g;Cooking Chocolate;null;null;null;null;null;null;null;null;
2072346;Green & Black's Organic 75% Cocoa Dark Cooking Chocolate 150g;£2.49;£1.66/100g;Cooking Chocolate;null;9.1;36.5;28.5;42.0;25.0;10.0;0.13;
4441345;Green & Black's Organic Fairtrade Milk Cooking Chocolate 150g;£2.49;£1.66/100g;Cooking Chocolate;null;9.8;48.0;45.5;36.0;21.5;3.0;0.23;
4441347;Green & Black's Organic Fairtrade White Cooking Chocolate 150g;£2.49;£1.66/100g;Cooking Chocolate;null;7.9;51.0;51.0;38.5;23.0;0.1;0.25;
3199687;Menier Swiss 70% Cocoa Dark Cooking Chocolate 100g;£1.20;£1.20/100g;Cooking Chocolate;null;null;null;null;null;null;null;null;
3199689;Menier Swiss Milk Cooking Chocolate 100g;£1.20;£1.20/100g;Cooking Chocolate;null;null;null;null;null;null;null;null;
3199691;Menier Swiss White Cooking Chocolate 100g;£1.20;£1.20/100g;Cooking Chocolate;null;null;null;null;null;null;null;null;
3735476;ASDA Hazelnuts 150g;£1.52;£1.01/100g;Nuts & Seeds;null;null;null;null;null;null;null;null;
3735502;ASDA Home Baking Golden Linseeds;£1.00;£0.66/100g;Nuts & Seeds;null;27.8;0.9;0.9;34.3;3.1;33.6;0.1;
3735508;ASDA Home Baking Hemp Seeds;£1.00;£0.66/100g;Nuts & Seeds;null;22.0;3.2;2.0;33.1;3.4;34.3;null;
3735506;ASDA Home Baking Poppy Seeds;£1.00;£0.66/100g;Nuts & Seeds;null;20.4;3.1;1.0;43.8;5.0;19.4;0.1;
3735500;ASDA Home Baking Pumpkin Seeds;£1.00;£0.66/100g;Nuts & Seeds;null;28.8;13.8;1.1;45.6;7.0;8.6;0.1;
3735498;ASDA Home Baking Sesame Seeds;£1.00;£0.66/100g;Nuts & Seeds;null;18.2;0.9;0.4;58.0;8.3;7.9;0.1;
3735504;ASDA Home Baking Sunflower Seeds;£1.00;£0.66/100g;Nuts & Seeds;null;23.4;16.9;1.7;47.5;4.5;6.0;0.1;
3735484;ASDA Chosen By You Chopped Mixed Nuts 150g;£0.98;£0.65/100g;Nuts & Seeds;null;null;null;null;null;null;null;null;
3735486;ASDA Chosen By You Desiccated Coconut 200g;£0.96;£0.48/100g;Nuts & Seeds;null;5.6;6.4;6.4;62.0;53.4;13.7;0.1;
3735494;ASDA Chosen By You Pecan Nuts 150g;£2.47;£1.65/100g;Nuts & Seeds;null;null;null;null;null;null;null;null;
3883734;Whitworths Chopped Almonds 125g;£1.98;£1.58/100g;Nuts & Seeds;645;25.5;6.5;4.0;55.8;4.4;7.4;null;
3883730;Whitworths Chopped Brazil Nuts 125g;£1.98;£1.58/100g;Nuts & Seeds;175;4.1;0.7;0.6;17.1;5.8;1.1;null;
3883732;Whitworths Chopped Hazelnuts 125g;£1.98;£15.84/kg;Nuts & Seeds;175;4.4;2.1;0.7;15.8;1.1;1.8;null;
3939767;Whitworths Flaked Almonds 150g;£1.98;£1.32/100g;Nuts & Seeds;645;25.5;6.5;4.0;55.8;4.4;7.4;null;
4722005;Robinsons Sugar Free Summer Fruits Flavour Jelly 5g;£0.50;£4.35/100g;Jelly;9;0.1;0.7;0.3;0.5;0.2;0.5;0.09;
4721999;Robinsons No Added Sugar Apple & Blackcurrant Jelly Pot 125g;£0.48;£0.38/100g;Jelly;null;0.1;4.5;0.9;0.4;0.2;0.7;0.10;
4727679;Dole Mango Jelly 123g;£2.00;£0.40/100g;Jelly;null;null;null;null;null;null;null;null;
4722007;Robinsons Sugar Free Lemon Flavour Jelly 5g;£0.50;£4.35/100g;Jelly;12;0.1;1.4;0.2;0.6;0.2;0.5;0.09;
4721995;Robinsons Summer Fruits Flavour Jelly Pot 125g;£0.48;£0.38/100g;Jelly;null;0.1;18.8;18.8;0.4;0.2;0.9;0.10;
4721991;Robinsons Jelly Apple & Blackcurrant Flavour 125g;£0.48;£0.38/100g;Jelly;null;0.1;19.3;19.0;0.4;0.2;1.0;0.11;
4721997;Robinsons No Added Sugar Orange Flavour Jelly Pot 125g;£0.48;£0.38/100g;Jelly;null;0.1;5.7;1.2;0.4;0.11;1.2;0.12;
4721993;Robinsons No Added Sugar Apple & Blackcurrant Jelly Pot 125g;£0.48;£0.38/100g;Jelly;null;0.1;17.7;16.9;0.4;0.2;0.8;0.09;
4727704;Robinsons No Added Sugar Jelly Summer Fruits Flavour 125g;£0.48;£0.38/100g;Jelly;null;0.1;5.1;1.1;0.3;0.1;0.8;0.10;
4687000;Hartley's 10 Cal Blueberry & Blackcurrant Flavour Jelly;£5.00;£0.23/100g;Jelly;null;0.0;1.0;1.0;0.0;0.0;null;0.20;
4682187;Hartley's 10 Cal Cranberry & Raspberry Flavour Jelly;£5.00;£0.23/100g;Jelly;null;0.0;1.0;1.0;0.0;0.0;null;0.20;
4682183;Hartley's Jelly Strawberry Flavour Jelly;£3.00;£1.00/100g;Jelly;null;0.0;20.0;18.6;0.0;0.0;null;0.1;
4682185;Hartley Blackcurrant Flavour Jelly;£3.00;£1.00/100g;Jelly;null;0.0;14.9;14.7;0.0;0.0;null;0.1;
4713397;Hartleys 10 Cal Orange Jelly;£0.40;£0.22/100g;Jelly;null;null;1.2;null;0.0;0.0;null;0.07;
4713393;Hartley's 10 Cal Strawberry Jelly;£0.40;£0.22/100g;Jelly;null;null;1.1;null;0.0;0.0;null;0.08;
4713395;Hartley's 10 Cal Raspberry Jelly 175g;£0.40;£0.22/100g;Jelly;null;null;1.3;null;0.0;0.0;null;0.07;
2657855;Hartley's Low Calorie Blueberry & Blackcurrant Jelly 175g;£0.40;£0.22/100g;Jelly;null;0.0;1.0;1.0;0.0;0.0;null;0.20;
2899442;Hartley's Pineapple in Jelly 175g;£0.74;£0.42/100g;Jelly;null;0.1;14.9;14.7;0.0;0.0;null;null;
2899444;Hartley's Raspberries in Jelly 175g;£0.74;£0.42/100g;Jelly;null;0.3;14.8;14.8;0.0;0.0;null;0.08;
3629309;Hartley's Low Calorie Apple & Watermelon Flavour Jelly 175g;£0.40;£0.22/100g;Jelly;null;0.0;1.0;1.0;0.0;0.0;null;0.25;
4323955;Hartley's 1 Fruit Portion Raspberry Jelly 175g;£0.74;£0.42/100g;Jelly;null;0.7;15.1;14.5;0.2;0.0;null;0.08;
4323953;Hartley's 1 Fruit Portion Strawberry Jelly 175g;£0.74;£0.42/100g;Jelly;null;0.4;15.4;15.0;0.2;0.0;null;0.06;
3629307;Hartley's Low Calorie Strawberry & Kiwi Flavour Jelly 175g;£0.40;£0.22/100g;Jelly;null;null;0.4;0.4;null;0.0;null;0.09;
2657857;Hartley's Low Calorie Mango & Passion Fruit Jelly 175g;£0.40;£0.22/100g;Jelly;null;0.0;1.0;1.0;0.0;0.0;null;0.25;
4323957;Hartley's Fruit Portion Mango Jelly 175g;£0.74;£0.42/100g;Jelly;null;0.3;15.7;14.8;0.1;0.0;null;0.05;
2657853;Hartley's Low Calorie Cranberry & Raspberry Jelly 175g;£0.40;£0.22/100g;Jelly;5;0.0;1.0;1.0;0.0;0.0;null;0.25;
4615244;Hartley's Mandarin in Jelly 175g;£0.74;£0.42/100g;Jelly;61;0.1;14.9;14.9;0.0;0.0;null;0.08;
4713401;Hartley's No Added Sugar Raspberry Jelly 115g;£0.48;£0.41/100g;Jelly;null;0.0;1.0;1.0;0.0;0.0;null;0.15;
4714202;Hartley's Pinapple Jelly 125g;£0.48;£0.38/100g;Jelly;null;null;20.3;18.8;0.4;0.2;null;0.09;
4729688;Hartley's No Added Sugar Blackcurrent Jelly 115g;£0.48;£0.41/100g;Jelly;null;null;1.0;0.1;0.4;0.1;null;0.10;
4713399;Hartley's No Added Sugar Apple Jelly 115g;£0.48;£0.41/100g;Jelly;null;null;1.1;0.3;0.3;0.1;null;0.10;
22452;Hartley's Raspberry Flavour Jelly 125g;£0.48;£0.38/100g;Jelly;null;0.0;20.0;18.6;0.0;0.0;null;0.1;
521849;Hartley's Lemon and Lime Flavour Jelly 125g;£0.48;£0.38/100g;Jelly;null;0.0;20.0;18.6;0.0;0.0;null;0.25;
1678627;Hartley's No Added Sugar Orange Flavour Jelly 115g;£0.48;£0.41/100g;Jelly;3;null;1.2;null;0.0;0.0;null;0.07;
925443;Hartley's No Added Sugar Strawberry Flavour Jelly 115g;£0.48;£0.41/100g;Jelly;null;null;1.1;null;0.0;0.0;null;0.08;
22449;Hartley's Strawberry Jelly 125g;£0.48;£0.38/100g;Jelly;null;0.0;20.0;18.6;0.0;0.0;null;0.25;
20559;Hartley's Sugar Free Orange Flavour Jelly 23g;£0.75;£3.26/100g;Jelly;null;1.3;0.5;0.5;0.5;0.1;null;0.07;
20561;Hartley's Strawberry Flavour Jelly Sugar Free 23g;£0.75;£3.26/100g;Jelly;null;1.2;0.5;0.5;0.5;0.1;null;0.07;
20560;Hartley's Sugar Free Raspberry Flavour Jelly 23g;£0.75;£3.26/100g;Jelly;null;1.1;0.5;0.5;0.5;0.51;null;0.07;
550374;Hartley's Sugar Free Blackcurrant Flavour Jell 23g;£0.75;£3.26/100g;Jelly;null;1.2;0.5;0.5;0.0;0.0;null;0.07;
19430;Hartley's Strawberry Flavour Jelly 135g;£0.54;£0.40/100g;Jelly;null;5.5;68.5;57.4;0.0;0.0;null;0.4;
19427;Hartley's Orange Flavour Jelly 135g;£0.54;£0.40/100g;Jelly;null;5.5;68.5;57.4;0.0;0.0;null;0.50;
506159;Hartley's Lime Flavour Jelly 135g;£0.54;£0.40/100g;Jelly;null;5.5;68.5;57.4;0.0;0.0;null;0.50;
521842;Hartley's Blackcurrant Flavour Jelly 135g;£0.54;£0.40/100g;Jelly;296;5.5;68.5;57.4;0.0;0.0;null;0.4;
19431;Hartley's Raspberry Flavour Jelly 135g;£0.54;£0.40/100g;Jelly;null;5.5;68.5;57.4;0.0;0.0;null;0.4;
4722001;Robinsons Sugar Free Apple and Blackcurrant Flavour Jelly 5g;£0.50;£4.35/100g;Jelly;15;0.1;1.1;0.2;1.0;0.3;0.5;0.09;
4722009;Robinsons Sugar Free Orange Flavour Jelly 5g;£0.50;£4.35/100g;Jelly;18;0.1;2.4;0.2;0.8;0.3;0.6;0.09;
4722003;Robinsons Sugar Free Orange & Pineapple Flavour Jelly 5g;£0.50;£4.35/100g;Jelly;10;0.1;1.3;0.4;0.4;0.1;0.5;0.08;
4151881;Dole Fruit in Jelly Pineapple in Pineapple Flavour Jelly 123g;£2.00;£0.40/100g;Jelly;null;null;null;null;null;null;null;null;
3498813;Dole Tropical Fruit in Tropical Flavour Jelly 123g;£0.48;£0.39/100g;Jelly;null;0.1;19.5;18;0.1;null;0.7;null;
1704641;Dole Fruit in Jelly Mixed Fruit in Peach Jelly 123g;£0.48;£0.39/100g;Jelly;null;0.1;19.3;18;0.1;null;0.8;null;
4332375;Dole Tropical Gold Breakfast Mix;£0.60;£0.45/100g;Jelly;null;0.5;13.7;13;0.2;0.1;0.8;0.1;
4319031;Crosse & Blackwell 4 Kids Blackcurrant Jelly 125g;£0.45;£0.36/100g;Jelly;null;0.1;20.8;20.8;null;null;null;0.16;
4299758;Vimto Strawberry Flavour Jelly 125g;£0.48;£0.38/100g;Jelly;null;null;null;null;null;null;null;null;
4299754;Vimto No Added Sugar Jelly 125g;£0.48;£0.38/100g;Jelly;null;null;null;null;null;null;null;null;
4299756;Vimto Cherry Jelly 125g;£0.48;£0.38/100g;Jelly;null;null;null;null;null;null;null;null;
4299764;Vimto Jelly 125g;£0.48;£0.38/100g;Jelly;null;0;23.1;23.1;0;0;0;0;
4705955;Vimto Jelly 95g;£0.48;£0.50/100g;Jelly;null;0;23.1;23.1;0;0;0;0;
3630388;Asda Chosen By You Pears in Raspberry Flavour Jelly 120g;£0.42;£0.35/100g;Jelly;null;0.2;18.0;17.6;0.2;null;1.0;0.1;
3568810;Asda Chosen By You No Added Sugar Orange Flavour Jelly 5g;£0.38;£3.30/100g;Jelly;363;66.1;24.3;2.5;0.1;null;0.4;null;
3539377;Ambrosia Rice Pudding;£1.00;£0.20/100g;Dessert Sauces & Toppings;null;3.3;17.1;9.0;2.5;1.5;0.1;0.13;
4734774;Dr Oetker Limited Edition Rose Flavour;£1.29;£3.69/100ml;Dessert Sauces & Toppings;null;null;null;null;null;null;null;null;
4708950;ASDA Extra Special Belgian Chocolate Sauce 215g;£2.00;£0.93/100g;Dessert Sauces & Toppings;null;3.2;57.6;48.4;15.2;7.1;null;null;
4708948;ASDA Extra Special Salted Caramel Sauce 215g;£2.00;£0.93/100g;Dessert Sauces & Toppings;null;1.2;62.0;60.5;13.8;9.0;null;0.8;
3626976;Nestle Carnation Extra Thick Cream 170g;£0.78;£0.45/100g;Dessert Sauces & Toppings;236;null;null;null;null;null;null;null;
1895498;Birds Dream Topping;£0.75;£2.08/100g;Dessert Sauces & Toppings;null;6.2;33.2;32.6;57.2;55.6;0.4;0.5;
1897260;Birds No Added Sugar Dream Topping;£0.75;£2.27/100g;Dessert Sauces & Toppings;null;6.2;29.1;2.0;59.3;57.6;0.4;0.5;
1987686;Birds Raspberry Trifle Flavour Mix 144g;£1.49;£1.03/100g;Dessert Sauces & Toppings;null;2.7;77.3;null;10.9;9.8;1.1;0.5;
827601;Pearce Duff Blancmange 146g;£0.58;£3.97/kg;Dessert Sauces & Toppings;null;2.9;17.1;45;1.8;null;null;null;
2949523;Tropical Sun Sweetened Condensed Milk 397g;£1.00;£0.25/100g;Dessert Sauces & Toppings;null;null;null;null;null;null;null;null;
2683243;Greens Carmelle Mix 70g;£0.60;£0.85/100g;Dessert Sauces & Toppings;89;3.3;15.1;12.5;1.7;1.2;null;0.25;
4450864;Merchant Gourmet Dulce de Leche Caramel Sauce 450g;£3.00;£0.0/each;Dessert Sauces & Toppings;null;7.26;63.8;49;4.73;3.19;null;0.27;
4708944;ASDA Chocolate Mousse Mix 215g;£1.49;£0.69/100g;Dessert Sauces & Toppings;null;1.6;24.3;19.9;29.1;18.1;1.6;0.1;
4708946;ASDA Lemon Mousse Mix 200g;£1.49;£0.74/100g;Dessert Sauces & Toppings;null;1.3;21.2;16.0;29.3;18.5;0.1;0.1;
4708800;Ambrosia Ambrosia Banana Flavour Custard 120g 120g;£0.48;£0.40/100g;Dessert Sauces & Toppings;null;2.8;16.1;12.4;2.9;1.7;0.0;0.10;
4708942;Asda Chosen by You Mixed Berry Mousse Mix 215g;£1.49;£0.69/100g;Dessert Sauces & Toppings;null;1.6;18.0;13.6;25.7;16.2;0.3;0.1;
848960;Askeys Monster Crackin Ice Cream Sauce 225g;£1.00;£0.44/100g;Dessert Sauces & Toppings;null;3.2;49.1;40.8;45.8;14.5;null;0.13;
848956;Askeys Treat Strawberry Ice Cream Sauce 325g;£0.98;£0.30/100g;Dessert Sauces & Toppings;null;0.5;79;75;0.5;0.1;null;0.1;
888081;Askeys Treat! Milk Chocolate Flavour Dessert Sauce 325g;£1.29;£0.39/100g;Dessert Sauces & Toppings;null;0.8;65;62;17;7.7;null;0.1;
848951;Askeys Treat! Toffee Flavour Dessert Sauce 325g;£1.29;£0.39/100g;Dessert Sauces & Toppings;null;1.4;77;73;2.0;1.3;null;0.12;
1987684;Birds Strawberry Trifle Flavour Mix 144g;£1.49;£1.03/100g;Dessert Sauces & Toppings;null;2.6;77.0;null;10.5;9.7;1.6;0.54;
4624818;Dr Oetker Dr. Oetker Cream Pudding 70g;£0.59;£0.84/100g;Dessert Sauces & Toppings;null;0;7;null;8;null;null;11;
4708790;Ambrosia Devon Custard 190g;£0.69;£0.36/100g;Custard;null;2.9;15.5;11.4;2.8;1.6;0.0;0.13;
4414470;Ambrosia My Mini Custard;£1.00;£0.30/100g;Custard;99;2.9;15.5;11.5;2.8;1.6;0.0;0.10;
4708782;Ambrosia Devon Custard Puds with Real Rhubarb Compote 135g;£0.69;£0.51/100g;Custard;null;2.3;18.6;14.0;1.4;0.9;0.1;0.12;
4708778;Ambrosia Devon Custard Puds with Summer Fruits Crumble Clusters 117g;£0.69;£0.59/100g;Custard;null;3.1;22.1;13.3;2.2;1.2;0.2;0.12;
4708786;Ambrosia Devon Custard Puds with Sticky Toffee Crunch Clusters 117g;£0.69;£0.59/100g;Custard;null;3.0;21.8;13.9;2.8;1.5;0.1;0.12;
4708784;Ambrosia Devon Custard Puds with Apple Crumble Clusters 117g;£0.69;£0.59/100g;Custard;null;3.1;22.2;13.1;2.3;1.2;0.3;0.12;
4708780;Ambrosia Devon Custard Puds with Chunky Apple and Blackberry Compote 135g;£0.69;£0.51/100g;Custard;null;2.3;18.8;14.4;1.4;0.9;0.2;0.10;
3638342;Ambrosia Devon Custard;£0.50;£0.12/100g;Custard;null;2.9;15.5;11.5;2.9;1.6;0.0;0.10;
3638344;Ambrosia Low Fat Devon Custard;£0.50;£0.12/100g;Custard;null;2.9;15.4;11.1;1.8;1.0;0.0;0.10;
1517292;Ambrosia Devon Custard;£1.00;£0.20/100g;Custard;null;2.9;15.5;11.5;2.9;1.6;0.0;0.10;
8493;Ambrosia Devon Custard 500g;£0.99;£0.19/100g;Custard;100;2.9;15.5;11.5;2.9;1.6;0.0;0.10;
4321629;Ambrosia Chocolate Flavour Devon Custard 465g;£0.99;£0.21/100g;Custard;null;3.2;18.5;13.9;2.9;1.7;0.7;0.13;
19979;Ambrosia Low Fat Devon Custard 500g;£0.99;£0.19/100g;Custard;null;2.9;15.4;11.1;1.8;1.0;0.0;0.10;
3539369;Ambrosia Low Fat Devon Custard 125g;£1.00;£0.20/100g;Custard;null;2.9;15.4;11.1;1.8;1.0;0.0;0.10;
15544;Ambrosia Devon Custard;£1.85;£0.18/100g;Custard;null;2.9;15.5;11.5;2.9;1.6;0.0;0.10;
536461;Ambrosia Low Fat Devon Custard;£1.85;£0.18/100g;Custard;null;2.9;15.4;11.1;1.8;1.0;0.0;0.10;
1897264;Birds Custard Powder 300g;£0.99;£0.33/100g;Custard;null;0.4;86.2;15.6;0.1;1.6;null;1.0;
2804306;Birds Instant Custard 75g;£1.39;£0.61/100g;Custard;null;4.2;76.7;50.2;11.2;8.5;0.4;0.8;
509953;Asda Chosen By You Ready to Serve Custard 500g;£0.68;£0.13/100g;Custard;null;2.9;16.1;null;2.9;null;null;null;
3454644;Asda Chosen By You Ready to Serve Custard;£0.95;£0.9/100g;Custard;102;2.9;16.1;11.6;2.9;1.8;null;null;
4499608;Asda Chosen By You Custard Powder 300g;£0.85;£0.28/100g;Custard;null;2.8;13.9;10.3;1.3;0.8;1.2;null;
4499610;Asda Chosen By You Instant Custard Mix 84g;£0.42;£0.50/100g;Custard;76;0.8;13.5;9.0;2.1;1.8;null;null;
509952;Asda Chosen By You Ready to Serve Custard 30% Less Fat 500g;£0.68;£0.13/100g;Custard;null;2.9;16.0;null;1.4;null;null;null;
3454646;ASDA 30% Less Fat Ready to Serve Custard;£0.95;£0.9/100g;Custard;88;2.9;16.0;11.4;1.4;0.9;null;null;
4499612;Asda Chosen By You No Added Sugar Instant Custard Powder 75g;£0.38;£0.50/100g;Custard;67;0.9;12.3;3.4;1.6;1.3;null;null;
3993579;Asda Chosen By You Chocolate Custard 175g;£0.42;£0.24/100g;Custard;null;3.0;18.0;13.3;2.3;1.5;0.5;0.1;
3993575;Asda Chosen By You Custard 175g;£0.42;£0.24/100g;Custard;null;3.0;16.0;11.7;2.0;1.3;null;null;
3993577;Asda Chosen By You Low Fat Custard 175g;£0.42;£0.24/100g;Custard;null;2.9;15.7;11.4;1.1;0.7;null;0.1;
3628035;Aunt Bessie's Instant Custard with No Added Sugar 70g;£0.55;£0.78/100g;Custard;86;1.3;14.7;7.8;2.4;2.1;0.4;0.27;
3628033;Aunt Bessie's Instant Custard 78g;£0.55;£0.70/100g;Custard;102;1.2;16.8;13.9;3.2;2.4;0.4;0.22;
2804308;Birds Instant Custard Low Fat 75g;£1.39;£0.61/100g;Custard;null;4.2;79.6;51.1;7.8;5.8;0.4;0.9;
1897256;Birds Instant Custard 75g;£0.69;£0.92/100g;Custard;null;4.1;78.8;51.3;9.1;7.3;0.4;0.83;
1897258;Birds Instant Custard 75g;£0.69;£0.92/100g;Custard;null;4.1;81.3;52.0;6.1;4.8;0.4;0.88;
2354591;Alpro Dairy Free Soya Custard Vanilla 525g;£1.00;£0.19/100g;Custard;null;null;null;null;null;null;null;null;
4499614;Asda Smartprice Instant Custard Mix 70g;£0.15;£0.21/100g;Custard;63;0.6;13.3;7.8;0.8;0.7;null;null;
1367832;Asda Smartprice Ready to Serve Custard 385g;£0.17;£0.4/100g;Custard;null;2.0;14.9;9.8;0.6;0.5;0.1;0.1;
4708796;Ambrosia Chocolate Flavour Custard 120g;£0.48;£0.40/100g;Custard;null;3.0;18.2;14.2;2.9;1.7;0.5;0.10;
4708792;Ambrosia Devon Custard 120g;£0.48;£0.40/100g;Custard;null;2.9;15.5;11.4;2.8;1.6;0.0;0.13;
4708794;Ambrosia Light Devon Custard 120g;£0.48;£0.40/100g;Custard;null;2.9;15.4;11.0;1.8;1.1;0.0;0.13;
4708798;Ambrosia Strawberry Flavour Custard 120g;£0.48;£0.40/100g;Custard;null;2.8;16.1;12.3;2.8;1.6;0.0;0.10;
4716101;ASDA Ice Cream Sweeties 146g;£1.75;£1.20/100g;Ice Pops, Sprinkles & Sundries;null;1.0;89.0;79.4;5.3;3.2;0.7;0.3;
4716103;ASDA Cake Sprinkles 162g;£1.75;£1.08/100g;Ice Pops, Sprinkles & Sundries;null;1.5;89.4;81.4;7.6;4.6;0.6;0.1;
4716107;ASDA Chocolate Ice Cream Fancies 97g;£1.75;£1.80/100g;Ice Pops, Sprinkles & Sundries;null;5.5;66.4;51.2;23.5;14.1;1.0;0.3;
2652710;Askeys Ice Cream Sprinkles Sugar Decorations 145g;£2.25;£1.55/100g;Ice Pops, Sprinkles & Sundries;null;0;99.9;99.9;0;0;null;null;
4272653;Calypso Jubbly Ice Lollies Lemonade;£1.39;£0.28/100ml;Ice Pops, Sprinkles & Sundries;null;null;6.7;6.7;0;0;null;null;
3772139;Calypso Jubbly Ice Lollies Cola;£1.39;£0.28/100ml;Ice Pops, Sprinkles & Sundries;null;0.1;6.3;6.3;0;0;null;0.01;
3772135;Calypso Jubbly Ice Lollies Strawberry;£1.39;£0.28/100ml;Ice Pops, Sprinkles & Sundries;null;0.1;6.4;6.4;0;0;null;0.01;
3772145;Calypso Jubbly Ice Lollies Cherry;£1.39;£0.28/100ml;Ice Pops, Sprinkles & Sundries;null;null;6.9;6.9;null;null;null;null;
3772137;Calypso Jubbly Ice lollies Orange;£1.39;£0.28/100ml;Ice Pops, Sprinkles & Sundries;null;0.1;6.1;6.1;0;0;null;0.01;
4920534;Mr.Freeze Freezepops;£1.49;£0.16/100ml;Ice Pops, Sprinkles & Sundries;null;null;null;null;null;null;null;null;
4698840;Vimto Eezy Freezy Squeezy;£1.15;£0.5/each;Ice Pops, Sprinkles & Sundries;36;0.0;8.6;8.6;0.0;0.0;null;null;
2664514;Disney Pixar Calypso Freezepops;£1.39;£0.17/100ml;Ice Pops, Sprinkles & Sundries;null;null;null;null;null;null;null;null;
372187;Carousel Oyster Delights;£1.20;£0.20/each;Ice Pops, Sprinkles & Sundries;null;4.7;61.5;null;21.1;null;null;null;
3475130;Carousel Nougat Wafers;£1.12;£0.18/each;Ice Pops, Sprinkles & Sundries;null;4.7;69.3;50.0;11.1;9.1;1.2;0.2;
3771879;Carousel 6 Sponge Cookies for Ice Cream;£1.50;£0.25/each;Ice Pops, Sprinkles & Sundries;null;7.2;62.0;33.4;16.9;6.3;1.4;1.9;
3302169;Askeys Waffle Cones;£1.25;£0.12/each;Ice Pops, Sprinkles & Sundries;435;9.0;76.6;27.6;9.9;6.5;1.8;0.2;
3369430;Carousel Chocolate Dipped Cornet Cones;£1.29;£0.21/each;Ice Pops, Sprinkles & Sundries;null;6.2;70.6;null;14.8;null;null;null;
4323934;Asda Chosen By You Teddy Ice Cream Cornets;£1.10;£0.9/each;Ice Pops, Sprinkles & Sundries;381;10.4;75.2;1.6;3.6;0.4;3.1;0.7;
4323930;Asda Chosen By You Ice Cream Cornets;£1.00;£0.4/each;Ice Pops, Sprinkles & Sundries;401;9.4;80.0;1.2;4.3;0.8;2.5;0.5;
4323932;Asda Chosen By You Cup Cones;£1.19;£0.5/each;Ice Pops, Sprinkles & Sundries;null;10.7;81.5;0.8;4.2;0.6;3.4;0.3;
4339878;Asda Chosen By You Fan Wafers;£1.25;£0.6/each;Ice Pops, Sprinkles & Sundries;401;8.4;83.9;33.2;3.0;0.8;2.6;0.2;
4323928;Asda Chosen By You Teddy Ice Cream Cornets;£1.00;£0.5/each;Ice Pops, Sprinkles & Sundries;408;7.3;86.4;32.5;3.2;1.4;2.4;0.5;
4339882;Asda Chosen By You Ice Cream Wafers;£0.50;£0.1/each;Ice Pops, Sprinkles & Sundries;null;13.1;76.5;0.5;2.7;0.6;2.4;0.5;
952370;ASDA Chosen By You 8 Meringue Nests;£1.18;£0.14/each;Ice Pops, Sprinkles & Sundries;389;4.7;91.8;91.8;0.3;null;null;0.5;
4698436;ASDA Sweetheart Wafers;£0.50;£0.6/each;Ice Pops, Sprinkles & Sundries;366;1.5;88.6;0.1;0.3;0.2;1.4;null;
4920532;Disney Frozen Freezepops;£1.49;£0.16/100ml;Ice Pops, Sprinkles & Sundries;null;0;7;7;0;0;null;0;
4711358;Dole Tropical Gold Breakfast Mix;£0.75;£1.74/kg;Lunchbox & Fruit Pots;null;0.4;15;12;0.1;0.1;0.8;0.1;
4731336;Nature’s Finest Juice Pineapple In Juice 220g;£0.92;£0.74/100g;Lunchbox & Fruit Pots;136;0.5;31.7;24;0.2;0.2;1.3;null;
4735013;Nature’s Finest Juice Tropical Fruit Salad Fridge Pack 700g;£2.25;£0.60/100g;Lunchbox & Fruit Pots;158;4.0;36.4;24.4;0.1;0.1;1.8;0.1;
4711362;Dole Tropical Gold Pina Colada;£0.75;£1.74/kg;Lunchbox & Fruit Pots;null;0.5;14;12;0.1;0.1;0.9;0.1;
4711356;Dole Tropical Gold Pineapple Chunks in Juice 567g;£1.14;£2.01/kg;Lunchbox & Fruit Pots;null;null;null;null;null;null;null;null;
4485057;Dole Tropical Gold Premium Pineapple;£0.60;£2.65/kg;Lunchbox & Fruit Pots;null;0.4;13.9;12;0.1;0.1;1;0.1;
4711360;Dole Tropical Gold Tropical Fruits;£0.75;£1.74/kg;Lunchbox & Fruit Pots;null;0.6;13;11;0.2;0.1;1.3;0.1;
4735011;Nature’s Finest Juicy Peach Fridge Pack 700g;£2.25;£0.60/100g;Lunchbox & Fruit Pots;65;0.45;15;15;0.1;0.1;1.8;0.1;
4731350;Nature’s Finest Juicy Mandarin In Juice 390g;£1.49;£0.66/100g;Lunchbox & Fruit Pots;86;1.4;19.8;19.5;0.1;0.1;0.6;null;
4731344;Nature’s Finest Juicy Pear In Juice 400g;£1.49;£0.67/100g;Lunchbox & Fruit Pots;75;0.3;18;15;0.1;0.1;1.3;null;
4731334;Nature’s Finest Juicy Mandarin In Juice 220g;£0.92;£0.68/100g;Lunchbox & Fruit Pots;144;2.4;33;26;0.2;0.1;1.1;null;
4731348;Nature’s Finest Juicy Pear & Pineapple In Juice 400g;£1.49;£0.64/100g;Lunchbox & Fruit Pots;81;0.4;19.1;15.5;0.1;0.1;1.4;null;
4731342;Nature’s Finest Juicy Pineapple In Juice 400g;£1.49;£0.64/100g;Lunchbox & Fruit Pots;77;0.8;18.0;13.6;0.1;0.1;0.8;null;
4731338;Nature’s Finest Juicy Tropical Fruit Salad In Juice 220g;£0.92;£0.74/100g;Lunchbox & Fruit Pots;130;5.5;26.2;25.1;0.2;0.2;1.3;null;
4731340;Nature’s Finest Juicy Mango In Juice 400g;£1.49;£0.71/100g;Lunchbox & Fruit Pots;70;0.6;15.4;15.3;0.3;0.1;1.9;null;
4731346;Nature’s Finest Juicy Peach & Pear In Juice 400g;£1.49;£0.62/100g;Lunchbox & Fruit Pots;71;0.1;17;16;0.1;0.1;1.5;null;
4705953;Azestia Fruity Pot Apple 113g;£0.48;£0.42/100g;Lunchbox & Fruit Pots;null;null;14.2;14.3;0.3;0.2;null;null;
3219364;Azestia FruityPot Peach & Pear 113g;£0.48;£0.42/100g;Lunchbox & Fruit Pots;null;null;14.7;14.6;null;null;null;0;
3219366;Azestia FruityPot Pineapple 113g;£0.48;£0.42/100g;Lunchbox & Fruit Pots;null;0.4;12.9;12.2;null;null;0.7;0;
3219362;Azestia FruityPot Mandarin 113g;£0.48;£0.42/100g;Lunchbox & Fruit Pots;null;0.3;14.7;13.5;0.2;0.1;null;0;
4151875;Dole Fruit in Juice Mandarins 113g;£2.00;£0.44/100g;Lunchbox & Fruit Pots;null;null;null;null;null;null;null;null;
4151877;Dole Fruit in Juice Peaches 113g;£2.00;£0.44/100g;Lunchbox & Fruit Pots;null;null;null;null;null;null;null;null;
3219735;Dole Fruit in Custard Peach 123g;£0.48;£0.39/100g;Lunchbox & Fruit Pots;null;0.2;16.6;12.0;2.3;null;0.4;null;
1318161;Dole Fruit in Jelly Peaches in Strawberry Jelly 123g;£0.48;£0.39/100g;Lunchbox & Fruit Pots;null;0.1;19.3;18;0.1;null;0.8;null;
1318170;Dole Fruit in Jelly Mandarins in Orange Jelly 123g;£0.48;£0.39/100g;Lunchbox & Fruit Pots;null;0.1;19.6;18;0.1;null;0.6;null;
3219731;Dole Fruit in Custard Pineapple 123g;£0.48;£0.39/100g;Lunchbox & Fruit Pots;null;0.2;16.4;12;2.4;null;0.3;null;
897737;Dole Fruit in Juice Pineapple 113g;£0.48;£0.42/100g;Lunchbox & Fruit Pots;null;0.5;13;12;0.1;null;0.9;null;
897714;Dole Fruit in Juice Tropical Fruit 113g;£0.48;£0.42/100g;Lunchbox & Fruit Pots;null;0.5;13;12;0.1;null;1;null;
3219733;Dole Fruit in Custard Mango 123g;£0.48;£0.39/100g;Lunchbox & Fruit Pots;null;0.3;17.3;12.0;2.4;null;0.6;null;
897746;Dole Mixed Fruit in Light Syrup 113g;£0.48;£0.42/100g;Lunchbox & Fruit Pots;null;0.3;17;16;0.1;null;1;null;
4151869;Dole Fruit in Juice, Pineapple & Mango 113g;£0.48;£0.42/100g;Lunchbox & Fruit Pots;null;0.5;12.8;12.8;0.2;null;1.1;0.1;
4151865;Dole Fruit in Juice, Pineapple & Mandarins 113g;£0.48;£0.42/100g;Lunchbox & Fruit Pots;null;0.4;13.2;13.2;0.1;null;0.7;0.1;
4151867;Dole Fruit in Juice, Pineapple & Peaches 113g;£0.48;£0.42/100g;Lunchbox & Fruit Pots;null;0.4;13.4;13.4;0.1;null;0.9;0.1;
1517292;Ambrosia Devon Custard;£1.00;£0.20/100g;Lunchbox & Fruit Pots;null;2.9;15.5;11.5;2.9;1.6;0.0;0.10;
3539369;Ambrosia Low Fat Devon Custard 125g;£1.00;£0.20/100g;Lunchbox & Fruit Pots;null;2.9;15.4;11.1;1.8;1.0;0.0;0.10;
3539377;Ambrosia Rice Pudding;£1.00;£0.20/100g;Lunchbox & Fruit Pots;null;3.3;17.1;9.0;2.5;1.5;0.1;0.13;
3993577;Asda Chosen By You Low Fat Custard 175g;£0.42;£0.24/100g;Lunchbox & Fruit Pots;null;2.9;15.7;11.4;1.1;0.7;null;0.1;
3993579;Asda Chosen By You Chocolate Custard 175g;£0.42;£0.24/100g;Lunchbox & Fruit Pots;null;3.0;18.0;13.3;2.3;1.5;0.5;0.1;
3993575;Asda Chosen By You Custard 175g;£0.42;£0.24/100g;Lunchbox & Fruit Pots;null;3.0;16.0;11.7;2.0;1.3;null;null;
4734747;Natural Selection Cranberrys;£1.00;£0.66/100g;Lunchbox & Fruit Pots;null;null;null;null;null;null;null;null;
4724655;Asda Chocolate Sponge Puddings;£1.00;£0.41/100g;Sponge & Rice Pudding;315;3.2;40.5;22.4;15.4;5.3;0.9;0.5;
4826883;Cadbury Milk Chocolate Sticky Puds;£1.69;£0.84/each;Sponge & Rice Pudding;null;4.2;48.9;27.1;16.0;6.0;0.8;0.50;
4704050;ASDA Creamed Rice Pudding 624g;£0.70;£0.11/100g;Sponge & Rice Pudding;96;3.0;17.9;10.2;1.4;0.9;0.1;0.1;
4724657;Asda Chosen by You 2 Spotted Dick Sponge Puddings;£1.00;£0.41/100g;Sponge & Rice Pudding;330;2.9;43.1;28.6;15.6;3.9;2.7;0.4;
4708788;Ambrosia Creamy Rice Puds with Real Strawberry Compote 135g;£0.69;£0.51/100g;Sponge & Rice Pudding;null;2.6;20.1;13.2;2.0;1.2;0.2;0.10;
4724663;Asda Chosen by You 2 Banoffee Desserts;£1.00;£0.41/100g;Sponge & Rice Pudding;347;2.4;44.2;29.4;17.3;6.9;2.4;0.5;
4724659;Asda Chosen by You 2 Jam Sponge Puddings;£1.00;£0.41/100g;Sponge & Rice Pudding;310;2.5;47.0;26.6;12.3;3.6;0.8;0.5;
4724661;Asda Chosen by You 2 Sticky Toffee Puddings;£1.00;£0.41/100g;Sponge & Rice Pudding;343;2.1;43.4;29.6;17.3;7.5;2.7;0.5;
4826885;Cadbury Fudge Sticky Puds;£1.69;£0.84/each;Sponge & Rice Pudding;null;3.9;48.4;27.0;16.3;6.2;0.7;0.46;
4724653;ASDA Chosen by You 2 Syrup Sponge Puddings;£1.00;£0.41/100g;Sponge & Rice Pudding;283;2.2;43.4;28.7;10.7;3.2;2.3;0.5;
3630371;Mr. Kipling Exceedingly Good... Lemon Sponge Puddings 109g;£0.97;£0.89/100g;Sponge & Rice Pudding;369;3.2;51.1;33.9;16.7;5.8;0.7;0.39;
4826887;Mr. Kipling Exceedingly Good Cherry Bakewell Sponge Puddings;£0.97;£0.48/each;Sponge & Rice Pudding;366;3.1;52.9;34.8;15.7;5.5;0.6;0.37;
3630377;Mr. Kipling Exceedingly Good... Raspberry Sponge Puddings 109g;£0.97;£0.89/100g;Sponge & Rice Pudding;364;3.1;52.5;34.4;15.6;5.5;0.7;0.38;
3630379;Mr. Kipling Exceedingly Good... Golden Syrup Sponge Puddings 109g;£0.97;£0.89/100g;Sponge & Rice Pudding;366;3.1;53.1;36.0;15.5;5.5;0.6;0.41;
3011338;Simpsons Spotted Dick Sponge;£1.50;£0.57/100g;Sponge & Rice Pudding;null;3.0;43.6;24.0;15.6;4.5;2.3;null;
3011336;Simpsons Chocolate Sponge with Sauce;£1.50;£0.57/100g;Sponge & Rice Pudding;null;3.4;39;26.4;15.6;5.1;1.9;null;
3011340;Simpson Sticky Toffee Sponge with Sauce;£1.50;£0.57/100g;Sponge & Rice Pudding;null;2.3;44.9;30.5;16.4;6.6;2.2;null;
3011334;Simpsons Syrup Sponge with Sauce;£1.50;£0.57/100g;Sponge & Rice Pudding;null;2.3;48.5;33.7;10.5;3.5;1.8;null;
4414468;Ambrosia My Mini Rice;£1.00;£0.30/100g;Sponge & Rice Pudding;104;3.3;17.0;9.0;2.5;1.5;0.0;0.13;
3881030;Ambrosia Light Rice 115g;£0.45;£0.39/100g;Sponge & Rice Pudding;null;3.4;16.0;7.9;0.9;0.5;0.1;0.13;
3881034;Ambrosia Rice Strawberry 120g;£0.48;£0.40/100g;Sponge & Rice Pudding;null;2.9;17.8;null;2.2;null;null;null;
3881044;Ambrosia Rice Original 190g;£0.69;£0.36/100g;Sponge & Rice Pudding;null;3.3;17.1;null;2.5;null;null;null;
3881038;Ambrosia Rice Original 120g;£0.48;£0.40/100g;Sponge & Rice Pudding;null;3.3;17.1;null;2.5;null;null;null;
3881040;Ambrosia Rice Devon Custard 190g;£0.69;£0.36/100g;Sponge & Rice Pudding;null;3.2;17.1;null;2.5;null;null;null;
3881032;Ambrosia Rice Chocolate 120g;£0.48;£0.40/100g;Sponge & Rice Pudding;null;3.1;17.9;null;2.5;null;null;null;
3881036;Ambrosia Rice Apple 120g;£0.48;£0.40/100g;Sponge & Rice Pudding;null;3.0;18.7;null;2.3;null;null;null;
4048025;Ambrosia Tapioca;£0.50;£0.13/100g;Sponge & Rice Pudding;null;2.7;12.4;8.6;1.6;1.1;null;0.15;
15542;Whitworths Semolina 500g;£1.00;£0.20/100g;Sponge & Rice Pudding;null;11.1;69.2;0.7;1.4;0.3;3.7;null;
8518;Whitworths Ground rice 500g;£1.00;£2.00/kg;Sponge & Rice Pudding;null;7.7;77.7;0.5;0.8;0.2;0.7;null;
3638356;Ambrosia Creamy Rice With Sultanas & Nutmeg;£0.50;£0.12/100g;Sponge & Rice Pudding;null;3.3;17.1;9.9;2.8;1.7;0.1;0.20;
3638350;Ambrosia Low Fat Rice Pudding;£0.50;£0.12/100g;Sponge & Rice Pudding;null;3.2;16.5;9.0;1.3;0.7;0.1;0.13;
3638360;Ambrosia Macaroni;£0.50;£0.12/100g;Sponge & Rice Pudding;null;3.7;14.5;8.8;1.7;1.0;0.3;0.13;
3638354;Ambrosia Organic Rice Pudding;£0.50;£0.12/100g;Sponge & Rice Pudding;null;3.5;15.6;8.0;3.7;2.3;0.1;0.10;
3881028;Ambrosia Rice Pudding 500g;£1.48;£0.29/100g;Sponge & Rice Pudding;null;3.3;17.1;9.0;2.5;1.5;0.1;0.13;
3638358;Ambrosia Semolina 400g;£0.94;£0.23/100g;Sponge & Rice Pudding;null;3.4;12.7;8.8;1.8;1.1;0.3;0.15;
3700038;Asda Home Baking Pudding Rice 500g;£0.97;£1.94/kg;Sponge & Rice Pudding;null;7.0;76.0;0.2;0.8;0.2;2.6;null;
3630019;Asda Chosen By You Creamed Rice Pudding 400g;£0.55;£0.13/100g;Sponge & Rice Pudding;null;3.0;16.6;9.4;1.4;0.8;0.8;null;
3659827;Asda Good for You Rice Pudding 400g;£0.55;£0.13/100g;Sponge & Rice Pudding;null;2.8;15.5;7.8;0.6;0.2;0.1;null;
3887575;Asda Smartprice Chocolate Sponge Puddings 120g;£0.97;£8.08/kg;Sponge & Rice Pudding;265;3.0;36.4;24.1;11.4;3.8;2.3;0.38;
3633567;Asda Smartprice Rice Pudding 400g;£0.15;£0.3/100g;Sponge & Rice Pudding;null;3.3;15.7;7.5;1.0;0.8;0.9;0.1;
1897262;Birds Semolina;£0.64;£0.65/100g;Sponge & Rice Pudding;null;5.9;73.5;37.3;13.1;10.0;1.1;0.5;
4934977;Nesquik Milk Slice 26g;£1.00;£0.96/100g;Kids;null;null;null;null;null;null;null;null;
4909758;Actimel Kids Strawberry & Vanilla;£1.50;£0.25/100g;Kids;null;null;null;null;null;null;null;null;
4714025;Actimel Kids Strawberry;£1.50;£0.25/100g;Kids;null;null;null;null;null;null;null;null;
4714023;Actimel Kids Strawberry & Raspberry;£1.50;£0.25/100g;Kids;null;null;null;null;null;null;null;null;
4138920;Munch Bunch Jelly Delight Strawberry;£1.00;£0.29/100g;Kids;null;3.9;13.9;13.2;1.6;1.1;null;0.1;
4138918;Munch Bunch Jelly Delight Strawberry Vanilla;£1.00;£0.29/100g;Kids;null;3.9;13.9;13.2;1.6;1.1;null;0.1;
4720138;Munch Bunch Squashums Squashed Fruit Puree Pouch Strawberry & Apple;£1.48;£0.41/100g;Kids;null;0.4;15.7;14.0;0.3;0.0;null;0.0;
4724529;Yeo Valley Little Yeos Mellow Yellows Organic Fromage Frais 45g;£1.79;£0.66/100g;Kids;null;6.3;11.5;11.0;2.6;1.5;null;0.12;
4724527;Yeo Valley Little Yeos Merry Berries Organic Fromage Frais 45g;£1.79;£0.66/100g;Kids;null;6.3;11.4;10.9;2.7;1.5;null;0.12;
3414121;ASDA Chosen by Kids 4 Raspberry Squidg’ems 80g;£1.10;£0.34/100g;Kids;null;5.4;12.1;11.3;2.3;1.5;0.4;null;
3414119;ASDA Chosen by Kids 4 Strawberry Squidg’ems 80g;£1.10;£0.34/100g;Kids;null;5.3;12.1;11.4;2.3;1.5;0.2;null;
1633091;Frubes Fromage Frais Strawberry Moshi Monsters 40g;£2.00;£0.58/100g;Kids;null;4.9;13.4;12.8;2.8;1.9;0.1;0.13;
1843515;Frubes Fromage Frais Strawberry, Peach & Red Berry 40g;£2.00;£0.55/100g;Kids;null;4.9;13.4;12.9;2.8;1.9;0.1;0.13;
4572323;Frubes Skylanders Vanilla and Strawberry Flavour 40g;£2.00;£0.55/100g;Kids;null;4.9;13.4;12.8;2.8;1.9;0.1;0.12;
3906547;Frubes Pouches Strawberry & Raspberry 70g;£2.00;£0.47/100g;Kids;null;3.3;14.6;14.0;2.5;1.7;null;null;
3592070;Yoplait Wildlife Choobs Vanilla Flavour & Strawberry Flavour 40g;£1.00;£0.41/100g;Kids;null;4.9;13.4;12.8;2.8;1.9;0.1;0.12;
464694;Yoplait Wildlife Variety Choobs 40g;£1.00;£0.41/100g;Kids;null;4.9;13.4;12.9;2.8;1.9;0.1;0.13;
3672630;Disney Princess Yogurt Tubes Mixed 40g;£1.50;£0.41/100g;Kids;95;5.4;12.0;11.8;2.8;1.9;null;0.18;
3140887;Wildlife Fromage Frais Strawberry, Peach & Raspberry 45g;£2.00;£0.24/100g;Kids;null;5.3;12.4;12.0;2.3;1.6;0.1;0.13;
4138893;Muller Kids Corner Limited Edition Footballs 135g;£2.38;£0.44/100g;Kids;142;4.1;19.8;16.4;4.9;3.0;null;0.16;
4138895;Muller Kids Corner Toffee Hoops 135g;£2.38;£0.44/100g;Kids;153;4.1;21.1;18.9;5.5;3.5;null;0.1;
3881909;Muller Little Stars Fromage Frais 45g;£1.58;£0.58/100g;Kids;null;4.8;12.4;11.6;3.9;2.4;null;0.13;
3881913;Muller Little Stars Jellies 70g;£1.58;£0.37/100g;Kids;null;1.1;11.4;11.4;0;0;null;0;
3881911;Muller Little Stars Fromage Frais 45g;£2.00;£0.24/100g;Kids;null;4.8;12.4;11.6;3.9;2.4;null;0.13;
4572325;Munch Bunch Jelly Delight Peach & Apricot;£1.00;£0.29/100g;Kids;null;3.7;13.9;13.3;1.6;1.1;null;0.1;
3675692;Munch Bunch Double Up Strawberry and Raspberry 85g;£1.68;£0.49/100g;Kids;null;null;null;null;null;null;null;null;
3638102;Munch Bunch Double Up Strawberry and Vanilla 85g;£1.68;£0.49/100g;Kids;null;null;null;null;null;null;null;null;
4587303;Munch Bunch Strawberry & Raspberry Fromage Frais 42g;£1.58;£0.62/100g;Kids;null;5.7;13.3;12.6;3;1.9;null;0.1;
3638100;Munch Bunch Double Up Strawberry and Banana 85g;£1.68;£0.49/100g;Kids;null;null;null;null;null;null;null;null;
2710985;Munch Bunch Wholemilk Yogurts 100g;£1.58;£0.39/100g;Kids;null;null;null;null;null;null;null;null;
3025527;Munch Bunch Fromage Frais Fruit Assorted 42g;£1.58;£0.62/100g;Kids;null;6.1;13.1;12.7;3.1;2.0;null;0.1;
2206832;Munch Bunch Drinky Yogurt Strawberry;£1.09;£0.20/100g;Kids;null;2.8;13.1;12.7;1.3;0.9;null;0.1;
2710983;Munch Bunch Fromage Frais Fruit Variety 42g;£1.58;£0.62/100g;Kids;null;5.7;13.3;12.7;3.0;1.9;null;0.1;
4400419;Munch Bunch Double Up Fromage Frais Strawberry & Chocolate 85g;£1.68;£0.49/100g;Kids;112;6.2;15.0;14.5;3.0;2.0;null;0.1;
2552002;Munch Bunch Squashums Raspberry;£1.48;£0.41/100g;Kids;null;null;null;null;null;null;null;null;
4027165;Munch Bunch Squashums Strawberry & Peach;£1.48;£0.41/100g;Kids;null;null;null;null;null;null;null;null;
3103653;Petits Filous Petits Filous Fruit Layers 55g;£1.59;£0.48/100g;Kids;null;null;null;null;null;null;null;null;
2204477;Petits Filous Fruity Smooth Yogurt Strawberry and Raspberry 100g;£1.59;£0.39/100g;Kids;null;null;null;null;null;null;null;null;
4786444;Yoplait Petits Filous Apricot & Strawberry Fromage Frais 85g;£1.59;£0.46/100g;Kids;null;null;null;null;null;null;null;null;
4786442;Yoplait Petits Filous Raspberry & Strawberry Fromage Frais Big Pots 85g;£1.59;£0.46/100g;Kids;null;null;null;null;null;null;null;null;
4786440;Yoplait Petits Filous Fromage Frais Family Pack 18 Pack 47g;£2.00;£0.23/100g;Kids;null;null;null;null;null;null;null;null;
4786436;Yoplait Petits Filous Strawberry Fromage Frais 47g;£1.59;£0.56/100g;Kids;null;null;null;null;null;null;null;null;
4786434;Yoplait Petits Filous Strawberry & Apricot Fromage Frais 47g;£1.59;£0.56/100g;Kids;null;null;null;null;null;null;null;null;
4786432;Yoplait Petits Filous Raspberry & Strawberry Fromage Frais 47g;£1.59;£0.56/100g;Kids;null;null;null;null;3;null;null;null;
3672580;Petits Filous Rice Puddings 90g;£1.59;£0.44/100g;Kids;null;null;null;null;null;null;null;null;
2528309;Nestle Milkybar Chocolate Pots 60g;£1.00;£0.27/100g;Kids;null;null;null;null;null;null;null;null;
2937149;Thomas The Tank Engine Strawberry Fromage Frais 45g;£1.00;£0.37/100g;Kids;null;5.3;12.3;12.0;2.4;1.6;0.1;null;
3752523;Yoplait Peppa Pig Strawberry Fromage Frais 45g;£1.00;£0.37/100g;Kids;null;5.3;12.3;12.0;2.3;1.6;0.1;0.13;
4395471;Yoplait Moshi Monsters Strawberry Yogurt 90g;£1.00;£0.27/100g;Kids;null;3.3;14.2;13.8;2.8;1.9;0.1;0.12;
4138891;Muller Kids Corner Limited Edition 135g;£2.38;£0.44/100g;Kids;153;4.1;21.0;18.4;5.5;3.5;null;0.2;
455156;Nesquik Snack Chocolate 26g;£1.00;£0.96/100g;Kids;null;null;null;null;null;null;null;null;
3927535;Nesquik Choc Pots 60g;£1.00;£0.27/100g;Kids;null;4.4;26.5;22.3;9.3;6.2;null;0.61;
2813928;Yeo Valley Family Farm Little Yeos Assorted Yogurts 360g;£1.50;£1.67/100g;Kids;null;5.4;11.5;10.8;4.5;2.9;null;0.17;
4158358;Ella's Kitchen Strawberry+Pear & Pineapple+Mango Yogurt From 6+ Months 85g;£1.88;£0.55/100g;Kids;102;4.6;13.0;8.3;3.1;1.9;null;null;
4158356;Ella's Kitchen Mango & Banana Fromage Frais From 6+ Months 55g;£1.88;£0.57/100g;Kids;98;4.5;12.6;7.6;3.1;1.9;null;null;
4717328;Bakus Strawberry Fromage Frais 80g;£0.68;£0.85/100g;Kids;null;null;null;null;null;null;null;null;
5015481;ASDA Smartprice Fruit Fromage Frais 55g;£0.42;£0.12/100g;Kids;null;4.4;13.8;11.9;1.6;1.0;null;null;
3599585;Disney Tubes Fruit Yogurt 40g;£1.00;£0.27/100g;Kids;95;5.4;12.0;11.8;2.8;1.9;null;0.18;
2937141;Yoplait Fromage Frais Strawberry 40g;£1.00;£0.41/100g;Kids;null;4.9;13.4;12.8;2.8;1.9;0.1;0.13;
4714057;Muller Light Greek Style Raspberry Fat Free Yogurt;£1.18;£0.24/100g;Diet & Low Fat;69;6.4;9.7;9.2;0.2;0.1;null;0.2;
4692375;Muller Light Greek Style Fruitopolis Strawberry 130g;£2.48;£0.47/100g;Diet & Low Fat;65;4.8;10.8;9.5;0.1;0.1;null;0.2;
4692379;Muller Light Greek Style Fruitopolis Peach Passionfruit 130g;£2.48;£0.47/100g;Diet & Low Fat;65;4.8;10.7;9.4;0.1;0.1;null;0.2;
4692377;Muller Light Greek Style Fruitopolis Cherry 130g;£2.48;£0.47/100g;Diet & Low Fat;68;4.8;11.4;10.1;0.1;0.1;null;0.2;
4597545;Muller Limited Edition Pina Colada Fat Free Yogurt 175g;£0.68;£0.38/100g;Diet & Low Fat;55;4.2;8.3;7.6;0.3;0.3;null;0.15;
3673279;Muller Strawberry Fat Free Yogurt 175g;£0.68;£0.38/100g;Diet & Low Fat;51;4.2;7.8;7.1;0.1;0.1;null;0.2;
3673289;Muller Banana Custard Fat Free Yogurt 175g;£0.68;£0.38/100g;Diet & Low Fat;null;4.2;8.5;7.7;0.1;0.1;null;0.2;
3673281;Muller Toffee Fat Free Yogurt 175g;£0.68;£0.38/100g;Diet & Low Fat;51;4.1;7.9;7.1;0.1;0.1;null;0.2;
3673285;Muller Vanilla Fat Free Yogurt 175g;£0.68;£0.38/100g;Diet & Low Fat;51;4.4;7.5;7.0;0.1;0.1;null;0.2;
2862952;Muller Light Fat Free Yogurt Vanilla Sprinkled with Dark Chocolate 165g;£0.68;£0.41/100g;Diet & Low Fat;null;4.3;7.4;7.1;0.5;0.3;null;0.2;
3106458;Muller Light Fat Free Yogurt Orange Sprinkled with Dark Chocolate 165g;£0.68;£0.41/100g;Diet & Low Fat;55;4.3;7.4;7.0;0.5;0.3;null;0.2;
3673283;Muller Cherry Fat Free Yogurt 175g;£0.68;£0.38/100g;Diet & Low Fat;null;4.3;6.9;6.4;0.1;0.1;null;0.2;
3673299;Muller Light Skinny Cappuccino Fat Free Yoghurt 165g;£0.68;£0.41/100g;Diet & Low Fat;56;4.5;7.6;7.3;0.5;0.3;null;0.2;
3673287;Muller Raspberry & Cranberry Fat Free Yogurt 175g;£0.68;£0.38/100g;Diet & Low Fat;null;3.9;8.1;7.0;0.1;0.1;0.5;null;
4582514;Muller Light Turkish Delight Fat Free Yogurt 165g;£0.68;£0.41/100g;Diet & Low Fat;55;4.5;7.4;7.1;0.5;0.3;null;0.2;
4777903;Dale Farm Low Fat Yogurt Selection 125g;£1.72;£0.34/100g;Diet & Low Fat;null;null;null;null;null;null;null;null;
2945909;Dale Farm Low Fat Yogurt Raspberry 125g;£0.47;£0.37/100g;Diet & Low Fat;null;4.5;16.7;15.7;1.2;0.8;0.2;0.3;
2945911;Dale Farm Low Fat Yogurt Rhubarb 125g;£0.47;£0.37/100g;Diet & Low Fat;null;4.4;16.6;15.9;1.2;0.8;0.2;0.3;
2945905;Dale Farm Low Fat Yogurt Strawberry 125g;£0.47;£0.37/100g;Diet & Low Fat;null;4.4;16.1;15.1;1.2;0.8;0.2;0.3;
2945907;Dale Farm Low Fat Yogurt Toffee 125g;£0.47;£0.37/100g;Diet & Low Fat;null;4.5;20.6;19.4;1.6;1.0;0.1;0.3;
4572375;ASDA Red Berry Low Fat Yogurts 125g;£1.00;£0.20/100g;Diet & Low Fat;null;4.8;13.8;12.3;1.2;0.8;0.5;0.2;
3413979;ASDA Chosen by You Toffee Low Fat Yogurt 125g;£1.00;£0.20/100g;Diet & Low Fat;null;4.7;20.5;19.9;2.6;1.6;null;null;
4714113;ASDA Low Fat Yogurts Mango & Passion Fruit 125g;£1.00;£0.20/100g;Diet & Low Fat;null;5.1;13.0;12.9;1.2;0.8;0.3;0.2;
3413975;ASDA Low Fat Hazelnut Yogurt 125g;£1.00;£0.20/100g;Diet & Low Fat;109;5.1;15.5;15.5;2.8;1.2;0.8;0.2;
3904268;ASDA Low Fat Smooth Confectionary Yogurt 125g;£1.00;£0.13/100g;Diet & Low Fat;null;3.0;17.0;15.5;1.6;1.1;null;0.2;
3904266;ASDA Low Fat Smooth Raspberry & Blackberry, Cherry and Strawberry Yogurt 125g;£1.00;£0.13/100g;Diet & Low Fat;null;3.3;15.7;14.3;1.6;1.1;0.4;0.2;
2037406;ASDA Low Fat Strawberry Yogurt 125g;£1.00;£0.13/100g;Diet & Low Fat;null;3.6;11.9;8.6;1.3;0.9;0.2;0.1;
1166903;ASDA Assorted French Set Yogurt 125g;£1.00;£0.13/100g;Diet & Low Fat;null;3.4;13.3;11.1;3.8;2.7;null;0.1;
2028092;Activia 0% Fat Cherry Yogurt 125g;£2.00;£0.40/100g;Diet & Low Fat;null;null;null;null;null;null;null;null;
4586910;ASDA Chosen by You Greek Style Fat Free Peach and Cherry Yogurts 120g;£1.50;£0.31/100g;Diet & Low Fat;null;4.5;10.4;7.3;0.3;0.2;null;0.2;
4586912;ASDA Greek Style Fat Free Coconut and Honey Yogurts 120g;£1.50;£0.31/100g;Diet & Low Fat;null;4.5;10.8;8.1;0.3;0.2;null;0.2;
4586914;ASDA Greek Style Fat Free Vanilla and Caramel Yogurts 120g;£1.50;£0.31/100g;Diet & Low Fat;null;5.0;10.5;7.7;0.2;0.2;null;0.2;
4586908;ASDA Greek Style Fat Free Strawberry Yogurts 120g;£1.50;£0.31/100g;Diet & Low Fat;null;5.3;11.4;9.1;0.3;0.2;0.5;0.2;
4597541;Muller Light Inspired By Fat Free Yogurt;£1.96;£0.19/100g;Diet & Low Fat;59;4.1;9.8;8.2;0.1;0.1;null;0.2;
3673301;Muller Light Red Fruit Fat Free Yogurt;£1.96;£0.18/100g;Diet & Low Fat;null;3.9;8.1;7.1;0.1;0.1;0.2;null;
3673305;Muller Light Yogurt Toffee & Vanilla;£1.96;£0.18/100g;Diet & Low Fat;null;4.1;7.9;7.1;0.1;0.1;null;0.2;
2784483;Muller Light Fat Free Yogurt Chocolate;£1.96;£0.19/100g;Diet & Low Fat;null;3.3;10.3;9.1;0.4;0.2;null;0.1;
3262529;Muller Light Fat Free Yogurt Inspired By Cheesecake Assorted;£1.96;£0.19/100g;Diet & Low Fat;59;4.1;9.7;8.2;0.1;0.1;null;0.2;
3673303;Muller Light Peach & Pineapple, Mandarin, Mango & Passionfruit Yogurts;£1.96;£0.18/100g;Diet & Low Fat;null;4.2;8.5;7.7;0.1;0.1;null;0.2;
3881927;Muller Light Greek Coconut Vanilla Yogurt;£1.18;£0.24/100g;Diet & Low Fat;null;6.3;9.7;8.9;0.5;0.4;null;0.2;
4597557;Muller Light Greek Style Smooth Mouthwatering Mango Fat Free Yogurt;£1.00;£0.20/100g;Diet & Low Fat;72;6.3;10.5;10.1;0.2;0.1;null;0.2;
4138877;Muller Greek Style Sublime Strawberry Fat Free Yogurt;£1.18;£0.24/100g;Diet & Low Fat;69;6.3;9.8;9.2;0.2;0.1;null;0.2;
4027153;Muller Greek Style Lemon Yoghurt;£1.18;£0.24/100g;Diet & Low Fat;null;6.3;9.7;9.0;0.2;0.1;null;0.2;
3881923;Muller Light Greek Cherry Yogurt;£1.18;£0.24/100g;Diet & Low Fat;null;6.3;10.3;9.8;0.1;0.1;null;0.2;
4395529;Muller Light Greek Style Tempting Toffee Fat Free Yogurt;£1.18;£0.24/100g;Diet & Low Fat;70;6.3;10.1;9.4;0.1;0.1;null;0.3;
4582640;Shape 0% Pineapple & Coconut Yogurt;£1.00;£0.20/100g;Diet & Low Fat;null;null;null;null;null;null;null;null;
1928624;Shape Delights 0% Yogurt Raspberry & Strawberry;£1.00;£0.20/100g;Diet & Low Fat;null;null;null;null;null;null;null;null;
1928626;Shape Delights 0% Yogurt Peach & Passionfruit/Mango;£1.00;£0.20/100g;Diet & Low Fat;null;null;null;null;null;null;null;null;
1928630;Shape Delights 0% Yogurt Blackberry & Cherry;£1.00;£0.20/100g;Diet & Low Fat;null;null;null;null;null;null;null;null;
3601240;Shape Delights 0% Apple & Rhubarb Crumble;£1.00;£0.20/100g;Diet & Low Fat;null;null;null;null;null;null;null;null;
3412366;Shape Delights Smooth Caramel;£1.00;£0.22/100g;Diet & Low Fat;null;null;null;null;null;null;null;null;
3412368;Shape Delights Velvety Chocolate;£1.00;£0.22/100g;Diet & Low Fat;null;null;null;null;null;null;null;null;
4400437;Shape Chocolate & Hazelnut Flavour;£1.00;£0.22/100g;Diet & Low Fat;null;null;null;null;null;null;null;null;
3791567;Benecol Garden Fruits Fat Free Yogurt 120g;£2.38;£0.49/100g;Diet & Low Fat;null;null;null;null;null;null;null;null;
2872626;Ski Yogurt Variety 120g;£1.00;£0.20/100g;Diet & Low Fat;null;null;null;null;null;null;null;null;
4597567;Ski Smooth Limited Edition Low Fat Yogurt Coconut 120g;£1.00;£0.20/100g;Diet & Low Fat;null;null;null;null;null;null;null;null;
2872630;Ski Yogurt Tropical 120g;£1.00;£0.20/100g;Diet & Low Fat;null;null;null;null;null;null;null;null;
2872628;Ski Yogurt Smooth Strawberry & Raspberry 120g;£1.00;£0.20/100g;Diet & Low Fat;null;null;null;null;null;null;null;null;
4954061;Onken Fat Free Apricot Wholegrain Biopot Yogurt 450g;£1.50;£0.33/100g;Diet & Low Fat;null;4.4;15.9;13.6;2.8;1.7;null;0.15;
4934967;Muller Light Greek Style Blissful Blueberry Yogurt;£1.18;£0.24/100g;Diet & Low Fat;68;6.3;9.5;9.0;0.2;0.1;null;0.2;
4934961;Muller Bliss Corner with a Strawberry Fruit Compote 110g;£0.68;£0.61/100g;Corners;151;3.4;23.1;20.4;4.8;3.0;0.7;null;
4714059;Muller Bliss Corner Strawberry Whipped Greek Style Yogurt 110g;£2.68;£0.60/100g;Corners;129;4.1;14.3;14.2;5.9;3.3;null;0.2;
4714061;Muller Bliss Corner Lemon Whipped Greek Style Yogurt 110g;£2.68;£0.60/100g;Corners;161;4.0;22.2;21.3;5.9;3.3;null;0.2;
4714063;Muller Bliss Corner Raspberry Whipped Greek Style Yogurt 110g;£2.68;£0.60/100g;Corners;129;4.2;14.1;14.1;5.9;3.3;null;0.2;
4597535;Muller Corner Chocolate Sprinkles Black Cherry 128g;£0.68;£0.53/100g;Corners;124;3.2;18.8;17.8;3.7;2.3;null;0.1;
3881949;Muller Corner Strawberry 150g;£0.68;£0.45/100g;Corners;114;4.0;15.2;15.2;3.8;2.4;null;0.2;
3881957;Muller Corner Banana Choco Flakes 135g;£0.68;£0.50/100g;Corners;143;4.3;19.3;16.8;5.1;3.2;null;0.2;
3881951;Muller Corner Blackberry & Raspberry 150g;£0.68;£0.45/100g;Corners;107;4.0;13.5;13.5;3.8;2.4;null;0.2;
3881947;Muller Corner Blueberry 150g;£0.68;£0.45/100g;Corners;106;4.0;13.2;13.2;3.8;2.4;null;null;
3881961;Muller Corner Milk Choc Digestive 135g;£0.68;£0.50/100g;Corners;155;4.2;20.8;17.5;5.8;3.4;null;0.2;
3881953;Muller Corner Peach & Apricot 150g;£0.68;£0.45/100g;Corners;109;4.0;13.9;13.9;3.8;2.4;null;0.2;
3881945;Muller Corner Red Cherry 150g;£0.68;£0.45/100g;Corners;107;4.0;13.4;13.4;3.8;2.4;null;0.2;
3881963;Muller Corner Strawberry Shortcake 135g;£0.68;£0.50/100g;Corners;157;4.1;21.2;17.5;5.9;3.4;null;0.2;
3881959;Muller Corner Toffee Hoops 135g;£0.68;£0.50/100g;Corners;153;4.1;21.1;18.9;5.5;3.5;null;0.2;
4395525;Muller Fruit Corner Hawaiian Dream Pineapple 150g;£0.68;£0.45/100g;Corners;109;3.8;14.3;13.6;3.8;2.4;null;0.14;
3881955;Muller Corner Vanilla Choco Balls 135g;£0.68;£0.50/100g;Corners;148;3.9;20.4;18.2;5.3;3.3;null;0.2;
3881917;Muller Corner Limited Edition Chocolate Wafer 135g;£0.68;£0.50/100g;Corners;140;4.1;18.2;16.6;5.4;3.4;null;0.1;
3228952;Muller Corner Greek Style Yogurt with Black Cherry 150g;£0.68;£0.45/100g;Corners;127;4.7;16.0;15.2;4.6;2.8;null;0.2;
4138881;Muller Greek Corner Limited Edition Mango & Passionfruit 150g;£0.68;£0.45/100g;Corners;125;4.6;15.6;14.7;4.6;2.8;null;0.15;
4281023;Muller Greek Corner Sublime Strawberry 150g;£0.68;£0.45/100g;Corners;127;4.7;16.1;16.1;4.6;2.8;null;0.2;
4760327;ASDA Favourite Desserts Split Pots Lemon Meringue & Black Forest 135g;£1.80;£0.22/100g;Corners;150;3.4;23.2;20.1;4.7;3.0;0.5;0.1;
4586920;ASDA Greek Style 6 Split Pots 150g;£1.80;£0.20/100g;Corners;124;2.7;13.0;11.1;6.8;4.6;null;0.1;
4586918;ASDA Strawberry, Toffee & Banana Split Pot Yogurts 135g;£1.80;£0.22/100g;Corners;153;3.8;20.5;15.7;6.2;3.9;null;0.2;
4586916;ASDA Strawberry, Raspberry & Cherry Split Pots 150g;£1.80;£0.20/100g;Corners;104;2.9;15.3;12.7;3.5;2.2;null;0.1;
4597533;Muller Corner Chocolate Sprinkles Strawberry;£2.00;£0.26/100g;Corners;120;3.2;17.9;17.6;3.7;2.3;null;0.1;
4597559;Muller Blackberry and Raspberry;£2.00;£0.22/100g;Corners;107;4.0;13.4;13.4;3.8;2.4;null;0.2;
3881907;Muller Corners British Classics;£2.00;£0.24/100g;Corners;127;2.8;23.5;22.3;2.2;1.4;null;0.1;
4395537;Muller Corner Cheesecake;£2.00;£0.24/100g;Corners;155;3.6;24.3;17.5;4.6;2.2;null;0.4;
3881903;Muller Crunch Corner Vanilla Choco Balls & Banana Chocoflakes;£2.00;£0.24/100g;Corners;143;4.3;19.3;16.8;5.1;3.2;null;0.2;
3881905;Muller Crunch Corner Milk Chocolate Digestive & Strawberry Shortcake Variety Pack;£2.00;£0.24/100g;Corners;157;4.1;21.2;17.5;5.9;3.4;null;0.2;
3881965;Muller Fruit Corners Strawberry, Peach & Apricot;£2.00;£0.22/100g;Corners;114;4.0;15.2;15.2;3.8;2.4;null;0.2;
3130895;Muller Breakfast Corner Strawberry & Tropical;£2.00;£0.24/100g;Corners;119;5.4;18.2;13.1;2.4;1.5;null;0.2;
4420788;Muller Greek Corner Black Cherry/ Strawberry;£2.00;£0.22/100g;Corners;127;4.7;16.1;16.1;4.6;2.8;null;0.1;
4597551;Nestle Aero Chocolate Yogurt 115g;£2.00;£0.43/100g;Corners;null;null;null;null;null;null;null;null;
3825997;Nestle Kit Kat Vanilla Yogurt Split Pots 115g;£2.00;£0.43/100g;Corners;null;null;null;null;null;null;null;null;
4597563;Rolo Toffee Yogurt with Mini Rolo Chocolates 115g;£2.00;£0.43/100g;Corners;null;null;null;null;null;null;null;null;
3825995;Nestle Smartie Vanilla Yogurt Split Pots 120g;£2.00;£0.41/100g;Corners;null;null;null;null;null;null;null;null;
4288201;Scrummy Strawberries;£0.93;£0.55/100g;Corners;null;5.8;24.4;13.1;5.5;1.1;null;0.17;
2462402;Actimel Yogurt Drink Vanilla 100g;£2.74;£0.34/100g;Healthy Yogurt Drinks;null;null;null;null;null;null;null;null;
885139;Actimel Yogurt Drink Fat Free Original 100g;£2.74;£0.34/100g;Healthy Yogurt Drinks;null;null;null;null;null;null;null;null;
4280995;Actimel Lemon & Honey Yogurt Drink 100g;£2.74;£0.34/100g;Healthy Yogurt Drinks;null;null;null;null;null;null;null;null;
2028088;Actimel Yogurt Drink Blueberry 100g;£2.74;£0.34/100g;Healthy Yogurt Drinks;null;null;null;null;null;null;null;null;
2018654;Actimel Yogurt Drink Coconut 100g;£2.74;£0.34/100g;Healthy Yogurt Drinks;null;null;null;null;null;null;null;null;
1044649;Actimel Yogurt Drink Strawberry 100g;£2.74;£0.34/100g;Healthy Yogurt Drinks;null;null;null;null;null;null;null;null;
1666628;Actimel Yogurt Drink Fat Free Strawberry 100g;£2.74;£0.34/100g;Healthy Yogurt Drinks;null;null;null;null;null;null;null;null;
1230300;Actimel Yogurt Drink Multifruit 100g;£2.74;£0.34/100g;Healthy Yogurt Drinks;null;null;null;null;null;null;null;null;
607770;Actimel Yogurt Drink Original 100g;£2.74;£0.34/100g;Healthy Yogurt Drinks;null;null;null;null;null;null;null;null;
3104792;Actimel Yogurt Drink Raspberry 100g;£2.74;£0.34/100g;Healthy Yogurt Drinks;null;null;null;null;null;null;null;null;
4400439;Actimel Yogurt Drink Mango & Passionfruit 100g;£2.74;£0.34/100g;Healthy Yogurt Drinks;null;null;null;null;null;null;null;null;
2396631;Actimel Yogurt Drink Fat Free;£3.95;£0.32/100g;Healthy Yogurt Drinks;null;null;null;null;null;null;null;null;
2743850;Actimel Yogurt Drink Multifruit;£3.95;£0.32/100g;Healthy Yogurt Drinks;null;null;null;null;null;null;null;null;
2396629;Actimel Yogurt Drink Strawberry;£3.95;£0.32/100g;Healthy Yogurt Drinks;null;null;null;null;null;null;null;null;
4582630;Actimel Yogurt Drink Strawberry & Blueberry;£3.95;£0.32/100g;Healthy Yogurt Drinks;null;null;null;null;null;null;null;null;
3682751;Benecol Yogurt Drink Blueberry;£3.78;£0.93/100g;Healthy Yogurt Drinks;null;null;null;null;null;null;null;null;
1929149;Benecol Yogurt Drink Light;£3.78;£0.93/100g;Healthy Yogurt Drinks;null;null;null;null;null;null;null;null;
1929151;Benecol Yogurt Drink Peach & Apricot;£3.78;£0.93/100g;Healthy Yogurt Drinks;null;null;null;null;null;null;null;null;
3602219;Benecol Yogurt Drink Raspberry;£3.78;£0.93/100g;Healthy Yogurt Drinks;null;null;null;null;null;null;null;null;
1676267;Benecol Yogurt Drink Strawberry;£3.78;£0.93/100g;Healthy Yogurt Drinks;null;null;null;null;null;null;null;null;
4633350;Benecol Plus Heart Vitamin B1 Multifruit;£3.78;£0.93/100g;Healthy Yogurt Drinks;null;null;null;null;null;null;null;null;
4585088;Benecol Fat Free Berries 125g;£2.38;£0.47/100g;Healthy Yogurt Drinks;null;null;null;null;null;null;null;null;
194107;Yakult Fermented Milk;£2.74;£0.60/100g;Healthy Yogurt Drinks;null;null;null;null;null;null;null;null;
1025825;Yakult Fermented Milk Light;£2.74;£0.60/100ml;Healthy Yogurt Drinks;null;null;null;null;null;null;null;null;
4760333;ASDA Inner Defence Blueberry Yogurt Drinks 100g;£1.60;£0.20/100g;Healthy Yogurt Drinks;null;2.2;12.5;11.7;0.7;0.5;null;0.1;
4760335;ASDA Inner Defence Coconut Yogurt Drinks 100g;£1.60;£0.20/100g;Healthy Yogurt Drinks;null;2.1;14.6;13.2;0.8;0.5;null;0.1;
4760342;ASDA Chosen by You Cholesterol Lowering Blueberry Yogurt Drinks 100g;£2.00;£0.33/100g;Healthy Yogurt Drinks;null;3.2;11.4;11.4;0.2;0.1;null;0.1;
4760344;ASDA Chosen by You Cholesterol Lowering Original Yogurt Drinks 100g;£2.00;£0.33/100g;Healthy Yogurt Drinks;null;3.4;12.6;12.6;0.2;0.1;null;0.1;
4760339;ASDA Chosen by You Cholesterol Lowering Strawberry Yogurt Drinks 100g;£2.00;£0.33/100g;Healthy Yogurt Drinks;null;3.0;11.7;11.7;0.4;0.3;null;0.1;
4786151;Actimel 0% Fat Raspberry 100g;£2.74;£0.34/100g;Healthy Yogurt Drinks;null;null;null;null;null;null;null;null;
4735043;Muller Smooth Multi Fruit Yogurt Drinks 100g;£1.50;£0.25/100g;Healthy Yogurt Drinks;52;2.5;9.9;9.6;0;0;null;0.1;
4735039;Muller Smooth Raspberry Yogurt Drinks 100g;£1.50;£0.25/100g;Healthy Yogurt Drinks;52;2.5;9.9;9.5;0;0;null;0.1;
4735037;Muller Smooth Strawberry Yogurt Drinks 100g;£1.50;£0.25/100g;Healthy Yogurt Drinks;51;2.5;9.7;9.4;0;0;null;0.1;
4735041;Muller Smooth Vanilla Yogurt Drinks 100g;£1.50;£0.25/100g;Healthy Yogurt Drinks;54;2.5;10.6;10.3;0;0;null;0.1;
4934979;Danone Fibre 172g;£0.99;£0.57/100g;Everyday Health Yogurts;null;null;null;null;null;null;null;null;
4012546;Activia Breakfast Pot Hint of Honey & Crunchy Clusters 160g;£1.00;£0.62/100g;Everyday Health Yogurts;null;null;null;null;4.0;null;null;null;
4012550;Activia Breakfast Pot Vanilla & Crunchy Clusters 160g;£1.00;£0.62/100g;Everyday Health Yogurts;null;null;null;null;null;null;null;null;
4582544;Activia Fruit Fusion Mango & Passionfruit;£1.09;£0.21/100g;Everyday Health Yogurts;null;null;null;null;null;null;null;null;
4582532;Activia Fruit Fusion Raspberry & Lychee;£1.09;£0.21/100g;Everyday Health Yogurts;null;null;null;null;null;null;null;null;
4582536;Activia Fruit Fusion Blueberry & Acai;£1.09;£0.21/100g;Everyday Health Yogurts;null;null;null;null;null;null;null;null;
4280999;Activia Summer Specials 0% Fat Refreshing Lemon & Lime 125g;£2.00;£0.40/100g;Everyday Health Yogurts;null;null;null;null;null;null;null;null;
2028086;Activia Yogurt Fat Free Forest Fruits 125g;£2.00;£0.40/100g;Everyday Health Yogurts;null;null;null;null;null;null;null;null;
2337334;Activia Yogurt Fat Free Vanilla 125g;£2.00;£0.40/100g;Everyday Health Yogurts;null;null;null;null;null;null;null;null;
838455;Activia Yogurt Fat Free Peach 125g;£2.00;£0.40/100g;Everyday Health Yogurts;null;null;null;null;null;null;null;null;
2337332;Activia Yogurt Fat Free Raspberry 125g;£2.00;£0.40/100g;Everyday Health Yogurts;null;null;null;null;null;null;null;null;
2028094;Activia Yogurt Fibre Cereal 120g;£2.00;£0.41/100g;Everyday Health Yogurts;null;null;null;null;null;null;null;null;
4281001;Activia Summer Specials Exotic Pineapple & Coconut 125g;£2.00;£0.40/100g;Everyday Health Yogurts;null;null;null;null;null;null;null;null;
1025457;Activia Yogurt Strawberry 125g;£2.00;£0.40/100g;Everyday Health Yogurts;null;null;null;null;null;null;null;null;
2873436;Activia Yogurt Mango 125g;£2.00;£0.40/100g;Everyday Health Yogurts;null;null;null;null;null;null;null;null;
4138965;Activia Yogurt Pear 125g;£2.00;£0.40/100g;Everyday Health Yogurts;null;null;null;null;null;null;null;null;
1513580;Activia Yogurt Rhubarb 125g;£2.00;£0.40/100g;Everyday Health Yogurts;null;null;null;null;null;null;null;null;
1652216;Activia Yogurt Fig 125g;£2.00;£0.40/100g;Everyday Health Yogurts;null;null;null;null;null;null;null;null;
569989;Activia Yogurt Fruit Layer Prune;£1.09;£0.21/100g;Everyday Health Yogurts;null;null;null;null;null;null;null;null;
4582548;Activia Yogurt Raspberry, Cherry, Apricot & Pear 125g;£2.90;£0.29/100g;Everyday Health Yogurts;null;null;null;null;null;null;null;null;
2214521;Activia Yogurt Fat Free Forest Fruit, Blueberry, Cherry and Strawberry 125g;£2.90;£0.29/100g;Everyday Health Yogurts;null;null;null;null;null;null;null;null;
2782554;Activia Fat Free Pineapple, Lemon & Lime, Peach and Vanilla 125g;£2.90;£0.29/100g;Everyday Health Yogurts;null;null;null;null;null;null;null;null;
1845701;Activia Yogurt Fig, Rhubarb, Prune, Cranberry 125g;£2.90;£0.29/100g;Everyday Health Yogurts;null;null;null;null;null;null;null;null;
1845699;Activia Yogurt Strawberry, Pineapple & Coconut, Mango and Apricot 125g;£2.90;£0.29/100g;Everyday Health Yogurts;null;null;null;null;null;null;null;null;
4724535;Benecol Low Fat Greek Style Strawberry & Vanilla Yogurts 125g;£2.38;£0.47/100g;Everyday Health Yogurts;null;null;null;null;null;null;null;null;
4692381;Muller de Luxe Corner Raspberry Parfait 130g;£1.68;£0.64/100g;Indulgent;178;2.7;22.5;17.0;8.3;5.0;null;0.1;
4597537;Muller de Luxe Corner Mississippi Mud Pie 130g;£1.68;£0.64/100g;Indulgent;197;3.1;24.4;21.2;9.2;5.7;null;0.15;
4287218;Muller de Luxe Corner Vanilla D'or 130g;£1.68;£0.64/100g;Indulgent;203;2.9;26.5;22.6;9.2;5.5;null;0.2;
4287222;Muller de Luxe Corner Rum & Raisins 130g;£1.68;£0.64/100g;Indulgent;201;3.0;25.7;24.4;9.0;5.6;null;0.1;
4287220;Muller de Luxe Corner Marc de Champagne 130g;£1.68;£0.64/100g;Indulgent;null;3.0;24.6;21.8;8.8;5.4;0.3;null;
4395535;Muller de Luxe Corner Irish Cream Deluxe 130g;£1.68;£0.64/100g;Indulgent;186;3.1;22.9;20.3;8.9;5.4;null;0.2;
4287216;Muller de Luxe Corner After Dinner Mint 130g;£1.68;£0.64/100g;Indulgent;null;3.2;24.5;22.0;10.0;6.0;null;0.1;
4572381;ASDA Chosen by You Fruit Custard Style Yogurts 100g;£1.00;£0.25/100g;Indulgent;null;3.3;16.0;15.8;3.1;2.1;0.5;0.2;
4586936;ASDA Rich & Creamy 4 White Chocolate & Coconut Yogurts 120g;£1.50;£0.31/100g;Indulgent;131;4.6;16.1;16.1;5.3;3.7;0.2;0.2;
4586940;ASDA Rich & Creamy 4 Fruit Curd Yogurts 120g;£1.50;£0.31/100g;Indulgent;159;4.3;15.0;15.0;9;5.8;0.2;0.2;
4223031;ASDA Blackcurrant West Country Yogurt 150g;£0.70;£0.46/100g;Indulgent;null;4.0;18.3;17.2;1.4;0.9;0.5;0.2;
4223034;ASDA Extra Special Black Cherry West Country Yogurt 150g;£0.70;£0.46/100g;Indulgent;null;2.9;14.7;14.0;7.1;4.9;0.5;null;
4223008;ASDA Extra Special Clotted Cream Fudge West Country Yogurt 150g;£0.70;£0.46/100g;Indulgent;null;3.0;23.6;22.5;7.7;5.1;null;null;
4223025;ASDA Extra Special Coconut West Country Yogurt 150g;£0.70;£0.46/100g;Indulgent;null;3.4;12.5;12.0;10.7;8.6;0.8;null;
4223022;ASDA Extra Special Lemon Curd West Country Yogurt 150g;£0.70;£0.46/100g;Indulgent;null;3.2;18.7;18.7;8.7;5.5;0.2;null;
4223018;ASDA Extra Special Madagascan Vanilla West Country Yogurt 150g;£0.70;£0.46/100g;Indulgent;null;3.2;14.6;14.6;7.9;5.3;null;0.1;
4223040;ASDA Extra Special Timperly Rhubarb West Country Yogurt 150g;£0.70;£0.46/100g;Indulgent;null;2.7;14.4;14.3;6.2;4.2;0.4;0.1;
4223012;ASDA Extra Special Roasted Hazelnut West Country Yogurt 150g;£0.70;£0.46/100g;Indulgent;null;3.2;17.3;17.3;8.5;4.6;0.2;0.1;
4223028;ASDA Extra Special Scottish Raspberry West Country Yogurt 150g;£0.70;£0.46/100g;Indulgent;null;3.0;14.9;13.5;6.0;3.9;0.5;null;
4223020;ASDA Extra Special Strawberry West Country Yogurt 150g;£0.70;£0.46/100g;Indulgent;null;2.6;13.0;13.0;6.7;4.4;0.5;null;
4400423;ASDA Extra Special Bramley Apple & Blackberry West Country Yogurt 150g;£0.70;£0.46/100g;Indulgent;null;2.5;14.0;13.5;6.7;4.4;0.5;0.1;
4714029;Activia Duo Edition Intensely Creamy Apricot & Nectarine Yogurt 110g;£2.38;£0.54/100g;Indulgent;null;null;null;null;null;null;null;null;
4714027;Activia Duo Edition Intensely Creamy Blood Orange & Passionfruit Yogurt 110g;£2.38;£0.54/100g;Indulgent;null;null;null;null;null;null;null;null;
4714031;Activia Duo Edition Intensely Creamy Pear & Apple Yogurt 110g;£2.38;£0.54/100g;Indulgent;null;null;null;null;null;null;null;null;
4582588;Activia Intensely Creamy Strawberry 110g;£2.38;£0.54/100g;Indulgent;null;null;null;null;null;null;null;null;
4582592;Activia Intensely Creamy Yogurt Cherry 110g;£2.38;£0.54/100g;Indulgent;null;null;null;null;null;null;null;null;
4582622;Activia Intensely Creamy Yogurt Blueberry 110g;£2.38;£0.54/100g;Indulgent;null;null;null;null;null;null;null;null;
4582618;Activia Intensely Creamy Yogurt Coconut 110g;£2.38;£0.54/100g;Indulgent;null;null;null;null;null;null;null;null;
4582604;Activia Intensely Creamy Yogurt Vanilla 110g;£2.38;£0.54/100g;Indulgent;null;null;null;null;null;null;null;null;
4582608;Activia Intensely Creamy Yogurt Raspberries & Cream 110g;£2.38;£0.54/100g;Indulgent;null;null;null;null;null;null;null;null;
4582596;Activia Intensely Creamy Yogurt Peaches & Cream 110g;£2.38;£0.54/100g;Indulgent;null;null;null;null;null;null;null;null;
4582600;Activia Intensely Creamy Yogurt Zesty Lemon 110g;£2.38;£0.54/100g;Indulgent;null;null;null;null;null;null;null;null;
4735033;Oykos Heavenly... Creamy Yogurt with a Salted Caramel Layer 110g;£1.00;£0.45/100g;Indulgent;null;null;null;null;null;null;null;null;
4735035;Oykos Heavenly...Creamy Yogurt with a Cinnamon Apple Fruit Layer 110g;£1.00;£0.45/100g;Indulgent;null;null;null;null;null;null;null;null;
3922313;Oykos Greek Yogurt with Pear 110g;£2.18;£0.49/100g;Indulgent;null;null;null;null;null;null;null;null;
4280993;Oykos Luxury Greek Style Yogurt with a Citrus Fruit Layer 110g;£2.18;£0.49/100g;Indulgent;null;null;null;null;null;null;null;null;
3922315;Oykos Greek Yogurt with Strawberry 110g;£2.18;£0.49/100g;Indulgent;null;null;null;null;null;null;null;null;
3922311;Oykos Greek Yogurt with Peach 110g;£2.18;£0.49/100g;Indulgent;null;null;null;null;8;null;null;null;
3104480;Perle De Lait Yogurt Dessert Lemon 125g;£1.98;£0.39/100g;Indulgent;null;2.8;12.4;11.4;8.6;5.8;0.1;0.14;
3104478;Perle De Lait Yogurt Dessert Coconut 125g;£1.98;£0.39/100g;Indulgent;null;2.9;10.1;9.1;9.8;6.7;0.1;0.11;
4735057;ASDA Extra Special Caramelised Williams Pear & Bramley Apple West Country Yogurt 150g;£0.70;£0.46/100g;Indulgent;null;2.5;13.6;13.6;7.6;5.0;0.5;0.1;
4597549;After Eight Mint Yogurt with Dark Chocolate Mint Thins 115g;£2.00;£0.43/100g;Indulgent;null;null;null;null;null;null;null;null;
4934961;Muller Bliss Corner with a Strawberry Fruit Compote 110g;£0.68;£0.61/100g;Natural & Greek;151;3.4;23.1;20.4;4.8;3.0;0.7;null;
4934967;Muller Light Greek Style Blissful Blueberry Yogurt;£1.18;£0.24/100g;Natural & Greek;68;6.3;9.5;9.0;0.2;0.1;null;0.2;
4582566;Danone Danio Minis 0% Fat Strained Yogurt Strawberry 100g;£2.38;£0.59/100g;Natural & Greek;null;null;null;null;null;null;null;null;
4582562;Danone Danio Minis 0% Fat Strained Yogurt Blueberry 100g;£2.38;£0.59/100g;Natural & Greek;null;null;null;null;null;null;null;null;
4582580;Danone Danio Minis 0% Fat Strained Yogurt Mango 100g;£2.38;£0.59/100g;Natural & Greek;null;null;null;null;null;null;null;null;
3263152;ASDA Fat Free Greek Style Yogurt 200g;£0.50;£0.25/100g;Natural & Greek;null;7.4;5.3;5.3;0.4;0.3;null;0.2;
3672594;ASDA Fat Free Greek Style Yogurt 500g;£0.90;£0.18/100g;Natural & Greek;54;7.4;5.3;5.3;0.4;0.3;null;0.2;
3672596;ASDA Chosen by You Greek Style Yogurt 200g;£0.50;£0.25/100g;Natural & Greek;null;4.5;6.6;6.6;11.0;6.8;null;null;
1944643;ASDA Greek Style Natural Yogurt;£0.75;£0.15/100g;Natural & Greek;143;4.5;6.6;6.6;11.0;6.8;null;null;
3904264;ASDA Greek Style Natural Yogurt;£1.40;£0.14/100g;Natural & Greek;null;4.2;7.0;7.0;9.5;6.4;null;null;
4572341;ASDA Fat Free Greek Style Yogurt with Honey 450g;£0.90;£0.20/100g;Natural & Greek;66;7.4;8.5;8.4;0.3;0.2;null;0.2;
2872300;ASDA Greek Style Yogurt with Honey 200g;£0.50;£0.25/100g;Natural & Greek;null;3.8;16.2;15.7;8.5;5.2;null;null;
3672598;ASDA Greek Style Yogurt with Honey 450g;£0.90;£0.20/100g;Natural & Greek;157;3.8;16.2;15.7;8.5;5.2;null;null;
4597587;Perle De Lait Enchanting Strawberry Greek Style 125g;£1.98;£0.39/100g;Natural & Greek;null;2.3;12.3;11.0;7.0;4.7;0.3;0.12;
4597589;Perle De Lait Heavenly Mango Greek Style 125g;£1.98;£0.39/100g;Natural & Greek;null;2.3;12.6;11.2;7.0;4.7;0.2;0.10;
2113401;ASDA Low Fat Natural Yogurt 200g;£0.50;£0.25/100g;Natural & Greek;null;5.3;7.9;7.9;1.4;1.0;null;null;
3425334;ASDA Fat Free Natural Yogurt;£0.55;£0.11/100g;Natural & Greek;55;5.6;7.7;7.7;0.2;null;null;null;
2113397;ASDA Low Fat Natural Yogurt 500g;£0.75;£0.15/100g;Natural & Greek;65;5.3;7.9;7.9;1.4;1.0;null;0.2;
3414019;ASDA Low Fat Natural Yogurt;£1.40;£0.14/100g;Natural & Greek;null;5.3;7.9;7.9;1.4;1.0;null;null;
4210784;ASDA Natural Fromage Frais 500g;£1.00;£0.20/100g;Natural & Greek;null;7.3;5.0;5.0;0.3;0.1;null;0.1;
4572337;ASDA Whole Milk Natural Yogurt 500g;£0.75;£0.15/100g;Natural & Greek;82;5.3;6.3;6.3;3.9;2.5;null;0.2;
3766239;ASDA Natural Set Yogurt;£0.75;£1.50/kg;Natural & Greek;null;3.2;5.2;4.8;3.2;2.4;null;0.1;
2026331;ASDA Smartprice Low Fat Natural Yogurt 500g;£0.45;£0.9/100g;Natural & Greek;null;4.3;7.0;6.4;1.5;1.1;null;0.2;
3788145;ASDA Extra Special Fat Free Authentic Greek Yogurt 400g;£1.35;£0.33/100g;Natural & Greek;null;9.0;4.0;4.0;null;null;null;null;
4698554;Danone Danio 0% Fat Strained Yogurt Passionfruit 150g;£0.85;£0.56/100g;Natural & Greek;null;null;null;null;null;null;null;null;
4698560;Danone Danio Low Fat Strained Yogurt Peach 150g;£0.85;£0.56/100g;Natural & Greek;null;null;null;null;null;null;null;null;
4698558;Danone Danio Low Fat Strained Yogurt Blueberry 150g;£0.85;£0.56/100g;Natural & Greek;null;null;null;null;null;null;null;null;
4698556;Danone Danio 0% Fat Strained Yogurt Strawberry 150g;£0.85;£0.56/100g;Natural & Greek;null;null;null;null;null;null;null;null;
4698552;Danone Danio 0% Fat Strained Yogurt Cherry 150g;£0.85;£0.56/100g;Natural & Greek;null;null;null;null;null;null;null;null;
4582554;Danio 0% Fat Yogurt with Honey 150g 150g;£0.85;£0.56/100g;Natural & Greek;null;null;null;null;null;null;null;null;
4582552;Danio 0% Fat Yogurt with a Mango Layer 150g;£0.85;£0.56/100g;Natural & Greek;null;null;null;null;null;null;null;null;
4582558;Danio 0% Fat Natural Yogurt 150g;£0.85;£0.56/100g;Natural & Greek;null;null;null;null;null;null;null;null;
3102543;Desi Wholemilk Natural Yoghurt 400g;£0.67;£0.15/100g;Natural & Greek;null;null;null;null;null;null;null;null;
2835973;Henna Low Fat Natural Live Yogurt;£1.00;£0.10/100g;Natural & Greek;null;3.9;6.1;3.9;0.4;0.2;0.6;null;
2835967;Henna Low Fat Natural Live Yogurt 400g;£0.45;£0.11/100g;Natural & Greek;null;3.9;6.1;3.9;0.4;0.2;0.6;null;
2835963;Lancashire farm Natural Live Yogurt 470g;£0.70;£0.14/100g;Natural & Greek;null;null;null;null;null;null;null;null;
2835971;Lancashire farm Natural Yogurt;£1.35;£0.13/100g;Natural & Greek;null;5.2;null;null;null;null;null;null;
4022070;Lancashire farm Low Fat Natural Yogurt;£1.35;£0.13/100g;Natural & Greek;null;null;null;null;null;null;null;null;
4597569;Liberté Strained Greek Style Natural Yogurt;£1.00;£0.20/100g;Natural & Greek;null;9.6;3.6;3.6;0.1;0.1;0.1;0.14;
4597573;Liberté Strained Greek Style on a Honey Layer;£1.00;£0.25/100g;Natural & Greek;null;7.7;13.9;13.2;0.1;0.1;0.1;0.15;
4714043;Liberté Real Yogurt Satisfaction Strained Greek Style Honey;£1.00;£0.20/100g;Natural & Greek;null;7.7;13.9;13.2;0.1;0.1;0.1;0.15;
4597575;Liberté Greek Style on a Lemon Layer;£1.00;£0.25/100g;Natural & Greek;null;7.4;13.9;13.2;2.0;1.4;0.1;0.19;
4395479;Liberté Strained Greek Style Strawberry Fields;£1.00;£0.25/100g;Natural & Greek;null;7.8;11.8;11.4;0.1;0.1;0.2;0.12;
4395481;Liberté Strained Greek Style Blueberry Harvest;£1.00;£0.25/100g;Natural & Greek;null;7.7;11.8;11.4;0.1;0.1;0.5;0.12;
3413989;ASDA Greek Style Honey Rich & Creamy Yogurt 100g;£1.00;£0.25/100g;Natural & Greek;null;3.6;15.2;13.9;8.0;5.5;null;0.1;
3689714;Onken Fat Free Natural Biopot Yogurt 450g;£1.25;£0.27/100g;Natural & Greek;null;5.4;4.3;4.3;0.1;0.1;null;0.20;
3689712;Onken Natural Set Biopot Yogurt 500g;£1.25;£0.25/100g;Natural & Greek;null;3.7;3.4;3.4;3.7;2.4;null;0.15;
3689720;Onken Natural Biopot Yogurt;£2.15;£0.21/100g;Natural & Greek;null;4.5;4.1;4.1;3.5;2.3;null;0.13;
3271884;Total Fat Free Greek Yogurt 170g;£1.00;£0.58/100g;Natural & Greek;null;null;null;null;null;null;null;null;
3872201;Total Greek Yogurt Honey 170g;£1.05;£0.61/100g;Natural & Greek;null;null;null;null;null;null;null;null;
1936863;Total Fat Free Greek Yogurt 500g;£2.38;£0.47/100g;Natural & Greek;null;null;null;null;null;null;null;null;
2201898;Total Low Fat Greek Yogurt 500g;£2.38;£0.47/100g;Natural & Greek;null;null;null;null;null;null;null;null;
2835969;Pakeeza Natural Live Set Yogurt 425g;£0.65;£0.15/100g;Natural & Greek;null;null;null;null;null;null;null;null;
4866413;Danone Danio Vanilla Fromage Frais;£0.45;£0.32/100g;Natural & Greek;null;5.3;13.7;null;3.0;null;null;null;
4954061;Onken Fat Free Apricot Wholegrain Biopot Yogurt 450g;£1.50;£0.33/100g;Fruited Big Pots;null;4.4;15.9;13.6;2.8;1.7;null;0.15;
4572353;ASDA Low Fat Raspberry Yogurt 450g;£0.90;£0.20/100g;Fruited Big Pots;83;4.8;13.8;12.3;1.2;0.8;0.5;0.2;
4572369;ASDA Low Fat Strawberry Yogurt 450g;£0.90;£0.20/100g;Fruited Big Pots;83;5.6;12;12;1.3;0.9;0.5;0.15;
4633344;ASDA Low Fat Banana, Honey & Grain Yogurt 450g;£0.90;£0.20/100g;Fruited Big Pots;99;4.6;16.9;16.0;1.4;0.9;0.3;0.2;
4572365;ASDA Low Fat Mango & Passion Fruit Yogurt 450g;£0.90;£0.20/100g;Fruited Big Pots;87;5.2;13;13;1.5;1.0;0.5;0.15;
4572373;ASDA Low Fat Lemon Yogurt 450g;£0.90;£0.20/100g;Fruited Big Pots;92;5.4;15;15;1.2;0.8;0;0.18;
4138930;ASDA Fat Free Red Cherry Yogurt 450g;£0.90;£0.20/100g;Fruited Big Pots;58;5.0;8.1;7.3;0.5;0.1;0.5;0.15;
3776640;ASDA Fat Free Rhubarb & Vanilla Bigpot Yogurt 450g;£0.90;£0.20/100g;Fruited Big Pots;56;4.5;8.0;7.0;0.5;0.1;0.5;0.15;
3776644;ASDA Fat Free Blueberry Yogurt 450g;£0.90;£0.20/100g;Fruited Big Pots;59;4.6;8.7;7.5;0.5;0.1;0.5;0.15;
3689722;Onken Fat Free Strawberry Biopot Yogurt 450g;£1.40;£0.31/100g;Fruited Big Pots;null;4.5;13.4;12.8;0.1;0.1;null;0.18;
3689732;Onken Cherry Biopot Yogurt 450g;£1.40;£0.31/100g;Fruited Big Pots;null;4.1;15.4;14.8;2.7;1.7;null;0.2;
3689738;Onken Fat Free Mango & Apple Biopot Yogurt 450g;£1.40;£0.31/100g;Fruited Big Pots;null;4.4;16.0;15.0;0.2;0.1;null;0.19;
3689730;Onken Mango, Papaya & Passion Fruit Biopot Yogurt 450g;£1.40;£0.31/100g;Fruited Big Pots;null;4;14.3;13.7;2.7;1.7;null;0.18;
4140869;Onken Fat Free Blueberry & Elderberry Biopot Yogurt 450g;£1.40;£0.31/100g;Fruited Big Pots;null;4.4;15;14;0.2;0.1;null;0.18;
3915489;Onken Raspberry Biopot Yogurt 450g;£1.40;£0.31/100g;Fruited Big Pots;null;4.1;13.7;13;2.7;1.7;null;0.23;
3689726;Onken Wholegrain Strawberry Biopot Yogurt 450g;£1.40;£0.31/100g;Fruited Big Pots;null;4.4;15.9;13.6;2.8;1.7;null;0.15;
3689728;Onken Wholegrain Peach Biopot Yogurt 450g;£1.40;£0.31/100g;Fruited Big Pots;null;4.2;16.5;14.1;2.8;1.7;null;0.15;
4665139;Zott Jogobella Yogurt;£0.78;£0.19/100g;Fruited Big Pots;null;5;8;8;6;8;null;15;
3844545;Lancashire Farm Coconut Yogurt 450g;£1.20;£0.26/100g;Fruited Big Pots;null;null;null;null;null;null;null;null;
3844543;Lancashire Farm Mango Yogurt 450g;£1.20;£0.26/100g;Fruited Big Pots;null;null;null;null;null;null;null;null;
4759281;Rachel's Organic Greek Style Honey Bio-Live Yogurt;£1.50;£0.33/100g;Organic;null;3.3;12.7;12.7;7.5;4.6;null;0.1;
4759285;Rachel's Organic Greek Style Lemon Bio-Live Yogurt;£1.50;£0.33/100g;Organic;null;3.1;14.8;14.3;7.5;4.7;null;0.1;
4759283;Rachel's Organic Greek Style Ginger Bio-Live Yogurt;£1.50;£0.33/100g;Organic;null;3.2;14.4;14.3;7.4;4.6;null;0.1;
4759287;Rachel's Organic Greek Style Coconut Bio-Live Yogurt;£1.50;£0.33/100g;Organic;null;3.3;10.4;10.0;10.1;6.9;null;0.1;
3616848;Yeo Valley Natural Yogurt Organic 175g;£0.50;£0.28/100g;Organic;null;4.6;6.5;6.5;4.2;2.7;null;0.18;
3616846;Yeo Valley Natural Fat Free Yogurt Organic 175g;£0.50;£0.28/100g;Organic;null;5.9;8.5;8.5;0;0;null;0.23;
3904284;Yeo Valley Raspberry & Passion Fruit Organic Yogurt 450g;£1.50;£0.33/100g;Organic;null;4.8;13.2;12.9;3.8;2.4;null;0.18;
1981450;Yeo Valley Fat Free Vanilla Organic Yogurt 450g;£1.50;£0.33/100g;Organic;null;5.9;15.5;15.5;0;0;null;0.23;
1928632;Yeo Valley Strawberry Organic Yogurt 450g;£1.50;£0.33/100g;Organic;null;4.7;13.2;12.9;3.8;2.4;null;0.18;
1773262;Yeo Valley Natural Organic Yogurt 500g;£1.50;£0.30/100g;Organic;null;4.6;6.5;6.5;4.2;2.7;null;0.18;
1746751;Yeo Valley Fat Free Natural Organic Yogurt 500g;£1.50;£0.30/100g;Organic;null;5.9;8.5;8.5;0;0;null;0.23;
3904286;Yeo Valley Mango & Vanilla Organic Yogurt 450g;£1.50;£0.33/100g;Organic;null;4.7;13.6;13.3;3.8;2.4;null;0.18;
3112211;Yeo Valley 0% Fat Orange, Carrot & Mango 450g;£1.50;£0.33/100g;Organic;null;4.6;13.1;12.8;3.8;2.4;null;0.17;
1981454;Yeo Valley Greek Style Honey Organic Yogurt 450g;£1.50;£0.33/100g;Organic;null;3.8;14.8;14.3;8.3;5.2;null;0.14;
3264760;Yeo Valley Natural Organic Yogurt;£2.48;£0.24/100g;Organic;null;4.6;6.5;6.5;4.2;2.7;null;0.18;
3599581;Yeo Valley Family Farm Lemon Curd 120g;£1.70;£0.35/100g;Organic;null;4.7;17.2;16.9;4.4;2.8;null;0.18;
3352017;Yeo Valley Family Farm Fruity Favourites 120g;£1.70;£0.35/100g;Organic;null;4.8;13.2;12.9;3.8;2.4;null;0.18;
3264776;Yeo Valley Family Farm Greek Style with Honey Yogurt 120g;£1.70;£0.35/100g;Organic;null;3.3;14.8;14.3;8.3;5.2;null;0.14;
3264768;Yeo Valley Family Farm Strawberry 120g;£1.70;£0.35/100g;Organic;null;4.7;13.2;12.9;3.8;2.4;null;0.18;
3682101;Alpro Yogurt Alternative Forest Fruits;£1.50;£0.30/100g;Soya & Dairy Free;null;null;null;null;null;null;null;null;
3599466;Alpro Soya Yogurt Alternative Smooth;£1.50;£0.30/100g;Soya & Dairy Free;null;null;null;null;null;null;null;null;
3291777;Alpro Simply Plain Yogurt Alternative 500g;£1.35;£0.27/100g;Soya & Dairy Free;null;null;null;null;null;null;null;null;
3599470;Alpro Soya Yogurt Alternative Vanilla 500g;£1.38;£0.27/100g;Soya & Dairy Free;null;null;null;null;null;null;null;null;
4280963;Alpro Soya Strawberry & Rhubarb Soya Yogurt 500g;£1.38;£0.27/100g;Soya & Dairy Free;null;null;null;null;null;null;null;null;
2941387;ASDA Low Fat Raspberry & Peach Soya Yogurt 125g;£1.22;£0.24/100g;Soya & Dairy Free;null;3.6;12.9;11.9;2.3;0.4;null;null;
3904242;ASDA Strawberry, Mango & Passion Fruit Soya Yogurt 125g;£1.22;£0.24/100g;Soya & Dairy Free;null;3.5;13.2;12.1;2.3;0.3;0.5;0.1;
3682747;Benecol Summer Fruits Low Fat Yogurt 120g;£2.38;£0.49/100g;Soya & Dairy Free;null;null;null;null;null;null;null;null;
2696398;Lactofree Yogurt Lactose Free Real Fruit Strawberry & Raspberry 125g;£1.58;£0.31/100g;Soya & Dairy Free;null;3.3;16.5;11.9;2.7;1.7;0.7;0.08;
3897319;ASDA Chosen by You Chocolate Trifle 650g;£3.00;£0.46/100g;Family Desserts;null;3.1;19.8;17.4;10.5;6.9;1.6;null;
3996991;ASDA Chosen by You Raspberry Trifle 600g;£2.00;£0.33/100g;Family Desserts;null;1.8;20.7;11.9;3.9;3.3;1.0;0.2;
3897317;ASDA Chosen by You Strawberry Trifle 600g;£2.00;£0.33/100g;Family Desserts;null;1.9;19.3;12.4;6.0;3.4;0.7;0.2;
3897323;ASDA Chosen by You Summer Berry Trifle 600g;£2.00;£0.33/100g;Family Desserts;null;2.4;19.6;15.6;7.3;4.4;1.0;0.2;
3496888;ASDA Chosen by You Chocolate Cheesecake 530g;£2.00;£0.37/100g;Family Desserts;359;5.0;34.7;23.1;21.7;12.6;2.3;null;
2892623;ASDA Chosen by You Key Lime Cheesecake 500g;£2.00;£0.40/100g;Family Desserts;null;3.7;35.6;24.7;19.1;9.5;0.8;0.2;
4689834;ASDA Chosen by You Mandarin Jelly Terrine 480g;£2.00;£0.41/100g;Family Desserts;null;1.2;37.2;28.4;0.3;0.1;0.5;null;
3849409;ASDA Chosen by You Orange Cheesecake 540g;£2.00;£0.37/100g;Family Desserts;null;3.9;35.1;22.4;19.4;9.3;1.4;0.2;
3209984;ASDA Chosen by You Raspberry Cheesecake;£2.00;£2.00/each;Family Desserts;null;4.0;35.3;25.6;20.0;10.1;1.3;0.2;
4689836;ASDA Chosen by You Raspberry Jelly Terrine 480g;£2.00;£0.41/100g;Family Desserts;null;1.6;25.2;16.1;0.4;0.2;1.2;null;
2791072;ASDA Chosen by You Strawberry Cheesecake 540g;£2.00;£0.37/100g;Family Desserts;null;3.9;36.0;25.5;20.1;10.0;1.1;0.2;
1060368;ASDA Chosen by You Tiramisu 500g;£2.00;£0.40/100g;Family Desserts;null;4.4;33.8;25.4;10.2;7.6;1.5;0.3;
3582920;ASDA Chosen by You Vanilla Cheesecake 400g;£2.00;£0.50/100g;Family Desserts;null;4.3;36.8;22.3;22.0;11.1;2.1;0.2;
3582922;ASDA Chosen by You Vanilla Cheesecake 400g;£2.00;£0.50/100g;Family Desserts;367;4.3;36.8;22.3;22.0;11.1;2.1;0.2;
4423430;ASDA Extra Special Hand Decorated Millionaire's Cheesecake 508g;£4.00;£0.78/100g;Family Desserts;404;4.6;44.7;29.0;22.6;12.7;1.7;0.3;
4039462;ASDA Extra Special New York Vanilla Cheesecake 482g;£4.50;£0.93/100g;Family Desserts;332;4.8;30.9;18.5;20.7;11.6;1.3;0.5;
4039468;ASDA Extra Special Raspberry & White Chocolate Cheesecake 483g;£4.50;£0.93/100g;Family Desserts;357;4.3;44.3;29.9;17.9;10.0;0.9;null;
4934975;Ski Raspberry Mousse with Blackberry Sauce 59g;£1.00;£0.42/100g;Multipacks;null;3.7;16.4;15.4;4.6;3.2;null;0.2;
4717324;Zott Monte Milk Dessert + Chocolate 55g;£1.78;£0.53/100g;Multipacks;null;null;null;null;null;null;null;null;
1764156;Aero Mousse Chocolate 59g;£1.38;£0.58/100g;Multipacks;null;null;null;null;null;null;null;null;
4597565;Aero Hazelnut Flavour & Choc Bubbly Mousse 58g;£1.38;£0.59/100g;Multipacks;null;null;null;null;null;null;null;null;
2745789;Aero Mousse Mint Chocolate 58g;£1.38;£0.59/100g;Multipacks;null;null;null;null;null;null;null;null;
2696349;Aero Mousse White Chocolate 58g;£1.38;£0.59/100g;Multipacks;null;null;null;null;null;null;null;null;
4400405;ASDA Victoria Sponge Dessert 90g;£1.00;£0.55/100g;Multipacks;null;3.6;22.0;16.5;15.8;9.8;0.5;0.2;
4582644;ASDA Indulgent Chocolate Dessert 90g;£1.00;£0.55/100g;Multipacks;null;3.9;31.4;27.5;10.4;6.3;0.9;0.2;
4582648;ASDA Sticky Toffee Dessert 90g;£1.00;£0.55/100g;Multipacks;null;3.5;35.4;35.2;9.5;5.5;0.2;0.3;
4586930;ASDA Raspberry Trifle 145g;£1.05;£0.36/100g;Multipacks;null;1.6;19.5;16.3;4.6;2.9;0.8;0.1;
3904234;ASDA Strawberry Trifles 145g;£1.05;£0.36/100g;Multipacks;null;1.6;18.8;16.2;4.5;2.7;0.6;null;
3904236;ASDA Fruit Cocktail Trifles 145g;£1.05;£0.36/100g;Multipacks;null;2.1;20.3;13.2;8.6;5.1;0.4;null;
4280987;ASDA Chocolate & Toffee Surprise 75g;£1.00;£0.66/100g;Multipacks;null;3.4;20.5;19.4;15.4;10.2;0.7;0.1;
4280985;ASDA Dark & White Chocolate Surprise 75g;£1.00;£0.66/100g;Multipacks;null;3.2;18.9;17.0;9.6;6.4;0.7;0.2;
3918795;ASDA Chocolate Sundaes 100g;£1.00;£0.50/100g;Multipacks;null;4.3;18.3;17.6;14.6;9.4;0.5;0.2;
3918799;ASDA Toffee Sundaes 100g;£1.00;£0.50/100g;Multipacks;null;3.7;24.3;23.1;13.9;9.2;0.5;0.1;
3918797;ASDA Strawberry & Rasberry Sundaes 100g;£1.00;£0.50/100g;Multipacks;null;4.5;17.7;17.7;14.2;9.2;0.2;0.2;
4586952;ASDA Blackcurrant Cheesecake 100g;£1.00;£0.50/100g;Multipacks;null;3.1;32.1;22.4;13.9;5.9;1.5;0.2;
4082764;ASDA Strawberry Cheesecake 100g;£1.00;£0.50/100g;Multipacks;null;2.5;31.4;24.4;13.6;5.8;1.3;0.2;
4082768;ASDA Toffee Cheesecake 100g;£1.00;£0.50/100g;Multipacks;null;3.1;39.3;32.2;14.2;6.5;1.2;0.3;
4082770;ASDA Vanilla & Mascarpone Cheesecake 100g;£1.00;£0.50/100g;Multipacks;null;3.4;30.1;23.9;18.2;8.4;1.6;0.3;
4239358;ASDA Lemon Fruit Fool 114g;£1.00;£0.43/100g;Multipacks;null;2.4;19.5;19.5;12.2;8.2;0.3;null;
4239362;ASDA Strawberry Fruit Fool 114g;£1.00;£0.43/100g;Multipacks;null;2.8;14.4;13.4;10.7;7.2;0.6;null;
4239360;ASDA Gooseberry Fool 114g;£1.00;£0.43/100g;Multipacks;null;2.6;18.4;18.4;11.2;7.6;1.1;null;
4597531;Cadbury Creme Egg Pots of Joy 70g;£2.48;£0.88/100g;Multipacks;null;null;null;null;null;null;null;null;
4281041;Cadbury Milk Chocolate Dessert 70g;£2.48;£0.88/100g;Multipacks;225;4.2;25.6;24.6;11.7;7.2;0.1;0.1;
4281043;Cadbury Milk Chocolate and Caramel Dessert 70g;£2.48;£0.88/100g;Multipacks;215;2.5;27.1;26;10.5;7.6;0.1;0.2;
4281045;Cadbury White Chocolate Dessert 70g;£2.48;£0.88/100g;Multipacks;null;4.8;30.4;29.8;9.4;5.7;0.1;0.2;
3225433;Cadbury Layers of Joy Trifles;£1.00;£0.55/100g;Multipacks;null;null;null;null;null;null;null;null;
4281047;Cadbury Dessert Mousse;£1.00;£0.55/100g;Multipacks;null;null;null;null;null;null;null;null;
4395531;Cadbury Mousse Limited Edition;£1.00;£0.55/100g;Multipacks;null;null;null;null;null;null;null;null;
4027163;Nestle Quality Street Toffee Penny Dessert 70g;£1.98;£0.70/100g;Multipacks;null;2.4;33.9;25.5;9.2;6.4;null;0.5;
4400415;Quality Street Creamy Chocolate & Hazelnut Flavoured Dessert 70g;£1.98;£0.70/100g;Multipacks;null;5.1;20.3;19.2;13;8.5;null;0.2;
4400417;After Eight Delicious Dark Chocolate and Mint Flavoured Dessert 70g;£1.98;£0.70/100g;Multipacks;null;null;null;null;null;null;null;null;
3595327;Milkybar Desserts 70g;£1.98;£0.70/100g;Multipacks;null;null;null;null;null;null;null;null;
3595329;Nestle Rolo Desserts 70g;£1.98;£0.70/100g;Multipacks;null;null;null;null;null;null;null;null;
4281027;Muller Light Mischievous Milk Chocolate Dessert;£1.50;£0.37/100g;Multipacks;99;2.6;16.8;12.3;2.0;1.2;null;0.1;
4395527;Muller Light Mysterious Mint Chocolate Smooth Dessert;£1.50;£0.37/100g;Multipacks;99;2.6;16.8;12.3;2.0;1.2;null;0.1;
4582494;Ski Mousse Raspberry Mousse with Blackberry Sauce 59g;£1.00;£0.42/100g;Multipacks;null;3.7;16.7;15.9;4.9;3.4;null;0.2;
3789859;Ski Lemon Mousse with Meringue Style Sauce 60g;£1.00;£0.41/100g;Multipacks;null;3.7;17.6;17.3;4.7;3.2;null;0.3;
3789857;Ski Strawberry Mousse with Strawberry Sauce 60g;£1.00;£0.41/100g;Multipacks;null;3.8;16.6;14.2;5.2;3.6;null;0.2;
4735067;ASDA 40% Less Fat Chocolate Mousse 60g;£0.90;£0.25/100g;Multipacks;105;5.4;13.0;12.3;2.9;2.0;2.7;0.2;
4735031;ASDA Banoffee Desserts 90g;£1.00;£0.55/100g;Multipacks;null;3.3;37.9;31.5;11.3;7.0;0.2;0.2;
4735029;ASDA Black Forest Desserts 90g;£1.00;£0.55/100g;Multipacks;null;3.4;25.0;22.3;9.3;6.1;1.0;0.2;
4735027;ASDA Chocolate Cheesecakes 100g;£1.00;£0.50/100g;Multipacks;null;3.9;35.2;25.7;20.5;11.1;0.8;0.3;
4735061;ASDA Chocolate Mousse 60g;£0.90;£0.25/100g;Multipacks;null;4.7;23.2;22.0;6.9;4.7;1.3;0.2;
4735071;ASDA Creme Caramel 100g;£1.10;£0.18/100g;Multipacks;null;2.1;20.8;18.8;1.0;0.6;null;0.1;
4735065;ASDA Lemon Mousse 60g;£0.90;£0.25/100g;Multipacks;null;3.8;18.8;18.2;7.9;5.4;0.1;0.1;
4735063;ASDA Strawberry Mousse 60g;£0.90;£0.25/100g;Multipacks;null;3.8;17.2;16.7;7.9;5.4;0.1;0.1;
4735069;ASDA Smartprice Chocolate Mousse 60g;£0.27;£0.7/100g;Multipacks;null;5.2;16.9;16.4;4.4;3.1;1.1;0.2;
4735073;ASDA Smartprice Creme Caramel 100g;£0.67;£0.11/100g;Multipacks;null;2.2;20.0;17.0;1.0;0.6;null;0.1;
2764988;Alpro Devilishly Dark Chocolate Soya Dessert 125g;£1.50;£0.30/100g;Multipacks;null;null;null;null;null;null;null;null;
2354587;Alpro Heavenly Velvet Vanilla Soya Dessert 125g;£1.50;£0.30/100g;Multipacks;null;null;null;null;null;null;null;null;
2354585;Alpro Silky Smooth Chocolate Soya Dessert 125g;£1.50;£0.30/100g;Multipacks;null;null;null;null;null;null;null;null;
2354589;Alpro Sweet Creamy Caramel Soya Dessert 125g;£1.50;£0.30/100g;Multipacks;null;null;null;null;null;null;null;null;
4735047;Cadbury Layers of Joy Black Forest Trifle;£1.00;£0.55/100g;Multipacks;null;null;null;null;null;null;null;null;
4714065;Cadbury Layers of Joy Caramellionaire Trifle;£1.00;£0.55/100g;Multipacks;null;null;null;null;null;null;null;null;
4714097;Cadbury Pots of Joy Hazel Whirl Dessert 70g;£2.48;£0.88/100g;Multipacks;null;null;null;null;null;null;null;null;
4597543;Muller Light Orange Chocolate Smooth Dessert;£1.50;£0.37/100g;Multipacks;99;2.6;16.8;12.3;2.0;1.2;null;0.1;
4765106;Muller Rice Original & Strawberry;£1.96;£0.18/100g;Multipacks;101;3.4;16.1;10.0;2.6;1.5;null;0.2;
4735051;Cadbury Pebbles Dairy Milk Chocolate Dessert;£0.54;£0.60/100g;Single Serving Desserts;null;4.8;34.4;33.6;13.7;8.4;0.5;0.2;
4774993;ASDA Toffee Flapjack Treat Pot 125g;£1.20;£0.96/100g;Single Serving Desserts;null;3.7;32.6;24.8;13.9;9.1;0.4;0.2;
4597547;Cadbury Fuity Jelly Popping Candy Twinpot;£0.54;£0.60/100g;Single Serving Desserts;null;4.5;32.9;27.9;12.3;7.3;0.5;0.3;
2862940;Cadbury Mini Eggs Chocolate Dessert;£0.54;£0.60/100g;Single Serving Desserts;null;4.1;30.7;29.5;12.2;7.7;0.5;0.25;
2784497;Cadbury Twinpot Dairy Milk Buttons;£0.54;£0.60/100g;Single Serving Desserts;null;4.4;27.5;26.6;13.0;8.3;0.6;0.25;
2784501;Cadbury Twinpot Dairy Milk Chunks;£0.54;£0.60/100g;Single Serving Desserts;null;4.4;27.1;26.3;13.5;8.6;0.6;0.25;
2784499;Cadbury Twinpot Dairy Milk Flake;£0.54;£0.60/100g;Single Serving Desserts;null;4.4;26.6;22.9;12.6;8.0;0.6;0.25;
2784507;Cadbury Twinpot Dairy Milk Fudge;£0.54;£0.60/100g;Single Serving Desserts;null;4.1;28.5;27.1;12.4;7.9;0.5;0.25;
4280979;Kidsmania Chocolate & Vanilla Dessert 70g;£0.78;£1.11/100g;Single Serving Desserts;null;null;null;null;null;null;null;null;
4395511;Kidsmania Chocolate Dessert 70g;£0.78;£1.11/100g;Single Serving Desserts;null;null;null;null;null;null;null;null;
2698091;ASDA Cheesecake Lemon Swirl 125g;£1.00;£0.80/100g;Single Serving Desserts;null;2.8;26;21;20;11;1.2;0.20;
2698093;ASDA Cheesecake Strawberry Swirl 125g;£1.00;£0.80/100g;Single Serving Desserts;null;2.8;27.3;19.9;17.7;10.2;1.1;0.2;
4597593;ASDA Key Lime Swirled Cheesecake 125g;£1.00;£0.80/100g;Single Serving Desserts;null;2.8;28;22;17;10;1.4;0.18;
4601706;ASDA Strawberry Sundae 130g;£1.00;£0.76/100g;Single Serving Desserts;null;3.2;23.3;20.7;9.5;5.9;0.4;0.1;
4601708;ASDA Toffee Sundae 140g;£1.00;£0.71/100g;Single Serving Desserts;null;3.6;22.9;19.7;9.7;4.1;0.4;0.2;
4601704;ASDA Chocolate Sundae 140g;£1.00;£0.71/100g;Single Serving Desserts;null;3.8;21.3;18.1;9.2;5.3;0.8;0.1;
4597595;ASDA Rocky Road Treat 115g;£1.20;£1.04/100g;Single Serving Desserts;null;4.7;27.0;22.6;13.5;7.4;2.4;0.1;
4597603;ASDA Millionaire's Treat 115g;£1.20;£1.04/100g;Single Serving Desserts;null;4.1;27.5;21.8;14.4;8.2;0.4;0.1;
4597601;ASDA Eton Mess Treat 115g;£1.20;£1.04/100g;Single Serving Desserts;null;3.0;23.9;21.3;5.7;4.0;0.7;0.1;
4760868;Peppa Pig Strawberry Flavour Jelly 75g;£0.50;£0.66/100g;Single Serving Desserts;null;null;14.3;11.89;0.2;0.2;null;0.03;
812764;ASDA Smartprice Cheesecake Strawberry 90g;£0.31;£0.34/100g;Single Serving Desserts;null;2.6;31.2;21.5;9.9;3.6;1.1;0.2;
3904232;ASDA Smartprice Strawberry Trifle 113g;£0.40;£0.35/100g;Single Serving Desserts;null;1.8;19.5;15.9;5.9;3.8;0.9;0.3;
4927454;Monte Crunchy;£0.68;£0.52/100g;Single Serving Desserts;null;null;null;null;null;null;null;null;
4714075;Muller Rice Apple 180g;£0.68;£0.37/100g;Single Serving Desserts;107;3.0;18.8;13.3;2.2;1.3;null;0.2;
4714083;Muller Rice Banana & Toffee 180g;£0.68;£0.37/100g;Single Serving Desserts;108;3.0;19.1;13.3;2.2;1.3;null;0.2;
4714077;Muller Rice Original 180g;£0.68;£0.37/100g;Single Serving Desserts;101;3.4;16.1;10.0;null;1.5;null;0.2;
4714081;Muller Rice Raspberry 180g;£0.68;£0.37/100g;Single Serving Desserts;105;3.0;18.4;12.6;2.2;1.3;null;0.2;
4714085;Muller Rice Smooth Chocolate & Caramel 180g;£0.68;£0.37/100g;Single Serving Desserts;115;3.0;19.6;14.1;2.7;1.6;null;0.2;
4714073;Muller Rice Strawberry 180g;£0.68;£0.37/100g;Single Serving Desserts;106;3.0;18.6;12.8;2.2;1.3;null;0.2;
4714079;Muller Rice Vanilla Custard 180g;£0.68;£0.37/100g;Single Serving Desserts;111;3.2;19.0;13.6;2.5;1.4;null;0.2;
4714087;Muller Salted Caramel 180g;£0.68;£0.37/100g;Single Serving Desserts;106;3.1;18.4;12.8;2.2;1.3;null;0.4;
4810849;ASDA Chosen by You Haddock & Chips 310g;£2.50;£8.06/kg;Meals For One;150;6.3;22.6;0.2;3.4;0.4;1.7;0.4;
4810855;ASDA Chosen by You Classic Ham Hock in Parsley Sauce & Mash 400g;£2.50;£6.25/kg;Meals For One;100;6.5;8.0;0.5;4.4;2.4;1.3;0.6;
4810853;ASDA Chosen by You Classic Chicken Pie & Mash 400g;£2.50;£6.25/kg;Meals For One;124;7.8;9.9;2.1;5.5;3.2;1.9;0.6;
4859426;ASDA Chosen by You Italian Four Cheese Ravioli 380g;£2.00;£5.26/kg;Meals For One;117;4.3;14.9;3.1;4.2;1.8;1.2;0.6;
4810841;ASDA Chosen by You Chicken & Pesto Penne Pasta 380g;£2.00;£5.26/kg;Meals For One;159;9.3;17.8;0.2;5.2;2.2;2.1;0.6;
4697595;ASDA Classic Cottage Pie 450g;£2.00;£4.44/kg;Meals For One;100;7.1;8.2;0.1;3.9;2.0;1.9;0.6;
3689271;ASDA Classic Roast Chicken Dinner 400g;£2.50;£0.62/100g;Meals For One;80;6.1;11.1;0.1;0.7;0.3;2.3;0.5;
3689267;ASDA Roast Beef Dinner 400g;£2.50;£0.62/100g;Meals For One;81;6.4;10.8;0.3;0.9;0.4;2.0;0.6;
4697597;ASDA Classic Shepherds Pie 450g;£1.70;£3.78/kg;Meals For One;110;5.3;10.1;1.1;5.2;2.6;0.9;0.6;
3690112;ASDA Beef Stew & Dumplings 450g;£2.00;£4.44/kg;Meals For One;117;8.4;11.3;2.4;4.0;2.0;1.1;0.5;
2698109;ASDA Roast Chicken Dinner in a Giant Yorkshire 360g;£2.50;£6.94/kg;Meals For One;150;9.3;16.4;0.6;4.8;1.4;2.0;0.6;
2880644;ASDA Classic Chicken Hotpot 400g;£2.00;£5.00/kg;Meals For One;73;7.4;7.2;1.4;1.4;0.8;1.2;0.6;
1152879;ASDA Steak & Ale with Mash 450g;£2.00;£4.44/kg;Meals For One;80;8.5;6.9;2.3;1.5;0.8;2.2;0.5;
4697599;ASDA Classic Cumberland Pie 450g;£2.00;£4.44/kg;Meals For One;85;7.7;7.7;0.1;2.2;1.2;1.8;0.5;
3372239;ASDA Hunter's Chicken 360g;£2.00;£5.56/kg;Meals For One;121;9.9;15.7;0.6;2.0;0.6;0.5;0.4;
185960;ASDA Classic Sausage & Mash 450g;£2.00;£4.44/kg;Meals For One;107;4.4;10.1;0.8;5.1;2.0;1.4;0.6;
2880650;ASDA Liver & Bacon with Mashed Potato 400g;£2.00;£5.00/kg;Meals For One;95;7.2;10.0;1.8;2.7;1.3;0.8;0.5;
4664975;ASDA Classic Lamb Hotpot 400g;£2.00;£5.00/kg;Meals For One;81;3.9;8.1;4.6;3.4;1.7;1.2;0.3;
4051616;ASDA All-Day Breakfast 370g;£2.50;£0.67/100g;Meals For One;145;6.3;12.7;2.1;7.0;2.4;3.2;1.0;
4664977;ASDA Chicken Bacon And Leek Pie 400g;£2.00;£5.00/kg;Meals For One;94;6.5;8.5;0.9;3.5;1.8;1.3;0.6;
3008610;ASDA Classic Minced Beef Hot Pot 400g;£2.00;£5.00/kg;Meals For One;102;6.9;6.5;1.3;4.9;2.1;2.1;0.5;
2698111;ASDA Filled Yorkshire Pudding with Roast Beef 345g;£2.50;£7.25/kg;Meals For One;130;6.8;16.0;0.1;3.7;1.0;2.6;0.6;
932628;ASDA Chicken Leek & Bacon Bake 400g;£2.00;£5.00/kg;Meals For One;115;7.0;12.9;1.4;3.6;1.8;1.7;0.6;
2375175;ASDA Chosen by You Classic Fish Pie 450g;£2.00;£4.44/kg;Meals For One;115;7.0;9.6;0.1;5.1;2.9;1.3;0.6;
3689133;ASDA Beef in Peppercorn Sauce 400g;£2.00;£0.50/100g;Meals For One;105;5.0;8.8;1.2;5.4;1.9;0.5;0.4;
3370463;ASDA Classic Moussaka 400g;£2.00;£5.00/kg;Meals For One;115;5.2;11.6;2.9;4.7;2.4;2.5;0.4;
3691340;ASDA Classic Corned Beef Hash 400g;£2.00;£0.50/100g;Meals For One;111;8.4;9.8;2.4;3.7;1.8;2.2;0.6;
3689259;ASDA Classic Haddock Mornay 400g;£2.50;£6.25/kg;Meals For One;98;7.1;7.9;1.3;4.0;2.4;0.8;0.4;
4246901;ASDA Classic Slow Cooked Beef with Horseradish Potatoes 400g;£2.50;£6.25/kg;Meals For One;null;null;null;null;null;null;null;null;
4224438;ASDA Chicken & Peppercorn 400g;£2.50;£6.25/kg;Meals For One;null;8.5;7.9;1.2;5.5;2.3;1.9;0.6;
4246905;ASDA Beef Goulash & Dumplings 400g;£2.50;£6.25/kg;Meals For One;151;8.0;13.1;1.9;6.8;3.0;2.8;0.5;
4810733;ASDA Chosen by You Chinese Chicken & Mushroom with Egg Fried Rice 450g;£2.60;£5.78/kg;Meals For One;129;7.2;18;0.8;2.8;0.4;1.7;0.80;
4810881;ASDA Chosen by You Mini Classics Beef Stew & Dumpling;£0.98;£3.92/kg;Meals For One;null;9.5;12.6;1.9;4.1;1.9;1.6;0.6;
4819263;ASDA Chosen by You Mini Classics Chicken Hotpot;£0.98;£3.92/kg;Meals For One;null;7.4;7.2;1.4;1.4;0.8;1.2;0.6;
4810879;ASDA Chosen by You Mini Classics Fish Pie;£0.98;£3.92/kg;Meals For One;null;7.4;12.3;1.6;6.3;4.1;1.0;0.6;
4810885;ASDA Chosen by You Mini Classics Chilli & Rice;£0.98;£3.92/kg;Meals For One;null;6.0;16.0;2.1;3.9;1.8;2.0;0.6;
4810883;ASDA Chosen by You Mini Classics Fruity Chicken Curry & Rice;£0.98;£3.92/kg;Meals For One;null;6.0;13.7;3.1;6.4;2.8;1.8;0.6;
4942659;ASDA Chosen by You Sweet & Sour Crispy Chicken 450g;£2.60;£5.78/kg;Meals For One;141;9.2;18;2.4;3.1;0.7;1.9;0.7;
4810887;ASDA Chosen by You Mini Classics Lamb Hotpot;£0.98;£3.92/kg;Meals For One;null;4.1;5.8;1.2;2.9;1.4;0.9;0.4;
1050498;ASDA Italian Beef Lasagne 400g;£1.70;£4.25/kg;Meals For One;152;8.7;10.7;2.7;7.9;4.1;1.5;0.4;
2031086;ASDA Tomato & Mozzarella Pasta Bake;£2.00;£5.00/kg;Meals For One;145;4.9;19.2;2.8;5;1.3;1.6;0.3;
4936770;ASDA Good & Counted Chicken Nacho Bake with Potato Wedges 380g;£2.00;£5.26/kg;Meals For One;92;9.3;8.3;2.1;2.0;0.5;1.7;0.38;
4936822;ASDA Good & Counted Chicken in Peppercorn Sauce 380g;£2.68;£7.05/kg;Meals For One;81;8.1;6.9;2.3;1.8;0.9;2.2;0.5;
4940184;ASDA Good & Counted Chicken Tikka Masala with Pilau Rice 350g;£2.28;£6.51/kg;Meals For One;97;7.6;12;1.4;1.8;0.8;1.1;0.33;
4936814;ASDA Good & Counted Turkey Meatballs with Mexican Herb Rice 380g;£2.68;£7.05/kg;Meals For One;93;4.0;12;2.4;2.9;0.5;1.6;0.40;
4936808;ASDA Good & Counted Spinach & Ricotta Cannelloni 370g;£2.28;£6.16/kg;Meals For One;89;3.6;12;3.0;2.6;1.6;1.4;0.35;
4936804;ASDA Good & Counted Cottage Pie 400g;£2.28;£5.70/kg;Meals For One;93;5.4;12;1.4;2.3;1.2;1.5;0.40;
4936820;ASDA Good & Counted Chicken Enchiladas 385g;£2.68;£6.96/kg;Meals For One;101;7.2;12;0.5;2.2;0.4;2.0;0.40;
4940186;ASDA Good & Counted Chicken & Roasted Vegetable Sizzler 350g;£2.68;£7.66/kg;Meals For One;70;10;4.3;3.4;1.3;0.3;0.7;0.34;
4936800;ASDA Good & Counted Beef Lasagne 400g;£2.28;£5.70/kg;Meals For One;95;6.9;11;2.9;2.3;1.3;1.5;0.28;
4936806;ASDA Good & Counted Beef Chilli & Rice 380g;£2.28;£6.00/kg;Meals For One;95;5.1;13;2.1;2.1;1.0;1.7;0.38;
4936768;ASDA Good & Counted Ham Hock with Root Mash 380g;£2.00;£5.26/kg;Meals For One;null;5.8;5.1;3.0;2.3;1.3;2.7;0.43;
4936774;ASDA Good & Counted Chicken & King Prawn Paella 380g;£2.00;£5.26/kg;Meals For One;null;6.8;12;2.8;1.7;0.5;1.6;0.43;
4936772;ASDA Good & Counted Chicken Chow Mein 380g;£2.00;£5.26/kg;Meals For One;null;6.8;11;2.2;0.8;0.2;1.7;0.43;
4936796;ASDA Good & Balanced Italian Chicken & Tomato Wholemeal Pasta 400g;£2.80;£7.00/kg;Meals For One;null;8.9;18;2.9;3.1;0.5;2.8;0.38;
4936798;ASDA Good & Balanced Lemon Chicken & Wild Rice 400g;£2.80;£7.00/kg;Meals For One;105;7.8;14;2.6;1.6;0.2;1.7;0.30;
4936788;ASDA Good & Balanced Moroccan Lamb Meatballs with Cous Cous 400g;£2.80;£7.00/kg;Meals For One;null;6.8;14;3.0;3.5;1.0;3.3;0.28;
4936790;ASDA Good & Balanced Oriental Pork with Rice & Lentils 400g;£2.80;£7.00/kg;Meals For One;null;5.9;16;2.7;2.6;0.6;2.8;0.4;
4936794;ASDA Good & Balanced Tandoori Chicken with Basmati Rice 400g;£2.80;£7.00/kg;Meals For One;122;7.7;15;3.0;2.9;0.4;2.3;0.33;
4667447;Quorn Meat Free Piri Piri & Rice 400g;£2.65;£6.62/kg;Meals For One;87;3.6;14.0;2.7;1.2;0.2;3.1;0.3;
4810839;ASDA Loaded Spicy Pepperoni Pasta Bake Meal for Two 800g;£4.00;£5.00/kg;Meals For Two;136;5.7;18.1;2.1;4.0;1.4;2.2;0.6;
4810843;ASDA Chosen by You Mushroom & Mascarpone Pasta Melt 800g;£4.00;£5.00/kg;Meals For Two;155;6.6;19.6;0.8;5.0;2.8;2.7;0.5;
4810847;ASDA Chosen by You Italian Chicken & Tomato Pasta Melt 800g;£4.00;£5.00/kg;Meals For Two;139;8.4;16.2;2.8;4.4;1.6;0.7;0.4;
4810845;ASDA Chosen by You Chicken & Pesto Pasta Melt 800g;£4.00;£5.00/kg;Meals For Two;155;8.9;16.4;0.8;5.5;2.6;1.9;0.6;
3795040;ASDA Chosen by You Chicken Enchiladas 425g;£3.65;£8.59/kg;Meals For Two;null;null;null;null;null;null;null;null;
4435398;ASDA Chosen by You Southern Style Chicken 390g;£3.65;£9.36/kg;Meals For Two;null;null;null;null;null;null;null;null;
4810859;ASDA Chosen by You Chicken Breasts in Peppercorn Sauce 380g;£2.50;£6.58/kg;Meals For Two;104;13.8;3.4;1.3;3.7;2.2;0.9;0.5;
1152882;ASDA Cumberland Pie 800g;£3.68;£4.60/kg;Meals For Two;null;null;null;null;null;null;null;null;
1523384;ASDA Creamy Chicken & Bacon Bake;£2.00;£2.50/kg;Meals For Two;125;9.2;12.9;1.5;3.6;1.8;1.9;0.6;
3589673;ASDA Minced Beef Hot Pot;£2.00;£2.50/kg;Meals For Two;103;6.7;7.1;1.4;4.9;2.3;1.7;0.5;
3369406;ASDA Cottage Pie 800g;£3.00;£3.75/kg;Meals For Two;null;null;null;null;null;null;null;null;
2682538;ASDA Hunter's Chicken 380g;£3.00;£0.79/100g;Meals For Two;124;17.4;6.8;5.2;2.8;1.4;1.0;0.8;
1523428;ASDA Shepherds Pie 800g;£3.68;£4.60/kg;Meals For Two;null;null;null;null;null;null;null;null;
4664979;ASDA Chicken Bacon And Leek Pie 800g;£3.68;£4.60/kg;Meals For Two;94;6.0;9.6;0.7;3.2;1.7;1.4;0.6;
4664973;ASDA Minced Beef And Dumplings;£2.00;£2.50/kg;Meals For Two;150;7.7;15.4;1.3;5.9;2.9;2.0;0.6;
2336974;ASDA Liver & Onions Meal for 2 450g;£3.00;£6.67/kg;Meals For Two;98;12.6;6.2;3.2;2.4;1.0;0.8;0.3;
4421857;ASDA Chicken & Chorizo Paella 800g;£4.00;£5.00/kg;Meals For Two;127;7.1;15.9;3.5;3.6;1.1;1.5;0.6;
4421853;ASDA Spicy Cajun Chicken 800g;£4.00;£5.00/kg;Meals For Two;102;7.4;13.3;3.3;1.7;0.3;1.7;1.2;
1050445;ASDA Chicken & Bacon Pasta Bake;£3.68;£4.60/kg;Meals For Two;167;11.3;15.3;1.1;6.5;3.6;0.9;0.5;
4036611;ASDA Chosen by You Three Cheese & Tomato Pasta Bake 800g;£2.00;£0.25/100g;Meals For Two;165;7.0;16.8;1.7;7.4;4.4;1.8;0.5;
2337088;ASDA Chilli Beef Pasta Bake;£2.00;£2.50/kg;Meals For Two;156;6.0;19.9;2.2;5.4;2.9;1.9;0.5;
3375051;ASDA Meat Feast Pasta Bake 800g;£2.00;£2.50/kg;Meals For Two;139;6.8;15.5;2.4;5.2;1.8;1.6;0.4;
3589651;ASDA Meatball Pasta Bake 800g;£3.68;£4.60/kg;Meals For Two;131;5.6;16.4;2.0;4.4;1.5;1.6;0.5;
1050454;ASDA Beef Bolognese Pasta Bake;£2.00;£2.50/kg;Meals For Two;158;7.2;18.1;1.8;5.9;3.3;1.8;0.4;
1050431;ASDA Italian Beef Lasagne 800g;£3.68;£4.60/kg;Meals For Two;143;8.1;9.6;2.5;7.4;4.1;3.0;0.4;
4664316;ASDA Sausage Pasta Bake 800g;£3.68;£4.60/kg;Meals For Two;147;5.8;18.4;3.0;5.1;1.1;2.0;0.5;
3597734;Kingston Town Jerk Chicken with Rice & Peas 450g;£3.98;£8.84/kg;Meals For Two;155;7.5;17.7;0.5;3.0;0.8;1.3;0.3;
4810857;ASDA Chosen by You Classic Chicken Breasts in Red Wine Sauce 380g;£2.68;£7.05/kg;Meals For Two;70;12.3;3.2;0.4;0.9;0.2;0.1;0.6;
4936778;ASDA Chosen by You Sizzler Fajita Chicken 380g;£2.80;£7.37/kg;Meals For Two;null;13;2.9;2.9;4.0;0.4;1.9;0.78;
4936776;ASDA Chosen by You Sizzler Piri Piri Chicken 380g;£2.80;£7.37/kg;Meals For Two;null;14;4.0;3.9;6.7;0.7;1.4;0.40;
4936786;ASDA Chosen by You Sizzler Singapore Chicken 380g;£2.80;£7.37/kg;Meals For Two;null;14;4.5;4.5;4.2;0.7;1.6;0.38;
4936782;ASDA Chosen by You Sizzler Steak Diane 380g;£2.80;£7.37/kg;Meals For Two;null;14;4.9;4.0;6.2;1.5;1.7;0.40;
4936780;ASDA Chosen by You Sizzler Sweet Chilli Chicken 380g;£2.80;£7.37/kg;Meals For Two;null;13;14;13;3.8;0.4;0.8;0.15;
4936784;ASDA Chosen by You Sizzler Tandoori Chicken 380g;£2.80;£7.37/kg;Meals For Two;null;13;4.2;3.8;4.7;0.8;1.8;0.58;
4891286;ASDA Extra Special Tender Lamb Shanks with Mint Sauce 852g;£7.00;£0.0/g;Meals For Two;157;17.1;5.8;5.7;7.2;2.9;0.5;0.4;
4840957;ASDA Chosen by You Chicken Biryani 400g;£3.00;£0.75/100g;Meals For Two;null;9.2;16.6;1.1;4.6;1.3;2.1;0.5;
994643;ASDA Chosen by You Beef Lasagne;£5.48;£3.65/kg;Meals For Four;144;8.1;9.1;2.9;7.8;4.3;2.7;0.4;
4224446;ASDA Hunters Chicken 800g;£5.48;£6.85/kg;Meals For Four;122;13.8;9.9;9.7;2.9;1.5;0.3;0.68;
3372156;ASDA Chosen by You Cumberland Pie Serves 4;£5.48;£3.65/kg;Meals For Four;104;5.5;10.8;2.4;3.9;1.9;1.6;0.4;
3258954;ASDA Chosen by You Chicken Casserole & Dumplings;£5.48;£0.0/kg;Meals For Four;126;7.1;14.4;2.1;4.1;2.1;1.3;0.5;
4224390;ASDA Meat Feast Pasta Bake;£5.48;£3.65/kg;Meals For Four;132;6.8;14.3;2.4;4.9;1.4;1.6;0.4;
3232404;ASDA Chosen by You Sausage Pasta Bake;£5.48;£3.65/kg;Meals For Four;147;5.8;18.4;3.0;5.1;1.1;2.0;0.5;
4224392;ASDA Tomato & Mozzarella Pasta Bake;£5.48;£3.65/kg;Meals For Four;145;4.9;19.2;2.8;5.0;1.3;1.6;0.3;
3370465;ASDA Chosen by You Minced Beef & Dumplings;£5.48;£0.0/kg;Meals For Four;149;6.5;14.8;1.3;6.7;3.7;1.7;0.6;
4559684;ASDA Mexican Chilli & Rice;£5.48;£3.65/kg;Meals For Four;136;6.0;18.2;1.7;3.9;1.8;2.2;0.4;
3232402;ASDA Chosen by You Spicy Chicken Pasta;£5.48;£3.65/kg;Meals For Four;124;8.5;15.0;2.5;2.9;0.3;1.9;0.4;
4263223;ASDA Chosen by You Classic Beef Hot Pot;£5.48;£3.65/kg;Meals For Four;100;6.5;6.7;1.3;4.9;2.3;1.6;0.5;
2785060;ASDA Smartprice Lasagne;£2.98;£1.99/kg;Meals For Four;98;5.7;8.3;2.1;4.3;2.3;1.4;0.6;
4810741;ASDA Chosen by You Asda Spicy Potato Wedges 600g;£1.88;£3.13/kg;Meals For Four;114;2.9;19.6;3.3;2.0;0.2;3.1;0.4;
4048892;ASDA Potato Gratin Side for 4 600g;£1.88;£3.13/kg;Meals For Four;113;2.1;8.0;1.1;7.7;4.4;1.5;0.4;
3882810;ASDA Chosen by You Baby Potatoes with Butter & Herbs 590g;£1.88;£0.0/kg;Meals For Four;null;1.7;14.5;4.0;1.2;0.4;2.4;0.1;
4246897;ASDA Chosen by You Vegetable Medley 400g;£1.88;£4.70/kg;Meals For Four;null;3.8;4.7;4.5;1.8;0.7;4.3;null;
4048896;ASDA Cauliflower Cheese 600g;£1.88;£3.13/kg;Meals For Four;55;3.1;3.8;1.2;2.7;1.7;1.3;0.5;
4224422;ASDA Roast Potatoes 600g;£1.88;£3.13/kg;Meals For Four;101;2.2;16.9;2.8;2.1;0.3;2.6;0.2;
3238646;ASDA Mashed Potato 700g;£1.88;£2.69/kg;Meals For Four;88;1.6;13.3;1.6;2.7;1.8;2.2;0.4;
4791380;ASDA Chosen by You Pasta Carbonara;£5.48;£3.65/kg;Meals For Four;148;7.2;20.2;1.6;4.0;2.4;1.1;0.5;
4936816;ASDA Good & Counted Tomato & Mascarpone Pasta Bake 400g;£2.28;£5.70/kg;Healthier Meals;100;3.0;15;1.9;2.7;1.2;1.7;0.22;
4936814;ASDA Good & Counted Turkey Meatballs with Mexican Herb Rice 380g;£2.68;£7.05/kg;Healthier Meals;93;4.0;12;2.4;2.9;0.5;1.6;0.40;
4936808;ASDA Good & Counted Spinach & Ricotta Cannelloni 370g;£2.28;£6.16/kg;Healthier Meals;89;3.6;12;3.0;2.6;1.6;1.4;0.35;
4936800;ASDA Good & Counted Beef Lasagne 400g;£2.28;£5.70/kg;Healthier Meals;95;6.9;11;2.9;2.3;1.3;1.5;0.28;
4936804;ASDA Good & Counted Cottage Pie 400g;£2.28;£5.70/kg;Healthier Meals;93;5.4;12;1.4;2.3;1.2;1.5;0.40;
4936806;ASDA Good & Counted Beef Chilli & Rice 380g;£2.28;£6.00/kg;Healthier Meals;95;5.1;13;2.1;2.1;1.0;1.7;0.38;
4936820;ASDA Good & Counted Chicken Enchiladas 385g;£2.68;£6.96/kg;Healthier Meals;101;7.2;12;0.5;2.2;0.4;2.0;0.40;
4936822;ASDA Good & Counted Chicken in Peppercorn Sauce 380g;£2.68;£7.05/kg;Healthier Meals;81;8.1;6.9;2.3;1.8;0.9;2.2;0.5;
4940184;ASDA Good & Counted Chicken Tikka Masala with Pilau Rice 350g;£2.28;£6.51/kg;Healthier Meals;97;7.6;12;1.4;1.8;0.8;1.1;0.33;
4940186;ASDA Good & Counted Chicken & Roasted Vegetable Sizzler 350g;£2.68;£7.66/kg;Healthier Meals;70;10;4.3;3.4;1.3;0.3;0.7;0.34;
4936770;ASDA Good & Counted Chicken Nacho Bake with Potato Wedges 380g;£2.00;£5.26/kg;Healthier Meals;92;9.3;8.3;2.1;2.0;0.5;1.7;0.38;
4936772;ASDA Good & Counted Chicken Chow Mein 380g;£2.00;£5.26/kg;Healthier Meals;null;6.8;11;2.2;0.8;0.2;1.7;0.43;
4936774;ASDA Good & Counted Chicken & King Prawn Paella 380g;£2.00;£5.26/kg;Healthier Meals;null;6.8;12;2.8;1.7;0.5;1.6;0.43;
4936768;ASDA Good & Counted Ham Hock with Root Mash 380g;£2.00;£5.26/kg;Healthier Meals;null;5.8;5.1;3.0;2.3;1.3;2.7;0.43;
4936788;ASDA Good & Balanced Moroccan Lamb Meatballs with Cous Cous 400g;£2.80;£7.00/kg;Healthier Meals;null;6.8;14;3.0;3.5;1.0;3.3;0.28;
4936792;ASDA Good & Balanced Honey & Mustard Chicken with Rice 400g;£2.80;£7.00/kg;Healthier Meals;109;7.9;14;1.7;1.9;0.6;1.9;0.33;
4936796;ASDA Good & Balanced Italian Chicken & Tomato Wholemeal Pasta 400g;£2.80;£7.00/kg;Healthier Meals;null;8.9;18;2.9;3.1;0.5;2.8;0.38;
4936794;ASDA Good & Balanced Tandoori Chicken with Basmati Rice 400g;£2.80;£7.00/kg;Healthier Meals;122;7.7;15;3.0;2.9;0.4;2.3;0.33;
4936790;ASDA Good & Balanced Oriental Pork with Rice & Lentils 400g;£2.80;£7.00/kg;Healthier Meals;null;5.9;16;2.7;2.6;0.6;2.8;0.4;
4936798;ASDA Good & Balanced Lemon Chicken & Wild Rice 400g;£2.80;£7.00/kg;Healthier Meals;105;7.8;14;2.6;1.6;0.2;1.7;0.30;
4559704;Weight Watchers Chicken Jambalaya 380g;£1.50;£3.95/kg;Healthier Meals;null;6.3;11.0;1.8;1.3;0.4;1.5;0.5;
4810777;Kirstys Beef Lasagne with Rich Bolognese Sauce 400g;£3.00;£7.50/kg;Healthier Meals;null;6.8;9.4;1.1;2.1;1.2;2.0;0.4;
4810779;Kirstys Thai Chilli Chicken with Rice Noodles 400g;£3.00;£7.50/kg;Healthier Meals;null;6.5;7.7;0.4;1.7;0.9;1.3;0.3;
4559698;Weight Watchers Chicken Tikka with Basmati Rice 380g;£1.50;£3.95/kg;Healthier Meals;null;6.6;11.8;1.4;1.7;0.3;1.1;0.4;
4559700;Weight Watchers Red Thai Curry & Jasmine Rice 400g;£1.50;£3.75/kg;Healthier Meals;null;5.7;12.1;1.1;1.9;0.9;1.0;0.4;
2040808;Weight Watchers Classic Cottage Pie 400g;£1.50;£3.75/kg;Healthier Meals;null;5.5;10.4;0.3;2.4;1.2;2.0;0.4;
1770324;Weight Watchers Sausages & Mash 400g;£1.50;£3.75/kg;Healthier Meals;null;4.7;11.5;2.1;2.5;0.9;0.8;0.4;
4559690;Weight Watchers Macaroni Cheese 380g;£1.50;£3.95/kg;Healthier Meals;null;3.5;15.3;2.0;2.7;1.5;1.1;0.5;
3879912;Weight Watchers Hunters Chicken with Wild Rice 385g;£1.50;£0.39/100g;Healthier Meals;null;5.2;14.8;1.1;1.1;0.3;0.7;0.3;
3689159;Weight Watchers Chicken & Mushroom Pie 400g;£1.50;£0.37/100g;Healthier Meals;null;5.5;9.7;0.3;1.9;1.1;1.1;0.5;
4987246;Weight Watchers Szechuan Chicken with Rice 380g;£1.50;£0.39/100g;Healthier Meals;null;5.6;14.8;2.7;0.9;0.2;1.3;0.4;
1842811;Weight Watchers Chicken 400g;£1.50;£3.75/kg;Healthier Meals;null;7.4;7.2;1.2;2.2;1.2;0.6;0.3;
4559688;Weight Watchers Bolognese al Forno 380g;£1.50;£3.95/kg;Healthier Meals;null;6.0;11.9;2.5;2.2;1.1;0.8;0.4;
4559692;Weight Watchers Chilli Beef & Potato Wedges 380g;£1.50;£3.95/kg;Healthier Meals;null;5.2;11.2;3.2;2.8;1.0;2.3;0.3;
3879914;Weight Watchers Jerk Chicken with Long Grain Rice 400g;£1.50;£0.37/100g;Healthier Meals;null;5.6;11.3;2.6;1.8;0.2;1.4;0.4;
4559702;Weight Watchers Chicken Korma with Basmati Rice 360g;£1.50;£4.17/kg;Healthier Meals;null;6.6;11.6;1.1;2.0;0.9;1.5;0.4;
3689157;Weight Watchers Spanish Chicken & Patatas Bravas 400g;£1.50;£0.37/100g;Healthier Meals;null;5.1;10.5;1.6;2.4;0.5;1.4;0.5;
4674452;Kirstys Cottage Pie 400g;£3.00;£7.50/kg;Healthier Meals;null;5.9;8.9;3.2;1.4;0.6;1.4;0.4;
4674454;Kirstys Sausage And Sweet Potato Mash 400g;£3.00;£7.50/kg;Healthier Meals;null;5.5;6.3;1.4;2;0.8;1.9;0.42;
4674450;Kirstys Chicken Tikka 400g;£3.00;£7.50/kg;Healthier Meals;null;5.9;12.6;2.2;2.0;1.1;2.4;0.33;
4674456;Kirstys Spanish Meal 400g;£3.00;£7.50/kg;Healthier Meals;null;6.7;10.5;2.3;2.7;0.5;2.2;0.4;
4810867;ASDA Chosen by You Vegetarian Meat Free Chilli Burrito 400g;£2.20;£5.50/kg;Vegetarian;124;6.3;17.0;1.4;2.7;1.3;3.1;0.6;
4810869;ASDA Chosen by You Spicy Three Bean Enchiladas 400g;£2.20;£5.50/kg;Vegetarian;124;4.9;15.4;1.5;3.9;1.6;3.6;0.5;
4819409;ASDA Chosen by You Cheese & Onion Pie 235g;£2.20;£0.93/100g;Vegetarian;285;6.0;23.8;0.7;18.0;8.9;1.7;0.5;
4810817;ASDA Chosen by You Vegetarian Chicken Style Casserole with Dumplings 400g;£2.20;£5.50/kg;Vegetarian;null;3.6;13.0;2.6;3.8;1.6;2.3;0.4;
4810811;ASDA Chosen by You Vegetarian Mushroom Risotto 400g;£2.20;£5.50/kg;Vegetarian;null;2.4;10.8;1.3;4.2;2.5;0.8;0.5;
4810833;ASDA Chosen by You Vegetarian Mexican Bean Burger;£1.50;£7.50/kg;Vegetarian;null;6.1;24.7;5.4;7.6;1.2;5.7;0.9;
4810789;Quorn Meat Free Pork Steaks;£1.50;£8.52/kg;Vegetarian;159;16.5;1.4;0.2;8.5;2.0;5.3;0.8;
4810793;Quorn Meat Free Chorizo 150g;£2.50;£16.67/kg;Vegetarian;213;13.8;11.6;0.7;11.3;4.3;4.9;1.8;
4810795;Cauldron South American Empanadas 150g;£2.49;£16.60/kg;Vegetarian;285;7.7;35.2;1.9;11.3;1.6;5.8;0.6;
4667447;Quorn Meat Free Piri Piri & Rice 400g;£2.65;£6.62/kg;Vegetarian;87;3.6;14.0;2.7;1.2;0.2;3.1;0.3;
4421891;ASDA Vegetarian Carrot & Lentil Cottage Pie 400g;£2.20;£5.50/kg;Vegetarian;null;3.1;13.0;3.2;2.1;0.7;2.6;0.5;
4263219;ASDA Chosen by You Aubergine & Mozzarella Bake 400g;£2.20;£5.50/kg;Vegetarian;null;3.6;5.3;4.7;3.1;1.5;2.7;0.5;
4421907;ASDA Vegetarian 2 Sweet Potato & Mozzarella Bakes 260g;£2.20;£8.46/kg;Vegetarian;null;6.3;20.8;3.0;9.6;2.9;2.0;0.4;
3007877;ASDA Cannelloni Spinach & Ricotta 400g;£2.20;£5.50/kg;Vegetarian;null;5.4;13.3;3.2;7.7;4.8;0.7;0.6;
4048880;ASDA Chosen by You Pepper & Courgette Lasagne 400g;£2.20;£5.50/kg;Vegetarian;null;2.4;13.4;3.0;3.2;2.0;0.6;0.5;
3589697;ASDA Lasagne Goat's Cheese & Butternut Squash 400g;£2.20;£5.50/kg;Vegetarian;null;4.4;12.5;3.5;5.2;2.8;1.7;0.5;
153801;Quorn Meat Free Mince 350g;£3.00;£8.57/kg;Vegetarian;null;14.5;4.5;0.6;2.0;0.5;5.5;0.3;
3232428;Quorn Roast Style Sliced Fillets 140g;£2.65;£18.93/kg;Vegetarian;141;15.5;3.5;0.1;6.0;1.0;5.5;0.5;
4567225;Quorn Meat Free Chicken Pieces 350g;£3.00;£8.57/kg;Vegetarian;89;14.0;1.0;0.4;1.4;0.41;8.3;0.8;
4567227;Quorn Best of British Sausages 240g;£2.50;£10.42/kg;Vegetarian;null;11.0;12.0;1.0;9.5;2.0;3.5;1.8;
3880917;Quorn Chef's Selection Garlic & Parsley Sausages 240g;£2.50;£10.42/kg;Vegetarian;null;null;null;null;null;null;null;null;
662656;Quorn Meat Free Bacon Rashers 120g;£2.15;£1.79/100g;Vegetarian;132;15.0;3.0;0.3;5.5;0.4;5.0;1.8;
4667453;Quorn Meat Free 8 Indian Samosas 184g;£2.49;£13.53/kg;Vegetarian;233;6.4;24.1;2.8;11.8;1.6;2.8;0.9;
4255475;Quorn Tikka Masala & Rice 400g;£2.50;£0.62/100g;Vegetarian;103;13.8;13.4;2.2;3.5;1.8;1.3;0.8;
154445;Quorn Meat Free 6 Sausages;£1.50;£6.00/kg;Vegetarian;null;10.2;13.4;0.8;7.8;0.6;6.2;1.4;
4667451;Quorn Southern Fried Escalopes 220g;£2.85;£12.95/kg;Vegetarian;233;9.6;20.5;2.0;11.7;1.5;3.5;1.3;
4255483;Quorn Mozzarella & Pesto Escalopes 240g;£2.85;£1.19/100g;Vegetarian;226;10.0;15.0;2.0;13.0;3.3;4.5;1.5;
2788786;Quorn 2 Cheese & Leek Escalopes;£2.85;£11.88/kg;Vegetarian;213;9.0;17.0;2.0;11.0;2.5;5.0;1.5;
533852;Quorn Cottage Pie 300g;£2.25;£7.50/kg;Vegetarian;62;3.1;8.7;1.4;0.9;0.2;3.2;0.4;
4452667;Quorn Chicken Style & Mushroom Pie 235g;£2.00;£8.51/kg;Vegetarian;219;6.7;21.2;1.4;11.3;5.1;2.8;0.8;
3880919;Quorn Pepperoni Style Slices 100g;£2.00;£20.00/kg;Vegetarian;217;12.0;6.5;2.0;15.0;6.0;4.0;1.5;
2331774;Quorn Peppered Beef Style Slices 100g;£1.50;£15.00/kg;Vegetarian;null;14.5;7.6;1.6;2.1;1.0;4.0;6;
300698;Quorn Meat Free Ham 100g;£1.50;£1.50/100g;Vegetarian;122;16.0;6.5;0.8;2.2;0.6;5.8;1.8;
953311;Quorn 2 Peppered Steaks 196g;£2.50;£12.76/kg;Vegetarian;126;13.6;5.7;2.8;4.0;2.0;6.9;1.5;
2878213;Quorn Sausage Rolls Mini 210g;£2.25;£10.71/kg;Vegetarian;null;10.1;24.5;2.7;12.5;5.3;3.9;0.9;
300694;Quorn Meat Free Chicken Slices 100g;£1.50;£1.50/100g;Vegetarian;119;16.3;4.5;1.1;2.6;0.7;6.0;1.3;
2878219;Quorn Mini Fillets 140g;£2.65;£1.89/100g;Vegetarian;101;12.8;5.5;1.8;1.9;0.6;5.1;1.1;
2878199;Quorn Savoury Eggs Mini 240g;£2.25;£9.38/kg;Vegetarian;null;15.0;21.0;1.0;11.5;1.0;4.6;1.7;
4032066;Quorn Cocktail Sausages 180g;£2.25;£12.50/kg;Vegetarian;218;11.2;13.9;1.2;12.2;2.2;3.9;2.3;
512735;Quorn Turkey & Stuffing Deli Style 100g;£1.50;£1.50/100g;Vegetarian;128;16.0;8.9;0.6;2.3;0.6;4.0;1.3;
953025;Quorn 2 Lamb Style Grills 180g;£2.80;£15.56/kg;Vegetarian;118;11.2;7.6;3.0;3.7;0.5;4.3;1.3;
2878207;Quorn 2 Burgers;£1.50;£9.38/kg;Vegetarian;164;15.8;11.9;3.0;5.2;0.4;3.3;1.5;
4667449;Quorn Meat Free Sausage Roll 130g;£1.70;£13.08/kg;Vegetarian;225;12.3;21.2;2.4;9.3;3.7;3.8;1.0;
3008840;Quorn 4 Frankfurters 180g;£2.25;£1.25/100g;Vegetarian;null;13.5;4.5;1.0;14;1.5;3.5;1.0;
4255473;Quorn Steak Style Slice 167g;£1.60;£0.95/100g;Vegetarian;null;6.1;28.0;2.0;14.0;6.7;3.0;0.8;
3232442;Cauldron Tofu;£1.75;£4.42/kg;Vegetarian;null;8.4;2.3;0.8;3.5;0.8;0.6;null;
3232444;Cauldron Marinated Tofu Pieces 160g;£2.25;£14.06/kg;Vegetarian;232;17.5;1.0;1.0;17.0;2.5;2.7;1.5;
3232446;Cauldron Vegetarian Lincolnshire Sausages;£1.80;£6.52/kg;Vegetarian;null;16.1;5.5;1.3;9.8;0.8;3.6;1.3;
3232448;Cauldron Falafels;£1.68;£8.40/kg;Vegetarian;268;7.5;25.0;4.0;14.0;1.7;6.0;0.4;
4810783;Little Dish Chunky Chicken Pot Roast 300g;£2.75;£9.17/kg;Kids Meals;97;6.1;8.5;null;4.0;0.9;1.4;0.09;
4810781;Little Dish Beef Chilli & Rice 300g;£2.75;£9.17/kg;Kids Meals;113;4.9;11.4;null;4.8;1.4;2.2;0.09;
4810861;ASDA Chosen by Kids Chicken Enchiladas 300g;£1.75;£5.83/kg;Kids Meals;117;7.4;14.6;3.7;2.7;1.3;2.1;0.4;
4810809;ASDA Chosen by Kids Chicken & Butternut Squash Risotto 300g;£1.75;£5.83/kg;Kids Meals;92;6.3;11.3;2.1;2.1;1.2;1.1;0.3;
4810863;ASDA Chosen by Kids Beef Chilli & Potato Wedges 300g;£1.75;£5.83/kg;Kids Meals;96;5.2;10.1;2.6;3.2;1.2;2.8;0.3;
3008398;ASDA Chosen by Kids Cottage Pie 300g;£1.75;£5.83/kg;Kids Meals;null;4.9;12.1;2.2;3.0;1.5;2.1;0.3;
2207058;ASDA Chosen by Kids Beef Lasagne 300g;£1.75;£5.83/kg;Kids Meals;98;6.6;10.7;3.2;2.9;1.5;1.7;0.4;
1045790;ASDA Chosen by Kids Shepherd's Pie 300g;£1.75;£5.83/kg;Kids Meals;95;4.9;10.2;2.3;3.3;1.6;2.2;0.3;
3880867;ASDA Chosen by Kids Beanie Pie;£1.00;£0.33/100g;Kids Meals;null;4.7;15.3;3.1;2.5;1.2;3.2;0.4;
3370459;ASDA Chosen by Kids Bangers & Mash;£1.00;£3.33/kg;Kids Meals;null;4.3;7.4;1.8;2.8;1.3;2.2;0.3;
3691350;ASDA Chosen by Kids Chicken & Gravy Pie 300g;£1.75;£5.83/kg;Kids Meals;70;6.5;7.8;2.9;1.1;0.6;1.3;0.3;
3370453;ASDA Chosen by Kids Lamb Hotpot;£1.00;£3.33/kg;Kids Meals;null;3.8;9.0;1.8;3.5;1.7;2.5;0.4;
4439388;ASDA Chosen by Kids Roast Chicken Dinner 260g;£1.75;£6.73/kg;Kids Meals;92;6.7;9.9;0.6;2.4;0.6;2.2;0.4;
4421873;ASDA Chosen by Kids Fish Pie 300g;£1.75;£5.83/kg;Kids Meals;87;6.2;9.4;2.2;2.4;1.5;1.7;0.4;
4048985;ASDA Chosen by Kids Chicken Casserole & Dumplings 300g;£1.75;£5.83/kg;Kids Meals;null;5.7;9.6;2.3;3.0;1.6;1.5;0.3;
3689151;ASDA Chosen by Kids Spaghetti Bolognese;£1.00;£3.33/kg;Kids Meals;122;8.0;14.6;2.0;3.2;1.6;1.2;0.3;
4421887;ASDA Chosen by Kids Pasta Bolognese 150g;£1.00;£6.67/kg;Kids Meals;150;8.5;20.2;2.1;3.2;1.5;3.0;0.3;
4439390;ASDA Chosen by Kids Macaroni Cheese with Veg 300g;£1.75;£5.83/kg;Kids Meals;116;4.9;15.4;1.0;3.5;1.8;1.5;0.4;
4421875;ASDA Chosen by Kids Ravioli 300g;£1.75;£5.83/kg;Kids Meals;98;3.4;14.3;2.8;2.7;1.0;1.4;0.4;
4421885;ASDA Chosen by Kids Cheese & Creamy Tomato Pasta 150g;£1.00;£6.67/kg;Kids Meals;123;4.1;19.0;2.9;2.9;1.8;2.2;0.3;
3689147;ASDA Chosen by Kids Meatballs & Spaghetti 300g;£1.75;£5.83/kg;Kids Meals;100;4.6;11.7;2.1;3.6;1.2;1.4;0.3;
4421837;ASDA Chosen by Kids Mini Garlic Baguette 65g;£0.50;£7.69/kg;Kids Meals;null;8.9;50.4;4.2;6.5;4.7;2.4;0.6;
4439392;ASDA Chosen by Kids Chicken Tikka Masala 300g;£1.75;£5.83/kg;Kids Meals;114;6.0;18.2;0.3;1.5;0.6;1.7;0.3;
4697758;Little Dish British Lamb Hotpot 200g;£2.50;£12.50/kg;Kids Meals;103;5.1;11.8;2.8;3.5;1.3;2.1;0.18;
4697756;Little Dish Classic Beef Lasagne 200g;£2.50;£12.50/kg;Kids Meals;93;5.0;9.4;2.8;3.7;1.7;1.2;0.15;
4255256;Little Dish Fish Pie with Salmon and Pollock 200g;£2.50;£12.50/kg;Kids Meals;91;4.1;9.0;null;3.9;1.3;1.5;0.15;
4255250;Little Dish Cottage Pie with Six Veg 200g;£2.50;£12.50/kg;Kids Meals;91;6.8;5.7;2.8;4.1;1.3;1.9;0.2;
4460840;Little Dish Spaghetti and Mini Meatballs 200g;£2.50;£12.50/kg;Kids Meals;94;4.2;10.8;null;3.5;1.3;1.3;0.18;
4255254;Little Dish Chicken & Veg Risotto 200g;£2.50;£12.50/kg;Kids Meals;105;6.2;13.2;3.7;2.9;0.8;0.9;0.23;
4839000;ASDA Extra Special Salmon en Croute 405g;£6.00;£14.81/kg;Extra Special Meals;271;11.5;21.4;0.8;15.0;8.1;2.0;0.4;
4891286;ASDA Extra Special Tender Lamb Shanks with Mint Sauce 852g;£7.00;£0.0/g;Extra Special Meals;157;17.1;5.8;5.7;7.2;2.9;0.5;0.4;
4810807;ASDA Extra Special Venison Casserole with Sloe Gin & Potato 620g;£7.00;£11.29/kg;Extra Special Meals;null;7.5;12.1;3.0;5.4;1.2;1.5;0.6;
4810835;ASDA Extra Special British Gammon Shanks with Cider & Apple Sauce 620g;£7.00;£11.29/kg;Extra Special Meals;186;24.3;10.8;10.8;5.0;1.8;0.5;1.3;
3611316;ASDA Extra Special Beef Bourguignon 650g;£7.00;£10.77/kg;Extra Special Meals;null;17.6;2.3;2.1;3.7;1.6;0.8;0.6;
4810837;ASDA Extra Special Beef Casserole with Gentleman Jack Ale 560g;£6.00;£10.71/kg;Extra Special Meals;103;14.4;6.0;4.6;2.1;0.8;1.0;0.7;
4052205;ASDA Extra Special Green Vegetable Medley 170g;£2.50;£14.71/kg;Extra Special Meals;72;3.4;2.7;2.7;4.5;2.8;3.7;0.3;
4664716;ASDA Extra Special Baby Potatoes with Lemon & Thyme 400g;£2.50;£6.25/kg;Extra Special Meals;96;2.0;15.9;1.7;1.8;0.5;3.9;0.4;
1618611;ASDA Extra Special Cauliflower Cheese 400g;£2.50;£6.25/kg;Extra Special Meals;99;4.8;4.5;1.6;6.7;4.3;0.9;0.5;
4901069;ASDA Extra Special Creamy Dauphinoise Potatoes 400g;£2.50;£6.25/kg;Extra Special Meals;127;1.4;10.0;1.2;8.6;5.2;1.8;0.5;
2040844;ASDA Extra Special Potatoes with Goose Fat & Thyme 460g;£2.50;£5.43/kg;Extra Special Meals;106;1.8;14.2;1.9;4.1;1.3;2.6;0.5;
1106499;ASDA Extra Special Creamy Mash 430g;£2.50;£5.81/kg;Extra Special Meals;null;0.8;13.1;1.7;6.4;4.2;2.1;0.8;
3370080;ASDA Extra Special Chunky Chips with Sea Salt 400g;£2.50;£6.25/kg;Extra Special Meals;93;2.0;14.9;1.6;2.1;0.2;3.0;0.6;
4407332;ASDA Extra Special Cheddar Mash 400g;£2.50;£6.25/kg;Extra Special Meals;null;3.9;11.4;0.5;6.6;4.4;2.6;0.4;
4052199;ASDA Extra Special Mustard Mash 430g;£2.50;£5.81/kg;Extra Special Meals;null;1.4;10.3;1.0;6.1;4.1;1.8;0.7;
2040846;ASDA Extra Special Lightly Crushed Carrot & Butternut Squash 400g;£2.50;£6.25/kg;Extra Special Meals;null;1.0;5.1;5.0;5.0;3.3;3.3;0.3;
4421869;ASDA Extra Special Figure 8 Onion Bread 325g;£1.85;£5.69/kg;Extra Special Meals;296;9.0;40.7;2.6;10.4;4.5;1.9;1.1;
4833366;ASDA Extra Special English Cheeseboard Trio 155g;£3.00;£19.35/kg;Extra Special Meals;391;22.3;0.1;0.1;33.5;21.0;null;2.0;
4810803;ASDA Extra Special West Country Beef Brisket with Theakstons Ale;£3.00;£7.50/kg;Extra Special Meals;113;8.6;10.3;2.7;3.9;2.5;1.2;0.6;
4810797;ASDA Extra Special Lancashire Hotpot with Wainwright Ale;£3.00;£7.50/kg;Extra Special Meals;135;7.0;13.7;1.6;5.4;1.4;1.6;0.5;
4664732;ASDA Extra Special Tandoori Chicken with Chickpea Rice;£3.00;£6.67/kg;Extra Special Meals;120;9.2;10.2;2.8;4.4;1.7;1.6;0.5;
4664728;ASDA Extra Special Spiced Lamb with Bombay Potatoes & Tarka Dahl;£3.00;£6.67/kg;Extra Special Meals;102;8.6;7.1;0.9;4.0;1.1;1.6;0.4;
4664730;ASDA Extra Special King Prawn Curry with Coconut & Mustard Rice;£3.00;£6.67/kg;Extra Special Meals;120;3.9;12.0;1.1;6.0;2.9;1.3;0.6;
1743555;ASDA Extra Special Aberdeen Angus Cottage Pie 400g;£3.00;£7.50/kg;Extra Special Meals;141;8.9;10.4;1.0;7.0;3.4;0.5;0.5;
2332055;ASDA Extra Special Fish Pie;£3.00;£7.50/kg;Extra Special Meals;130;8.2;7.4;0.1;4.2;2.1;1.2;0.5;
4051349;ASDA Extra Special Beer Battered Cod, Chunky Chips & Pea Puree;£3.00;£6.67/kg;Extra Special Meals;182;7.2;22.7;1.2;6.5;0.7;2.1;1.0;
2333693;ASDA Extra Special Classic Shepherds Pie;£3.00;£7.50/kg;Extra Special Meals;140;7.5;10.6;1.2;7.1;3.7;1.6;0.5;
2206810;ASDA Extra Special Slow-Cooked Beef Stroganoff;£3.00;£7.50/kg;Extra Special Meals;138;10.5;15.2;1.0;3.7;2.0;1.1;0.5;
4036663;ASDA Extra Special Moussaka;£3.00;£0.75/100g;Extra Special Meals;null;6.9;9.4;1.9;7.2;3.6;1.2;0.5;
1743549;ASDA Extra Special West Country Beef Lasagne;£3.00;£7.50/kg;Extra Special Meals;null;11.1;9.3;2.8;8.4;4.1;2.0;0.6;
2032206;ASDA Extra Special Spaghetti Bolognese;£3.00;£6.67/kg;Extra Special Meals;138;8.4;11.6;2.1;6.1;2.5;1.7;0.6;
3004183;ASDA Extra Special King Prawn Linguine;£3.00;£7.50/kg;Extra Special Meals;98;4.6;12.2;0.9;3.1;1.9;1.5;0.5;
2031966;ASDA Extra Special Four Cheese Macaroni;£3.00;£7.50/kg;Extra Special Meals;188;8.6;16.7;1.9;9.3;5.7;1.3;0.5;
2031970;ASDA Extra Special Oven-Roasted Meatballs with Paprika Spiced Potatoes;£3.00;£6.67/kg;Extra Special Meals;157;6.8;16.0;2.3;6.7;2.0;2.7;0.5;
4036585;ASDA Extra Special Chicken, Chorizo & King Prawn Paella;£3.00;£7.50/kg;Extra Special Meals;157;8.3;18.6;2.0;5.2;0.9;1.2;0.7;
2333677;ASDA Extra Special Spicy Chilli Steak & Rice;£3.00;£6.67/kg;Extra Special Meals;133;9.8;17.3;2.0;2.5;1.0;1.2;0.5;
1933765;ASDA Extra Special Fish Pie 700g;£4.75;£6.79/kg;Extra Special Meals;102;8.0;7.4;0.1;4.2;2.1;1.1;0.5;
1743557;ASDA Extra Special Aberdeen Angus Cottage Pie 800g;£4.75;£5.94/kg;Extra Special Meals;141;8.9;10.4;1.0;7.0;3.4;0.5;0.5;
4036595;ASDA Extra Special Moussaka 800g;£4.75;£0.59/100g;Extra Special Meals;130;6.9;8.3;1.7;7.1;3.7;2.4;0.5;
2031976;ASDA Extra Special Shepherds Pie 800g;£4.75;£5.94/kg;Extra Special Meals;140;7.5;10.6;1.2;7.1;3.7;1.6;0.5;
1743551;ASDA Extra Special West Country Beef Lasagne 800g;£4.75;£5.94/kg;Extra Special Meals;156;11.0;8.6;2.9;8.2;3.9;2.1;0.6;
2333665;ASDA Extra Special Baked Cornish Camembert 200g;£3.25;£16.25/kg;Extra Special Meals;null;10.5;22.4;9.6;16.2;8.2;1.6;1.0;
4810761;ASDA Chosen by You Char Sui Pork & Prawn Rice 400g;£2.80;£7.00/kg;Fresh Taste Kitchen;null;6.4;14.6;2.6;0.7;0.2;1.1;0.4;
4810763;ASDA Chosen by You Chicken Prawn & Chorizo Paella 400g;£2.80;£7.00/kg;Fresh Taste Kitchen;null;7.3;13.7;3.2;3.8;1.0;1.9;0.6;
4810759;ASDA Chosen by You Chicken & Mushroom Stroganoff 400g;£2.80;£7.00/kg;Fresh Taste Kitchen;null;6.7;15.0;1.8;2.0;0.7;1.4;0.4;
4810769;ASDA Chosen by You Tex Mex Chicken & Rice 400g;£2.80;£7.00/kg;Fresh Taste Kitchen;null;6.7;15.6;3.7;0.9;0.2;1.6;0.7;
4810775;ASDA Chosen by You Firecracker Chicken & Rice 400g;£2.80;£7.00/kg;Fresh Taste Kitchen;null;6.0;14.2;5.5;1.8;0.5;1.1;0.4;
4810753;ASDA Tuscan Chicken Pasta;£1.75;£5.00/kg;Fresh Taste Kitchen;null;7.0;14.9;3.6;1.9;0.3;2.2;0.4;
4810757;ASDA Chosen by You Spicy Pork Arrabiata 410g;£2.80;£6.83/kg;Fresh Taste Kitchen;110;6.7;14.2;4.0;2.5;0.8;2.0;0.4;
4810755;ASDA Chicken Pasta in White Wine Sauce 410g;£2.80;£6.83/kg;Fresh Taste Kitchen;94;7.1;9.6;2.8;2.7;1.2;1.4;0.5;
4810767;ASDA Chosen by You Malaysian Chicken Curry 400g;£2.80;£7.00/kg;Fresh Taste Kitchen;null;6.3;12.5;2.9;3.3;2.2;2.0;0.3;
3231194;ASDA Piri Piri Chicken & Rice 400g;£2.80;£7.00/kg;Fresh Taste Kitchen;null;7.2;13.9;3.0;0.7;0.2;2.1;0.4;
2694220;ASDA Chicken Chow Mein 400g;£2.80;£7.00/kg;Fresh Taste Kitchen;null;7.0;10.5;2.0;0.7;0.4;0.8;0.4;
4559670;ASDA Thai Chicken Noodles 410g;£2.80;£6.83/kg;Fresh Taste Kitchen;91;5.8;12.5;3.2;1.6;0.8;1.5;0.4;
4559664;ASDA Sticky Asian Chicken Noodles 410g;£2.80;£6.83/kg;Fresh Taste Kitchen;69;5.8;8.9;4.5;0.6;0.1;2.3;0.3;
2694239;ASDA Fresh Tastes Red Thai Chicken Curry 400g;£2.80;£7.00/kg;Fresh Taste Kitchen;null;7.1;17.6;3.0;2.1;1.4;0.6;0.4;
3231192;ASDA Fresh Tastes Chicken & Chorizo Pasta 400g;£2.80;£7.00/kg;Fresh Taste Kitchen;null;7.7;12.7;2.1;2.9;0.8;0.5;0.3;
4559668;ASDA Chilli Chicken Noodles 410g;£2.80;£6.83/kg;Fresh Taste Kitchen;76;5.8;10.4;4.3;0.8;0.1;2.1;0.3;
4559666;ASDA Fresh Tastes Cantonese Chicken Noodles 410g;£2.80;£6.83/kg;Fresh Taste Kitchen;88;6.5;12.3;4.0;1.0;0.1;1.8;0.3;
2694218;ASDA Fresh Tastes Sweet Chilli Beef Noodles 400g;£2.80;£7.00/kg;Fresh Taste Kitchen;null;5.8;12.1;3.0;1.1;0.2;1.2;0.3;
4222075;ASDA Fresh Tastes King Prawn Thai Red Curry with Noodles 400g;£2.80;£0.70/100g;Fresh Taste Kitchen;null;5.5;12.7;2.9;1.5;1.0;1.5;0.5;
2682460;ASDA Fresh Tastes Kitchen King Prawn Linguine 400g;£2.80;£7.00/kg;Fresh Taste Kitchen;null;6.0;11.2;2.3;3.0;0.4;1.4;0.4;
4733351;ASDA Fresh Tastes Kitchen Italian Chicken Pasta 410g;£2.80;£6.83/kg;Fresh Taste Kitchen;125;7.8;15.3;3.1;3.1;0.6;2.2;0.5;
2884728;ASDA Chicken & King Prawn Paella 400g;£2.80;£7.00/kg;Fresh Taste Kitchen;null;6.4;14.0;2.1;1.4;0.5;2.1;0.4;
3588814;ASDA Fresh Tastes Roast Chicken Dinner 400g;£2.80;£7.00/kg;Fresh Taste Kitchen;null;7.2;8.9;2.2;1.8;0.5;2.1;0.4;
3008120;ASDA Fresh Tastes Char Sui Pork Noodles 400g;£2.80;£7.00/kg;Fresh Taste Kitchen;null;6.4;10.4;3.7;1.2;0.4;2.4;0.6;
2694230;ASDA Spaghetti Meatballs 400g;£2.80;£7.00/kg;Fresh Taste Kitchen;null;5.9;9.5;2.3;3.9;1.2;2.3;0.4;
3588816;ASDA Fresh Tastes Ham Hock with Potatoes 400g;£2.80;£7.00/kg;Fresh Taste Kitchen;null;6.7;7.5;2.0;2.7;1.0;1.0;0.6;
2884726;ASDA Chicken Chicken Curry & Rice 400g;£2.80;£7.00/kg;Fresh Taste Kitchen;null;6.9;13.6;1.7;1.7;1.0;0.9;0.4;
4733347;ASDA Chosen by You Fresh Tastes Tex Mex Pulled Pork & Rice 400g;£2.80;£7.00/kg;Fresh Taste Kitchen;null;7.7;12.8;5.9;0.9;0.3;2.2;0.2;
3795110;ASDA Fresh Tastes Singapore Chicken Noodles;£1.75;£5.00/kg;Fresh Taste Kitchen;null;6.1;10.5;4.2;1.5;0.1;1.3;0.6;
3372144;ASDA Thai Chicken Curry with Rice;£1.75;£5.00/kg;Fresh Taste Kitchen;null;6.2;14.4;2.3;2.3;1.4;1.1;0.4;
4224354;ASDA Fresh Tastes Pad Thai Chicken Noodles;£1.75;£5.00/kg;Fresh Taste Kitchen;null;5.3;12.5;2.1;1.2;0.1;0.8;0.4;
3795112;ASDA Fresh Tastes Spanish Chicken & Chorizo with Rice;£1.75;£5.00/kg;Fresh Taste Kitchen;null;7.1;11.5;3.9;2.5;0.5;1.6;0.5;
4733357;ASDA Fresh Tastes Chicken & Tomato Linguine;£1.75;£5.00/kg;Fresh Taste Kitchen;null;7.1;12.5;3.4;2.5;0.3;2.0;0.5;
4046862;ASDA Fresh Tastes Chicken & Mushroom Risotto;£1.75;£5.00/kg;Fresh Taste Kitchen;null;6.5;14.0;1.3;2.2;1.0;0.9;0.5;
4559672;ASDA Smoky BBQ Chicken with Rice;£1.75;£5.00/kg;Fresh Taste Kitchen;null;6.8;16.7;4.2;1.0;0.1;1.7;0.4;
4733359;ASDA Fresh Tastes Chicken & Bacon Carbonara;£1.75;£5.00/kg;Fresh Taste Kitchen;null;9.2;14.9;1.6;3.8;1.2;1.7;0.6;
4733355;ASDA Fresh Tastes Kitchen Teriyaki Chicken Noodles;£1.75;£5.00/kg;Fresh Taste Kitchen;null;6.2;15.1;4.3;0.6;0.1;1.6;0.4;
4733349;ASDA Chosen by You Fresh Tastes Kitchen Tikka Masala & Rice 400g;£2.80;£7.00/kg;Fresh Taste Kitchen;null;7.0;10.0;2.9;2.9;1.0;2.2;0.4;
3795052;ASDA Chosen by You Classic Favourites Ham & Leek Chicken 430g;£3.65;£8.49/kg;Oven-Ready Meals;null;null;null;null;null;null;null;null;
3795098;ASDA Chosen by You Classic Favourites Hunter's Chicken 385g;£3.50;£9.09/kg;Oven-Ready Meals;null;null;null;null;null;null;null;null;
3795074;ASDA Chosen by You Classic Favourites Smoky BBQ Chicken 415g;£3.65;£8.80/kg;Oven-Ready Meals;null;null;null;null;null;null;null;null;
3795038;ASDA Chosen by You Classic Favourites Chicken En Croute 440g;£3.65;£8.30/kg;Oven-Ready Meals;null;16.0;15.1;1.2;16.0;5.6;1.7;0.6;
4559614;ASDA Chosen by You Classic Favourites Ham & Mushroom Chicken 440g;£3.65;£8.30/kg;Oven-Ready Meals;null;18.1;1.9;0.2;4.3;2.4;0.5;0.6;
4559608;ASDA Chosen by You Classic Favourites Chicken Wrapped in Bacon 360g;£3.65;£10.14/kg;Oven-Ready Meals;null;25.1;0.2;0.2;9.6;4.8;0.5;0.8;
4559634;ASDA Chosen by You Classic Favourites Gammon & Pineapple 380g;£3.65;£9.61/kg;Oven-Ready Meals;null;16.7;8.4;8.4;1.6;0.6;0.5;1.3;
4567577;ASDA Chosen by You Classic Favourites Minted Lamb Loin Chops 300g;£3.65;£12.17/kg;Oven-Ready Meals;null;24.7;2.5;2.5;22.2;9.9;1.4;0.4;
4559612;ASDA Chosen by You Classic Favourites Chicken Mini Roasts 470g;£3.65;£7.77/kg;Oven-Ready Meals;null;18.5;2.3;1.3;5.2;1.7;0.5;0.7;
4559618;ASDA Chosen by You Classic Favourites Gammon & Cheese 415g;£3.65;£8.80/kg;Oven-Ready Meals;null;17.8;4.5;0.4;5.4;2.9;0.5;1.7;
4435392;ASDA Chosen by You Classic Favourites Chicken Stroganoff 400g;£3.65;£9.12/kg;Oven-Ready Meals;null;null;null;null;null;null;null;null;
4559622;ASDA Chosen by You Classic Favourites Peppercorn Chicken 425g;£3.65;£8.59/kg;Oven-Ready Meals;null;17.8;2.3;0.8;2.7;1.2;0.5;0.4;
4559632;ASDA Chosen by You Classic Favourites Chicken Kiev 350g;£3.65;£10.43/kg;Oven-Ready Meals;null;20.4;5.5;0.3;11.0;5.7;0.5;0.2;
4435394;ASDA Chosen by You Classic Favourites Chicken Chasseur 475g;£3.65;£7.68/kg;Oven-Ready Meals;null;null;null;null;null;null;null;null;
3799852;ASDA Chosen by You Classic Favourites Cod Pie 700g;£3.65;£5.21/kg;Oven-Ready Meals;null;6.0;9.1;0.4;2.9;1.8;1.5;0.5;
3795082;ASDA Chosen by You World Favourites Sweet Chilli Chicken 400g;£3.65;£9.12/kg;Oven-Ready Meals;null;null;null;null;null;null;null;null;
3795058;ASDA Chosen by You World Favourites Garlic Mushroom Chicken 380g;£3.65;£9.61/kg;Oven-Ready Meals;null;null;null;null;null;null;null;null;
3795086;ASDA Chosen by You World Favourites Tomato & Basil Chicken 410g;£3.65;£8.90/kg;Oven-Ready Meals;null;null;null;null;null;null;null;null;
3795028;ASDA Chosen by You World Favourites Pepperoni Chicken Melt 425g;£3.65;£8.59/kg;Oven-Ready Meals;null;null;null;null;null;null;null;null;
4435400;ASDA Chosen by You World Favourites Spanish Meatballs 590g;£3.65;£6.19/kg;Oven-Ready Meals;null;null;null;null;null;null;null;null;
4559626;ASDA Chosen by You World Favourites Mango Chicken 410g;£3.65;£8.90/kg;Oven-Ready Meals;null;17.1;9.8;9.8;1.9;0.5;0.7;0.4;
4559620;ASDA Chosen by You World Favourites Lime & Corriander Chicken 380g;£3.65;£9.61/kg;Oven-Ready Meals;null;18.6;1.4;0.5;10.7;1.1;0.7;0.4;
4559628;ASDA Chosen by You World Favourites Tomato & Chilli Chicken 390g;£3.65;£9.36/kg;Oven-Ready Meals;null;18.7;9.3;8.5;4.7;0.5;0.6;0.4;
4559650;ASDA Chosen by You World Favourites Mexican Salsa Chicken 450g;£3.65;£8.11/kg;Oven-Ready Meals;null;14.7;10.0;7.5;4.7;0.8;1.5;0.4;
3795040;ASDA Chosen by You Chicken Enchiladas 425g;£3.65;£8.59/kg;Oven-Ready Meals;null;null;null;null;null;null;null;null;
4435398;ASDA Chosen by You Southern Style Chicken 390g;£3.65;£9.36/kg;Oven-Ready Meals;null;null;null;null;null;null;null;null;
4809527;ASDA Chosen by You Classic Favourites Cod with Cheese Sauce 360g;£3.50;£9.72/kg;Oven-Ready Meals;91;14.7;1.0;0.5;2.9;1.8;0.8;0.5;
4419164;ASDA Chosen by You World Favourites Hot Cajun Chicken 350g;£3.50;£10.00/kg;Oven-Ready Meals;null;null;null;null;null;null;null;null;
4435412;ASDA Chosen by You World Favourites Tandoori Chicken 400g;£3.65;£9.12/kg;Oven-Ready Meals;null;null;null;null;null;null;null;null;
4901069;ASDA Extra Special Creamy Dauphinoise Potatoes 400g;£2.50;£6.25/kg;Starters & Sides;127;1.4;10.0;1.2;8.6;5.2;1.8;0.5;
4844610;ASDA Chosen by You Sweet Chilli Chicken Pieces 200g;£2.00;£10.00/kg;Starters & Sides;null;22.4;12.7;5.2;2.3;0.9;1.9;0.8;
4810743;ASDA Chosen by You Loaded Jalapeno Wedges 400g;£1.75;£4.38/kg;Starters & Sides;101;3.4;13.5;2.7;3.0;1.4;3.4;0.6;
4664722;ASDA Cheesy Garlic Bites 180g;£2.00;£11.11/kg;Starters & Sides;null;7.1;25.7;3.6;20.6;11.1;1.9;1.1;
4842646;ASDA Chosen by You Indian Sharing Feast 424g;£3.00;£0.70/100g;Starters & Sides;null;5.4;27.6;2.5;13.9;1.1;4.6;0.8;
4664682;ASDA Mac and Cheese 200g;£2.00;£10.00/kg;Starters & Sides;null;9.0;29.8;1.4;17.8;5.2;1.6;1.8;
4664680;ASDA Fiery Hot Onion Rings 300g;£2.00;£6.67/kg;Starters & Sides;null;4.2;25.6;3.6;14.1;1.5;4.2;0.7;
4844612;ASDA Chosen by You Chicken Tikka Bites 200g;£2.00;£10.00/kg;Starters & Sides;null;22.7;11.5;2.7;3.1;1.1;1.1;0.8;
4664678;ASDA Hash Brown Bites 250g;£2.00;£8.00/kg;Starters & Sides;213;1.9;28.6;0.1;9.5;0.8;2.9;0.6;
4224468;ASDA Cheese & Bacon Potato Skins 220g;£2.00;£9.09/kg;Starters & Sides;null;8.6;19.1;0.6;11.4;4.9;2.8;0.5;
3234838;ASDA Tex Mex Selection;£2.00;£6.67/kg;Starters & Sides;null;2.8;20.5;1.8;8.7;1.0;3.3;0.8;
3908542;ASDA Sticky BBQ Ribs 300g;£2.00;£6.67/kg;Starters & Sides;211;16.5;10.9;10.7;11.0;4.3;1.4;null;
3888768;ASDA Garlic Mushrooms 300g;£2.00;£6.67/kg;Starters & Sides;null;4.3;17.9;2.3;11.2;1.0;2.9;0.4;
3587103;ASDA Chosen by You Tex Mex BBQ Ribs 450g;£3.00;£6.67/kg;Starters & Sides;250;22.4;7.9;7.8;13.9;5.9;1.7;0.7;
4046882;ASDA Indian Snacks 240g;£2.00;£8.33/kg;Starters & Sides;261;5.1;27.6;2.2;13.3;1.8;5.3;0.7;
4046884;ASDA Oriental Snacks 260g;£2.00;£7.69/kg;Starters & Sides;null;3.7;29.9;0.2;11.0;0.8;4.1;0.8;
4435386;ASDA Jalapeno Bites 200g;£2.00;£10.00/kg;Starters & Sides;null;7.2;23.5;2.0;17.6;4.5;3.1;1.4;
4263213;ASDA Buffalo Chicken Wings 250g;£2.00;£8.00/kg;Starters & Sides;200;19.7;2.7;1.6;12.1;2.7;0.7;0.8;
4435388;ASDA Mexican Selection 280g;£2.00;£7.14/kg;Starters & Sides;null;7.2;36.3;1.3;8.7;1.9;3.4;0.7;
4263217;ASDA Piri Piri Mini Pork Ribs 250g;£2.00;£8.00/kg;Starters & Sides;262;20.7;6.3;5.2;16.9;6.5;0.8;0.9;
3908544;ASDA Chicken Wings Hot & Spicy 300g;£2.00;£6.67/kg;Starters & Sides;193;19.5;2.0;2.0;11.7;3.1;1.0;null;
4569903;ASDA Classic Mash 400g;£1.00;£2.50/kg;Starters & Sides;73;1.4;12.1;2.2;1.6;1.0;2.1;0.4;
4421839;ASDA Potato Gratin 400g;£1.50;£3.75/kg;Starters & Sides;null;2.0;10.7;1.7;7.2;4.4;0.4;0.6;
4222069;ASDA Cheesy Jacket Potatoes 400g;£2.00;£0.50/100g;Starters & Sides;130;5.3;16.1;0.2;4.5;3.1;1.8;0.3;
4569909;ASDA Carrot & Swede Mash 400g;£1.50;£3.75/kg;Starters & Sides;58;0.9;7.2;1.4;2.2;1.4;2.7;0.5;
4569907;ASDA Cheesy Mash 400g;£1.00;£2.50/kg;Starters & Sides;125;3.6;11.0;0.7;6.9;4.5;2.2;0.5;
3496613;ASDA Cauliflower Cheese 400g;£1.50;£3.75/kg;Starters & Sides;85;5.0;2.5;1.9;5.6;3.5;2.3;0.6;
4810739;ASDA Chosen by You Crispy Potato Slices 300g;£1.50;£5.00/kg;Starters & Sides;240;3.2;30.5;0.7;11.4;0.8;1.1;0.5;
3882812;ASDA Baby Potatoes with Butter & Herbs 360g;£1.15;£3.19/kg;Starters & Sides;null;1.7;14.5;3.8;1.2;0.5;2.4;0.1;
4048971;ASDA Vegetable Medley Side for 2 230g;£1.50;£6.52/kg;Starters & Sides;null;2.5;4.4;2.8;4.3;2.7;2.1;0.9;
4664995;ASDA Creamy Cabbage 200g;£1.50;£7.50/kg;Starters & Sides;null;2.6;3.0;1.8;5.3;3.3;3.0;0.3;
4046941;The Real Yorkshire Pudding Co Yorkshire Puddings 180g;£1.25;£6.94/kg;Starters & Sides;279;11.3;35.8;1.2;9.4;0.9;2.8;0.59;
4840883;Aunt Bessie's Yorkshire Puddings 180g;£1.50;£8.33/kg;Starters & Sides;241;9.2;35;1.6;6.4;0.7;2.4;0.61;
2043044;Mash Direct Mashed Turnip;£0.98;£2.45/kg;Starters & Sides;null;0.8;7.4;6.2;0.4;0.3;3.1;0.2;
2043034;Mash Direct Mashed Potato;£0.98;£2.45/kg;Starters & Sides;null;1.7;17.7;0.7;1.9;1.3;1.3;0.3;
3592487;Mash Direct Baby Bake Potatoes Chilli 370g;£1.75;£4.73/kg;Starters & Sides;null;2.7;18.4;0.1;3.2;0.6;2.2;0.3;
4428326;Mash Direct Cheese & Onion Croquettes 300g;£1.70;£5.67/kg;Starters & Sides;null;3.7;26.1;0.5;10.0;2.2;2.3;0.8;
2043042;Mash Direct Carrot & Parsnip;£0.98;£2.45/kg;Starters & Sides;null;1.0;4.8;4.5;0.5;0.3;3.2;0.1;
2694769;Mash Direct Broccoli in Cheese Sauce 300g;£1.75;£5.83/kg;Starters & Sides;null;4.2;5.1;0.8;2.1;1.3;2.1;0.8;
4960273;ASDA Chosen by You Chicken Rolls;£2.00;£0.66/100g;Starters & Sides;258;10;24;2.2;13;0.9;2.6;0.8;
4960271;ASDA Chosen by You Vegetable Rolls;£2.00;£0.66/100g;Starters & Sides;241;3.6;28;2.9;12;0.8;3.2;0.7;
4840989;ASDA Chosen by You Chicken Tikka Masala Meal;£3.00;£0.56/100g;Indian Takeaway;149;6.6;18.0;2.6;5.4;1.4;1.1;0.5;
4840951;ASDA Chosen by You Chefs Special Bengali Lamb Bhuna 400g;£3.25;£0.81/100g;Indian Takeaway;null;7.6;5.3;2.6;7.2;1.0;1.6;0.2;
4840953;ASDA Chosen by You Chefs Kerala Beef & Black Pepper Sauce 400g;£3.25;£0.81/100g;Indian Takeaway;null;8.8;9.2;1.7;9.2;4.6;1.2;0.4;
4840955;ASDA Chosen by You Chefs Special Spicy Paneer Tikka Masala 400g;£3.25;£0.81/100g;Indian Takeaway;null;7.8;6.1;5.7;10.6;6.2;2.1;0.4;
4840947;ASDA Chosen by You Chefs Special King Prawn Korma 400g;£3.25;£0.81/100g;Indian Takeaway;null;5.9;5.4;2.5;7.3;4.1;1.4;0.7;
4842660;ASDA Chosen by You 6 Hot Onion Bhajis 180g;£1.00;£0.55/100g;Indian Takeaway;null;3.7;22.8;2.9;17.7;1.2;4.3;1.1;
4842648;ASDA Chosen by You 6 Vegetable Pakoras 180g;£1.00;£0.55/100g;Indian Takeaway;null;6.2;22.4;4.3;14.1;1.0;5.3;0.9;
4662986;ASDA Chosen by You Vegetable Balti;£2.00;£0.66/100g;Indian Takeaway;null;1.9;6.2;4.1;4.3;0.6;4.4;0.5;
4662984;ASDA Chosen by You Channa Masala;£2.00;£0.66/100g;Indian Takeaway;null;4.0;7.5;3.3;4.9;1.1;5.9;0.7;
4842650;ASDA Chosen by You Mixed Samosa Selection 240g;£2.00;£0.83/100g;Indian Takeaway;null;9.3;23.3;0.6;13.5;1.9;2.5;0.9;
4842662;ASDA Chosen by You 18 Indian Sharing Feast 351g;£2.00;£0.57/100g;Indian Takeaway;null;5.9;25.1;1.4;11.0;0.9;5.1;0.7;
4836174;ASDA Chosen by You Large Poppadoms 65g;£1.00;£1.54/100g;Indian Takeaway;423;22.0;40.8;2.4;16.5;1.5;11.8;3.2;
4274519;ASDA Chicken Tikka Masala & Jalfrezi Meal for 2;£4.00;£2.96/kg;Indian Takeaway;203;3.8;38.7;0.3;3.6;0.3;0.5;0.4;
4274521;ASDA Chicken Tikka Masala & Korma Meal for 2;£4.00;£2.96/kg;Indian Takeaway;203;3.8;38.7;0.3;3.6;0.3;0.5;0.4;
4274523;ASDA Chicken Tikka Masala & Madras Meal for 2;£4.00;£2.96/kg;Indian Takeaway;203;3.8;38.7;0.3;3.6;0.3;0.5;0.4;
4274525;ASDA Chicken Korma & Jalfrezi Meal for 2 1350g;£6.00;£4.44/kg;Indian Takeaway;203;3.8;38.7;0.3;3.6;0.3;0.5;0.4;
3899996;ASDA Chosen by You Chicken Tikka Pakoras with Raita 350g;£3.00;£8.57/kg;Indian Takeaway;null;16.3;10.3;0.4;14.0;2.6;2.8;0.9;
4269075;ASDA Chosen by You Chicken Pakora Selection 350g;£3.00;£8.57/kg;Indian Takeaway;null;15.3;15.2;1.2;10.4;2.1;1.2;0.9;
2923469;ASDA Indian Selection 520g;£2.00;£3.85/kg;Indian Takeaway;null;null;null;null;null;null;null;null;
3899998;ASDA Chosen by You 8 Onion Bhajis 240g;£1.00;£4.17/kg;Indian Takeaway;null;6.0;25.9;5.1;13.3;0.9;4.5;0.5;
4446543;ASDA Mini Satay 64g;£1.00;£1.56/100g;Indian Takeaway;null;18.0;8.0;3.1;17.5;4.5;0.6;1.2;
3900000;ASDA Chosen by You 12 Mini Bhaji & Pakora Feast 222g;£1.00;£4.50/kg;Indian Takeaway;null;6.3;25.6;2.8;11.1;0.8;5.4;0.6;
1754308;ASDA Chosen by You 8 Mini Vegetable Samosas 184g;£1.00;£5.43/kg;Indian Takeaway;null;5.1;27.6;2.2;13.3;1.8;5.3;0.7;
3902380;ASDA Shish Kebabs 108g;£1.00;£0.92/100g;Indian Takeaway;null;15.5;9.8;2.6;12.0;4.3;1.9;1.4;
4435304;ASDA Poppadoms 75g;£1.00;£1.33/100g;Indian Takeaway;null;14.5;36.2;0.6;34.8;3.5;7.8;null;
3976008;ASDA Indian Takeaway Poppadoms 30g;£0.50;£1.67/100g;Indian Takeaway;null;14.5;36.2;0.6;34.8;16.1;7.8;null;
3902662;ASDA Indian Dip Trio 180g;£1.00;£0.55/100g;Indian Takeaway;null;0.7;42.9;42.9;4.7;1.9;0.7;null;
636749;ASDA Raita 70g;£0.38;£0.54/100g;Indian Takeaway;null;2.1;3.1;3.1;23.4;2.1;0.4;null;
4232290;ASDA Mango Chutney 70g;£0.38;£0.54/100g;Indian Takeaway;null;0.4;52.6;52.6;0.5;0.2;null;2.2;
636723;ASDA Tomato & Onion Dip 70g;£0.38;£5.43/kg;Indian Takeaway;null;1.2;8.9;8.9;0.3;null;1.4;null;
4238928;ASDA Bombay Potatoes;£2.00;£6.67/kg;Indian Takeaway;null;1.6;11.5;2.0;5.1;0.4;2.2;0.5;
4238500;ASDA Saag Aloo;£2.00;£6.67/kg;Indian Takeaway;null;1.8;8.3;0.9;6.2;0.6;1.8;0.5;
4748416;ASDA Indian Takeaway Plain Naan 110g;£0.30;£0.27/100g;Indian Takeaway;283;7.6;44.4;2.5;7.5;0.5;3.9;0.7;
4748418;ASDA Indian Takeaway Plain Naans 2 320g;£0.85;£0.26/100g;Indian Takeaway;283;7.6;44.4;2.5;7.5;0.5;3.9;0.7;
4748420;ASDA Indian Takeaway Garlic & Coriander Naans 320g;£0.85;£0.26/100g;Indian Takeaway;286;8.0;45.7;2.1;6.9;0.5;4.7;0.8;
4748424;ASDA Indian Takeaway Peshwari Naans 320g;£0.85;£0.26/100g;Indian Takeaway;282;7.1;42.5;6.6;8.2;2.7;5.0;0.7;
4748422;ASDA Indian Takeaway Garlic & Coriander Naan 110g;£0.30;£0.27/100g;Indian Takeaway;286;8.0;45.7;2.1;6.9;0.5;4.7;0.8;
3620238;ASDA Boiled Rice 190g;£0.85;£4.47/kg;Indian Takeaway;null;2.9;38.0;0.8;3.5;0.5;1.1;null;
3620236;ASDA Chosen by You Pilau Rice 190g;£0.85;£4.47/kg;Indian Takeaway;null;3.8;38.7;0.3;3.6;0.3;0.5;0.4;
3620240;ASDA Rice Tricolour 190g;£0.85;£4.47/kg;Indian Takeaway;null;3.4;28.5;0.6;2.5;0.3;2.0;0.3;
4435346;ASDA Mushroom Rice 190g;£0.85;£4.47/kg;Indian Takeaway;null;4;38;0.2;3.1;0.3;1.3;0.4;
4072870;ASDA Chicken Tikka Masala 450g;£3.00;£6.67/kg;Indian Takeaway;null;12.9;4.1;4.1;5.0;2.1;1.5;0.6;
4072868;ASDA Chicken Korma 450g;£3.00;£6.67/kg;Indian Takeaway;null;11.5;4.9;3.0;8.0;4.3;1.3;0.5;
4072892;ASDA Chicken Jalfrezi 450g;£3.00;£6.67/kg;Indian Takeaway;null;10.8;3.8;2.7;4.0;0.5;1.3;0.4;
4072878;ASDA Chicken Madras 450g;£3.00;£6.67/kg;Indian Takeaway;null;8.4;3.9;1.8;5.5;3.4;2.9;0.3;
4072876;ASDA Chicken Tandoori Masala 450g;£3.00;£6.67/kg;Indian Takeaway;115;9.3;7.3;5.2;5.0;0.7;2.0;0.4;
4095932;ASDA Buttery Chicken Masala 450g;£3.00;£6.67/kg;Indian Takeaway;null;9.6;5.2;3.2;10.1;5.2;1.0;0.6;
4072872;ASDA Chicken Bhuna 450g;£3.00;£6.67/kg;Indian Takeaway;null;10.1;4.1;2.6;5.8;0.5;1.9;0.3;
4072882;ASDA Chicken Balti 450g;£3.00;£6.67/kg;Indian Takeaway;null;9.3;3.6;2.8;3.4;0.4;1.5;0.6;
4072886;ASDA Scorching Hot Chicken Vindaloo 450g;£3.00;£6.67/kg;Indian Takeaway;null;7.4;7.5;3.5;3.2;0.4;1.8;0.4;
4072874;ASDA Chicken Dopiaza 450g;£3.00;£6.67/kg;Indian Takeaway;null;10.4;4.8;3.6;5.9;0.6;1.3;0.5;
4274515;ASDA Lamb Rogan Josh 400g;£3.25;£8.12/kg;Indian Takeaway;null;7.4;5.1;2.1;5.4;1.7;1.2;0.3;
4274513;ASDA Beef Madras 400g;£3.25;£8.12/kg;Indian Takeaway;null;8.7;5.4;2.7;6.1;3.4;2.4;0.3;
4072888;ASDA Vegetable Jalfrezi 450g;£3.00;£6.67/kg;Indian Takeaway;null;1.1;5.9;5.1;6.0;0.4;2.1;0.4;
3915390;ASDA Chosen by You Chicken Korma & Tikka Masala Feast for 2 1640g;£9.00;£5.49/kg;Indian Takeaway;203;3.8;38.7;0.3;3.6;0.3;0.5;0.4;
3902488;ASDA Chicken Korma & Tandoori Masala Feast for 2 1640g;£9.00;£5.49/kg;Indian Takeaway;203;3.8;38.7;0.3;3.6;0.3;0.5;0.4;
3902486;ASDA Chicken Bhuna & Madras Feast for 2 1640g;£9.00;£5.49/kg;Indian Takeaway;203;3.8;38.7;0.3;3.6;0.3;0.5;0.4;
3902480;ASDA Chicken Korma, Tikka Masala, Jalfrezi & Madras Meal for 4 2660g;£11.00;£4.14/kg;Indian Takeaway;203;3.8;38.7;0.3;3.6;0.3;0.5;0.4;
4844612;ASDA Chosen by You Chicken Tikka Bites 200g;£2.00;£10.00/kg;Indian Takeaway;null;22.7;11.5;2.7;3.1;1.1;1.1;0.8;
4840957;ASDA Chosen by You Chicken Biryani 400g;£3.00;£0.75/100g;Indian Takeaway;null;9.2;16.6;1.1;4.6;1.3;2.1;0.5;
4435302;ASDA Chinese Takeaway Szechaun Meal for 2 1180g;£6.00;£5.08/kg;Chinese Takeaway;169;3.9;30;0.5;3.3;0.4;1.9;0.48;
3902500;ASDA Feast for 2 Beef in Black Bean, Chicken Curry, Sweet & Sour Chicken 1460g;£9.00;£6.16/kg;Chinese Takeaway;169;3.9;30;0.5;3.3;0.4;1.9;0.48;
4274527;ASDA Sweet & Sour Chicken and Chicken Curry Meal for 2 1180g;£4.00;£3.39/kg;Chinese Takeaway;169;3.9;30;0.5;3.3;0.4;1.9;0.48;
4840993;ASDA Chosen by You Chinese Banquet for Four 2520g;£11.00;£0.43/100g;Chinese Takeaway;169;3.9;30;0.5;3.3;0.4;1.9;0.40;
4960949;ASDA Chosen by You Chef's Special Crispy Chilli Beef;£3.25;£13.00/kg;Chinese Takeaway;238;11;33;19;6.6;1.2;1.2;0.85;
4952228;ASDA Chosen by You Chef's Special King Prawns & Chicken 450g;£3.25;£7.22/kg;Chinese Takeaway;92;9.4;4.7;2.3;3.7;0.4;1.0;0.88;
4952226;ASDA Chosen by You Chef's Special Singapore Noodles 450g;£3.25;£7.22/kg;Chinese Takeaway;154;7.8;12;1.5;7.9;1.1;1.9;0.6;
4952220;ASDA Chosen by You Chicken & Mushrooms 450g;£3.00;£6.67/kg;Chinese Takeaway;111;10;4.7;2.9;5.6;0.7;0.9;0.88;
4952218;ASDA Chosen by You Chicken Chow Mein 450g;£3.00;£6.67/kg;Chinese Takeaway;102;10;7.8;2.1;3.2;0.5;0.9;0.63;
4952222;ASDA Chosen by You Sweet Chilli Chicken Noodles 450g;£3.00;£6.67/kg;Chinese Takeaway;121;11;15;11;1.6;0.3;1.1;0.43;
4952232;ASDA Chosen by You Chicken Singapore Noodles 450g;£3.00;£6.67/kg;Chinese Takeaway;137;9.9;12;1.2;5.3;0.8;1.0;0.5;
4952230;ASDA Chosen by You Vegetable Chow Mein 450g;£2.00;£4.44/kg;Chinese Takeaway;110;2.4;14;2.9;4.6;0.5;1.3;0.68;
4952236;ASDA Chosen by You Szechuan Pork 450g;£3.00;£6.67/kg;Chinese Takeaway;148;8.6;19;11;4.0;0.9;0.9;0.60;
4952224;ASDA Chosen by You Chef's Special Beef in Black Bean Sauce 450g;£3.25;£7.22/kg;Chinese Takeaway;128;11;6.5;4.5;6.2;1.3;1.0;0.88;
4952234;ASDA Chosen by You Chicken & Cashew 450g;£3.00;£6.67/kg;Chinese Takeaway;144;11;6.7;3.7;8.0;1.2;0.6;0.88;
4944883;ASDA Chosen by You Kung Po Chicken 450g;£3.00;£6.67/kg;Chinese Takeaway;113;6.0;14;5.5;3.4;0.4;1.4;0.40;
4960945;ASDA Chosen by You Chef's Special Sweet & Sour Chicken;£3.25;£8.33/kg;Chinese Takeaway;170;13;19;12;4.5;2.0;0.9;0.43;
4435344;ASDA Chinese Chicken Curry 450g;£3.00;£6.67/kg;Chinese Takeaway;null;4.8;6.8;2.6;4.4;2.0;3.9;0.40;
3920681;ASDA Chosen by You Chinese Special Curry 400g;£3.00;£7.50/kg;Chinese Takeaway;null;13;3.6;2.5;4.0;1.9;1.4;0.43;
4944877;ASDA Chosen by You Sweet & Sour Chicken 450g;£3.00;£6.67/kg;Chinese Takeaway;95;8.1;13;7.6;1.0;0.2;1.0;0.70;
4840991;ASDA Chosen by You Chicken in Blackbean Sauce;£3.00;£0.57/100g;Chinese Takeaway;133;8.1;17;1.3;3.3;0.5;1.6;0.53;
4944881;ASDA Chosen by You Chilli Noodles 190g;£1.25;£6.58/kg;Chinese Takeaway;null;4.0;15;0.5;4.7;1.0;1.8;0.13;
4840985;ASDA Chosen by You Chicken Fried Rice 190g;£1.25;£0.65/100g;Chinese Takeaway;null;3.3;33;0.5;2.8;0.3;1.1;0.58;
4944879;ASDA Chosen by You Egg Fried Rice 190g;£0.85;£4.47/kg;Chinese Takeaway;null;3.9;30;0.5;3.3;0.4;1.9;0.49;
4944875;ASDA Chosen by You Special Fried Rice 190g;£1.25;£6.58/kg;Chinese Takeaway;null;3.3;29;0.5;3.5;0.6;1.6;0.60;
4960953;ASDA Chosen by You Chicken Spring Roll Selection;£2.00;£1.00/100g;Chinese Takeaway;null;11;24;2.0;13;1.5;1.7;0.83;
4960951;ASDA Chosen by You Duck Spring Rolls;£2.00;£1.00/100g;Chinese Takeaway;null;11;28;3.4;15;1.5;1.1;1.1;
5006026;ASDA Chosen by You Chicken Spring Rolls 200g;£2.00;£1.00/100g;Chinese Takeaway;258;10;24;2.2;13;0.9;2.6;0.83;
4963257;ASDA Chosen by You Satay Style Pork Mini Ribs 375g;£3.00;£8.00/kg;Chinese Takeaway;293;22;10;10;18;7.3;1.5;0.93;
4963261;ASDA Chosen by You Salt & Chilli Chicken Wings Snack 300g;£2.50;£8.33/kg;Chinese Takeaway;237;24;3.3;2.2;14;3.4;0.8;0.9;
4963259;ASDA Chosen by You Peking Pork Mini Ribs 375g;£3.00;£8.00/kg;Chinese Takeaway;264;22;10;9.5;15;5.7;0.7;0.55;
3494463;ASDA Chinese Crispy Half Duck Pancakes 560g;£5.00;£8.93/kg;Chinese Takeaway;null;33.9;1.8;1.0;15.4;4.2;0.5;1.2;
4963241;ASDA Chosen by You Hot & Sour Soup 300g;£1.00;£0.33/100g;Chinese Takeaway;null;2.8;4.0;2.4;0.5;0.1;0.5;0.48;
4963239;ASDA Chosen by You Chicken & Sweetcorn Soup 300g;£1.00;£0.33/100g;Chinese Takeaway;null;4.3;7.4;3.1;0.5;0.1;0.8;0.50;
4844610;ASDA Chosen by You Sweet Chilli Chicken Pieces 200g;£2.00;£10.00/kg;Chinese Takeaway;null;22.4;12.7;5.2;2.3;0.9;1.9;0.8;
4842656;ASDA Chosen by You 4 Vegetable Spring Rolls 160g;£1.00;£0.62/100g;Chinese Takeaway;null;3.6;28.7;0.6;8.6;0.6;4.6;0.8;
4446541;ASDA Mini Chicken Satay 64g;£1.00;£1.56/100g;Chinese Takeaway;null;17.5;7.1;3.2;12.3;2.8;0.6;1.3;
4435298;ASDA Chicken Skewers with Peanut Dip 131g;£2.00;£15.27/kg;Chinese Takeaway;null;13.7;13.8;5.4;14.4;3.7;1.5;1.3;
4275353;ASDA Prawn Crackers 100g;£1.00;£1.00/100g;Chinese Takeaway;530;2.3;59.1;7.0;31.3;3.1;1.1;null;
3976006;ASDA Chinese Takeaway Prawn Crackers 40g;£0.50;£1.25/100g;Chinese Takeaway;530;2.3;59.1;7.0;31.3;11.3;1.1;null;
3976004;ASDA Chinese Takeaway Thai Crackers 40g;£0.50;£1.25/100g;Chinese Takeaway;530;0.7;61.0;10.0;31.0;14.0;2.1;null;
4232296;ASDA Chinese Dip Trio 180g;£1.00;£0.55/100g;Chinese Takeaway;null;0.6;56;50;0.5;0.1;0.6;0.91;
4232294;ASDA Sweet Chilli Dip 70g;£0.38;£0.54/100g;Chinese Takeaway;null;0.6;56.0;50.0;0.5;0.1;0.6;0.9;
4451919;ASDA Hoisin Dip 70g;£0.38;£0.54/100g;Chinese Takeaway;null;1.9;54.5;46.3;0.6;0.2;4.3;1.9;
4960955;ASDA Chosen by You Prawn Toast 232g;£2.00;£8.62/kg;Chinese Takeaway;null;12;17;2.1;26;2.1;2.5;1.3;
4819345;ASDA Chosen by You Tiger Cheese & Onion Puff Pastry Pie;£1.00;£0.42/100g;Savoury Pies;274;4.7;24.5;0.2;17.3;8.0;0.5;0.4;
4819327;ASDA Chosen by You Family Steak & Potato Puff Pastry Pie 750g;£3.50;£0.46/100g;Savoury Pies;259;9.9;23.0;0.4;13.5;5.8;2.8;0.3;
4819325;ASDA Chosen by You Family Minced Steak & Onion Puff Pastry Pie 750g;£3.50;£0.46/100g;Savoury Pies;287;10.2;20.3;0.3;18.0;7.6;1.4;0.4;
4819323;ASDA Chosen by You Family Chicken & Vegetable Puff Pastry Pie 750g;£3.50;£0.46/100g;Savoury Pies;269;10.1;22.2;0.1;14.9;6.2;3.0;0.7;
4819305;ASDA Chosen by You Bistro Pork 250g;£2.88;£1.15/100g;Savoury Pies;null;10.0;24.2;0.9;18.2;7.6;0.5;0.5;
4819301;ASDA Chosen by You Bistro Chicken Filo Pastry Pie 225g;£2.88;£1.28/100g;Savoury Pies;null;7.2;17.0;2.4;12.7;7.4;0.5;0.6;
4819347;ASDA Chosen by You Peppered Steak Puff Pastry Pie;£1.00;£0.42/100g;Savoury Pies;282;9.4;23.7;1.0;16.2;7.0;1.8;0.5;
4819317;ASDA Chosen by You Pork Sausage & Onion Puff Pastry Plait 360g;£2.48;£0.68/100g;Savoury Pies;377;8.6;25.6;0.7;26.6;11.3;0.5;0.8;
4258129;Holland's Guinness Steak Pie 247g;£1.95;£0.79/100g;Savoury Pies;231;9.2;23.9;1.5;10.4;3.9;2.6;0.67;
4824609;ASDA Chosen by You Chicken & Asparagus Puff Pastry Pie 400g;£2.48;£0.62/100g;Savoury Pies;281;8.3;23.4;1.6;16.8;7.2;1.7;0.7;
4824599;ASDA Chosen by You Chicken & Gravy Puff Pastry Pie 400g;£2.48;£0.62/100g;Savoury Pies;292;12.0;22.5;0.7;16.9;7.0;0.7;0.5;
4824597;ASDA Chosen by You Chicken & Gravy Shortcrust Pastry Pie 400g;£2.48;£0.62/100g;Savoury Pies;300;11.1;26.2;1.1;16.5;6.5;1.1;0.5;
4824591;ASDA Chosen by You Salmon & Broccoli Puff Pastry Lattice 400g;£2.48;£0.62/100g;Savoury Pies;261;6.6;21.0;1.8;15.8;6.9;3.0;0.6;
4824601;ASDA Chosen by You Steak & Gravy Shortcrust Pastry Pie 400g;£2.48;£0.62/100g;Savoury Pies;295;9.5;25.2;0.7;16.8;7.1;2.5;0.6;
4824607;ASDA Chosen by You Steak & Red Wine Puff Pastry Pie 400g;£2.48;£0.62/100g;Savoury Pies;271;10.4;21.9;0.9;15.5;7.0;1.3;0.6;
4824593;ASDA Chosen by You Steak & Onion Puff Pastry Lattice 400g;£2.48;£0.62/100g;Savoury Pies;266;7.5;18.6;0.9;16.2;7.7;8.1;0.5;
4819333;ASDA Chosen by You Chicken & Gravy Shortcrust Pastry Pie;£1.00;£0.42/100g;Savoury Pies;null;8.4;25.6;0.6;15.6;6.0;1.9;0.4;
4819341;ASDA Chosen by You Chicken & White Wine Puff Pastry Pie;£1.00;£0.42/100g;Savoury Pies;null;10.5;22.2;0.9;14.1;6.0;1.4;0.5;
4819337;ASDA Chosen by You Steak & Kidney Puff Pastry Pie;£1.00;£0.42/100g;Savoury Pies;null;9.5;21.3;0.2;13.9;6.2;1.2;0.6;
4819335;ASDA Chosen by You Minced Steak & Onion Puff Pastry Pie;£1.00;£0.42/100g;Savoury Pies;null;8.8;23.0;0.7;18.4;7.8;0.9;0.4;
4819331;ASDA Chosen by You Steak & Gravy Shortcrust Pastry Pie;£1.00;£0.42/100g;Savoury Pies;null;8.2;24.5;0.6;14.7;5.9;2.0;0.6;
4819339;ASDA Chosen by You Steak & Ale Puff Pastry Pie;£1.00;£0.42/100g;Savoury Pies;null;10.6;19.9;0.3;15.7;6.8;3.2;0.6;
4819321;ASDA Chosen by You Steak & Potato Puff Pastry Plait 360g;£2.48;£0.68/100g;Savoury Pies;255;8.3;24.0;1.6;13.9;6.8;0.5;0.6;
4819343;ASDA Chosen by You Steak & Stilton Puff Pastry Pie;£1.00;£0.42/100g;Savoury Pies;null;8.7;22.5;0.4;14.2;6.2;1.9;0.6;
4819329;ASDA Chosen by You Steak & Gravy Puff Pastry Pie;£1.00;£0.42/100g;Savoury Pies;null;9.8;18.5;0.6;15.4;6.7;6.9;0.6;
4824603;ASDA Chosen by You Steak & Gravy Puff Pastry Pie 400g;£2.48;£0.62/100g;Savoury Pies;295;11.0;22.5;1.6;17.5;8.0;1.5;0.7;
4824605;ASDA Chosen by You Steak & Ale Puff Pastry Pie 400g;£2.48;£0.62/100g;Savoury Pies;303;9.0;25.1;0.9;17.9;8.0;2.7;0.8;
4824595;ASDA Chosen by You Chicken & Bacon Puff Pastry Lattice 400g;£2.48;£0.62/100g;Savoury Pies;306;10.7;20.2;0.1;19.6;9.0;3.2;0.6;
4840786;ASDA Chosen by You Cheese & Onion Pie 550g;£2.00;£0.36/100g;Savoury Pies;221;7.1;16.4;1.4;13.4;6.2;3.1;0.7;
4840784;ASDA Chosen by You Chicken Shortcrust Pie 550g;£2.00;£0.36/100g;Savoury Pies;205;12.4;13.2;0.7;10.9;4.4;2.4;0.7;
4840780;ASDA Chosen by You Minced Beef & Onion Shortcrust Pie 550g;£2.00;£0.36/100g;Savoury Pies;202;13.9;13.3;0.8;9.8;4.7;2.7;0.7;
4840782;ASDA Chosen by You Sausage & Onion Shortcrust Pie 550g;£2.00;£0.36/100g;Savoury Pies;231;6.8;18.0;1.4;14.0;5.9;2.9;0.8;
4840776;ASDA Chosen by You Steak & Kidney Puff Pastry Pie 550g;£2.00;£0.36/100g;Savoury Pies;174;11.3;13.0;0.9;8.0;3.8;2.2;0.7;
4840788;ASDA Chosen by You Steak Pie 550g;£2.00;£0.36/100g;Savoury Pies;202;13.9;13.3;0.8;9.8;4.7;2.7;0.6;
3689159;Weight Watchers Chicken & Mushroom Pie 400g;£1.50;£0.37/100g;Savoury Pies;null;5.5;9.7;0.3;1.9;1.1;1.1;0.5;
4054564;ASDA Bistro Ultimate Steak & Ale Pie 250g;£2.88;£1.15/100g;Savoury Pies;null;10.0;24.4;1.3;18.7;7.5;0.5;0.4;
3368567;ASDA Bistro Ultimate Steak Shortcrust Pastry Pie 250g;£2.88;£1.15/100g;Savoury Pies;null;9.8;24.4;0.8;17.9;7.4;1.4;0.4;
4414351;Pukka-Pies All Steak Pie 550g;£3.25;£0.59/100g;Savoury Pies;null;8.6;23.3;1.1;13.4;4.2;2.8;0.81;
2015221;Pukka-Pies Steak & Kidney Pie 238g;£1.50;£0.63/100g;Savoury Pies;null;9.7;17.7;1.0;11.8;4.7;4.5;0.75;
3689068;Pukka-Pies Steak & Ale Pie with Pedigree Ale 227g;£1.50;£0.66/100g;Savoury Pies;null;8.6;15.6;1.4;11.6;4.4;3.5;0.92;
2015225;Pukka-Pies Minced Steak & Onion Pie 231g;£1.50;£0.64/100g;Savoury Pies;null;6.6;18.5;1.3;13.6;5.0;3.8;0.80;
2708130;Pukka-Pies All Steak Pie 233g;£1.50;£0.64/100g;Savoury Pies;null;6.9;17.6;1.5;11.9;4.6;4.5;0.90;
2015223;Pukka-Pies Chicken & Mushroom Pie 226g;£1.50;£0.66/100g;Savoury Pies;null;6.6;19.7;2.7;10.9;3.7;3.5;0.78;
4442924;Pukka-Pies Steak & Cheese Pie 230g;£1.50;£0.65/100g;Savoury Pies;null;8.1;19.3;1.1;13.0;4.7;3.0;0.78;
4442926;Pukka-Pies Peppered Steak Pie 231g;£1.50;£0.64/100g;Savoury Pies;null;8.1;19.3;1.1;13.0;5.2;3.0;0.78;
482931;ASDA Steak & Gravy Puff Pastry Pies 4 600g;£2.50;£0.41/100g;Savoury Pies;279;8.8;27.2;1.4;14.6;5.8;1.6;0.6;
3685042;ASDA Chicken & Gravy Puff Pastry Pies 4 600g;£2.50;£0.41/100g;Savoury Pies;256;7.6;28.4;0.7;12.2;4.7;1.3;0.5;
987028;ASDA Steak & Gravy Puff Pastry Pie 150g;£0.66;£0.44/100g;Savoury Pies;null;14.8;23.5;0.4;13.3;5.4;1.9;null;
219074;ASDA Steak & Kidney Puff Pastry Pie 150g;£0.66;£0.44/100g;Savoury Pies;null;9.7;26.6;0.6;13.4;5.3;2.2;null;
4815633;ASDA Chosen by You Chicken & Mushroom Puff Pastry Pie 150g;£0.66;£0.44/100g;Savoury Pies;null;9.0;22.1;3.0;16.7;7.4;1.5;0.5;
572776;ASDA Minced Steak & Onion Puff Pastry Pie 150g;£0.66;£0.44/100g;Savoury Pies;null;7.1;27.9;1.3;17.5;6.9;1.7;0.6;
2904348;Peter's Premier Pie Steak;£1.00;£0.42/100g;Savoury Pies;null;7.9;11.7;0.7;13.9;5.9;1.3;0.52;
2904350;Peter's Premier Pie Steak & Kidney;£1.00;£0.42/100g;Savoury Pies;246;7.3;11.7;1.1;18.6;8.0;1.2;0.55;
2742478;Peter's Steak & Kidney Pie 185g;£0.84;£0.45/100g;Savoury Pies;258;7.2;30.3;0.4;11.7;4.7;1.6;0.57;
3048566;Holland's 4 Potato & Meat Pies 720g;£3.48;£0.48/100g;Savoury Pies;null;5.7;23.5;2.4;10.8;4.2;1.3;null;
152700;Holland's Steak & Kidney Pudding 179g;£0.95;£0.53/100g;Savoury Pies;195;8.9;19.0;2.3;9.3;4.0;2.1;null;
152708;Holland's Minced Beef & Onion Pie 185g;£0.95;£0.51/100g;Savoury Pies;246;6.4;28.7;2.7;11.7;4.0;2.3;null;
152705;Holland's Cheese & Onion Pie 185g;£0.95;£0.51/100g;Savoury Pies;256;6.4;2.8;3.3;13;5.4;null;0.93;
4825921;ASDA Chosen by You Cheese & Onion Quiche 400g;£1.19;£0.29/100g;Quiche & Tarts;240;5.7;19.6;2.7;15.2;6.8;0.8;0.7;
4825923;ASDA Chosen by You Cheese & Tomato Quiche 400g;£1.19;£0.29/100g;Quiche & Tarts;215;5.4;18.7;2.0;12.8;5.5;1.5;0.5;
4825919;ASDA Chosen by You Smoked Bacon & Cheese Quiche 400g;£1.19;£0.29/100g;Quiche & Tarts;247;6.2;20.5;2.2;15.0;5.9;2.4;0.6;
3591988;ASDA Bistro Red Pepper & Goats' Cheese Puff Pastry Tarts 330g;£2.50;£0.75/100g;Quiche & Tarts;null;4.9;19.3;1.3;18.6;9.4;0.5;0.3;
3889187;ASDA Spinach & Tomato Puff Pastry Tarts 330g;£2.50;£0.75/100g;Quiche & Tarts;null;6.2;15.3;1.1;17.0;9.4;0.3;0.5;
4609879;ASDA Smoked Bacon & Cheddar Tart 230g;£2.50;£1.09/100g;Quiche & Tarts;295;7.9;20.4;2.6;19.9;10.7;1.1;0.7;
3591984;ASDA Leek & Cheese Puff Pastry Tart 230g;£2.50;£1.09/100g;Quiche & Tarts;null;6.8;17.8;3.9;23.4;12.2;2.8;0.7;
4298890;ASDA Chosen By You Quiche Lorraine 400g;£2.20;£0.55/100g;Quiche & Tarts;266;8.1;19.7;2.3;16.9;7.5;1.1;0.7;
4298894;ASDA Chosen By You Chicken & Bacon Quiche 400g;£2.20;£0.55/100g;Quiche & Tarts;250;8.8;18.4;2.1;15.4;6.7;1.1;0.5;
4609881;ASDA Chosen By You Vegetable Tart 230g;£2.50;£1.09/100g;Quiche & Tarts;264;5.6;20.6;2.5;17.3;9.5;1.6;0.4;
4609873;ASDA Bistro Smoked Ham & Cheddar Quiche 330g;£2.50;£0.75/100g;Quiche & Tarts;296;9.4;26.8;0.8;16.8;7.3;0.1;0.2;
4609875;ASDA Bistro Cheddar & Onion Quiche 330g;£2.50;£0.75/100g;Quiche & Tarts;302;8.5;22.6;2.9;19.4;8.6;1.3;0.2;
4298898;ASDA Chosen By You Bacon & Leek Quiche 400g;£2.20;£0.55/100g;Quiche & Tarts;241;6.3;20.2;1.5;14.6;6.4;1.7;0.5;
4431680;ASDA Lincolnshire Sausage & Onion Quiche 400g;£2.20;£0.55/100g;Quiche & Tarts;282;8.2;20.4;1.1;18.3;7.8;1.2;0.6;
4298888;ASDA Chosen By You Cheese & Onion Quiche 400g;£2.20;£0.55/100g;Quiche & Tarts;263;7.7;20.9;2.2;16.2;7.5;1.5;0.4;
4298892;ASDA Broccoli & Cheddar Quiche 400g;£2.20;£0.55/100g;Quiche & Tarts;244;6.5;21.0;2.2;14.5;6.2;1.5;0.4;
4298896;ASDA Chosen By You Tomato & Cheese Quiche 400g;£2.20;£0.55/100g;Quiche & Tarts;253;7.2;19.0;2.1;16.1;7.4;1.4;0.7;
4298900;ASDA Chosen By You Spinach & Ricotta Quiche 400g;£2.20;£0.55/100g;Quiche & Tarts;235;6.6;20.2;2.2;13.9;6.0;1.1;0.4;
3207015;ASDA Individual Three Cheese & Onion Quiche;£0.90;£0.52/100g;Quiche & Tarts;null;7.8;22.0;2.2;16.3;7.4;1.0;0.4;
3207013;ASDA Individual Quiche Lorraine;£0.90;£0.52/100g;Quiche & Tarts;277;8.8;20.4;2.4;17.5;7.6;1.2;0.7;
3591982;ASDA Individual Crustless Quiche Lorraine;£0.90;£0.52/100g;Quiche & Tarts;228;9.2;12.3;2.0;15.2;7.3;2.8;0.7;
3633539;Weight Watchers Crustless Cheese & Onion Quiche 160g;£1.45;£0.90/100g;Quiche & Tarts;167;11.3;11.1;1.7;7.7;4.0;4.3;0.7;
3949688;Weight Watchers Crustless Bacon & Leek Quiche 160g;£1.00;£0.62/100g;Quiche & Tarts;188;9.1;15.3;2.2;9.6;4.3;2.3;0.5;
2790643;ASDA Smartprice Cheese & Bacon Quiche 330g;£0.82;£0.24/100g;Quiche & Tarts;273;7.0;22.4;3.0;16.7;7.4;2.3;0.4;
4962557;ASDA Chosen by You Pork Sausage Rolls 744g;£2.00;£0.26/100g;Sausage & Savoury Rolls;352;9.1;28;1.5;22;9.5;2.6;0.93;
4962551;ASDA Chosen by You Pork Sausage Rolls 496g;£1.50;£0.30/100g;Sausage & Savoury Rolls;352;9.1;28;1.5;22;9.5;2.6;0.93;
4962541;ASDA Chosen by You Pork Sausage Rolls 310g;£1.00;£0.32/100g;Sausage & Savoury Rolls;352;91;28;1.5;22;9.5;2.6;0.93;
4962559;ASDA Chosen by You Tiger Pork Sausage Rolls 744g;£2.00;£0.26/100g;Sausage & Savoury Rolls;374;8.8;27;1.2;25;10;2.7;0.85;
4962565;ASDA Chosen by You Tiger Snack Pork Sausage Rolls 496g;£1.50;£0.30/100g;Sausage & Savoury Rolls;406;12;25;0.9;28;11;3.2;1.0;
4962547;ASDA Chosen by You Tiger Pork Sausage Rolls 496g;£1.50;£0.30/100g;Sausage & Savoury Rolls;374;8.8;27;1.2;25;10;2.7;0.85;
4962567;ASDA Chosen by You Pork Snack Sausage Rolls 744g;£2.00;£0.26/100g;Sausage & Savoury Rolls;350;9.0;30;1.3;21;8.7;2.4;0.95;
4962561;ASDA Chosen by You Pork Snack Sausage Rolls 310g;£1.00;£0.32/100g;Sausage & Savoury Rolls;350;9.0;30;1.3;21;8.7;2.4;0.95;
4962569;ASDA Chosen by You Pork Mini Sausage Rolls 240g;£1.00;£0.41/100g;Sausage & Savoury Rolls;345;8.3;29;1.2;21;8.9;3.2;0.95;
4962553;ASDA Chosen by You Pork & Pickle Sausage Rolls 496g;£1.50;£0.30/100g;Sausage & Savoury Rolls;363;8.5;29;5.9;23;10;2.9;1.1;
4962549;ASDA Chosen by You Cumberland Sausage Rolls 496g;£1.50;£0.30/100g;Sausage & Savoury Rolls;345;9.6;28;1.7;21;9.6;2.8;0.93;
4962563;ASDA Chosen by You Cheese & Onion Snack Rolls 480g;£1.50;£0.31/100g;Sausage & Savoury Rolls;324;6.7;32;2.3;18;8.8;3.6;0.75;
4962555;ASDA Chosen by You Cheese & Onion Rolls 720g;£2.00;£0.27/100g;Sausage & Savoury Rolls;325;7.0;30;2.7;19;9.7;2.8;0.75;
4962545;ASDA Chosen by You Tiger Cheese & Onion Rolls 480g;£1.50;£0.31/100g;Sausage & Savoury Rolls;325;7.0;30;2.7;19;9.7;2.8;0.75;
4962539;ASDA Chosen by You Cheese & Onion Rolls 300g;£1.00;£0.33/100g;Sausage & Savoury Rolls;325;7.0;30;2.7;19;9.7;2.8;0.75;
4962543;ASDA Chosen by You 30% Less Fat Pork Sausage Rolls 310g;£1.00;£0.32/100g;Sausage & Savoury Rolls;292;11;27;1.7;15;6.4;2.4;0.78;
4616205;ASDA Sharing Pork Sausage Rolls 20 200g;£1.60;£0.80/100g;Sausage & Savoury Rolls;null;8.6;30.2;1.7;21.1;8.6;2.5;1.0;
4221205;HP Pork Sausage Roll 130g;£1.00;£0.76/100g;Sausage & Savoury Rolls;null;7.6;28.2;2.6;16.1;7.4;3.2;1.0;
4221203;Heinz Tomato Ketchup Pork Sausage Roll 130g;£1.00;£0.76/100g;Sausage & Savoury Rolls;null;8.6;27.7;3.8;15.8;6.5;2.4;1.0;
4221207;Heinz Tomato Ketchup Pork Sausage Rolls 4;£1.00;£0.41/100g;Sausage & Savoury Rolls;295;7.6;28.2;2.7;16.3;7.4;2.8;1.0;
4221201;Heinz Ploughman's Pickle Pork Sausage Roll 130g;£1.00;£0.76/100g;Sausage & Savoury Rolls;294;8.7;28.2;4.0;15.7;6.6;2.5;0.9;
4617058;Branston 5 Pork & Pickle Rolls 300g;£1.50;£0.50/100g;Sausage & Savoury Rolls;316;8.1;29.7;3.0;17.7;7.9;2.9;1.45;
4678546;Wall's 16 Mini Pork Sausage Rolls 160g;£1.00;£0.62/100g;Sausage & Savoury Rolls;null;7.8;28.2;1.4;26.3;10.7;null;0.9;
2804641;ASDA Smartprice 8 Sausage Rolls 60g;£1.00;£0.20/100g;Sausage & Savoury Rolls;278;7.3;33.9;1.5;12.0;5.2;2.4;0.9;
4634712;ASDA Smartprice Cheese & Onion Rolls 8 480g;£1.00;£0.20/100g;Sausage & Savoury Rolls;null;5.3;25.2;2.4;17.6;8.0;2.7;0.8;
4962535;ASDA Chosen by You Pork Sausage Rolls 124g;£0.60;£0.48/100g;Sausage & Savoury Rolls;null;9.1;28;1.5;22;9.5;2.6;0.93;
2880142;ASDA Sharing Mini Chicken Tikka Pasties 10 300g;£1.60;£0.53/100g;Pasties & Slices;null;8.4;29.4;2.6;19.7;8.7;1.9;0.6;
2699482;ASDA Sharing Mini Beef & Vegetable Pasties 10 300g;£1.60;£0.53/100g;Pasties & Slices;null;6.7;28.4;2.8;25.8;9.9;3.2;1.0;
4054693;ASDA Chosen By You 2 Steak Slices 150g;£1.50;£0.50/100g;Pasties & Slices;null;9.7;33.0;2.0;10.3;4.7;2.4;0.6;
4010436;ASDA Chosen By You 2 Chicken & Bacon Slices 300g;£1.50;£0.50/100g;Pasties & Slices;null;10.6;24.3;1.0;11.6;4.4;1.8;0.6;
3831018;ASDA Chosen By You Peppered Steak Slices 300g;£1.50;£0.50/100g;Pasties & Slices;null;10.2;33.1;2.6;10.9;5.0;1.8;0.5;
3831020;ASDA Minced Steak & Onion Slices 300g;£1.50;£0.50/100g;Pasties & Slices;270;7.9;20.0;1.7;16.9;7.9;3.0;0.8;
4614947;ASDA Chosen by You Creamy Chicken Slices 300g;£1.50;£0.50/100g;Pasties & Slices;null;10.4;30.0;1.5;15.0;6.2;2.6;0.6;
4614949;ASDA Chosen by You Spicy Chicken Slices 300g;£1.50;£0.50/100g;Pasties & Slices;null;9.7;31.5;3.2;12.8;5.3;2.6;0.6;
3831032;ASDA Chosen By You Cornish Pasty 135g;£0.60;£0.44/100g;Pasties & Slices;null;7.5;22.5;2.1;16.3;7.6;3.6;0.8;
4221199;Heinz Beanz Slice;£1.00;£0.62/100g;Pasties & Slices;239;5.4;28.7;4.0;10.6;4.4;3.5;0.6;
4221195;Heinz Beanz Slice with Smoky Sliced Pork Sausage;£1.00;£0.62/100g;Pasties & Slices;247;6.0;27.0;4.2;12.2;5.0;2.8;0.5;
4221193;Heinz Beanz Slice with Spicy Meatballs;£1.00;£0.62/100g;Pasties & Slices;237;6.3;25.8;4.1;11.5;4.6;2.5;0.4;
4221197;Heinz Beanz Slice with Cheddar Cheese;£1.00;£0.62/100g;Pasties & Slices;262;7.5;26.5;3.3;13.4;6.0;3.0;0.4;
4617082;Heinz Beanz Slice With Smokey Bacon;£1.00;£0.62/100g;Pasties & Slices;262;6.3;33.6;4.0;10.9;4.5;2.4;0.5;
3888821;Peter's Premier Slice Firecracker Cheese;£1.00;£0.54/100g;Pasties & Slices;294;7.6;28.1;1.0;16.4;7.8;1.8;0.8;
4482562;Peter's Cheese & Onion Pasty 150g;£0.50;£0.33/100g;Pasties & Slices;null;7.1;29.4;2.4;14.8;7.3;2.1;0.47;
4335322;Ginsters Peppered Steak Slice 170g;£1.68;£0.98/100g;Pasties & Slices;307;7.7;19.1;1.2;21.7;9.9;2.5;0.86;
4335326;Ginsters Spicy Chicken Slice 170g;£1.68;£0.98/100g;Pasties & Slices;304;6.8;15.0;1.9;23.0;9.8;4.8;0.72;
4335324;Ginsters Chicken & Mushroom Slice 170g;£1.68;£0.98/100g;Pasties & Slices;298;7.9;19.0;0.8;20.6;10.1;2.7;0.96;
4335330;Ginsters Westcountry Cheddar & Onion Slice 170g;£1.68;£0.98/100g;Pasties & Slices;309;6.3;19.9;2.3;21.9;11.1;3.5;0.97;
3600656;Ginsters Original Cornish Pasty;£1.00;£0.44/100g;Pasties & Slices;249;8.0;18.5;1.8;15.5;7.2;1.9;1.17;
3150945;Ginsters Chicken & Bacon Pasty;£1.00;£0.55/100g;Pasties & Slices;246;7.1;21.0;1.1;14.2;6.3;3.2;1.29;
3150947;Ginsters Cheddar & Pickle Pasty;£1.00;£0.55/100g;Pasties & Slices;255;7.3;20.2;1.5;15.6;7.5;2.4;0.86;
470290;Island Delight Chicken Jamaican Crust Pattie;£0.50;£0.35/100g;Pasties & Slices;null;8;34.5;5.2;18.1;8.4;1.1;null;
470292;Island Delight Curried Beef Jamaican Crust Pattie;£0.50;£0.35/100g;Pasties & Slices;null;6.3;30.9;2.8;19.3;8.6;2.1;null;
154241;Island Delight Lamb Jamaican Crust Pattie;£0.50;£0.35/100g;Pasties & Slices;null;6.2;31.5;2.7;21.6;10.2;1.1;null;
154237;Island Delight Halal Lamb Jamaican Crust Pattie;£0.50;£0.35/100g;Pasties & Slices;null;6.2;31.5;2.7;21.6;10.2;1.1;null;
154238;Island Delight Vegetable Jamaican Crust Pattie;£0.50;£0.35/100g;Pasties & Slices;null;4.9;30.2;4.6;17.1;7.8;3.4;null;
154242;Island Delight Salt Fish Jamaican Crust Pattie;£0.50;£0.35/100g;Pasties & Slices;null;6.9;33.9;3.9;18.0;8.2;1.0;null;
154239;Island Delight Halal Chicken Jamaican Crust Pattie;£0.50;£0.35/100g;Pasties & Slices;null;9.1;31.6;2.9;19.3;8.5;1.1;null;
3605855;Island Delight Jerk Chicken Jamaican Crust Pattie Short Crust 140g;£0.50;£0.35/100g;Pasties & Slices;null;8.0;34.5;5.2;18.1;8.4;0.5;null;
3379317;Island Delight Asian Style Chicken Tikka Pattie;£0.50;£0.35/100g;Pasties & Slices;null;null;null;null;null;null;null;null;
3379319;Island Delight Asian Style Lamb Keema Pattie;£0.50;£0.35/100g;Pasties & Slices;null;null;null;null;null;null;null;null;
3944906;Island Delight Chilli Beef Jamaican Crust Pattie;£0.50;£0.35/100g;Pasties & Slices;null;6.3;30.9;2.8;19.3;8.6;2.1;null;
3944910;Island Delight Spicy Vegetable Jamaican Crust Pattie;£0.50;£0.35/100g;Pasties & Slices;null;4.9;30.2;4.6;17.1;7.8;3.4;null;
3944908;Island Delight Curried Lamb Jamaican Crust Pattie;£0.50;£0.35/100g;Pasties & Slices;null;6.2;31.5;2.7;21.6;10.2;1.1;null;
3944912;Island Delight Jerk Chicken Jamaican Crust Pattie Flaky Pastry;£0.50;£0.35/100g;Pasties & Slices;null;8;34.5;5.2;18.1;8.4;0.5;null;
3698997;Island Delight Jamaican Snack Jerk Chicken Patties 300g;£2.00;£0.66/100g;Pasties & Slices;null;8;34.5;5.2;18.1;8.4;null;null;
3698999;Island Delight Jamaican Snack Jerk Beef Patties 300g;£2.00;£0.66/100g;Pasties & Slices;null;7.6;31.9;5.7;17.3;8.3;null;null;
152699;Holland's Beef & Veg Pasty 204g;£0.95;£0.46/100g;Pasties & Slices;287;6.7;27.4;1.8;16.8;7.9;2.1;null;
4828378;ASDA Chosen by You Cheese & Onion Pasty 200g;£1.48;£0.74/100g;Pasties & Slices;null;7.3;26.3;2.2;14.9;8.0;1.9;0.7;
4828380;ASDA Chosen by You Chicken & Bacon Pasty 135g;£0.60;£0.44/100g;Pasties & Slices;null;9.7;20.6;1.5;14.5;7.0;2.0;0.7;
4886011;Port Royal Traditional Jamaican Beef & Cheese Patty 140g;£0.85;£6.07/kg;Pasties & Slices;null;null;null;null;null;null;null;null;
1063016;Port Royal Traditional Jamaican Beef Patty 140g;£0.85;£6.07/kg;Pasties & Slices;null;null;null;null;null;null;null;null;
1063452;Port Royal Traditional Jamaican Chicken Patty 140g;£0.85;£6.07/kg;Pasties & Slices;null;null;null;null;null;null;null;null;
3698757;Port Royal Traditional Jamaican Jerk Chicken Patty 140g;£0.85;£6.07/kg;Pasties & Slices;null;null;null;null;null;null;null;null;
1063444;Port Royal Traditional Jamaican Lamb Patty 140g;£0.85;£6.07/kg;Pasties & Slices;null;null;null;null;null;null;null;null;
4886009;Port Royal Traditional Jamaican Salt Fish Patty 140g;£0.85;£6.07/kg;Pasties & Slices;null;null;null;null;null;null;null;null;
1063449;Port Royal Traditional Jamaican Vegetable Patty 140g;£0.85;£6.07/kg;Pasties & Slices;null;null;null;null;null;null;null;null;
4855024;Sharwood's Chicken Balti Bake;£1.00;£0.66/100g;Pasties & Slices;null;7.9;24.4;1.3;12.1;5.0;2.5;0.52;
4855022;Sharwood's Chicken Korma Bake;£1.00;£0.66/100g;Pasties & Slices;null;7.9;24.9;1.6;13.9;6.2;2.8;0.48;
4855026;Sharwood's Chicken Madras Bake;£1.00;£0.66/100g;Pasties & Slices;null;7.8;24.9;1.0;12.0;5.1;2.5;0.55;
4855020;Sharwood's Chicken Tikka Masala Bake;£1.00;£0.66/100g;Pasties & Slices;null;8.3;24.8;1.6;12.6;5.3;3.2;0.49;
4810791;Quorn Meat Free Pork Pies 114g;£1.79;£15.70/kg;Pork Pies;382;9.6;38.0;1.8;20.3;8.3;4.0;1.7;
3897473;ASDA Chosen by You Classic Snack Pork Pies 260g;£1.50;£0.57/100g;Pork Pies;null;8.4;27.9;0.1;26.3;10.9;1.9;0.9;
3897477;ASDA Crispy Bake Snack Pork Pies 260g;£1.50;£0.57/100g;Pork Pies;null;7.0;30.3;0.7;26.0;10.5;2.2;0.8;
4609867;ASDA Classic Lincolnshire Mini Pork Pies 200g;£1.25;£0.62/100g;Pork Pies;null;8.4;28.3;1.0;27.4;11.1;2.1;0.6;
4609865;ASDA Crispy Bake Mini Pork Pies with Apple 200g;£1.25;£0.62/100g;Pork Pies;null;7.8;31.3;2.3;26.6;10.9;1.4;0.6;
4611692;ASDA Classic Mini Pork Pies with Pickle 6 300g;£1.50;£0.50/100g;Pork Pies;null;7.6;31.3;1.4;24.5;10.0;2.2;0.8;
4611688;ASDA Chosen By You 6 Classic Mini Pork Pies 300g;£1.50;£0.50/100g;Pork Pies;null;8.0;31.8;0.5;27.5;11.2;1.8;1.0;
4611690;ASDA Crispy Bake Mini Pork Pies 6 300g;£1.50;£0.50/100g;Pork Pies;null;8.1;32.1;0.2;27.2;11.1;1.5;0.9;
3876102;ASDA Sharing Mini Pork Pies 12 300g;£1.60;£0.53/100g;Pork Pies;null;9.5;28.8;1.7;26.0;10.2;2.7;1.1;
4616211;ASDA Sharing Pork & Pickle Mini Pork Pies 12 300g;£1.60;£0.53/100g;Pork Pies;null;8.6;28.6;3.4;24.6;10.0;2.1;1.1;
3897481;ASDA Melton Mowbray Snack Pork Pies 2 130g;£1.00;£0.76/100g;Pork Pies;null;8.2;28.8;0.2;28.0;11.3;2.0;1.0;
3207041;ASDA Chosen By You Melton Mowbray Pork Pie 140g;£0.99;£0.70/100g;Pork Pies;null;8.8;25.1;0.2;28.3;8.6;2.2;0.8;
3897483;ASDA Chosen By You Melton Mowbray Pork Pie;£1.50;£0.50/100g;Pork Pies;null;9.3;26.9;0.5;26.0;10.6;1.4;0.9;
3591946;ASDA Melton Mowbray Mini Pork Pies 6 300g;£1.75;£0.58/100g;Pork Pies;437;8.9;30.6;0.2;30.8;12.5;0.7;0.9;
4617052;Pork Farms Melton Mowbray Pork Pie 142g;£1.00;£0.70/100g;Pork Pies;null;9.6;26.4;2.1;33.1;12.5;null;0.9;
3897479;ASDA Chosen By You Crispy Bake Pork Pie;£1.00;£0.33/100g;Pork Pies;null;8.7;27.6;0.2;24.2;9.7;1.8;0.9;
3897475;ASDA Chosen By You Classic Pork Pie;£1.00;£0.33/100g;Pork Pies;null;9.1;23.2;0.1;25.8;10.2;1.3;0.8;
3207043;Pork Farms 4 Mini Pork Pies Topped with Branston Pickle 200g;£1.50;£0.75/100g;Pork Pies;351;7.0;28.8;2.8;22.6;8.9;null;1.3;
4617048;Pork Farms Melton Mowbray Mini Pork Pies 6 300g;£2.00;£0.66/100g;Pork Pies;393;10.2;23.3;1.1;28.2;11.3;null;0.82;
4617050;Pork Farms Melton Mowbray Snack Pork Pies 4;£1.00;£0.38/100g;Pork Pies;412;11.7;24.9;0.2;29.2;11.7;null;0.5;
4662555;Walkers Individual Pork Pie 140g;£1.00;£0.71/100g;Pork Pies;380;10.6;26.0;1.9;25.6;9.2;1.4;1.0;
2546055;ASDA Smartprice Pork Pies;£1.04;£0.23/100g;Pork Pies;295;8.5;28.3;1.5;16.0;6.5;1.7;1.0;
2546057;ASDA Smartprice Pork Pie;£0.58;£0.52/100g;Pork Pies;null;8.5;28.3;1.5;16.0;6.5;1.7;1.0;
3591990;ASDA Chosen By You 2 Scotch Eggs 226g;£0.89;£0.39/100g;Scotch Eggs & Snacking;null;11.9;17.5;1.5;15.6;4.2;1.2;0.9;
3591994;ASDA Chosen By You 2 Cumberland Scotch Eggs 226g;£1.00;£0.44/100g;Scotch Eggs & Snacking;null;11.6;16.1;0.8;13.2;3.6;1.0;0.8;
4298946;ASDA Chosen By You 12 Mini Savoury Eggs;£0.90;£0.41/100g;Scotch Eggs & Snacking;282;9.5;24.5;2.3;15.8;4.1;2.1;0.9;
3888668;ASDA Chosen By You Pork Sausage Rolls;£0.50;£0.83/100g;Scotch Eggs & Snacking;null;9.3;33.2;2.5;21.4;9.3;2.7;0.8;
3586869;ASDA Snack Bag Mini Cocktail Sausages 77g;£0.50;£0.64/100g;Scotch Eggs & Snacking;null;10.9;14.7;1.2;21.3;7.6;1.5;1.6;
3586865;ASDA Chosen By You Mini Savoury Eggs 84g;£0.50;£0.59/100g;Scotch Eggs & Snacking;null;9.8;25.7;2.1;17.8;4.2;1.2;0.9;
3888672;ASDA Snack Bag Roast Chicken Bites 48g;£0.50;£1.04/100g;Scotch Eggs & Snacking;null;11.3;18.4;0.9;24.5;5.6;1.9;1.4;
4819299;ASDA Chosen by You BBQ Pork Bites 72g;£0.50;£0.69/100g;Scotch Eggs & Snacking;null;9.8;25.8;5.0;18.7;4.6;2.0;1.5;
3022538;ASDA Chosen By You Pork Cocktail Sausages 180g;£1.00;£0.55/100g;Scotch Eggs & Snacking;null;10.8;12.0;1.2;21.2;7.6;1.7;1.5;
2699480;ASDA Chosen By You Sharing Party Sausages 245g;£1.60;£0.65/100g;Scotch Eggs & Snacking;null;10.9;14.7;1.2;21.3;7.6;1.5;1.5;
3206887;ASDA Sharing BBQ Party Sausages 245g;£1.60;£0.65/100g;Scotch Eggs & Snacking;null;12.0;14.1;3.2;18.4;6.5;2.0;1.3;
4298940;ASDA Sharing Mini Savoury Eggs 192g;£1.60;£0.83/100g;Scotch Eggs & Snacking;null;9.8;25.7;2.1;17.8;4.2;1.2;0.9;
4733367;ASDA Mini Chicken Satay Sticks 128g;£2.00;£15.62/kg;Scotch Eggs & Snacking;null;17.5;7.1;3.2;12.3;2.8;0.6;1.3;
3888680;ASDA Sharing 22 Piece Picnic Pack 199g;£1.60;£0.80/100g;Scotch Eggs & Snacking;null;10.9;14.7;1.2;21.3;7.6;1.5;1.6;
3888674;ASDA Sharing Roast Chicken Flavour Bites 160g;£1.60;£1.00/100g;Scotch Eggs & Snacking;null;11.3;18.4;0.9;24.5;5.6;1.9;1.4;
4221239;ASDA Sharing Southern Fried Pickin' Chicken 115g;£1.60;£1.39/100g;Scotch Eggs & Snacking;null;26.1;16.0;0.6;15.9;1.4;1.3;1.2;
4221243;ASDA Sharing Pepperoni Pizza Parcels 150g;£1.60;£10.67/kg;Scotch Eggs & Snacking;null;10.3;27.9;3.5;10.2;3.0;1.9;1.1;
4617060;Branston 6 Ploughmans Bites 180g;£1.50;£0.83/100g;Scotch Eggs & Snacking;288;6.9;21.0;0.7;20.0;4.3;0.8;1.0;
1702118;ASDA Smartprice 12 Snack Eggs 240g;£0.83;£0.34/100g;Scotch Eggs & Snacking;null;9.6;25.1;1.3;15.8;3.6;1.3;1.0;
1700721;ASDA Smartprice Scotch Egg 113g;£0.31;£0.27/100g;Scotch Eggs & Snacking;null;11.6;15.3;0.7;13.3;2.8;1.3;0.8;
2708464;Holland's Potato & Meat Pies 177g;£1.80;£0.50/100g;Deli Pies;null;5.7;23.5;2.4;10.8;4.2;1.3;null;
4296859;ASDA Mini Beef & Veg Pasty 86g;£0.50;£0.58/100g;Deli Pies;null;6.3;30.6;1.2;12.9;5.7;3.0;0.5;
4296857;ASDA Mini Cheese & Onion Pasty 86g;£0.50;£0.58/100g;Deli Pies;null;7.7;30.9;0.8;15.6;7.2;2.2;0.8;
4268369;Peter's Chicken Pasty 155g;£0.50;£0.32/100g;Deli Pies;null;8.9;24.1;1.3;17.9;7.4;0.9;1.1;
4268367;Peter's Corned Beef Pasty 155g;£0.50;£0.32/100g;Deli Pies;null;7.6;24.0;1.1;16.4;7.6;1.2;1.1;
4296873;ASDA Sausage Rolls 340g;£1.50;£0.44/100g;Deli Pies;null;9.6;23.3;0.8;20.5;8.1;3.7;1.0;
3029866;ASDA Jumbo Sausage Roll 130g;£0.75;£0.57/100g;Deli Pies;null;8.5;23.7;1.7;21.6;8.4;2.7;1.1;
4296861;ASDA Pork Sausage Roll 85g;£0.50;£0.58/100g;Deli Pies;null;9.6;23.3;0.8;20.5;8.1;3.7;1.0;
4296863;ASDA Lincolnshire Sausage Roll 85g;£0.50;£0.58/100g;Deli Pies;null;null;null;null;null;null;null;null;
1978649;ASDA Pork & Egg Gala Slices 250g;£1.50;£0.60/100g;Deli Pies;null;10.5;21.0;1.6;21.3;8.1;1.9;1.1;
3929962;ASDA Pork Pie 65g;£0.50;£0.76/100g;Deli Pies;null;8.6;30.3;0.4;26.5;10.8;1.6;0.7;
3929966;ASDA British Classic Snack Pork Pie 65g;£0.50;£0.76/100g;Deli Pies;null;10.2;27.3;2.3;24.3;10.4;1.9;null;
2756477;Topping Pie Co. Pork Pie 430g;£2.00;£0.46/100g;Deli Pies;null;9.6;28.0;0.5;27.0;10.8;1.1;2.6;
4043259;Half Huntsman Pork Pie 225g;£2.00;£0.88/100g;Deli Pies;null;null;null;null;null;null;null;null;
4043263;Half Yorkshire Farmers Pork Pie 225g;£2.00;£0.88/100g;Deli Pies;null;null;null;null;null;null;null;null;
4842554;ASDA Chosen by You Hot Dog Crust British Bull Dog Pizza 565g;£3.50;£6.19/kg;Pizza Counter;null;null;null;null;null;null;null;null;
4842556;ASDA Chosen by You Hot Dog Crust Chilli Dog Pizza 577g;£3.50;£6.07/kg;Pizza Counter;null;null;null;null;null;null;null;null;
4716307;ASDA Chosen by You Double Decker Spicy Beef & Pepperoni/Garlic & Herb Thin & Crispy Pizza 1330g;£5.00;£3.76/kg;Pizza Counter;null;null;null;null;null;null;null;null;
4711308;ASDA Chosen by You Double Decker Chicken Bacon & Sweetcorn/BBQ Sauce Thin & Crispy Pizza 1335g;£5.00;£3.75/kg;Pizza Counter;null;null;null;null;null;null;null;null;
4711306;ASDA Chosen by You Brazilian Sweet Heat Stuffed Crust Pizza 10in 545g;£2.60;£4.77/kg;Pizza Counter;null;null;null;null;null;null;null;null;
1120436;ASDA Chosen by You American Sizzler Thin & Crispy Pizza 10in 328g;£2.60;£7.93/kg;Pizza Counter;null;null;null;null;null;null;null;null;
1121357;ASDA Chosen by You American Sizzler Stonebaked Pizza 10in 360g;£2.60;£7.22/kg;Pizza Counter;null;null;null;null;null;null;null;null;
1120474;ASDA Chosen by You American Sizzler Deep Pan Pizza 10in 430g;£2.60;£6.05/kg;Pizza Counter;null;null;null;null;null;null;null;null;
1771659;ASDA Chosen by You American Sizzler Stuffed Crust Pizza 10in 415g;£3.50;£8.43/kg;Pizza Counter;null;null;null;null;null;null;null;null;
1120460;ASDA Chosen by You American Sizzler Thin & Crispy Pizza 14in 658g;£3.50;£5.32/kg;Pizza Counter;null;null;null;null;null;null;null;null;
1120828;ASDA Chosen by You American Sizzler Stonebaked Pizza 14in 658g;£3.50;£5.32/kg;Pizza Counter;null;null;null;null;null;null;null;null;
1120813;ASDA Chosen by You American Sizzler Deep Pan Pizza 14in 853g;£3.50;£4.10/kg;Pizza Counter;null;null;null;null;null;null;null;null;
1120443;ASDA Chosen by You Meat Feast Thin & Crispy Pizza 10in 319g;£2.60;£8.15/kg;Pizza Counter;null;null;null;null;null;null;null;null;
1121394;ASDA Chosen by You Meat Feast Stonebaked Pizza 10in 351g;£2.60;£7.41/kg;Pizza Counter;null;null;null;null;null;null;null;null;
1120488;ASDA Chosen by You Meat Feast Deep Pan Pizza 10in 420g;£2.60;£6.19/kg;Pizza Counter;null;null;null;null;null;null;null;null;
1771665;ASDA Chosen by You Meat Feast Stuffed Crust Pizza 10in 405g;£3.50;£8.64/kg;Pizza Counter;null;null;null;null;null;null;null;null;
1120477;ASDA Chosen by You Meat Feast Thin & Crispy Pizza 14in 639g;£3.50;£5.48/kg;Pizza Counter;null;null;null;null;null;null;null;null;
1120837;ASDA Chosen by You Meat Feast Stonebaked Pizza 14in 639g;£3.50;£5.48/kg;Pizza Counter;null;null;null;null;null;null;null;null;
1120822;ASDA Chosen by You Meat Feast Deep Pan Pizza 14in 833g;£3.50;£4.20/kg;Pizza Counter;null;null;null;null;null;null;null;null;
1120432;ASDA Chosen by You Pepperoni Feast Thin & Crispy Pizza 10in 293g;£2.60;£8.87/kg;Pizza Counter;null;null;null;null;null;null;null;null;
1120937;ASDA Chosen by You Pepperoni Feast Stonebaked Pizza 10in 325g;£2.60;£8.00/kg;Pizza Counter;null;null;null;null;null;null;null;null;
1120457;ASDA Chosen by You Pepperoni Feast Deep Pan Pizza 10in 394g;£2.60;£6.60/kg;Pizza Counter;null;null;null;null;null;null;null;null;
1771653;ASDA Chosen by You Pepperoni Feast Stuffed Crust Pizza 10in 379g;£3.50;£9.23/kg;Pizza Counter;null;null;null;null;null;null;null;null;
1120452;ASDA Chosen by You Pepperoni Feast Thin & Crispy Pizza 14in 586g;£3.50;£5.97/kg;Pizza Counter;null;null;null;null;null;null;null;null;
1120549;ASDA Chosen by You Pepperoni Feast Stonebaked Pizza 14in 586g;£3.50;£5.97/kg;Pizza Counter;null;null;null;null;null;null;null;null;
1120564;ASDA Chosen by You Pepperoni Feast Deep Pan Pizza 14in 781g;£3.50;£4.48/kg;Pizza Counter;null;null;null;null;null;null;null;null;
1120435;ASDA Chosen by You Vegetable Supreme Thin & Crispy Pizza 10in 349g;£2.60;£7.45/kg;Pizza Counter;null;null;null;null;null;null;null;null;
1121356;ASDA Chosen by You Vegetable Supreme Stonebaked Pizza 10in 381g;£2.60;£6.82/kg;Pizza Counter;null;null;null;null;null;null;null;null;
1120470;ASDA Chosen by You Vegetable Supreme Deep Pan Pizza 10in 450g;£2.60;£5.78/kg;Pizza Counter;null;null;null;null;null;null;null;null;
1771651;ASDA Chosen by You Vegetable Supreme Stuffed Crust Pizza 10in 435g;£3.50;£8.05/kg;Pizza Counter;null;null;null;null;null;null;null;null;
1120458;ASDA Chosen by You Vegetable Supreme Thin & Crispy Pizza 14in 699g;£3.50;£5.01/kg;Pizza Counter;null;null;null;null;null;null;null;null;
1120823;ASDA Chosen by You Vegetable Supreme Stonebaked Pizza 14in 699g;£3.50;£5.01/kg;Pizza Counter;null;null;null;null;null;null;null;null;
1120806;ASDA Chosen by You Vegetable Supreme Deep Pan Pizza 14in 893g;£3.50;£3.92/kg;Pizza Counter;null;null;null;null;null;null;null;null;
1120431;ASDA Chosen by You Cheese Meltdown Thin & Crispy Pizza 10in 287g;£2.60;£9.06/kg;Pizza Counter;null;null;null;null;null;null;null;null;
1120924;ASDA Chosen by You Cheese Meltdown Stonebaked Pizza 10in 319g;£2.60;£8.15/kg;Pizza Counter;null;null;null;null;null;null;null;null;
1120455;ASDA Chosen by You Cheese Meltdown Deep Pan Pizza 10in 388g;£2.60;£6.70/kg;Pizza Counter;null;null;null;null;null;null;null;null;
1771649;ASDA Chosen by You Cheese Meltdown Stuffed Crust Pizza 10in 385g;£3.50;£9.09/kg;Pizza Counter;null;null;null;null;null;null;null;null;
1120451;ASDA Chosen by You Cheese Meltdown Thin & Crispy Pizza 14in 551g;£3.50;£6.35/kg;Pizza Counter;null;null;null;null;null;null;null;null;
1120541;ASDA Chosen by You Cheese Meltdown Stonebaked Pizza 14in 551g;£3.50;£6.35/kg;Pizza Counter;null;null;null;null;null;null;null;null;
1120528;ASDA Chosen by You Cheese Meltdown Deep Pan Pizza 14in 764g;£3.50;£4.58/kg;Pizza Counter;null;null;null;null;null;null;null;null;
1120433;ASDA Chosen by You Hawaiian Thin & Crispy Pizza 10in 313g;£2.60;£8.31/kg;Pizza Counter;null;null;null;null;null;null;null;null;
1121354;ASDA Chosen by You Hawaiian Stonebaked Pizza 10in 345g;£2.60;£7.54/kg;Pizza Counter;null;null;null;null;null;null;null;null;
1120459;ASDA Chosen by You Hawaiian Deep Pan Pizza 10in 414g;£2.60;£6.28/kg;Pizza Counter;null;null;null;null;null;null;null;null;
1771655;ASDA Chosen by You Hawaiian Stuffed Crust Pizza 10in 400g;£3.50;£8.75/kg;Pizza Counter;null;null;null;null;null;null;null;null;
1120453;ASDA Chosen by You Hawaiian Thin & Crispy Pizza 14in 627g;£3.50;£5.58/kg;Pizza Counter;null;null;null;null;null;null;null;null;
1120558;ASDA Chosen by You Hawaiian Stonebaked Pizza 14in 627g;£3.50;£5.58/kg;Pizza Counter;null;null;null;null;null;null;null;null;
1120583;ASDA Chosen by You Hawaiian Deep Pan Pizza 14in 321g;£3.50;£10.90/kg;Pizza Counter;null;null;null;null;null;null;null;null;
3913693;ASDA Chosen by You Chicken Fajita Thin & Crispy Pizza 14in 340g;£3.50;£10.29/kg;Pizza Counter;null;null;null;null;null;null;null;null;
4492461;ASDA Chosen by You Double Trouble Half Hawaiian & Half Pepperoni Feast Thin Crust Pizza 675g;£3.50;£5.19/kg;Pizza Counter;null;null;null;null;null;null;null;null;
4492465;ASDA Chosen by You Double Trouble Half Hawaiian & Half Pepperoni Feast Stone Baked Pizza 415g;£3.50;£8.43/kg;Pizza Counter;null;null;null;null;null;null;null;null;
4492463;ASDA Chosen by You 14" Double Trouble Half Hawaiian & Half Pepperoni Feast Deep Pan Pizza 893g;£3.50;£3.92/kg;Pizza Counter;null;null;null;null;null;null;null;null;
4492451;ASDA Chosen by You 14" Meat Me Halfway Half Meat Feast & Half Vegetable Supreme Thin Crust Pizza 675g;£3.50;£5.19/kg;Pizza Counter;null;null;null;null;null;null;null;null;
4492453;ASDA Chosen by You 14" Meat Me Halfway Half Meat Feast & Half Vegetable Supreme Stone Baked Pizza 415g;£3.50;£8.43/kg;Pizza Counter;null;null;null;null;null;null;null;null;
4492449;ASDA Chosen by You Meat Me Halfway Half Meat Feast & Half Vegetable Supreme Pizza 893g;£3.50;£3.92/kg;Pizza Counter;null;null;null;null;null;null;null;null;
4492457;ASDA Chosen by You Hot or Not Half American Sizzler & Half Cheese Meltdown 675g;£3.50;£5.19/kg;Pizza Counter;null;null;null;null;null;null;null;null;
4492459;ASDA Chosen by You Hot or Not Half American Sizzler & Half Cheese Meltdown Stonebaked 415g;£3.50;£8.43/kg;Pizza Counter;null;null;null;null;null;null;null;null;
4492455;ASDA Chosen by You Hot or Not Half American Sizzler & Half Cheese Meltdown 893g;£3.50;£3.92/kg;Pizza Counter;null;null;null;null;null;null;null;null;
2064343;ASDA Chosen by You BBQ Chicken & Bacon Thin & Crispy Pizza 10in 337g;£2.60;£7.72/kg;Pizza Counter;null;null;null;null;null;null;null;null;
2064678;ASDA Chosen by You BBQ Chicken & Bacon Stonebake Pizza 10in 369g;£2.60;£7.05/kg;Pizza Counter;null;null;null;null;null;null;null;null;
4831050;ASDA Extra Special Stonebaked Buffalo Mozzarella & Tomato Pizza 460g;£4.00;£8.70/kg;Boxed Pizza;269;10.7;32.0;3.9;10.4;3.9;2.1;0.9;
4831046;ASDA Extra Special Stonebaked Salami & Spicy Sausage Pizza 455g;£4.00;£8.79/kg;Boxed Pizza;257;9.4;33.8;4.1;8.8;3.3;2.6;0.9;
4831048;ASDA Extra Special Stonebaked Herb Chicken & Red Pepper Pizza 475g;£4.00;£8.42/kg;Boxed Pizza;244;10.2;33.2;4.7;7.2;2.3;3.0;0.7;
4831044;ASDA Extra Special Stonebaked Cured Ham & Sunkissed Tomato Pizza 485g;£4.00;£8.25/kg;Boxed Pizza;250;8.0;30.6;4.8;9.8;4.2;3.6;1.0;
4831052;ASDA Chosen by You Stonebaked Fajita Chicken 10 inch Pizza 330g;£2.20;£6.67/kg;Boxed Pizza;211;10.7;26.3;2.7;6.5;2.9;2.4;0.8;
4831054;ASDA Chosen by You Stuffed Crust Nacho Chilli Beef Pizza;£3.00;£5.79/kg;Boxed Pizza;283;8.5;35.4;4.0;11.7;3.7;1.2;0.9;
4847375;ASDA Chosen by You Calzone Cheese & Pepperoni 120g;£1.19;£9.92/kg;Boxed Pizza;254;10.3;29.2;3.9;10.1;4.5;2.3;1.0;
4847373;ASDA Chosen by You Calzone Chicken 120g;£1.19;£9.92/kg;Boxed Pizza;230;13.7;32.0;3.3;4.6;0.5;3.0;1.0;
4847377;ASDA Chosen by You Calzone Cheese & Tomato 120g;£1.00;£8.33/kg;Boxed Pizza;234;9.2;29.2;3.7;8.3;3.8;2.7;1.0;
4847381;ASDA Chosen by You Ham & Pineapple 110g;£0.75;£6.82/kg;Boxed Pizza;234;10.9;33.0;3.4;5.9;2.7;2.7;1.0;
4847379;ASDA Chosen by You Pizza Snack Cheese & Pepperoni 110g;£1.19;£10.82/kg;Boxed Pizza;241;9.7;30.6;3.6;8.1;2.8;3.6;1.0;
4847383;ASDA Chosen by You Pizza Snack Cheese & Tomato 100g;£1.19;£11.90/kg;Boxed Pizza;249;11.4;30.8;2.7;8.3;4.3;2.9;1.0;
4039726;ASDA Chosen by You Stuffed Crust Cheese Feast Pizza with Dip;£3.00;£6.25/kg;Boxed Pizza;287;9.2;31.7;2.6;13.2;4.8;2.3;0.8;
4719454;ASDA Chosen by You Meat Feast Stuffed Crust Pizza with Dip;£3.00;£6.00/kg;Boxed Pizza;271;12.0;28.1;2.0;11.7;5.7;2.4;1.0;
4039730;ASDA Chosen by You Stuffed Crust Spicy Meatball Pizza with Dip;£3.00;£5.66/kg;Boxed Pizza;256;9.7;29.3;5.3;10.5;3.8;2.5;0.5;
4039728;ASDA Chosen by You Stuffed Crust American BBQ Pizza with Dip;£3.00;£5.83/kg;Boxed Pizza;234;14.9;22.7;3.1;8.8;4.2;2.2;0.8;
4704134;ASDA Chosen by You Hot Dog Crust 3 Cheese Pizza with Dip;£3.00;£5.63/kg;Boxed Pizza;284;10.8;26.4;5.0;14.4;5.7;2.7;1.1;
4233913;ASDA Chosen by You Mad 4 Cheese Stonebaked Pizza 505g;£3.00;£5.94/kg;Boxed Pizza;267;12.0;30.3;2.4;10.5;5.1;1.7;0.8;
4233915;ASDA Chosen by You Kickin' Piri Piri Chicken Stonebaked Pizza 605g;£3.00;£4.96/kg;Boxed Pizza;208;10.7;26.2;4.8;6.3;2.5;1.7;0.9;
4233917;ASDA Chosen by You Pep-Me-Up Stonebaked Pizza 519g;£3.00;£5.78/kg;Boxed Pizza;259;14.4;28.6;2.6;9.2;3.5;2.3;1.2;
4233909;ASDA Chosen by You Veggie Chilli Cheezilla Stonebaked Pizza 570g;£3.00;£5.26/kg;Boxed Pizza;209;8.1;28.3;2.8;6.6;3.3;2.1;0.6;
4740967;ASDA Chosen by You Chilli Beef Sizzler Stonebaked Pizza 520g;£3.00;£5.77/kg;Boxed Pizza;240;1.0;41.4;4.9;7.5;3.3;1.4;0.9;
4426147;ASDA Chosen by You Pepperoni Thin Stonebaked Pizza 292g;£2.20;£7.53/kg;Boxed Pizza;291;9.1;29.0;3.8;14.8;6.1;2.7;1.5;
4426149;ASDA Chosen by You Cheese Feast Thin Stonebaked Pizza 290g;£2.20;£7.59/kg;Boxed Pizza;277;10.5;31.5;3.5;11.6;5.2;2.2;0.9;
4426151;ASDA Chosen by You Vegetable Feast Thin Stonebaked Pizza 364g;£2.20;£6.04/kg;Boxed Pizza;223;8.6;28.8;2.8;7.6;3.0;2.7;0.8;
4426157;ASDA Chosen by You Meat Feast Deep Pan Pizza 455g;£2.20;£4.84/kg;Boxed Pizza;253;8.9;34.1;4.1;8.3;2.7;2.9;1.0;
4426155;ASDA Chosen by You Cheese Feast Deep Pan Pizza 435g;£2.20;£5.06/kg;Boxed Pizza;271;9.7;30.8;3.8;11.4;4.8;3.1;0.7;
4426161;ASDA Chosen by You BBQ Chicken Deep Pan Pizza 450g;£2.20;£4.89/kg;Boxed Pizza;223;8.8;31.5;4.4;6.3;2.5;2.7;1.0;
4426159;ASDA Chosen by You Pepperoni Deep Pan Pizza 417g;£2.20;£5.28/kg;Boxed Pizza;286;8.6;30.4;3.7;13.7;5.3;3.4;1.2;
4502124;ASDA Chosen by You Sharing Pizza Margherita 895g;£3.00;£3.35/kg;Boxed Pizza;264;10.9;34.7;2.8;8.6;3.8;2.3;0.9;
4704124;ASDA Smartprice Cheese & Tomato Pizzas 716g;£2.00;£2.79/kg;Boxed Pizza;264;12.5;33.8;2.3;8.0;3.7;3.2;1.0;
4959957;ASDA Chosen by You Cheese & Ham Snack Pizza 114g;£0.50;£4.39/kg;Boxed Pizza;null;15;35;1.3;8.3;2.7;2.5;0.95;
4959955;ASDA Chosen by You Cheese & Tomato Pizza 105g;£0.50;£4.76/kg;Boxed Pizza;null;11;45;2.4;8.7;2.3;2.1;0.78;
4959959;ASDA Chosen by You Cheese & Tomato Pizza 257g;£1.00;£3.89/kg;Boxed Pizza;null;12;34;1.2;9.0;4.1;2.8;1.0;
4959961;ASDA Chosen by You Ham & Cheese Pizza 275g;£1.00;£3.64/kg;Boxed Pizza;null;13;34;2.3;8.5;3.6;3.1;1.2;
4959963;ASDA Chosen by You Pepperoni Pizza 276g;£1.00;£3.62/kg;Boxed Pizza;null;12;30;1.6;13;5.5;2.7;1.1;
3901773;Virtu Pizza Baguette with Ham 235g;£1.15;£0.48/100g;Boxed Pizza;null;12;31;1;11;0;null;2;
3901775;Virtu Pizza Baguette with Mushrooms 235g;£1.15;£0.48/100g;Boxed Pizza;null;7;30;3;11;7;null;0;
4664698;ASDA Ham And Cheese Girasole 300g;£1.85;£6.17/kg;Fresh Pasta;239;8.6;30.9;2.2;8.8;3.2;1.1;0.9;
4664702;ASDA Four Cheese Girasole 300g;£1.85;£6.17/kg;Fresh Pasta;239;8.1;30.1;3.8;9.3;3.3;1.1;0.5;
4664700;ASDA Chicken & Chorizo Ravioli 300g;£1.85;£6.17/kg;Fresh Pasta;227;10.4;27.3;0.8;8.2;3.6;1.3;0.8;
4664694;ASDA Pork Tortelloni - Serves 2 300g;£1.35;£4.50/kg;Fresh Pasta;192;7.2;30.9;1.2;4;1.6;1.8;0.7;
4664696;ASDA Pesto Tortelloni 300g;£1.35;£4.50/kg;Fresh Pasta;229;7.4;29.1;0.5;8.8;2.6;1.7;0.5;
4664706;ASDA Fresh Egg Spinach Fettuccine 500g;£1.43;£2.86/kg;Fresh Pasta;151;5.4;27.6;0.7;1.3;0.4;3.6;null;
4664704;ASDA Tortiglioni 500g;£1.43;£2.86/kg;Fresh Pasta;179;7.0;32.0;0.7;1.8;0.6;3.4;null;
3370076;ASDA Chicken & Bacon Tortelloni 300g;£1.35;£0.45/100g;Fresh Pasta;203;7.8;31.2;2.8;4.8;1.7;1.9;0.6;
3246880;ASDA Spicy Sausage Tortelloni 300g;£1.35;£0.45/100g;Fresh Pasta;209;7.8;27.1;2.4;7.3;2.6;1.8;0.7;
3246870;ASDA Chosen by You Italian Beef Ravioli 300g;£1.35;£0.45/100g;Fresh Pasta;192;8.9;25.5;2.7;5.5;2.1;2.3;0.7;
3246882;ASDA Chicken And Mushroom Panzerotti 300g;£1.35;£0.45/100g;Fresh Pasta;203;7.1;33.5;2.7;4.0;1.4;2.1;0.7;
3370078;ASDA Ravioli Porcini Mushroom & Ricotta 300g;£1.35;£0.45/100g;Fresh Pasta;187;7.1;26.1;2.2;5.6;2.4;1.7;0.7;
3246876;ASDA Chosen by You Ham & Cheese Tortelloni 300g;£1.35;£0.45/100g;Fresh Pasta;201;8.6;28.8;2.6;5.3;2.4;1.9;0.5;
3246874;ASDA Four Cheese Tortelloni 300g;£1.35;£0.45/100g;Fresh Pasta;214;8.1;26.8;1.9;7.7;3.6;2.4;0.7;
3246872;ASDA Garlic And Herb Tortelloni 300g;£1.35;£0.45/100g;Fresh Pasta;null;6.1;21.2;1.4;6.2;2.5;3.1;0.5;
3246878;ASDA Cheese & Tomato Fresh Filled Pasta 300g;£1.35;£0.45/100g;Fresh Pasta;207;8.1;28.9;2.4;6.1;2.9;1.8;0.4;
3880967;ASDA Goat's Cheese & Sun-dried Tomato Ravioli 300g;£1.85;£6.17/kg;Fresh Pasta;208;7.5;24.0;1.3;8.6;3.5;2.3;0.5;
4051493;ASDA Mozzarella & Tomato Girasole 300g;£1.85;£0.61/100g;Fresh Pasta;216;7.4;27.6;2.3;7.9;3.6;2.4;0.5;
3880955;ASDA Braised Beef & Pork Ravioli 300g;£1.85;£6.17/kg;Fresh Pasta;238;10.8;28.1;2.4;8.7;2.9;2.1;0.6;
4151102;ASDA Tomato and Mozzarella Gnocchi 350g;£1.45;£4.14/kg;Fresh Pasta;162;4.5;27.8;0.6;3.2;1.7;2.0;1.1;
3234627;ASDA Spinach & Ricotta Cannelloni;£2.87;£7.97/kg;Fresh Pasta;null;7.2;26.4;1.9;6.1;3.1;1.1;0.7;
3234629;ASDA Italian Beef Cannelloni;£2.87;£7.97/kg;Fresh Pasta;null;9.0;24.8;2.0;4.2;1.9;2.1;0.6;
4452681;Giovanni Rana Simply Italian Ravioli Chicken & Mozzarella with Smoked Pancetta;£1.50;£6.00/kg;Fresh Pasta;272;13.0;28.0;2.4;11.5;7.0;null;0.75;
4452673;Giovanni Rana Simply Italian Tortelloni Tender Spinach & Ricotta;£1.50;£6.00/kg;Fresh Pasta;255;9.0;35.5;5.5;8.0;3.5;null;1.3;
4452683;Giovanni Rana Simply Italian Tortelloni Rich Bolognese;£1.50;£6.00/kg;Fresh Pasta;288;10.5;37.0;3.4;9.5;3.2;null;1.3;
4452675;Giovanni Rana Simply Italian Tortelloni Italian Cured Ham & Cheese;£1.50;£6.00/kg;Fresh Pasta;277;12.0;36.0;2.3;9.0;5.5;null;1.0;
4452677;Giovanni Rana Simply Italian Ravioli Mushroom with Creamy Ricotta;£1.50;£6.00/kg;Fresh Pasta;265;8.0;35.0;3.0;10.0;4.5;null;1.5;
4452679;Giovanni Rana Simply Italian Ravioli Selected Italian Cheeses 250g;£1.50;£6.00/kg;Fresh Pasta;272;10.5;31.5;2.0;11.0;7.0;null;1.3;
4452659;Giovanni Rana Shredded Baby Spinach & Mascarpone 250g;£2.15;£8.60/kg;Fresh Pasta;257;9.5;31.5;3.5;9.5;6.0;null;1.3;
4452655;Giovanni Rana Italian Indulgence Large Ravioli Succulent Chicken with Rosemary 250g;£2.15;£8.60/kg;Fresh Pasta;248;9.0;31.0;3.5;9.0;5.8;null;1.3;
4452657;Giovanni Rana Italian Indulgence Large Ravioli Gorgonzola PDO & Crunchy Mellow Walnut 250g;£2.15;£8.60/kg;Fresh Pasta;296;10.5;37.0;3.6;11.0;5.5;null;1.4;
4452661;Giovanni Rana Sliced Olives & Mozzarella 250g;£2.15;£8.60/kg;Fresh Pasta;267;8.3;28.0;2.9;12.7;5.8;null;1.3;
2207106;ASDA Fresh Egg Lasagne 250g;£1.00;£4.00/kg;Fresh Pasta;146;5.6;25.8;0.6;1.6;0.6;3.2;null;
2207092;ASDA Fresh Egg Tagliatelle 500g;£1.43;£0.28/100g;Fresh Pasta;148;5.4;271;0.6;1.3;0.4;3.3;null;
2207096;ASDA Fresh Egg Spaghetti 500g;£1.43;£0.28/100g;Fresh Pasta;141;5.4;25.3;0.6;1.5;0.5;2.4;null;
2207090;ASDA Chosen by You Italian Fresh Egg Penne 500g;£1.43;£0.28/100g;Fresh Pasta;179;7.0;32.0;0.7;1.8;0.6;3.4;null;
2207094;ASDA Italian Fresh Egg Fusilli 500g;£1.43;£0.28/100g;Fresh Pasta;179;7.0;32.0;0.7;1.8;0.6;3.4;null;
4151106;ASDA Fresh Egg Linguine 500g;£1.43;£2.86/kg;Fresh Pasta;141;5.4;25.3;0.6;1.5;0.5;2.4;null;
4151100;ASDA Gnocchi 500g;£1.45;£2.90/kg;Fresh Pasta;140;2.3;31.0;0.5;0.3;null;1.9;0.5;
3251923;ASDA Fresh Egg Tagliatelle 250g;£0.90;£0.36/100g;Fresh Pasta;148;5.4;27.1;0.6;1.3;0.4;3.3;null;
3251921;ASDA Fresh Egg Penne - Serves 2 250g;£0.90;£0.36/100g;Fresh Pasta;179;7.0;32.0;0.7;1.8;0.6;3.4;null;
3574808;Giovanni Rana Spaghetti 250g;£0.95;£3.80/kg;Fresh Pasta;null;null;null;null;null;null;null;null;
3574814;Giovanni Rana Fusilli 250g;£0.95;£3.80/kg;Fresh Pasta;null;null;null;null;null;null;null;null;
4916541;Glorious! Amore in Abruzzo Italian Sauce 300g;£1.97;£0.65/100g;Fresh Pasta Sauce;94;2.2;4.4;1.5;7.3;4.6;1.1;0.5;
4664684;ASDA Tomato And Meatball Sauce 350g;£1.35;£0.38/100g;Fresh Pasta Sauce;null;3.2;6.8;5.5;3.4;1.6;0.7;0.6;
4664690;ASDA Chicken And Bacon Sauce 350g;£1.35;£0.38/100g;Fresh Pasta Sauce;null;7.5;5.2;1.7;6.1;3.9;0.5;0.6;
4664686;ASDA Tomato And Pepperoni Sauce 350g;£1.35;£0.38/100g;Fresh Pasta Sauce;null;3.0;8.0;5.7;5.6;1.9;0.5;0.8;
4664688;ASDA Italian Tomato And Garlic Sauce 350g;£1.35;£3.86/kg;Fresh Pasta Sauce;null;2.2;8.0;6.1;1.1;0.1;0.5;0.4;
4772594;Glorious! Italian Sauce A Night in Tuscany 300g;£1.97;£0.65/100g;Fresh Pasta Sauce;83;1.7;5.9;5.9;5.8;0.6;0.2;0.5;
2492327;ASDA Tomato & Mascarpone Sauce 350g;£1.35;£0.38/100g;Fresh Pasta Sauce;null;2.7;6.4;5.6;7.4;3.1;0.7;0.5;
2492331;ASDA Italian Carbonara Sauce 350g;£1.35;£0.38/100g;Fresh Pasta Sauce;null;7.6;5.4;2.5;7.1;4.1;0.5;0.6;
2492335;ASDA Tomato & Basil Sauce 350g;£1.35;£0.38/100g;Fresh Pasta Sauce;null;1.5;6.1;5.7;3.2;0.3;0.6;0.4;
2492333;ASDA Italian Cheese Sauce 350g;£1.35;£0.38/100g;Fresh Pasta Sauce;null;6.1;3.4;1.3;8.2;4.6;0.5;0.6;
2492329;ASDA Italian Arrabbiata Sauce 350g;£1.35;£0.38/100g;Fresh Pasta Sauce;null;1.6;7.2;6.0;3.8;0.5;0.5;0.4;
2492337;ASDA Tomato & Smoked Bacon Sauce 350g;£1.35;£0.38/100g;Fresh Pasta Sauce;null;2.8;6.9;6.0;1.5;0.2;0.6;0.6;
3495502;ASDA Mediterranean Veg Sauce 350g;£1.35;£0.38/100g;Fresh Pasta Sauce;null;1.4;5.2;5.2;0.6;0.1;1.6;0.4;
2492339;ASDA Italian Bolognese Sauce 350g;£1.35;£0.38/100g;Fresh Pasta Sauce;null;8.0;4.1;3.1;5.8;2.5;1.2;0.7;
4152870;ASDA Basil Pesto 130g;£1.45;£1.12/100g;Fresh Pasta Sauce;563;7.1;4.7;0.2;57.1;8.2;1.0;1.4;
4123216;Giovanni Rana Pesto with PDO Genovese Basil Italian Sauce for Pasta;£1.50;£10.71/kg;Fresh Pasta Sauce;null;null;null;null;null;null;null;null;
3574806;Giovanni Rana Creamy PDO Parmigiano Reggiano Sauce;£1.50;£0.83/100g;Fresh Pasta Sauce;null;null;null;null;null;null;null;null;
3574804;Giovanni Rana Creamy Sauce with Handpicked Porcini Mushrooms;£1.50;£0.60/100g;Fresh Pasta Sauce;null;null;null;null;null;null;null;null;
3574800;Giovanni Rana Italian Bolognese Sauce with Cherry Tomatoes and PDO Parmigiano Reggiano Cheese;£1.50;£0.60/100g;Fresh Pasta Sauce;null;null;null;null;null;null;null;null;
3880773;Glorious! Italian Sauce Barefoot in Bologna 300g;£1.97;£0.65/100g;Fresh Pasta Sauce;87;5.1;8.3;3.6;3.5;1.2;0.9;0.75;
4810725;ASDA Chosen by You Tiger Garlic Baguette Slices;£1.40;£0.51/100g;Baguettes & Slices;null;7.2;40.4;2.9;14.3;8.8;2.6;1.0;
4810727;ASDA Chosen by You Ultimate Garlic Cheese Baguette 210g;£1.19;£0.56/100g;Baguettes & Slices;323;10.0;44.3;2.6;11.2;6.5;2.6;0.9;
4809525;ASDA Chosen by You Mexicana Extra Hot Garlic Slices 215g;£1.50;£0.69/100g;Baguettes & Slices;362;9.7;43.9;2.9;15.9;10.7;2.2;0.9;
4222065;ASDA Jumbo Garlic Tiger Baguette Garlic & Herb 265g;£1.50;£0.56/100g;Baguettes & Slices;null;7.7;42.4;3.1;19.3;11.1;2.3;0.9;
469122;ASDA Garlic & Herb Baguette 210g;£0.65;£0.31/100g;Baguettes & Slices;null;9.1;46;3.0;16;8.5;1.7;1.1;
3689253;ASDA Baguette Cheese & Garlic Jumbo 265g;£1.50;£0.56/100g;Baguettes & Slices;null;9.9;46.4;2.5;14.1;7.4;0.8;1.1;
469121;ASDA 2 Garlic & Herb Baguettes 420g;£1.28;£0.30/100g;Baguettes & Slices;368;9.1;46;3.0;16;8.5;1.7;1.1;
3192110;ASDA Extra Strong Garlic Bread 420g;£1.88;£4.48/kg;Baguettes & Slices;364;6.9;37.7;3.6;20.0;8.1;2.9;0.8;
999616;ASDA 50% Reduced Fat Twin Garlic Baguettes 420g;£1.28;£0.30/100g;Baguettes & Slices;270;8.3;46.3;2.5;5.3;2.4;2.0;0.9;
3415304;ASDA Ciabatta Garlic 260g;£1.30;£0.0/kg;Baguettes & Slices;null;10.0;46.6;3.9;6.0;3.8;3.5;1.0;
4222067;ASDA Mini Garlic Ciabatta 135g;£0.80;£0.59/100g;Baguettes & Slices;null;10;46;2.8;10;5.6;2.7;0.75;
3799850;ASDA Garlic & Herb Mini Baguette 109g;£0.65;£0.59/100g;Baguettes & Slices;null;7.6;44.4;3.5;13.7;9.0;2.6;1.2;
4421859;ASDA Garlic Bread 9 Slices 270g;£1.00;£0.37/100g;Baguettes & Slices;367;9.3;52;3.3;13;7.4;2.2;0.9;
4421861;ASDA Reduced Fat Garlic Bread 9 Slices 270g;£1.00;£0.37/100g;Baguettes & Slices;304;9.3;54.9;3.0;4.8;2.1;2.1;1.1;
523221;ASDA Slices Cheese & Garlic 250g;£1.25;£0.50/100g;Baguettes & Slices;369;11.4;44.7;2.3;15.6;9.5;2.3;1.1;
3459886;Weight Watchers Petits Pains Garlic & Herb;£0.75;£0.60/100g;Baguettes & Slices;251;7.6;46.8;2.7;2.9;0.7;3.6;1.3;
2784479;Weight Watchers Ciabatta Garlic;£0.75;£0.85/100g;Baguettes & Slices;251;9.2;43.0;2.7;4.0;0.8;2.9;1.2;
603602;ASDA Smartprice Garlic Baguette 170g;£0.32;£0.18/100g;Baguettes & Slices;342;7.4;44.9;2.5;14.4;4.5;1.8;0.9;
3827401;ASDA Chosen by You Extra Strong Garlic & Herb Baguettes 420g;£1.00;£0.23/100g;Baguettes & Slices;null;6.9;37.7;3.6;20.0;8.1;2.9;null;
4800780;ASDA Chosen by You Sunblush Tomato Garlic & Mozzarella Flatbread 350g;£1.75;£0.50/100g;Flatbreads;295;8.6;41.9;4.1;9.6;5.0;3.1;1.1;
4800778;ASDA Extra Special Sunblush Tomato & Mozzarella Flatbreads 230g;£1.85;£0.80/100g;Flatbreads;null;10.4;41.4;3.8;7.6;1.5;2.2;1.1;
4800782;ASDA Chosen by You Caramelised Onion 350g;£1.75;£0.50/100g;Flatbreads;292;10.3;41.4;4.9;9.0;4.4;2.2;1.0;
3231637;ASDA Three Cheese and Garlic Flatbread 245g;£1.00;£0.40/100g;Flatbreads;310;10;46;2.9;8.9;3.6;3.0;1.0;
2701461;ASDA Chosen by You Garlic & Herb Flatbread 235g;£1.00;£0.42/100g;Flatbreads;315;9.3;47;3.0;9.5;4.1;2.3;1.0;
3014123;ASDA Sunblush Tomato Flatbread 250g;£1.00;£0.40/100g;Flatbreads;310;9.0;46;3.9;9.5;3.2;2.3;1.1;
3882818;ASDA Cheddar & Red Onion Ciabatta Flatbread 255g;£1.65;£6.47/kg;Flatbreads;null;10.1;41.1;3.3;10.8;2.8;2.9;0.9;
4421845;ASDA Three Cheese Garlic Tear and share 420g;£1.50;£3.57/kg;Flatbreads;294;10.4;40.6;2.3;9.4;3.8;2.8;1.1;
4421843;ASDA Garlic & Herb Tear & Share;£1.00;£2.38/kg;Flatbreads;297;9.9;42.3;2.6;9.1;3.7;3.0;1.1;
3230736;ASDA Garlic Stonebaked Pizza 255g;£1.00;£3.92/kg;Flatbreads;null;8.8;43.7;3.0;11.9;2.0;3.4;0.9;
3230738;ASDA Cheesy Garlic Stonebaked Pizza 300g;£1.00;£3.33/kg;Flatbreads;null;10.0;37.2;2.6;14.9;3.9;2.2;1.1;
1777550;ASDA 12 Garlic & Herb Dough Balls 145g;£1.50;£1.03/100g;Doughballs;null;9.7;44.5;3.1;13.8;6.7;2.5;0.9;
4421869;ASDA Extra Special Figure 8 Onion Bread 325g;£1.85;£5.69/kg;Speciality Breads;296;9.0;40.7;2.6;10.4;4.5;1.9;1.1;
4421847;ASDA Extra Special Artisan Garlic Baguette 260g;£1.50;£5.77/kg;Speciality Breads;null;7.0;44.8;2.9;13.3;9.1;3.1;1.2;
4810723;ASDA Extra Special Stonebaked Kalamata Olive & 3 Cheese Ciabatta 300g;£1.85;£0.61/100g;Speciality Breads;334;7.7;37.0;1.6;16.7;6.1;2.6;1.2;
5002963;New Covent Garden Skinny Mini-Strone with Ditalini Pasta 600g;£1.98;£0.33/100g;Traditional Soup;null;1.6;6.2;4.1;0.9;0.1;1.8;0.28;
3366427;ASDA Chosen by You Tomato & Basil Soup 600g;£0.98;£0.16/100g;Traditional Soup;null;1.0;4.9;4.9;1.1;0.1;0.8;0.3;
3366425;ASDA Carrot & Coriander Soup 600g;£0.98;£0.16/100g;Traditional Soup;null;0.5;3.1;3.1;2.5;0.6;1.2;0.4;
4421893;ASDA Hearty Vegetable Soup 600g;£0.98;£1.63/kg;Traditional Soup;null;1.8;6.0;1.3;2.1;0.1;2.1;0.5;
3366461;ASDA Chosen by You Chicken & Sweetcorn Soup 600g;£1.38;£0.23/100g;Traditional Soup;null;3.8;4.6;1.3;0.5;0.1;0.8;0.6;
3689177;ASDA Chicken & Vegetable Broth 600g;£1.38;£2.30/kg;Traditional Soup;null;4.4;3.2;1.3;1.6;0.8;0.5;0.5;
910487;ASDA Leek & Potato Soup 600g;£0.98;£0.16/100g;Traditional Soup;null;4.4;3.2;1.3;1.6;0.8;0.5;0.5;
2770977;ASDA Pea & Ham Soup 600g;£1.38;£0.23/100g;Traditional Soup;null;3.0;5.6;2.5;2.6;0.3;0.7;0.3;
4664692;ASDA Creamy Butternut Squash Soup 600g;£1.38;£2.30/kg;Traditional Soup;null;0.6;3.3;2.9;3.9;1.2;2.0;0.5;
3002422;ASDA Chunky Minestrone Soup 600g;£1.38;£0.23/100g;Traditional Soup;null;1.8;6.6;3.8;0.8;0.1;1.2;0.4;
910488;ASDA Chosen by You Broccoli & Stilton Soup 600g;£0.98;£1.63/kg;Traditional Soup;null;2.2;2.6;0.5;4.4;1.7;0.6;0.4;
4036615;ASDA Chicken & Mushroom Soup 600g;£1.38;£0.23/100g;Traditional Soup;62;3.1;3.4;0.3;3.8;2.5;0.7;0.6;
2770971;ASDA Creamy Tomato Soup 600g;£1.38;£0.23/100g;Traditional Soup;null;1.2;5.5;4.8;2.0;0.7;1.4;0.4;
3002424;ASDA Chicken Curry Soup 600g;£1.38;£0.23/100g;Traditional Soup;null;3.7;7.4;1.5;2.2;0.5;1.1;0.5;
3366463;ASDA Pepper & Wensleydale Soup 600g;£0.98;£0.16/100g;Traditional Soup;null;2.5;5.0;3.0;2.1;1.0;0.8;0.3;
3002426;ASDA Bacon & Lentil Soup 600g;£1.38;£0.23/100g;Traditional Soup;null;3.8;7.2;1.8;1.4;0.3;1.2;0.6;
4664983;New Covent Garden Carrot And Butternut Soup 600g;£1.98;£3.30/kg;Traditional Soup;null;0.5;3.8;3.8;1.0;0.6;1.6;0.53;
2700249;New Covent Garden Chicken with Butter & Black Pepper Soup 600g;£1.98;£0.33/100g;Traditional Soup;null;3.1;5.2;1.1;5.8;2.3;0.5;0.75;
2700233;New Covent Garden Maris Piper Potato & Leek Soup 600g;£1.98;£0.33/100g;Traditional Soup;null;0.9;6.8;1.7;2.2;1.3;1.4;0.68;
2700237;New Covent Garden Slow Roast Tomato Soup 600g;£1.98;£0.33/100g;Traditional Soup;null;0.9;4.4;4.2;0.4;0.1;1.5;0.35;
3097289;New Covent Garden Vegetable Soup 600g;£1.98;£0.33/100g;Traditional Soup;null;1.3;4.6;3.0;1.1;0.6;2.0;0.43;
3097286;New Covent Garden Carrot & Coriander Soup;£1.98;£0.33/100g;Traditional Soup;null;0.6;4.2;3.2;1.5;0.9;1.4;0.45;
4810717;ASDA Extra Special Italian Vine-Ripened Tomato and Lentil Soup 600g;£2.00;£3.33/kg;Something Different;null;3.2;7.2;1.8;3.4;0.7;2.3;0.4;
4810719;ASDA Extra Special Spanish Chorizo and Butterbean Soup 600g;£2.00;£3.33/kg;Something Different;null;3.4;4.1;1.6;3.5;1.1;1.8;0.5;
4810721;ASDA Extra Special British Chicken Tagine Soup 600g;£2.00;£3.33/kg;Something Different;null;4.1;4.9;2.0;3.2;1.2;1.1;0.5;
4810715;ASDA Extra Special Italian Roasted Pancetta & Orzo Soup 600g;£2.00;£3.33/kg;Something Different;null;3.6;7.1;1.2;3.6;1.0;2.5;0.6;
4810713;ASDA Chosen by You Super Greens Soup 600g;£1.38;£2.30/kg;Something Different;null;1.7;6.0;1.3;1.1;0.1;0.9;0.5;
4916539;Glorious! Keralan Calm Soup 600g;£1.98;£0.33/100g;Something Different;40;1.4;4.9;2.0;1.6;0.1;0.8;0.7;
4916537;Glorious! Louisiana Voo Doo Soup 600g;£1.98;£0.33/100g;Something Different;53;2.0;5.5;1.5;2.1;0.5;2.0;0.5;
4810825;New Covent Garden Louisiana Red Pepper Gumbo with Black Beans 600g;£1.98;£0.33/100g;Something Different;null;1.5;6.7;3.5;1.2;0.1;1.8;0.38;
4810831;New Covent Garden Sicilian Smokey Tomato & Aubergine with Borlotti Beans 600g;£1.98;£3.30/kg;Something Different;null;1.5;5.4;3.5;0.2;0.1;1.4;0.33;
4439408;New Covent Garden Pea, Ham & Leek with a Hint of Mint 600g;£1.98;£0.33/100g;Something Different;null;3.1;4.8;1.8;1.1;0.6;1.6;0.68;
4421895;ASDA Chicken Noodle Soup 600g;£1.38;£0.23/100g;Something Different;null;2.5;4.3;1.1;0.4;0.1;0.9;0.6;
4036617;ASDA Red Thai Chicken Soup 600g;£1.38;£0.23/100g;Something Different;null;2.3;5.0;1.9;3.2;1.9;0.5;0.5;
4036621;ASDA Piri Piri Chicken Soup 600g;£1.38;£0.23/100g;Something Different;null;3.9;3.6;3.4;1.0;0.2;0.5;0.2;
4421903;ASDA Mexican Chilli Beef Soup 600g;£1.38;£2.30/kg;Something Different;null;3.2;8.4;2.1;2.4;0.8;0.8;0.3;
4665176;New Covent Garden Mushroom Soup 600g;£1.98;£3.30/kg;Something Different;null;1.0;1.9;0.9;1.4;0.8;1.5;0.55;
4439416;New Covent Garden Skinny Goan Spiced Chicken & Lentils 600g;£1.98;£0.33/100g;Something Different;null;3.3;5.7;2.9;0.4;0.1;1.9;0.28;
1750801;New Covent Garden Soup of the Month 600g;£1.98;£0.33/100g;Something Different;null;0.6;3.9;2.5;2.1;0.2;0.7;0.44;
4439414;New Covent Garden Skinny Souper Green with Italian Basil Pesto 600g;£1.98;£0.33/100g;Something Different;null;1.6;3.7;2.0;1.2;0.3;2.0;0.28;
4439420;Skinny Tomato & Vegetables with Laird Lentils 600g;£1.98;£0.33/100g;Something Different;null;2.1;6.1;3.1;0.8;0.1;2.0;0.28;
4664318;Glorious Persian Soup 600g;£1.98;£3.30/kg;Something Different;38;1.3;6.2;2.6;1.1;0.3;1.1;0.4;
3377681;Glorious! Butternut Squash Soup 600g;£1.98;£0.33/100g;Something Different;34;0.6;5.9;2.7;0.9;null;0.7;0.5;
3008852;Glorious! Chicken & Orzo Soup 600g;£1.98;£0.33/100g;Something Different;40;2.8;6.2;3.0;0.4;null;0.7;0.6;
3856334;Glorious! Skinny Limited Edition Soup 600g;£1.98;£0.33/100g;Something Different;33;1.1;5.2;1.8;0.5;0.2;1.7;0.4;
3456011;Glorious! Thai Carrot & Lemongrass Soup 600g;£1.98;£0.33/100g;Something Different;40;0.3;3.5;2.9;1.7;1.5;1.6;0.6;
3231665;Glorious! Chicken Soup Thai 600g;£1.98;£0.33/100g;Something Different;63;3.0;6.8;0.9;2.2;1.7;1.9;0.4;
3689107;Glorious! Limited Edition Soup 600g;£1.98;£0.33/100g;Something Different;114;4.1;10.6;1.1;5.8;0.6;1.6;0.6;
4963239;ASDA Chosen by You Chicken & Sweetcorn Soup 300g;£1.00;£0.33/100g;Something Different;null;4.3;7.4;3.1;0.5;0.1;0.8;0.50;
4583897;ASDA Chosen By You Antipasti Falafel 180g;£2.40;£1.33/100g;Antipasti;null;9.1;23.7;7.2;11.0;0.7;3.8;1.2;
4649289;ASDA Antipasti Chargrilled Artichokes 150g;£2.40;£16.00/kg;Antipasti;null;1.4;4.7;1.5;4.7;1.7;3.7;1.4;
2513766;ASDA Chosen by You Greek Style Salad;£2.35;£1.18/100g;Antipasti;null;4.2;4.1;1.3;24.9;5.3;2.6;1.7;
2556081;ASDA Antipasti Soft Cheese Stuffed Sweet Peppers 205g;£2.50;£1.22/100g;Antipasti;null;2.2;10.9;10.4;12.3;6.7;3.5;0.9;
3611469;ASDA Italian Golden & Red Semi Dried Tomatoes 180g;£2.35;£13.06/kg;Antipasti;null;3.7;8.0;null;12.4;null;null;null;
2556075;ASDA Antipasti Sun-Dried Tomatoes with Grana Padano 180g;£2.40;£1.33/100g;Antipasti;null;7.3;19.3;8.5;10.0;1.7;11.0;4.8;
3365542;ASDA Antipasti Mozzarella & Tomato 180g;£2.40;£1.33/100g;Antipasti;null;10.6;4.3;2.6;20.7;7.2;1.4;0.7;
3369332;ASDA Antipasti Garlic & Chilli Anchovies 120g;£2.40;£2.00/100g;Antipasti;null;18.5;0.6;0.1;7.8;1.1;null;0.7;
4175385;Antipasti Salaminis 150g;£2.40;£1.60/100g;Antipasti;null;26.2;1.5;1.1;34.7;11.5;1.4;4.0;
4227730;ASDA Chosen by You Antipasti Mediterranean Selection 255g;£3.00;£1.18/100g;Antipasti;null;0.6;2.9;0.4;28.9;4.7;2.5;2.9;
4221277;ASDA Antipasti Lemon & Mint Stuffed Vine Leaves 200g;£2.40;£1.20/100g;Antipasti;null;2.7;15.9;2.8;17.0;1.9;2.5;1.1;
3893968;ASDA Antipasti Tomatoes & Pesto 180g;£2.40;£1.33/100g;Antipasti;null;3.9;10.7;10.0;10.8;1.2;5.3;0.8;
4818075;ASDA Chosen by You Olive Trio 300g;£3.00;£1.00/100g;Olives;269;0.9;0.3;0.1;28.7;3.9;2.7;2.6;
4814435;Cocktail Olives Mojito Fresh Minty Cocktail Olives 180g;£2.00;£1.11/100g;Olives;null;8;3;4;null;null;null;2;
4802628;Cocktail Olives Bloody Mary Tangy Tomato Olives 180g;£2.00;£1.11/100g;Olives;null;2;9;9;null;null;null;1;
2556085;ASDA Chilli & Garlic Olives 230g;£2.40;£1.04/100g;Olives;null;2.9;5.7;0.8;24.4;4.2;2.8;1.9;
2703469;ASDA Spanish Gordal Olives with Garlic & Roasted Red Pepper 200g;£2.35;£1.18/100g;Olives;null;1.4;4.0;0.5;16.1;2.7;2.5;3.9;
4608713;ASDA Herby Olives with Soft Cheese 150g;£1.50;£1.00/100g;Olives;null;5.3;0.6;0.1;21.2;5.4;2.4;3.7;
4059620;Garlic & Herb Olives 200g;£2.40;£1.20/100g;Olives;null;1.2;0.1;0.1;21.6;2.6;5.6;2.4;
3599023;Nocellara Olives 200g;£2.40;£1.20/100g;Olives;null;1.0;4.7;0.4;25.3;6.3;3.6;1.8;
4608719;Green Olives 100g;£1.00;£1.00/100g;Olives;null;1.2;0.5;0.5;18.4;3.1;3.0;2.7;
4227736;Pimento Stuffed Olives 210g;£2.40;£1.14/100g;Olives;null;1.4;6.1;0.4;10.4;3.7;2.6;3.5;
4608715;Lemon & Herb Olives 150g;£1.50;£1.00/100g;Olives;null;0.6;2.9;0.4;28.9;4.7;2.5;2.9;
4608721;ASDA Pimento & Jalapeno Stuffed Olives 180g;£2.40;£1.33/100g;Olives;null;0.9;1.1;0.3;17.9;2.4;2.5;4.0;
3211990;ASDA Chosen by You Garlic Stuffed Olives 200g;£2.40;£1.20/100g;Olives;null;1.3;0.7;0.1;14.8;2.0;2.4;4.0;
3254915;ASDA Greek Halkidiki Olives with Piri-Piri & Lime 200g;£2.35;£1.18/100g;Olives;null;1.0;5.5;0.5;22.9;3.6;4.7;2.5;
4227740;ASDA Pitted Green Olives 210g;£2.30;£1.10/100g;Olives;null;1.2;0.5;0.5;18.4;3.1;3.0;2.7;
4227738;ASDA Pitted Black Olives 210g;£2.35;£1.12/100g;Olives;null;1.1;1.1;0.4;18.4;2.6;3.4;1.3;
3903638;ASDA Pick 'n' Mix Pimento Stuffed Green Olives 150g;£1.60;£1.07/100g;Olives;null;1.4;6.1;0.4;10.4;3.7;2.6;3.5;
4608717;Black Olives 100g;£1.00;£1.00/100g;Olives;null;1.1;1.1;0.4;18.4;2.6;3.4;1.3;
3903642;ASDA Pick 'n' Mix Green Olives with Sun-Dried Tomatoes 150g;£1.75;£1.17/100g;Olives;null;1.2;3.6;0.9;18.1;2.7;3.8;3.3;
4175361;Olives Selection 180g;£2.50;£1.39/100g;Olives;null;1.0;2.2;0.2;15.4;2.2;2.5;1.9;
3607273;ASDA Halkidiki Olives 500g;£10.00;£20.00/kg;Olives;null;null;null;null;null;null;null;null;
3607271;ASDA Mixed Olives 500g;£10.00;£20.00/kg;Olives;null;null;null;null;null;null;null;null;
3915469;ASDA Greek Salad 500g;£10.00;£20.00/kg;Olives;null;null;null;null;null;null;null;null;
3915471;ASDA Green Chilli Olives 500g;£10.00;£20.00/kg;Olives;null;null;null;null;null;null;null;null;
4829215;ASDA Chosen by You Creamy Coleslaw 700g;£1.00;£0.14/100g;Coleslaw & Potato Salad;null;0.9;5.5;5.2;26.1;2.3;1.7;0.5;
2127960;ASDA Chosen by You Creamy Potato Salad 600g;£1.24;£2.07/kg;Coleslaw & Potato Salad;null;1.1;11.2;1.4;10.8;1.0;1.4;0.3;
3797887;ASDA Chosen by You Jalapeno Coleslaw 280g;£1.00;£0.35/100g;Coleslaw & Potato Salad;null;0.9;6.6;4.0;15.0;1.6;0.5;0.6;
4055299;ASDA Extra Special Coleslaw & Potato Salad 500g;£1.50;£0.30/100g;Coleslaw & Potato Salad;null;0.9;5.1;4.2;22.5;2.4;1.3;0.6;
4055295;ASDA Extra Special Potato Salad 275g;£1.82;£0.66/100g;Coleslaw & Potato Salad;null;1.8;9.7;1.2;12.5;1.7;1.9;0.5;
4299393;ASDA Extra Special Coleslaw 300g;£1.00;£0.33/100g;Coleslaw & Potato Salad;null;0.9;5.1;4.2;22.5;2.4;1.3;0.6;
4299395;ASDA Extra Special Coleslaw 500g;£1.66;£0.33/100g;Coleslaw & Potato Salad;null;0.9;5.1;4.2;22.5;2.4;1.3;0.6;
2127950;ASDA Creamy Coleslaw 300g;£0.64;£0.21/100g;Coleslaw & Potato Salad;null;0.9;5.5;5.2;26.1;2.3;1.7;null;
2127954;ASDA Creamy Coleslaw 50% Less Fat 300g;£0.64;£0.21/100g;Coleslaw & Potato Salad;null;1.4;5.2;5.2;10.5;1.1;3.1;0.5;
2127946;ASDA Creamy Coleslaw 180g;£0.48;£0.26/100g;Coleslaw & Potato Salad;null;0.9;5.5;null;26.1;null;null;null;
4829213;ASDA Chosen by You 50% Less Fat Creamy Coleslaw 700g;£1.00;£0.14/100g;Coleslaw & Potato Salad;null;0.8;5.3;5.3;11.9;1.1;1.7;0.7;
4099717;ASDA Chosen By You Cheese Coleslaw 320g;£1.00;£0.31/100g;Coleslaw & Potato Salad;null;4.8;6.3;6.3;22.0;4.8;1.6;0.6;
2127952;ASDA Creamy Potato Salad 300g;£0.64;£0.21/100g;Coleslaw & Potato Salad;null;1.1;11.3;2.6;10.7;1.0;2.5;0.3;
3053490;ASDA Chosen By You Prawn Coleslaw 280g;£1.00;£0.35/100g;Coleslaw & Potato Salad;null;3.1;5.7;5.7;15.1;1.5;1.8;null;
2127956;ASDA Creamy Potato Salad 30% Less Fat 300g;£0.64;£0.21/100g;Coleslaw & Potato Salad;null;1.2;9.6;1.9;6.7;0.6;1.8;0.6;
4398594;ASDA Chosen By You American Style Deli Slaw 280g;£1.00;£0.35/100g;Coleslaw & Potato Salad;null;1.2;4.9;4.2;15.0;1.6;1.0;0.5;
4261206;Weight Watchers Coleslaw 300g;£0.80;£0.26/100g;Coleslaw & Potato Salad;106;1.0;6.5;6.5;7.9;0.8;2.3;0.4;
4181399;ASDA Twinpot Creamy Coleslaw & Potato Salad 550g;£2.07;£0.41/100g;Coleslaw & Potato Salad;null;0.9;4.2;4.2;24.7;2.4;2.0;0.6;
4055327;ASDA Chosen By You Cheese & Bacon Coleslaw 300g;£1.00;£0.33/100g;Coleslaw & Potato Salad;null;3.3;5.2;5.2;22.2;3.3;2.6;null;
4261208;Weight Watchers Coleslaw 3 Pots 240g;£1.15;£0.47/100g;Coleslaw & Potato Salad;null;0.8;5.2;5.2;6.3;0.6;1.8;0.3;
4295005;ASDA Smartprice Coleslaw 300g;£0.30;£0.10/100g;Coleslaw & Potato Salad;null;0.7;6.0;5.8;5.7;0.5;1.7;0.7;
4295007;ASDA Smartprice Potato Salad 300g;£0.42;£0.14/100g;Coleslaw & Potato Salad;null;0.7;14.5;2.9;6.3;0.5;1.9;0.8;
4801994;ASDA Chosen by You Meat Feast Pasta 280g;£2.07;£0.73/100g;Pasta Salads;null;6.6;14.2;2.5;11.8;2.5;2.2;0.4;
4801998;ASDA Chosen by You Ham & Sweetcorn Pasta 500g;£2.07;£0.41/100g;Pasta Salads;null;3.9;24.5;0.5;4.8;0.6;1.2;0.6;
4801996;ASDA Chosen by You Creamy Tomato & Chicken Pasta 500g;£2.07;£0.41/100g;Pasta Salads;null;5.9;17.4;3.5;9.7;1.0;1.2;0.6;
4181397;ASDA Tomato & Roasted Vegetable Pasta Salad 500g;£2.07;£0.41/100g;Pasta Salads;null;4.1;24.4;3.4;4.5;0.8;2.0;0.4;
4448929;ASDA Tomato & Roasted Vegetable Pasta Salad 700g;£2.50;£0.35/100g;Pasta Salads;null;4.1;24.4;3.4;4.5;0.8;2.0;0.4;
4181405;ASDA Chosen By You Three Chilli Pasta Salad 500g;£2.07;£0.41/100g;Pasta Salads;null;3.5;18.4;3.4;3.3;0.3;1.6;0.5;
3893942;ASDA Piri Piri Chicken Pasta Salad 290g;£2.07;£0.71/100g;Pasta Salads;null;7.6;11.4;2.3;16.0;1.6;2.1;0.6;
2876438;ASDA Chosen By You Chicken Curry Pasta 500g;£2.07;£0.41/100g;Pasta Salads;null;4.8;17.2;3.6;7.0;0.6;1.3;0.6;
4633209;ASDA Chicken Curry Pasta 700g;£2.50;£0.35/100g;Pasta Salads;null;4.8;17.2;3.6;7.0;0.6;1.3;0.6;
3893938;ASDA Pesto & Sun-Dried Tomato Pasta Salad 250g;£2.07;£0.82/100g;Pasta Salads;null;4.9;21.0;1.0;14.3;1.4;2.4;0.8;
3575584;ASDA Chosen By You BBQ Chicken Pasta Salad 280g;£2.07;£0.73/100g;Pasta Salads;null;6.3;21.0;6.6;7.4;0.6;1.8;0.5;
4240532;ASDA Chosen by You Spicy Chicken Pasta Pot 300g;£1.50;£0.50/100g;Pasta Salads;null;4.6;15.7;2.9;4.9;0.4;1.7;0.4;
3473755;ASDA Tomato & Roasted Vegetable Pasta Salad 240g;£1.00;£0.41/100g;Pasta Salads;null;4.1;24.4;3.4;4.5;0.8;2.0;0.4;
3596968;ASDA Chicken & Bacon Caesar Pasta Salad 310g;£2.07;£0.66/100g;Pasta Salads;null;8.1;11.6;1.0;19.4;2.2;0.9;0.9;
4181403;ASDA Chicken & Sweetcorn Pasta 500g;£2.07;£0.41/100g;Pasta Salads;null;6.5;14.7;1.0;13.0;1.3;4.8;0.6;
3596930;ASDA Tomato & Basil Chicken Pasta Salad 280g;£2.07;£0.73/100g;Pasta Salads;null;3.0;16.0;null;10.4;null;null;null;
4181401;ASDA Chosen By You Cheese Pasta 500g;£2.07;£0.41/100g;Pasta Salads;null;6.6;26.2;3.6;13.7;3.2;1.4;0.4;
4448937;ASDA Chosen By You Cheese Pasta 700g;£2.50;£0.35/100g;Pasta Salads;null;6.6;26.2;3.6;13.7;3.2;1.4;0.4;
3473757;ASDA Chosen By You Chicken & Bacon Pasta 240g;£1.00;£0.41/100g;Pasta Salads;null;5.8;16.2;1.8;13.0;1.3;1.3;null;
4212396;ASDA Chosen By You Tuna & Sweetcorn Pasta 500g;£2.07;£0.41/100g;Pasta Salads;null;4.6;17.6;3.4;8.1;0.7;1.6;0.6;
4398609;ASDA Arrabbiata Vegetable Pasta Salad 250g;£2.07;£0.82/100g;Pasta Salads;null;3.4;18.3;3.9;7.5;0.7;1.9;0.8;
4634405;ASDA Twinpot Spicy Cous Cous & Tomato Roasted Vegetable Pasta Salad 500g;£2.07;£0.41/100g;Pasta Salads;null;4.2;20.6;4.8;4.9;0.4;null;0.6;
4543953;ASDA Chosen by You Mediterranean Vegetable Pasta Salad 210g;£2.07;£0.98/100g;Pasta Salads;null;2.8;14.4;3.2;3.4;0.4;3.4;0.3;
4543959;ASDA Chosen by You Spiced Chicken & Cous Cous Salad 225g;£2.07;£0.92/100g;Salads;null;5.6;10.3;4.0;2.2;0.3;4.6;0.3;
4799239;ASDA Chosen by You Butternut Squash Cous Cous 280g;£2.07;£0.73/100g;Salads;null;4.9;23.4;7.2;5.5;0.5;2.5;0.3;
4099715;ASDA Chosen By You Beetroot Salad 300g;£1.00;£0.33/100g;Salads;null;1.0;9.9;9.0;0.2;0.1;1.8;0.6;
2780995;ASDA Chosen By You Minty Bean Salad 310g;£2.07;£0.66/100g;Salads;null;6.8;13.7;2.4;2.3;0.3;6.5;0.3;
4398590;ASDA Sundried Tomato Cous Cous 310g;£2.07;£0.66/100g;Salads;null;4.0;24.3;4.9;5.9;0.5;2.0;0.6;
4181393;ASDA Twinpot Creamy Coleslaw & Beetroot Salad 550g;£2.07;£0.37/100g;Salads;null;0.9;4.2;4.2;24.7;2.4;2.0;0.6;
4226221;ASDA Nut & Sultana Salad 300g;£1.00;£0.33/100g;Salads;null;2.7;8.8;8.8;18.7;2.3;2.0;null;
3364118;Edamame Bean Salad 220g;£2.07;£0.94/100g;Salads;null;5.9;4.8;4.7;3.0;0.4;5.9;1.0;
4398588;ASDA Chosen By You Fruity Cous Cous 310g;£2.07;£0.66/100g;Salads;null;4.5;30.5;12.1;6.3;0.5;2.8;0.3;
3893930;ASDA Spicy Vegetable Cous Cous 450g;£2.07;£0.46/100g;Salads;null;3.9;20.1;4.7;3.7;0.3;4.0;0.5;
4175373;ASDA Roasted Vegetable Cous Cous 280g;£2.07;£0.73/100g;Salads;null;4.4;17.6;4.5;3.1;0.5;2.8;0.4;
4543953;ASDA Chosen by You Mediterranean Vegetable Pasta Salad 210g;£2.07;£0.98/100g;Salads;null;2.8;14.4;3.2;3.4;0.4;3.4;0.3;
4398598;ASDA Chosen By You Cous Cous Salad 310g;£2.07;£0.66/100g;Salads;null;3.9;21.6;3.8;5.7;0.6;1.7;0.3;
4543957;ASDA Sweet Chilli Chicken & Rice Noodle Salad 165g;£2.07;£1.25/100g;Salads;null;5.4;8.2;4.7;1.5;0.2;2.7;0.2;
4944235;ASDA Chosen by You Beetroot & Mint Dip 180g;£1.00;£0.55/100g;Chilled Dips;83;5.5;7.1;4.5;3.3;2.0;1.6;0.6;
4583877;ASDA American Favourites Dip Selection 420g;£2.20;£0.52/100g;Chilled Dips;null;1.9;10.3;6.0;24.3;8.2;0.4;0.7;
2067941;ASDA Chosen by You Dip Selection Classic 520g;£2.20;£0.42/100g;Chilled Dips;null;4.8;7.7;3.4;23;7.7;0.5;1.1;
3598789;ASDA Classic Dip Selection 30% Less Fat 520g;£2.20;£0.42/100g;Chilled Dips;null;null;null;null;null;null;null;null;
2067945;ASDA Dip Selection Tex Mex 430g;£2.20;£0.51/100g;Chilled Dips;null;6.2;10.1;6.0;17.2;6.5;0.3;null;
3016370;ASDA Chosen By You Hot or Not Dip Selection 428g;£2.20;£0.51/100g;Chilled Dips;null;1.0;7.8;6.3;1.5;0.1;1.2;0.5;
4799357;ASDA Chosen by You Aioli 170g;£1.00;£0.58/100g;Chilled Dips;null;1.6;10.9;4.7;16.1;1.7;0.1;1.2;
4390878;ASDA Chosen by You Sour Cream & Chive Dip 215g;£1.00;£0.46/100g;Chilled Dips;null;2.2;6.8;3.4;19.3;7.4;0.2;0.5;
4390870;ASDA Sour Cream & Chive Dip 30% Less Fat 215g;£1.00;£0.46/100g;Chilled Dips;null;3.0;7.2;2.7;12.7;5.4;0.1;0.6;
4390876;ASDA Chosen by You Onion & Garlic Dip 215g;£1.00;£0.46/100g;Chilled Dips;null;2.1;8.4;4.0;21.4;7.0;0.1;0.8;
4390872;ASDA Onion & Garlic Dip 30% Less Fat 215g;£1.00;£0.46/100g;Chilled Dips;null;3.8;7.4;2.8;13.0;4.7;0.1;0.6;
4390874;ASDA Chosen by You Cheese & Chive Dip 215g;£1.00;£0.46/100g;Chilled Dips;null;4.8;7.7;3.4;23.1;7.7;0.1;1.1;
4390880;ASDA Chosen By You Tzatziki 215g;£1.00;£0.46/100g;Chilled Dips;null;3.6;6.3;4.2;12.0;6.3;0.2;0.3;
4398528;ASDA Chosen By You Taramasalata 215g;£1.00;£0.46/100g;Chilled Dips;539;2.9;4.9;1.2;56.3;4.0;0.5;1.0;
4398532;ASDA Chosen By You Chilli Cheese Dip 215g;£1.00;£0.46/100g;Chilled Dips;277;6.1;7.2;5.2;24.8;4.8;0.5;0.6;
2539954;ASDA Dip Selection Mexican Style 165g;£1.30;£0.78/100g;Chilled Dips;null;1.5;2.8;1.2;20.9;7.6;3.8;0.6;
1928029;ASDA Guacamole 170g;£1.52;£0.89/100g;Chilled Dips;null;1.5;2.8;1.2;20.9;7.6;3.8;0.6;
4398540;ASDA Chosen By You Cool Tomato Salsa 215g;£1.00;£0.46/100g;Chilled Dips;37;1.4;6.4;6.4;0.3;0.1;1.5;0.5;
4398534;ASDA Chosen By You Hot & Spicy Salsa 215g;£1.00;£0.46/100g;Chilled Dips;35;1.7;5.7;5.7;0.2;0.1;1.9;0.6;
3860993;ASDA Sweet Chilli Dip 200g;£1.25;£0.62/100g;Chilled Dips;null;0.3;32.0;29.8;1.4;0.5;1.3;0.6;
3860995;ASDA BBQ Dip 200g;£1.25;£0.62/100g;Chilled Dips;null;1.4;23.7;22.7;3.0;0.3;1.8;1.2;
1360301;ASDA Smartprice Dip Selection 500g;£1.09;£0.21/100g;Chilled Dips;null;3.9;4.6;3.1;21.9;8.1;0.3;0.8;
4815397;ASDA Chosen by You Smoked Paprika Houmous 200g;£1.00;£0.50/100g;Houmous;284;7.8;11.1;0.4;21.9;2.2;5.8;0.4;
4398538;ASDA Chosen by You Houmous 215g;£1.00;£0.46/100g;Houmous;336;8.0;10.1;0.6;28.2;2.6;5.0;1.0;
4398536;ASDA Chosen By You Houmous 30% Less Fat 215g;£1.00;£0.46/100g;Houmous;262;8.8;12.7;0.6;18.5;2.0;4.7;0.7;
2127924;ASDA Organic Houmous 200g;£1.00;£0.50/100g;Houmous;375;7.3;9.0;0.6;33.2;2.9;5.3;0.7;
2041571;ASDA Chargrilled Red Pepper Houmous 200g;£1.00;£0.50/100g;Houmous;323;7.6;11.1;0.7;26.6;2.4;4.5;0.8;
3106386;ASDA Red Pepper & Chilli Houmous 30% Less Fat 200g;£1.00;£0.50/100g;Houmous;252;8.6;12.4;1.0;17.5;1.8;5.1;0.5;
3688329;ASDA Chosen By You Sweet Chilli Houmous 200g;£1.00;£0.50/100g;Houmous;null;6.9;16.8;4.8;16.7;1.7;4.1;0.7;
2558973;ASDA Jalapeno Houmous 200g;£1.00;£0.50/100g;Houmous;354;7.0;8.9;0.8;31.1;2.7;5.1;0.8;
2876460;ASDA Caramelised Onion Houmous 200g;£1.00;£0.50/100g;Houmous;259;7.9;11.8;2.1;18.8;1.8;5.3;0.6;
2469776;ASDA Lemon & Coriander Houmous 30% Less Fat 200g;£1.00;£0.50/100g;Houmous;269;9.0;12.2;0.8;19.4;2.1;4.9;0.5;
4605800;ASDA Chosen By You Sun-Dried Tomato Houmous 200g;£1.00;£0.50/100g;Houmous;296;7.6;9.8;2.2;23.9;2.2;5.6;0.7;
4055305;ASDA Chosen By You Pesto Houmous 200g;£1.00;£0.50/100g;Houmous;328;8.1;11.8;0.7;26.7;2.5;3.9;1.0;
2876456;ASDA Chosen By You Moroccan Spiced Houmous 200g;£1.00;£0.50/100g;Houmous;270;7.8;14.1;4.2;19.2;2.0;4.7;0.6;
4398520;ASDA Chosen By You Scotch Bonnet Houmous 200g;£1.00;£0.50/100g;Houmous;308;7.9;12.9;1.4;24.0;2.2;4.3;0.6;
3688317;ASDA Houmous Stacker 30% Less Fat 180g;£1.20;£0.66/100g;Houmous;null;8.6;12.4;1.0;17.5;1.8;5.1;0.5;
3688313;ASDA Chosen By You Houmous Stacker 180g;£1.20;£0.66/100g;Houmous;null;7.6;11.1;0.7;26.6;2.4;4.5;0.8;
3875291;ASDA Houmous Stacker 30% Less Fat 300g;£1.75;£0.58/100g;Houmous;null;8.8;12.7;0.6;18.5;2.0;4.7;0.7;
3688307;ASDA Chosen By You Topped Houmous Selection 261g;£1.00;£0.38/100g;Houmous;null;7.8;12.4;0.6;26.1;2.6;3.4;null;
4055301;ASDA Houmous Topped with Sunblush Tomato & Basil 170g;£1.28;£0.75/100g;Houmous;null;7.4;10.5;1.8;23.6;2.2;5.0;null;
3688305;ASDA Houmous Topped with Pesto & Parmesan 170g;£1.28;£0.75/100g;Houmous;null;7.4;8.6;0.6;32.3;2.9;4.7;1.0;
3575574;ASDA Houmous Topped with Harrissa & Chickpeas 170g;£1.28;£0.75/100g;Houmous;null;6.9;11.1;1.6;26.7;2.2;4.5;0.8;
4815403;ASDA Chosen by You Deli Style Hog Roast 225g;£1.72;£0.76/100g;Sandwich Fillers;null;10.7;6.9;2.3;12.1;1.4;0.5;1.0;
4815405;ASDA Chosen by You Deli Style New York Classic 225g;£1.72;£0.76/100g;Sandwich Fillers;null;12.0;4.3;0.8;16.1;2.0;0.5;1.2;
4815401;ASDA Chosen by You Deli Style BBQ Pulled Pork 225g;£1.72;£0.76/100g;Sandwich Fillers;null;8.8;29.9;25.2;0.9;0.3;0.5;0.4;
4815407;ASDA Chosen by You Chinese Style Chicken 270g;£1.35;£0.50/100g;Sandwich Fillers;null;13.2;8.7;8.0;14.3;1.2;0.5;0.8;
4822164;ASDA Chosen by You 30% Less Fat Egg Mayonnaise Filler 270g;£1.35;£0.50/100g;Sandwich Fillers;null;10.3;4.2;1.0;8.3;1.1;0.5;0.6;
4815415;ASDA Chosen by You 30% Less Fat Tuna & Sweetcorn 270g;£1.35;£0.50/100g;Sandwich Fillers;null;9.1;7.9;3.0;8.8;0.7;0.5;0.8;
4822166;ASDA Chosen by You 35% Less Fat Three Cheese & Onion Filler 270g;£1.35;£0.50/100g;Sandwich Fillers;null;12.8;3.5;1.9;19.6;6.6;1.2;0.8;
4822168;ASDA Chosen by You 50% Less Fat Chicken Tikka Filler 270g;£1.35;£0.50/100g;Sandwich Fillers;null;13.0;7.1;3.6;5.9;0.6;0.5;1.0;
4822170;ASDA Chosen by You 50% Less Fat Coronation Chicken Filler 270g;£1.35;£0.50/100g;Sandwich Fillers;null;11.5;11.4;7.7;6.2;0.7;0.8;0.7;
4822184;ASDA Chosen by You Cheese Savoury Filler 270g;£1.35;£0.50/100g;Sandwich Fillers;null;10.1;2.4;1.6;24.8;10.1;2.3;0.9;
4822186;ASDA Chosen by You Chicken Mayonnaise Filler 270g;£1.35;£0.50/100g;Sandwich Fillers;null;10.9;5.8;1.2;15.9;1.4;0.5;0.8;
4822188;ASDA Chosen by You Chicken & Stuffing Filler 270g;£1.35;£0.50/100g;Sandwich Fillers;null;11.0;6.7;1.1;18.4;1.8;0.6;1.0;
4822178;ASDA Chosen by You Chicken Tikka Filler 270g;£1.35;£0.50/100g;Sandwich Fillers;null;14.1;6.4;4.1;12.0;1.2;0.5;0.6;
4822192;ASDA Chosen by You Corned Beef & Onion Filler 270g;£1.35;£0.50/100g;Sandwich Fillers;null;10.9;3.9;1.9;21.3;3.3;1.7;1.4;
4822194;ASDA Chosen by You Egg & Bacon Filler 270g;£1.35;£0.50/100g;Sandwich Fillers;null;14.8;1.0;0.1;14.6;2.4;0.5;0.9;
4822196;ASDA Chosen by You Egg & Sausage Filler 270g;£1.35;£0.50/100g;Sandwich Fillers;null;10.2;3.5;0.1;15.5;1.9;0.6;0.5;
4822172;ASDA Chosen by You Egg Mayonnaise Filler 270g;£1.35;£0.50/100g;Sandwich Fillers;null;10.3;3.8;0.5;13.2;1.1;0.5;0.7;
4822182;ASDA Chosen by You Egg & Salad Cream Filler 270g;£1.35;£0.50/100g;Sandwich Fillers;null;10.3;7.2;3.7;10.4;1.8;0.5;1.1;
4822190;ASDA Chosen by You Jalapeño Spicy Chicken Filler 270g;£1.35;£0.50/100g;Sandwich Fillers;null;11.5;4.1;1.5;18.7;1.9;0.5;1.1;
4822180;ASDA Chosen by You Seafood Cocktail Filler 270g;£1.35;£0.50/100g;Sandwich Fillers;null;5.7;8.7;3.5;16.9;1.3;0.5;1.2;
4822174;ASDA Chosen by You Three Cheese & Onion Filler 270g;£1.35;£0.50/100g;Sandwich Fillers;null;11.3;3.0;1.1;32.8;11.7;1.8;1.1;
4815411;ASDA Chosen by You Tuna & Sweetcorn 270g;£1.35;£0.50/100g;Sandwich Fillers;null;8.0;9.3;4.8;17.5;1.3;0.5;0.6;
4822158;ASDA Chosen by You Cheese & Onion Filler 200g;£0.89;£0.44/100g;Sandwich Fillers;null;10.9;3.5;1.3;30.7;9.2;1.6;1.1;
4822160;ASDA Chosen by You Egg Mayonnaise Filler 200g;£0.89;£0.44/100g;Sandwich Fillers;null;9.4;4.1;0.5;14.6;2.7;0.5;0.8;
4822162;ASDA Chosen by You Coronation Chicken Filler 200g;£0.89;£0.44/100g;Sandwich Fillers;null;13.2;10.1;8.2;14.9;1.4;1.0;0.7;
4815409;ASDA Chosen by You Tuna & Sweetcorn 180g;£0.89;£0.49/100g;Sandwich Fillers;null;8.0;9.3;4.8;17.5;1.3;0.5;0.6;
4822198;ASDA Chosen by You Egg Mayonnaise Filler 450g;£2.00;£0.44/100g;Sandwich Fillers;null;10.3;3.8;0.5;13.2;1.1;0.5;0.7;
4822204;ASDA Chosen by You Chicken & Sweetcorn Filler 450g;£2.00;£0.44/100g;Sandwich Fillers;null;12.2;5.0;2.3;12.0;1.2;1.2;0.5;
4822206;ASDA Chosen by You Coronation Chicken Filler 450g;£2.00;£0.44/100g;Sandwich Fillers;null;13.2;10.1;8.2;14.9;1.4;1.0;0.7;
4822200;ASDA Chosen by You Three Cheese & Onion Filler 450g;£2.00;£0.44/100g;Sandwich Fillers;null;11.3;3.0;1.1;32.8;11.7;1.8;1.1;
4815413;ASDA Chosen by You Tuna & Sweetcorn 450g;£2.00;£0.44/100g;Sandwich Fillers;null;8.0;9.3;4.8;17.5;1.3;0.5;0.6;
3410857;ASDA Chosen By You Chicken & Bacon 225g;£1.72;£0.76/100g;Sandwich Fillers;null;17.2;2.4;0.7;16.1;1.8;2.0;1.0;
3780245;ASDA Chicken & Bacon Filler 35% Less Fat 225g;£1.72;£0.76/100g;Sandwich Fillers;null;14.1;5.2;1.3;9.4;1.4;0.5;1.1;
3410855;ASDA Chosen By You Tuna Crunch Filler 225g;£1.72;£0.76/100g;Sandwich Fillers;null;13.3;3.6;2.5;13.2;0.9;0.7;0.9;
3494602;ASDA Chosen By You Chicken Club Filler 225g;£1.72;£0.76/100g;Sandwich Fillers;null;14.3;3.2;1.1;21.4;3.9;0.5;1.0;
4008165;ASDA Chosen By You All Day Breakfast Topper 225g;£1.72;£0.76/100g;Sandwich Fillers;null;11.3;4.9;2.5;21.3;3.2;0.7;1.5;
4055311;ASDA Chosen By You Piri Piri Chicken Topper 215g;£1.72;£0.80/100g;Sandwich Fillers;null;8.5;4.9;3.2;20.9;1.6;0.5;1.0;
4822176;ASDA Chosen by You Chicken & Sweetcorn Filler 270g;£1.35;£0.50/100g;Sandwich Fillers;null;12.2;5.0;2.3;12.0;1.2;1.2;0.5;
2878596;Abbey Well Still Water;;;Drinks;null;null;null;null;null;null;null;null;
4293358;Barr Irn Bru;£0.80;£0.16/100ml;Drinks;null;0;10.3;10.3;0;0;null;0.01;
4293360;Barr Irn Bru Sugar Free;£0.80;£0.16/100ml;Drinks;null;0.5;0;0;0;0;null;0.01;
3620270;Buxton Sparkling Natural Water;£0.50;£0.10/100ml;Drinks;null;null;null;null;null;null;null;null;
3620274;Buxton Still Natural Water;£0.75;£0.7/100ml;Drinks;null;null;null;null;null;null;null;null;
3620268;Buxton Still Natural Water;£0.50;£0.10/100ml;Drinks;null;null;null;null;null;null;null;null;
2008015;Capri Sun Orange Juice Drink;£0.89;£0.27/100ml;Drinks;null;null;null;null;null;null;null;null;
2562596;Coca Cola Cherry Coke;£1.25;£0.25/100ml;Drinks;null;0;11.2;11.2;0;0;null;0;
1976793;Coca Cola Coke Zero;£1.25;£0.25/100ml;Drinks;null;null;0;0;null;null;null;0.02;
951072;Coca Cola Diet Coke;£1.25;£0.25/100ml;Drinks;null;null;0;0;null;null;null;null;
3881231;Coca Cola Diet Coke;£0.94;£0.25/100ml;Drinks;null;0;0;0;0;0;null;0;
951071;Coca Cola Original;£1.25;£0.25/100ml;Drinks;null;null;10.6;10.6;null;null;null;null;
3881229;Coca Cola Original;£0.94;£0.25/100ml;Drinks;null;0;10.6;10.6;0;0;null;0;
3881233;Coca Cola Zero;;;Drinks;null;0;0;0;0;0;null;0.02;
4293356;Coca-Cola Vanilla;£1.25;£0.25/100ml;Drinks;null;null;10.6;10.6;null;null;null;null;
2802244;Dr Pepper Original;£0.80;£0.16/100ml;Drinks;null;null;7.2;7.2;null;null;null;null;
3902299;Drench Cranberry & Raspberry Juicy Spring Water;£1.25;£0.28/100ml;Drinks;null;0;5.2;5.2;0;0;null;0.01;
3902297;Drench Orange & Passion Fruit Juicy Spring Water;£1.25;£0.28/100ml;Drinks;null;0;6.0;6.0;0;0;null;0.01;
3209375;Evian Natural Mineral Water;£0.50;£0.10/100ml;Drinks;null;null;null;null;null;null;null;null;
2026441;Evian Still Natural Mineral Water;£0.83;£0.11/100ml;Drinks;null;null;null;null;null;null;null;null;
2870416;Fanta Fruit Twist;£0.80;£0.16/100ml;Drinks;null;null;6.4;6.4;null;null;null;null;
951074;Fanta Orange;£0.80;£0.16/100ml;Drinks;null;null;6.9;6.9;null;null;null;null;
3977658;Fruit Shoot Apple & Blackcurrant;£1.00;£0.36/100ml;Drinks;null;0;0.8;0.8;0;0;null;0.07;
3977656;Fruit Shoot Orange;£1.00;£0.36/100ml;Drinks;null;0;0.8;0.8;0;0;null;0.05;
4557012;Innocent Apple Juice;£1.25;£0.37/100ml;Drinks;null;null;null;null;null;null;null;null;
3592861;KA Fruit Punch Fruit Drink;£0.87;£0.17/100ml;Drinks;null;0;12.7;null;0;null;null;null;
3592859;KA Still Black Grape Juice Drink;£0.87;£0.17/100ml;Drinks;null;0;13;null;0;null;null;null;
3900025;KA Still Strawberry Juice Drink;£0.80;£0.16/100ml;Drinks;null;null;null;null;null;null;null;null;
3206499;Monster Khaos Energy +;£1.39;£0.27/100ml;Drinks;null;null;8.5;7.8;null;null;null;0.02;
2870420;Monster Original;£1.39;£0.27/100ml;Drinks;null;null;12;11;null;null;null;0.19;
3902287;Monster Rehab Tea + Still Lemonade + Energy;£1.39;£0.27/100ml;Drinks;null;null;2.7;2.1;null;null;null;0.15;
3696584;Monster Munch Pickled Onion Crisps 22g;£0.55;£2.50/100g;Drinks;null;1.3;13.2;0.7;5.5;0.5;0.4;0.34;
3534108;Mountain Dew Energy Drink;£0.80;£0.16/100ml;Drinks;null;0;13;13;0;0;null;0;
951088;Oasis Summer Fruits;£1.25;£0.25/100ml;Drinks;null;null;4.1;4.1;null;null;null;0.08;
3881235;Oasis Summer Fruits;;;Drinks;null;0;4.1;4.1;0;0;null;0.08;
4208393;Pepsi Max;£1.25;£0.20/100ml;Drinks;4;0.1;0.1;null;null;null;null;null;
951096;Powerade ION 4 Berry & Tropical Flavour;£1.25;£0.25/100ml;Drinks;null;0;3.9;3.9;0;0;null;0.13;
4452633;Red Bull Blue Edition Energy Blueberry;£1.19;£0.47/100ml;Drinks;null;null;null;null;null;null;null;null;
4452631;Red Bull Red Edition Energy Cranberry;£1.19;£0.47/100ml;Drinks;null;null;null;null;null;null;null;null;
4294511;Relentless Origin Energy Drink;£0.50;£0.20/100ml;Drinks;null;0;10.6;10.6;0;0;null;0.13;
3920788;Rubicon Guava Juice Drink;£1.20;£0.24/100ml;Drinks;null;0;12.7;12.7;0;0;null;0.02;
3920790;Rubicon Mango Juice Drink;£1.20;£0.24/100ml;Drinks;null;0.5;13.2;13.2;0;0;null;0.02;
951080;Sprite Original;£0.80;£0.16/100ml;Drinks;null;0;6.6;6.6;0;0;null;0;
4557008;This Juicy Water Lemons & Limes Spring Water Quencher;£1.20;£0.28/100ml;Drinks;null;null;null;null;null;null;null;null;
4557010;This Juicy Water Raspberries & Apples Spring Water Quencher;£1.20;£0.28/100ml;Drinks;null;null;null;null;null;null;null;null;
3227478;Vimto Original;£0.80;£0.16/100ml;Drinks;null;0;9.1;9.1;0;0;null;0;
3227484;Vimto Original Mixed Fruit Juice;£1.10;£0.22/100ml;Drinks;null;0;6.7;6.6;0;0;null;0.01;
3600457;Vita Coco Natural Coconut Water;£1.68;£0.50/100ml;Drinks;18;0;5;0;0;0;0;null;
4557004;Volvic Pineapple Flavour Touch of Coco;£0.89;£0.17/100ml;Drinks;null;0;5;5;0;0;0;null;
3014212;Volvic Touch of Fruit - Strawberry;£0.50;£0.10/100ml;Drinks;null;null;null;null;null;null;null;null;
4557000;4557000_ALPEN TRAIL BAR 48g;£0.75;£1.56/100g;Drinks;386;5.9;72;35;7.5;0.9;3.6;0.35;
3600465;Coconut Water with Peach & Mango;£1.68;£0.50/100ml;Drinks;25;0;6;6;0;0;0;null;
3600461;Coconut Water with Pineapple;£1.68;£0.50/100ml;Drinks;25;0;6;6;0;0;0;null;
4240532;ASDA Chosen by You Spicy Chicken Pasta Pot 300g;£1.50;£0.50/100g;Snacks;null;4.6;15.7;2.9;4.9;0.4;1.7;0.4;
4293382;ASDA Apple, Grape & Strawberry Fruit to Go 130g;£1.00;£0.76/100g;Snacks;null;0.5;10.8;10.8;0.1;null;2.7;null;
4240602;ASDA Flapjack Bar 80g;£0.75;£0.93/100g;Snacks;null;5.9;59.4;32.6;16.1;7.8;3.5;0.3;
4293388;ASDA Melon & Grape Fruit to Go 140g;£1.00;£0.71/100g;Snacks;null;0.6;7.8;7.8;0.1;null;0.8;null;
4240596;ASDA Millionaires Shortbread Bar 70g;£0.75;£1.07/100g;Snacks;null;3.4;61.6;35.6;26.4;13.8;1.2;0.5;
4182481;ASDA Chosen By You Apple & Grape Snack 80g;£0.50;£0.62/100g;Snacks;null;0.4;12.4;12.4;0.1;null;2.4;null;
4240600;ASDA Chosen By You Brownie Bar 80g;£0.75;£0.93/100g;Snacks;null;5.7;49.9;42.2;16.8;7.6;7.8;0.1;
2337413;ASDA Chosen by You Strawberry & Banana Smoothie;£1.00;£4.00/lt;Snacks;null;null;null;null;null;null;null;null;
4457211;Brannigans Roast Beef & Mustard Flavour Potato Crisps 40g;£0.80;£2.00/100g;Snacks;521;7.8;53;3.0;30;2.7;4.1;1.3;
4457215;Brannigans Smoked Ham & Pickle Flavour Potato Crisps 40g;£0.80;£2.00/100g;Snacks;530;7.1;56;4.4;30;2.7;3.9;1.3;
3001528;Cadbury Mini Fingers;£0.75;£1.88/100g;Snacks;null;6.8;60.8;34.9;27.1;10.8;1.7;null;
4096563;Doritos Chilli Heatwave Flavour 40g;£0.55;£1.38/100g;Snacks;null;2.7;22.6;1.9;10.1;0.8;2.7;0.55;
3284115;Doritos Cool Original 40g;£0.55;£1.38/100g;Snacks;null;2.8;21.9;1.6;10.5;1.0;2.7;0.76;
3558461;Doritos Tangy Cheese 40g;£0.55;£1.38/100g;Snacks;null;2.7;22.2;1.0;10.5;1.0;2.7;0.51;
3001530;Maryland Cookies 40g;£0.75;£1.88/100g;Snacks;null;null;null;null;null;null;null;null;
4452969;McVitie's Fruit Flapjack with Juicy Fruit Flavour Pieces;£0.75;£0.75/each;Snacks;null;5.6;58.5;33.5;19.0;5.4;5.5;0.2;
4288203;McVitie's Galaxy Chocolate Mini Muffins;£0.75;£0.75/each;Snacks;null;5.2;50.7;33.7;25.5;7.9;null;0.62;
4076028;McVitie's M&M's Duo 2 Chocolate Brownie 12g;£0.75;£6.25/100g;Snacks;null;5.0;57.8;34.5;17.7;8.5;null;0.3;
4557006;McVitie's Milk Chocolate Flapjack Hobnobs;£0.75;£0.75/each;Snacks;null;6.3;62.1;34.6;17.5;8.8;5.0;0.5;
3396855;Rumblers Oat Clusters & Natural Yogurt with Chocolate;£0.93;£0.55/100g;Snacks;null;5.7;24.3;14;6;1.6;null;0.16;
3396851;Rumblers Oat Clusters & Natural Yogurt with Raspberries;£0.93;£0.55/100g;Snacks;null;5.9;24.2;12.9;5.5;1.1;null;0.17;
2721603;Walkers Baked Cheese & Onion 5g;£0.55;£1.47/100g;Snacks;null;null;null;null;null;null;null;null;
3558457;Walkers Baked Wotsits 18g;£0.55;£3.06/100g;Snacks;null;null;null;null;null;null;null;null;
3881213;Walkers Cheese & Onion Crisps 5g;£0.55;£1.69/100g;Snacks;null;2.0;17.1;0.8;9.9;1.3;1.4;0.40;
4076022;Walkers Deep Ridged Flame Grilled Steak Flavour Crisps 50g;£0.75;£1.50/100g;Snacks;null;1.9;15.8;1.3;9.0;1.2;1.3;0.46;
4076024;Walkers Deep Ridged Mature Cheddar & Onion Flavour Crisps 50g;£0.75;£1.50/100g;Snacks;null;1.9;15.5;0.6;9.2;1.2;1.3;0.50;
4096565;Walkers French Fries Ready Salted Flavour 22g;£0.55;£2.50/100g;Snacks;null;null;null;null;null;null;null;null;
3881227;Walkers Pickled Onion Crisps 5g;£0.55;£1.69/100g;Snacks;null;1.9;17.2;0.4;9.9;1.3;1.4;0.47;
3881219;Walkers Prawn Cocktail Crisps 5g;£0.55;£1.69/100g;Snacks;null;2.0;17.3;0.6;9.9;1.3;1.4;0.42;
3881217;Walkers Ready Salted Crisps 5g;£0.55;£1.69/100g;Snacks;null;2.0;16.7;0.1;10.4;1.3;1.4;0.46;
4076030;Walkers Roast Chicken Flavour Crisps 5g;£0.55;£1.69/100g;Snacks;null;2.0;17.0;0.6;9.9;1.3;1.4;0.41;
3881221;Walkers Salt & Vinegar Crisps 5g;£0.55;£1.69/100g;Snacks;null;1.9;17.1;0.3;10.0;1.3;1.4;0.54;
3881215;Walkers Smoky Bacon Crisps 5g;£0.55;£1.69/100g;Snacks;null;1.9;17.4;1.4;9.9;1.3;1.3;0.42;
3696586;Walkers Squares 22g;£0.55;£2.50/100g;Snacks;null;null;null;null;null;null;null;null;
4096567;Walkers Squares Crunchy Cheese & Onion Flavour Potato Snack 5g;£0.55;£2.00/100g;Snacks;null;null;null;null;null;null;null;null;
4113396;Walkers Sunbites Multigrain Crispy Snacks Sour Cream and Cracked Black Pepper Flavour;£0.55;£1.96/100g;Snacks;null;null;null;null;null;null;null;null;
3558459;Walkers Sunbites Sweet Chilli Multigrain Crisps 28g;£0.55;£1.96/100g;Snacks;null;null;null;null;null;null;null;null;
3881225;Walkers Worcester Sauce 5g;£0.55;£1.69/100g;Snacks;null;2.0;16.9;0.5;9.9;1.3;1.4;0.42;
2779346;Rice Krispies Squares Chewy Marshmallow 28g;£0.60;£2.14/100g;Snacks;null;null;null;null;null;null;null;null;
4288201;Scrummy Strawberries;£0.93;£0.55/100g;Snacks;null;5.8;24.4;13.1;5.5;1.1;null;0.17;
4441589;The Original Malt Loaf Two Buttered Slices 65g;£0.58;£0.89/100g;Snacks;355;7.3;53.4;16.0;11.5;6.7;4.1;0.8;
3862633;Bio Green Dairy Lassi Yogurt Smoothie Lychee;£1.00;£1.00/100ml;Authentic Asian Foods;null;2.2;15.6;null;null;null;null;null;
3862631;Bio Green Dairy Lassi Yogurt Smoothie Passion Fruit;£1.60;£1.60/100ml;Authentic Asian Foods;null;2.9;15.4;null;null;null;null;null;
3862629;Bio Green Dairy Smoothie Mango;£1.60;£1.60/100ml;Authentic Asian Foods;null;2.7;13.6;null;null;null;null;null;
2980487;Mumtaz Chicken Karahi & Pilau Rice 400g;£3.00;£7.50/kg;Authentic Asian Foods;null;7.6;24.1;0.2;2.5;0.9;1.3;0.9;
857735;Mumtaz Chicken Tikka Masala 340g;£3.45;£10.15/kg;Authentic Asian Foods;null;13.6;6.2;5.0;13.4;4.8;0.4;0.5;
2876838;Mumtaz Lamb Rogan Josh 340g;£3.45;£10.15/kg;Authentic Asian Foods;null;11.7;5.9;3.1;8.2;4.4;0.4;0.5;
2835975;Pakeeza Mango Lassi;£3.00;£0.30/100g;Authentic Asian Foods;null;2.1;14.2;13.2;2.1;1.3;0.5;null;
2835977;Pakeeza Mango Lassi 500g;£1.54;£0.30/100g;Authentic Asian Foods;null;2.28;15.8;null;1.3;null;null;null;
3699991;Royal Chum Chum 500g;£3.00;£0.60/100g;Authentic Asian Foods;null;null;null;null;null;null;null;null;
3770274;Royal Gajar Halwa 250g;£3.00;£1.20/100g;Authentic Asian Foods;null;null;null;null;null;null;null;null;
3699985;Royal Gulabjam 500g;£3.00;£0.60/100g;Authentic Asian Foods;null;null;null;null;null;null;null;null;
3699989;Royal Kalajam 500g;£3.00;£0.60/100g;Authentic Asian Foods;null;null;null;null;null;null;null;null;
3699987;Royal Rassogulla 500g;£3.00;£0.60/100g;Authentic Asian Foods;null;null;null;null;null;null;null;null;
3699983;Royal Rassomalai 500g;£3.50;£0.70/100g;Authentic Asian Foods;null;null;null;null;null;null;null;null;
2980491;Dopiaza Rice 400g;£3.00;£7.50/kg;Authentic Asian Foods;null;8.9;22.6;0.1;2.3;0.8;1.9;0.3;
2876840;Keema Mattar Karahi 340g;£3.45;£10.15/kg;Authentic Asian Foods;null;12.7;6.3;3.1;16.0;8.5;0.3;0.8;
3886514;Savera Fresh Paneer 225g;£1.58;£7.02/kg;Authentic Asian Foods;null;null;null;null;null;null;null;null;
4717328;Bakus Strawberry Fromage Frais 80g;£0.68;£0.85/100g;Authentic Polish Foods;null;null;null;null;null;null;null;null;
4717249;Krakus Kabanosy;£2.25;£1.25/100g;Authentic Polish Foods;null;null;null;null;null;null;null;null;
3029197;Kuchnia Polska Ogorki kwaszone - gherkins in brine 400g;£1.10;£0.27/100g;Authentic Polish Foods;null;null;null;null;null;null;null;null;
3028750;Kuchnia Polska Sauerkraut - kapusta kwaszona 520g;£0.60;£0.11/100g;Authentic Polish Foods;null;null;null;null;null;null;null;null;
2899403;Mlekovita Maslo - 100percent butter 200g;£1.25;£0.62/100g;Authentic Polish Foods;null;null;null;null;null;null;null;null;
4717247;Morliny Hot Dog Family Pack;£2.25;£0.40/100g;Authentic Polish Foods;null;3;9;6;6;6;null;95;
2901784;Rolpek Polish cooked meat - mielonka tyrolska 500g;£2.00;£0.40/100g;Authentic Polish Foods;null;10.6;4.4;0.1;19.1;7.9;0.9;2.3;
2901782;Rolpek Polish sausage - kabanos 250g;£2.50;£10.00/kg;Authentic Polish Foods;null;21.8;3.2;0.4;26.2;10.4;1.3;2.5;
2901786;Rolpek Polish sausage - mortadela paprykowa 500g;£1.40;£2.80/kg;Authentic Polish Foods;null;10.5;5.4;0.5;13.1;5.0;0.7;2.4;
2901776;Rolpek Silesian Sausage 400g;£2.50;£6.25/kg;Authentic Polish Foods;null;14.0;3.1;0.4;18.5;7.5;0.9;2.3;
3901771;Smaczne Danie Beef Tripe Soup 800g;£2.48;£0.31/100g;Authentic Polish Foods;null;null;null;null;null;null;null;null;
4810971;U Jedrusia Croquettes with Meat 400g;£1.45;£3.62/kg;Authentic Polish Foods;null;null;null;null;null;null;null;null;
3006077;U Jedrusia Kopytka / Square potato dumplings 400g;£1.45;£0.36/100g;Authentic Polish Foods;null;null;null;null;null;null;null;null;
4827391;U Jedrusia Pierogi Ruskie/Dumplings with Cottage Cheese & Potato 400g;£1.45;£0.36/100g;Authentic Polish Foods;null;null;null;null;null;null;null;null;
2795980;Virtu Russian Dumplings - Pierogi Ruskie 400g;£1.88;£0.47/100g;Authentic Polish Foods;null;0;30;2;1;4;null;1;
3902542;Łowicki Twaróg Chudy Fat Free Curd Cheese 250g;£1.25;£0.50/100g;Authentic Polish Foods;null;null;null;null;null;null;null;null;
3130865;Morliny Sopocka Slices 80g;£1.00;£1.25/100g;Authentic Polish Foods;null;null;null;null;null;null;null;null;
3901773;Virtu Pizza Baguette with Ham 235g;£1.15;£0.48/100g;Authentic Polish Foods;null;12;31;1;11;0;null;2;
3901775;Virtu Pizza Baguette with Mushrooms 235g;£1.15;£0.48/100g;Authentic Polish Foods;null;7;30;3;11;7;null;0;
2971818;Kellogg's Cornflakes;£2.65;£0.26/100g;Family Cereals;null;null;null;null;null;null;null;null;
3883541;Kellogg's Crunchy Nut Honey & Nut Clusters 450g;£2.00;£0.44/100g;Family Cereals;null;null;null;null;null;null;null;null;
2717892;Weetabix Wholegrain;£5.68;£0.7/each;Family Cereals;362;12;69;4.4;2.0;0.6;10;0.28;
918628;Kellogg's Cornflakes Family Pack 750g;£2.00;£0.26/100g;Family Cereals;null;7;84;8;0.9;0.2;3;1.25;
918627;Kellogg's Cornflakes 500g;£1.75;£0.35/100g;Family Cereals;null;null;null;null;null;null;null;null;
925599;ASDA Corn flakes 750g;£1.63;£0.21/100g;Family Cereals;384;7.5;84.5;8.1;1.1;0.3;3.1;1.0;
460494;ASDA Corn flakes 500g;£1.10;£0.22/100g;Family Cereals;384;7.5;84.5;8.1;1.1;0.3;3.1;1.0;
8543;Weetabix 48 Biscuits;£4.18;£0.8/each;Family Cereals;362;12;69;4.4;2.0;0.6;10;0.28;
3836427;Weetabix Golden Syrup 24 Biscuits;£2.68;£0.11/each;Family Cereals;158;4.5;31.3;6.3;0.8;0.2;3.6;null;
998412;Weetabix Organic;£2.68;£0.11/each;Family Cereals;362;12;69;4.4;2.0;0.6;10;0.65;
4560205;Weetabix Banana Flavour;£2.68;£0.11/each;Family Cereals;357;10;70;15;2.0;0.4;9.7;0.23;
3326830;Weetabix with Chocolate;£2.68;£0.11/each;Family Cereals;368;10;68;18;4.0;1.7;10;0.20;
8542;Weetabix 24 Biscuits;£2.39;£0.10/each;Family Cereals;362;12;69;4.4;2.0;0.6;10;0.28;
847276;Weetabix 12 Biscuits;£1.48;£0.12/each;Family Cereals;362;12;69;4.4;2.0;0.6;10;0.28;
217410;ASDA Wheat Bisks;£2.48;£0.5/each;Family Cereals;null;12.0;69.0;4.4;2.0;0.6;10.0;0.7;
217406;ASDA Wheat Bisks;£1.78;£0.7/each;Family Cereals;362;12.0;69.0;4.4;2.0;0.6;10.0;0.7;
8080;Kellogg's Frosties 500g;£2.28;£0.45/100g;Family Cereals;null;null;null;null;null;null;null;null;
905753;Kellogg's Frosties 750g;£2.78;£0.37/100g;Family Cereals;null;null;null;null;null;null;null;null;
3525926;Kellogg's Rice Krispies Family Pack 700g;£3.78;£0.54/100g;Family Cereals;null;null;null;null;null;null;null;null;
3525922;Kellogg's Rice Krispies 340g;£2.18;£0.64/100g;Family Cereals;null;null;null;null;null;null;null;null;
3525924;Kellogg's Rice Krispies 510g;£2.00;£0.39/100g;Family Cereals;null;null;null;null;null;null;null;null;
3353502;Nestle Shreddies 1000g;£3.88;£0.38/100g;Family Cereals;null;10.4;72.4;14.9;2.1;0.3;10.3;0.75;
934302;Nestle Shreddies 500g;£2.48;£0.49/100g;Family Cereals;null;10.4;72.4;14.9;2.1;0.3;10.3;0.75;
21279;Nestle Shreddies;£1.77;£0.23/100g;Family Cereals;null;10.4;72.4;14.9;2.1;0.3;10.3;0.75;
962881;Nestle Shredded Wheat Bitesize 750g;£3.18;£0.42/100g;Family Cereals;null;11.8;69.6;0.7;2.2;0.5;11.8;0.05;
4376000;Nestle Orchard Fruits 470g;£2.68;£0.57/100g;Family Cereals;null;7.6;72.2;17.2;1.5;0.3;8.1;0.17;
3929264;Nestle Superfruity Shredded Wheat Raspberry, Strawberry & Cranberry 470g;£2.68;£0.57/100g;Family Cereals;null;7.6;71.6;18.1;1.5;0.3;8.2;0.23;
483575;Nestle Shredded Wheat Honey Nut 500g;£2.00;£0.40/100g;Family Cereals;null;11.3;68.7;15.9;5.0;1.7;10.0;0.05;
19841;Nestle Shredded Wheat Bitesize 500g;£2.48;£0.49/100g;Family Cereals;null;11.8;69.6;0.7;2.2;0.5;11.8;0.05;
2357898;Nestle Shredded Wheat 359g;£1.68;£0.46/100g;Family Cereals;null;11.6;68.5;0.7;2.2;0.5;11.6;0.05;
8072;Kellogg's Crunchy Nut Limited Edition Pack 500g;£2.00;£0.40/100g;Family Cereals;null;null;null;null;null;null;null;null;
3883543;Kellogg's Crunchy Nut with Milk Chocolate curls and Honey Nut Clusters 450g;£2.00;£0.44/100g;Family Cereals;null;null;null;null;null;null;null;null;
607617;Nestle Clusters 435g;£2.48;£0.57/100g;Family Cereals;null;9.0;73.0;23.6;3.8;1.6;8.0;1.05;
926963;ASDA Honey Nut Cornflakes 750g;£1.77;£0.23/100g;Family Cereals;403;7.3;81.9;33.3;4.5;1.0;2.6;0.8;
3611582;ASDA Honey Nut Crunch 375g;£1.50;£0.40/100g;Family Cereals;446;8.2;67.5;24.4;14.7;2.7;5.3;0.6;
217570;ASDA Honey Nut Cornflakes 500g;£1.18;£0.23/100g;Family Cereals;403;7.3;81.9;33.3;4.5;1.0;2.6;0.8;
4352780;Kellogg's Crunchy Nut with Chocolate 340g;£2.00;£0.58/100g;Family Cereals;null;null;null;null;null;null;null;null;
4001587;Kellogg's Crunchy Nut with Caramel 360g;£2.00;£0.55/100g;Family Cereals;null;null;null;null;null;null;null;null;
15541;Kellogg's Crunchy Nut Limited Edition Pack 750g;£3.14;£0.41/100g;Family Cereals;null;null;null;null;null;null;null;null;
3611584;ASDA Honey Nut Crunch with Milk Chocolate Curls;£1.50;£0.40/100g;Family Cereals;454;8.6;66.3;27.9;16.1;4.1;4.7;0.6;
2357900;Nestle Shredded Wheat 673g;£2.00;£0.29/100g;Family Cereals;null;11.6;68.5;0.7;2.2;0.5;11.6;0.05;
4315877;Nestle Curiously Cinnamon 565g;£3.38;£0.59/100g;Family Cereals;419;5.4;74.0;24.8;10.1;3.8;5.2;1.11;
3836419;Weetabix Oatibix Flakes Mixed Raisin & Sultana 475g;£2.00;£0.42/100g;Family Cereals;152;3.0;29.6;10.0;2.0;0.4;2.2;null;
3525910;Weetabix Oatibix Flakes;£1.94;£0.35/100g;Family Cereals;114;2.9;22.0;4.3;1.7;0.3;1.9;null;
1960289;Weetabix Oatibix;£2.00;£0.8/each;Family Cereals;395;13;64;3.2;8.0;1.3;7.3;0.28;
902466;Nestle Cheerios 600g;£1.64;£0.27/100g;Family Cereals;null;8.6;74.2;20.8;3.6;0.8;7.4;1.00;
20768;Nestle Cheerios 375g;£2.48;£0.66/100g;Family Cereals;null;8.6;74.2;20.8;3.6;0.8;7.4;1.00;
3525908;Weetabix Crispy Minis Chocolate Chip 750g;£3.08;£0.41/100g;Family Cereals;391;9.8;71;21;5.4;2.6;9.4;0.18;
4160865;Weetabix Crispy Minis Fruit & Nut 750g;£3.08;£0.41/100g;Family Cereals;149;3.8;28.0;9.3;1.6;0.3;3.6;null;
435495;Kellogg's Frosted Wheats 500g;£2.68;£0.53/100g;Family Cereals;null;null;null;null;null;null;null;null;
217036;Kellogg's Raisin Wheats 500g;£2.69;£0.53/100g;Family Cereals;null;null;null;null;null;null;null;null;
3883527;Kellogg's Special K Chocolate & Strawberry 320g;£2.64;£0.82/100g;Family Cereals;null;null;null;null;null;null;null;null;
2467517;Nestle Raisin Oats & More 425g;£2.68;£0.63/100g;Family Cereals;null;8.4;72.0;31.9;4.7;0.9;8.1;0.64;
1704521;ASDA Cranberry Wheats 500g;£1.98;£0.39/100g;Family Cereals;336;7.6;72.0;16.7;1.5;0.3;8.0;0.2;
3836403;ASDA Wholegrain Raspberry Wheats 500g;£1.98;£0.39/100g;Family Cereals;335;7.6;71.7;16.1;1.4;0.3;8.1;0.2;
3836399;ASDA Wholegrain Blueberry Wheats 500g;£1.98;£0.39/100g;Family Cereals;336;7.5;71.6;18.4;1.5;0.3;8.5;0.2;
3836401;ASDA Wholegrain Apricot Wheats 500g;£1.98;£0.39/100g;Family Cereals;337;7.6;72.3;17.8;1.4;0.3;8.0;0.2;
3845525;ASDA Multigrain Hoops 375g;£0.97;£0.25/100g;Family Cereals;386;9.0;74;19;4.5;0.7;6.5;0.68;
4023046;ASDA Smartprice Wheat Bisks 18g;£0.75;£0.17/100g;Family Cereals;null;11.9;68.4;2.5;2.2;0.4;10.1;null;
4249036;ASDA Gluten Free Cornflakes Cereal;£1.30;£0.43/100g;Family Cereals;null;null;null;null;null;null;null;null;
924519;ASDA Choco Snaps 600g;£1.68;£0.28/100g;Childrens Cereals;389;5.9;83.7;35.0;2.9;1.6;2.4;0.8;
556418;ASDA Malted Wheaties 750g;£0.97;£0.12/100g;Childrens Cereals;366;10.0;73.0;16.0;1.9;0.3;8.2;0.6;
531647;ASDA Choco Squares 375g;£0.97;£0.25/100g;Childrens Cereals;467;7.0;64.1;33.3;19.5;3.8;3.4;null;
217587;ASDA Rice Snaps 440g;£0.97;£0.22/100g;Childrens Cereals;385;7.4;85.2;9.7;1.2;0.4;1.5;0.7;
217589;ASDA Rice Snaps 600g;£1.22;£0.20/100g;Childrens Cereals;385;7.4;85.2;9.7;1.2;0.4;1.5;0.7;
217413;ASDA Honey Hoops 375g;£0.97;£0.25/100g;Childrens Cereals;388;7.5;79.0;28.0;3.6;0.6;5.0;0.6;
217540;ASDA Frosted Flakes 500g;£0.97;£0.19/100g;Childrens Cereals;386;5.1;88.7;37.0;0.8;0.2;2.1;0.5;
1704519;ASDA Choco Snaps 350g;£0.97;£0.27/100g;Childrens Cereals;389;5.9;83.7;35.0;2.9;1.6;2.4;0.8;
527252;ASDA Golden Balls 375g;£0.97;£0.25/100g;Childrens Cereals;383;5.7;85.9;33.0;1.3;0.3;2.2;null;
560053;ASDA Choco Flakes 500g;£0.97;£0.19/100g;Childrens Cereals;384;5.7;86.6;36.8;1.0;0.4;2.7;null;
4668719;ASDA Choco Balls Cereal 375g;£0.97;£0.25/100g;Childrens Cereals;379;9.9;73.2;24.3;3.3;1.2;8.9;0.4;
4014073;ASDA Milk Choc Coco Locos 375g;£0.97;£0.25/100g;Childrens Cereals;416;6.0;70.0;28.3;11.0;2.7;6.3;0.6;
8082;Kellogg's Variety Pack;£0.98;£0.12/each;Childrens Cereals;null;null;null;null;null;null;null;null;
444924;Nestle Pick A Pac;£1.82;£0.22/each;Childrens Cereals;175;6.4;29.9;13.1;3.0;1.5;1.6;0.40;
4756011;Kellogg's Cereal to Go Krave Milk Chocolate 60g;£0.98;£1.63/100g;Childrens Cereals;null;null;null;null;null;null;null;null;
4756013;Kellogg's Cereal to Go Rice Krispies 30g;£0.98;£3.27/100g;Childrens Cereals;null;null;null;null;null;null;null;null;
3525916;Kellogg's Coco Pops 295g;£2.08;£0.70/100g;Childrens Cereals;null;null;null;null;null;null;null;null;
3525918;Kellogg's Coco Pops 550g;£2.00;£0.36/100g;Childrens Cereals;null;null;null;null;null;null;null;null;
3525920;Kellogg's Coco Pops Family Pack 800g;£3.98;£0.49/100g;Childrens Cereals;null;null;null;null;null;null;null;null;
4998200;Kellogg's Krave Choco Roulette 375g;£2.78;£0.74/100g;Childrens Cereals;null;null;null;null;null;null;null;null;
8080;Kellogg's Frosties 500g;£2.28;£0.45/100g;Childrens Cereals;null;null;null;null;null;null;null;null;
534997;Nestle Golden Nuggets 375g;£2.48;£0.66/100g;Childrens Cereals;null;7.6;81.5;25.0;1.5;0.3;4.6;0.73;
1334514;Kellogg's Rice Krispies Multi-Grain Shapes 350g;£2.78;£0.79/100g;Childrens Cereals;null;null;null;null;null;null;null;null;
445096;Kellogg's Ricicles 450g;£2.78;£0.61/100g;Childrens Cereals;null;null;null;null;null;null;null;null;
3525922;Kellogg's Rice Krispies 340g;£2.18;£0.64/100g;Childrens Cereals;null;null;null;null;null;null;null;null;
639643;Nestle Coco Shreddies 500g;£2.68;£0.53/100g;Childrens Cereals;null;null;null;null;null;null;null;null;
4315875;Nestle Coco Shreddies 750g;£3.38;£0.45/100g;Childrens Cereals;null;8.8;75.2;28.5;2.2;0.6;9.0;0.62;
4596574;Nestle Shreddies Coco Caramel Flavoured 500g;£2.00;£0.40/100g;Childrens Cereals;null;8.5;75.8;28.9;2;0.7;9.1;0.62;
58794;Nestle Frosted Shreddies 500g;£2.00;£0.40/100g;Childrens Cereals;null;null;null;null;null;null;null;null;
2138830;Nestle Honey Shreddies 500g;£2.68;£0.53/100g;Childrens Cereals;null;8.8;75.9;26.9;1.8;0.2;8.8;0.64;
216969;Nestle Honey Cheerios 375g;£2.48;£0.66/100g;Childrens Cereals;null;null;null;null;null;null;null;null;
3929262;Nestle Honey Cheerios 565g;£2.00;£0.35/100g;Childrens Cereals;null;8.1;75.2;24.0;3.2;0.6;7.0;1.06;
4204259;Kellogg's Coco Pops Rocks 350g;£2.38;£0.68/100g;Childrens Cereals;null;null;null;null;null;null;null;null;
4160877;Kellogg's Coco Pops Croc Footprints 350g;£2.78;£0.79/100g;Childrens Cereals;null;null;null;null;null;null;null;null;
2259703;Honey Monster Sugar Puffs;£2.80;£0.62/100g;Childrens Cereals;379;6.6;83;29;1.2;0.4;5.0;0.01;
3683814;Kellogg's Mini Max Original 560g;£2.68;£0.47/100g;Childrens Cereals;null;null;null;null;null;null;null;null;
4160891;Kellogg's Honey Pops 335g;£2.78;£0.83/100g;Childrens Cereals;null;null;null;null;null;null;null;null;
3984028;Nestle Chocolaty Cheerios 330g;£2.48;£0.75/100g;Childrens Cereals;null;8.5;73.2;25.2;4.9;1.1;6.9;1.01;
4160893;Kellogg's Honey Loops 335g;£2.78;£0.83/100g;Childrens Cereals;null;null;null;null;null;null;null;null;
3119461;Kellogg's Chocolate Hazelnut Krave 375g;£2.78;£0.74/100g;Childrens Cereals;null;null;null;null;null;null;null;null;
3525934;Kellogg's Milk Chocolate Krave 375g;£2.78;£0.74/100g;Childrens Cereals;null;null;null;null;null;null;null;null;
4570013;Nestle Golden Nuggets 565g;£3.18;£0.56/100g;Childrens Cereals;null;7.6;81.5;25.0;1.5;0.3;4.6;0.73;
3326819;Nestle Golden Grahams 375g;£2.48;£0.66/100g;Childrens Cereals;null;6.8;80.1;25.1;3.1;1.1;4.3;1.07;
4160869;ASDA Honey Numbers 375g;£0.97;£0.25/100g;Childrens Cereals;397;6.9;78;31.4;4.7;0.5;7.6;0.9;
4160871;ASDA Choco Milk Hoops 375g;£0.97;£0.25/100g;Childrens Cereals;380;8.7;77.9;31.9;2.0;1.8;7.7;0.6;
795366;ASDA Choco Hoops 375g;£0.97;£0.25/100g;Childrens Cereals;389;8.7;76.0;25.0;4.3;1.1;5.5;0.4;
4668717;ASDA Choco Curls Cereal 375g;£0.97;£0.25/100g;Childrens Cereals;382;9.5;75.8;27.5;2.8;1.2;7.6;0.3;
4160867;ASDA Jungle Bites 375g;£0.97;£0.25/100g;Childrens Cereals;389;8.3;80.3;33.0;2.6;1.3;5.6;0.5;
3984026;Kellogg's Fruit Loops 350g;£2.78;£0.79/100g;Childrens Cereals;null;null;null;null;null;null;null;null;
4570015;Nestle Toffee Crisp Cereal 330g;£2.48;£0.75/100g;Childrens Cereals;null;6.5;74.1;24.0;10.0;2.1;4.0;0.29;
4662500;Kellogg's Honey Pops Pillows 350g;£2.78;£0.79/100g;Childrens Cereals;null;null;null;null;null;null;null;null;
967040;Nestle Cookie Crisp 375g;£1.99;£0.53/100g;Childrens Cereals;383;6.9;79.1;24.2;3.2;1.2;5.2;0.84;
3326739;Nestle Cookie Crisp 565g;£2.89;£0.51/100g;Childrens Cereals;null;6.9;79.1;24.2;3.2;1.2;5.2;0.84;
467607;Nestle Curiously Cinnamon 375g;£2.48;£0.66/100g;Childrens Cereals;null;5.4;74.0;24.8;5.1;3.8;5.2;1.11;
4315877;Nestle Curiously Cinnamon 565g;£3.38;£0.59/100g;Childrens Cereals;419;5.4;74.0;24.8;10.1;3.8;5.2;1.11;
3582949;Weetabix Weetos Chocolate Flavour Wheat Hoops;£1.84;£0.36/100g;Childrens Cereals;390;8.4;75;24;4.9;1.0;6.2;0.09;
3915481;Nestle Lion Cereal 575g;£3.38;£0.58/100g;Childrens Cereals;null;7.3;76.0;28.8;7.6;3.0;5.0;0.50;
845302;Nestle Nesquik Cereal 375g;£2.48;£0.66/100g;Childrens Cereals;null;7.8;73.7;25.2;4.0;1.7;9.5;0.58;
435495;Kellogg's Frosted Wheats 500g;£2.68;£0.53/100g;Childrens Cereals;null;null;null;null;null;null;null;null;
217036;Kellogg's Raisin Wheats 500g;£2.69;£0.53/100g;Childrens Cereals;null;null;null;null;null;null;null;null;
4916196;Asda Chosen by you 6 Wholemeal Finger Rolls;£0.70;£0.11/each;Bread Rolls;228;9.5;41;2.8;1.4;0.3;6.6;0.83;
3146725;Asda Chosen by you Finger Rolls;£0.75;£0.12/each;Bread Rolls;252;8.5;49.4;4.9;1.8;0.4;2.1;1.0;
3707245;Warburtons Sliced White Rolls;£0.99;£0.12/each;Bread Rolls;263;9.7;44.6;2.3;4.5;1.2;2.4;1.00;
139866;Warburtons Sliced White Sandwich Rolls;£1.40;£0.11/each;Bread Rolls;263;9.7;44.6;2.3;4.5;1.2;2.4;1.00;
1134247;Warburtons White Sliced Rolls;£0.85;£0.14/each;Bread Rolls;263;9.7;44.6;2.3;4.5;1.2;2.4;1.00;
4182501;Warburtons White Sub Rolls;£0.80;£0.40/each;Bread Rolls;269;11.0;45.0;2.9;4.4;1.2;2.4;0.95;
4182499;Warburtons Wholemeal Rolls;£0.90;£0.22/each;Bread Rolls;245;10.7;37.3;2.8;3.2;0.5;6.1;1.00;
1126636;Warburtons Sliced Wholemeal Rolls;£1.15;£0.19/each;Bread Rolls;233;10.5;35.8;3.4;3.9;0.9;6.6;0.98;
4182493;Warburtons Half & Half Sliced Rolls;£1.00;£0.12/each;Bread Rolls;261;10.4;42.7;4.1;4.5;0.8;4.0;0.98;
3592897;Warburtons Hot Dog Sliced Rolls;£1.10;£0.18/each;Bread Rolls;274;10.4;49.4;3.1;4.3;0.9;2.3;0.93;
2266259;Warburtons Large White Rolls;£1.15;£0.28/each;Bread Rolls;259;10.2;44.3;2.9;3.5;0.7;2.5;1.00;
4182503;Warburtons Seeded Batch Sub Rolls;£0.80;£0.40/each;Bread Rolls;326;13.3;41.2;3.6;8.7;2.6;6.0;1.00;
3685210;ASDA Chosen by You Bakers Gold Oatmeal Rolls;£0.80;£0.20/each;Bread Rolls;285;7.9;52.2;3.3;4.0;0.6;4.3;0.9;
3685214;ASDA Chosen by You Bakers Gold White Rolls;£0.80;£0.20/each;Bread Rolls;274;7.5;49.3;3.4;4.6;0.7;2.5;0.9;
3685216;ASDA Chosen by You Bakers Gold Wholemeal Rolls;£0.80;£0.20/each;Bread Rolls;281;9.8;48.2;2.7;3.9;0.6;6.9;1.0;
3146717;ASDA Chosen by You Large White Hot Dog Rolls;£0.80;£0.13/each;Bread Rolls;261;8.7;50.3;4.4;2.4;0.5;1.9;0.9;
3564977;ASDA Chosen by You Seeded Burger Buns;£0.85;£0.14/each;Bread Rolls;null;9.6;44.9;3.7;2.3;0.4;3.5;null;
3685212;ASDA Chosen by You Seeded Malt Rolls;£0.80;£0.20/each;Bread Rolls;306;8.2;51.9;3.1;6.1;2.4;5.3;0.9;
5030232;Asda Chosen by you 12 Tasty Wholemeal Rolls;£1.29;£0.10/each;Bread Rolls;null;10.6;38.8;4.7;3.8;0.6;6.5;0.90;
4736238;Genius Gluten Free Brown Rolls 320g;£2.28;£0.71/100g;Bread Rolls;null;7.7;40.7;1.3;10.4;0.8;3.2;0.9;
4360389;Genius Gluten Free Seeded Bread Rolls;£1.50;£0.46/100g;Bread Rolls;null;5.6;38.1;2.7;13;1.2;7.1;0.6;
4736236;Genius Gluten Free White Rolls 320g;£2.28;£0.71/100g;Bread Rolls;null;3.1;40.6;2.2;9.6;0.8;7.3;0.9;
5030234;Kingsmill 12 50/50 Rolls;£1.29;£0.10/each;Bread Rolls;null;9.3;41.2;2.5;3.8;0.7;4.4;1.00;
5030230;Kingsmill 12 Soft White Rolls;£1.29;£0.10/each;Bread Rolls;null;8.1;47.8;4.6;4.5;0.9;2.7;1.00;
4421810;Roberts Bakery Finger Rolls;£1.00;£0.16/each;Bread Rolls;241;8.7;46.3;2.6;1.6;0.3;3.2;1.0;
1023231;Roberts Bakery Floury White Batch Rolls;£0.92;£0.15/each;Bread Rolls;248;8.9;49.0;2.4;1.4;0.2;2.1;1.1;
2319941;The Polish Bakery Cheese bun;£0.80;£0.80/each;Bread Rolls;null;null;null;null;null;null;null;null;
4595077;Udi's Gluten Free Soft & Tasty White Rolls 300g;£1.45;£0.48/100g;Bread Rolls;null;null;null;null;null;null;null;null;
4602218;Warburtons Newburn Bakehouse Sliced White Sandwich Thins 216g;£2.20;£1.02/100g;Sandwich Thins;292;4.3;43.2;6.5;10.3;1.3;4.6;0.75;
4835589;Kingsmill White Sandwich Thins;£1.00;£0.16/each;Sandwich Thins;null;9.4;49.9;2.9;2.5;0.9;3.0;0.99;
4835591;Kingsmill 50/50 Sliced Sandwich Thins;£1.00;£0.16/each;Sandwich Thins;null;10.6;46.2;3.1;2.8;0.9;5.2;0.99;
4669850;Warburtons Half and Half Sandwich Thins;£1.50;£0.16/each;Sandwich Thins;239;10.1;45.0;4.9;2.5;0.5;4.5;0.90;
4822834;Warburtons Soft Brown Sliced Sandwich Thins;£1.50;£0.16/each;Sandwich Thins;239;9.9;46.0;4.8;2.6;0.5;4.8;0.98;
4669852;Warburtons Soft White Sliced Sandwich Thins;£1.50;£0.16/each;Sandwich Thins;239;9.0;45.0;4.6;2.5;0.4;3.1;0.98;
4439570;Warburtons 6 Half and Half Sliced Sandwich Thins;£1.00;£0.16/each;Sandwich Thins;239;10.1;45.0;4.9;2.5;0.5;4.5;0.90;
3880644;Warburtons Soft Brown Sandwich Thins Sliced;£1.00;£0.16/each;Sandwich Thins;239;9.9;46.0;4.8;2.6;0.5;4.8;0.98;
3880642;Warburtons Soft Seeded Sandwich Thins;£1.00;£0.16/each;Sandwich Thins;239;9.8;41.5;4.6;4.0;0.7;4.5;0.98;
3501917;Warburtons Soft White Sandwich Thins 255g;£1.00;£0.39/100g;Sandwich Thins;null;9.2;47.1;4.6;2.5;0.4;3.8;0.98;
5020799;Asda Chosen by You 6 Brown Sandwich Thins;£0.95;£0.15/each;Sandwich Thins;null;8.8;44;4.8;2.7;1.1;4.1;0.83;
5020797;Asda Chosen by You 6 White Sandwich Thins;£0.95;£0.15/each;Sandwich Thins;null;8.0;47;4.4;2.7;1.1;2.3;0.90;
4305705;ASDA Chosen by you Cheese Bagels;£0.95;£0.23/each;Bagels;276;10.6;48.9;5.9;3.7;2.0;2.5;0.8;
4285552;ASDA Onion Bagels;£0.95;£0.23/each;Bagels;262;10.2;50.1;6.4;1.6;0.2;3.3;0.8;
966470;ASDA Chosen by you 4 Plain Bagels;£0.95;£0.23/each;Bagels;258;9.4;49.7;5.2;1.6;0.2;3.8;0.9;
1001090;ASDA Chosen by you 4 Cinnamon & Raisin Bagels;£0.95;£0.23/each;Bagels;269;9.9;51.5;9.4;1.7;0.2;3.9;0.9;
5005314;New York Bakery Co 4 Roasted Garlic & Herb Bagels;£1.60;£0.40/each;Bagels;257;10.3;49.2;6.0;1.3;0.3;3.4;0.7;
4286714;New York Bakery Co Blueberry Bagels;£1.60;£0.40/each;Bagels;null;9.7;49.3;8.2;1.3;0.2;3.6;0.8;
3552701;New York Bakery Co Plain Bagels;£1.28;£0.32/each;Bagels;255;10.3;48.9;4.9;1.3;0.2;3.1;0.8;
3504033;New York Bakery Co Cinnamon & Raisin Bagels;£1.28;£0.32/each;Bagels;null;10.5;50.1;8.4;1.6;0.2;3.5;0.8;
4670912;New York Bakery Co Seeded Bagels;£1.60;£0.40/each;Bagels;298;11.9;50.8;4.5;6.6;0.7;6.5;0.64;
3552699;New York Bakery Co Sesame Bagels;£1.28;£0.32/each;Bagels;null;10.5;47.3;4.8;2.9;0.7;4.5;0.8;
3891675;New York Bakery Co Wholemeal Bagels;£1.28;£0.32/each;Bagels;null;11.9;40.8;4.8;2.5;0.4;7.1;0.9;
4286712;New York Bakery Co Chive Bagels;£1.60;£0.40/each;Bagels;null;10.4;47.2;7.2;1.3;0.2;3.8;0.9;
4663316;New York Bakery Co Plain Mini Bagels;£1.28;£0.21/each;Bagels;255;10.3;48.9;4.9;1.3;0.2;3.1;0.8;
4663318;New York Bakery Co Duo Mini Bagels;£1.29;£0.21/each;Bagels;254;10.8;45.2;3.9;2.2;0.3;5.1;0.8;
4663320;New York Bakery Co Cinnamon & Raisin Mini Bagels;£1.29;£0.21/each;Bagels;265;10.5;50.1;8.4;1.6;0.2;3.5;0.8;
4036196;Kingsmill White Bagels;£1.00;£0.25/each;Bagels;null;10.5;53.4;7.4;1.2;0.2;3.0;0.95;
4036198;Kingsmill 50/50 Bagels;£1.00;£0.25/each;Bagels;null;10.8;48.4;6.5;1.5;0.3;4.9;0.82;
3445246;Weight Watchers Bagels;£1.00;£0.25/each;Bagels;263;11.2;45.6;4.2;2.3;0.3;7.8;0.3;
4492595;Udi's Gluten Free Soft & Tasty Plain Bagels 300g;£2.00;£0.66/100g;Bagels;264;6.4;43.9;4.1;6.2;0.7;3.7;0.8;
4492592;Udi's Gluten Free Soft & Tasty Cinnamon & Raisin Bagels 300g;£2.00;£0.66/100g;Bagels;273;6.3;45.2;7.9;6.2;0.5;5.7;0.8;
4617418;Udi's Gluten Free Savoury Bagels 350g;£2.00;£0.57/100g;Bagels;null;null;null;null;null;null;null;null;
3880638;Warburtons Soft White Pitta Halves;£1.00;£0.25/each;Pittas;228;9.8;41.4;3.0;2.2;0.4;2.3;0.98;
3880640;Warburtons Soft Brown Sandwich Pittas;£1.00;£0.25/each;Pittas;239;9.4;42.5;3.6;2.6;0.4;3.8;0.98;
5020791;The Food Doctor 6 Multi-seed & Cereal Pittas;£1.00;£0.16/each;Pittas;224;10.1;39.9;2.0;2.7;1.5;10.2;1.1;
4826039;ASDA 6 Large Wholemeal Pittas 510g;£0.80;£0.15/100g;Pittas;241;9.2;46.3;1.8;1.1;0.3;4.7;0.8;
3417575;ASDA White Pittas;£0.49;£0.8/each;Pittas;null;9.0;47.9;1.1;1.7;0.3;3.4;0.7;
3417577;ASDA Chosen By You Wholemeal Pittas;£0.49;£0.8/each;Pittas;null;9.2;46.3;1.8;1.1;0.3;4.7;0.8;
3417579;ASDA Chosen By You Seed & Oatmeal Pittas;£0.49;£0.8/each;Pittas;null;9.1;44.6;1.3;1.8;0.4;5.5;0.6;
3417581;ASDA Chosen by You Garlic & Coriander Pittas;£0.49;£0.8/each;Pittas;null;9.3;48.7;1.7;1.6;0.3;3.2;0.7;
3506829;Dina White Mini Pitta Bread 45g;£0.50;£0.13/100g;Pittas;null;9.8;51.1;1.4;1.1;0.2;2.9;null;
2779194;Weight Watchers White Pitta Breads;£0.95;£0.15/each;Pittas;244;9.2;45.1;6.2;1.2;0.3;7.8;0.56;
4982526;ASDA Chosen by you Garlic Tortilla Wraps;£0.95;£0.11/each;Wraps;301;8.0;56;2.7;4.4;1.7;2.5;0.85;
4271008;ASDA Chosen By You White Mini Wraps;£1.00;£0.10/each;Wraps;297;7.9;51.5;2.6;6.2;3.0;1.9;0.5;
3385197;Warburtons White Square Wraps;£1.45;£0.24/each;Wraps;245;12.4;45.0;4.5;3.9;0.7;2.1;0.98;
3880646;Warburtons Brown Square-Ish Wraps;£1.45;£0.24/each;Wraps;287;12.4;47.7;5.0;4.0;0.8;3.6;0.98;
2215348;Mission Deli Original Wraps;£1.00;£0.14/each;Wraps;null;7.6;50.9;3.2;6.6;2.6;2.7;1.44;
2215344;Mission Deli Wheat & White Wraps;£1.00;£0.14/each;Wraps;289;7.5;47.0;3.6;null;2.8;5.6;1.38;
2376495;Mission Deli Multigrain Wraps;£1.00;£0.14/each;Wraps;302;7.9;49.8;2.7;null;2.8;5.3;1.45;
2215346;Mission Deli Mediterranean Herb Wraps;£1.00;£0.14/each;Wraps;null;8.1;51.0;3.7;7.6;3.4;2.5;1.65;
3580298;Mission Deli Wheat & White Mini Wraps 186g;£0.95;£0.51/100g;Wraps;209;7.5;47.0;3.6;null;2.8;5.6;1.38;
4694970;Mission Deli Original Mini Wraps 186g;£0.95;£0.51/100g;Wraps;null;7.6;50.9;3.2;null;2.6;2.7;1.44;
4746744;Mission Deli Wholemeal Wraps;£1.00;£0.23/100g;Wraps;null;8.4;41.6;3.7;8.3;3.7;8.8;1.38;
4308027;Warburtons Half & Half Wraps;£1.45;£0.24/each;Wraps;296;12.8;49.6;4.9;4.4;1.1;3.8;0.93;
3117486;ASDA Chosen by you 8 White Tortillas;£0.95;£11.88/100each;Wraps;308;7.8;50.2;1.8;7.5;3.0;4.4;0.8;
3207137;ASDA Chosen By You Wholemeal Tortilla Wraps;£0.95;£0.11/each;Wraps;284;8.0;46.4;2.8;6.5;2.6;4.0;1.0;
3889263;ASDA Chosen By You Seeded Tortillas;£0.95;£0.11/each;Wraps;313;8.1;50.3;2.4;8.1;2.8;3.4;0.8;
3889265;ASDA Chosen By You Wheat & White Tortillas;£0.95;£0.11/each;Wraps;299;8.3;48.5;2.4;6.9;2.4;4.6;0.7;
3889267;ASDA Chosen By You Sweet Chilli Tortillas;£0.95;£0.11/each;Wraps;313;7.5;53.0;5.6;7.2;2.9;3.1;0.8;
2942866;Weight Watchers Wraps;£1.00;£0.16/each;Wraps;254;7.1;50.7;3.3;1.0;0.6;6.7;0.8;
3506827;Dina Paninette White Bread Wraps 55g;£0.68;£0.24/100g;Wraps;null;9.8;64.5;3.8;1.5;0.37;3.5;0.33;
4256402;Bfree Wheat and Gluten Free Wraps 276g;£2.80;£1.01/100g;Wraps;215;5.4;38.6;4.8;1.6;0.5;12.5;null;
3506831;Dina Large White Bread Wraps 110g;£0.88;£0.16/100g;Wraps;null;10.5;57.5;2.3;1.1;0.2;3.0;0.7;
4450501;Dina Tannour Bread (Rotis) Mediterranean Wraps 280g;£0.80;£0.28/100g;Wraps;null;10.9;48.3;2.6;1.3;0.3;4.2;null;
3506825;Dina Khobez Wholemeal Bread Wraps 55g;£0.68;£0.24/100g;Wraps;null;9.1;57.9;5.2;1.6;0.29;3.7;0.49;
632198;ASDA Large White Rolls;£0.67;£0.11/each;In-Store Bakery Rolls & Bagels;null;null;null;null;null;null;null;null;
2580685;ASDA Large Wholemeal Rolls;£2.00;£0.8/each;In-Store Bakery Rolls & Bagels;null;null;null;null;null;null;null;null;
2836147;ASDA White Finger Rolls;£0.65;£0.10/each;In-Store Bakery Rolls & Bagels;null;null;null;null;null;null;null;null;
3841225;ASDA Big Eat White Rolls;£1.00;£0.16/each;In-Store Bakery Rolls & Bagels;null;null;null;null;null;null;null;null;
3201783;ASDA Tiger Rolls;£0.69;£0.17/each;In-Store Bakery Rolls & Bagels;null;null;null;null;null;null;null;null;
2580669;ASDA White Burger Rolls;£0.70;£0.11/each;In-Store Bakery Rolls & Bagels;null;null;null;null;null;null;null;null;
3889652;ASDA Big Eat White Burger Rolls;£1.00;£0.16/each;In-Store Bakery Rolls & Bagels;null;null;null;null;null;null;null;null;
632488;ASDA Large Wholemeal Rolls;£0.50;£0.8/each;In-Store Bakery Rolls & Bagels;null;null;null;null;null;null;null;null;
3201765;ASDA Large White Finger Rolls;£0.70;£0.17/each;In-Store Bakery Rolls & Bagels;null;null;null;null;null;null;null;null;
3201793;ASDA Small White Rolls;£0.60;£0.10/each;In-Store Bakery Rolls & Bagels;null;null;null;null;null;null;null;null;
3841227;ASDA Big Eat Cheese Topped Rolls;£1.00;£0.16/each;In-Store Bakery Rolls & Bagels;null;null;null;null;null;null;null;null;
2580665;ASDA Cheese Topped White Rolls;£0.82;£0.13/each;In-Store Bakery Rolls & Bagels;null;null;null;null;null;null;null;null;
3201799;ASDA Cheese Top Rolls;£0.70;£0.11/each;In-Store Bakery Rolls & Bagels;null;null;null;null;null;null;null;null;
3841231;ASDA Big Eat Seeded Rolls;£1.00;£0.16/each;In-Store Bakery Rolls & Bagels;null;null;null;null;null;null;null;null;
3841229;ASDA Big Eat Wholemeal Rolls;£1.00;£0.16/each;In-Store Bakery Rolls & Bagels;null;null;null;null;null;null;null;null;
1530543;ASDA Sunflower & Sesame Seeds Large Rolls;£0.50;£0.8/each;In-Store Bakery Rolls & Bagels;null;null;null;null;null;null;null;null;
3201797;ASDA Granary Rolls;£0.65;£0.10/each;In-Store Bakery Rolls & Bagels;null;null;null;null;null;null;null;null;
4141216;ASDA Wholemeal Small Rolls;£0.65;£0.10/each;In-Store Bakery Rolls & Bagels;null;null;null;null;null;null;null;null;
3201779;ASDA Crusty Rolls;£0.75;£0.18/each;In-Store Bakery Rolls & Bagels;null;null;null;null;null;null;null;null;
3201801;ASDA Chosen by You Pains au Chocolat;£1.64;£0.20/each;Croissants & Pain au Chocolat;441;7.1;44.9;16.6;25.2;14.1;2.9;1.0;
3573123;ASDA Chosen by You All Butter Croissants;£1.48;£24.67/100each;Croissants & Pain au Chocolat;413;6.9;47.8;7.2;21.2;14.5;1.9;1.1;
4836374;ASDA Chosen by you All Butter Mini Croissants;£1.00;£0.16/each;Croissants & Pain au Chocolat;null;8.4;47.3;6.8;20.3;11.6;2.1;0.9;
4836370;ASDA Chosen by you All Butter Croissants;£0.79;£0.19/each;Croissants & Pain au Chocolat;410;8.4;47.3;6.8;20.3;11.6;2.1;0.9;
4836372;ASDA Chosen by you Reduced Fat Croissants;£0.79;£0.19/each;Croissants & Pain au Chocolat;357;8.8;48.4;6.6;13.8;7.7;2.2;0.9;
4836378;ASDA Chosen by you Mini All Butter Pain au Chocolat;£1.00;£0.16/each;Croissants & Pain au Chocolat;415;7.9;48.9;15.9;20.3;11.7;2.7;0.8;
3276404;7 Days Chocolate Croissant 60g;£0.60;£1.00/100g;Croissants & Pain au Chocolat;null;null;null;null;null;null;null;null;
3881155;Elka Croissant With Apricot Marmalade Filling;£0.40;£0.40/each;Croissants & Pain au Chocolat;null;null;null;null;null;null;null;null;
3881157;Elka Croissant With Strawberry Marmalade Filling;£0.40;£0.40/each;Croissants & Pain au Chocolat;null;null;null;null;null;null;null;null;
3701472;Elka Daily Croissant Filled With Cocoa Cream;£0.40;£0.40/each;Croissants & Pain au Chocolat;null;10.4;39.9;15.2;25.0;11.2;2.6;null;
4813958;Elka Daily Croissant with Toffee Cream Filling;£0.40;£0.40/each;Croissants & Pain au Chocolat;null;8.7;40.3;13.9;28.0;14.5;2.1;0.8;
3701474;Elka Daily Croissant filled with Mille-Feuille Cream;£0.40;£0.40/each;Croissants & Pain au Chocolat;null;8.7;40.3;13.9;28.0;14.5;2.1;null;
4532183;Udi's Gluten Free Strawberry Flavoured Toaster Pastries 260g;£2.95;£1.13/100g;Croissants & Pain au Chocolat;null;null;null;null;null;null;null;null;
4992327;ASDA Chosen by you 10 Croissants;£1.20;£0.12/each;Croissants & Pain au Chocolat;406;8.4;47;6.8;20;12;2.1;0.90;
4585069;Genius Gluten Free Croissants;£1.80;£0.90/each;Croissants & Pain au Chocolat;null;3.0;44.8;9.0;28.8;12.4;3.1;0.8;
4585071;Genius Gluten Free Pains Au Chocolat;£1.80;£0.90/each;Croissants & Pain au Chocolat;null;3.2;43.5;13.3;28.6;13.4;3.9;0.7;
4796176;Pitch Milk Chocolate Flavour Filled Brioche;£1.70;£0.28/each;Brioche;null;null;null;null;null;null;null;null;
4796178;Pitch Strawberry Flavour Filled Brioche;£1.70;£0.28/each;Brioche;null;null;null;null;null;null;null;null;
2033206;ASDA Chosen by you Chocolate Chip Brioche Rolls;£1.00;£0.12/each;Brioche;357;8.3;52.0;19.0;12.4;3.8;2.3;1.0;
2033208;ASDA Chosen By You Brioche Rolls;£1.00;£0.12/each;Brioche;360;8.4;53.0;13.3;12.2;1.7;2.1;1.2;
3573125;ASDA Chosen by You All Butter Chocolatines;£1.64;£20.50/100each;Brioche;418;6.9;47.3;14.2;21.8;14.4;2.5;0.9;
3497719;ASDA Chosen By You Butter Brioche Loaf 400g;£1.64;£0.41/100g;Brioche;null;7.5;52.1;15.0;13.5;5.5;2.0;1.0;
4297572;ASDA Chosen by You Sliced Plain Brioche Loaf 400g;£1.64;£0.41/100g;Brioche;null;7.6;52.1;16.9;11.3;4.2;1.8;1.2;
4691621;The French Bakery Vanilla Tear & Share 400g;£1.90;£0.47/100g;Brioche;null;null;null;null;null;null;null;null;
4691623;The French Bakery Double Chocolate Tear & Share 400g;£1.90;£0.47/100g;Brioche;null;6.3;49.0;21.7;9.09;4.67;null;0.8;
4297564;ASDA Chosen by You Sliced Chocolate Brioche Loaf 400g;£1.64;£0.41/100g;Brioche;344;7.7;54.0;18.9;10.3;2.9;2.2;1.0;
4294937;ASDA Chosen By You Caramel Waffles 290g;£1.00;£0.34/100g;Waffles, Crepes & Popcorn;null;3.5;63.0;34.0;21.0;12.0;1.0;0.6;
3573121;ASDA Chosen By You Chocolate Waffles Sticks;£1.64;£27.33/100each;Waffles, Crepes & Popcorn;497;7.0;49.0;33.0;30.0;9.0;1.5;0.9;
4300756;ASDA Chosen By You Double Chocolate Crepes 180g;£1.30;£0.72/100g;Waffles, Crepes & Popcorn;459;5.9;60;39;21;6.1;3.0;0.60;
4299412;ASDA Chosen By You Toffee Crepes;£1.30;£0.72/100g;Waffles, Crepes & Popcorn;420;4.2;62;38;17;5.3;1.0;1.1;
4971035;ASDA Chosen By you 6 Individually Wrapped Crunchy Crepes 192g;£1.30;£0.67/100g;Waffles, Crepes & Popcorn;466;6.4;57;32;23;11;2.5;0.73;
4825360;ASDA Chosen By you 6 Individually Wrapped Plain Crepes 120g;£1.00;£0.83/100g;Waffles, Crepes & Popcorn;428;6.5;55;28;20;3.5;1.0;1.5;
4316553;ASDA Chosen By you Chocolate Crepes 180g;£1.30;£0.72/100g;Waffles, Crepes & Popcorn;492;5.9;64;40;23;7.4;2.6;0.65;
4664246;ASDA Chosen by You Chocolate Waffle;£0.30;£0.30/each;Waffles, Crepes & Popcorn;477;7.8;52.4;34.2;25.8;11.1;1.8;0.5;
4664264;ASDA Chosen by You Chocolate Waffles;£1.30;£0.26/each;Waffles, Crepes & Popcorn;null;5.6;53.6;28.0;25.2;15.2;1.8;0.5;
4664266;ASDA Chosen by You Chocolate Waffles;£1.30;£0.21/each;Waffles, Crepes & Popcorn;null;7.8;52.4;34.2;25.8;11.1;1.8;0.5;
4268361;ASDA Chosen by You Salted Popcorn 90g;£0.75;£0.83/100g;Waffles, Crepes & Popcorn;457;10.3;60.4;0.4;17.9;1.3;6.4;1.3;
4664250;ASDA Chosen by You Sugared Waffle;£0.30;£0.30/each;Waffles, Crepes & Popcorn;446;8.1;53.9;32.5;21.6;4.1;1.6;0.5;
4664262;ASDA Chosen by You Sugared Waffles;£1.30;£0.26/each;Waffles, Crepes & Popcorn;null;6.3;53.7;28.7;23.3;12.3;1.5;0.5;
4268359;ASDA Chosen by You Sweet Popcorn 120g;£0.75;£0.62/100g;Waffles, Crepes & Popcorn;495;7.5;60.3;10.4;23.4;1.6;6.7;null;
4268363;ASDA Chosen by You Toffee Popcorn 200g;£0.75;£0.37/100g;Waffles, Crepes & Popcorn;null;7.6;78.0;36.4;4.5;0.4;6.0;0.1;
4664252;ASDA Chosen by You Waffles;£1.30;£0.21/each;Waffles, Crepes & Popcorn;null;8.4;53.2;33.2;21.3;3.8;1.8;0.8;
3643432;Kingsmill Toasting Waffles;£0.85;£0.14/each;Waffles, Crepes & Popcorn;null;5.9;52.2;32.4;25.8;7.1;1.4;0.75;
5020795;McVitie's Belgian Waffles with Chocolate;£1.50;£0.30/each;Waffles, Crepes & Popcorn;null;5.2;54.5;30.9;23.5;12.0;1.9;0.55;
5020793;McVitie's Belgian Waffles with Sugar Pearls;£1.50;£0.30/each;Waffles, Crepes & Popcorn;null;5.0;55.7;29.4;21.7;10.5;0.9;0.60;
228397;McVitie's Toasting Waffles;£1.20;£0.15/each;Waffles, Crepes & Popcorn;null;5.7;52.6;29.5;25.5;10.2;0.8;0.73;
5020811;Waffletops Caramel & Coffee Fudge Waffles Triple Pack;£1.50;£0.50/each;Waffles, Crepes & Popcorn;null;null;null;null;null;null;null;null;
5020813;Waffletops Lemon & Strawberry Fudge Waffles Triple Pack;£1.50;£0.50/each;Waffles, Crepes & Popcorn;null;null;null;null;null;null;null;null;
1359010;ASDA Scones;£1.00;£0.25/each;In Store Bakery Pastries & Brioche;null;null;null;null;null;null;null;null;
901635;ASDA Cherry Scones;£0.65;£0.16/each;In Store Bakery Pastries & Brioche;null;null;null;null;null;null;null;null;
3670889;ASDA Croissants;£1.00;£0.25/each;In Store Bakery Pastries & Brioche;null;null;null;null;null;null;null;null;
3032830;ASDA Cinnamon Swirl;£1.00;£0.50/each;In Store Bakery Pastries & Brioche;null;null;null;null;null;null;null;null;
3031007;ASDA Maple & Pecan Plait;£1.00;£0.50/each;In Store Bakery Pastries & Brioche;null;null;null;null;null;null;null;null;
3027535;ASDA Pains Aux Raisins;£1.00;£0.50/each;In Store Bakery Pastries & Brioche;null;null;null;null;null;null;null;null;
3031011;ASDA Toffee & Pecan Swirl;£1.00;£0.50/each;In Store Bakery Pastries & Brioche;null;null;null;null;null;null;null;null;
4835978;ASDA Chosen by you Yummy Teddy Crumpets;£1.00;£0.16/each;Crumpets and Muffins;186;6.1;37.6;1.1;0.5;0.1;3.4;0.5;
4835980;ASDA Yummy Rocket Crumpets;£1.00;£0.16/each;Crumpets and Muffins;186;6.1;37.6;1.1;0.5;0.1;3.4;0.5;
3825151;Warburtons Thick & Fluffy Crumpets;£1.00;£0.11/each;Crumpets and Muffins;178;5.6;36.1;2.0;0.7;0.2;2.3;1.48;
4835635;ASDA Chosen by you White Muffins;£0.65;£0.16/each;Crumpets and Muffins;null;8.5;43.5;4.3;1.8;0.3;2.8;0.8;
4822264;ASDA Chosen by you 6 Crumpets;£0.37;£0.6/each;Crumpets and Muffins;213;6.7;42.4;4.4;1.2;0.2;2.7;1.1;
4806913;Lakeland Pikelets;£0.50;£0.50/each;Crumpets and Muffins;211;7.1;45.2;4.8;0.6;0.2;1.7;1.10;
4822266;ASDA Chosen by you Crumpets;£0.56;£0.6/each;Crumpets and Muffins;null;6.7;42.4;4.4;1.2;0.2;2.7;1.1;
4818079;Kingsmill Square Crumpets;£0.75;£0.18/each;Crumpets and Muffins;null;5.8;38.6;2.2;0.7;0.1;2.0;1.18;
4271298;ASDA Chosen by you Finger Crumpets;£1.00;£0.16/each;Crumpets and Muffins;null;4.9;35.0;1.7;0.5;0.1;3.7;0.8;
1240124;Kingsmill Crumpets;£0.75;£0.12/each;Crumpets and Muffins;null;5.8;38.3;3.0;1.0;0.1;2.0;1.25;
144371;Warburtons Thick & Fluffy Crumpets;£0.89;£0.14/each;Crumpets and Muffins;178;5.6;36.1;2.0;0.7;0.2;2.3;1.48;
1240138;Kingsmill Muffins;£0.75;£0.18/each;Crumpets and Muffins;null;9.7;40.4;3.4;1.8;0.6;2.6;1.13;
4298230;ASDA Crumpet Squares;£1.00;£0.16/each;Crumpets and Muffins;186;5.3;38.0;1.2;0.6;0.1;3.5;1.0;
3146727;ASDA Chosen By You Oven Bottom Muffins;£0.59;£0.14/each;Crumpets and Muffins;267;9.0;50.7;4.2;2.7;0.4;2.1;1.0;
4560119;Genius Gluten Free Crumpets 220g;£1.68;£0.76/100g;Crumpets and Muffins;null;4.8;29;2.6;7.4;0.6;2.7;1.17;
4672271;Hovis Soft White Muffins;£1.00;£0.11/each;Crumpets and Muffins;null;8.9;44.0;7.6;2.8;1.1;2.4;0.89;
3106422;Warburtons Tear & Toast Muffins;£0.85;£0.21/each;Crumpets and Muffins;228;8.7;42.1;2.9;2.1;0.4;2.7;0.78;
471162;Warburtons Soft & Sweet Pancakes;£0.75;£0.12/each;Pancakes;254;6.1;42.2;17.2;6.4;0.9;1.8;1.18;
1240146;Kingsmill Pancakes;£0.75;£0.12/each;Pancakes;null;6.0;50.0;22.5;4.7;0.7;1.5;1.25;
3574706;Kingsmill Syrup & Sultana Pancakes;£0.75;£0.12/each;Pancakes;null;5.8;54.3;29.9;4.7;0.7;2.0;1.05;
1781861;Kingsmill Giant Pancakes;£1.00;£0.25/each;Pancakes;null;6.2;49.7;21.3;4.5;0.8;1.2;1.25;
2872748;ASDA Chosen By You Scotch Pancakes;£0.52;£0.8/each;Pancakes;null;5.8;51.8;24.6;5.2;0.8;1.8;0.8;
1306797;ASDA Chosen By You English Classic Pancakes;£1.00;£0.16/each;Pancakes;263;4.4;37.8;11.9;10.0;4.2;1.9;0.8;
2872768;ASDA Chosen By You Raisin & Lemon Pancakes;£0.64;£0.10/each;Pancakes;null;5.4;52.2;29.9;5.0;0.7;2.2;0.7;
3641581;ASDA Lemon Pancakes;£1.00;£0.25/each;Pancakes;null;null;null;null;null;null;null;null;
3641575;ASDA Maple Pancakes;£1.00;£0.25/each;Pancakes;null;null;null;null;null;null;null;null;
2837945;ASDA Chosen By You Potato Cakes;£0.50;£0.8/each;Potato Cakes;218;5;42.7;7.3;2.2;0.2;3.5;null;
2876399;Rankin Irish Potato Bread Minis;£1.00;£0.12/each;Potato Cakes;null;3.1;35.9;10.6;1.4;0.4;2.5;null;
471169;Warburtons Potato Cakes;£0.75;£0.12/each;Potato Cakes;260;4.7;37.5;4.4;10.1;3.2;3.5;1.98;
3918745;ASDA Fruit Pancakes;£1.00;£0.25/each;In Store Bakery Muffins & Pancakes;null;null;null;null;null;null;null;null;
3641593;ASDA White Chocolate Pancakes;£1.00;£0.25/each;In Store Bakery Muffins & Pancakes;null;null;null;null;null;null;null;null;
144174;ASDA Potato Scones;£0.70;£0.11/each;In Store Bakery Muffins & Pancakes;null;null;null;null;null;null;null;null;
3788123;ASDA Chosen By You Hot Cross Buns;£0.85;£0.21/each;Fruit Loaves and Teacakes;283;7.4;52;20;4.4;1.0;2.8;0.43;
5024001;ASDA Chosen by You 4 Caramel & White Choc Cross Buns;£0.85;£0.21/each;Fruit Loaves and Teacakes;null;null;null;null;null;null;null;null;
5023999;ASDA Chosen by You 4 Double Choc Cross Buns;£0.85;£0.21/each;Fruit Loaves and Teacakes;null;null;null;null;null;null;null;null;
4955508;ASDA Chosen by You Cinnamon & Raisin Fruit Loaf 400g;£1.00;£0.25/100g;Fruit Loaves and Teacakes;275;7.9;52;18;3.1;1.2;3.8;0.40;
1347534;ASDA Chosen by You Fruit Loaf 400g;£0.85;£0.21/100g;Fruit Loaves and Teacakes;279;8.2;50.4;21.7;4.2;0.7;3.6;0.4;
1689559;Cherrytree Bakery 4 Chorley Cakes;£0.90;£0.22/each;Fruit Loaves and Teacakes;420;5.1;55;28;19;6.6;null;0.22;
4585076;Genius Gluten Free Sliced Spicy Fruit Loaf 400g;£2.48;£0.62/100g;Fruit Loaves and Teacakes;null;4.1;48.5;16.5;8;1.0;6;0.5;
2328193;Irwins Fruit Loaf 470g;£1.80;£0.38/100g;Fruit Loaves and Teacakes;null;6.0;57.2;24.6;5.7;1.0;3.3;null;
5042745;Kingsmill 4 Hot Cross Buns;£1.00;£0.25/each;Fruit Loaves and Teacakes;null;8.2;50.2;21.6;3.4;0.8;3.5;0.50;
3700155;Knightsbridge Bakery Malt Loaf 197g;£0.50;£0.25/100g;Fruit Loaves and Teacakes;null;null;null;null;null;null;null;null;
3685374;Soreen Banana Moist Fruit Loaf;£1.00;£0.38/100g;Fruit Loaves and Teacakes;316;7.0;60.7;20.2;4.9;0.9;5.0;0.7;
889666;Soreen Low Fat Sliced Malt Loaf;£1.00;£0.26/100g;Fruit Loaves and Teacakes;null;null;null;null;null;null;null;null;
3644211;Soreen Moist Fruit Loaf Apple & Sultana 260g;£1.25;£0.48/100g;Fruit Loaves and Teacakes;312;7.2;59.5;22.0;4.0;0.9;5.0;0.7;
3352547;Soreen Moist Fruit Loaf Fruity Five 260g;£1.25;£0.48/100g;Fruit Loaves and Teacakes;311;8.7;57.3;24.7;4.6;0.8;2.6;0.6;
4809531;Soreen Moist Orange Fruit Loaf;£1.00;£0.38/100g;Fruit Loaves and Teacakes;324;7.1;61.1;21.0;4.7;0.9;4.7;0.6;
3685376;Soreen Original Malt Toastie Loaf 400g;£1.39;£0.34/100g;Fruit Loaves and Teacakes;null;null;null;null;null;null;null;null;
623119;Soreen The Original Malt Loaf 190g;£0.75;£0.39/100g;Fruit Loaves and Teacakes;311;6.0;64.2;22.2;2.5;0.6;3.6;0.6;
3086588;Soreen The Original Malt Loaf;£1.00;£0.38/100g;Fruit Loaves and Teacakes;null;7.1;63.1;18.3;2.4;0.6;3.6;0.71;
4406258;Soreen The Original Malt Loaf Lunchbox Loaf 30g;£0.30;£1.00/100g;Fruit Loaves and Teacakes;null;9.2;64.1;23.1;2.1;0.4;2.3;0.7;
4747349;Soreen The Original Malt Loaf Lunchbox Loaves;£1.00;£0.20/each;Fruit Loaves and Teacakes;null;null;null;null;null;null;null;null;
907710;Warburtons Cinnamon & Raisin Loaf 400g;£1.30;£0.32/100g;Fruit Loaves and Teacakes;273;7.2;51.1;21.6;3.7;0.6;3.2;0.83;
907670;Warburtons Fruit Loaf with Orange 400g;£1.09;£0.27/100g;Fruit Loaves and Teacakes;266;6.8;50.8;14.5;3.0;0.6;3.8;0.85;
142397;Warburtons Fruity Sliced Teacakes;£1.88;£0.15/each;Fruit Loaves and Teacakes;262;8.7;48.0;14.3;3.0;0.5;3.2;0.75;
851985;Warburtons Fruity Teacakes;£0.80;£0.20/each;Fruit Loaves and Teacakes;262;8.7;48.0;14.3;3.0;0.5;3.2;0.75;
1769069;Weight Watchers Sliced Fruited Malt Loaf;£1.00;£0.35/100g;Fruit Loaves and Teacakes;301;8.9;60.2;19.0;1.9;0.4;3.6;0.5;
3573966;Haywood & Padgett Devon Scones;£1.00;£0.8/each;Scones;null;6.3;55.0;19.2;10.4;4.0;1.4;1.8;
3573964;Haywood & Padgett Sultana Scones;£1.00;£0.8/each;Scones;null;6.1;56.2;22.9;9.7;3.7;1.5;1.6;
4664108;ASDA Chosen by You Scones;£0.65;£0.16/each;Scones;380;7.2;54.3;17.3;14.5;9.6;1.7;1.1;
4664106;Asda Chosen by You Butter & Sultana Scones;£0.65;£0.16/each;Scones;375;6.7;57.6;26.3;12.6;7.7;2.2;1.0;
4664110;Asda Chosen by You Derby Scones;£0.65;£0.16/each;Scones;353;7.3;55.5;19.6;10.6;6.5;3.0;0.9;
4092112;Braces Welsh Traditional Cakes;£1.00;£0.16/each;Scones;null;6.9;55.6;15.8;14.4;2.3;2.3;1.0;
857090;ASDA Chosen by You Plain Scones;£0.65;£0.16/each;Scones;null;null;null;null;null;null;null;null;
4447560;ASDA Smartprice Sultana Scones;£0.49;£0.4/each;Scones;332;7.3;57.0;18.3;7.8;2.4;2.2;0.8;
3858432;ASDA Birthday Boy Pick Candles;£1.75;£0.12/each;Character Cakes;null;null;null;null;null;null;null;null;
3858430;ASDA Birthday Girl Pick Candles;£1.50;£0.10/each;Character Cakes;null;null;null;null;null;null;null;null;
4898059;Disney Frozen Celebration Cake;£10.00;£10.00/each;Character Cakes;400;2.2;68.9;49.8;12.7;2.9;null;0.42;
4795198;Disney Doc McStuffins Celebration Cake;£9.00;£9.00/each;Character Cakes;399;2.3;67.4;47.6;13.2;2.9;null;0.45;
4714117;Batman Party Cake;£8.00;£8.00/each;Character Cakes;null;2.5;65.1;50.0;9.7;1.9;0.5;0.45;
4689727;Disney Minnie Mouse Birthday Cake;£10.00;£10.00/each;Character Cakes;396;2.2;69.5;50.9;12.0;2.9;null;0.39;
4680082;M&M's Chocolate Celebration Cake 855g;£10.00;£1.17/100g;Character Cakes;null;4.0;64.3;47.8;13.2;3.9;null;0.42;
4689729;Disney The Muppets Birthday Cake;£9.00;£9.00/each;Character Cakes;null;null;null;null;null;null;null;null;
4042789;Fireman Sam Celebration Cake;£10.00;£10.00/each;Character Cakes;413;2.5;68.4;56.1;14.2;3.4;0.6;null;
4600233;ASDA Chosen by you Shell-Ebration Cake;£10.00;£10.00/each;Character Cakes;444;2.2;69.2;57.7;17.5;4.9;null;0.36;
3496752;Peppa Pig Celebration Cake;£12.00;£12.00/each;Character Cakes;405;2.5;66.5;55.9;14.2;4.5;null;0.41;
4303448;Angry Birds Birthday Cake;£10.00;£10.00/each;Character Cakes;null;4.1;54.1;34.7;16.7;7.0;null;0.3;
4042787;One Direction Celebration Cake;£10.00;£10.00/each;Character Cakes;null;2.2;69.1;49.8;11.8;2.5;null;0.44;
4295252;Disney Princess Birthday Cake;£20.00;£20.00/each;Character Cakes;448;2.0;65.4;54.8;19.6;7.9;null;0.33;
3103128;Disney Mickey Mouse Clubhouse Birthday Cake;£9.00;£9.00/each;Character Cakes;396;2.3;69.1;46.6;12.1;2.5;0.6;0.45;
3868951;Marvel Avengers Avengers Assemble Birthday Cake;£10.00;£10.00/each;Character Cakes;405;2.5;68.4;54.3;13.4;2.9;null;0.39;
2210681;Thomas & Friends Celebration Cake;£11.00;£11.00/each;Character Cakes;null;2.6;71.8;56.9;10.8;2.2;0.9;0.37;
3682610;Disney Cars 2 Birthday Cake;£20.00;£20.00/each;Character Cakes;399;2.6;67.3;46.3;13.0;2.6;null;0.50;
3965343;Spiderman Birthday Cake;£12.00;£12.00/each;Character Cakes;399;2.5;68.1;55.3;12.8;2.6;null;0.36;
3496744;Nickelodeon Spongebob Squarepants Birthday Cake;£10.00;£10.00/each;Character Cakes;405;2.4;67.5;58.9;13.8;3.9;null;0.31;
4286626;Me To You Celebration Cake;£6.50;£6.50/each;Character Cakes;407;2.6;67.3;52.5;14.0;4.2;null;0.28;
2721400;Disney Cars 2 Birthday Cake;£10.00;£10.00/each;Character Cakes;399;2.0;70.5;52.0;12.0;2.7;null;0.40;
3496750;Hello Kitty Celebration Cake;£10.00;£10.00/each;Character Cakes;409;2.0;71.5;61.4;12.6;3.1;null;0.32;
3215975;Star Wars Celebration Cake;£10.00;£10.00/each;Character Cakes;396;2.0;71.2;52.6;11.3;2.5;null;0.4;
2997621;Forever Friends Celebration Cake;£7.00;£7.00/each;Character Cakes;null;2.9;69.6;49.8;16.1;3.1;0.9;0.5;
3868955;Disney Princess Hand Decorated Traybake;£6.00;£6.00/each;Character Cakes;null;null;null;null;null;null;null;null;
4284768;Disney Fairies Celebration Cake;£10.00;£10.00/each;Character Cakes;396;2.2;69.5;50.0;12.0;2.6;null;0.4;
3872233;Forever Friends Mini Gift Cake;£3.50;£3.50/each;Character Cakes;null;2.0;70.3;51.3;16.7;3.1;0.9;0.43;
4284728;Me To You Gift Cake;£3.50;£3.50/each;Character Cakes;418;2.3;70.5;58.8;14.0;4.3;null;0.39;
3858432;ASDA Birthday Boy Pick Candles;£1.75;£0.12/each;Party Cakes;null;null;null;null;null;null;null;null;
3858430;ASDA Birthday Girl Pick Candles;£1.50;£0.10/each;Party Cakes;null;null;null;null;null;null;null;null;
3868947;Thorntons Sticky Toffee Celebration Cake;£7.00;£7.00/each;Party Cakes;null;null;null;null;null;null;null;null;
4796234;ASDA Chosen by you Pinata Surprise Cake;£12.00;£12.00/each;Party Cakes;459;1.7;64.2;49.9;21.4;8.2;1.5;0.3;
4796224;Swizzels Drumstick Party Cake;£8.00;£8.00/each;Party Cakes;null;2.4;65.9;58.5;18.9;3.9;1.3;0.40;
4990902;Jammie Dodgers Celebration Cake;£7.00;£7.00/each;Party Cakes;390;2.4;70.3;57.9;10.8;2.1;null;0.33;
4295262;McVities Jaffa Cake The Big One;£7.00;£7.00/each;Party Cakes;null;4.1;64.9;39.7;11.1;6.8;1.4;null;
4796222;Swizzels Squashies 2-Tier Cake;£12.00;£12.00/each;Party Cakes;null;3.0;61.6;42.5;20.0;6.7;0.9;0.38;
4833286;Despicable Me Minion Dave Celebration Cake;£10.00;£10.00/each;Party Cakes;415;2.1;73.4;61.4;12.4;2.9;null;0.24;
4796232;ASDA Chosen by you Decorate-It Cake Kit;£10.00;£10.00/each;Party Cakes;425;5.0;51.8;34.1;21.4;4.1;2.4;0.5;
4796236;ASDA Chosen by you Two-Tier Blossom Cake;£12.00;£12.00/each;Party Cakes;438;2.4;63.4;55.6;19.3;3.2;0.6;0.3;
4798854;ASDA Chosen by you Charlie the Chocolate Gingerbread Man Cake;£8.00;£8.00/each;Party Cakes;411;5.4;57.0;40.0;17.0;10.6;4.0;0.7;
4800784;Mankini Cake;£10.00;£10.00/each;Party Cakes;428;1.9;71.8;55.8;14.7;4.5;null;0.50;
4806880;ASDA Chosen by you Monster Truck Mania Cake;£10.00;£10.00/each;Party Cakes;421;2.1;68.6;55.4;15.1;5.2;1.0;0.5;
4689725;Thorntons Triple Layer Birthday Cake;£20.00;£20.00/each;Party Cakes;null;null;null;null;null;null;null;null;
1604560;ASDA Chosen by you Large Chocolate Birthday Cake;£7.00;£7.00/each;Party Cakes;438;4.6;52.8;29.9;22.7;7.1;2.0;0.5;
2046879;ASDA Chosen by you Mega Chocolate Cake;£6.00;£6.00/each;Party Cakes;399;4.6;55.4;31.9;17.3;4.1;1.4;0.5;
453867;ASDA Chosen by you Clyde the Caterpillar;£5.00;£5.00/each;Party Cakes;409;4.6;62.8;45.8;15.0;8.9;2.2;null;
1604558;ASDA Chosen by you Chocolate Party Cake;£5.00;£5.00/each;Party Cakes;436;4.9;52.3;30.6;22.5;6.8;2.1;0.5;
2476286;ASDA Chosen by you Chocolate Star Tray Bake;£5.00;£5.00/each;Party Cakes;430;4.3;56.3;40.0;20.4;5.8;1.9;0.5;
2129982;ASDA Chosen by you Football Party Cake;£6.00;£6.00/each;Party Cakes;415;2.1;72.5;46.1;12.8;2.8;0.6;0.4;
3200591;ASDA Chosen by you Triple Layer Milk Chocolate Cake;£10.00;£10.00/each;Party Cakes;396;5.4;50.8;32.6;18.4;8.2;2.8;null;
2476284;ASDA Chosen by you Vanilla Traybake;£5.00;£5.00/each;Party Cakes;387;3.4;60.4;37.1;14.3;6.9;1.3;0.5;
4683823;ASDA Chosen by you Party Cake;£5.00;£5.00/each;Party Cakes;422;2.1;66.6;50.5;16.2;5.0;0.6;0.5;
3103102;ASDA Chosen by you Mega Madeira Cake;£6.00;£6.00/each;Party Cakes;381;3.5;57.1;34.1;15.2;3.6;0.8;0.6;
4427653;ASDA Be A Princess Cake;£9.00;£9.00/each;Party Cakes;453;2.1;67.5;53.8;19.2;3.3;0.9;0.3;
4680086;Galaxy Chocolate Birthday Cake 1052g;£10.00;£0.95/100g;Party Cakes;424;4.8;53.6;38.2;20.7;9.9;null;0.73;
2329968;ASDA Chosen by you Bella The Butterfly Cake;£7.00;£7.00/each;Party Cakes;453;2.4;64.0;47.8;20.6;5.7;1.2;0.5;
4600233;ASDA Chosen by you Shell-Ebration Cake;£10.00;£10.00/each;Party Cakes;444;2.2;69.2;57.7;17.5;4.9;null;0.36;
3015109;Cadbury Flake Celebration Cake;£7.98;£7.98/each;Party Cakes;null;4.4;56.2;43.3;15.4;9.3;2.0;null;
4683825;ASDA Chosen by you Large Party Cake;£8.00;£8.00/each;Party Cakes;421;2.4;68.4;51.5;15.0;4.1;1.3;0.4;
4683817;ASDA Chosen by you Happy Birthday Cake Cubes;£9.00;£9.00/each;Party Cakes;434;5.3;59.2;49.7;19.1;12.1;2.2;0.6;
4689798;ASDA Chosen by you New York Cheeseburger and Fries cake;£10.00;£10.00/each;Party Cakes;407;2.4;74.1;59.7;11.0;2.3;1.1;0.3;
4427657;ASDA Lenny the Lion Giant Chocolate Cupcake;£10.00;£10.00/each;Party Cakes;464;3.4;52.2;42.8;26.4;8.6;2.2;0.2;
3847638;Thorntons Triple Layer Chocolate Birthday Cake;£10.00;£10.00/each;Party Cakes;null;null;null;null;null;null;null;null;
4683827;ASDA Chosen by you All American Ice Cream Sundae Cake;£12.00;£12.00/each;Party Cakes;416;3.0;58.6;42.7;18.5;6.1;1.6;0.4;
4440351;ASDA 3D Poppy The Pooch Cake;£10.00;£10.00/each;Party Cakes;447;2.4;63.7;62.8;20.1;4.5;0.9;0.4;
4690129;ASDA Chosen by you Chocolate Star Tray Bake;£10.00;£10.00/each;Party Cakes;440;3.9;55.7;38.3;22.0;8.2;1.7;0.4;
1844968;Nestle Funtastic Festive Traybake;£6.00;£6.00/each;Party Cakes;null;null;null;null;null;null;null;null;
4689790;ASDA Chosen by you White Chocolate Birthday cake;£7.00;£7.00/each;Party Cakes;467;3.0;61.6;48.7;22.8;8.2;1.7;0.4;
4690131;ASDA Chosen by you Vanilla Traybake;£10.00;£10.00/each;Party Cakes;399;3.2;61.2;40.5;15.3;7.2;1.9;0.4;
3784104;Haribo Starmix Celebration Cake;£6.00;£6.00/each;Party Cakes;433;4.8;55.4;40.8;20.7;6.9;2.8;0.23;
4683821;ASDA Chosen by you Chocolate Indulgence Birthday Cake;£12.00;£12.00/each;Party Cakes;414;4.6;49.5;33.8;21.5;6.6;2.2;0.4;
4600231;Nestle Smarties Chocolate Cake;£8.00;£8.00/each;Party Cakes;null;null;null;null;null;null;null;null;
4664240;Manchester United Celebration Cake;£7.00;£7.00/each;Party Cakes;392;2.5;67.4;52.3;12.3;2.5;null;0.4;
4696303;Disney Princess Tiara Birthday Cake;£10.00;£10.00/each;Party Cakes;397;2.2;69.1;49.8;12.3;2.7;null;0.43;
980228;ASDA Extra Special Hand Finished Carrot Cake;£1.50;£1.50/each;Party Cakes;406;3.4;52.8;37.9;19.7;4.6;2.1;0.5;
980230;ASDA Extra Special Hand Finished Chocolate Cake;£1.50;£1.50/each;Party Cakes;441;4.4;53.5;38.7;22.8;6.7;2.2;0.4;
4284750;ASDA Extra Special Hand Finished Lemon Cake;£1.50;£1.50/each;Party Cakes;413;3.7;53.7;35.6;20.0;4.8;1.5;0.4;
980234;ASDA Extra Special Hand Finished Coffee Cake;£1.50;£1.50/each;Party Cakes;431;3.5;56.2;38.8;20.9;6.4;1.9;0.5;
4796230;ASDA Extra Special Hand Finished Apple & Blackcurrant Cake;£1.50;£1.50/each;Party Cakes;385;3.2;55.0;35.2;16.7;3.9;1.0;0.5;
3379469;ASDA Extra Special Hand Finished Victoria Sponge;£1.50;£1.50/each;Party Cakes;423;4.0;54.6;34.3;20.7;9.6;1.2;0.5;
4690127;ASDA Extra Special Hand Finished Salted Caramel Cake;£1.50;£1.50/each;Party Cakes;438;4.0;60.4;33.3;19.8;5.3;1.2;0.5;
3543389;ASDA Extra Special Hand-Finished Strawberry & White Chocolate Cake;£1.50;£1.50/each;Party Cakes;412;4.0;56.6;23.8;18.6;4.8;1.4;0.4;
3379904;ASDA Extra Special Hand Finished Carrot Cake;£5.00;£5.00/each;Party Cakes;418;3.7;51.9;34.0;21.2;4.5;2.4;null;
4690125;ASDA Extra Special Hand Finished Red Velvet Cake;£5.00;£5.00/each;Party Cakes;448;3.5;56.9;40.7;22.6;6.2;1.6;0.4;
3379906;ASDA Extra Special Hand Finished Chocolate Fudge Cake;£5.00;£5.00/each;Party Cakes;451;4.7;53.2;36.8;23.9;7.4;2.2;0.5;
3858432;ASDA Birthday Boy Pick Candles;£1.75;£0.12/each;Giant Cupcakes;null;null;null;null;null;null;null;null;
3858430;ASDA Birthday Girl Pick Candles;£1.50;£0.10/each;Giant Cupcakes;null;null;null;null;null;null;null;null;
4689796;ASDA Chosen by you Candyland Ultimate Cupcake;£10.00;£10.00/each;Giant Cupcakes;455;2.9;57.2;45.6;23.6;6.9;1.1;0.4;
4689792;ASDA Chosen by you Mega Malty Chocolate Factory Ultimate Cupcake;£10.00;£10.00/each;Giant Cupcakes;407;4.8;53.6;35.9;18.7;5.8;2.4;0.3;
4689788;ASDA Chosen by you Giant Millionaire's Cupcake;£6.00;£6.00/each;Giant Cupcakes;null;4.4;54.5;40.0;16.8;4.7;2.4;0.4;
4263023;ASDA Giant Ice Cream Cupcake;£6.00;£6.00/each;Giant Cupcakes;null;3.1;59.5;39.2;18.6;4.6;1.7;0.4;
3379471;ASDA Chosen by you Giant Chocolate Cupcake;£6.00;£6.00/each;Giant Cupcakes;null;4.8;52.5;31.3;18.9;4.9;2.4;0.4;
4774810;Swizzels Squashies 12 Mini Cupcakes;£2.50;£0.20/each;Fairy Cakes and Cupcakes;454;3.3;59.0;48.7;23;5.3;0.6;0.3;
4774816;Swizzels Squashies 18 Cupcakes;£6.00;£0.33/each;Fairy Cakes and Cupcakes;461;3.0;58.2;47.9;2.4;5.6;0.6;0.3;
4295624;Peppa Pig Cupcakes;£1.00;£0.16/each;Fairy Cakes and Cupcakes;null;null;null;null;null;null;null;null;
4690696;ASDA Chosen by You Teatime Fairy Cakes;£2.00;£0.16/each;Fairy Cakes and Cupcakes;434;4.2;54.9;35.2;21.5;4.7;1.8;0.4;
2796626;ASDA Chosen by you Chocolate Fairy Cakes;£1.00;£0.8/each;Fairy Cakes and Cupcakes;397;6.3;44.8;25.3;20.7;2.0;3.2;0.4;
1368393;ASDA Chosen By You Iced Fairy Cakes;£1.00;£0.8/each;Fairy Cakes and Cupcakes;399;4.4;53.3;34.0;18.3;2.1;1.5;0.4;
4439675;ASDA Mini Fairycakes;£2.00;£0.16/each;Fairy Cakes and Cupcakes;468;4.6;55.9;38.0;24.7;6.3;1.6;0.4;
2796628;ASDA Chosen By You Plain Fairy Cakes;£1.00;£0.8/each;Fairy Cakes and Cupcakes;396;5.3;46.3;24.6;20.7;1.8;1.6;0.5;
5031280;Disney 6 Frozen Cupcakes;£1.00;£0.16/each;Fairy Cakes and Cupcakes;493;3.3;54.7;37.6;28.7;8.9;1.4;0.5;
4052441;ASDA Mini Gingerbread Men;£2.00;£0.6/each;Mini Bites;null;null;null;null;null;null;null;null;
4052389;ASDA Rocky Road Mini Bites;£2.00;£0.10/each;Mini Bites;null;null;null;null;null;null;null;null;
3210790;ASDA Chosen By You Caramel Shortcake Bites;£2.00;£0.9/each;Mini Bites;null;null;null;null;null;null;null;null;
4068931;ASDA Chosen By You Chocolate Cornflake Mini Bites;£2.00;£0.11/each;Mini Bites;460;6.7;69.2;34.7;16.8;10.1;2.8;0.5;
4222739;ASDA Chosen By You Cornflake Clusters;£1.00;£0.10/each;Mini Bites;null;6.4;69.5;35.1;17.6;10.6;3.3;0.1;
4222737;ASDA Chosen By You Mini Gingerbread Men;£1.00;£0.10/each;Mini Bites;null;null;null;null;null;null;null;null;
3216932;ASDA Chosen By You Shortbread Bites;£2.00;£0.7/each;Mini Bites;null;null;null;null;null;null;null;null;
3210794;ASDA Chosen by you Chocolate Brownie Mini Bites;£2.00;£0.7/each;Mini Bites;null;null;null;null;null;null;null;null;
4549373;Perkier Gluten Free Rocky Road 175g;£1.50;£0.85/100g;Mini Bites;null;4.1;55.2;39.5;null;null;null;null;
4549375;Perkier Gluten Free Tifin 175g;£1.50;£0.85/100g;Mini Bites;null;3.3;60.0;48.5;null;null;null;null;
3216934;ASDA Chosen By You Flapjack Bites;£2.00;£0.7/each;Mini Bites;null;null;null;null;null;null;null;null;
3376040;ASDA Chosen by You Caramel Krispies;£2.00;£0.10/each;Mini Bites;null;null;null;null;null;null;null;null;
4397610;McVities Milky Way Cake Bars;£2.00;£0.20/each;Cake Bars & Mini Rolls;null;5.3;57.6;44.4;23.9;12.2;0.8;null;
1137928;McVitie's Jaffa Cakes Cake Bars;£2.00;£0.20/each;Cake Bars & Mini Rolls;null;3.1;62.9;47.9;14.5;7.6;2.5;null;
2992728;McVities Jaffa Cakes Mini Rolls;£0.96;£0.16/each;Cake Bars & Mini Rolls;null;3.5;67.1;50.2;10.1;5.7;2.3;0.3;
4678568;Cadbury Chocolate Mini Rolls;£1.40;£0.28/each;Cake Bars & Mini Rolls;450;4.7;55.4;42.2;23.0;11.3;2.3;0.68;
4678572;Cadbury Strawberry Mini Rolls;£1.40;£0.28/each;Cake Bars & Mini Rolls;435;4.4;59.2;45.2;19.5;9.9;1.9;0.53;
367493;McVitie's Jaffa Cakes Cake Bars;£0.96;£0.19/each;Cake Bars & Mini Rolls;null;3.1;62.9;47.9;14.5;7.6;2.5;0.5;
1137922;Galaxy Cake Bars;£2.00;£2.00/each;Cake Bars & Mini Rolls;null;4.8;55.3;43.9;28.1;14.4;1.1;null;
2373486;Galaxy Caramel Cake Bars;£2.00;£0.20/each;Cake Bars & Mini Rolls;null;5.7;58.7;44.1;20.5;10.1;null;0.7;
2203830;ASDA Chosen by You Chocolate Mini Rolls;£0.98;£0.16/each;Cake Bars & Mini Rolls;450;4.7;61.7;47.0;20.0;12.4;2.0;0.4;
3543429;ASDA Chosen By You Chocolate Chip Cake Bars;£0.98;£0.19/each;Cake Bars & Mini Rolls;461;5.5;51.3;32.6;25.5;6.1;2.0;null;
4934977;Nesquik Milk Slice 26g;£1.00;£0.96/100g;Cake Bars & Mini Rolls;null;null;null;null;null;null;null;null;
4414803;Balconi Choco & Latte;£1.00;£0.10/each;Cake Bars & Mini Rolls;401;5.4;53.5;36.1;18.1;10.6;1.4;null;
4320467;Balconi Mix Max;£1.00;£0.10/each;Cake Bars & Mini Rolls;438;5.7;52.1;37.8;22.7;16.7;1.4;null;
4320469;Balconi Mix Milk;£1.00;£0.10/each;Cake Bars & Mini Rolls;435;5.8;52.9;39.4;21.9;16.6;1.4;null;
4414801;Balconi Snack al Latte Cakes;£1.00;£0.10/each;Cake Bars & Mini Rolls;396;5.1;52.6;34.1;18.2;10.0;0.6;null;
2098870;Mars Mini Rolls;£1.39;£0.23/each;Cake Bars & Mini Rolls;null;5.1;61.4;47.0;18.5;10.0;1.2;null;
4801934;Mars Chocolate Cake Bars;£1.39;£0.27/each;Cake Bars & Mini Rolls;457;5.3;58.0;45.0;22.9;11.4;null;0.6;
2910028;Cadbury Fudge Cake Bars;£1.45;£0.29/each;Cake Bars & Mini Rolls;430;4.2;63.4;49.0;17.4;11.6;2.3;0.43;
217115;Cadbury Caramel Cake Bars;£1.45;£0.29/each;Cake Bars & Mini Rolls;435;5.4;58.5;40.9;19.5;11.7;2.3;0.78;
3675284;Cadbury Milk Chocolate Cake Bars;£1.45;£0.29/each;Cake Bars & Mini Rolls;450;4.7;52.8;40.3;24.1;12.0;2.4;0.63;
3727131;Weight Watchers Chocolate Mini Rolls;£1.00;£0.20/each;Cake Bars & Mini Rolls;411;4.6;65.5;50.0;13.9;8.0;2.3;0.44;
4798840;ASDA Chosen by you Chocolate Cake Bars;£2.00;£0.13/each;Cake Bars & Mini Rolls;433;5.5;58.6;46.1;19.2;12.0;1.7;0.2;
4798844;ASDA Chosen by you Chocolate Mini Rolls;£2.00;£0.13/each;Cake Bars & Mini Rolls;450;4.7;61.7;47.0;20.0;12.4;2.0;0.4;
4798842;ASDA Chosen by you Jaffa Orange Cake Bars;£2.00;£0.13/each;Cake Bars & Mini Rolls;405;5.2;61.5;45.7;15.0;9.4;1.8;0.4;
4802555;ASDA Chosen by you Strawberry Mini Rolls;£2.00;£0.13/each;Cake Bars & Mini Rolls;441;5.5;56.7;43.4;20.5;10.3;3.6;0.3;
1534129;McVitie's HobNobs Milk Chocolate Biscuit Flapjacks;£0.96;£0.19/each;Cake Bars & Mini Rolls;null;6.3;62.1;34.2;17.4;8.7;5.0;0.5;
4678576;Cadbury Chocolate Mini Rolls;£1.50;£0.12/each;Cake Bars & Mini Rolls;450;4.7;55.4;42.2;23.0;11.3;2.3;0.68;
4689804;Cadbury Strawberry Mini Rolls;£1.50;£0.12/each;Cake Bars & Mini Rolls;435;4.4;59.2;45.2;19.5;9.9;1.9;0.53;
3553345;ASDA Gluten Free 5 Toffee Slices 180g;£2.00;£1.11/100g;Cake Bars & Mini Rolls;443;3.1;62.3;33.0;19.8;2.9;1.5;0.7;
2877121;ASDA Smartprice Raspberry Mini Rolls;£0.40;£0.6/each;Cake Bars & Mini Rolls;null;4.9;61.8;35.9;13.7;4.4;1.4;0.3;
2393656;ASDA Smartprice Chocolate Mini Rolls;£0.40;£0.6/each;Cake Bars & Mini Rolls;null;5.7;53.3;28.7;15.9;4.5;2.7;0.4;
1022728;Cadbury 6 Mini Eggs Chocolate Cakes;£1.89;£0.31/each;Cake Bars & Mini Rolls;450;4.5;55.2;43.2;22.9;12.6;2.3;0.52;
1022732;Cadbury Mini Eggs Chocolate Nest Cakes;£1.89;£0.37/each;Cake Bars & Mini Rolls;480;4.8;56.9;45.8;25.4;15.4;2.1;0.46;
4747335;McVities Twix Caramel Slices;£0.96;£0.16/each;Cake Slices;null;4.6;58.5;37.4;26.4;13.8;1.4;0.6;
4042797;ASDA Chosen by You Angel Slices;£0.98;£0.16/each;Cake Slices;388;3.3;65.5;42.4;12.4;1.9;0.5;0.5;
4042795;ASDA Chosen by You Bakewell Slices;£0.98;£0.16/each;Cake Slices;404;4.1;60.2;40.3;16.1;4.3;1.1;0.4;
1951005;ASDA Chosen by you Lemon Slices;£0.98;£0.16/each;Cake Slices;413;4.6;64.5;45.4;14.7;1.7;1.9;0.3;
2597020;ASDA Chosen By You Chocolate Slices;£0.98;£0.16/each;Cake Slices;393;5.9;57.3;33.2;15.0;4.1;2.8;0.5;
3546326;ASDA Chosen by You Carrot Cake Slices;£0.98;£0.16/each;Cake Slices;396;3.0;62.0;42.1;14.8;1.9;1.4;0.3;
4572389;McVities Hobnob Slices;£0.96;£0.16/each;Cake Slices;null;4.9;59.5;39.9;25.5;12.1;3.2;0.7;
3715594;Weight Watchers Lemon Curd Tarts;£1.30;£0.26/each;Cake Slices;326;4.3;63.4;42.1;5.5;2.1;2.5;0.4;
3715588;Weight Watchers Carrot Cake Slices;£1.30;£0.26/each;Cake Slices;323;3.5;63.2;43.3;5.6;3.5;2.8;0.3;
3868961;Weight Watchers Bakewell Slices;£1.30;£0.26/each;Cake Slices;335;3.9;69.1;44.4;4.3;1.8;1.7;0.3;
4183083;McVities Digestives Slices;£0.96;£0.16/each;Cake Slices;null;4.4;59.3;37.1;26.8;13.1;1.9;null;
4572387;McVities Digestive Caramel Slices;£0.96;£0.16/each;Cake Slices;null;4.2;58.0;38.4;25.8;14.0;1.6;0.7;
1598773;Mr Kipling Victoria Slices;£1.59;£0.26/each;Cake Slices;442;4.7;69.2;40.7;16.0;5.6;1.2;0.60;
484898;Mr Kipling Country Slices;£1.59;£0.26/each;Cake Slices;384;4.5;56.9;39.9;15.1;5.1;1.5;0.39;
4297739;Mr Kipling Lemon Layered Slices;£0.96;£0.16/each;Cake Slices;397;2.7;62.7;44.3;15.0;3.3;0.7;0.56;
4297737;Mr Kipling Chocolate Cake Slices;£0.96;£0.16/each;Cake Slices;413;3.2;57.4;39.6;18.6;6.3;1.5;0.57;
3675280;Mr Kipling Angel Slices;£0.96;£0.16/each;Cake Slices;409;2.9;58.3;39.1;18.1;6.1;0.6;0.57;
217019;Mr Kipling Bakewell Slices;£1.59;£0.26/each;Cake Slices;408;4.1;58.4;35.2;17.4;7.8;1.0;0.45;
217044;Mr Kipling Almond Slices;£1.59;£0.26/each;Cake Slices;412;6.0;54.2;32.1;18.6;5.7;1.8;0.25;
5031280;Disney 6 Frozen Cupcakes;£1.00;£0.16/each;Cupcakes and Muffins;493;3.3;54.7;37.6;28.7;8.9;1.4;0.5;
3495087;The Fabulous Bakin Boys Chocolate Chip Muffins;£0.96;£0.16/each;Cupcakes and Muffins;null;6.2;49.8;23.9;20.2;3.2;1.4;0.70;
3691388;The Fabulous Bakin Boys Choccy Cupcakes;£0.96;£0.12/each;Cupcakes and Muffins;null;3.8;54.5;34.7;25.9;11.5;0.6;0.40;
3495085;The Fabulous Bakin Boys Double Chocolate Muffins;£0.96;£0.16/each;Cupcakes and Muffins;null;6.1;48.0;23.9;20.1;3.2;1.4;0.70;
4284762;Smarties Cupcakes;£1.00;£0.16/each;Cupcakes and Muffins;null;null;null;null;null;null;null;null;
4297725;Brompton House Chocolate Chip Muffins;£1.00;£0.10/each;Cupcakes and Muffins;null;null;null;null;null;null;null;null;
4297727;Brompton House Double Chocolate Muffins;£1.00;£0.10/each;Cupcakes and Muffins;null;null;null;null;null;null;null;null;
3559313;ASDA Chosen by You Vanilla Cupcakes;£1.35;£0.67/each;Cupcakes and Muffins;null;null;null;null;null;null;null;null;
3369038;ASDA Chosen by You Lemon Daisy Cupcakes;£1.35;£0.67/each;Cupcakes and Muffins;null;null;null;null;null;null;null;null;
4283354;ASDA Triple Choc Cupcakes;£1.35;£0.67/each;Cupcakes and Muffins;null;null;null;null;null;null;null;null;
4288203;McVitie's Galaxy Chocolate Mini Muffins;£0.75;£0.75/each;Cupcakes and Muffins;null;5.2;50.7;33.7;25.5;7.9;null;0.62;
4302668;ASDA Gluten Free Chocolate Muffins cakes 75g;£2.00;£1.33/100g;Cupcakes and Muffins;null;4.3;51.2;32.8;19.5;4.6;2.5;0.7;
4806021;Scotts Gluten Free Raspberry Butterfly Cakes;£2.00;£0.33/each;Cupcakes and Muffins;435;3.2;56.4;31.8;22;6.5;0.2;1.2;
4595075;Udi's Gluten Free Soft & Delicious Chocolate Chip & Toffee Flavoured Muffins 140g;£1.50;£1.07/100g;Cupcakes and Muffins;null;null;null;null;null;null;null;null;
1534129;McVitie's HobNobs Milk Chocolate Biscuit Flapjacks;£0.96;£0.19/each;Flapjack;null;6.3;62.1;34.2;17.4;8.7;5.0;0.5;
4747337;Snickers Flapjacks;£1.39;£0.27/each;Flapjack;null;8.8;47.2;26.1;28.2;11.1;null;0.5;
4042892;The Fabulous Bakin Boys Chunky Buttery Flapjacks;£0.96;£0.19/each;Flapjack;null;5.7;58.8;30.7;22.0;6.9;4.9;0.50;
4747347;Brompton House Funny Choc Tart 300g;£2.00;£0.66/100g;Pies & Tarts;null;null;null;null;null;null;null;null;
4747343;Brompton House Muesli Tart 300g;£2.00;£0.66/100g;Pies & Tarts;null;null;null;null;null;null;null;null;
4747345;Brompton House Triple Chocolate Tart 300g;£2.00;£0.66/100g;Pies & Tarts;null;null;null;null;null;null;null;null;
2784857;ASDA Chosen By You Coconut Tarts;£0.98;£0.16/each;Pies & Tarts;453;4.0;51.6;23.0;24.7;9.6;4.2;0.3;
4440970;ASDA Lemon Curd Tarts;£0.98;£0.10/each;Pies & Tarts;427;4.3;65.1;38.4;16.0;8.2;2.5;null;
216233;Mr Kipling Apple & Blackcurrant Pies;£0.96;£0.16/each;Pies & Tarts;361;3.5;57.8;27.3;13.2;4.5;1.7;0.33;
216245;Mr Kipling Bramley Apple Pies;£0.96;£0.16/each;Pies & Tarts;349;3.4;53.5;24.7;13.1;4.5;1.5;0.30;
554732;Mr Kipling Cherry Bakewells;£0.96;£0.16/each;Pies & Tarts;423;3.7;63.1;38.3;17.1;7.1;1.1;0.35;
228405;Mr Kipling Fruity Pies Selection;£0.96;£0.16/each;Pies & Tarts;361;3.5;56.3;28.0;13.2;4.5;1.5;0.31;
3379463;Mr Kipling Bakewell Tart;£1.49;£1.49/each;Pies & Tarts;414;3.7;61.8;37.6;16.7;6.6;1.0;0.33;
1702467;Asda Chosen by You Bramley Apple & Blackcurrant Pies;£0.98;£0.16/each;Pies & Tarts;367;3.6;55.0;26.1;14.2;4.6;2.2;null;
216836;Asda Chosen by You Bramley Apple Pies;£0.98;£0.16/each;Pies & Tarts;371;3.6;56.1;26.2;14.2;4.8;2.2;null;
4440968;ASDA Chosen by You Strawberry Jam Tarts;£0.98;£0.10/each;Pies & Tarts;401;4.3;64.1;34.0;13.4;6.7;3.6;0.1;
3543335;ASDA Chosen by you Bramley Apple & Raspberry Pies;£0.98;£0.16/each;Pies & Tarts;370;4.6;59.9;29.2;12.2;3.8;1.1;0.2;
4440966;ASDA Assorted Jam Tarts;£0.98;£0.10/each;Pies & Tarts;403;4.1;65.7;34.5;13.1;6.5;2.8;0.1;
1785837;ASDA Chosen by you Cherry Bakewells;£0.98;£0.16/each;Pies & Tarts;411;3.7;65.7;36.7;14.6;5.9;1.2;null;
3553341;ASDA Gluten Free 6 Assorted Jam Tart Cakes 210g;£2.00;£0.95/100g;Pies & Tarts;409;1.4;66.1;26.4;15.0;7.0;1.8;0.3;
3553331;ASDA Gluten Free 4 Cherry Bakewells Cakes 190g;£2.00;£1.05/100g;Pies & Tarts;402;1.5;65.6;33.6;14.5;5.8;1.6;0.3;
4680852;ASDA Chosen by you Jazzie Raspberry Giant Doughnut Cake;£2.00;£2.00/each;Sharing Cakes;376;4.1;62.1;36.2;12.1;3.5;0.9;0.4;
4680856;ASDA Chosen by you Toffee Fudge Giant Doughnut Cake;£2.00;£2.00/each;Sharing Cakes;403;4.5;60.8;32.9;15.5;3.3;1.0;0.5;
4680854;ASDA Chosen by you Triple Chocolate Giant Doughnut Cake;£2.00;£2.00/each;Sharing Cakes;376;6.0;54.9;28.8;14.2;5.5;2.4;0.5;
5012833;McVities Raspberry & White Chocolate Loaf Cake;£1.00;£1.00/each;Sharing Cakes;null;5.7;53.7;26.8;17.9;5.0;1.2;0.71;
5012831;McVities Chocolate & Orange Loaf Cake;£1.00;£1.00/each;Sharing Cakes;null;6.2;51.1;27.5;18.7;5.3;2.2;0.71;
5012835;McVities Lemon & Meringue Loaf Cake;£1.00;£1.00/each;Sharing Cakes;null;5.9;59.1;28.2;18.8;4.9;0.9;0.77;
4714119;Simply Delicious Toffee Sponge Pudding Cake;£3.00;£3.00/each;Sharing Cakes;null;3.6;55.6;37.1;22.0;3.7;1.0;null;
980228;ASDA Extra Special Hand Finished Carrot Cake;£1.50;£1.50/each;Sharing Cakes;406;3.4;52.8;37.9;19.7;4.6;2.1;0.5;
980230;ASDA Extra Special Hand Finished Chocolate Cake;£1.50;£1.50/each;Sharing Cakes;441;4.4;53.5;38.7;22.8;6.7;2.2;0.4;
4284750;ASDA Extra Special Hand Finished Lemon Cake;£1.50;£1.50/each;Sharing Cakes;413;3.7;53.7;35.6;20.0;4.8;1.5;0.4;
980234;ASDA Extra Special Hand Finished Coffee Cake;£1.50;£1.50/each;Sharing Cakes;431;3.5;56.2;38.8;20.9;6.4;1.9;0.5;
4796230;ASDA Extra Special Hand Finished Apple & Blackcurrant Cake;£1.50;£1.50/each;Sharing Cakes;385;3.2;55.0;35.2;16.7;3.9;1.0;0.5;
3379469;ASDA Extra Special Hand Finished Victoria Sponge;£1.50;£1.50/each;Sharing Cakes;423;4.0;54.6;34.3;20.7;9.6;1.2;0.5;
4690127;ASDA Extra Special Hand Finished Salted Caramel Cake;£1.50;£1.50/each;Sharing Cakes;438;4.0;60.4;33.3;19.8;5.3;1.2;0.5;
3543389;ASDA Extra Special Hand-Finished Strawberry & White Chocolate Cake;£1.50;£1.50/each;Sharing Cakes;412;4.0;56.6;23.8;18.6;4.8;1.4;0.4;
3379904;ASDA Extra Special Hand Finished Carrot Cake;£5.00;£5.00/each;Sharing Cakes;418;3.7;51.9;34.0;21.2;4.5;2.4;null;
4690125;ASDA Extra Special Hand Finished Red Velvet Cake;£5.00;£5.00/each;Sharing Cakes;448;3.5;56.9;40.7;22.6;6.2;1.6;0.4;
3379906;ASDA Extra Special Hand Finished Chocolate Fudge Cake;£5.00;£5.00/each;Sharing Cakes;451;4.7;53.2;36.8;23.9;7.4;2.2;0.5;
1068463;ASDA Chosen by you Angel Cake;£0.98;£0.98/each;Sharing Cakes;null;5.0;57.8;34.6;14.8;4.8;1.1;0.5;
2628033;ASDA Chosen by you All Butter Madeira Cake;£0.98;£0.98/each;Sharing Cakes;null;4.9;57.7;31.0;14.7;9.6;0.6;0.7;
1068475;ASDA Chosen by you Walnut Cake;£0.98;£0.98/each;Sharing Cakes;null;5.8;56.3;33.6;15.7;5.3;1.5;0.5;
1844978;ASDA Chosen by you Jumbo Chocolate Swiss Roll;£0.98;£0.98/each;Sharing Cakes;409;3.9;55.0;36.1;18.9;6.8;1.5;null;
1844980;ASDA Chosen By You Jumbo Strawberry Swiss Roll;£0.98;£0.98/each;Sharing Cakes;373;3.4;62.1;36.0;12.1;4.0;0.8;0.6;
1068471;ASDA Chosen by You Iced Lemon Madeira Cake;£0.98;£0.98/each;Sharing Cakes;null;4.8;56.6;38.5;15.7;6.8;1.0;0.5;
367530;McVitie's Jamaica Ginger Cake;£1.30;£1.30/each;Sharing Cakes;null;3.7;63.4;37.8;10.5;3.2;1.6;null;
1223007;McVities Lyles Golden Syrup Cake;£1.30;£1.30/each;Sharing Cakes;null;3.4;60.3;38.9;11.1;3.4;1.5;null;
3655593;Mr Kipling Battenberg;£1.49;£1.49/each;Sharing Cakes;416;6.0;70.5;56.6;11.9;3.1;1.3;0.56;
216227;Mr Kipling Manor House Cake;£0.96;£0.96/each;Sharing Cakes;403;5.3;49.4;34.2;20.2;7.2;1.5;0.30;
3103156;Cadbury Triple Chocolate Roll;£1.49;£0.29/each;Sharing Cakes;405;4.6;59.7;43.9;15.7;9.6;2.3;0.50;
3217665;Cadbury Swiss gateau;£2.48;£2.48/each;Sharing Cakes;425;5.3;60.5;42.3;17.5;10.2;1.9;0.60;
1068469;ASDA Chosen by you Cherry Madeira Cake;£0.98;£0.98/each;Sharing Cakes;null;4.3;60.0;37.7;10.7;5.4;1.0;0.5;
1598735;ASDA Chosen by you Iced Madeira Cake;£0.98;£0.98/each;Sharing Cakes;null;4.1;60.8;30.2;14.9;9.1;1.3;0.3;
1165223;ASDA Chosen by you Iced Coffee Cake;£0.98;£0.98/each;Sharing Cakes;null;4.2;61.7;40.4;14.0;5.4;1.2;0.5;
1484517;ASDA Chosen By You Sultana & Cherry Cake;£1.60;£1.60/each;Sharing Cakes;null;4.5;59.4;37.1;9.5;4.6;3.5;null;
1844974;ASDA Chosen By You Lemon Sponge;£0.98;£0.98/each;Sharing Cakes;387;3.5;59.1;42.4;14.8;6.1;1.8;0.4;
1758224;ASDA Chosen By You Victoria Sponge;£0.98;£0.98/each;Sharing Cakes;348;4.2;62.5;39.9;8.5;3.2;2.1;0.5;
2559866;ASDA Chosen By You Genoa Cake;£1.70;£1.70/each;Sharing Cakes;null;4.4;59.5;37.4;9.0;4.4;4.5;null;
4359165;Simply Delicious Beverley Manor Hot Chocolate Fudge Pudding Cake;£3.00;£3.00/each;Sharing Cakes;null;5.9;49.8;30.9;17.1;2.8;2.9;null;
4757920;Country Cakes Lemon Fudge Cake 400g;£2.00;£0.50/100g;Sharing Cakes;null;null;null;null;null;null;null;null;
4757924;Country Cakes Carrot Fudge Cake 400g;£2.00;£0.50/100g;Sharing Cakes;null;null;null;null;null;null;null;null;
4757922;Country Cakes Milk Chocolate Fudge Cake 400g;£2.00;£0.50/100g;Sharing Cakes;423;8;9;7;6;8;3;51;
4747325;Country Cakes Toffee Fudge Cake 400g;£2.00;£0.50/100g;Sharing Cakes;null;null;null;null;null;null;null;null;
4201174;Thorntons Thorntons Chocolate Cake;£2.98;£2.98/each;Sharing Cakes;null;null;null;null;null;null;null;null;
4201176;Thorntons Thorntons Toffee Cake;£2.98;£2.98/each;Sharing Cakes;null;null;null;null;null;null;null;null;
3786925;ASDA Smartprice Madeira Cake;£0.78;£0.78/each;Sharing Cakes;null;5.6;47.4;24.4;21.0;1.9;2.3;null;
4796226;Swizzels Love Hearts Gift Cake (Surprise Message);£3.50;£3.50/each;Sharing Cakes;null;2.0;73.4;54.4;12.2;2.5;0.6;0.32;
3543349;ASDA Chosen by you Fruit Cake;£2.28;£2.28/each;Sharing Cakes;null;3.5;66.9;50.1;5.7;3.8;3.6;null;
1927164;ASDA Chosen by you Iced Fruit Bar;£1.98;£1.98/each;Sharing Cakes;null;4.0;70.1;53.1;6.3;2.9;3.6;null;
1604410;ASDA Smartprice Chocolate Swiss Roll;£0.25;£0.25/each;Sharing Cakes;402;4.8;58.5;38.4;16.3;5.6;1.0;0.3;
1604412;ASDA Smartprice Raspberry Swiss Roll;£0.25;£0.25/each;Sharing Cakes;null;null;null;null;null;null;null;null;
4833272;Say it with Cake Carrot Cake;£8.00;£8.00/each;Sharing Cakes;454;2.9;50.8;33.4;26.2;9.8;1.5;0.4;
4833270;Say it with Cake Chocolate Cake;£8.00;£8.00/each;Sharing Cakes;456;4.4;50.0;40.0;26.0;9.5;null;0.22;
882171;Mr Kipling Viennese Whirls;£1.49;£0.24/each;Small Cakes;514;3.8;56.2;27.9;30.2;12.3;1.3;0.59;
1785841;ASDA Chosen By You Viennese Whirls;£0.98;£0.16/each;Small Cakes;524;4.1;58.9;27.4;30.0;17.0;1.2;null;
1675760;Mr Kipling French Fancies;£1.89;£0.23/each;Small Cakes;379;2.7;69.6;57.5;9.8;4.4;0.6;0.5;
216853;Asda Chosen by you 8 Fondant Fancies;£0.99;£0.12/each;Small Cakes;381;2.9;70.8;55.4;9.4;3.8;0.6;null;
217149;Mr Kipling Mini Battenbergs;£1.49;£0.29/each;Small Cakes;410;4.2;74.2;62.1;10.4;4.2;1.2;0.41;
4183377;Mr Kipling Mississippi Mud Tarts;£0.96;£0.16/each;Small Cakes;397;3.6;59.3;35.0;15.8;5.5;1.6;0.33;
4295260;Thorntons Mini Caramel Shortcake Bites;£0.96;£0.10/each;Small Cakes;null;null;null;null;null;null;null;null;
4689731;Thorntons Triple Chocolate Cake Bites;£1.00;£0.11/each;Small Cakes;null;null;null;null;null;null;null;null;
4924936;Asda Chosen by you 15 Mini Jazzie Cake Bites;£2.00;£0.13/each;Small Cakes;451;4.7;59.0;49.0;21.0;10.4;3.7;0.5;
4924938;ASDA Chosen By You 15 Mini Caramel Cake Bites;£2.00;£0.13/each;Small Cakes;455;5.7;59.0;54.0;21.0;14.0;3.8;0.6;
4924934;Asda Chosen by you 15 Mini Mallow Cake Bites;£2.00;£0.13/each;Small Cakes;444;5.2;59.0;52.0;20.0;13.0;3.5;0.4;
4924940;ASDA Chosen By You 15 Jaffa Cake Bites;£2.00;£0.13/each;Small Cakes;424;5.2;64.0;49.7;15.5;10.0;3.8;0.5;
4294939;ASDA Chosen By You Coconut Macaroons 200g;£1.00;£0.50/100g;Small Cakes;null;4.5;64.0;53.0;19.0;18.0;4.0;0.1;
4301309;Lees' Jam Teacakes;£0.89;£0.6/each;Small Cakes;null;4.2;69.8;47.4;15.8;11.3;2.5;0.4;
4301307;Lees' Snowballs;£0.89;£0.6/each;Small Cakes;null;3.1;63.8;48.8;19.8;18.0;2.7;0.2;
4301311;Howell's Handmade Jammy Joey Bites;£1.30;£0.14/each;Small Cakes;null;4.1;51.4;null;21.0;null;null;null;
4301313;Howell's Handmade Snowy Joey Bites;£1.30;£0.14/each;Small Cakes;null;4.0;57.0;null;19.8;null;null;null;
4297719;Brompton House Chocolate Brownies;£1.00;£0.12/each;Small Cakes;null;null;null;null;null;null;null;null;
4928969;Brompton House Strawberry Filled Cakes;£1.00;£0.8/each;Small Cakes;null;null;null;null;null;null;null;null;
4928971;Brompton House Chocolate Filled Cakes;£1.00;£0.8/each;Small Cakes;null;null;null;null;null;null;null;null;
4297711;Brompton House Chocolate Macaroons;£1.00;£0.6/each;Small Cakes;null;null;null;null;null;null;null;null;
4297713;Brompton House Coconut Macaroons;£1.00;£0.6/each;Small Cakes;null;null;null;null;null;null;null;null;
1508486;Mrs Crimble's Choc Macaroons 250g;£1.00;£0.40/100g;Small Cakes;null;3.3;61.0;51.8;22.7;20.9;4.7;0.08;
4747329;Balconi Hazelnut Wafers Cubi 250g;£1.00;£0.40/100g;Small Cakes;null;null;null;null;null;null;null;null;
4747333;Balconi Cocoa Wafers Cubi 250g;£1.00;£0.40/100g;Small Cakes;null;null;null;null;null;null;null;null;
4747331;Balconi Cubi Vanilla Wafers 250g;£1.00;£0.40/100g;Small Cakes;null;null;null;null;null;null;null;null;
4305064;Cabico Almond Fingers;£1.00;£0.14/each;Small Cakes;null;null;null;null;null;null;null;null;
1022728;Cadbury 6 Mini Eggs Chocolate Cakes;£1.89;£0.31/each;Small Cakes;450;4.5;55.2;43.2;22.9;12.6;2.3;0.52;
1022732;Cadbury Mini Eggs Chocolate Nest Cakes;£1.89;£0.37/each;Small Cakes;480;4.8;56.9;45.8;25.4;15.4;2.1;0.46;
5012831;McVities Chocolate & Orange Loaf Cake;£1.00;£1.00/each;Small Cakes;null;6.2;51.1;27.5;18.7;5.3;2.2;0.71;
5012835;McVities Lemon & Meringue Loaf Cake;£1.00;£1.00/each;Small Cakes;null;5.9;59.1;28.2;18.8;4.9;0.9;0.77;
5012833;McVities Raspberry & White Chocolate Loaf Cake;£1.00;£1.00/each;Small Cakes;null;5.7;53.7;26.8;17.9;5.0;1.2;0.71;
4607487;Thorntons Brownies;£0.96;£0.10/each;Small Cakes;null;null;null;null;null;null;null;null;
2058959;ASDA Chosen by You 4 Chocolate Eclairs;£1.00;£0.25/each;Eclairs & Fresh Cream Doughnuts;400;6.1;28.5;21.4;28.8;16.5;1.3;0.2;
3573856;ASDA Chosen by You 2 Chocolate Éclairs;£2.25;£1.12/each;Eclairs & Fresh Cream Doughnuts;407;5.2;31.5;21.8;28.5;16.0;1.8;0.2;
2058957;ASDA Chosen by You 2 Chocolate Eclairs;£1.20;£0.60/each;Eclairs & Fresh Cream Doughnuts;393;6.2;23.4;14.7;30.2;16.5;1.3;0.2;
4113068;ASDA Chosen by You 12 Mini Chocolate Eclairs;£2.55;£0.21/each;Eclairs & Fresh Cream Doughnuts;435;9.1;29.5;14.3;30.7;15.7;1.9;0.3;
601612;ASDA Chosen by You 4 Cream Donut & Éclair Selection;£2.00;£0.50/each;Eclairs & Fresh Cream Doughnuts;259;4.0;34.0;14.6;11.6;4.3;1.3;0.4;
601537;ASDA Chosen by You Classic Cake Selection;£2.10;£0.52/each;Eclairs & Fresh Cream Doughnuts;277;2.5;40.6;27.6;11.3;6.2;1.2;0.4;
1652810;ASDA Chosen by You Donut Selection;£2.00;£0.50/each;Eclairs & Fresh Cream Doughnuts;259;4.0;34.0;14.6;11.6;4.3;1.3;0.4;
601620;ASDA Chosen by You 2 Chocolate Choux Bun;£1.20;£0.60/each;Eclairs & Fresh Cream Doughnuts;411;5.8;23.4;17.4;32.0;18.3;3.1;0.2;
1879146;ASDA Chosen by You 2 Profiterole Desserts 100g;£1.50;£0.75/100g;Eclairs & Fresh Cream Doughnuts;null;6.3;28.3;19.0;13.0;9.5;2.4;0.2;
1788856;ASDA Chosen by You 2 Cream Horns;£1.50;£0.75/each;Eclairs & Fresh Cream Doughnuts;422;4.2;38.5;19.2;27.7;16.6;1.1;0.5;
4795383;ASDA Chosen by You 2 Cherry & Cream Choux Rings 187g;£2.25;£1.20/100g;Eclairs & Fresh Cream Doughnuts;318;4.9;21.8;15.8;22.8;12.9;2.9;0.2;
4689830;ASDA Chosen by You British Cream Yum Yum;£2.00;£1.00/each;Eclairs & Fresh Cream Doughnuts;443;4.0;33.1;16.7;32.1;17.9;2.5;0.8;
1710029;ASDA Chosen by You Profiterole Dessert;£2.48;£2.48/each;Eclairs & Fresh Cream Doughnuts;409;6.3;21.5;12.7;32.8;18.5;1.2;0.3;
3573848;ASDA Chosen by You 2 Jam Donuts;£2.25;£1.12/each;Eclairs & Fresh Cream Doughnuts;287;3.6;35.1;18.4;14.4;6.8;1.3;0.4;
4795385;ASDA Chosen by You 2 Strawberry Victoria Sponges 236g;£2.25;£0.95/100g;Fresh Cream Sponges;333;4.5;38.7;23.2;17.2;8.0;2.7;0.3;
601617;ASDA Chosen by You Vanilla Cream Sponge;£1.35;£1.35/each;Fresh Cream Sponges;328;4.2;46.0;26.4;13.9;8.7;0.8;0.4;
1844465;ASDA Chosen by You Fresh Apple Cream Sponge Cake;£1.35;£1.35/each;Fresh Cream Sponges;307;4.1;40.4;22.4;14.0;8.5;1.4;0.4;
916318;ASDA Chosen by You Chocolate Sponge;£1.35;£1.35/each;Fresh Cream Sponges;327;5.6;39.7;22.1;15.7;9.6;2.2;0.5;
3574968;Asda Chosen by You 2 Bakewell Tarts;£0.85;£0.42/each;Fresh Cream Tarts;null;null;null;null;null;null;null;null;
3582920;ASDA Chosen by You Vanilla Cheesecake 400g;£2.00;£0.50/100g;Cheesecakes;null;4.3;36.8;22.3;22.0;11.1;2.1;0.2;
2791072;ASDA Chosen by You Strawberry Cheesecake 540g;£2.00;£0.37/100g;Cheesecakes;null;3.9;36.0;25.5;20.1;10.0;1.1;0.2;
2892623;ASDA Chosen by You Key Lime Cheesecake 500g;£2.00;£0.40/100g;Cheesecakes;null;3.7;35.6;24.7;19.1;9.5;0.8;0.2;
3849409;ASDA Chosen by You Orange Cheesecake 540g;£2.00;£0.37/100g;Cheesecakes;null;3.9;35.1;22.4;19.4;9.3;1.4;0.2;
3209984;ASDA Chosen by You Raspberry Cheesecake;£2.00;£2.00/each;Cheesecakes;null;4.0;35.3;25.6;20.0;10.1;1.3;0.2;
3849411;ASDA Chosen by You Lemon Cheesecake 500g;£2.00;£0.40/100g;Cheesecakes;null;4.0;35.8;25.2;19.9;9.7;2.2;0.2;
3582922;ASDA Chosen by You Vanilla Cheesecake 400g;£2.00;£0.50/100g;Cheesecakes;367;4.3;36.8;22.3;22.0;11.1;2.1;0.2;
4419221;ASDA 2 Chocolate Brownie Cheesecake Slices;£2.00;£1.00/each;Cheesecakes;null;5.9;40.0;28.5;21.3;11.6;1.3;0.3;
4795375;ASDA Extra Special New York Vanilla Cheesecakes;£2.50;£1.25/each;Cheesecakes;null;5.4;29.3;18.6;20.0;11.2;0.4;0.3;
4795377;ASDA Extra Special White Chocolate & Raspberry Cheesecakes;£2.25;£1.12/each;Cheesecakes;null;4.9;41.8;30.3;16.8;9.3;1.2;0.4;
4039468;ASDA Extra Special Raspberry & White Chocolate Cheesecake 483g;£4.50;£0.93/100g;Cheesecakes;357;4.3;44.3;29.9;17.9;10.0;0.9;null;
4039462;ASDA Extra Special New York Vanilla Cheesecake 482g;£4.50;£0.93/100g;Cheesecakes;332;4.8;30.9;18.5;20.7;11.6;1.3;0.5;
4423430;ASDA Extra Special Hand Decorated Millionaire's Cheesecake 508g;£4.00;£0.78/100g;Cheesecakes;404;4.6;44.7;29.0;22.6;12.7;1.7;0.3;
4039478;ASDA Extra Special Tarte Au Citron 477g;£3.50;£0.73/100g;Cheesecakes;327;4.4;45.6;29.4;13.9;7.9;1.0;0.2;
2215476;Gu 2 After Dark Chocolate & Vanilla Cheesecakes;£2.00;£1.11/100g;Cheesecakes;null;null;null;null;null;null;null;null;
1919347;Gu 2 After Dark Lemon Cheesecakes;£2.00;£1.11/100g;Cheesecakes;null;null;null;null;null;null;null;null;
3496888;ASDA Chosen by You Chocolate Cheesecake 530g;£2.00;£0.37/100g;Cheesecakes;359;5.0;34.7;23.1;21.7;12.6;2.3;null;
4419223;ASDA 2 Cookie Dough Cheesecake Slices;£2.00;£1.00/each;Cheesecakes;null;4.6;35.6;23.1;23.0;12.8;1.6;0.3;
4419225;ASDA 2 Banoffi Cheesecake Slices;£2.00;£1.00/each;Cheesecakes;null;null;null;null;null;null;null;null;
4419227;ASDA 2 Rocky Road Cheesecake Slices;£2.00;£1.00/each;Cheesecakes;null;5.6;34.0;25.8;19.6;10.4;1.6;0.2;
3904234;ASDA Strawberry Trifles 145g;£1.05;£0.36/100g;Trifles & Sharing Bowls;null;1.6;18.8;16.2;4.5;2.7;0.6;null;
3904236;ASDA Fruit Cocktail Trifles 145g;£1.05;£0.36/100g;Trifles & Sharing Bowls;null;2.1;20.3;13.2;8.6;5.1;0.4;null;
4586930;ASDA Raspberry Trifle 145g;£1.05;£0.36/100g;Trifles & Sharing Bowls;null;1.6;19.5;16.3;4.6;2.9;0.8;0.1;
1879144;ASDA Chosen by You 2 Tiramisu 100g;£1.30;£0.65/100g;Pannacotta, Crème Brulee & Tiramisu;null;4.8;33.1;24.7;10.3;8.7;2.2;0.3;
1060368;ASDA Chosen by You Tiramisu 500g;£2.00;£0.40/100g;Pannacotta, Crème Brulee & Tiramisu;null;4.4;33.8;25.4;10.2;7.6;1.5;0.3;
4490431;ASDA Chosen By You 2 Caramel Panna Cottas 240g;£1.50;£0.31/100g;Pannacotta, Crème Brulee & Tiramisu;null;2.0;32.6;22.0;14.2;10.5;2.8;0.1;
4039425;ASDA Chosen By You Classic Crème Brûlée 200g;£1.98;£0.99/100g;Pannacotta, Crème Brulee & Tiramisu;null;4.3;18.2;17.0;25.8;17.8;0.5;0.1;
4689834;ASDA Chosen by You Mandarin Jelly Terrine 480g;£2.00;£0.41/100g;Pannacotta, Crème Brulee & Tiramisu;null;1.2;37.2;28.4;0.3;0.1;0.5;null;
4689836;ASDA Chosen by You Raspberry Jelly Terrine 480g;£2.00;£0.41/100g;Pannacotta, Crème Brulee & Tiramisu;null;1.6;25.2;16.1;0.4;0.2;1.2;null;
4840183;Bonne Maman Baba Au Rhum;£2.25;£1.12/each;Pannacotta, Crème Brulee & Tiramisu;null;4;35;26;7;2;5;5;
4840181;Bonne Maman Cr??me Br??l??e;£2.25;£1.12/each;Pannacotta, Crème Brulee & Tiramisu;null;4;20;20;14;4;0;11;
4297721;Brompton House 10 Apple Puffs;£1.00;£0.10/each;Pastries & Fruit Pies;null;null;null;null;null;null;null;null;
4297723;Brompton House 10 Strawberry Puffs;£1.00;£0.10/each;Pastries & Fruit Pies;null;null;null;null;null;null;null;null;
4795371;ASDA Extra Special Millionaire's Melt in the Middle Puddings 220g;£2.50;£1.14/100g;Crumbles & Sponge Puddings;null;5.0;43.6;28.9;22.7;6.9;1.2;0.7;
4795373;ASDA Extra Special Belgian Chocolate and Hazelnut Fondant Puddings 220g;£2.50;£1.14/100g;Crumbles & Sponge Puddings;null;5.8;38.7;22.2;22.2;6.4;2.0;0.8;
1879320;ASDA Extra Special Sticky Toffee Pudding 400g;£3.00;£0.75/100g;Crumbles & Sponge Puddings;null;2.4;50.1;36.7;15.2;9.3;2.1;null;
4423420;ASDA Extra Special Dark Belgian Chocolate Pudding 400g;£3.50;£0.87/100g;Crumbles & Sponge Puddings;null;5.1;42.5;34.6;21.4;12.5;3.3;0.3;
4803198;ASDA Extra Special Seville Orange Bread & Butter Pudding 400g;£3.50;£0.87/100g;Crumbles & Sponge Puddings;null;4.2;30.6;21.3;16.0;8.7;0.6;0.3;
4423422;ASDA Extra Special Apple Crumble 500g;£3.50;£0.70/100g;Crumbles & Sponge Puddings;252;7.2;34.0;27.0;9.0;5.3;3.2;0.4;
3692274;ASDA Chosen by You Chocolate Sponge 400g;£2.00;£0.50/100g;Crumbles & Sponge Puddings;null;4.9;46.0;27.0;15.2;9.4;2.7;0.8;
3371975;ASDA Chosen by You Jam Sponge 400g;£2.00;£0.50/100g;Crumbles & Sponge Puddings;null;3.7;56.8;34.4;10.2;4.9;1.4;0.5;
3371971;ASDA Chosen by You Toffee Apple Pudding 400g;£2.00;£0.50/100g;Crumbles & Sponge Puddings;null;3.1;40.7;26.6;15.3;9.2;1.5;0.8;
4803192;ASDA Chosen by You Jammy Donut Pudding 450g;£2.50;£0.55/100g;Crumbles & Sponge Puddings;null;5.0;34.9;24.1;15.3;7.2;1.1;0.3;
4803190;ASDA Chosen by You Choc Cheesecake Brownie 400g;£2.50;£0.62/100g;Crumbles & Sponge Puddings;null;4.9;47.5;39.0;24.6;14.0;2.6;0.2;
4803188;ASDA Chosen by You Choca Mocha Sponge Pudding 400g;£2.50;£0.62/100g;Crumbles & Sponge Puddings;null;5.2;43.0;29.0;15.4;5.9;2.4;0.6;
4803186;ASDA Chosen by You Gingerbread Pudding 400g;£2.50;£0.62/100g;Crumbles & Sponge Puddings;null;4.6;46.7;31.0;20.6;8.7;1.4;0.7;
4490433;ASDA Chosen by You Limoncello Desserts 190g;£1.50;£0.39/100g;Crumbles & Sponge Puddings;null;3.6;37.5;23.8;9.0;6.7;1.2;0.2;
4803184;ASDA Chosen by You 2 Lemon Curd Sponge Pudding;£1.50;£0.75/each;Crumbles & Sponge Puddings;null;4.3;57.7;35.3;11.1;4.0;1.3;0.7;
1879136;ASDA Chosen by You 2 Sticky Toffee Puds;£1.50;£0.75/each;Crumbles & Sponge Puddings;null;2.8;58.1;45.3;12.1;7.4;1.8;0.5;
4047319;ASDA Chosen by You 2 Melt in the Middle Puds;£1.50;£0.75/each;Crumbles & Sponge Puddings;null;3.6;40.6;24.7;22.4;10.2;0.9;null;
1879112;ASDA Chosen by You 2 Syrup Sponge Puds;£1.49;£0.74/each;Crumbles & Sponge Puddings;null;3.5;62.6;47.1;7.8;4.5;0.6;0.9;
1879128;ASDA Chosen by You 2 Bramley Apple Crumbles;£1.50;£0.75/each;Crumbles & Sponge Puddings;null;2.4;35.6;20.3;8.2;4.5;2.3;0.3;
3490837;ASDA Chosen by You 2 Jam Sponge Puds;£1.50;£0.75/each;Crumbles & Sponge Puddings;null;3.3;57.0;37.5;8.5;4.8;2.1;0.6;
1879134;ASDA Chosen by You 2 Chocolate Sponge Puds;£1.50;£0.75/each;Crumbles & Sponge Puddings;null;5.2;38.8;26.4;15.3;9.1;2.7;0.5;
3371981;ASDA Chosen by You Jam Sponge 400g;£2.00;£0.50/100g;Crumbles & Sponge Puddings;424;4.7;53.8;34.3;20.8;12.3;1.6;0.6;
4040991;ASDA Chosen by You Syrup Sponge Pudding 400g;£2.00;£0.50/100g;Crumbles & Sponge Puddings;null;3.6;62.5;46.7;7.9;4.5;0.6;0.9;
2127319;ASDA 2 Rhubarb Crumbles;£1.49;£0.74/each;Crumbles & Sponge Puddings;null;2.8;40.2;25.4;8.4;4.6;2.4;0.1;
4423416;ASDA 2 Spotted Dicks;£1.80;£0.90/each;Crumbles & Sponge Puddings;308;3.7;53.5;33.1;8.2;3.4;2.9;0.6;
4795586;ASDA Chosen by You 2 Pineapple Upside-Down Puddings 210g;£1.50;£0.71/100g;Crumbles & Sponge Puddings;null;3.6;52.6;40.9;8.5;4.7;0.5;0.5;
4795588;ASDA Chosen by You 2 Blackcurrant Sponge Puddings 210g;£1.50;£0.71/100g;Crumbles & Sponge Puddings;null;4.0;43.4;31.1;8.9;5.1;1.0;0.3;
3573386;ASDA Chosen by You Chocolate Sponge 400g;£2.00;£0.50/100g;Crumbles & Sponge Puddings;346;4.9;46.0;27.0;15.2;9.4;2.7;0.8;
4423412;ASDA Chosen by You Raspberry and Coconut Sponge Pudding 400g;£2.25;£0.56/100g;Crumbles & Sponge Puddings;351;4.4;54.0;35.8;12.4;7.3;2.8;0.6;
4737014;ASDA Chosen by You Raspberry Ripple Sponge Pudding 400g;£2.50;£0.62/100g;Crumbles & Sponge Puddings;null;4.4;44.9;29.8;14.6;7.8;0.9;0.3;
4737012;ASDA Chosen by You Lemon Sherbet Sponge Pudding 400g;£2.50;£0.62/100g;Crumbles & Sponge Puddings;null;3.9;55.7;37.9;12.1;7.1;1.1;0.6;
4737016;ASDA Chosen by You 2 Lemon & Blueberry Puddings 90g;£1.50;£0.83/100g;Crumbles & Sponge Puddings;null;4.2;51.4;34.0;9.9;2.9;1.4;0.5;
2043623;ASDA Chosen by You Bramley Apple Crumble 600g;£2.00;£0.33/100g;Crumbles & Sponge Puddings;null;2.5;35.4;21.3;7.5;4.1;2.0;0.2;
1879122;ASDA Chosen by You Rhubarb Crumble 600g;£2.00;£0.33/100g;Crumbles & Sponge Puddings;null;2.6;37.1;22.5;8.2;4.4;2.5;0.1;
4310224;Gu 2 After Dark Chocolate Melting Middles;£2.00;£1.00/each;Crumbles & Sponge Puddings;null;null;null;null;null;null;null;null;
2706563;Weight Watchers 2 Chocolate Pudding 100g;£1.50;£0.75/100g;Crumbles & Sponge Puddings;180;4.3;33.5;22.3;2.9;1.7;1.3;0.5;
165426;ASDA Fresh Milk Whole;£0.89;£0.39/lt;Whole Milk;null;3.4;4.7;4.7;3.6;2.3;null;0.1;
4931833;Cravendale Whole Milk;£0.60;£1.20/lt;Whole Milk;null;3.4;4.7;4.7;3.6;2.3;null;0.1;
538239;ASDA Fresh Milk Whole;£0.79;£0.69/lt;Whole Milk;null;3.4;4.7;4.7;3.6;2.3;null;0.1;
166460;ASDA Fresh Milk Whole;£1.30;£0.38/lt;Whole Milk;null;3.4;4.7;4.7;3.6;2.3;null;0.1;
165424;ASDA Fresh Milk Whole;£0.49;£0.86/lt;Whole Milk;null;3.4;4.7;4.7;3.6;2.3;null;0.1;
3598883;ASDA Fresher for Longer Filtered Milk Whole;£1.25;£0.62/lt;Whole Milk;null;3.4;4.7;4.7;3.6;2.3;null;0.1;
1824217;Bowland Local Fresh Milk Whole;£0.89;£0.39/lt;Whole Milk;null;3.3;4.7;null;3.5;null;null;null;
1824221;Bowland Local Fresh Milk Whole;£0.75;£0.66/lt;Whole Milk;null;3.3;4.7;null;3.5;null;null;null;
489743;Cravendale Filtered Fresh Milk Whole;£1.37;£0.68/lt;Whole Milk;null;3.4;4.7;4.7;3.6;2.3;null;0.1;
2041529;Cravendale Filtered Fresh Milk Whole;£0.97;£0.97/lt;Whole Milk;null;3.4;4.7;4.7;3.6;2.3;null;0.1;
3359594;Graham's Fresh Milk Jersey Gold;£1.00;£1.00/lt;Whole Milk;null;3.7;4.7;4.7;5;3.4;null;0.2;
165468;ASDA Fresh Milk Semi Skimmed;£0.89;£0.39/lt;Semi Skimmed Milk;null;3.6;4.8;4.8;1.8;1.1;null;0.1;
166556;ASDA Fresh Milk Semi Skimmed;£1.30;£0.38/lt;Semi Skimmed Milk;null;3.6;4.8;4.8;1.8;1.1;null;0.1;
538241;ASDA Fresh Milk Semi Skimmed;£0.79;£0.69/lt;Semi Skimmed Milk;null;3.6;4.8;4.8;1.8;1.1;null;0.1;
165999;ASDA Fresh Milk Semi Skimmed;£0.49;£0.86/lt;Semi Skimmed Milk;null;3.6;4.8;4.8;1.8;1.1;null;0.1;
4931835;Cravendale Semi-Skimmed Milk;£0.60;£1.20/lt;Semi Skimmed Milk;null;3.6;4.8;4.8;1.7;1.0;null;0.1;
3598885;ASDA Fresher for Longer Filtered Milk Semi Skimmed;£1.25;£0.62/lt;Semi Skimmed Milk;null;3.6;4.8;4.8;1.8;1.1;null;0.1;
1824215;Bowland Local Fresh Milk Semi Skimmed;£0.89;£0.39/lt;Semi Skimmed Milk;null;3.4;5.0;null;1.6;null;null;null;
1824219;Bowland Local Fresh Milk Semi Skimmed;£0.75;£0.66/lt;Semi Skimmed Milk;null;3.4;5.0;null;1.6;null;null;null;
489747;Cravendale Filtered Fresh Milk Semi Skimmed;£1.37;£0.68/lt;Semi Skimmed Milk;null;3.6;4.8;4.8;1.7;1.0;null;0.1;
2041527;Cravendale Filtered Fresh Milk Semi Skimmed;£0.97;£0.97/lt;Semi Skimmed Milk;null;3.6;4.8;4.8;1.7;1.0;null;0.1;
3493480;Moo Organic Semi Skimmed Milk 1l;£1.00;£1.00/lt;Semi Skimmed Milk;null;3.5;4.6;4.6;1.6;1;null;0.11;
3894487;ASDA Fresh Milk 1% Fat;£0.89;£0.39/lt;Skimmed and 1 Percent Milk;null;3.1;4.6;4.6;1;0.7;null;0.3;
165568;ASDA Fresh Milk Skimmed;£0.89;£0.39/lt;Skimmed and 1 Percent Milk;null;3.6;4.9;4.9;0.1;0.1;null;0.1;
538240;ASDA Fresh Milk Skimmed;£0.79;£0.79/lt;Skimmed and 1 Percent Milk;null;3.6;4.9;4.9;0.1;0.1;null;0.1;
166000;ASDA Fresh Milk Skimmed;£0.49;£0.86/lt;Skimmed and 1 Percent Milk;null;3.6;4.9;4.9;0.1;0.1;null;0.1;
970909;Cravendale Filtered Fresh Milk Skimmed;£1.37;£0.68/lt;Skimmed and 1 Percent Milk;null;3.6;4.9;4.9;0.3;0.1;null;0.1;
2710809;Cravendale Filtered Fresh Milk Skimmed;£0.97;£0.97/lt;Skimmed and 1 Percent Milk;null;3.6;4.9;4.9;0.3;0.1;null;0.1;
4741840;Flora Pro-Activ Skimmed Cows Milk 1l;£1.39;£1.39/lt;Skimmed and 1 Percent Milk;35;3.15;4.8;4.8;0.3;0;null;0.13;
1790470;ASDA Fresh Milk Skimmed;£1.10;£0.96/lt;Organic Milk;null;3.6;4.9;4.9;0.1;null;null;0.1;
1790472;ASDA Organic Semi Skimmed Fresh Milk;£1.84;£0.81/lt;Organic Milk;null;3.6;4.8;4.8;1.8;1.1;null;0.1;
1790466;ASDA Organic Fresh Milk Semi Skimmed;£1.10;£0.96/lt;Organic Milk;null;3.6;4.8;4.8;1.8;1.1;null;0.1;
2039109;ASDA Organic Fresh Milk Semi Skimmed;£0.58;£1.02/lt;Organic Milk;null;3.6;4.8;4.8;1.8;1.1;null;0.1;
1790474;ASDA Organic Fresh Milk Whole;£1.84;£0.81/lt;Organic Milk;null;3.4;4.7;4.7;4.0;2.6;null;0.1;
1790468;ASDA Organic Fresh Milk Whole;£1.10;£0.96/lt;Organic Milk;null;3.4;4.7;4.7;4.0;2.6;null;0.1;
2039107;ASDA Organic Fresh Milk Whole;£0.58;£1.02/lt;Organic Milk;null;3.4;4.7;4.7;4.0;2.6;null;0.1;
1980054;Yeo Valley Fresh Organic Milk Semi Skimmed 1l;£1.00;£1.00/lt;Organic Milk;null;3.6;4.8;4.8;1.8;1.1;null;0.10;
2604949;Yeo Valley Fresh Organic Milk Semi Skimmed 2l;£1.88;£0.94/lt;Organic Milk;null;3.6;4.8;4.8;1.8;1.1;null;0.10;
2527037;Yeo Valley Fresh Organic Milk Whole;£1.88;£0.94/lt;Organic Milk;null;3.4;4.7;4.7;4.0;2.6;null;0.10;
4454395;Yeo Valley Organic Skimmed Milk 1l;£1.00;£1.00/lt;Organic Milk;null;3.6;4.9;4.9;0.3;0.1;null;0.10;
3493480;Moo Organic Semi Skimmed Milk 1l;£1.00;£1.00/lt;Organic Milk;null;3.5;4.6;4.6;1.6;1;null;0.11;
881644;ASDA UHT Milk Whole 1l;£0.90;£0.90/lt;Whole;65;3.4;4.7;4.7;3.6;2.3;null;null;
480370;ASDA UHT Milk Whole;£0.54;£1.08/lt;Whole;65;3.4;4.7;4.7;3.6;2.3;null;null;
1838834;Drinks Brokers UHT Sterilised Milk Whole;£0.95;£0.95/lt;Whole;null;null;4.7;4.7;3.6;2.1;0;null;
881641;ASDA UHT Milk Semi Skimmed 1l;£0.90;£0.90/lt;Semi Skimmed;50;3.6;4.8;4.8;1.8;1.1;null;null;
480371;ASDA UHT Milk Semi Skimmed, Long Life;£0.54;£1.08/lt;Semi Skimmed;50;3.6;4.8;4.8;1.8;1.1;null;null;
4869058;Delamere UHT Semi-Skimmed Goats Milk;£1.25;£2.50/lt;Semi Skimmed;null;3.1;4.4;4.4;1.5;1;null;0.1;
1838836;Drinks Brokers UHT Sterilised Milk Semi Skimmed;£0.95;£0.95/lt;Semi Skimmed;null;null;4.7;4.7;1.6;0.9;0;null;
2573850;Laciate UHT 2% Milk 1l;£0.89;£0.89/lt;Semi Skimmed;null;null;null;null;null;null;null;null;
881625;ASDA UHT Milk Skimmed 1l;£0.90;£0.90/lt;Skimmed;35;3.6;4.9;4.9;0.1;0.1;null;null;
480372;ASDA UHT Milk Skimmed;£0.54;£1.08/lt;Skimmed;35;3.6;4.9;4.9;0.1;0.1;null;null;
531281;ASDA Smartprice UHT Milk Skimmed 1l;£0.49;£0.49/lt;Skimmed;null;3.6;4.9;4.9;0.3;0.1;null;0.1;
1838838;Drinks Brokers UHT Sterilised Milk Skimmed;£0.95;£0.95/lt;Skimmed;null;null;4.7;4.7;0;0;0;null;
3516819;ASDA UHT Milk Semi Skimmed;£3.00;£0.50/lt;Multipack Long Life Milk;50;3.6;4.8;4.8;1.8;1.1;null;null;
3516821;ASDA UHT Skimmed Milk;£3.00;£0.50/lt;Multipack Long Life Milk;35;3.6;3.6;4.9;0.1;0.1;null;null;
1581270;ASDA Fresh Soya Milk Sweetened 1l;£1.10;£1.10/lt;Soya Milk;41;3.3;3.0;2.5;1.7;0.3;0.1;null;
460392;ASDA Longlife Soya Milk Sweetened 1l;£0.74;£0.7/100ml;Soya Milk;41;3.3;2.4;2.4;1.9;0.3;0.3;null;
3694409;ASDA Soya Milk Unsweetened 1l;£1.10;£1.10/lt;Soya Milk;24;2.0;1.4;0.2;1.2;0.2;null;null;
2164333;ASDA Longlife Soya Milk Organic Sweetened 1l;£1.00;£0.10/100ml;Soya Milk;41;3.3;2.4;2.4;1.9;0.3;0.3;null;
460381;ASDA Longlife Soya Milk Unsweetened 1l;£1.00;£0.10/100ml;Soya Milk;32;3.3;0.2;0.2;1.9;0.3;0.3;null;
4089162;Alpro Chilled Wholebean Unsweetened Milk Alternative;£1.39;£1.39/lt;Soya Milk;null;null;null;null;null;null;null;null;
1837806;Alpro Soya Milk Light Chilled;£1.40;£1.40/lt;Soya Milk;null;null;null;null;null;null;null;null;
980800;Alpro Soya Milk Original Chilled 1l;£1.40;£1.40/lt;Soya Milk;null;null;null;null;null;null;null;null;
1749075;Alpro Soya Light Alternative to Milk 1l;£1.29;£0.12/100ml;Soya Milk;null;null;null;null;null;null;null;null;
1934640;Alpro Soya Milk Original UHT 1l;£1.29;£0.12/100ml;Soya Milk;null;null;null;null;null;null;null;null;
1025650;Alpro Soya Milk Unsweetened UHT 1l;£1.29;£0.12/100ml;Soya Milk;null;null;null;null;null;null;null;null;
3855217;Alpro Soya Milk Junior 1+ 1l;£1.39;£0.13/100ml;Soya Milk;null;null;null;null;null;null;null;null;
2164335;ASDA Longlife Soya Milk Unsweetened 1l;£0.59;£0.5/100ml;Soya Milk;34;3.3;0.2;0.2;1.9;0.3;0.3;null;
1841793;Lactofree Fresh Milk Semi Skimmed;£1.00;£1.00/lt;Lactose Free Milk;null;3.6;3.0;3.0;1.5;0.9;null;0.1;
4273099;Lactofree Fresh Milk Skimmed;£1.00;£1.00/lt;Lactose Free Milk;null;3.8;3.6;2.6;0.4;0.3;null;0.1;
2699540;Lactofree Fresh Milk Whole;£1.00;£1.00/lt;Lactose Free Milk;null;3.4;2.8;2.8;3.5;2.2;null;0.1;
169739;Lactofree UHT Milk Semi Skimmed 1l;£1.33;£1.33/lt;Lactose Free Milk;null;3.6;3.0;3.0;1.5;0.9;null;0.1;
2410729;Oatly Healthy Oat Drink;£1.39;£1.39/lt;Oat Milk;null;null;null;null;null;null;null;null;
4182390;Privitamil Oat Drink 1l;£1.25;£0.12/100ml;Oat Milk;null;0.4;8.7;8.7;1.2;0.1;0.1;null;
3855219;Alpro Almond Original;£1.00;£1.00/lt;Almond & Hazelnut Milk;null;null;null;null;null;null;null;null;
3893760;Alpro Almond Milk Chilled 1l;£1.69;£1.69/lt;Almond & Hazelnut Milk;null;null;null;null;null;null;null;null;
4450119;Blue Diamond Almond Breeze Original 1l;£1.48;£1.48/lt;Almond & Hazelnut Milk;null;0.5;2.9;2.8;1.1;0.1;0.3;null;
4126067;Almond Breeze Almond Milk Unsweetened 1l;£1.48;£0.14/100ml;Almond & Hazelnut Milk;null;0.5;0.2;0.1;1.2;0.1;0.3;null;
4089166;Alpro Unsweetened Almond Milk 1l;£1.00;£0.10/100ml;Almond & Hazelnut Milk;null;null;null;90;70;20;null;null;
4184624;Blue Diamond Almond Milk Unsweetened 1l;£1.48;£1.48/lt;Almond & Hazelnut Milk;null;0.5;0.4;0.1;1.2;0.1;0.3;null;
4089164;Alpro Chilled Hazelnut Milk;£1.69;£1.69/lt;Almond & Hazelnut Milk;null;null;null;null;null;null;null;null;
3855221;Alpro Hazelnut Drink UHT;£1.59;£1.59/lt;Almond & Hazelnut Milk;null;null;null;90;70;20;null;6;
4231859;Alpro Alpro Rice Milk UHT 1l;£1.29;£0.12/100ml;Rice Milk;null;null;null;null;null;null;null;null;
3032436;Rice Dream Longlife Rice Drink Organic 1l;£1.38;£0.13/100ml;Rice Milk;null;null;null;null;null;null;null;null;
1352758;Rice Dream Longlife Rice Drink Original 1l;£1.38;£1.38/lt;Rice Milk;null;null;null;null;null;null;null;null;
1964837;Rice Dream Longlife Rice Drink Vanilla 1l;£1.38;£0.13/100ml;Rice Milk;null;null;null;null;null;null;null;null;
1398940;Delamere Fresh Goats Milk Semi Skimmed;£1.55;£1.55/lt;Goats Milk;null;3.1;4.4;4.4;1.7;1.2;null;0.1;
2691957;Delamere Fresh Goats Milk Skimmed;£1.55;£1.55/lt;Goats Milk;null;3.1;4.4;4.4;0.1;0.06;null;0.1;
451065;Delamere Fresh Goats Milk Whole;£1.55;£1.55/lt;Goats Milk;null;3.1;4.4;4.4;3.5;2.5;null;0.1;
4684506;Alpro Coconut Original 1l;£1.69;£0.16/100ml;Coconut Milk;null;null;null;null;null;null;null;null;
4650154;Coconut Dream Original + Calcium 1l;£1.68;£1.68/lt;Coconut Milk;null;null;null;null;null;null;null;null;
4273022;Koko Dairy Free Original+Calcium Alternative to Milk 1l;£1.39;£1.39/lt;Coconut Milk;null;0.2;1.9;1.6;2.0;null;0.1;0.1;
4273020;Koko Dairy Free Free Chocolate+Calcium Alternative to Milk 1l;£1.49;£1.49/lt;Coconut Milk;null;0.5;9.1;7.4;1.9;null;0.4;0.1;
4450127;For Goodness Shakes PROCOVERY Sports Recovery Milk Choc 500g;£1.70;£0.34/100g;Single Pack Flavoured Milk;null;3.5;10.5;10.1;1.1;0.0;0.4;null;
4450129;For Goodness Shakes PROCOVERY Sports Recovery Superberry 500g;£1.70;£0.34/100g;Single Pack Flavoured Milk;null;3.3;9.9;9.9;0.3;0.0;0.0;null;
3667461;ASDA British Blueberry Muffin Flavour Milk Drink;£0.60;£1.82/lt;Single Pack Flavoured Milk;null;3.9;11.1;9.8;1.3;0.9;null;null;
1525658;ASDA Chocolate;£0.60;£1.82/lt;Single Pack Flavoured Milk;null;4.0;11.6;10.2;1.8;1.2;null;0.1;
1525655;ASDA Flavoured Milk Banana;£0.60;£1.82/lt;Single Pack Flavoured Milk;null;3.6;10.6;8.9;1.7;1.1;0.2;0.1;
1525662;ASDA Strawberry;£0.60;£1.82/lt;Single Pack Flavoured Milk;null;3.7;10.7;9.9;1.4;1.0;null;0.1;
2878499;ASDA Vanilla Milk Drink;£0.60;£0.18/100ml;Single Pack Flavoured Milk;null;3.7;10.5;9.8;1.2;1.0;null;0.2;
169742;Breaktime Longlife Banana Milk Drink 500g;£0.68;£1.36/kg;Single Pack Flavoured Milk;null;3.6;9.7;9.7;0.1;0.1;null;0.12;
169740;Breaktime Longlife Chocolate Milk Drink 500g;£0.68;£1.36/kg;Single Pack Flavoured Milk;null;3.8;10.4;10.2;0.2;0.1;null;0.12;
169741;Breaktime Longlife Strawberry Milk Drink 500g;£0.68;£1.36/kg;Single Pack Flavoured Milk;null;3.6;9.7;9.7;0.1;0.1;null;0.12;
4681821;Cocio Classic Chocolate Milk;£1.00;£0.37/100ml;Single Pack Flavoured Milk;null;3.4;10;10;2.0;1.3;null;0.10;
4681823;Cocio One Chocolate Milk;£1.00;£0.37/100ml;Single Pack Flavoured Milk;null;3.7;5.8;5.7;1.0;0.7;null;0.11;
4692367;FRijj Coffee Caramel Latte;£0.79;£0.35/100ml;Single Pack Flavoured Milk;null;3.7;10.8;10.6;1;0.6;null;0.2;
4692369;FRijj Coffee Latte;£0.79;£0.35/100ml;Single Pack Flavoured Milk;null;3.7;10.5;10.2;1;0.6;null;0.2;
4692371;FRijj Coffee Mocha;£0.79;£0.35/100ml;Single Pack Flavoured Milk;null;3.8;11.1;10.6;1;0.6;null;0.2;
4698550;FRijj Supreme Banoffee Pie Milkshake;£1.30;£0.34/100ml;Single Pack Flavoured Milk;null;3.8;12.8;12.5;2.1;1.3;null;0.2;
4698546;FRijj Supreme Honeycomb Choc Swirl Milkshake;£1.30;£0.34/100ml;Single Pack Flavoured Milk;null;3.9;12.1;11.8;2.6;1.6;null;0.2;
4698548;FRijj Supreme Sticky Toffee Pudding Milkshake;£1.30;£0.34/100ml;Single Pack Flavoured Milk;null;3.8;12.8;12.5;2.1;1.3;null;0.2;
4698544;FRijj Supreme White Choc Raspberry Swirl Milkshake;£1.30;£0.34/100ml;Single Pack Flavoured Milk;null;3.7;11;10.9;1.3;0.8;null;0.2;
4100008;FRijj Thick & Smooth Banana Milkshake;£1.30;£2.76/lt;Single Pack Flavoured Milk;null;3.7;9.9;9.8;1;0.6;null;0.2;
4100006;FRijj Thick & Smooth Chocolate Milkshake;£1.30;£2.76/lt;Single Pack Flavoured Milk;null;4;11;10.8;1.3;0.8;null;0.2;
4100010;FRijj Thick & Smooth Strawberry Milkshake;£1.30;£2.76/lt;Single Pack Flavoured Milk;null;3.7;9.9;9.8;1;0.6;null;0.2;
4450147;Frijj Thick & Smooth Cookie Dough Milkshake;£1.30;£2.76/lt;Single Pack Flavoured Milk;null;3.7;10.8;10.6;1.2;0.8;null;0.2;
4100012;Frijj Thick & Smooth Fudge Brownie Milkshake;£1.30;£2.76/lt;Single Pack Flavoured Milk;null;3.7;13.1;12.9;1.2;0.7;null;0.2;
4450171;Galaxy Caramel;£1.00;£3.33/lt;Single Pack Flavoured Milk;null;2.3;12.8;10.7;1.1;0.6;null;0.17;
3855231;Galaxy Chocolate Milk Smooth;£1.30;£3.71/lt;Single Pack Flavoured Milk;null;3.4;11.8;11.6;0.7;0.5;null;0.18;
4450175;Galaxy Iced Coffee Double Shot Mocha Latte;£1.50;£6.52/lt;Single Pack Flavoured Milk;null;3.5;11.3;11.2;2.2;1.5;null;0.39;
4273101;Gulp Banana Milk Drink;£0.65;£0.13/100g;Single Pack Flavoured Milk;null;null;null;null;null;null;null;null;
4273103;Gulp Chocolate Milk Drink;£0.65;£0.13/100g;Single Pack Flavoured Milk;null;null;null;null;null;null;null;null;
4450187;Gulp Vanilla Milk Drink;£0.65;£0.13/100g;Single Pack Flavoured Milk;null;null;null;null;null;null;null;null;
3855229;Mars Milkshake;£1.30;£0.37/100ml;Single Pack Flavoured Milk;null;3.0;9.6;9.6;2.1;1.4;null;0.22;
4450169;Mars Thick Shake;£1.00;£3.33/lt;Single Pack Flavoured Milk;null;3.1;11.8;10.9;1.4;0.9;null;0.21;
3145158;Nurishment Banana Milk Drink;£1.00;£0.32/100ml;Single Pack Flavoured Milk;null;null;null;null;null;null;null;null;
3145156;Nurishment Chocolate Milk Drink;£1.00;£0.32/100ml;Single Pack Flavoured Milk;null;null;null;null;null;null;null;null;
3145160;Nurishment Strawberry Milk Drink;£1.00;£0.32/100ml;Single Pack Flavoured Milk;null;null;null;null;null;null;null;null;
3145154;Nurishment Vanilla Milk Drink;£1.00;£0.32/100ml;Single Pack Flavoured Milk;null;null;null;null;null;null;null;null;
4450163;Skittles Shake;£1.30;£3.71/lt;Single Pack Flavoured Milk;null;3.1;11.1;10.4;1.3;0.9;null;0.15;
4681801;Starbucks Discoveries Coffeehouse Flavours Fairtrade Skinny Cappuccino;£1.00;£0.45/100ml;Single Pack Flavoured Milk;null;8;1;0;9;6;null;09;
4681799;Starbucks Fairtrade Frappuccino Lowfat Coffee Drink Cookies & Cream Flavour;£1.85;£0.74/100ml;Single Pack Flavoured Milk;null;2.8;11.0;10.0;1.2;0.8;null;0.09;
3564996;Starbucks Frappuccino Coffee Drink;£1.79;£7.16/lt;Single Pack Flavoured Milk;null;2.8;10.5;10.2;1.2;0.9;null;null;
3564998;Starbucks Frappuccino Mocha Drink;£1.79;£7.16/lt;Single Pack Flavoured Milk;null;2.9;10.0;10.0;1.2;0.8;null;0.09;
2273636;Yazoo Banana;£0.54;£1.14/lt;Single Pack Flavoured Milk;null;3.0;9.6;null;1.2;0.9;null;0.1;
2273634;Yazoo Chocolate;£0.54;£1.14/lt;Single Pack Flavoured Milk;null;3.2;9.9;null;1.5;1.1;null;0.1;
4450125;Yazoo Chocolate Milk Drink;£1.30;£1.30/lt;Single Pack Flavoured Milk;null;3.2;9.9;null;1.5;1.1;null;0.1;
2273632;Yazoo Strawberry;£0.54;£1.14/lt;Single Pack Flavoured Milk;null;3.0;9.6;null;1.2;0.9;null;null;
4873253;Zott Monte Drink;£0.75;£0.37/100ml;Single Pack Flavoured Milk;null;null;null;null;null;null;null;null;
4273105;Gulp Strawbery Milk Drink;£0.65;£0.13/100g;Single Pack Flavoured Milk;null;null;null;null;null;null;null;null;
4994092;FRijj 40% Less Sugar Choc-a Chocolate Milkshake;£0.79;£0.16/100ml;Single Pack Flavoured Milk;null;4.2;6.6;null;1.1;0.8;null;0.14;
4994090;FRijj 40% Less Sugar Seriously Strawberry Milkshake;£0.79;£0.16/100ml;Single Pack Flavoured Milk;null;3.6;6;null;0.9;0.5;null;0.13;
4946833;For Goodness Shakes Milk Shoot Chocolate;£1.30;£0.55/100ml;Single Pack Flavoured Milk;null;null;null;null;null;null;null;null;
4946835;For Goodness Shakes Milk Shoot Strawberry;£1.30;£0.55/100ml;Single Pack Flavoured Milk;null;null;null;null;null;null;null;null;
4863924;Galaxy Iced Coffee Caramel Mocha Latte;£1.50;£0.65/100ml;Single Pack Flavoured Milk;72;3.3;11.1;10.9;1.6;1.0;null;0.31;
4450139;Frijj Chocolate;£2.00;£2.00/lt;Multipack Flavoured Milk;null;4;11;10.8;1.3;0.8;null;0.2;
4450141;Frijj Strawberry;£2.00;£2.00/lt;Multipack Flavoured Milk;null;3.7;9.9;9.8;1;0.6;null;0.2;
4436923;Happy Monkey Milkshakes Chocolate;£1.00;£0.16/100ml;Multipack Flavoured Milk;null;null;null;null;null;null;null;null;
4436921;Happy Monkey Milkshakes Strawberry;£1.25;£0.20/100ml;Multipack Flavoured Milk;null;null;null;null;null;null;null;null;
1756990;Yazoo Banana Milk Drink;£2.00;£1.67/lt;Multipack Flavoured Milk;null;3.0;9.6;null;1.2;0.9;null;0.1;
1756988;Yazoo Chocolate Milk Drink;£2.00;£1.67/lt;Multipack Flavoured Milk;null;3.2;10.0;null;1.5;1.1;null;0.1;
4123794;Yazoo Chocolate Milk Shaken Up;£1.00;£0.16/100ml;Multipack Flavoured Milk;null;3.2;9.9;null;1.5;1.1;null;0.1;
4123796;Yazoo Milk Shaken Up with Banana;£1.00;£0.16/100ml;Multipack Flavoured Milk;null;3.0;9.6;null;1.2;0.9;null;0.1;
4123792;Yazoo Milk Shaken Up with Strawberry;£1.00;£0.16/100ml;Multipack Flavoured Milk;null;3.0;9.6;null;1.2;0.9;null;0.1;
1756986;Yazoo Strawberry;£2.00;£1.67/lt;Multipack Flavoured Milk;null;3.0;9.5;null;1.2;0.9;null;0.1;
893131;ASDA Chosen by You Banana Milk Drink 1l;£1.19;£1.19/lt;Sharing Packs;null;3.6;10.6;8.9;1.7;1.1;null;0.1;
885106;ASDA Chosen by You Chocolate Milk Drink 1l;£1.19;£1.19/lt;Sharing Packs;null;4.0;11.6;10.2;1.8;1.2;null;0.1;
885103;ASDA Chosen by You Strawberry Milk Drink 1l;£1.19;£1.19/lt;Sharing Packs;null;3.7;10.7;9.9;1.4;1.0;null;0.1;
3149633;ASDA Chosen by You Vanilla Milk Drink 1l;£1.19;£1.19/lt;Sharing Packs;null;3.7;10.5;9.8;1.2;1.0;null;0.2;
4450167;Galaxy Smooth Milkshake;£1.50;£2.00/lt;Sharing Packs;null;3.2;11.6;11.3;0.7;0.5;null;0.17;
4450165;Mars Milkshake;£1.50;£2.00/lt;Sharing Packs;null;2.8;9.2;9.2;1.9;1.3;null;0.21;
4768038;Yazoo Banana Milk Drink;£1.30;£1.30/lt;Sharing Packs;null;3.0;9.6;null;1.2;0.9;null;0.1;
4450123;Yazoo Strawberry Milk Drink;£1.30;£1.30/lt;Sharing Packs;null;3.0;9.6;null;1.2;0.9;null;0.1;
2208264;ASDA Chosen by You Fresh British Single Cream;£0.50;£0.33/100ml;Single Cream;null;2.6;3.9;3.9;18.0;11.2;null;0.1;
2208266;ASDA Fresh Cream Single;£0.70;£0.23/100ml;Single Cream;188;2.6;3.9;3.9;18.0;11.2;null;0.1;
2208268;ASDA Fresh Cream Single;£1.35;£0.22/100ml;Single Cream;188;2.6;3.9;3.9;18.0;11.2;null;0.1;
2208260;ASDA Chosen by You Fresh British Double Cream;£0.60;£0.40/100ml;Double Cream;null;1.7;2.6;2.6;47.5;29.7;null;0.1;
2208262;ASDA Chosen by You Fresh Double Cream;£1.60;£0.26/100ml;Double Cream;445;1.7;2.6;2.6;47.5;29.7;null;0.1;
2208286;ASDA Fresh Cream Double;£0.85;£0.28/100ml;Double Cream;445;1.7;2.6;2.6;47.5;29.7;null;0.1;
2208270;ASDA Fresh Cream Extra Thick Double;£0.90;£0.30/100ml;Double Cream;null;1.7;2.6;2.6;47.5;29.7;null;0.1;
3670446;ASDA Chosen by You Extra Thick Vanilla Bean Flavoured Cream;£1.50;£0.60/100ml;Whipping Cream;null;1.5;9.4;9.2;43.4;26.3;null;null;
2208274;ASDA Fresh Cream Whipping;£0.84;£0.28/100ml;Whipping Cream;370;1.9;3.0;3.0;38.9;24.4;null;0.1;
4273109;ASDA Real Cream 500g;£1.99;£0.39/100g;Whipping Cream;291;2.5;8.0;8.0;27.7;20.0;null;null;
4273113;ASDA Real Cream 250g;£1.00;£0.40/100g;Whipping Cream;285;2.5;8.0;8.0;27.0;20.0;null;0.1;
4273111;ASDA Reduced Fat Real Cream 250g;£1.00;£0.40/100g;Whipping Cream;208;2.5;9.0;8.5;18.0;14.0;null;0.1;
3561676;ASDA Extra Special Traditionaly Cornish Clotted Cream 140g;£1.00;£0.71/100g;Whipping Cream;null;1.6;2.3;2.3;63.5;39.7;null;0.1;
976559;Anchor Aerosol Real Dairy Cream Extra Thick 250g;£1.80;£0.72/100g;Whipping Cream;418;2.1;2.6;2.6;44;31;null;0.05;
2253147;Anchor Aerosol Real Dairy Cream Light;£1.35;£0.54/100g;Whipping Cream;195;2.8;7.8;7.5;17;12;null;0.1;
1534420;Anchor Aerosol Real Dairy Cream Original 250g;£1.35;£0.54/100g;Whipping Cream;345;2.3;7.3;7.3;34;23;null;0.06;
1619503;Anchor Chocolate Flavoured Cream 250g;£2.00;£0.80/100g;Whipping Cream;345;2.8;14;14;31;21;null;0.1;
171178;Rodda's Fresh Cream Clotted 227g;£1.98;£0.87/100g;Whipping Cream;null;1.5;2.5;null;60.5;null;null;null;
3871287;Trewithen Cornish Clotted Cream 114g;£1.00;£0.87/100g;Whipping Cream;null;1.6;2.3;2.3;63.5;39.7;null;0.05;
2207905;ASDA Soured Cream;£0.60;£0.40/100ml;Soured Cream;null;2.8;3.2;2.8;20.0;14.0;null;0.1;
2207907;ASDA Soured Cream;£0.84;£0.28/100ml;Soured Cream;204;2.8;3.2;2.8;20.0;14.0;null;0.1;
2780869;ASDA Soured Cream Reduced Fat;£0.84;£0.28/100ml;Soured Cream;null;null;null;null;null;null;null;null;
2899421;Bakoma Fruciaki Soured Cream Smietana Domowa 175g;£0.75;£0.42/100g;Soured Cream;null;null;null;null;null;null;null;null;
485792;Yeo Valley Half Fat Creme Fraiche 200g;£0.95;£0.47/100g;Creme Fraiche;null;3.4;4.8;4.8;15.0;9.3;null;0.13;
3786988;ASDA Chosen by You Creme Fraiche;£0.90;£0.30/100ml;Creme Fraiche;null;5.6;8.9;4.9;2.7;1.7;null;null;
2597813;ASDA Creme Fraiche;£0.90;£0.30/100ml;Creme Fraiche;null;2.5;2.5;2.3;32.8;22.8;null;0.1;
2597809;ASDA Creme Fraiche Reduced Fat;£0.90;£0.30/100ml;Creme Fraiche;null;3.3;4.9;3.0;15.8;11.1;null;0.1;
2597811;ASDA Creme Fraiche Reduced Fat;£1.60;£0.26/100ml;Creme Fraiche;175;3.3;4.9;3.0;15.8;11.1;null;0.1;
2836194;Weight Watchers Creme Fraiche Low Fat 200g;£0.97;£0.48/100g;Creme Fraiche;76;5.1;7.7;6.5;2.7;1.8;0.5;0.2;
2990325;ASDA Extra Special Extra Thick Madagascan Vanilla Cream;£1.00;£0.40/100ml;Cream Alternatives;482;1.5;8.6;8.6;49.1;33.1;null;0.1;
1025874;Alpro Dairy Free Cream Alternative UHT;£0.74;£0.29/100ml;Cream Alternatives;null;null;null;null;null;null;null;null;
3432826;Elmlea Double Cream Alternative;£0.75;£0.26/100ml;Cream Alternatives;null;2.4;3.9;3.8;36;25;null;0.12;
3432828;Elmlea Double Cream Alternative;£1.48;£0.26/100ml;Cream Alternatives;null;2.4;3.9;3.8;36;25;null;0.12;
3432834;Elmlea Double Light Cream Alternative;£0.75;£0.26/100ml;Cream Alternatives;null;2.7;4.2;4.1;25;21;null;0.14;
3432824;Elmlea Single Cream Alternative;£0.65;£0.22/100ml;Cream Alternatives;null;3;4.5;4.5;15;9.2;null;0.16;
3432832;Elmlea Single Light Cream Alternative;£0.65;£0.22/100ml;Cream Alternatives;null;3.3;4.4;4.4;10;7.9;null;0.1;
3208040;Elmlea Squirty Whipped Cream Alternative;£1.38;£0.55/100g;Cream Alternatives;null;3;8;7;25;19;null;0.15;
3432830;Elmlea Whipping Cream Alternative;£0.92;£0.32/100ml;Cream Alternatives;null;2.6;3.3;3.3;30;25;null;0.1;
3582044;Lactofree Cream;£1.30;£0.52/100ml;Cream Alternatives;null;1.6;2.8;1.9;36.9;24.7;null;0.1;
494015;Lakeland Buttermilk 250g;£0.52;£0.20/100g;Cream Alternatives;null;3.4;4.6;4.6;1.3;0.7;null;null;
2899431;Optifresh Buttermilk 1000g;£1.00;£1.00/kg;Cream Alternatives;null;3.4;4.9;3.8;1.5;1.0;null;0.10;
4115074;ASDA Chosen by You Low Fat Fresh Custard 300g;£0.85;£0.28/100g;Fresh Custard;null;3.0;9.5;3.5;1.5;1.0;null;0.1;
920712;ASDA Fresh Custard 500g;£1.00;£0.20/100g;Fresh Custard;null;2.5;15.6;11.4;4.5;3.1;null;0.1;
1240656;ASDA Extra Special Madagascan Vanilla Custard 500g;£1.65;£0.33/100g;Fresh Custard;208;2.8;16.8;13.8;14.4;9.3;null;0.1;
3580294;ASDA British Salted Butter 250g;£0.92;£3.68/kg;Salted Butter;null;0.6;0.8;0.7;81.3;49.4;null;1.7;
4271995;ASDA British Salted Butter 500g;£1.79;£3.58/kg;Salted Butter;null;0.6;1.3;null;80.8;48.6;null;1.7;
3902613;Lurpak Slightly Salted Butter;£2.00;£4.00/kg;Salted Butter;null;null;null;null;null;null;null;null;
169693;Lurpak Butter Slightly Salted 250g;£1.70;£6.80/kg;Salted Butter;null;null;null;null;null;null;null;null;
3271882;ASDA Extra Special Somerset butter 250g;£1.65;£6.60/kg;Salted Butter;null;0.9;0.6;null;81.0;null;null;null;
418996;Anchor Butter;£2.00;£4.00/kg;Salted Butter;null;0.6;0.6;0.6;82.2;52.1;null;1.7;
169939;Anchor Butter 250g;£1.70;£6.80/kg;Salted Butter;null;0.6;0.6;0.6;82.2;52.1;null;1.7;
931948;Country Life English Butter 250g;£1.25;£5.00/kg;Salted Butter;null;0.5;null;null;81.7;54.0;null;null;
3271878;Delamere Goat butter 250g;£1.80;£7.20/kg;Salted Butter;null;null;null;0.4;null;59;null;null;
169994;Kerrygold Butter 250g;£1.60;£6.40/kg;Salted Butter;null;0.4;0.3;null;80;null;null;null;
2339915;Willow Butter 250g;£1.00;£4.00/kg;Salted Butter;null;0.5;0.7;0.7;78;38.2;null;null;
3580296;ASDA Butter Unsalted English 250g;£0.92;£3.68/kg;Unsalted Butter;null;0.6;1.1;0.6;82.9;49.3;null;null;
169853;Lurpak Butter Unsalted 250g;£1.70;£6.80/kg;Unsalted Butter;null;null;null;null;null;null;null;null;
4052457;Anchor Unsalted Butter 250g;£1.70;£6.80/kg;Unsalted Butter;null;0.6;0.6;0.6;82.2;52.1;null;0.02;
1790412;Country Life Butter Unsalted 250g;£1.25;£5.00/kg;Unsalted Butter;null;0.5;null;null;82.7;54.7;null;null;
3015752;Président Unsalted Pure French Butter 250g;£1.55;£6.20/kg;Unsalted Butter;null;null;null;null;null;null;null;null;
1980058;Yeo Valley Organic Butter 250g;£1.70;£6.80/kg;Organic Butter;null;0.6;0.6;0.6;81.0;52.1;null;1.5;
2710781;Lurpak Garlic Butter 125g;£1.22;£9.76/kg;Garlic Butter;null;null;null;null;null;null;null;null;
3601323;Meadow Churn Garlic Butter 120g;£1.00;£8.33/kg;Garlic Butter;null;1.1;3.1;null;62.0;null;null;null;
801408;Lurpak Spreadable;£6.20;£6.20/kg;Original;null;0.5;0.6;0.6;78;35;null;0.90;
419072;Lurpak Spreadable Slightly Salted 500g;£3.25;£6.50/kg;Original;null;null;null;null;null;null;null;null;
226466;Lurpak Spreadable 250g;£1.75;£7.00/kg;Original;null;null;null;null;null;null;null;null;
4029712;Country Life Spreadable Butter 750g;£3.89;£5.19/kg;Original;null;0.2;0.3;0.3;76.4;10.0;null;null;
1180835;Country Life Spreadable;£2.00;£4.00/kg;Original;null;0.2;0.3;0.3;76.4;10.0;null;null;
3902615;Anchor Original Butter Spreadable;£5.98;£5.98/kg;Original;null;0.3;0.3;0.3;77;10.0;null;1.1;
998432;Anchor Spreadable Butter;£2.00;£4.00/kg;Original;null;0.3;0.3;0.3;77;10.0;null;1.1;
998454;Anchor Spreadable 250g;£1.75;£7.00/kg;Original;null;0.3;0.3;0.3;77;10.0;null;1.1;
4713190;Flora Gold Spread 400g;£2.50;£6.25/kg;Original;null;0.5;0.6;0.6;70;22;null;1.2;
4713194;Flora Gold Spread 225g;£1.49;£6.62/kg;Original;null;0.5;0.6;0.6;70;22;null;1.2;
4713188;Bertolli with Butter Spread 400g;£2.50;£6.25/kg;Original;null;0.5;0.6;0.6;70;7.1;null;1.5;
4713192;Bertolli with Butter Spread 225g;£1.49;£6.62/kg;Original;null;0.5;0.6;0.6;70;7.1;null;1.5;
4867807;ASDA Spreadable with Real Butter 500g;£1.67;£3.34/kg;Original;null;0.5;2.1;0.5;60.0;24.2;0.8;0.9;
3233603;Lurpak Spreadable Lighter Unsalted 500g;£3.25;£6.50/kg;Unsalted;null;null;null;null;null;null;null;null;
2212072;Lurpak Spreadable Unsalted 500g;£3.25;£6.50/kg;Unsalted;null;0.5;0.6;0.6;78;35;null;0.01;
4867809;ASDA Spreadable Light with Real Butter 500g;£1.67;£3.34/kg;Light;null;0.2;1.1;0.4;41.0;13.6;null;0.9;
1582048;Anchor Spreadable Lighter;£2.00;£4.00/kg;Light;null;0.3;0.3;0.3;57;8.0;null;1.1;
2124360;Country Life British Spreadable Lighter;£2.00;£4.00/kg;Light;null;0.9;1.3;1.3;56.1;8.1;null;null;
917986;Lurpak Spreadable Lighter 250g;£1.75;£7.00/kg;Light;null;null;null;null;null;null;null;null;
917990;Lurpak Lighter Slightly Salted Spreadable 500g;£3.25;£6.50/kg;Light;null;0.3;0.4;0.4;57;22;null;0.90;
1561192;Lurpak Lighter Spreadable;£6.20;£6.20/kg;Light;null;0.3;0.4;0.4;57;22;null;0.90;
3902617;Lurpak Spreadable Lightest;£1.75;£0.70/100g;Light;null;3.3;0.9;0.8;40;15;null;1.1;
3787192;Lurpak Spreadable Lightest 500g;£3.25;£6.50/kg;Light;null;null;null;null;null;null;null;null;
3667287;Lurpak Olive Spread Lighter 500g;£3.25;£6.50/kg;Light;null;null;null;null;null;null;null;null;
3813141;Lactofree Spreadable 250g;£1.65;£6.60/kg;Dairy Free;null;0.5;0.5;0.5;75.0;35.0;null;1.2;
4865572;ASDA Buttery Spread 500g;£0.90;£1.80/kg;Buttery Taste;null;0.3;2.5;0.5;49.0;12.7;null;1.1;
174707;I Can't Believe It's Not Butter Original Spread 500g;£1.65;£3.30/kg;Buttery Taste;null;0.5;0.5;0.5;59;20;null;1.5;
1189984;I Can't Believe It's Not Butter Original Spread;£2.70;£2.70/kg;Buttery Taste;null;0.5;0.5;0.5;59;20;null;1.5;
2877234;I Can't Believe It's Not Butter Light Spread 500g;£1.65;£3.30/kg;Buttery Taste;null;0.5;0.5;0.5;38;11;null;1.5;
4207458;I Can't Believe It's Not Butter Light Spread;£2.70;£2.70/kg;Buttery Taste;null;0.5;0.5;0.5;38;11;null;1.5;
2364871;Flora Buttery Spread 500g;£1.70;£3.40/kg;Buttery Taste;null;null;null;null;null;null;null;null;
2691657;Flora Buttery Spread;£2.00;£2.00/kg;Buttery Taste;null;null;null;null;null;null;null;null;
4449131;Clover Additions Daily Boost 500g;£2.30;£4.60/kg;Buttery Taste;null;0.4;2.4;0.5;49;9.7;null;1.2;
4449135;Clover Additions Strong Bones 500g;£2.30;£4.60/kg;Buttery Taste;null;0.4;2.4;0.5;49;9.7;null;1.2;
4692373;Clover Lighter than Light 500g;£2.00;£4.00/kg;Buttery Taste;null;0.3;2.8;0.5;38;8;null;1.5;
170590;Clover Spread 500g;£2.00;£4.00/kg;Buttery Taste;null;1.2;1.6;1.6;65.1;10.4;null;1.7;
169686;Clover Spread;£3.70;£3.70/kg;Buttery Taste;null;1;1.4;1.4;70;10.6;null;1.7;
2690595;Clover Light Spread 500g;£2.00;£4.00/kg;Buttery Taste;null;0.6;2.7;0.8;49;6.8;null;1.5;
3271880;Clover Spread Lighter;£3.70;£3.70/kg;Buttery Taste;null;0.6;2.7;0.8;49;6.8;null;1.5;
3923136;Weight Watchers Spread 250g;£1.29;£5.16/kg;Buttery Taste;116;0.1;4.1;0.1;10.9;6.9;0.5;1.0;
4865411;ASDA Smartprice Reduced Fat Spread 500g;£0.80;£1.60/kg;Buttery Taste;null;null;0.7;0.2;42.0;10.6;null;1.1;
4865569;ASDA Soft Spread;£3.00;£1.50/kg;Sunflower;null;null;null;null;56.0;12.6;null;1.1;
4865413;ASDA Sunflower Spread 500g;£0.90;£1.80/kg;Sunflower;null;0.1;4.2;0.2;45.0;10.0;null;1.1;
4865409;ASDA Light Sunflower Spread 500g;£0.90;£1.80/kg;Sunflower;null;0.2;2.3;1.0;30.0;7.9;0.6;1.1;
171150;Flora Original Spread 500g;£1.70;£3.40/kg;Sunflower;null;null;null;null;null;null;null;null;
171151;Flora Original Spread;£2.00;£2.00/kg;Sunflower;null;null;null;null;null;null;null;null;
171400;Flora Light Spread;£2.00;£2.00/kg;Sunflower;null;null;null;null;null;null;null;null;
171144;Flora Light Spread 500g;£1.70;£3.40/kg;Sunflower;null;null;null;null;null;null;null;null;
4867805;ASDA Olive Spread 500g;£0.90;£1.80/kg;Olive;null;0.2;1.2;1.2;59.0;14.5;null;0.9;
4867803;ASDA Olive Spread Light 500g;£0.90;£1.80/kg;Olive;null;1.5;null;null;38.0;9.2;null;1.0;
2710789;Bertolli Light Spread 500g;£1.90;£3.80/kg;Olive;null;0.5;1.3;0.5;38;6.7;null;0.82;
1202079;Bertolli Mild Olive Oil Spread 500g;£1.90;£3.80/kg;Olive;null;0.5;0.9;0.9;59;13;null;1.2;
1202015;Bertolli Original Spread;£3.00;£3.00/kg;Olive;null;0.5;0.9;0.9;59;13;null;1.2;
3601303;Benecol Buttery Taste Spread 500g;£3.64;£7.28/kg;Cholesterol Lowering;null;0.5;0.8;0.8;60;12.7;0;1.3;
2029057;Benecol Olive Spread 500g;£3.64;£7.28/kg;Cholesterol Lowering;null;0.4;0.6;0.6;55;10.8;0;1.0;
2029055;Benecol Spread - light 500g;£3.64;£7.28/kg;Cholesterol Lowering;null;2.6;0.4;0.4;35;6.8;0;1.1;
3786996;Flora Pro.Activ Buttery Spread;£1.90;£0.76/100g;Cholesterol Lowering;null;0.5;0.5;0.5;60.0;28.0;null;1.0;
3271870;Flora Pro.Activ Buttery Spread 500g;£3.49;£6.98/kg;Cholesterol Lowering;null;0.5;0.5;0.5;60.0;28.0;null;1.0;
1276645;Flora Pro.Activ Olive Spread;£1.90;£7.60/kg;Cholesterol Lowering;null;0.5;1.0;0.5;35.0;14.0;null;1.0;
1554424;Flora Pro.Activ Olive Spread 500g;£3.49;£6.98/kg;Cholesterol Lowering;null;0.5;1.0;0.5;35.0;14.0;null;1.0;
520513;Flora Pro.Activ Light Spread 250g;£1.90;£7.60/kg;Cholesterol Lowering;null;0.5;1.0;0.5;35.0;18.0;null;1.0;
889118;Flora Pro.Activ Light Spread 500g;£3.49;£6.98/kg;Cholesterol Lowering;null;0.5;1.0;0.5;35.0;18.0;null;1.0;
171250;St Ivel Vitalite Dairy Free Spread 500g;£1.00;£2.00/kg;Dairy Free Spread;null;0;0;0;56;19.1;null;1.5;
169676;Pure Dairy free sunflower spread 500g;£1.50;£3.00/kg;Dairy Free Spread;null;null;null;null;null;null;null;null;
471927;Pure Soya Spread Dairy Free 500g;£1.50;£3.00/kg;Dairy Free Spread;null;null;null;null;null;null;null;null;
2544425;ASDA Ready Rolled Puff Pastry 375g;£1.30;£3.47/kg;Pastry and Dough;null;6.3;34.5;1.2;22.8;10.0;4.1;0.4;
2544427;ASDA Ready Rolled Shortcrust Pastry 375g;£1.30;£3.47/kg;Pastry and Dough;null;6.4;38.9;2.8;24.3;11.2;2.0;0.4;
4271991;ASDA Chosen by You Easy Share Pizza Base 400g;£1.30;£0.32/100g;Pastry and Dough;null;8.9;45.0;0.9;4.9;2.1;1.5;1.8;
4449119;Jus-Rol Bake-It-Fresh Dough 6 Apple Danish 320g;£2.00;£0.62/100g;Pastry and Dough;329;6.2;45.4;23.6;13.3;7.1;1.2;1.50;
4449139;Jus-Rol Bake-It-Fresh Dough 6 Cinnamon Swirls 270g;£2.00;£0.74/100g;Pastry and Dough;null;null;null;null;null;null;null;null;
3667289;Jus-Rol Bake-It-Fresh Dough 6 Pain au Chocolat;£2.00;£7.27/kg;Pastry and Dough;368;7.4;40.8;15.7;19.0;10.3;2.2;1.72;
3058570;Jus-Rol Filo Pastry Sheets 270g;£1.60;£5.93/kg;Pastry and Dough;265;7.4;51.7;1.2;2.6;0.3;2.6;0.50;
4864946;Jus-Rol Light Puff Pastry Sheet 320g;£1.60;£5.00/kg;Pastry and Dough;332;6.4;38.3;0.8;16.5;8.2;2.3;1.00;
2740895;Jus-Rol Puff Pastry Block 500g;£1.25;£2.50/kg;Pastry and Dough;376;5.7;34.1;0.8;23.6;11.9;2.0;0.89;
3686202;Jus-Rol Puff Pastry Sheets 320g;£1.50;£4.69/kg;Pastry and Dough;381;4.9;35.1;1.4;24.1;12.3;2.1;0.63;
2740897;Jus-Rol Shortcrust Pastry Block 500g;£1.25;£2.50/kg;Pastry and Dough;447;6.3;38.4;1.8;29.3;11.1;2.2;0.59;
3686206;Jus-Rol Shortcrust Pastry Sheets 320g;£1.50;£4.69/kg;Pastry and Dough;437;6.1;37.3;1.8;28.8;10.9;2.1;0.58;
4864948;Jus-Rol Sweet Shortcrust Pastry Sheet 320g;£1.75;£5.47/kg;Pastry and Dough;443;5.8;43.5;8.8;27.0;10.2;1.5;0.56;
4572315;Two Chicks Free Range Egg White Liquid 500g;£2.00;£0.40/100g;Cooking and Baking Fats;null;10.5;1.0;1.0;0;0;0;null;
1598682;Highgrove Goose Fat 180g;£2.00;£11.11/kg;Cooking and Baking Fats;null;null;null;0.0;99.2;10.8;0.0;null;
3015764;ASDA Best for Baking 250g;£0.49;£1.96/kg;Cooking and Baking Fats;null;null;null;null;75.0;23.0;null;1.1;
2385728;ASDA Extra Special Goose Fat 220g;£2.25;£10.23/kg;Cooking and Baking Fats;null;0.1;null;null;99.5;32.7;null;null;
2969641;Epicure Duck Fat 320g;£2.99;£0.93/100g;Cooking and Baking Fats;null;null;null;null;null;null;null;null;
2969639;Epicure Goose Fat for Creative Cooks 320g;£2.99;£0.93/100g;Cooking and Baking Fats;null;0;0;0;100;34.2;null;0;
3541335;Flora Cuisine Original Cooking Liquid;£1.00;£2.00/kg;Cooking and Baking Fats;630;null;null;null;null;null;null;null;
4724626;Flora Original Great for Baking Block 250g;£1.00;£4.00/kg;Cooking and Baking Fats;null;0.5;0.5;0.5;75;27;null;1.2;
4684508;Lurpak Cook's Range Baking Spread 500g;£3.25;£6.50/kg;Cooking and Baking Fats;null;0.5;0.6;0.6;70.0;32.7;null;0.0;
4684514;Lurpak Cook's Range Clarified Butter 250g;£3.25;£13.00/kg;Cooking and Baking Fats;null;0.0;0.0;0.0;null;63.7;null;0.0;
4684510;Lurpak Cook's Range Cooking Liquid;£3.25;£0.65/100ml;Cooking and Baking Fats;null;0.3;0.3;0.3;81.5;14.9;null;0.6;
4684512;Lurpak Cook's Range Cooking Mist;£2.70;£1.35/100ml;Cooking and Baking Fats;null;0.1;0.2;0.2;87.9;11.1;null;0.5;
171163;Stork Original Baking Block 250g;£0.69;£0.27/100g;Cooking and Baking Fats;null;0.5;0.5;0.5;75;26;null;1.5;
171157;Stork Original Spread 500g;£1.09;£2.18/kg;Cooking and Baking Fats;null;0.5;0.5;0.5;70;18;null;1.5;
171158;Stork Original Spread;£2.00;£2.00/kg;Cooking and Baking Fats;null;0.5;0.5;0.5;70;18;null;1.5;
2466757;ASDA Smartprice Lard 250g;£0.39;£0.15/100g;Cooking and Baking Fats;null;null;null;null;99.7;40.3;null;null;
5034523;Britannia Finest Beef Dripping 250g;£0.69;£2.76/kg;Cooking and Baking Fats;null;0.0;0.0;0.0;100.0;3.0;0.0;0.0;
5034525;Crisp 'n Dry Vegetable Oil 250g;£0.79;£3.16/kg;Cooking and Baking Fats;null;0;0;0;100;15;0;0;
5034527;Trex Vegetable Baking Fat 250g;£0.79;£3.16/kg;Cooking and Baking Fats;null;0;0;0;100;17;0;0;
3452544;The Happy Egg Co Eggs Mixed Weight Free Range;£2.75;£0.27/each;Free Range;null;12.6;0.5;0.5;9.0;2.5;null;0.385;
2785260;The Happy Egg Co Eggs Medium Free Range;£0.97;£0.16/each;Free Range;null;12.6;0.5;0.5;9.0;2.5;null;0.385;
2982601;The Happy Egg Co Eggs Large Free Range;£0.97;£0.16/each;Free Range;null;12.6;0.5;0.5;9.0;2.5;null;0.385;
3682908;The Happy Egg Co Eggs Biggies Free Range;£1.90;£0.31/each;Free Range;null;12.6;0.5;0.5;9.0;2.5;null;0.385;
4459760;ASDA Mixed Weight Free Range Eggs;£0.85;£0.14/each;Free Range;131;12.6;null;null;9.0;2.5;null;0.4;
166780;ASDA Eggs Medium Free Range;£0.89;£0.14/each;Free Range;147;12.5;null;null;10.8;3.1;null;null;
166779;ASDA Eggs Large Free Range;£1.25;£0.20/each;Free Range;131;12.6;null;null;9.0;2.5;null;0.4;
2040883;ASDA Eggs Very Large Free Range;£1.50;£0.25/each;Free Range;131;12.6;null;null;9.0;2.5;null;0.4;
2085105;Staveley Eggs Very Large Free Range;£1.50;£0.25/each;Free Range;null;null;null;null;null;null;null;null;
3682904;Help for Heroes Eggs for Soldiers;£1.80;£0.30/each;Free Range;null;12.6;0.5;0.5;9.0;2.5;null;0.385;
2085107;Staveley Eggs Large Free Range;£1.25;£0.20/each;Free Range;null;null;null;null;null;null;null;null;
3255092;Lancashires Finest Eggs Large Free Range;£2.25;£0.18/each;Free Range;null;null;null;null;null;null;null;null;
3255094;Lancashires Finest Eggs Medium Free Range;£1.75;£0.14/each;Free Range;null;null;null;null;null;null;null;null;
2085109;Staveley Eggs Medium Free Range;£0.89;£0.14/each;Free Range;null;null;null;null;null;null;null;null;
2723448;ASDA Free Range British Eggs;£2.00;£0.13/each;Free Range;131;12.6;null;null;9.0;2.5;null;0.4;
166781;ASDA Eggs Large Free Range;£2.25;£0.18/each;Free Range;131;12.6;null;null;9.0;2.5;null;0.4;
1058519;ASDA Eggs Medium Free Range;£1.75;£0.14/each;Free Range;131;12.6;null;null;9.0;2.5;null;0.4;
3015762;ASDA Organic Eggs Mixed Weight;£1.80;£0.30/each;Organic;131;12.6;null;null;9.0;2.5;null;0.4;
505695;ASDA Chef's Value Medium Eggs;£3.30;£0.11/each;Standard;131;null;null;null;null;null;null;null;
448718;ASDA Smartprice Eggs;£1.25;£0.8/each;Standard;null;12.6;null;null;9.0;2.5;null;0.4;
491455;ASDA Smartprice Eggs Minimum Net Weight;£0.80;£0.13/each;Standard;null;12.6;null;null;9.0;2.5;null;0.4;
4507704;Big & Fresh Class A Eggs;£2.00;£0.20/each;Standard;null;12.6;0.5;0.5;9.0;2.5;null;0.385;
4507702;Big & Fresh Class A Eggs;£1.46;£0.24/each;Standard;null;12.6;0.5;0.5;9.0;2.5;null;0.385;
4859404;Don Simon Still Orangeade with Squeezed Oranges Light 5l;£1.00;£0.6/100ml;Orange Juice;null;null;null;null;null;null;null;null;
4684526;ASDA 100% Pure Orange Juice from Concentrate 2l;£1.25;£0.6/100ml;Orange Juice;null;0.5;9.0;9.0;0.1;null;0.1;null;
1640977;ASDA Clementine Juice 1l;£1.25;£0.12/100ml;Orange Juice;null;0.7;11.3;11.2;null;null;null;null;
2777093;ASDA Orange Juice Florida Style 1l;£1.25;£0.12/100ml;Orange Juice;null;0.6;10.0;10.0;null;null;0.1;null;
448382;ASDA Chosen by You 100% Pure Orange Juice from Concentrate;£0.69;£0.6/100ml;Orange Juice;null;0.5;9.0;9.0;0.5;0;0.5;0;
1644699;ASDA Orange Juice Smooth 1l;£1.25;£0.12/100ml;Orange Juice;null;0.6;10.0;10.0;0.1;null;0.1;null;
2701700;ASDA Orange Juice Smooth 75l;£2.00;£0.11/100ml;Orange Juice;46;0.6;10.0;10.0;0.1;null;0.1;null;
448381;ASDA Orange Juice with Bits;£0.69;£0.6/100ml;Orange Juice;null;0.5;9.2;9.2;0.5;0;0.5;0;
1517582;ASDA Orange Juice with Bits 1l;£1.25;£0.12/100ml;Orange Juice;null;0.6;10.0;10.0;0.1;null;0.2;0.0;
2918334;ASDA Chosen by You Orange Juice with Bits 75l;£2.00;£0.11/100ml;Orange Juice;46;0.6;10.0;10.0;0.1;null;0.2;null;
2399312;ASDA Extra Special Orange Juice Smooth;£2.00;£0.20/100ml;Orange Juice;44;0.6;10.0;10.0;0.1;null;0.1;null;
2399314;ASDA Extra Special Orange Juice with Bits;£2.00;£0.20/100ml;Orange Juice;44;0.6;10.0;10.0;0.1;null;0.1;null;
4015957;Copella Pure Orange Juice with Juicy Bits;£1.74;£0.23/100ml;Orange Juice;null;null;null;null;null;null;null;null;
3786998;Don Simon Orange Juice Smooth 3l;£3.50;£0.11/100ml;Orange Juice;null;null;null;null;null;null;null;null;
3794124;Don Simon Orange Juice Smooth;£2.00;£0.10/100ml;Orange Juice;null;null;null;null;null;null;null;null;
3794126;Don Simon Orange Juice wth Bits;£2.00;£0.10/100ml;Orange Juice;null;null;null;null;null;null;null;null;
3542160;Innocent Orange Juice Smooth;£2.38;£0.26/100ml;Orange Juice;null;null;null;null;null;null;null;null;
4681835;Innocent Orange Juice Smooth 5l;£3.28;£0.21/100ml;Orange Juice;null;null;null;null;null;null;null;null;
3542158;Innocent Orange Juice with Bits;£2.38;£0.26/100ml;Orange Juice;null;null;null;null;null;null;null;null;
4681837;Innocent Orange Juice with Bits 5l;£3.28;£0.21/100ml;Orange Juice;null;null;null;null;null;null;null;null;
3164533;Sunny D Juice Drink California Style;£1.26;£0.12/100ml;Orange Juice;null;0.1;8.7;8.5;0.1;0.1;0.3;0;
3164535;Sunny D Juice Drink Florida Style;£1.26;£0.12/100ml;Orange Juice;null;0.1;8.4;8.2;0.1;0.1;0.1;0;
173730;Tropicana Orange Juice Smooth 1l;£2.48;£0.24/100ml;Orange Juice;null;0.8;10.0;null;0;0;0.4;0;
3825155;Tropicana Orange Juice Smooth;£1.87;£0.13/100ml;Orange Juice;null;0.8;10.0;null;0;0;0.4;0;
172020;Tropicana Orange Juice with Bits 1l;£2.48;£0.24/100ml;Orange Juice;null;0.8;10.0;null;0;0;0.7;0;
3825153;Tropicana Orange Juice with Bits;£1.87;£0.13/100ml;Orange Juice;null;0.8;10.0;null;0;0;0.7;0;
3115354;Tropicana Orange Juice with Extra Juicy Bits;£2.48;£0.24/100ml;Orange Juice;null;0.8;10.0;null;0;0;0.9;0;
4194670;Tropicana Trop50 Original Orange Juice Drink with Bits 1l;£2.48;£0.24/100ml;Orange Juice;null;0.4;4.1;null;0;0;0.8;0;
4194672;Tropicana Trop50 Smooth Orange Juice Drink with No Bits 1l;£2.48;£0.24/100ml;Orange Juice;null;0.3;3.9;null;0;0;0.8;0;
487170;ASDA Smartprice Orange Juice Smooth 1l;£0.65;£0.6/100ml;Orange Juice;42;0.5;9.0;9.0;0.1;null;0.1;null;
1517552;ASDA Apple Juice 1l;£1.25;£0.12/100ml;Apple Juice;null;0.1;9.8;9.8;null;null;null;null;
2777302;ASDA Apple Juice 75l;£2.00;£0.11/100ml;Apple Juice;41;0.1;9.8;9.8;null;null;null;null;
4684528;ASDA Apple Juice from Concentrate 2l;£1.25;£0.6/100ml;Apple Juice;null;0.1;10.4;10.4;0.1;null;null;null;
169535;ASDA Chosen by You Apple Juice;£0.69;£0.6/100ml;Apple Juice;null;0.5;10;10;0.5;0;0;0;
3124227;Copella Apple Juice English;£1.74;£0.23/100ml;Apple Juice;null;null;null;null;null;null;null;null;
3566034;Copella Apple Juice English;£2.98;£0.23/100ml;Apple Juice;null;null;null;null;null;null;null;null;
4272090;Innocent 100% Apple Juice for Kids;£2.80;£0.38/100ml;Apple Juice;null;null;null;null;null;null;null;null;
3542156;Innocent Apple Juice;£2.38;£0.26/100ml;Apple Juice;null;null;null;null;null;null;null;null;
4681839;Innocent Apple Juice 5l;£3.28;£0.21/100ml;Apple Juice;null;null;null;null;null;null;null;null;
4684530;ASDA Exotic Juice Drink 2l;£1.25;£0.6/100ml;Tropical Fruits;null;0.2;10.5;10.5;null;null;0.1;null;
3587468;ASDA Mango Juice Drink 1l;£0.69;£0.6/100ml;Tropical Fruits;44;0.2;10.4;10.4;null;null;0.2;null;
1746007;ASDA Orange Mango Passionfruit Juice 1l;£1.25;£0.12/100ml;Tropical Fruits;null;0.7;11.3;12.2;null;null;0.8;null;
446405;ASDA Pineapple Juice;£0.69;£0.6/100ml;Tropical Fruits;null;0.5;11;11;0.5;0;0;0;
1517546;ASDA Pineapple Juice 1l;£1.25;£0.12/100ml;Tropical Fruits;null;0.4;11.3;11.3;null;null;null;null;
1517578;ASDA Chosen by You Apple & Mango Juice 1l;£1.25;£0.12/100ml;Tropical Fruits;null;0.2;11.0;11.0;0.1;0.1;0.4;null;
3124231;Copella Apple Mango Juice;£1.74;£0.23/100ml;Tropical Fruits;null;null;null;null;null;null;null;null;
3794118;Innocent Tropical Juice;£2.38;£0.26/100ml;Tropical Fruits;null;null;null;null;null;null;null;null;
4272604;Innocent Tropical Juice Blend;£3.28;£0.24/100ml;Tropical Fruits;null;null;null;null;null;null;null;null;
2700193;Pomegreat PurePlus Chilled Pomegranate Juice Drink;£1.50;£0.15/100ml;Tropical Fruits;null;0.2;12;11.7;0.2;null;null;null;
4272103;Sunny D Juicy Orange Passion Juice Drink 1l;£1.26;£0.12/100ml;Tropical Fruits;null;0.1;10.4;10.3;0;0;0;0;
4194668;Tropicana Trop50 Orange & Mango Juice Drink 1l;£2.48;£0.24/100ml;Tropical Fruits;null;0.3;4.4;null;0;0;0.8;0;
4194674;Tropicana Trop50 Pomegranate & Blueberry Juice Drink 1l;£2.48;£0.24/100ml;Tropical Fruits;null;0;4.8;null;0;0;0.8;0;
3600455;Vita Coco Natural Coconut Water 1l;£3.48;£0.34/100ml;Tropical Fruits;18;0;5;5;0;0;0;null;
4863920;Vita Coco Natural Coconut Water Lemonade;£1.68;£0.50/100ml;Tropical Fruits;29;0;7.1;6.3;0;0;null;0.03;
4684500;Vita Coco Natural Coconut Water;£4.99;£0.37/100ml;Tropical Fruits;18;0;5;5;0;0;0;null;
2250449;ASDA Grape Strawberry Kiwi Juice 1l;£1.25;£0.12/100ml;Tropical Fruits;null;0.4;12.6;12.6;null;null;0.4;null;
4681857;Ocean Spray Cranberry Light Smooth Juice;£1.98;£0.0/100ml;Cranberry & Summer Fruits;null;0;1.5;1.5;0;0;null;0;
4859981;La Verja Tomato Juice 1l;£1.50;£0.15/100ml;Cranberry & Summer Fruits;null;null;null;null;null;null;null;null;
880044;ASDA Chosen by You Cranberry Juice Drink 1l;£0.69;£0.6/100ml;Cranberry & Summer Fruits;null;0.5;11;11;0.5;0.1;0.5;0;
3164531;ASDA Cranberry Raspberry Juice Drink 1l;£0.69;£0.6/100ml;Cranberry & Summer Fruits;null;null;null;null;null;null;null;null;
2878253;ASDA Forest Fruits Juice Drink;£0.69;£0.6/100ml;Cranberry & Summer Fruits;null;0.5;9.7;9.7;0;0;0.5;0;
3218896;ASDA Red Grape Juice 1l;£1.25;£0.12/100ml;Cranberry & Summer Fruits;null;0.2;16.3;16.3;null;null;null;null;
4684518;ASDA Summer Fruits Juice Drink 1l;£1.25;£0.12/100ml;Cranberry & Summer Fruits;null;0.1;10.4;10.4;null;null;null;null;
3124229;Copella Apple Elderflower Juice;£1.74;£0.23/100ml;Cranberry & Summer Fruits;null;null;null;null;null;null;null;null;
493740;Ocean Spray Cranberry Juice;£1.98;£0.19/100ml;Cranberry & Summer Fruits;null;0;12;12;0;0;null;0;
2700193;Pomegreat PurePlus Chilled Pomegranate Juice Drink;£1.50;£0.15/100ml;Cranberry & Summer Fruits;null;0.2;12;11.7;0.2;null;null;null;
4272112;Welch's 100% Pure Purple Grape Juice from Concentrate;£1.50;£0.20/100ml;Cranberry & Summer Fruits;null;null;null;null;null;null;null;null;
4844259;ASDA Chosen by You Orange, Pineapple & Coconut Juice 1l;£1.25;£0.12/100ml;Mixed Fruit;null;0.3;10.8;10.8;null;null;null;null;
2776731;ASDA Apple Blackberry Juice Drink 1l;£0.69;£0.6/100ml;Mixed Fruit;43;null;10.4;10.4;null;null;null;null;
1517578;ASDA Chosen by You Apple & Mango Juice 1l;£1.25;£0.12/100ml;Mixed Fruit;null;0.2;11.0;11.0;0.1;0.1;0.4;null;
2250447;ASDA Chosen by You Exotic Juice Drink;£0.69;£0.6/100ml;Mixed Fruit;44;0.2;10.5;10.5;null;null;0.1;null;
2777099;ASDA Grape Raspberry Pomegranate Juice Drink 1l;£1.25;£0.12/100ml;Mixed Fruit;null;0.2;9.9;9.9;null;null;null;null;
2250449;ASDA Grape Strawberry Kiwi Juice 1l;£1.25;£0.12/100ml;Mixed Fruit;null;0.4;12.6;12.6;null;null;0.4;null;
4684520;ASDA Chosen by You Lemon & Lime Juice Drink 1l;£1.25;£0.12/100ml;Mixed Fruit;null;0.2;11.4;11.4;null;null;null;null;
879966;ASDA Orange & Mango Juice;£0.69;£0.6/100ml;Mixed Fruit;null;0.6;10;10;0.5;0;0.5;0;
1746007;ASDA Orange Mango Passionfruit Juice 1l;£1.25;£0.12/100ml;Mixed Fruit;null;0.7;11.3;12.2;null;null;0.8;null;
3587462;ASDA Chosen by You Raspberry & Cranberry Juice Drink 1l;£1.25;£0.12/100ml;Mixed Fruit;null;0.1;11.4;11.4;null;null;null;null;
3124229;Copella Apple Elderflower Juice;£1.74;£0.23/100ml;Mixed Fruit;null;null;null;null;null;null;null;null;
3566036;Copella Apple Elderflower Juice;£2.98;£0.23/100ml;Mixed Fruit;null;null;null;null;null;null;null;null;
3124231;Copella Apple Mango Juice;£1.74;£0.23/100ml;Mixed Fruit;null;null;null;null;null;null;null;null;
4450465;Don Simon Apple & Mango Juice 5l;£1.00;£0.6/100ml;Mixed Fruit;null;null;null;null;null;null;null;null;
4450461;Don Simon Pineapple Coconut Juice 5l;£1.00;£0.6/100ml;Mixed Fruit;null;0.2;11.3;null;0.1;null;null;null;
4272062;Innocent Apple & Berries Juice Blend;£2.38;£0.26/100ml;Mixed Fruit;null;null;null;null;null;null;null;null;
4066810;Innocent Apple & Mango Juice Blend;£2.38;£0.26/100ml;Mixed Fruit;null;null;null;null;null;null;null;null;
4272083;Innocent Apple & Mango Juice Blend;£3.28;£0.24/100ml;Mixed Fruit;null;null;null;null;null;null;null;null;
3794116;Innocent Apple & Raspberry Juice;£2.38;£0.26/100ml;Mixed Fruit;null;null;null;null;null;null;null;null;
4272088;Innocent Apple & Raspberry Juice Blend;£3.28;£0.24/100ml;Mixed Fruit;null;null;null;null;null;null;null;null;
4681829;Innocent Apple Juice & Elderflower;£2.38;£0.26/100ml;Mixed Fruit;null;null;null;null;null;null;null;null;
4740257;Libby's Summer Fruits Juice Drink;£1.00;£0.5/100ml;Mixed Fruit;46;0.0;11.1;11.1;0.0;0.0;null;0.0;
4740259;Libby's Tropical Juice Drink;£1.00;£0.5/100ml;Mixed Fruit;46;0.2;10.9;10.9;0.0;0.0;null;0.0;
4272103;Sunny D Juicy Orange Passion Juice Drink 1l;£1.26;£0.12/100ml;Mixed Fruit;null;0.1;10.4;10.3;0;0;0;0;
3232615;This Juicy Water Lemon Lime Juice Drink 1l;£1.80;£0.18/100ml;Mixed Fruit;null;null;null;null;null;null;null;null;
3232617;This Juicy Water Raspberry Apple Juice Drink 1l;£1.80;£0.18/100ml;Mixed Fruit;null;null;null;null;null;null;null;null;
4748854;Tropicana Energy Raspberry & Blackcurrant with Blackberry;£1.20;£0.80/100ml;Mixed Fruit;null;0.4;13.2;null;0;0;1.6;0;
4194668;Tropicana Trop50 Orange & Mango Juice Drink 1l;£2.48;£0.24/100ml;Mixed Fruit;null;0.3;4.4;null;0;0;0.8;0;
4194674;Tropicana Trop50 Pomegranate & Blueberry Juice Drink 1l;£2.48;£0.24/100ml;Mixed Fruit;null;0;4.8;null;0;0;0.8;0;
2702862;ASDA Apple Juice;£0.69;£0.11/100ml;Multipacks & Kids;null;0.5;10;10;0.5;0;0;0;
2702860;ASDA Chosen by You Orange Juice Smooth;£0.69;£0.11/100ml;Multipacks & Kids;null;0.5;9.0;9.0;0.5;0;0.5;0;
4040822;Don Simon Apple & Blackcurrant Juice Drink;£0.75;£0.12/100ml;Multipacks & Kids;null;0.1;10.5;10.5;null;null;null;null;
3670121;Don Simon Disney Pixar Cars Tropical Smoothie;£1.28;£0.21/100ml;Multipacks & Kids;null;null;null;null;null;null;null;null;
3670124;Don Simon Disney Princess Strawberry & Raspberry Smoothie;£1.28;£0.21/100ml;Multipacks & Kids;null;null;null;null;null;null;null;null;
4040824;Don Simon Don Simon Kids Juice;£0.75;£0.12/100ml;Multipacks & Kids;null;0.1;10.5;10.5;null;null;null;null;
3685785;Happy Monkey Smoothies Orange & Mango;£1.50;£0.20/100ml;Multipacks & Kids;54;0.2;12.6;12.1;null;null;0.3;null;
3685783;Happy Monkey Smoothies Strawberry & Banana;£1.50;£0.20/100ml;Multipacks & Kids;54;0.2;13.2;12.7;null;null;0.3;null;
4272090;Innocent 100% Apple Juice for Kids;£2.80;£0.38/100ml;Multipacks & Kids;null;null;null;null;null;null;null;null;
4681827;Innocent 100% Tropical Juice for Kids;£2.79;£0.38/100ml;Multipacks & Kids;null;null;null;null;null;null;null;null;
4450483;Innocent Apples & Peaches Fruity Water for Kids;£1.98;£0.27/100ml;Multipacks & Kids;null;null;null;null;null;null;null;null;
3015709;Innocent Fruit Tubes for Kids Pineapples & Mangoes;£1.99;£0.82/100ml;Multipacks & Kids;51;0.3;11.2;null;0.2;null;null;null;
3015711;Innocent Fruit Tubes for Kids Strawberries & Raspberries;£1.99;£0.82/100ml;Multipacks & Kids;39;0.3;8.5;null;null;null;null;null;
1639107;Innocent Kids Smoothie Apple Blackcurrant;£2.80;£0.38/100ml;Multipacks & Kids;54;0.3;14.2;null;0.1;null;0.1;null;
2251817;Innocent Kids Smoothie Peach Passionfruit;£2.80;£0.38/100ml;Multipacks & Kids;null;null;null;null;null;null;null;null;
1843783;Innocent Kids Smoothie Strawberry Blackberry Raspberry;£2.80;£0.38/100ml;Multipacks & Kids;42;0.4;9.5;null;0.1;null;null;null;
4786176;Innocent Antioxidant Super Smoothie Kiwi, Lime & Wheatgrass;£2.00;£0.26/100ml;Chilled Smoothies;57;0.5;13;null;0.5;0.1;null;0;
4786174;Innocent Defence Super Smoothie Mango, Pumpkin & Echinacea;£2.00;£0.26/100ml;Chilled Smoothies;54;0.5;12;null;0.6;0.1;null;0;
4786172;Innocent Energise Smoothie Strawberry, Cherry & Guarana;£2.00;£0.26/100ml;Chilled Smoothies;59;0.5;13;null;0.5;0.1;null;0;
1641332;ASDA Smoothie Orange Mango Passionfruit;£1.00;£0.13/100ml;Chilled Smoothies;null;0.5;12.8;12.8;0.1;null;1.1;null;
3587470;ASDA Smoothie Pineapple Banana Coconut;£0.89;£0.11/100ml;Chilled Smoothies;null;0.7;13.6;12.3;1.1;0.9;1.0;null;
1640981;ASDA Smoothie Strawberry Banana;£0.89;£0.11/100ml;Chilled Smoothies;null;0.7;13.2;13.2;null;null;1.8;null;
3670121;Don Simon Disney Pixar Cars Tropical Smoothie;£1.28;£0.21/100ml;Chilled Smoothies;null;null;null;null;null;null;null;null;
3670124;Don Simon Disney Princess Strawberry & Raspberry Smoothie;£1.28;£0.21/100ml;Chilled Smoothies;null;null;null;null;null;null;null;null;
3685785;Happy Monkey Smoothies Orange & Mango;£1.50;£0.20/100ml;Chilled Smoothies;54;0.2;12.6;12.1;null;null;0.3;null;
3685783;Happy Monkey Smoothies Strawberry & Banana;£1.50;£0.20/100ml;Chilled Smoothies;54;0.2;13.2;12.7;null;null;0.3;null;
3725727;Innocent Smoothie Kiwi, Apple & Lime;£2.78;£0.37/100ml;Chilled Smoothies;null;null;null;null;null;null;null;null;
4463185;Innocent Apples & Limes;£1.79;£0.71/100ml;Chilled Smoothies;null;null;null;null;null;null;null;null;
3725735;Innocent Smoothie Pineapple, Banana & Coconut;£2.78;£0.37/100ml;Chilled Smoothies;null;null;null;null;null;null;null;null;
3725733;Innocent Smoothie Pomegranate, Blueberry & Acai;£2.78;£0.37/100ml;Chilled Smoothies;null;null;null;null;null;null;null;null;
3725729;Innocent Smoothie Blackberry, Strawberry & Blackcurrant;£2.78;£0.37/100ml;Chilled Smoothies;null;0.5;12.3;null;0.1;0.1;null;0;
4748834;Innocent Antioxidant Super Smoothie;£2.00;£0.55/100ml;Chilled Smoothies;null;null;null;null;null;null;null;null;
4063221;Innocent Cherries & Strawberries Smoothie for Kids;£2.80;£1.56/100ml;Chilled Smoothies;null;null;null;null;null;null;null;null;
4748836;Innocent Defence Super Smoothie;£2.00;£0.55/100ml;Chilled Smoothies;null;null;null;null;null;null;null;null;
4748832;Innocent Energise Super Smoothie;£2.00;£0.55/100ml;Chilled Smoothies;null;null;null;null;null;null;null;null;
3015709;Innocent Fruit Tubes for Kids Pineapples & Mangoes;£1.99;£0.82/100ml;Chilled Smoothies;51;0.3;11.2;null;0.2;null;null;null;
3015711;Innocent Fruit Tubes for Kids Strawberries & Raspberries;£1.99;£0.82/100ml;Chilled Smoothies;39;0.3;8.5;null;null;null;null;null;
1639105;Innocent Kids Smoothie Orange Mango Pineapple;£2.80;£0.38/100ml;Chilled Smoothies;60;1.4;13.1;null;0.2;null;null;null;
4463183;Innocent Pure Fruit Smoothie Mangoes & Passion Fruits;£1.79;£0.71/100ml;Chilled Smoothies;null;null;null;null;null;null;null;null;
4463181;Innocent Pure Fruit Smoothie Strawberries & Bananas;£1.79;£0.71/100ml;Chilled Smoothies;null;null;null;null;null;null;null;null;
3725731;Innocent Smoothie Mango & Passion Fruit;£2.78;£0.37/100ml;Chilled Smoothies;null;null;null;null;null;null;null;null;
3725737;Innocent Smoothie Strawberry & Banana;£2.78;£0.37/100ml;Chilled Smoothies;null;null;null;null;null;null;null;null;
4748870;Naked Antioxidant Apple, Pineapple & Kiwi Juice Smoothie;£2.00;£0.44/100ml;Chilled Smoothies;null;0.8;11.7;null;0;0;1.3;0;
4748866;Naked Superfood Blueberry Smoothie;£2.00;£0.44/100ml;Chilled Smoothies;null;0.4;11.6;null;0;0;1.3;0;
2337413;ASDA Chosen by You Strawberry & Banana Smoothie;£1.00;£4.00/lt;Chilled Smoothies;null;null;null;null;null;null;null;null;
4844137;Cathedral City Mild Cheddar;£4.00;£7.27/kg;Mild Cheese;null;25.4;0.1;0.1;34.9;21.7;null;1.8;
3658566;Cathedral City Mild Cheddar 350g;£3.90;£11.14/kg;Mild Cheese;null;25.4;0.1;0.1;34.9;21.7;null;null;
4951821;ASDA Chosen by You Mild British Cheddar 800g;£3.84;£4.80/kg;Mild Cheese;null;26;0.5;0.5;32;21;0;1.8;
4951843;ASDA Chosen by You 30% Less Fat Mild Light British Cheese 800g;£3.84;£4.80/kg;Mild Cheese;null;28;2.3;0.5;22;15;0;2.0;
4951779;ASDA Chosen by You British Mild Cheddar 500g;£2.44;£4.88/kg;Mild Cheese;392;26;0.5;0.5;32;21;0;1.8;
4951745;ASDA Chosen by You British Mild Cheddar 250g;£1.74;£6.96/kg;Mild Cheese;null;26;0.5;0.5;32;21;0;1.8;
4951771;ASDA Chosen by You Lighter Mild Cheddar 250g;£1.74;£6.96/kg;Mild Cheese;null;28;2.3;0.5;22;15;0;2.0;
4951849;ASDA Smartprice Mild White Cheddar 830g;£3.84;£4.63/kg;Mild Cheese;null;26;0.5;0.5;32;21;0;1.8;
4951813;ASDA Chosen by You Lighter Mild Cheddar 500g;£2.44;£4.88/kg;Mild Cheese;321;28;2.3;0.5;22;15;0;2.0;
4951781;ASDA Chosen by You British Medium Cheddar 500g;£2.44;£4.88/kg;Medium Cheese;392;26;0.5;0.5;32;21;0;1.8;
4833366;ASDA Extra Special English Cheeseboard Trio 155g;£3.00;£19.35/kg;Medium Cheese;391;22.3;0.1;0.1;33.5;21.0;null;2.0;
4366085;Saxon Cross Cheddar 200g;£2.00;£10.00/kg;Medium Cheese;null;25.5;0.1;null;34.4;21.7;null;null;
4744492;Wensleydale Creamery Yorkshire Wensleydale 320g;£3.00;£9.38/kg;Medium Cheese;null;23.7;0.1;0.1;31.8;21.1;null;1.3;
4342883;Cricketers Rugged Mature Cheddar 125g;£1.30;£10.40/kg;Medium Cheese;null;25.0;0.1;0.1;34.4;21.7;null;1.8;
4366095;Hotos New Zealand Mature Cheddar 200g;£2.50;£12.50/kg;Medium Cheese;null;23.01;0.1;0.1;36.0;23.2;null;null;
4366089;Monterey Jack Cheese 180g;£1.50;£8.33/kg;Medium Cheese;null;18.7;0.1;0.1;29.0;17.0;null;null;
4347406;Grandma Singlton's Apricot Cheese 100g;£1.28;£12.80/kg;Medium Cheese;null;null;null;null;null;null;null;null;
4347410;Grandma Singlton's Creamy Cranberry Cheese 100g;£1.28;£12.80/kg;Medium Cheese;null;null;null;null;null;null;null;null;
4347408;Grandma Singlton's Apple Pie Cheese 100g;£1.28;£12.80/kg;Medium Cheese;null;null;null;null;null;null;null;null;
4951815;ASDA Chosen by You Lighter Medium Cheddar 500g;£2.44;£4.88/kg;Medium Cheese;321;28;2.3;0.5;22;15;0;2.0;
4952049;Anchor Mature Cheddar 500g;£5.00;£10.00/kg;Mature Cheese;null;25.5;0.1;0.1;32.0;20.8;null;1.80;
4952033;Seriously Strong Mature Lighter Cheese 300g;£3.50;£11.67/kg;Mature Cheese;null;27.2;0.1;0.1;22.4;13.4;null;1.80;
3884770;Cathedral City Twin Pack Mature & Extra Mature 700g;£7.48;£10.69/kg;Mature Cheese;null;25.4;0.1;0.1;34.9;21.7;null;1.8;
4844135;Cathedral City Mature Lighter Cheddar;£4.00;£7.27/kg;Mature Cheese;null;28.6;0.1;0.1;21.8;14.9;null;1.8;
4322191;Cathedral City Mature Cheddar;£4.00;£7.27/kg;Mature Cheese;null;25.4;0.1;0.1;34.9;21.7;null;1.8;
1842912;Cathedral City Mature Cheddar Twin Pack;£3.87;£5.53/kg;Mature Cheese;null;25.4;0.1;0.1;34.9;21.7;null;1.8;
3658568;Cathedral City Mature Cheddar 350g;£3.90;£11.14/kg;Mature Cheese;null;25.4;0.1;0.1;34.9;21.7;null;1.8;
215284;Cathedral City Cheddar Mature White 200g;£2.50;£12.50/kg;Mature Cheese;null;25.4;0.1;0.1;34.9;21.7;null;1.8;
4844139;Cathedral City Smoked Mature Cheddar 180g;£2.00;£11.11/kg;Mature Cheese;null;25.4;0.2;0.1;34.8;21.7;null;1.8;
4951823;ASDA Chosen by You Mature British Cheddar 800g;£3.84;£4.80/kg;Mature Cheese;null;26;0.5;0.5;32;21;0;1.8;
4951783;ASDA Chosen by You British Mature Cheddar 500g;£2.44;£4.88/kg;Mature Cheese;392;26;0.5;0.5;32;21;0;1.8;
4951847;ASDA Chosen by You 30% Less Fat Mature Light British Cheese 800g;£3.84;£4.80/kg;Mature Cheese;null;28;2.3;0.5;22;15;0;2.0;
4951817;ASDA Chosen by You Lighter Mature Cheddar 500g;£2.44;£4.88/kg;Mature Cheese;321;28;2.3;0.5;22;15;0;2.0;
4951777;ASDA Chosen by You 50% Less Fat Mature British Cheese 250g;£1.74;£6.96/kg;Mature Cheese;null;33;0.5;0.5;16;10;0;2.0;
4951747;ASDA Chosen by You British Mature Cheddar 250g;£1.74;£6.96/kg;Mature Cheese;null;26;0.5;0.5;32;21;0;1.8;
4951773;ASDA Chosen by You Lighter Mature Cheddar 250g;£1.74;£6.96/kg;Mature Cheese;null;28;2.3;0.5;22;15;0;2.0;
4838910;ASDA Extra Special Wyke Farms Rich & Savoury Mature Cheddar;£1.50;£6.67/kg;Mature Cheese;null;25.0;0.1;0.1;34.4;21.7;null;1.8;
4322403;ASDA Mature Somerset Cheddar 300g;£2.00;£6.67/kg;Mature Cheese;null;25.0;0.1;0.1;34.4;21.7;null;1.8;
4553854;Anchor Mature Cheddar 350g;£3.50;£10.00/kg;Mature Cheese;null;25.5;0.1;0.1;32.0;20.8;null;1.80;
4553858;Anchor Lighter Mature Cheddar 350g;£3.50;£10.00/kg;Mature Cheese;null;27.7;3.0;null;22.3;14.6;null;1.6;
4636729;Seriously Strong Mature Cheese 500g;£5.48;£10.96/kg;Mature Cheese;null;null;null;null;null;null;null;null;
4479030;Seriously Strong Mature 350g;£3.50;£10.00/kg;Mature Cheese;null;25.4;0.1;0.1;34.9;21.7;null;1.80;
4636723;Seriously Strong Mature Cheese 200g;£2.50;£12.50/kg;Mature Cheese;null;null;null;null;null;null;null;null;
4322211;Davidstow Mature Cheddar Cornish Classic 350g;£4.75;£13.57/kg;Mature Cheese;null;25.4;0.1;0.1;34.9;21.7;null;1.8;
4456054;Wyke Farm Mature Cheddar Family Pack;£3.00;£6.00/kg;Mature Cheese;null;null;null;null;null;null;null;null;
4502220;Wyke Farm Ivy's Mature Cheddar 450g;£3.00;£6.67/kg;Mature Cheese;null;null;null;null;null;null;null;null;
4184319;Wyke Farm Cheddar Mature 350g;£3.50;£10.00/kg;Mature Cheese;null;null;null;null;null;null;null;null;
4502222;Wyke Farm Ivy's Mature Cheddar 450g;£3.00;£6.67/kg;Mature Cheese;null;null;null;null;null;null;null;null;
4585742;Wyke Farm Ivy's Mature Cheddar 150g;£1.50;£10.00/kg;Mature Cheese;null;25.0;0.1;0.1;34.4;21.7;null;null;
4184321;Wyke Farm Cheddar Extra Mature 350g;£3.50;£10.00/kg;Mature Cheese;null;null;null;null;null;null;null;null;
4342881;Lye Cross Farm Mature Cheddar 130g;£1.30;£10.00/kg;Mature Cheese;null;25.5;0.1;0.1;34.4;21.7;null;1.8;
4593871;Colliers Mature Celtic Cheddar 350g;£2.00;£5.71/kg;Mature Cheese;null;25.4;0.1;0.1;34.9;21.7;null;1.7;
3001306;Butlers Cheddar Mature 200g;£1.62;£8.10/kg;Mature Cheese;null;25.4;0.1;0.1;34.9;21.7;0;1.8;
2982425;Joseph Heler Mature Cheddar 200g;£1.72;£8.60/kg;Mature Cheese;null;25.4;0.1;0.1;34.9;21.7;null;1.75;
2755162;Weight Watchers Mature Cheese Reduced Fat;£1.87;£9.35/kg;Mature Cheese;217;31.0;0.1;0.1;10.3;6.7;0.1;1.9;
4636753;ASDA Chosen by You Somerset Mature Cheddar Sweet Chilli & Peri Peri;£1.00;£6.67/kg;Mature Cheese;null;22.2;4.6;1.7;29.7;17.4;0.5;1.7;
4897567;ASDA Chosen by You British Cheese Selection 490g;£5.00;£10.20/kg;Mature Cheese;null;25.5;0.1;0.1;32.0;20.8;null;1.8;
647991;Seriously Strong Original Extra Mature Cheddar 200g;£2.50;£12.50/kg;Mature Cheese;null;25.4;0.1;0.1;34.9;21.7;null;1.80;
4951851;ASDA Smartprice Mature White Cheddar 830g;£3.84;£4.63/kg;Mature Cheese;null;26;0.5;0.5;32;21;0;1.8;
3364856;Cathedral City Cheddar Extra Mature 350g;£3.90;£11.14/kg;Extra Mature Cheese;null;25.4;0.1;0.1;34.9;21.7;null;1.8;
513478;Cathedral City Cheddar Extra Mature White;£2.50;£12.50/kg;Extra Mature Cheese;null;25.4;0.1;0.1;34.9;21.7;null;1.8;
4951825;ASDA Chosen by You Extra Mature British Cheddar 800g;£3.84;£4.80/kg;Extra Mature Cheese;null;26;0.5;0.5;32;21;0;1.8;
4951785;ASDA Chosen by You British Extra Mature Cheddar 500g;£2.44;£4.88/kg;Extra Mature Cheese;392;26;0.5;0.5;32;21;0;1.8;
4951819;ASDA Chosen by You Lighter Extra Mature Cheddar 500g;£2.44;£4.88/kg;Extra Mature Cheese;321;28;2.3;0.5;22;15;0;2.0;
4951749;ASDA Chosen by You British Extra Mature Cheddar 250g;£1.74;£6.96/kg;Extra Mature Cheese;null;26;0.5;0.5;32;21;0;1.8;
4951775;ASDA Chosen by You Lighter Extra Mature Cheddar 250g;£1.74;£6.96/kg;Extra Mature Cheese;null;28;2.3;0.5;22;15;0;2.0;
4838912;ASDA Extra Special Wyke Farms Strong & Complex Extra Mature Cheddar;£1.50;£7.50/kg;Extra Mature Cheese;null;25.0;0.1;0.1;34.4;21.7;null;1.8;
4479034;Seriously Strong Extra Mature Cheddar 500g;£5.74;£11.48/kg;Extra Mature Cheese;null;null;null;null;null;null;null;null;
4553856;Anchor Anchor Extra Mature Cheddar 350g;£3.50;£10.00/kg;Extra Mature Cheese;null;25.5;0.1;0.1;32.0;20.8;null;1.80;
4322405;ASDA Extra Mature Somerset Cheddar 300g;£2.00;£6.67/kg;Extra Mature Cheese;null;25.0;0.1;0.1;34.4;21.7;null;1.8;
3891592;Seriously Strong Extra Mature White Cheddar 350g;£3.50;£10.00/kg;Extra Mature Cheese;null;25.4;0.1;0.1;34.9;21.7;null;1.80;
3158128;Seriously Strong Cheddar Spread;£1.87;£7.48/kg;Extra Mature Cheese;null;16;1.5;1.5;26;18;null;2.3;
4456056;Wyke Farm Extra Mature Cheddar Family Pack;£3.00;£6.00/kg;Extra Mature Cheese;null;null;null;null;null;null;null;null;
4502224;Wyke Farm Ivy's Extra Mature Cheddar 400g;£3.00;£7.50/kg;Extra Mature Cheese;null;null;null;null;null;null;null;null;
2128769;Royal Canadian Cheddar Vintage 250g;£2.48;£9.92/kg;Extra Mature Cheese;null;25.0;0.1;0.1;34.0;22.5;null;null;
3160317;Butlers Cheddar Super Strong 200g;£1.62;£8.10/kg;Extra Mature Cheese;null;25.4;0.1;0.1;34.9;21.7;0;1.8;
4952033;Seriously Strong Mature Lighter Cheese 300g;£3.50;£11.67/kg;Lighter Cheese;null;27.2;0.1;0.1;22.4;13.4;null;1.80;
3364858;Cathedral City Cheddar Mature Lighter 350g;£3.90;£11.14/kg;Lighter Cheese;null;28.6;0.1;0.1;21.8;14.9;null;1.8;
2503413;Cathedral City Cheddar Mature Lighter 200g;£2.50;£12.50/kg;Lighter Cheese;null;28.6;0.1;0.1;21.8;14.9;null;1.8;
4951847;ASDA Chosen by You 30% Less Fat Mature Light British Cheese 800g;£3.84;£4.80/kg;Lighter Cheese;null;28;2.3;0.5;22;15;0;2.0;
4951843;ASDA Chosen by You 30% Less Fat Mild Light British Cheese 800g;£3.84;£4.80/kg;Lighter Cheese;null;28;2.3;0.5;22;15;0;2.0;
4951817;ASDA Chosen by You Lighter Mature Cheddar 500g;£2.44;£4.88/kg;Lighter Cheese;321;28;2.3;0.5;22;15;0;2.0;
4951813;ASDA Chosen by You Lighter Mild Cheddar 500g;£2.44;£4.88/kg;Lighter Cheese;321;28;2.3;0.5;22;15;0;2.0;
4951819;ASDA Chosen by You Lighter Extra Mature Cheddar 500g;£2.44;£4.88/kg;Lighter Cheese;321;28;2.3;0.5;22;15;0;2.0;
4951815;ASDA Chosen by You Lighter Medium Cheddar 500g;£2.44;£4.88/kg;Lighter Cheese;321;28;2.3;0.5;22;15;0;2.0;
4310182;ASDA 30% Less Fat Red British Cheese 350g;£2.00;£5.71/kg;Lighter Cheese;null;27.5;0.1;0.1;21.7;13.5;null;1.8;
4951775;ASDA Chosen by You Lighter Extra Mature Cheddar 250g;£1.74;£6.96/kg;Lighter Cheese;null;28;2.3;0.5;22;15;0;2.0;
4951777;ASDA Chosen by You 50% Less Fat Mature British Cheese 250g;£1.74;£6.96/kg;Lighter Cheese;null;33;0.5;0.5;16;10;0;2.0;
4951773;ASDA Chosen by You Lighter Mature Cheddar 250g;£1.74;£6.96/kg;Lighter Cheese;null;28;2.3;0.5;22;15;0;2.0;
4951771;ASDA Chosen by You Lighter Mild Cheddar 250g;£1.74;£6.96/kg;Lighter Cheese;null;28;2.3;0.5;22;15;0;2.0;
4508205;Lactofree Mature Cheddar Cheese 200g;£1.78;£8.90/kg;Lighter Cheese;null;25.5;0.1;0.1;32;6.24;null;0.5;
4322205;Cathedral City Vintage 20 300g;£3.90;£13.00/kg;Vintage Cheese;null;25.4;0.1;0.1;34.9;21.7;null;1.8;
4952037;Seriously Strong Intense & Crumbly Vintage Cheddar 300g;£3.50;£11.67/kg;Vintage Cheese;null;25.4;0.1;0.1;34.9;21.7;null;1.80;
4838914;ASDA Extra Special Wyke Farms Intense & Complex Vintage Reserve Cheddar;£1.50;£7.50/kg;Vintage Cheese;null;25.0;0.1;0.1;34.4;21.7;null;1.8;
3883760;Wyke Farm Cheddar Vintage 300g;£3.50;£11.67/kg;Vintage Cheese;null;null;null;null;null;null;null;null;
4951841;ASDA Chosen by You Red Leicester British Cheese 800g;£3.84;£4.80/kg;Red Leicester & Double Gloucester;null;26;0.5;0.5;32;21;0.5;1.8;
4951811;ASDA Chosen by You Double Gloucester 500g;£2.44;£4.88/kg;Red Leicester & Double Gloucester;411;25;0.5;0.5;35;22;0;1.8;
4951769;ASDA Chosen by You Double Gloucester British Cheese 250g;£1.74;£6.96/kg;Red Leicester & Double Gloucester;null;25;0.5;0.5;35;22;0;1.8;
4951767;ASDA Chosen by You Red Leicester British Cheese 250g;£1.74;£6.96/kg;Red Leicester & Double Gloucester;null;26;0.5;0.5;32;21;0;1.8;
1910186;ASDA Double Gloucester Cheese 250g;£2.00;£8.00/kg;Red Leicester & Double Gloucester;null;24.4;0.1;0.1;34.0;21.3;null;1.5;
1910188;ASDA Red Leicester Cheese 250g;£2.00;£8.00/kg;Red Leicester & Double Gloucester;null;23.8;0.1;0.1;33.7;21.1;null;1.6;
4833362;ASDA Extra Special Butlers Traditional Nutty Farmhouse Red Leicester 200g;£2.20;£11.00/kg;Red Leicester & Double Gloucester;null;23.2;0.1;0.1;33.6;23.4;null;1.7;
4828476;ASDA Chosen By You Double Gloucester with Onion & Chives;£1.00;£6.67/kg;Red Leicester & Double Gloucester;null;22.4;5.5;1.7;30.9;19.0;0.5;1.8;
4847279;Butlers Double Gloucester with Tomato & Olive Tapenade 180g;£2.00;£11.11/kg;Red Leicester & Double Gloucester;null;24.8;1.8;0.2;30.2;19.2;0.6;2.0;
4847273;Butlers Farmhouse Fusion Red Leicester & Smoked Chilli 180g;£2.00;£11.11/kg;Red Leicester & Double Gloucester;null;22.8;3.0;0.3;32.6;23.0;0.9;1.6;
4847277;Butlers Farmhouse Fusions Double Gloucester & Peppadew 180g;£2.00;£11.11/kg;Red Leicester & Double Gloucester;null;23.9;2.0;0.9;30.8;20.8;0.5;1.8;
4842584;Butlers Oak Smoked Rothbury Red Cheese 200g;£2.60;£13.00/kg;Red Leicester & Double Gloucester;null;24.9;0.1;0.1;34.5;21.6;0;1.72;
4342885;Belton Farm Red Leicester 150g;£1.30;£8.67/kg;Red Leicester & Double Gloucester;null;23.8;0.1;null;33.7;null;null;null;
3881853;Butlers Farmhouse Red Leicester Cheese 100g;£1.28;£12.80/kg;Red Leicester & Double Gloucester;null;24.9;0.1;0.1;34.5;21.6;null;null;
2877966;Butlers Red Leicester 200g;£1.62;£8.10/kg;Red Leicester & Double Gloucester;null;24.9;0.1;0.1;34.5;21.6;0;1.72;
2877968;Butlers Double Gloucester 200g;£1.62;£8.10/kg;Red Leicester & Double Gloucester;null;24.9;0.1;0.1;34.5;21.6;0;1.72;
2708759;Joseph Heler Red Leicester 200g;£1.72;£8.60/kg;Red Leicester & Double Gloucester;null;24.9;0.1;0.1;34.5;21.6;null;1.75;
2708761;Joseph Heler Double Gloucester 200g;£1.72;£8.60/kg;Red Leicester & Double Gloucester;null;24.9;0.1;0.1;34.5;21.6;null;1.75;
4951855;ASDA Smartprice Double Gloucester 830g;£3.84;£4.63/kg;Red Leicester & Double Gloucester;null;25;0.5;0.5;35;22;0.5;1.8;
4951853;ASDA Smartprice Red Leicester 830g;£3.84;£4.63/kg;Red Leicester & Double Gloucester;null;26;0.5;0.5;32;21;0.5;1.8;
4951809;ASDA Chosen by You Red Leicester 500g;£2.44;£4.88/kg;Red Leicester & Double Gloucester;null;25.5;0.1;0.1;32.0;20.8;null;1.8;
4828478;ASDA Chosen by You Wensleydale with Double Chocolate & Orange;£1.00;£6.67/kg;White Crumblies;null;16.3;18.3;13.9;26.9;16.7;1.1;1.0;
4833358;ASDA Extra Special Butlers Creamy Farmhouse Lancashire 200g;£2.00;£10.00/kg;White Crumblies;null;22.8;0.1;0.1;32.8;23.1;null;1.7;
4833360;ASDA Extra Special Butlers Tasty Farmhouse Lancashire 200g;£2.20;£11.00/kg;White Crumblies;null;22.8;0.1;0.1;32.8;23.1;null;1.7;
4847275;Butlers Farmhouse Fusions Creamy Lancashire & Cracked Black Pepper 180g;£2.00;£11.11/kg;White Crumblies;null;23.5;1.4;0.4;31.9;21.5;1.0;1.9;
4642079;ASDA Wensleydale 250g;£1.74;£6.96/kg;White Crumblies;null;23.7;0.1;0.1;31.8;21.8;null;1.3;
3380834;ASDA Extra Special Wensleydale Yorkshire 200g;£2.00;£10.00/kg;White Crumblies;null;23.0;0.1;0.1;32.0;20.0;null;1.3;
2710913;ASDA Real Yorkshire Wensleydale;£6.78;£6.78/kg;White Crumblies;null;null;null;null;null;null;null;null;
4842480;Joseph Heler Coloured Cheshire Cheese 200g;£1.72;£8.60/kg;White Crumblies;null;24.0;0.1;0.1;31.4;19.8;null;1.3;
4642077;ASDA Lancashire 250g;£1.74;£6.96/kg;White Crumblies;null;23.7;0.1;0.1;31.8;21.1;null;1.3;
4642075;ASDA Cheshire 250g;£1.74;£6.96/kg;White Crumblies;null;23.7;0.1;0.1;31.8;21.1;null;1.3;
2693923;Butlers Creamy Lancashire 200g;£1.62;£8.10/kg;White Crumblies;null;22.8;0.1;0.1;32.8;23.1;0;1.7;
3883509;Butlers Farmhouse Creamy Lancashire Cheese 100g;£1.28;£12.80/kg;White Crumblies;null;23.7;0.1;0.1;31.8;21.1;null;null;
2693921;Butlers Lancashire Crumbly 200g;£1.62;£8.10/kg;White Crumblies;null;22.8;0.1;0.1;31.0;19.4;0;1.5;
2693925;Butlers Lancashire Tasty 200g;£1.62;£8.10/kg;White Crumblies;null;22.8;0.1;0.1;32.8;23.1;0;1.7;
3774605;Dewlay Lancashire Creamy 200g;£1.70;£8.50/kg;White Crumblies;null;23.7;0.1;0.1;31.8;21.1;null;1.5;
3774607;Dewlay Lancashire Crumbly 200g;£1.70;£8.50/kg;White Crumblies;null;23.7;0.1;0.1;31.8;21.1;null;1.5;
3774609;Dewlay Lancashire Tasty 200g;£1.75;£8.75/kg;White Crumblies;null;23.7;0.1;0.1;31.8;21.1;null;1.5;
3774615;Dewlay Tasty Lancashire Cheese 400g;£2.90;£7.25/kg;White Crumblies;null;23.7;0.1;0.1;31.8;21.1;null;1.5;
2645150;Sandhams Crumbly Lancashire;£8.98;£8.98/kg;White Crumblies;null;23.0;0.1;0.1;30.0;19.4;null;null;
2645152;Sandhams Tasty Lancashire;£8.98;£8.98/kg;White Crumblies;null;23.0;0.1;0.1;30.0;21.0;null;null;
3869022;Saddleworth Cheese Co. Lancashire Tasty 200g;£2.00;£1.00/100g;White Crumblies;null;23.7;0.1;0.1;31.8;21.1;null;1.5;
3674477;Grandma Singltons Lancashire Strong 150g;£2.00;£1.33/100g;White Crumblies;null;21.6;3.9;0.1;31.4;21.7;0.6;1.2;
2708757;Joseph Heler Cheshire Cheese 200g;£1.72;£8.60/kg;White Crumblies;null;24.0;0.1;0.1;31.4;19.8;null;1.35;
3562953;Wensleydale Creamery Yorkshire Wensleydale;£1.50;£7.50/kg;White Crumblies;null;23.7;0.1;0.1;31.8;21.1;null;1.3;
4347400;Grandma Singlton's Lancaster Gold 100g;£1.28;£12.80/kg;White Crumblies;null;null;null;null;null;null;null;null;
4842572;Butlers Farmhouse Grates Creamy Lancashire 125g;£2.00;£16.00/kg;White Crumblies;null;22.4;0.9;0.1;32.4;22.8;0;1.7;
4842582;Butlers Farmhouse Grates Tasty Lancashire 125g;£2.00;£16.00/kg;White Crumblies;null;22.4;0.9;0.1;32.4;22.8;0;1.7;
4838900;ASDA Chosen By You Cheddar & Red Leicester Grated British Cheese 250g;£2.00;£8.00/kg;Grated Cheese;389;25.0;1.7;0.1;31.4;20.4;null;1.8;
4838902;ASDA Chosen By You 30% Less Fat Mild Grated Light British Cheese 250g;£2.00;£8.00/kg;Grated Cheese;321;27.2;3.8;0.1;21.9;14.3;null;1.9;
4642107;ASDA Grated Mature Cheddar 250g;£2.00;£8.00/kg;Grated Cheese;389;25.0;1.7;0.1;31.4;20.4;null;1.8;
4642105;ASDA Medium Grated British Cheddar 250g;£2.00;£8.00/kg;Grated Cheese;389;25.0;1.7;0.1;31.4;20.4;null;1.8;
4642101;ASDA Grated Mild Cheddar 250g;£2.00;£8.00/kg;Grated Cheese;389;25.0;1.7;0.1;31.4;20.4;null;1.8;
4396999;ASDA Mature Grated Light British Cheese 250g;£2.00;£8.00/kg;Grated Cheese;325;27.7;3.0;0.1;22.3;14.6;0.5;1.6;
4639365;ASDA Half Fat Mature Grated British Cheese 200g;£2.00;£10.00/kg;Grated Cheese;279;32.7;1.6;0.1;15.8;9.9;null;1.6;
4642115;ASDA ASDA Grated Mozzarella 250g;£2.00;£8.00/kg;Grated Cheese;295;24.8;2.5;0.8;20.6;14.2;null;1.2;
4642111;ASDA ASDA Grated Red Leicester 250g;£2.00;£8.00/kg;Grated Cheese;389;25.0;1.7;0.1;31.4;20.4;null;1.8;
4642121;ASDA Fiery Cheese Mix Grated Cheese 200g;£2.00;£10.00/kg;Grated Cheese;333;25.0;1.8;0.6;25.0;16.7;0.2;1.4;
4642119;ASDA Four Cheese Mix Grated Cheese 200g;£2.00;£10.00/kg;Grated Cheese;332;24.4;1.8;0.5;25.2;16.1;null;1.6;
4642117;ASDA Grated Cheese & Mozzarella Mix 250g;£2.00;£8.00/kg;Grated Cheese;342;24.9;2.1;0.4;26.0;17.3;null;1.5;
4642113;ASDA Grated Edam 250g;£2.00;£8.00/kg;Grated Cheese;316;24.5;1.7;0.1;23.5;14.7;null;2.1;
4642109;ASDA Mature Grated British Coloured Cheddar 250g;£2.00;£8.00/kg;Grated Cheese;389;25.0;1.7;0.1;31.4;20.4;null;1.8;
4642103;ASDA Mild Grated British Coloured Cheddar 250g;£2.00;£8.00/kg;Grated Cheese;389;25.0;1.7;0.1;31.4;20.4;null;1.8;
4553864;Anchor Grated Mature Cheddar 200g;£2.38;£11.90/kg;Grated Cheese;null;25.5;1.7;25.5;31.4;20.4;null;1.80;
4322195;Cathedral City Grated Cheddar Light 180g;£2.38;£13.22/kg;Grated Cheese;null;28.2;1.6;0.1;21.5;14.7;null;1.8;
4322193;Cathedral City Grated Mature Cheddar 180g;£2.38;£13.22/kg;Grated Cheese;null;24.9;1.6;0.1;34.2;21.4;null;1.8;
4322201;Cathedral City Grated Mature Cheddar;£2.87;£8.97/kg;Grated Cheese;null;25.3;0.6;0.1;34.7;21.7;null;2;
3416513;Dewlay Cheddar Mature Grated 200g;£1.75;£8.75/kg;Grated Cheese;null;25.4;1.5;0.1;34.9;21.7;null;1.7;
3416515;Dewlay Cheddar Mild Grated 200g;£1.75;£8.75/kg;Grated Cheese;null;25.4;1.5;0.1;34.9;21.7;null;1.7;
4481758;Dewlay Cheesemakers of Garstang Light Grated Cheese 200g;£2.00;£10.00/kg;Grated Cheese;null;27;1.5;0.1;22;14.4;null;1.7;
3888883;Low Low Delightfully Creamy Grated 160g;£1.78;£11.12/kg;Grated Cheese;298;20.8;2.1;0.3;23.0;14.1;0;2;
2884399;President Emmental Grated 200g;£2.14;£10.70/kg;Grated Cheese;null;29;0.5;null;28;17;null;1;
2755164;Weight Watchers Cheese Mature Grated;£1.67;£8.35/kg;Grated Cheese;214;30.5;0.6;0.1;10.0;6.5;0.1;2.0;
2708501;Monterey Jack Grated Cheese 180g;£1.90;£10.56/kg;Grated Cheese;null;null;null;0.7;null;17.0;null;null;
4450493;ASDA Smartprice Grated Cheddar 500g;£2.21;£4.42/kg;Grated Cheese;389;25.0;1.7;0.1;31.4;20.4;null;1.8;
4842572;Butlers Farmhouse Grates Creamy Lancashire 125g;£2.00;£16.00/kg;Grated Cheese;null;22.4;0.9;0.1;32.4;22.8;0;1.7;
4842582;Butlers Farmhouse Grates Tasty Lancashire 125g;£2.00;£16.00/kg;Grated Cheese;null;22.4;0.9;0.1;32.4;22.8;0;1.7;
4545233;ASDA 10 Mature British Cheddar Slices 250g;£2.00;£8.00/kg;Natural Cheese Slices;null;25.5;0.1;0.1;32.0;20.8;null;1.8;
4545235;ASDA 10 Medium British Cheddar Slices 250g;£2.00;£8.00/kg;Natural Cheese Slices;null;25.5;0.1;0.1;32.0;20.8;null;1.8;
4545237;ASDA 10 Mild British Cheddar Slices 250g;£2.00;£8.00/kg;Natural Cheese Slices;null;25.5;0.1;0.1;32.0;20.8;null;1.8;
4639367;ASDA 50% Less Fat Mature British Cheese Slices 160g;£2.00;£12.50/kg;Natural Cheese Slices;null;32.7;0.1;0.1;15.8;9.9;null;1.6;
4434435;ASDA 30% Less Fat Mature Light British Cheese 220g;£2.00;£9.09/kg;Natural Cheese Slices;null;27.7;3.0;0.1;22.3;14.6;0.5;1.6;
4636769;ASDA Double Gloucester, Onion & Chive Slices 150g;£2.00;£13.33/kg;Natural Cheese Slices;null;22.5;6.6;2.3;29.9;18.8;0.6;1.8;
4636759;ASDA Mediterranean Cheddar Slices 150g;£2.00;£13.33/kg;Natural Cheese Slices;null;21.3;4.1;0.2;29.0;17.0;0.3;1.9;
4636757;ASDA Cheddar & Black Pepper Slices 150g;£2.00;£13.33/kg;Natural Cheese Slices;null;23.2;4.8;0.1;30.7;18.6;0.2;1.8;
4545221;ASDA 10 Mature Coloured British Cheddar Slices 250g;£2.00;£8.00/kg;Natural Cheese Slices;null;25.5;0.1;0.1;32.0;20.8;null;1.8;
4545223;ASDA 10 Mild Coloured British Cheddar Slices 250g;£2.00;£8.00/kg;Natural Cheese Slices;null;25.5;0.1;0.1;32.0;20.8;null;1.8;
4545229;ASDA 10 Gouda Slices 250g;£2.00;£8.00/kg;Natural Cheese Slices;null;23.1;0.1;0.1;30.2;20.6;null;2.0;
4545231;ASDA Edam Slices 250g;£2.00;£8.00/kg;Natural Cheese Slices;null;25.3;null;null;23.9;16.2;null;2.2;
4545225;ASDA 10 Maasdam Slices 200g;£2.00;£10.00/kg;Natural Cheese Slices;null;25.4;null;null;27.1;18.1;null;1.2;
4545227;ASDA 10 Mozzarella British Cheddar Slices 220g;£2.00;£9.09/kg;Natural Cheese Slices;null;25.3;0.9;0.8;21.0;14.5;null;1.3;
4545239;ASDA 10 Red Leicester British Cheddar Slices 250g;£2.00;£8.00/kg;Natural Cheese Slices;null;25.5;0.1;0.1;32.0;20.8;null;1.8;
4639369;ASDA German Smoked Cheese Slices 180g;£2.00;£11.11/kg;Natural Cheese Slices;null;21.0;2.0;2.0;27.0;18.6;null;1.9;
4553862;Anchor Sliced Mature Cheddar 160g;£1.98;£12.38/kg;Natural Cheese Slices;null;25.5;0.1;0.1;32.0;20.8;null;1.80;
3884772;Cathedral City Cheddar Sliced;£1.92;£9.60/kg;Natural Cheese Slices;null;25.4;0.1;0.1;34.9;21.7;null;1.8;
4322197;Cathedral City Sliced Mature Cheddar 150g;£1.94;£12.93/kg;Natural Cheese Slices;null;25.4;0.1;0.1;34.9;21.7;null;1.8;
4322199;Cathedral City Sliced Mature Lighter 150g;£1.94;£12.93/kg;Natural Cheese Slices;null;28.6;0.1;0.1;21.8;14.9;null;1.8;
2884490;Low Low Cheese Slices Mature 160g;£1.78;£11.12/kg;Natural Cheese Slices;302;26;0.2;0.2;22;13.6;0;null;
4481756;Dewlay Cheesemakers of Garstang Chilli Toaster 180g;£2.00;£11.11/kg;Natural Cheese Slices;null;23.7;0.1;0.1;31.8;21.1;null;1.5;
3160285;Dewlay Toaster Cheese 180g;£1.75;£9.72/kg;Natural Cheese Slices;null;23.7;0.1;0.1;31.8;21.1;null;1.5;
2256839;Hochland Maasdamer 150g;£1.43;£9.53/kg;Natural Cheese Slices;null;null;null;null;null;null;null;null;
3396950;Ilchester Applewood Slices 140g;£1.90;£13.57/kg;Natural Cheese Slices;null;25;0.1;0.1;34.4;21.6;null;1.8;
3396952;Ilchester Mexicana Slices 140g;£1.90;£13.57/kg;Natural Cheese Slices;null;23.7;4.7;0.6;null;18.9;null;2.0;
3396954;Jarlsberg Cheese Slices 140g;£1.90;£13.57/kg;Natural Cheese Slices;null;27;0;0;27;17;null;1.2;
3850547;Leerdammer Cheese Slices 160g;£1.70;£10.62/kg;Natural Cheese Slices;null;null;null;null;null;null;null;null;
3850549;Leerdammer Cheese Slices Lightlife 160g;£1.70;£10.62/kg;Natural Cheese Slices;null;null;null;null;null;null;null;null;
4322189;Leerdammer Toastie 150g;£1.90;£12.67/kg;Natural Cheese Slices;null;null;null;null;null;null;null;null;
2708503;Monterey Jack Cheese Slices;£1.90;£11.88/kg;Natural Cheese Slices;null;null;null;null;null;null;null;null;
4456058;Port Salut French Cheese Slices 120g;£2.00;£16.67/kg;Natural Cheese Slices;null;null;null;null;null;null;null;null;
3623440;President Emmental Slices 200g;£2.14;£10.70/kg;Natural Cheese Slices;null;null;null;null;null;null;null;null;
4322245;President Lighter Slices 10 Slices 200g;£2.00;£10.00/kg;Natural Cheese Slices;null;null;null;null;null;null;null;null;
3364780;Weight Watchers Cheese Slices;£1.67;£10.44/kg;Natural Cheese Slices;217;31.0;0.1;0.1;10.3;6.7;0.1;1.9;
4545241;ASDA Smartprice Mild Cheddar Slices 200g;£1.09;£5.45/kg;Natural Cheese Slices;null;25.5;0.1;0.1;32.0;20.8;null;1.8;
4838908;ASDA Chosen By You 30% Less Fat Mild Light British Cheese 220g;£2.00;£9.09/kg;Natural Cheese Slices;null;27.8;2.3;0.1;22.3;14.6;null;2.0;
4838904;ASDA Chosen By You Extra Mature British Cheddar Slices 250g;£2.00;£8.00/kg;Natural Cheese Slices;null;25.5;0.1;0.1;32.0;20.8;null;1.8;
4952051;ASDA Smartprice Mild Cheddar Slices 400g;£2.15;£5.38/kg;Natural Cheese Slices;null;26;0.5;0.5;32;21;0;1.8;
4896227;Viotros Violife Original Vegan Slices 200g;£2.48;£12.40/kg;Other Cheese Slices;null;0;20;0;23;21;null;3;
4838920;Billy Bear Cheddar Cheese;£1.00;£12.50/kg;Other Cheese Slices;339;22.4;2.3;0.3;26.7;16.9;null;1.8;
443616;ASDA Cheese Slices 20 400g;£1.60;£4.00/kg;Other Cheese Slices;null;16.0;4.0;4.0;22.0;14.0;null;null;
443635;ASDA Cheese Slices 20 400g;£1.60;£4.00/kg;Other Cheese Slices;null;21.0;6.5;6.5;11.0;7.0;null;null;
467583;ASDA Cheese Slices 10 200g;£1.00;£5.00/kg;Other Cheese Slices;null;16.0;4.0;4.0;22.0;14.0;null;null;
527709;ASDA Cheese Singles Light 10 200g;£1.00;£5.00/kg;Other Cheese Slices;null;21.0;6.5;6.5;11.0;7.0;null;null;
571662;Dairylea Cheese Slices Light;£1.34;£6.70/kg;Other Cheese Slices;null;null;null;null;null;null;null;null;
159638;Dairylea Cheese Slices Thick;£1.34;£6.70/kg;Other Cheese Slices;null;null;null;null;null;null;null;null;
163004;Dairylea Cheese Slices Thick;£1.87;£4.68/kg;Other Cheese Slices;null;null;null;null;null;null;null;null;
4636721;Seriously Strong Sliced Cheddar 150g;£1.94;£12.93/kg;Other Cheese Slices;null;null;null;null;null;null;null;null;
3679391;Low Low Cheese Slices for Burgers;£0.87;£4.35/kg;Other Cheese Slices;null;14.5;8.2;7.2;10;4.7;0;2.8;
2338191;Low Low Cheese Slices for Toasties;£0.87;£4.35/kg;Other Cheese Slices;null;17;6.7;6.7;10;6.6;0;null;
4661406;Marmite Cheese Slices 120g;£1.90;£15.83/kg;Other Cheese Slices;null;24.4;1.2;0.1;33.6;22.2;null;2.0;
4838906;ASDA Smartprice Cheddar Slices 200g;£1.09;£5.45/kg;Other Cheese Slices;null;25.5;0.1;0.1;32.0;20.8;null;1.8;
649174;ASDA Smartprice Cheese Slices 10 170g;£0.58;£3.41/kg;Other Cheese Slices;null;14.0;6.5;4.5;23.0;12.0;null;null;
4828500;Philadelphia Duo Cremoso Vine Ripened Tomato Speciality Soft Cheese;£1.50;£10.00/kg;Philadelphia;null;5.2;3.2;2.6;27.0;18.0;1.0;1.00;
4828498;Philadelphia Duo Cremoso Cracked Peppercorn Speciality Soft Cheese;£1.50;£10.00/kg;Philadelphia;280;5.3;3.4;2.6;27.0;18.0;1.1;1.0;
4828496;Philadelphia Duo Cremoso Garlic & Fine Herbs Speciality Soft Cheese;£1.50;£10.00/kg;Philadelphia;null;5.2;3.2;2.4;26.5;18.0;1.0;1.15;
4851784;Philadelphia Light with Smoked Ham Soft White Cheese 170g;£1.87;£11.00/kg;Philadelphia;null;7.4;5.9;5.3;9.7;6.1;0.4;1.38;
3811786;Philadelphia Soft Cheese Cadbury Chocolate 160g;£1.87;£11.69/kg;Philadelphia;null;6.1;34.5;33.5;13.0;8.1;1.8;0.53;
4767716;Philadelphia Original Soft White Cheese 180g;£1.87;£10.39/kg;Philadelphia;null;5.5;4.0;4.0;21.5;14.5;0.2;0.75;
4767728;Philadelphia Original Soft White Cheese Family Pack;£1.50;£5.36/kg;Philadelphia;null;5.5;4.0;4.0;21.5;14.5;0.2;0.75;
4767720;Philadelphia Lightest Soft White Cheese 180g;£1.87;£10.39/kg;Philadelphia;null;11.0;5.9;5.9;2.5;1.8;0.4;0.80;
4952025;Philadelphia Original Lactose Free Full Fat Soft Cheese 170g;£1.99;£11.71/kg;Philadelphia;null;4.5;2.7;2.7;27.5;19.5;0.3;0.85;
4181509;Philadelphia Mini Soft Cheese Lightest 35g;£1.87;£13.36/kg;Philadelphia;null;11.0;5.9;5.9;2.5;1.8;0.4;0.80;
4767726;Philadelphia Light with Sweet Chilli Soft White Cheese Family Pack;£1.50;£5.56/kg;Philadelphia;null;6.8;7.3;7.1;10;6.6;0.5;0.78;
4767708;Philadelphia Light with Sweet Chilli Soft White Cheese 170g;£1.87;£11.00/kg;Philadelphia;null;null;null;null;null;null;null;null;
4767706;Philadelphia Light with Spring Onion & Black Pepper Soft White Cheese 170g;£1.87;£11.00/kg;Philadelphia;null;6.7;5.6;5.3;9.8;6.3;0.5;1.3;
4767712;Philadelphia Light with Salmon & Dill Soft White Cheese 170g;£1.87;£11.00/kg;Philadelphia;null;7.3;5.1;4.6;10;6.2;0.5;1.23;
4851786;Philadelphia Light Mediterranean Tomatoes Soft White Cheese 170g;£1.87;£11.00/kg;Philadelphia;null;6.7;6.0;5.7;10.0;6.2;0.8;1.15;
4767722;Philadelphia Light with Garlic and Herbs Soft White Cheese Family Pack;£1.50;£5.56/kg;Philadelphia;null;7.3;5.4;5.3;10.5;6.9;0.5;1.15;
4767724;Philadelphia Light with Chives Soft White Cheese Family Pack;£1.50;£5.56/kg;Philadelphia;null;7.4;5.2;5.0;11;7.1;0.6;1.25;
4767702;Philadelphia Light with Garlic & Herbs Soft White Cheese 170g;£1.87;£11.00/kg;Philadelphia;null;7.3;5.4;5.3;10.5;6.9;0.5;1.15;
4767704;Philadelphia Light with Chives Soft White Cheese 170g;£1.87;£11.00/kg;Philadelphia;151;7.4;5.2;5.0;11;7.1;0.6;1.25;
4767718;Philadelphia Light Soft White Cheese 180g;£1.87;£10.39/kg;Philadelphia;null;7.4;5.1;5.1;11;7.2;0.5;0.80;
4767730;Philadelphia Light Soft White Cheese Family Pack;£1.50;£5.36/kg;Philadelphia;null;7.4;5.1;5.1;11.0;7.2;0.5;0.80;
4322227;Philadelphia Simply Stir Cooking Sauce Mushroom;£1.47;£7.35/kg;Philadelphia;137;2.3;4.2;1.2;12.5;7.1;0.3;null;
4639351;Philadelphia Simply Stir Creamy Peppercorn Cooking Sauce;£1.47;£7.35/kg;Philadelphia;null;2.4;5.0;1.7;12.0;6.6;0.2;1.2;
4322229;Philadelphia Simply Stir Cooking Sauce Garlic & Herbs;£1.47;£7.35/kg;Philadelphia;null;2.5;4.6;1.3;12.0;7.0;0.4;1.15;
4838888;ASDA Chosen by You 50% Less Fat Blueberry Light Soft Cheese;£0.74;£3.70/kg;ASDA Chosen by You;null;7.5;12.9;9.8;11.2;7.4;null;0.5;
4828438;ASDA Chosen by You Spreadable Goats' Cheese 150g;£2.00;£13.33/kg;ASDA Chosen by You;null;10.5;1.4;1.0;17.3;12.2;null;1.3;
4828440;ASDA Chosen by You Spreadable Goats' Cheese with Honey 150g;£2.00;£13.33/kg;ASDA Chosen by You;null;11.1;10.7;10.4;14.4;10.2;null;0.9;
4310170;ASDA Original Soft Cheese 300g;£1.10;£3.67/kg;ASDA Chosen by You;null;5.1;2.8;2.8;25.1;16.0;null;0.6;
3844549;ASDA Soft Cheese Plain;£0.74;£3.70/kg;ASDA Chosen by You;null;5.1;2.8;2.8;25.1;16.0;null;0.6;
2538709;ASDA Chosen by You Garlic & Herb Roule;£0.97;£6.47/kg;ASDA Chosen by You;null;7.1;4.7;2.8;28.7;19.6;0.7;1.3;
4462323;ASDA French Chilli Roule;£0.97;£7.76/kg;ASDA Chosen by You;null;6.5;7.1;4.2;24.7;16.3;2.5;1.2;
4310166;ASDA 40% Less Fat Pesto Light Soft Cheese;£0.74;£3.70/kg;ASDA Chosen by You;null;9.2;3.4;3.1;13.0;8.1;0.2;0.6;
4310172;ASDA 50% Less Fat Light Soft Cheese 300g;£1.10;£3.67/kg;ASDA Chosen by You;null;11.0;2.9;2.9;11.0;7.0;null;0.6;
4310168;ASDA Chosen by You 50% Less Fat Light Soft Cheese;£0.74;£3.70/kg;ASDA Chosen by You;null;11.0;2.9;2.9;11.0;7.0;null;0.6;
4374146;ASDA 50% Less Fat Onion & Chives Light Soft Cheese;£0.74;£3.70/kg;ASDA Chosen by You;null;10.9;3.8;2.9;11.0;7.0;0.3;0.6;
4310162;ASDA Chosen by You 50% Less Fat Sweet Chilli Light Soft Cheese;£0.74;£3.70/kg;ASDA Chosen by You;null;8.9;7.6;7.3;11.2;7.1;null;0.6;
4434437;ASDA Chocolate Soft Cheese;£0.74;£3.70/kg;ASDA Chosen by You;null;4.6;26.5;24.4;20.0;12.6;2.4;0.6;
3844557;ASDA Soft Cheese Chilli;£0.74;£3.70/kg;ASDA Chosen by You;null;11.0;3.5;2.9;11.1;7.1;0.2;0.6;
3844561;ASDA Chosen by You 50% Less Fat Garlic & Herbs Light Soft Cheese;£0.74;£3.70/kg;ASDA Chosen by You;null;10.6;3.1;2.9;11.0;7.0;null;0.6;
3844551;ASDA Soft Cheese Pineapple;£0.74;£3.70/kg;ASDA Chosen by You;null;8.4;9.5;6.9;11.0;7.0;0.5;0.6;
3146749;ASDA Smartprice Soft Cheese 250g;£0.61;£2.44/kg;ASDA Chosen by You;null;4.6;2.5;2.5;22.5;14.4;1.2;0.6;
4828452;ASDA Chosen by You French Soft Goats' Cheese 125g;£1.50;£12.00/kg;ASDA Chosen by You;null;16.5;2.4;2.4;19.0;13.8;null;1.2;
4828454;ASDA Chosen by You French Soft Goats' Cheese Garlic & Herb 125g;£1.50;£12.00/kg;ASDA Chosen by You;null;16.5;2.4;2.4;19.0;13.8;null;1.2;
4833370;ASDA Chosen by You Roule Black Pepper;£0.97;£7.76/kg;ASDA Chosen by You;null;7.1;6.7;2.8;29.3;19.9;0.9;1.3;
4833346;Cheestrings Spread;£0.87;£6.96/kg;Cheese Spreads;237;12;6.7;6.7;18;11;null;1.9;
4842568;Blacksticks Blue Cheese Pots 150g;£2.48;£16.53/kg;Cheese Spreads;null;16.0;3.0;1.3;29.9;20.6;null;null;
4842574;Butlers Lancashire Cheese Pots 150g;£2.48;£16.53/kg;Cheese Spreads;null;13.3;2.3;0.9;25.5;17.4;null;0.5;
4842576;Butlers Red Leicester Cheese Pots 150g;£2.48;£16.53/kg;Cheese Spreads;null;14.7;2.0;1.7;null;13.9;null;0.5;
4454349;ASDA Cheesey Spread;£1.00;£8.00/kg;Cheese Spreads;256;13.5;5.5;5.5;20.0;12.8;null;1.9;
1934670;ASDA Mild Cheesy Spread;£0.84;£6.72/kg;Cheese Spreads;254;10.0;8.5;8.5;20.0;12.0;null;1.9;
4454347;ASDA Mild Cheesy Spread 50% Less Fat;£0.84;£6.72/kg;Cheese Spreads;157;14.0;9.5;9.5;7.0;4.0;null;1.9;
3493556;Low Low Cheddar Spread;£0.87;£0.0/g;Cheese Spreads;null;13;5;5;15;9.5;0;null;
3493558;Low Low Cheese Spread Black Pepper;£0.87;£0.69/100g;Cheese Spreads;null;13;5;5;15;9.5;0;null;
3670352;Low Low Mature Cheddar Spread with Chilli & Red Pepper;£0.87;£6.96/kg;Cheese Spreads;null;13;5;5;15;9.5;0;null;
3158128;Seriously Strong Cheddar Spread;£1.87;£7.48/kg;Cheese Spreads;null;16;1.5;1.5;26;18;null;2.3;
2767167;Seriously Strong Cheese Spread Chilli;£0.87;£6.96/kg;Cheese Spreads;null;15.5;1.5;1.5;25.5;18;null;2.5;
2767169;Seriously Strong Cheese Spread Smokey;£0.87;£6.96/kg;Cheese Spreads;null;14;1;1;24.5;17;null;2.8;
4181499;Seriously Strong Spreadable Lighter;£0.87;£6.96/kg;Cheese Spreads;null;15.5;2.5;2.5;17;12;null;2.5;
4767740;Dairylea Cheese Spread;£1.87;£6.93/kg;Cheese Spreads;null;12.0;5.5;5.5;17.5;11.5;0;1.48;
4767742;Dairylea Cheese Spread 180g;£1.47;£8.17/kg;Cheese Spreads;null;null;null;null;null;null;null;null;
4767744;Dairylea Light Cheese Spread 180g;£1.47;£8.17/kg;Cheese Spreads;null;null;null;null;null;null;null;null;
4767746;Dairylea Mighty Mature Cheese Spread 145g;£1.47;£10.14/kg;Cheese Spreads;null;null;null;null;null;null;null;null;
4767748;Dairylea Springy Onion Cheese Spread 145g;£1.47;£10.14/kg;Cheese Spreads;null;null;null;null;null;null;null;null;
2990549;Golden Acre Low Fat Quark Cheese 250g;£0.96;£3.84/kg;Cheese Spreads;null;null;null;null;null;null;null;null;
4952039;Weight Watchers Extra Thick Quark 250g;£1.25;£5.00/kg;Cheese Spreads;null;13.5;4.1;4.1;0.2;0.1;0.0;0.1;
2884348;Lactofree Soft Cheese 200g;£1.24;£6.20/kg;Cheese Spreads;null;null;null;null;null;null;null;null;
158709;Primula Cheese Spread Tube Original 150g;£1.44;£9.60/kg;Cheese Spreads;null;13;3.9;3.2;16;10;null;2.3;
3153985;Primula Cheese Spread Light 150g;£1.44;£9.60/kg;Cheese Spreads;null;14.5;4.7;4.1;8.3;5.7;null;1.6;
158712;Primula Cheese Spread Tube Chives 150g;£1.44;£9.60/kg;Cheese Spreads;null;12.1;3.9;2.8;14.8;9.7;null;2.0;
158710;Primula Cheese Spread Tube Smoked Ham 150g;£1.44;£9.60/kg;Cheese Spreads;null;12.3;3.9;3.1;14.6;9.2;null;2.0;
932697;Primula Cheese Spread Tube Prawn 150g;£1.44;£9.60/kg;Cheese Spreads;null;12.6;3.9;2.9;14.2;9.6;null;2.0;
4556768;Cathedral City Mature Spreadable Cheese 125g;£1.00;£8.00/kg;Cheese Spreads;null;14.7;4;2.6;20;13.3;null;2.3;
4322219;Boursin Shallot & Chive;£1.00;£6.67/kg;Cheese Spreads;null;null;null;null;null;null;null;null;
4322215;Boursin Full Fat Soft Cheese with Garlic and Herb;£1.00;£10.42/kg;Cheese Spreads;null;null;null;null;null;null;null;null;
1773089;Boursin Full Fat Soft Cheese with Cracked Black Pepper;£1.00;£6.67/kg;Cheese Spreads;null;null;null;null;null;null;null;null;
160299;Boursin Soft Cheese Light;£2.00;£16.00/kg;Cheese Spreads;null;8;5;4;9;6;null;3;
1773087;Boursin Garlic & Herbs;£1.00;£6.67/kg;Cheese Spreads;null;null;null;null;null;null;null;null;
1770752;Weight Watchers Soft Cheese Onion & Chives 200g;£1.00;£5.00/kg;Cheese Spreads;92;12.4;4.5;4.5;2.7;1.8;null;0.8;
2256845;Hochland Almte Smikowy Soft Cheese 150g;£1.20;£8.00/kg;Cheese Spreads;null;null;null;null;null;null;null;null;
2256847;Hochland Almte Ziolami Soft Cheese with Herbs 150g;£1.20;£0.80/100g;Cheese Spreads;null;null;null;null;null;null;null;null;
4661408;Mexicana Original Hot Spreadable 175g;£1.50;£8.57/kg;Cheese Spreads;null;10;8;8;22;14;null;1.75;
2282468;Paneer Paneer 226g;£1.50;£6.64/kg;Cheese Spreads;null;20.9;4.1;3.9;27.7;17.3;1.3;null;
4360480;Applewood Spreadable Cheese;£1.00;£5.71/kg;Cheese Spreads;null;11.0;5.2;5.2;25.1;16.3;null;2.5;
1845717;Seriously Strong Spreadable Cheese;£0.87;£6.96/kg;Cheese Spreads;null;16;1.5;1.5;26;18;null;2.3;
3886514;Savera Fresh Paneer 225g;£1.58;£7.02/kg;Cheese Spreads;null;null;null;null;null;null;null;null;
3844553;ASDA Soft Cheese Plain Lighter;£0.74;£3.70/kg;Cheese Spreads;null;11.7;3.4;3.4;4.0;2.5;null;0.6;
4377036;ASDA Cheesy Spread 200g;£0.50;£2.50/kg;Cheese Spreads;null;12.0;12.0;10.0;8.5;4.8;null;1.9;
1246591;Laughing Cow Cheese Spread 280g;£2.00;£7.14/kg;Cheese Triangles;null;null;null;null;null;null;null;null;
4636701;Laughing Cow Light Blue Triangles 256g;£2.14;£8.36/kg;Cheese Triangles;null;12;null;null;null;null;null;null;
158599;Laughing Cow Cheese Spread Triangles 140g;£1.34;£9.57/kg;Cheese Triangles;null;null;null;null;null;null;null;null;
162039;Laughing Cow Cheese Spread Triangles Light 140g;£1.34;£9.57/kg;Cheese Triangles;null;null;null;null;null;null;null;null;
1659534;Laughing Cow Cheese Spread Triangles Extra Light 140g;£1.34;£9.57/kg;Cheese Triangles;null;null;null;null;null;null;null;null;
4767736;Dairylea Cheese Triangles 250g;£1.87;£7.48/kg;Cheese Triangles;245;13.5;5.5;5.5;18.0;12.0;0;1.50;
4767738;Dairylea Light Cheese Triangles 250g;£1.87;£7.48/kg;Cheese Triangles;200;15.5;6.0;6.0;12.0;8.0;0;1.55;
4767732;Dairylea Cheese Triangles 125g;£1.24;£9.92/kg;Cheese Triangles;null;null;null;null;null;null;null;null;
4767734;Dairylea Light Cheese Triangles 125g;£1.24;£9.92/kg;Cheese Triangles;null;null;null;null;null;null;null;null;
4952043;Laughing Cow Light with Cheddar Triangles 128g;£1.34;£10.47/kg;Cheese Triangles;null;null;null;null;null;null;null;null;
4059640;Laughing Cow Light with Blue Cheese 8 Triangles 128g;£1.34;£10.47/kg;Cheese Triangles;null;null;null;null;null;null;null;null;
4322187;Laughing Cow with Emmental 8 Light Triangles 128g;£1.34;£10.47/kg;Cheese Triangles;null;12;6;6;9;null;null;2;
4076374;Weight Watchers Cheese Spread Triangles 140g;£1.00;£7.14/kg;Cheese Triangles;145;11.0;5.0;5.0;9.0;6.0;0.1;1.9;
4552203;Laughing Cow Dip & Crunch 140g;£1.44;£10.29/kg;Dunkers;null;11;25;5;16.5;9.5;null;1.6;
4552205;Laughing Cow Dip & Crunch Lighter 140g;£1.44;£10.29/kg;Dunkers;null;13;26;7;7.5;null;2;1.5;
1130068;Dairylea Dunkers Jumbo Tubes;£1.12;£5.96/kg;Dunkers;null;null;null;null;null;null;null;null;
1130058;Dairylea Dunkers Breadsticks;£1.12;£5.96/kg;Dunkers;null;10.0;30.5;6.1;8.4;6.0;2.0;1.30;
2256961;Dairylea Dunkers Jumbo Tubes 47g;£3.37;£11.95/kg;Dunkers;null;8.7;27.5;7.1;12.0;6.7;1.5;null;
3884178;Attack A Snak Chicken & Cheese Wraps;£0.94;£9.49/kg;Dunkers;null;13.4;25.5;3.4;8.1;4.4;2.0;1.45;
3884176;Attack A Snak Ham & Cheese Wraps;£0.94;£9.49/kg;Dunkers;null;13.4;25.2;3.2;8.2;4.4;1.9;1.59;
4446289;Dairylea Dunkers Mighty Mature Cheese Dip with Ritz Crackers;£1.12;£6.09/kg;Dunkers;null;11.0;26.5;9.3;16.0;9.2;1.3;1.50;
2883279;Dairylea Dunkers Ritz;£1.12;£6.09/kg;Dunkers;null;null;null;null;null;null;null;null;
3671436;Dairylea Dunkers Ritz;£3.37;£73.26/kg;Dunkers;null;9.5;25.0;8.2;13.5;7.5;1.3;1.53;
4461226;Low Low Snack Pack Mature Cheese Slices & Multigrain Toast with Caramelised Onion Chutney;£0.87;£13.38/kg;Dunkers;null;15.4;35.4;25.1;9.3;5.3;2.7;null;
4461224;Low Low Snack Pack Mature Cheese Slices & Multigrain Toast with Red Pepper & Onion Chutney;£0.87;£13.38/kg;Dunkers;null;14.4;21.1;5.7;10.8;6.3;3.3;null;
4461222;Low Low Snack Pack Mature Cheese Slices & Multigrain Toast with Sweet Tomato Relish;£0.87;£13.38/kg;Dunkers;null;16.2;23.1;9.0;10.5;6.2;2.6;null;
4662964;Low Low Snack Pack Smooth Cream Cheese & Multigrain Toast with Cranberry Relish;£0.87;£14.50/kg;Dunkers;229;5.5;36;19;7.5;4.3;null;0.72;
4552207;Laughing Cow Dip & Crunch Multigrain 140g;£1.44;£10.29/kg;Dunkers;null;10;24;5.5;18;10;null;1.5;
3560948;Lunchables Cheese 'n' Chicken Crackers 94g;£1.64;£17.45/kg;Dunkers;null;18.0;24.0;3.0;12.5;7.3;1.5;1.78;
3560946;Lunchables Cheese 'n' Ham Crackers 102g;£1.64;£16.08/kg;Dunkers;null;17.0;23.0;2.7;11.5;6.8;1.4;1.73;
4322239;Philadelphia Snack Cadbury;£1.50;£10.00/kg;Dunkers;null;6.3;44.5;29.0;14.5;7.6;3.3;0.75;
2883277;Philadelphia Soft Cheese Snack Light;£1.50;£10.00/kg;Dunkers;null;7.8;25.5;3.2;11.0;8.0;2.1;0.93;
4444604;ASDA Cheese Dippers 150g;£1.50;£10.00/kg;Dunkers;280;13.2;28.9;4.2;12.2;8.3;0.8;1.3;
4444606;ASDA Mild Blue Cheese Dippers 150g;£1.50;£10.00/kg;Dunkers;277;13.2;24.6;4.5;13.8;9.2;0.9;1.6;
3884174;Cheestrings Twisted 12pk 240g;£4.00;£16.67/kg;Strip Cheese;304;23;2.5;1;22.5;14.2;null;1.9;
3884172;Cheestrings Original 240g;£4.00;£16.67/kg;Strip Cheese;304;23;2.5;1;22.5;14.2;null;1.9;
3884168;Cheestrings Original 8pk;£1.47;£9.19/kg;Strip Cheese;304;23;2.5;1;22.5;14.2;null;1.9;
3884170;Cheestrings Twisted 8pk;£1.47;£9.19/kg;Strip Cheese;304;23;2.5;1;22.5;14.2;null;1.9;
3884166;Cheestrings Twisted 4pk 80g;£1.50;£18.75/kg;Strip Cheese;304;23;2.5;1;22.5;14.2;null;1.9;
3884164;Cheestrings Cheddar 4 Pack 80g;£1.50;£18.75/kg;Strip Cheese;304;23;2.5;1;22.5;14.2;null;1.9;
4328912;Cheestrings Cheese & Onion Flavour 4pk 20g;;;Strip Cheese;302;23;2.5;2.0;22;14;null;1.9;
4328914;Cheestrings Cheese & Tomato Flavour 4pk 20g;;;Strip Cheese;302;23;2.5;2.0;22;14;null;1.9;
3704738;Cheestrings Cheese Spaghetti 68g;£1.50;£22.06/kg;Strip Cheese;328;28;null;null;24;14.8;0;null;
4328910;Cheestrings Spaghetti Cheese & Onion Flavour 4pk 17g;;;Strip Cheese;318;28.0;null;null;23;14.5;null;1.9;
1863847;Dairylea Strip Cheese 252g;£3.00;£11.90/kg;Strip Cheese;345;21.5;1.5;1.5;27.5;18.0;0;2.0;
633894;Dairylea Strip Cheese 168g;£2.47;£14.70/kg;Strip Cheese;345;21.5;1.5;1.5;27.5;18.0;0;2.0;
525010;Dairylea Strip Cheese 84g;£1.47;£17.50/kg;Strip Cheese;345;21.5;1.5;1.5;27.5;18.0;0;2.0;
3542876;The Simpsons Cheese Strings Twirlier 168g;£1.98;£11.79/kg;Strip Cheese;null;null;null;null;null;null;null;null;
3680052;The Simpsons String Cheese Swirlers 84g;£1.00;£11.90/kg;Strip Cheese;null;null;6;null;null;null;null;null;
4753283;Tabasco Pepper Cheese Snacks 25g;£1.00;£13.33/kg;Strip Cheese;null;22.7;2.4;0.1;35.8;22.9;null;1.2;
4844145;Cathedral City Selections British Cheese Variety;£2.50;£14.88/kg;Mini Cheese Nets & Bags;null;24.5;0.1;0.1;34.2;21.4;null;1.6;
4642125;ASDA Mild Cheese Sticks 140g;£1.48;£10.57/kg;Mini Cheese Nets & Bags;390;25.5;0.1;0.1;32.0;20.8;null;1.8;
4450089;Eurilait Mini Cheese Selection 260g;£3.00;£11.54/kg;Mini Cheese Nets & Bags;null;18.5;1.6;0.1;21.5;13.8;null;2.5;
4642123;ASDA Snack British Cheese Selection Pack 200g;£1.60;£8.00/kg;Mini Cheese Nets & Bags;null;25.4;0.1;0.1;34.9;21.7;null;1.8;
4122633;Cathedral City Selections Extra Mature Cheddar;£2.50;£14.88/kg;Mini Cheese Nets & Bags;null;25.4;0.1;0.1;34.9;21.7;null;1.8;
4052475;Cathedral City Selections Variety Cheddar;£2.50;£14.88/kg;Mini Cheese Nets & Bags;null;25.4;0.1;0.1;34.9;21.7;null;1.8;
4322207;Cathedral City Chedds Towers;£1.24;£11.48/kg;Mini Cheese Nets & Bags;null;25.4;0.1;0.1;34.9;21.7;null;1.8;
4322203;Cathedral City Chedds Nibbles;£1.24;£12.92/kg;Mini Cheese Nets & Bags;null;25.4;0.1;0.1;34.9;21.7;null;1.8;
4322209;Cathedral City Chedds Shapes;£1.24;£15.50/kg;Mini Cheese Nets & Bags;null;25.4;0.1;0.1;34.9;21.7;null;1.8;
4322213;Cathedral City Chedds Cheese & Toasties;£1.24;£14.25/kg;Mini Cheese Nets & Bags;null;19.3;32.4;2.3;22.7;13.6;null;1.4;
3888540;Cathedral City Minis Mature;£1.00;£8.33/kg;Mini Cheese Nets & Bags;null;25.4;0.1;0.1;34.9;21.7;null;1.8;
4556766;Cathedral City Chedds;£1.24;£12.92/kg;Mini Cheese Nets & Bags;null;25.4;0.1;0.1;34.9;21.7;null;1.8;
3131832;Babybel Mini Light Family Pack 240g;£3.14;£13.08/kg;Mini Cheese Nets & Bags;null;null;null;null;null;null;null;null;
932662;Babybel Mini Original Family Pack 240g;£3.14;£13.08/kg;Mini Cheese Nets & Bags;null;null;null;null;null;null;null;null;
4636703;Babybel Mini Variety Pack 300g;£3.88;£12.93/kg;Mini Cheese Nets & Bags;null;null;null;null;null;null;null;null;
619070;Babybel Mini Cheddar 120g;£1.84;£15.33/kg;Mini Cheese Nets & Bags;null;null;null;null;null;null;null;null;
407842;Babybel Mini Light 120g;£1.84;£15.33/kg;Mini Cheese Nets & Bags;null;null;null;null;null;null;null;null;
407841;Babybel Mini Original 120g;£1.84;£15.33/kg;Mini Cheese Nets & Bags;null;null;null;null;null;null;null;null;
4636767;ASDA Double Gloucester Onion & Chive;£1.00;£10.00/kg;Mini Cheese Nets & Bags;null;22.5;6.6;2.3;29.9;18.8;0.6;1.8;
4434443;ASDA Mozzarella Cubes 200g;£2.00;£10.00/kg;Mini Cheese Nets & Bags;284;23;1.0;1.0;21.0;13.0;null;1.4;
4636765;ASDA Jerk Cheddar;£1.00;£10.00/kg;Mini Cheese Nets & Bags;null;19.1;12.4;10.4;26.6;14.6;0.7;1.8;
4636763;ASDA Wensleydale & Cranberry;£1.00;£10.00/kg;Mini Cheese Nets & Bags;null;18.8;12.8;11.5;27.2;16.8;0.9;1.0;
3881211;Babybel Mini Gouda 120g;£1.84;£15.33/kg;Mini Cheese Nets & Bags;null;null;null;null;null;null;null;null;
4461900;Seriously Strong Cheddar Bites;£0.87;£8.70/kg;Mini Cheese Nets & Bags;null;null;null;null;null;null;null;null;
4678856;Ilchester British Cheese Selection 230g;£2.74;£11.91/kg;Mini Cheese Nets & Bags;null;25;0.1;0.1;34.4;21.7;null;1.8;
4322261;Applewood Smoke Flavour Cheddar Cheese 75g;£1.00;£13.33/kg;Mini Cheese Nets & Bags;null;25.4;0.1;0.1;null;21.6;null;1.8;
3883500;The Simpsons Cheese Chuckles 100g;£1.00;£10.00/kg;Mini Cheese Nets & Bags;null;25.0;0.5;0.1;27.8;17.3;0.0;1.6;
3688335;ASDA Natural Cottage Cheese 70% Less Fat 500g;£1.50;£0.30/100g;Plain Cottage Cheese;72;10.3;4.8;4.8;1.3;0.9;null;0.5;
4545247;ASDA Fat Free Natural Cottage Cheese;£1.00;£0.33/100g;Plain Cottage Cheese;64;10.1;5.4;4.7;0.2;0.1;0.5;0.5;
3369344;ASDA Chosen By You Natural Cottage Cheese 300g;£1.44;£0.48/100g;Plain Cottage Cheese;107;10.1;4.1;4.1;5.5;3.6;null;0.5;
3369348;ASDA Smartprice Cottage Cheese 300g;£0.64;£0.21/100g;Plain Cottage Cheese;60;9.2;4.5;2.1;0.6;0.4;null;0.5;
2220373;Longley Farm Virtually Fat Free Cottage Cheese;£1.22;£0.48/100g;Plain Cottage Cheese;null;10.8;3.9;2.9;0.3;0.2;null;0.8;
458466;Longley Farm Natural Cottage Cheese 250g;£1.22;£0.48/100g;Plain Cottage Cheese;null;10.3;2.2;2.1;6.0;4.3;null;0.8;
159516;ASDA Cottage Cheese with Pineapple 300g;£1.00;£0.33/100g;Flavoured Cottage Cheese;92;8.4;11.0;11.0;1.3;0.8;0.7;0.5;
159517;ASDA Cottage Cheese with Onion & Chive 300g;£1.00;£0.33/100g;Flavoured Cottage Cheese;74;9.2;6.5;3.8;1.4;0.9;0.4;0.6;
4545253;ASDA Cottage Cheese with Sweet Chilli & Grilled Pepper 300g;£1.00;£0.33/100g;Flavoured Cottage Cheese;79;9.9;7.1;4.4;1.3;0.8;0.3;0.6;
3445380;ASDA Cottage Cheese with Pear & Apple 150g;£1.00;£0.66/100g;Flavoured Cottage Cheese;null;8.3;13.5;10.9;1.3;0.9;0.5;0.4;
4545251;ASDA Cottage Cheese with Pesto & Grilled Pepper 150g;£1.00;£0.66/100g;Flavoured Cottage Cheese;null;9.0;5.6;2.6;2.0;0.9;0.5;0.6;
3440592;Longley Farm Virtually Fat Free Cottage Cheese Chives 250g;£1.22;£0.48/100g;Flavoured Cottage Cheese;null;10.8;3.9;2.9;0.3;0.2;null;0.8;
924279;Longley Farm Pineapple Cottage Cheese 250g;£1.22;£0.48/100g;Flavoured Cottage Cheese;null;9.5;5.4;5.1;5.6;3.9;null;0.7;
3912551;ASDA Brie French 200g;£1.18;£5.90/kg;Brie & Camembert;null;17.0;1.0;1.0;32.0;22.0;null;null;
4434427;ASDA British Brie 160g;£1.40;£8.75/kg;Brie & Camembert;null;18.4;2.1;0.1;29.2;19.3;null;1.2;
4461214;ASDA French Mini Roulé 125g;£1.50;£12.00/kg;Brie & Camembert;null;7.8;3.6;2.6;26.4;17.6;0.5;1.2;
3605902;ASDA Somerset Brie 130g;£1.22;£9.38/kg;Brie & Camembert;null;18.3;0.4;0.4;24.0;14.6;null;1.3;
4828428;ASDA Chosen by You Baking Camembert with Red Onion Relish 290g;£3.00;£10.34/kg;Brie & Camembert;null;18.0;2.0;2.0;23.0;16.2;null;1.5;
4828434;ASDA Chosen by You Baking Goats' Cheese 140g;£3.00;£21.43/kg;Brie & Camembert;null;20.0;1.0;1.0;23.0;16.3;null;1.5;
4828422;ASDA Chosen by You Baking Iberico 100g;£3.00;£30.00/kg;Brie & Camembert;null;25.4;2.2;0.5;37.0;25.5;1.0;1.7;
4828456;ASDA Chosen by You Brie De Caractère 200g;£1.60;£8.00/kg;Brie & Camembert;null;19.0;2.0;2.0;23.0;16.2;null;1.5;
4828436;ASDA Chosen by You Cambozola 150g;£1.75;£11.67/kg;Brie & Camembert;null;13.5;0.5;null;41.1;27.0;null;1.7;
4828450;ASDA Chosen by You Camembert 250g;£1.00;£4.00/kg;Brie & Camembert;null;18.0;2.0;2.0;23.0;16.2;null;1.5;
4897565;ASDA Chosen by You Classic Cheese Selection 530g;£4.50;£8.49/kg;Brie & Camembert;null;18.5;2.1;0.1;22.4;14.0;1.8;1.8;
4828466;ASDA Extra Special Brie de Pays 150g;£1.75;£11.67/kg;Brie & Camembert;null;18.0;2.0;2.0;26.0;18.3;null;1.6;
4828464;ASDA Extra Special Camembert De Pays 250g;£1.94;£7.76/kg;Brie & Camembert;null;18.0;1.0;0.2;26.0;19.4;null;1.6;
4828460;ASDA Extra Special Comte 200g;£3.00;£15.00/kg;Brie & Camembert;null;28.3;0.1;0.1;33.7;21.4;null;0.8;
4838918;ASDA Extra Special Taleggio 200g;£2.00;£10.00/kg;Brie & Camembert;null;17.0;0.9;0.4;23.0;16.5;null;3.8;
4828488;Applewood Cheese Bake 150g;£1.50;£10.00/kg;Brie & Camembert;null;17.0;0.1;0.1;null;20.0;null;1.33;
3670424;Castello Brie Creamy White 150g;£1.77;£11.80/kg;Brie & Camembert;null;null;null;null;null;null;null;null;
4347394;Highland Fine Cheeses Cairngorm Brie 100g;£1.28;£12.80/kg;Brie & Camembert;null;null;null;null;null;null;null;null;
4342911;Paturages Comtois French Brie 180g;£1.50;£8.33/kg;Brie & Camembert;null;null;null;null;null;null;null;null;
2502639;President Brie 200g;£1.87;£9.35/kg;Brie & Camembert;null;17;0.5;0.5;31;22;null;1.2;
2046270;President Camembert 250g;£2.13;£8.52/kg;Brie & Camembert;null;null;null;null;null;null;null;null;
4181501;President Creme de Brie;£0.87;£6.96/kg;Brie & Camembert;null;null;null;null;null;null;null;null;
4842580;Ravens Oak Golden Brie 150g;£2.50;£16.67/kg;Brie & Camembert;null;19.8;0.1;0.1;27.0;17.8;0;1.58;
4842578;Ravens Oak Peppered Log 150g;£2.90;£19.33/kg;Brie & Camembert;null;21.0;1.3;0.3;30.8;19.5;0;1.7;
4361445;Royal Petit Camembert 125g;£1.30;£10.40/kg;Brie & Camembert;null;null;null;null;null;null;null;null;
3205126;ASDA Extra Special Creamy Blue Stilton 220g;£2.25;£10.23/kg;British & Continental Blue;null;23.7;0.1;0.1;35.0;23.0;null;2.0;
4444592;ASDA Extra Special Gorgonzola 150g;£2.00;£13.33/kg;British & Continental Blue;null;22.5;1.0;1.0;28.7;19.0;null;2.6;
2048444;ASDA Extra Special Roquefort;£1.67;£16.70/kg;British & Continental Blue;null;21.0;null;null;32.0;null;null;null;
4505475;ASDA English Blue Stilton 220g;£1.68;£7.64/kg;British & Continental Blue;null;23.7;0.1;0.1;35.0;23.0;null;2.0;
3610015;ASDA Blue Stilton 100g;£1.30;£13.00/kg;British & Continental Blue;null;23.7;0.1;0.1;35.0;23.0;null;2.0;
1910208;ASDA Blue Stilton;£6.90;£6.90/kg;British & Continental Blue;null;null;null;null;null;null;null;null;
4481764;ASDA Blue Selection 195g;£3.00;£15.38/kg;British & Continental Blue;null;20.0;0.1;0.1;29.0;19.3;0.0;2.0;
3389747;Blacksticks Blue Creamy 150g;£2.00;£13.33/kg;British & Continental Blue;null;20.0;0.1;0.1;29.0;19.3;null;null;
3782125;Blacksticks Blue Cheese 65g;£1.28;£1.97/100g;British & Continental Blue;null;20.0;0.1;0.1;29.0;19.3;0;null;
2041612;Blacksticks Blue Extra Smooth & Creamy Soft Blue Cheese 150g;£2.00;£13.33/kg;British & Continental Blue;null;20.0;0.1;0.1;29.0;19.3;0.0;2.0;
2383902;Castello Blue Cheese 150g;£1.77;£11.80/kg;British & Continental Blue;null;null;null;null;null;null;null;null;
1768926;Castello Danish Blue 150g;£1.68;£11.20/kg;British & Continental Blue;null;null;null;null;null;null;null;null;
2991457;Castello Danish Blue Extra Creamy 125g;£1.50;£12.00/kg;British & Continental Blue;null;null;null;null;null;null;null;null;
4342893;Primeo Danish Blue Cheese 100g;£1.30;£13.00/kg;British & Continental Blue;null;null;null;null;null;null;null;null;
1056193;Galbani Dolcelatte 150g;£2.00;£13.33/kg;British & Continental Blue;null;null;null;null;null;null;null;null;
4484068;President Le Bleu 145g;£1.50;£10.34/kg;British & Continental Blue;null;20.0;null;null;28.0;18.8;null;1.2;
4502218;Clawson Blue Stilton 300g;£3.00;£10.00/kg;British & Continental Blue;null;23.7;0.1;0.1;35.0;23.0;null;2.0;
4828468;ASDA Smartprice French Blue Cheese 125g;£0.90;£7.20/kg;British & Continental Blue;null;20.0;null;null;24.5;16.0;null;2.5;
4828478;ASDA Chosen by You Wensleydale with Double Chocolate & Orange;£1.00;£6.67/kg;Fruit & Flavoured Cheese;null;16.3;18.3;13.9;26.9;16.7;1.1;1.0;
4828474;ASDA Chosen by You Cheddar with Pickled Onions & Chives;£1.00;£6.67/kg;Fruit & Flavoured Cheese;null;20.8;4.5;2.0;28.0;17.2;0.6;1.8;
4828472;ASDA Chosen by You Wensleydale with Apricot;£1.00;£6.67/kg;Fruit & Flavoured Cheese;null;16.9;16.9;12.9;22.9;14.9;1.6;0.9;
4828470;ASDA Chosen by You Wensleydale with Cranberry;£1.00;£6.67/kg;Fruit & Flavoured Cheese;null;18.8;12.8;11.5;27.2;16.8;0.9;1.0;
4833368;ASDA Chosen by You Roul?? Pineapple;£0.97;£7.76/kg;Fruit & Flavoured Cheese;null;5.6;19.6;16.8;23.3;15.9;1.2;0.1;
4833370;ASDA Chosen by You Roule Black Pepper;£0.97;£7.76/kg;Fruit & Flavoured Cheese;null;7.1;6.7;2.8;29.3;19.9;0.9;1.3;
4636753;ASDA Chosen by You Somerset Mature Cheddar Sweet Chilli & Peri Peri;£1.00;£6.67/kg;Fruit & Flavoured Cheese;null;22.2;4.6;1.7;29.7;17.4;0.5;1.7;
4844141;Cathedral City Caramelised Onion Mature Cheddar 180g;£2.00;£11.11/kg;Fruit & Flavoured Cheese;null;24.6;3.4;3.1;33.5;20.8;null;2;
4844143;Cathedral City Sweet Chilli Mature Cheddar 180g;£2.00;£11.11/kg;Fruit & Flavoured Cheese;null;22.8;4.5;4.5;31.4;19.5;null;1.7;
4828424;ASDA Chosen by You German Smoked Cheese with Ham;£0.97;£6.47/kg;Fruit & Flavoured Cheese;null;21.0;1.0;1.0;25.0;17.0;null;2.0;
4828426;ASDA Chosen by You German Smoked Cheese with Chilli;£0.97;£6.47/kg;Fruit & Flavoured Cheese;null;21.0;1.0;1.0;25.0;17.0;null;2.0;
4828490;Mexicana Cheese Bake 150g;£1.50;£10.00/kg;Fruit & Flavoured Cheese;null;16.7;4.0;1.8;null;18.7;null;1.5;
4828484;Mexicana Extra Hot!!;£1.00;£6.67/kg;Fruit & Flavoured Cheese;null;20.8;5.6;2.5;null;17.2;null;1.8;
4828482;Mexicana Original Hot!;£1.00;£6.67/kg;Fruit & Flavoured Cheese;null;23.7;4.7;0.6;null;18.9;null;2.0;
4828480;Ilchester Applewood Smoked Cheddar Cheese;£1.00;£6.67/kg;Fruit & Flavoured Cheese;123;7.5;0.03;0.03;10.3;null;0;null;
4347406;Grandma Singlton's Apricot Cheese 100g;£1.28;£12.80/kg;Fruit & Flavoured Cheese;null;null;null;null;null;null;null;null;
4347410;Grandma Singlton's Creamy Cranberry Cheese 100g;£1.28;£12.80/kg;Fruit & Flavoured Cheese;null;null;null;null;null;null;null;null;
4347408;Grandma Singlton's Apple Pie Cheese 100g;£1.28;£12.80/kg;Fruit & Flavoured Cheese;null;null;null;null;null;null;null;null;
4353645;ASDA Wensleydale Ginger 100g;£1.20;£12.00/kg;Fruit & Flavoured Cheese;null;18.7;17.3;15.0;24.7;16.4;0.7;1.0;
4353639;ASDA Mexicana 100g;£1.20;£12.00/kg;Fruit & Flavoured Cheese;null;23.7;4.7;0.6;null;18.9;null;2.0;
4353641;ASDA Applewood 100g;£1.20;£12.00/kg;Fruit & Flavoured Cheese;null;25;0.1;0.1;34.4;21.6;null;1.8;
4353643;ASDA Jerk Cheddar 100g;£1.20;£12.00/kg;Fruit & Flavoured Cheese;null;21.7;11.3;5.2;29.7;18.6;0.4;1.8;
4484062;Ilchester Bombay Cheddar Cheese 90g;£1.20;£13.33/kg;Fruit & Flavoured Cheese;null;19.0;11.5;11.5;26.4;16.7;null;1.8;
4484056;Ilchester Mediterranean Cheddar Cheese 90g;£1.20;£13.33/kg;Fruit & Flavoured Cheese;null;20.7;4.5;0.9;29.2;17.1;null;1.9;
4484066;Ilchester Wensleydale with Pineapple 90g;£1.20;£13.33/kg;Fruit & Flavoured Cheese;null;null;null;null;null;null;null;null;
4828446;ASDA Chosen by You Austrian Smoke Flavoured Cheese 300g;£2.50;£8.33/kg;Fruit & Flavoured Cheese;null;16.0;2.0;2.0;27.0;17.0;null;3.0;
4828448;ASDA Chosen by You German Smoked Cheese;£0.97;£6.47/kg;Fruit & Flavoured Cheese;null;21.0;2.0;2.0;27.0;18.6;null;1.9;
4828442;ASDA Chosen by You Hard Goats' Cheese;£1.60;£10.67/kg;Mozzarella & Feta;null;23.6;null;null;33.4;23.6;null;1.7;
1130420;ASDA Feta 200g;£1.18;£5.90/kg;Mozzarella & Feta;null;16.0;1.0;null;21.0;null;null;null;
4636739;ASDA Mozzarella 400g;£2.50;£6.25/kg;Mozzarella & Feta;null;20.0;1.6;1.0;19.0;13.2;null;0.9;
4636735;ASDA Mozzarella 125g;£0.58;£4.64/kg;Mozzarella & Feta;217;17.0;1.3;0.8;16.0;11.1;null;0.5;
4636737;ASDA Mozzarella 125g;£0.58;£4.64/kg;Mozzarella & Feta;177;18.9;1.6;1.6;10.5;7.3;null;0.5;
3376614;Galbani Mozzarella;£0.87;£6.96/kg;Mozzarella & Feta;null;null;null;null;null;null;null;null;
4361455;Bourdin Contadina Buffalo Mozzarella 125g;£1.50;£12.00/kg;Mozzarella & Feta;null;17;0.30;0.30;null;17.1;null;1.50;
4342879;Hotos Feta Tub 200g;£2.00;£10.00/kg;Mozzarella & Feta;null;17.8;0.4;0;20.0;15.6;0;null;
4097778;Hotos Original Feta Cheese 100g;£1.30;£13.00/kg;Mozzarella & Feta;null;17.8;0.4;0;20.0;15.6;0;null;
4396498;Hotos Orginal Feta Cheese 200g;£1.80;£9.00/kg;Mozzarella & Feta;null;17.8;0.4;0;20.0;15.6;0;null;
4636733;ASDA Mascarpone 250g;£1.50;£6.00/kg;Mozzarella & Feta;null;8.3;3.2;2.5;27.5;19.0;null;0.1;
4636731;ASDA Mascarpone 250g;£1.50;£6.00/kg;Mozzarella & Feta;null;4.5;3.5;2.7;40.0;27.6;null;0.1;
2128983;Apetina Cheese Cubes Light;£2.00;£10.00/kg;Mozzarella & Feta;null;17;0.1;0.1;10;6.6;null;2.8;
2774248;Apetina Salad Cheese;£0.97;£4.85/kg;Mozzarella & Feta;null;null;null;null;null;null;null;null;
3106760;Apetina Salad Cheese Light;£0.97;£4.85/kg;Mozzarella & Feta;null;null;null;null;null;null;null;null;
4407079;Apetina Snack Pack Green Olives & Garlic in Oil 100g;£1.18;£1.18/100g;Mozzarella & Feta;null;null;null;null;null;null;null;null;
4407081;Apetina Snack Pack Sundried Tomatoes in Oil 100g;£1.18;£1.18/100g;Mozzarella & Feta;null;null;null;null;null;null;null;null;
2282468;Paneer Paneer 226g;£1.50;£6.64/kg;Mozzarella & Feta;null;20.9;4.1;3.9;27.7;17.3;1.3;null;
4487755;Caseifico Villa Mozzarella Mini Balls 150g;£1.30;£8.67/kg;Mozzarella & Feta;null;18.2;0.4;0.30;null;null;null;0.5;
2865230;ASDA Smartprice Greek Style Cheese 200g;£0.75;£3.75/kg;Mozzarella & Feta;null;18.6;0.3;0.3;24.3;16.5;null;1.8;
4636743;ASDA Smartprice Mozzarella 125g;£0.43;£3.44/kg;Mozzarella & Feta;251;18.0;2.0;1.3;19.0;15.0;null;0.5;
4828462;ASDA Extra Special Vintage Gouda 180g;£2.50;£13.89/kg;Parmesan & Italian Hard Cheese;null;27.7;null;null;35.5;24.3;null;1.8;
4828458;ASDA Extra Special Manchego 150g;£2.40;£16.00/kg;Parmesan & Italian Hard Cheese;null;25.6;0.5;0.5;39.5;22.1;0.1;2.3;
4828420;ASDA Extra Special Iberico 150g;£2.00;£13.33/kg;Parmesan & Italian Hard Cheese;null;25.4;2.2;0.5;37.0;25.5;1.0;1.7;
2916991;Castelli Pecorino Romano 160g;£2.00;£12.50/kg;Parmesan & Italian Hard Cheese;null;null;null;null;null;null;null;null;
3559948;Castelli Pecorino Romano 50g;£0.90;£18.00/kg;Parmesan & Italian Hard Cheese;null;null;null;null;null;null;null;null;
2538701;ASDA Grana Padano;£1.94;£9.70/kg;Parmesan & Italian Hard Cheese;null;33.0;null;null;28.0;null;null;null;
4342871;Colla Parmigiano Reggiano;£18.00;£18.00/kg;Parmesan & Italian Hard Cheese;null;33;0.0;null;28.4;null;null;null;
4361457;Colla Pecorino 200g;£2.50;£12.50/kg;Parmesan & Italian Hard Cheese;null;null;null;null;null;null;null;null;
3524334;ASDA Edam Dutch;£1.87;£6.03/kg;Parmesan & Italian Hard Cheese;null;25.3;null;null;23.9;16.2;null;null;
1130160;ASDA Gruyere;£2.50;£14.71/kg;Parmesan & Italian Hard Cheese;null;27.0;null;null;32.0;19.4;null;1.5;
3524322;ASDA Gouda;£1.87;£7.06/kg;Parmesan & Italian Hard Cheese;null;23.9;null;null;31.3;21.2;null;2.0;
4591015;Garcia Baquero Queso Manchego 150g;£2.00;£13.33/kg;Parmesan & Italian Hard Cheese;null;23.0;1.3;1.3;37.0;25.4;0;1.8;
4069962;Jarlsberg Medium Fat Hard Cheese 190g;£2.00;£10.53/kg;Parmesan & Italian Hard Cheese;null;null;null;null;null;null;null;null;
1936661;Port Salut Port Salut;£1.74;£9.41/kg;Parmesan & Italian Hard Cheese;null;21;null;null;27;18;null;1.6;
4366087;Dragon Smoked Cheese 200g;£1.50;£7.50/kg;Parmesan & Italian Hard Cheese;null;24.4;2.9;0.1;24.7;17.9;1.1;3.5;
4361463;Emily Foods Quince 100g;£1.50;£15.00/kg;Parmesan & Italian Hard Cheese;null;null;null;null;null;null;null;null;
4342873;Entre Mont Comte Fruite;£13.00;£13.00/kg;Parmesan & Italian Hard Cheese;null;28;0.1;0.1;34;20.9;null;0.9;
4356527;Original Edam Cheese Mild 230g;£2.00;£8.70/kg;Parmesan & Italian Hard Cheese;null;null;null;null;null;null;null;null;
4636741;ASDA Ricotta Cheese 250g;£1.00;£4.00/kg;Salad Cheese;null;9.0;6.3;5.4;6.0;4.1;null;0.2;
3559950;ASDA Halloumi 250g;£1.78;£7.12/kg;Salad Cheese;null;20.5;2.4;2.4;25.5;16.0;null;null;
2128983;Apetina Cheese Cubes Light;£2.00;£10.00/kg;Salad Cheese;null;17;0.1;0.1;10;6.6;null;2.8;
2774248;Apetina Salad Cheese;£0.97;£4.85/kg;Salad Cheese;null;null;null;null;null;null;null;null;
3106760;Apetina Salad Cheese Light;£0.97;£4.85/kg;Salad Cheese;null;null;null;null;null;null;null;null;
4407079;Apetina Snack Pack Green Olives & Garlic in Oil 100g;£1.18;£1.18/100g;Salad Cheese;null;null;null;null;null;null;null;null;
4407081;Apetina Snack Pack Sundried Tomatoes in Oil 100g;£1.18;£1.18/100g;Salad Cheese;null;null;null;null;null;null;null;null;
796004;ASDA Goats Cheese French;£1.50;£15.00/kg;Salad Cheese;null;20.0;1.0;1.0;23.0;16.3;null;1.5;
4434441;ASDA Chosen by You Fat Free Quark 250g;£0.87;£3.48/kg;Salad Cheese;null;12.2;3.9;3.9;0.2;0.1;null;0.1;
4487757;ASDA Dutch Smoked Cheese 100g;£1.50;£15.00/kg;Salad Cheese;null;24.4;2.9;0.1;24.7;17.9;1.1;3.5;
4411076;Ermitage Ermitage From'Chaud 250g;£3.00;£12.00/kg;Salad Cheese;null;null;null;null;null;null;null;null;
4087220;Castello Mini Selection 100g;£1.54;£15.40/kg;Salad Cheese;null;8.7;2.8;2.3;28;18;null;0.70;
4487759;Bradburys Mild & Creamy Dutch Edam 160g;£1.50;£9.38/kg;Salad Cheese;null;25;0.1;0.1;24.0;14.5;null;null;
4487761;Bradburys Mild & Creamy Dutch Gouda 160g;£1.50;£9.38/kg;Salad Cheese;null;26;0.1;0.1;30.0;20.0;null;null;
4342891;Nature Soft Goat's Milk Cheese 150g;£2.00;£13.33/kg;Salad Cheese;null;null;null;null;null;null;null;null;
928223;Soignon Goats Cheese Petit;£1.28;£10.67/kg;Salad Cheese;null;null;null;null;null;null;null;null;
3166231;Castello Soft Cheese with Pineapple 125g;£1.18;£9.44/kg;Salad Cheese;null;8.7;15;13;24;13;null;0.6;
2899405;Mlekovita Favitia satatkowo kanapkowy 270g;£1.15;£0.42/100g;Salad Cheese;null;null;null;null;null;null;null;null;
2899407;Mlekovita Morski cheese 350g;£1.98;£0.56/100g;Salad Cheese;null;null;null;null;null;null;null;null;
2899409;Mlekovita Edamski fradycja dobrego smaku - edam cheese 150g;£1.15;£0.76/100g;Salad Cheese;null;null;null;null;null;null;null;null;
2901248;Mlekovita Gouda Slices 150g;£1.15;£0.76/100g;Salad Cheese;null;null;null;null;null;null;null;null;
2256847;Hochland Almte Ziolami Soft Cheese with Herbs 150g;£1.20;£0.80/100g;Salad Cheese;null;null;null;null;null;null;null;null;
2256845;Hochland Almte Smikowy Soft Cheese 150g;£1.20;£8.00/kg;Salad Cheese;null;null;null;null;null;null;null;null;
2899429;Lowicz Twarog 250g;£1.25;£0.50/100g;Salad Cheese;null;null;null;null;null;null;null;null;
3236512;Lowicz Twarog Lowicki Half Fat Curd Cheese 250g;£1.25;£5.00/kg;Salad Cheese;null;null;null;null;null;null;null;null;
2899417;Kifir Natural Yogurt 380g;£0.75;£0.19/100g;Salad Cheese;null;null;null;null;null;null;null;null;
2865230;ASDA Smartprice Greek Style Cheese 200g;£0.75;£3.75/kg;Salad Cheese;null;18.6;0.3;0.3;24.3;16.5;null;1.8;
4366087;Dragon Smoked Cheese 200g;£1.50;£7.50/kg;Salad Cheese;null;24.4;2.9;0.1;24.7;17.9;1.1;3.5;
4828444;ASDA Chosen by You French Emmental 220g;£2.00;£9.09/kg;Salad Cheese;null;27.0;2.0;2.0;29.0;19.5;null;0.8;
4806194;ASDA Chosen by You Halloumi with Chilli 225g;£1.78;£7.91/kg;Salad Cheese;null;22.0;2.5;2.5;24.0;16.0;null;3.0;
4838916;ASDA Chosen by You Ripening Goats' Cheese 70g;£1.00;£14.29/kg;Salad Cheese;null;20.0;1.0;1.0;23.0;16.3;null;1.5;
4777695;ASDA Chosen by You American Style Ham 100g;£1.00;£1.00/100g;Ham Slices;null;21.8;1.9;1.8;3.6;1.6;null;2.6;
4777691;ASDA Chosen by You Blossom Honey Ham 100g;£1.00;£1.00/100g;Ham Slices;null;21.5;2.7;2.7;2.2;0.8;null;2.4;
4777731;ASDA Chosen by You Breaded Dry Cured Ham Finely Sliced 425g;£4.00;£0.94/100g;Ham Slices;null;21.3;2.1;1.5;2.7;1.0;null;2.7;
4777689;ASDA Chosen by You German Style Smoked Ham 100g;£1.00;£1.00/100g;Ham Slices;null;20.9;1.4;1.2;3.9;1.5;null;2.7;
4777693;ASDA Chosen by You Peppered Ham 100g;£1.00;£1.00/100g;Ham Slices;null;22.5;1.0;1.0;3.7;1.4;null;2.4;
4777705;ASDA Chosen by You Thickly Carved Gammon 160g;£3.00;£1.88/100g;Ham Slices;null;23.3;null;null;3.7;1.4;null;2.5;
4579591;ASDA Deli Bavarian Ham 125g;£2.50;£2.00/100g;Ham Slices;null;19.8;0.5;0.5;2.7;0.9;null;3.2;
2760539;ASDA Breaded Dry Cured Ham 6 Thick Slices 200g;£2.00;£1.00/100g;Ham Slices;null;21.3;2.1;1.5;2.7;1.0;null;2.7;
3573913;ASDA Deli Breaded Gammon 300g;£3.00;£1.00/100g;Ham Slices;null;21.0;1.8;1.0;2.7;1.0;null;2.6;
4579587;ASDA Deli Breaded Gammon 425g;£4.00;£0.94/100g;Ham Slices;null;21.9;2.0;1.1;3.2;1.2;null;2.5;
4716404;ASDA Breaded Gammon 120g;£0.89;£0.74/100g;Ham Slices;null;21.0;1.7;1.2;2.3;0.9;null;2.7;
3500389;ASDA Deli Breaded Ham 425g;£4.00;£0.94/100g;Ham Slices;null;21.3;1.0;0.2;3.5;1.3;null;2.0;
4040361;ASDA Deli Breaded Ham;£12.40;£1.24/100g;Ham Slices;null;null;null;null;null;null;null;null;
4040462;ASDA Deli Breaded Ham 180g;£2.50;£1.39/100g;Ham Slices;null;21.3;1.0;0.2;3.5;1.3;null;2.0;
4341570;ASDA Deli Breaded Ham;£10.00;£1.00/100g;Ham Slices;null;20.5;1.0;0.2;3.5;1.2;null;null;
3588252;ASDA Deli Breaded Wiltshire Ham 425g;£5.00;£1.18/100g;Ham Slices;null;21.5;3.9;0.9;3.0;1.2;0.8;2.0;
4297849;ASDA Deli Breaded Wiltshire Ham 180g;£3.00;£1.67/100g;Ham Slices;null;21.5;3.9;0.9;3.0;1.2;0.8;2.0;
2526524;ASDA Deli Carver Ham;£7.00;£0.70/100g;Ham Slices;null;22.0;1.4;1.4;5.7;2.3;null;null;
3679171;ASDA Deli Carver Ham 850g;£6.00;£7.06/kg;Ham Slices;null;19.0;1.3;0.7;2.7;1.0;null;2.0;
4040464;ASDA Deli Carver Ham 250g;£2.50;£1.00/100g;Ham Slices;null;19.0;1.3;0.7;2.7;1.0;null;2.0;
4299953;ASDA Chosen By You Breaded Ham 425g;£4.00;£0.94/100g;Ham Slices;null;21.3;2.1;1.5;2.7;1.0;null;2.7;
4716394;ASDA Chosen by you Cooked Ham 300g;£1.65;£0.55/100g;Ham Slices;null;18.4;0.5;0.5;2.0;0.7;null;2.1;
3573917;ASDA Deli Cooked Gammon 300g;£3.00;£1.00/100g;Ham Slices;null;20.9;1.4;1.0;3.6;1.4;null;2.7;
4040460;ASDA Deli Cooked Ham 180g;£2.50;£1.39/100g;Ham Slices;null;22.3;0.1;0.1;3.6;1.4;null;1.9;
3663487;ASDA Dry Cured Breaded Ham 130g;£2.00;£1.54/100g;Ham Slices;null;21.3;2.1;1.5;2.7;1.0;null;2.7;
4299957;ASDA Dry Cured Ham Honey Roast Thick Slices 425g;£4.00;£0.94/100g;Ham Slices;null;21.8;2.0;1.7;2.2;0.8;null;2.3;
4299955;ASDA Chosen by You Dry Cured Ham Oven Baked 14 Thick Slices 425g;£4.00;£0.94/100g;Ham Slices;null;21.6;1.7;1.4;2.0;0.8;null;2.7;
4299883;ASDA Finely Sliced Breaded Ham 130g;£2.00;£1.54/100g;Ham Slices;null;21.3;2.1;1.5;2.7;1.0;null;2.7;
4579589;ASDA Deli Finely Sliced Cooked Gammon 425g;£4.00;£0.94/100g;Ham Slices;null;20.9;0.5;0.5;4.0;1.5;null;2.6;
1176080;ASDA Ham Bavarian 100g;£2.00;£2.00/100g;Ham Slices;null;21.0;0.4;0.4;2.8;0.9;0.7;3.4;
3147951;ASDA Ham Breaded 300g;£3.00;£1.00/100g;Ham Slices;null;21.3;2.1;1.5;2.7;1.0;null;2.7;
3891399;ASDA Ham Cooked 125g;£1.00;£0.80/100g;Ham Slices;null;17.3;0.7;0.7;3.1;1.2;null;2.5;
3588060;ASDA Ham Finely Sliced 300g;£3.00;£1.00/100g;Ham Slices;null;21.6;1.7;1.4;2.0;0.8;null;2.7;
3663511;ASDA Ham Honey & Mustard 130g;£2.00;£1.54/100g;Ham Slices;null;21.6;2.4;1.8;2.5;0.9;null;2.6;
3147953;ASDA Ham Honey Roast 300g;£3.00;£1.00/100g;Ham Slices;null;21.8;2.0;1.7;2.2;0.8;null;2.3;
3663493;ASDA Chosen by You Honey Roast Dry Cured Thick Ham 130g;£2.00;£1.54/100g;Ham Slices;null;21.8;2.0;1.7;2.2;0.8;null;2.3;
3663517;ASDA Ham Honey Roast 130g;£2.00;£1.54/100g;Ham Slices;null;21.8;2.0;1.7;2.2;0.8;null;2.3;
2948771;ASDA Ham Joint 500g;£4.00;£0.80/100g;Ham Slices;null;21.8;1.4;1.1;4.8;1.8;null;2.5;
3663491;ASDA Ham Oak Smoked 130g;£2.00;£1.54/100g;Ham Slices;null;21.8;1.7;1.5;2.7;1.0;null;2.6;
3147955;ASDA Ham Oven Baked 300g;£3.00;£1.00/100g;Ham Slices;null;21.6;1.7;1.4;2.0;0.8;null;2.7;
3663489;ASDA Ham Oven Baked 130g;£2.00;£1.54/100g;Ham Slices;null;21.6;1.7;1.4;2.0;0.8;null;2.7;
3663519;ASDA Ham Oven Baked 130g;£2.00;£1.54/100g;Ham Slices;null;21.6;1.7;1.4;2.0;0.8;null;2.7;
2594031;ASDA Ham Oven Baked Dry Cure 200g;£2.00;£1.00/100g;Ham Slices;null;21.6;1.7;1.4;2.0;0.8;null;2.7;
3663495;ASDA Ham Peppered 130g;£2.00;£1.54/100g;Ham Slices;null;21.6;2.0;1.4;2.2;0.8;null;2.6;
3663521;ASDA Ham Smoked 130g;£2.00;£1.54/100g;Ham Slices;null;21.8;1.7;1.5;2.7;1.0;null;2.6;
3855884;ASDA Ham Thick Carved Breaded 130g;£2.00;£1.54/100g;Ham Slices;null;21.7;2.1;1.5;2.4;0.9;0.9;2.6;
3571429;ASDA Ham Thick Sliced 200g;£3.00;£1.50/100g;Ham Slices;null;20.8;1.9;1.3;4.7;1.8;null;2.7;
3571431;ASDA Ham Thick Sliced Dijon Mustard 200g;£3.00;£1.50/100g;Ham Slices;null;20.4;2.5;1.3;5.7;2.1;null;2.5;
1747420;ASDA Ham Wafer Thin 70g;£0.75;£1.07/100g;Ham Slices;null;15.9;0.8;0.8;3.2;1.3;null;2.2;
2701521;ASDA Deli Ham on the Bone;£12.50;£12.50/kg;Ham Slices;null;22.7;0.9;null;2.4;null;null;null;
4297847;ASDA Deli Ham on the Bone 133g;£2.50;£1.88/100g;Ham Slices;null;21.5;0.6;0.6;3.2;1.3;null;2.2;
4297871;ASDA Deli Ham on the Bone 200g;£3.00;£1.50/100g;Ham Slices;null;21.5;0.6;0.6;3.2;1.3;null;2.2;
4040359;ASDA Deli Honey Cured Ham on the Bone;£12.50;£1.25/100g;Ham Slices;null;null;null;null;null;null;null;null;
3500385;ASDA Deli Honey Roast Carver Ham 425g;£4.00;£0.94/100g;Ham Slices;null;18;0.6;0.6;2.5;0.9;0.5;2.1;
4297873;ASDA Deli Honey Roast Carver Ham 250g;£2.50;£1.00/100g;Ham Slices;null;17.9;0.6;0.6;2.5;0.9;null;2.1;
4453070;ASDA Honey Roast Dry Cured Ham 425g;£4.00;£0.94/100g;Ham Slices;null;21.8;2.0;1.7;2.2;0.8;null;2.3;
3500379;ASDA Deli Honey Roast Ham 425g;£4.00;£0.94/100g;Ham Slices;null;20.4;1.6;1.6;3.4;1.3;null;2.2;
4297851;ASDA Deli Honey Roast Ham on the Bone 133g;£2.50;£1.88/100g;Ham Slices;null;21.0;2.3;2.3;3.0;1.2;null;2.0;
1747422;ASDA Mini Wafer Thin Honey Roast Ham 70g;£0.75;£1.07/100g;Ham Slices;null;16.0;3.8;3.5;3.0;1.1;null;2.3;
4453072;ASDA Oak Smoked Dry Cured Ham 425g;£4.00;£0.94/100g;Ham Slices;null;21.8;1.7;1.5;2.7;1.0;null;2.6;
4777697;ASDA Chosen by You Thickly Carved Beef 150g;£3.00;£2.00/100g;Beef Slices;null;22.1;0.4;0.4;3.8;1.5;null;1.5;
1176062;ASDA Chosen by You Finely Sliced Topside Beef 100g;£2.00;£2.00/100g;Beef Slices;null;25.3;null;null;1.7;0.7;null;1.7;
1611276;ASDA Chosen by You Thick Sliced Peppered Topside Beef 100g;£2.00;£2.00/100g;Beef Slices;null;29.0;null;null;1.6;0.8;0.7;1.5;
3589591;ASDA Chosen by You Thick Sliced Topside Beef 100g;£2.00;£2.00/100g;Beef Slices;null;25.3;null;null;1.7;0.7;null;1.7;
4528965;ASDA Chosen by You Topside Beef;£16.90;£1.69/100g;Beef Slices;null;25.3;null;null;1.7;0.7;null;null;
3147915;ASDA Chosen by You Wafer Thin Cooked Beef;£1.38;£0.69/100g;Beef Slices;null;20.3;0.4;0.4;2.2;1.0;null;2.0;
3198116;ASDA Chosen by You Thin Sliced Pastrami 110g;£2.00;£1.82/100g;Beef Slices;null;23.5;0.9;0.9;2.0;0.9;null;1.6;
4579593;ASDA Chosen by You Deli Pastrami 125g;£2.50;£2.00/100g;Beef Slices;null;23.5;0.9;0.9;2.0;0.9;null;1.6;
3584312;ASDA Chosen by You Deli Silverside Beef 400g;£5.00;£1.25/100g;Beef Slices;null;22;0.5;0.5;3.8;1.5;0;1.5;
4040365;ASDA Chosen by You Deli Silverside Beef;£12.90;£1.29/100g;Beef Slices;null;null;null;null;null;null;null;null;
4297843;ASDA Chosen by You Deli Silverside Beef 130g;£2.50;£1.92/100g;Beef Slices;null;22.1;0.4;0.4;3.8;1.5;null;1.5;
3580746;ASDA Chosen by You Ready to Eat Peppered Steak Slices 150g;£3.00;£2.00/100g;Beef Slices;null;24.2;4.0;0.9;2.8;1.3;0.8;1.1;
4297845;ASDA Chosen by You Deli Topside of Beef 150g;£3.00;£2.00/100g;Beef Slices;null;25.8;null;null;2.5;1.0;null;0.8;
3855888;ASDA Extra Special Peppered Salt Beef 120g;£3.00;£2.50/100g;Beef Slices;null;24.6;1.7;0.4;2.6;1.0;null;1.5;
3663557;ASDA Extra Special Beef Topside 120g;£3.00;£2.50/100g;Beef Slices;null;30.5;0.1;0.1;2.6;1.1;null;0.5;
4781542;Bernard Matthews Wafer Thin Turkey Ham 400g;£2.50;£0.62/100g;Chicken & Turkey Slices;null;12.9;3.7;1.1;4.8;1.3;0;2.4;
4841412;Bernard Matthews Turkey Breast Slices 300g;£3.00;£1.00/100g;Chicken & Turkey Slices;null;19.2;0.9;0.8;2.5;0.4;0.5;null;
4777703;ASDA Chosen by You Thickly Carved Chicken & Stuffing 160g;£3.00;£1.88/100g;Chicken & Turkey Slices;null;19.3;4.4;0.6;4.1;1.5;1.0;1.3;
4777669;ASDA Chosen by You Wafer Thin Sweet Chilli Chicken;£1.38;£0.76/100g;Chicken & Turkey Slices;null;18.9;3.5;2.4;1.1;0.4;null;1.5;
4777665;ASDA Chosen by You Wafer Thin Honey Roast Turkey;£1.38;£0.58/100g;Chicken & Turkey Slices;null;18.9;2.6;0.7;2.4;0.9;null;1.9;
4777685;ASDA Chosen by You Cooked Chicken Slices 255g;£1.48;£0.58/100g;Chicken & Turkey Slices;null;19.8;2.7;1.2;1.1;0.4;null;1.8;
4777667;ASDA Chosen by You Wafer Thin Cooked Chicken;£1.38;£0.58/100g;Chicken & Turkey Slices;null;18.7;2.8;1.2;2.9;0.9;null;1.9;
3588254;ASDA Deli Butter Roast Turkey 350g;£4.50;£12.86/kg;Chicken & Turkey Slices;null;23.6;0.5;0.5;1.2;0.4;null;1.2;
4297863;ASDA Deli Butter Roast Turkey 140g;£2.50;£1.79/100g;Chicken & Turkey Slices;null;23.6;0.5;0.5;1.2;0.4;null;1.2;
3573915;ASDA Deli Chargrilled Style Chicken Breast 300g;£3.00;£1.00/100g;Chicken & Turkey Slices;null;22;0.5;0.5;1.6;0.5;0.5;1.9;
4297865;ASDA Deli Chicken Breast & Stuffing 110g;£2.50;£2.27/100g;Chicken & Turkey Slices;null;21.5;2.3;0.6;2.7;1.6;null;1.0;
4299568;ASDA Chicken Breast with Pork, Sage & Onion Stuffing 100g;£2.00;£2.00/100g;Chicken & Turkey Slices;null;18.6;3.3;1.4;3.3;1.1;1.0;1.1;
3663523;ASDA Chicken Chargrilled Finely Sliced 130g;£2.00;£1.54/100g;Chicken & Turkey Slices;null;22.3;0.2;0.2;1.6;0.5;null;1.9;
2594069;ASDA Chicken Chargrilled Style 200g;£2.00;£1.00/100g;Chicken & Turkey Slices;null;22.3;0.2;0.2;1.6;0.5;null;1.9;
3147957;ASDA Chicken Chargrilled Thick Sliced 300g;£3.00;£1.00/100g;Chicken & Turkey Slices;null;22.3;0.2;0.2;1.6;0.5;null;1.9;
3663499;ASDA Chicken Chargrilled Thick Sliced, Cold Meat, Sandwich Meat 130g;£2.00;£1.54/100g;Chicken & Turkey Slices;null;22.3;0.2;0.2;1.6;0.5;null;1.9;
3891397;ASDA Chicken Cooked 125g;£1.00;£0.80/100g;Chicken & Turkey Slices;null;19.8;2.7;1.2;1.1;0.4;null;1.8;
3663501;ASDA Chicken Honey Roast 130g;£2.00;£1.54/100g;Chicken & Turkey Slices;null;23.4;0.2;0.2;1.9;0.6;null;1.9;
1747426;ASDA Chicken Wafer Thin 70g;£0.75;£1.07/100g;Chicken & Turkey Slices;null;18.7;2.8;1.2;2.9;0.9;null;1.9;
4453100;ASDA Deli Turkey Breast with Stuffing 140g;£2.50;£1.79/100g;Chicken & Turkey Slices;null;17.8;6.2;1.0;3.2;1.2;0.9;1.8;
3432757;ASDA Deli Turkey Butter Roast;£12.50;£1.25/100g;Chicken & Turkey Slices;null;25.2;2.1;null;1.6;null;null;null;
3663503;ASDA Turkey Oven Baked 130g;£2.00;£1.54/100g;Chicken & Turkey Slices;null;22.3;null;null;1.3;0.5;null;2.0;
4044344;ASDA Wafer Thin Cooked Chicken 480g;£2.40;£0.50/100g;Chicken & Turkey Slices;null;18.7;2.8;1.2;2.9;0.9;null;1.9;
4453062;ASDA Wafer Thin Southern Style Chicken;£1.38;£0.76/100g;Chicken & Turkey Slices;null;19.4;3.7;1.8;1.3;0.4;null;1.4;
4777701;ASDA Chosen by You Thickly Carved Turkey 150g;£3.00;£2.00/100g;Chicken & Turkey Slices;null;22.2;0.6;0.6;1.4;0.5;null;0.9;
4529005;ASDA Extra Special Roast Chicken 120g;£3.00;£2.50/100g;Chicken & Turkey Slices;null;27.6;0.7;0.7;2.3;0.8;null;0.8;
4529003;ASDA Extra Special Roast Turkey 120g;£3.00;£2.50/100g;Chicken & Turkey Slices;null;28.3;0.3;0.3;1.2;0.5;null;0.7;
3588242;ASDA Smartprice Chicken Roll 400g;£1.00;£0.25/100g;Chicken & Turkey Slices;null;13.4;3.4;0.4;11.0;3.7;null;1.6;
3244271;Bernard Matthews Chicken 300g;£3.00;£1.00/100g;Chicken & Turkey Slices;null;19.0;1.3;0.8;2.3;0.7;0.7;1.68;
4194780;Bernard Matthews Chicken Breast Slices;£1.50;£1.07/100g;Chicken & Turkey Slices;null;19.0;1.3;0.8;2.3;0.7;0.7;1.68;
4194778;Bernard Matthews Turkey Breast Slices;£1.50;£1.07/100g;Chicken & Turkey Slices;null;19.2;0.9;0.8;2.5;0.4;0.5;null;
4194782;Bernard Matthews Turkey Ham Wafer Thin;£1.50;£0.60/100g;Chicken & Turkey Slices;null;null;3.0;1.0;4.1;1.2;null;null;
4302551;Bernard Matthews Wafer Thin Chicken 300g;£2.00;£0.66/100g;Chicken & Turkey Slices;null;18.2;2.7;1.1;2.5;0.6;null;1.83;
4777723;ASDA Smartprice Chunky Tikka Chicken Breast 240g;£2.00;£0.83/100g;Chicken & Turkey Slices;null;21.4;5.1;5.1;1.5;0.4;null;0.8;
4299576;ASDA Chosen by You Corned Beef 150g;£1.48;£0.98/100g;Corned Beef & Haslet;null;27.2;0.9;0.9;9.3;4.4;null;1.7;
3584314;ASDA Chosen by You Deli Corned Beef 250g;£2.50;£1.00/100g;Corned Beef & Haslet;null;27.2;0.9;0.9;9.3;4.4;null;1.7;
3891381;ASDA Chosen by You Deli Corned Beef 180g;£2.50;£1.39/100g;Corned Beef & Haslet;null;27.2;0.9;0.9;9.3;4.4;null;1.7;
4040452;ASDA Chosen by You Deli Haslet 150g;£1.25;£0.83/100g;Corned Beef & Haslet;null;12.4;11.4;0.9;17.1;6.4;1.0;1.6;
3588258;ASDA Chosen by You Deli Haslet 450g;£3.00;£0.66/100g;Corned Beef & Haslet;null;12.4;11.4;0.9;17.1;6.4;1.0;1.6;
2701537;ASDA Chosen by You Deli Haslet;£3.50;£0.35/100g;Corned Beef & Haslet;null;null;null;null;null;null;null;null;
4299574;ASDA Chosen by You Thick Sliced Corned Beef 150g;£2.00;£1.33/100g;Corned Beef & Haslet;null;28.6;0.9;0.9;8.3;3.9;null;1.7;
232060;ASDA Smartprice Corned Beef 250g;£2.00;£0.80/100g;Corned Beef & Haslet;null;25.6;0.9;0.9;10.5;5.3;null;2.1;
636957;Corned Beef;£8.90;£8.90/kg;Corned Beef & Haslet;null;null;null;null;null;null;null;null;
4777699;ASDA Chosen by You Thickly Carved Pork & Stuffing 160g;£3.00;£1.88/100g;Pork Slices;null;19.7;2.7;1.1;3.1;1.2;1.4;1.5;
3663485;ASDA Pork Loin 130g;£2.00;£1.54/100g;Pork Slices;null;22.4;0.4;0.4;3.5;1.4;null;2.1;
3663515;ASDA Pork Loin Smoked 130g;£2.00;£1.54/100g;Pork Slices;null;22.5;0.5;0.5;3.1;1.2;null;1.9;
3588244;ASDA Deli Pork with Stuffing Sage & Onion 425g;£4.00;£0.94/100g;Pork Slices;null;20.6;1.4;1.1;4.2;1.6;1.0;1.5;
4529013;ASDA Deli Roast Pork 140g;£2.50;£1.79/100g;Pork Slices;null;23.2;0.4;0.4;4.3;1.6;null;1.3;
4529011;ASDA Deli Roast Pork & Stuffing 160g;£2.50;£1.56/100g;Pork Slices;null;20.6;1.4;1.1;4.2;1.6;1.0;1.5;
4529007;ASDA Extra Special Roast Pork 130g;£3.00;£2.31/100g;Pork Slices;null;31.1;0.4;0.4;2.4;1.0;null;0.6;
3130865;Morliny Sopocka Slices 80g;£1.00;£1.25/100g;Pork Slices;null;null;null;null;null;null;null;null;
4918308;Glaceau Smartwater;£4.18;£0.5/100ml;Pork Slices;null;0;0.0;0.0;0;0;null;0;
5167;ASDA Eden Falls Still Natural Mineral Water;£0.45;£0.2/100ml;Pork Slices;null;null;null;null;null;null;null;null;
4836413;Glaceau Smartwater;£0.60;£1.00/lt;Pork Slices;null;0;0;0;0;0;null;0;
4836415;Glaceau Smartwater;£0.80;£0.94/lt;Pork Slices;0;0;0;0;0;0;null;0;
916216;ASDA Black Pudding Chubb 150g;£0.54;£0.36/100g;Tongue & Luncheon Meat;null;11.5;19.2;0.7;12.9;7.9;2.0;1.9;
4453060;ASDA Classic Liver Sausage 8 Slices 150g;£1.00;£0.66/100g;Tongue & Luncheon Meat;null;15.4;11.0;3.5;6.6;2.6;null;1.6;
637228;ASDA Deli Lunch Tongue;£12.90;£1.29/100g;Tongue & Luncheon Meat;null;null;null;null;null;null;null;null;
4297869;ASDA Deli Ox Tongue 125g;£3.00;£2.40/100g;Tongue & Luncheon Meat;null;18.0;1.0;1.0;13.2;5.6;null;2.8;
4297867;ASDA Deli Pork Lunch Tongue 130g;£2.50;£1.92/100g;Tongue & Luncheon Meat;null;18.8;1.5;0.9;11.4;4.3;null;2.9;
637205;ASDA Deli Pork Lunch Tongue;£8.80;£0.88/100g;Tongue & Luncheon Meat;null;null;null;null;null;null;null;null;
3663497;ASDA Lunch Tongue Pork 130g;£2.00;£1.54/100g;Tongue & Luncheon Meat;null;18.8;1.5;0.9;11.4;4.3;null;2.9;
916217;ASDA Polony Chubb 150g;£0.54;£0.36/100g;Tongue & Luncheon Meat;null;13.6;11.8;0.7;11.1;4.4;null;2.5;
929614;ASDA Pork & Egg Roll 227g;£1.00;£0.44/100g;Tongue & Luncheon Meat;null;13.3;4.0;1.2;16.5;6.3;null;1.7;
3855878;ASDA Pork & Stuffing 140g;£1.00;£0.71/100g;Tongue & Luncheon Meat;null;16.2;5.4;1.1;11.0;4.1;0.6;2.5;
3027395;ASDA Smartprice Pork Luncheon Meat 250g;£0.75;£0.30/100g;Tongue & Luncheon Meat;null;13.5;4.7;1.3;16.4;6.6;null;2.3;
3588048;ASDA Chicken 200g;£3.00;£1.50/100g;Sliced Chicken & Turkey;null;27.3;null;null;1.5;0.4;null;0.6;
2886312;ASDA Chicken BBQ 200g;£3.00;£1.50/100g;Sliced Chicken & Turkey;null;26.7;2.0;2.0;1.3;0.4;null;1.1;
4579583;ASDA Chicken Breast Slices 120g;£2.00;£1.67/100g;Sliced Chicken & Turkey;null;27.2;null;null;1.5;0.4;null;0.5;
2886310;ASDA Chicken Hot & Spicy 200g;£3.00;£1.50/100g;Sliced Chicken & Turkey;null;24.0;2.9;2.1;1.6;0.5;null;1.2;
2892918;ASDA Chicken Mexican 200g;£3.00;£1.50/100g;Sliced Chicken & Turkey;null;25.3;2.9;1.4;1.5;0.5;0.8;1.1;
2892922;ASDA Chicken Tikka 200g;£3.00;£1.50/100g;Sliced Chicken & Turkey;null;24.5;2.0;2.0;1.8;0.5;null;1.1;
3588052;ASDA Thick Carved Chicken 200g;£3.00;£1.50/100g;Sliced Chicken & Turkey;null;27.3;null;null;1.5;0.4;null;0.6;
4579581;ASDA Tikka Chicken Breast Slices 120g;£2.00;£1.67/100g;Sliced Chicken & Turkey;null;24.4;2.2;2.1;1.7;0.4;null;1.3;
2892920;ASDA Chosen by You Chinese Chicken Breast Slices 200g;£3.00;£1.50/100g;Sliced Chicken & Turkey;null;23.0;4.8;4.8;1.4;0.5;null;1.4;
4618524;ASDA Chosen by You Sweet Chilli Chicken Breast Slices 200g;£3.00;£1.50/100g;Sliced Chicken & Turkey;null;26.3;3.3;3.3;1.4;0.5;null;0.7;
153662;Bernard Matthews Turkey Dinosaur 100g;£1.00;£1.00/100g;Sliced Chicken & Turkey;null;14.8;8.3;1.1;7.0;1.9;1.6;null;
1600464;Character Kids Billy Bear 100g;£1.00;£1.00/100g;Sliced Chicken & Turkey;null;11.8;8.2;0.3;13.4;4.6;null;1.4;
2961196;Character Kids Turkey Fairy Hearts 100g;£1.00;£1.00/100g;Sliced Chicken & Turkey;216;11.8;8.1;0.2;15.2;6.2;null;1.6;
4579567;ASDA Barbecue Chicken Breast Chunks 120g;£2.00;£1.67/100g;Chunks;null;27.7;4.7;4.7;2.0;0.6;null;1.1;
4579571;ASDA Flame Grilled Chicken Breast Mini Fillets 120g;£2.00;£1.67/100g;Chunks;null;25.4;null;null;0.6;0.2;null;0.8;
4579579;ASDA Ready to Eat Tikka Chicken Breast Chunks 120g;£2.00;£1.67/100g;Chunks;null;25.3;2.7;2.7;1.6;0.4;null;1.3;
4579573;ASDA Sweet Chilli Chicken Breast Chunks 120g;£2.00;£1.67/100g;Chunks;null;25.5;5.5;5.5;1.2;0.4;null;1.3;
4579569;ASDA Tandoori Chicken Breast Mini Fillets 120g;£2.00;£1.67/100g;Chunks;null;22.6;4.3;2.2;1.5;0.4;1.4;1.3;
1916823;ASDA Smartprice Chicken Chunks 240g;£2.00;£0.83/100g;Chunks;null;25.9;0.4;0.4;1.6;0.5;null;0.7;
4302557;Bernard Matthews Turkey Breast Chunks Hickory BBQ;£1.50;£1.07/100g;Chunks;null;19.8;6.4;5;1.3;0.4;0.4;null;
4302553;Bernard Matthews Turkey Breast Chunks Roast;£1.50;£1.07/100g;Chunks;null;22.3;2.6;1.3;0.8;0.3;0.5;null;
4302555;Bernard Matthews Turkey Breast Chunks Tikka;£1.50;£1.07/100g;Chunks;null;20.4;3.5;1.8;1.8;0.4;0.8;null;
4463250;Bernard Matthews Turkey Sweet Chilli Breast Chunks;£1.50;£1.07/100g;Chunks;null;19.7;6.8;4.7;1.5;0.4;0.5;null;
3510454;ASDA Chosen by You Chicken Drumsticks Chinese 480g;£3.00;£0.62/100g;Drums, Wings & Thighs;null;21.6;5.8;4.9;5.4;1.2;0.2;0.6;
4208391;ASDA Chosen by You Chicken Wings 525g;£3.00;£0.57/100g;Drums, Wings & Thighs;null;20.6;7.0;4.5;12.5;3.1;0.9;0.7;
4208385;ASDA Chosen by You Chinese Chicken Wings 525g;£3.00;£0.57/100g;Drums, Wings & Thighs;null;19.6;6.1;5.5;12.9;3.1;0.7;0.7;
4208389;ASDA Chosen by You Chilli Chicken Wings 525g;£3.00;£0.57/100g;Drums, Wings & Thighs;null;20.8;9.4;7.5;11.7;2.6;1.0;0.7;
4208387;ASDA Chosen by You Hot & Spicy Chicken Wings 525g;£3.00;£0.57/100g;Drums, Wings & Thighs;null;19.3;10.8;8.2;12.6;3.2;0.5;0.5;
4287100;ASDA Chosen by You Barbecue Chilli Chicken Drumsticks 470g;£3.00;£0.63/100g;Drums, Wings & Thighs;null;20.6;7.4;6.5;5.9;1.5;null;0.8;
4452877;ASDA Ready to Eat Roast Chicken Legs;£2.00;£0.61/100g;Drums, Wings & Thighs;null;23.0;0.5;0.3;10.7;2.9;null;0.7;
4047302;ASDA Ready to Eat Roast Chicken Thighs;£2.50;£0.46/100g;Drums, Wings & Thighs;null;23.3;0.3;0.3;15.8;4.2;0.1;0.4;
3510450;ASDA Roast Chicken Drumsticks;£2.50;£0.52/100g;Drums, Wings & Thighs;null;26.3;0.4;0.4;6.2;1.6;0.1;0.7;
4577791;ASDA Roast Chicken Drumsticks 790g;£4.00;£0.50/100g;Drums, Wings & Thighs;null;26.3;0.4;0.4;6.2;1.6;0.1;0.7;
2892930;ASDA Chicken Breast 240g;£4.00;£1.67/100g;Breast & Wholebird;null;23.4;0.4;0.4;6.8;2.7;null;0.9;
4716398;ASDA Chosen by you Cooked Chicken 300g;£1.65;£0.55/100g;Breast & Wholebird;null;19.6;2.6;1.4;1.2;0.4;null;2.0;
2997629;ASDA Ready to Eat Roast Chicken;£5.50;£5.50/each;Breast & Wholebird;null;22.7;0.2;null;12.2;null;null;null;
4579553;ASDA Roast Chicken Breast Fillets 480g;£6.00;£1.25/100g;Breast & Wholebird;null;23.4;0.4;0.4;6.8;2.7;null;0.9;
3580748;ASDA Beef Sweet Chilli 120g;£2.00;£1.67/100g;Simply Add Ingredients;null;21.9;5.6;5.6;2.5;1.1;null;1.8;
4040444;ASDA Crispy Bacon 75g;£2.00;£2.67/100g;Simply Add Ingredients;null;45.0;0.2;0.2;27.0;10.7;null;3.6;
4851702;Fridge Raiders Big Eat Southern Fried Flavour Chicken Bites 100g;£1.48;£1.48/100g;Chicken Snacks;221;19;4.2;1.1;14;3.8;null;1.4;
3680457;Fridge Raiders Chicken BBQ;£0.64;£1.07/100g;Chicken Snacks;null;12.3;3.9;2.0;7.5;1.9;null;0.7;
3680465;Fridge Raiders Chicken Piri Piri;£0.64;£1.07/100g;Chicken Snacks;null;11.7;3.0;0.8;7.6;1.9;null;0.8;
3680451;Fridge Raiders Chicken Roast;£0.64;£1.07/100g;Chicken Snacks;null;12.4;3.4;0.5;6.8;2.6;null;0.9;
3840170;Fridge Raiders Chicken Roast 25g;£1.49;£1.99/100g;Chicken Snacks;190;21;3.2;1.1;10;2.5;null;1.6;
3709390;Fridge Raiders Fridge Raiders Tikka Flavour;£0.64;£1.07/100g;Chicken Snacks;null;11.9;1.6;0.4;9.1;2.3;null;0.9;
3680459;Fridge Raiders Hot & Spicy;£0.64;£1.07/100g;Chicken Snacks;null;12.7;3.2;1.2;7.3;1.9;null;0.8;
3680455;Fridge Raiders Southern Fried Flavour;£0.64;£1.07/100g;Chicken Snacks;null;11.3;2.5;0.7;8.5;2.3;null;0.8;
3840172;Fridge Raiders Southern Fried Multipack 25g;£1.49;£1.99/100g;Chicken Snacks;181;18;3.8;0.5;10;2.5;null;1.4;
4475262;Mattessons Double Dippers Classic;£1.00;£1.11/100g;Chicken Snacks;null;17.2;14.4;3.1;9.2;1.1;0.9;null;
4475264;Mattessons Double Dippers Thai;£1.00;£1.11/100g;Chicken Snacks;null;15.3;26.7;16.2;1.6;0.7;0.9;null;
4836452;Wall's Ready Baked BBQ Flavour Pork Sausages 275g;£2.50;£9.09/kg;Pork Snacks;243;10;15;2.0;15;5.4;null;1.7;
4836454;Wall's Ready Baked Black Pepper Pork Sausages 275g;£2.50;£9.09/kg;Pork Snacks;258;11;16;1.5;16;5.8;null;1.7;
4838386;Wall's Ready Baked Pork Sausages 275g;£2.50;£9.09/kg;Pork Snacks;249;11;16;1.5;15;5.6;null;1.7;
4777749;Deli Cuisine Ready to Eat Mini Salamis 100g;£1.38;£1.38/100g;Pork Snacks;null;24.0;1.0;1.0;40.0;16.0;0.4;4.0;
4777755;Deli Cuisine German Meatballs 500g;£1.75;£0.35/100g;Pork Snacks;null;12;7.3;1.4;19;6.7;3.6;1.6;
4777753;Deli Cuisine German Frikadellen 500g;£1.75;£0.35/100g;Pork Snacks;null;12;7.2;1.1;20;7.0;2.9;1.6;
4777751;Deli Cuisine German Bratwurst 540g;£1.65;£0.30/100g;Pork Snacks;null;13.5;1.3;0.8;23.6;9.1;1.1;1.1;
4837818;French's Jumbo Hot Dogs Classic 360g;£2.50;£0.69/100g;Pork Snacks;null;14.0;1.8;0.8;19.8;7.1;null;2.2;
4837816;French's Hot Dogs Classic;£1.50;£0.42/100g;Pork Snacks;null;14.0;1.8;0.8;19.8;7.1;null;2.2;
561161;ASDA Cocktail Sausages 680g;£3.00;£0.44/100g;Pork Snacks;null;11.2;14.5;1.1;20.1;7.5;1.3;1.7;
3567271;ASDA Chosen by You Pork Cocktail Sausages 410g;£1.98;£0.48/100g;Pork Snacks;null;11.2;14.5;1.1;20.1;7.5;1.3;1.7;
4460719;ASDA Cumberland Cocktail Sausages 180g;£1.00;£0.55/100g;Pork Snacks;null;10.9;14.3;0.9;21.7;7.7;2.2;1.3;
4460717;ASDA Pork Cocktail Sausages 180g;£1.00;£0.55/100g;Pork Snacks;null;11.2;14.5;1.1;20.1;7.5;1.3;1.7;
4087923;Feldhues Sausage Pork and Turkey Cooked Sausages 100g;£1.00;£1.00/100g;Pork Snacks;null;null;null;null;null;null;null;null;
2604852;Herta Frankfurters Chicken;£2.00;£0.57/100g;Pork Snacks;null;13.5;1.5;1.5;17.0;3.5;1.0;1.80;
532083;Herta Frankfurters Classics 350g;£2.00;£0.57/100g;Pork Snacks;null;12.5;2.0;2.0;25.0;9.8;1.2;1.60;
4299007;Mattessons Garlic Smoked Pork Sausage;£1.00;£0.50/100g;Pork Snacks;null;15;0.7;0.0;29;13;null;2.2;
4299005;Mattessons Hot 'n Spicy Smoked Pork Sausage;£1.00;£0.50/100g;Pork Snacks;null;15;0.7;0.3;29;13;null;2.3;
4045021;Mattessons Hot Dog 120g;£1.00;£0.83/100g;Pork Snacks;null;8.4;1.2;0.3;17.4;6.5;0.1;null;
4299001;Mattessons Original Smoked Pork Sausage;£1.00;£0.50/100g;Pork Snacks;null;15;0.0;0.0;29;13;null;2.2;
4299003;Mattessons Reduced Fat Smoked Pork Sausage;£1.00;£0.50/100g;Pork Snacks;null;16;0.0;0.0;20;9.0;null;2.1;
4045023;Mattessons Spicy Jumbo Frankfurters 120g;£1.00;£0.83/100g;Pork Snacks;null;8.4;1.2;0.3;17.4;6.5;0.1;null;
3902879;Morliny Morlinska 600g;£3.25;£0.54/100g;Pork Snacks;214;14.1;0.8;null;17.2;null;null;null;
4466680;PEK Jungle Dogs 6 Pork Hot Dogs 180g;£1.00;£0.55/100g;Pork Snacks;null;null;null;null;null;null;null;null;
152829;Peperami Hot 25g;£0.70;£2.80/100g;Pork Snacks;517;23;3.2;2.4;44;19;null;4;
153377;Peperami Hot Bunch of 5s;£1.50;£1.20/100g;Pork Snacks;517;23;3.2;2.4;44;19;null;4;
152673;Peperami Original 25g;£0.70;£2.80/100g;Pork Snacks;518;24;2.2;2;44;17;null;3.9;
152657;Peperami Original Bunch of 5s;£1.50;£1.20/100g;Pork Snacks;518;24;2.2;2;44;17;null;3.9;
154447;Peperami Mini Original 100g;£2.50;£2.50/100g;Pork Snacks;400;26;5.5;1.8;31;13;null;4.1;
3332847;Peperami Wideboy 40g;£1.00;£250.00/100g;Pork Snacks;518;24;2.2;2;44;17;null;3.9;
3588246;ASDA Chosen by You Hot & Spicy Cocktail Sausages 410g;£1.98;£0.48/100g;Pork Snacks;null;10.7;14.8;2.1;18.9;7.1;1.6;1.7;
4299949;Deli Cuisine Ready to Eat Snack Salami 25g;£0.50;£2.00/100g;Pork Snacks;null;24.0;1.0;1.0;40.0;16.0;0.4;4.0;
4299951;Deli Cuisine Ready to Eat Snack Salami 5 Pack 125g;£1.28;£1.02/100g;Pork Snacks;null;24.0;1.0;1.0;40.0;16.0;0.4;4.0;
4453086;Deli Cuisine Ready to Eat Snack Salami Hot 'n' Spicy 25g;£0.50;£2.00/100g;Pork Snacks;null;24.0;1.0;1.0;40.0;16.0;0.4;4.0;
4464074;Deli Cuisine Smoked Pork Sausage 200g;£1.00;£0.50/100g;Pork Snacks;null;13.0;4.5;1.0;26.0;10.0;null;1.6;
4887475;Hessy's Hot Dog Frankfurters 350g;£1.00;£0.28/100g;Pork Snacks;null;null;null;null;null;null;null;null;
3594200;Krakus Kabanossy 180g;£2.50;£1.39/100g;Polish Meat;null;null;null;null;null;null;null;null;
3594202;Krakus Krakowska 320g;£4.00;£1.25/100g;Polish Meat;null;null;null;null;null;null;null;null;
3594204;Krakus Zywiecka 286g;£2.80;£0.97/100g;Polish Meat;218;22.0;1.0;1.0;14.0;5.0;null;3.0;
3261936;Morliny Berlinki Classic Hot Dogs 250g;£1.35;£0.54/100g;Polish Meat;null;null;null;null;null;null;null;null;
3261938;Morliny Berlinki Hot Dogs - Turkey & Pork 250g;£1.35;£0.54/100g;Polish Meat;null;null;null;null;null;null;null;null;
3130867;Morliny Krakowska Slices 80g;£1.00;£1.25/100g;Polish Meat;null;null;null;null;null;null;null;null;
3411130;Morliny Zywiecka Slices 90g;£1.00;£1.11/100g;Polish Meat;null;null;null;null;null;null;null;null;
4885973;Rolpek Cocktail Franks 500g;£2.15;£0.43/100g;Polish Meat;null;11.8;3.8;0.3;25.6;9.9;0.8;2.3;
4885979;Rolpek Extra Garlic Sausage 350g;£1.70;£4.86/kg;Polish Meat;null;13.4;3.0;0.2;16.7;6.8;0.6;2.5;
3686661;Rolpek Frankfurters with Chilli 500g;£2.50;£5.00/kg;Polish Meat;null;11.8;3.9;0.5;26.7;10.7;1.0;2.0;
4885977;Rolpek Garlic Sausage 350g;£1.60;£4.57/kg;Polish Meat;null;12.2;3.7;0.2;19.1;7.8;0.9;2.4;
2901766;Rolpek Hunter Sausage 400g;£3.00;£7.50/kg;Polish Meat;null;19.4;2.2;0.3;25.0;10.0;1.1;2.3;
4885981;Rolpek Krakowska 300g;£3.00;£10.00/kg;Polish Meat;null;25.4;0.3;0.3;6.5;2.6;0.6;2.7;
4885983;Rolpek Sils Sausage 300g;£2.50;£8.33/kg;Polish Meat;null;15.0;3.7;0.3;17.5;7.1;1.3;2.0;
4885975;Rolpek Traditional Franks 500g;£2.15;£0.43/100g;Polish Meat;null;11.7;3.4;0.3;25.6;10.4;0.9;2.3;
3687080;Sokolow Hot Dogs 250g;£1.30;£0.52/100g;Polish Meat;null;12.0;2.6;0.3;23.0;9.2;null;2.3;
3687078;Sokolow Hot Dogs with Cheese 250g;£1.30;£0.52/100g;Polish Meat;null;12.5;2.4;0.3;22.7;8.8;null;2.4;
3687084;Sokolow Slaska Sausage 300g;£2.09;£0.69/100g;Polish Meat;null;null;null;null;null;null;null;null;
3687086;Sokolow Traditional Sausage 300g;£2.17;£0.72/100g;Polish Meat;null;null;null;null;null;null;null;null;
4853586;ASDA Extra Special Parma Ham;£2.50;£2.78/100g;Continental Meats;null;29.0;0.5;0.5;16.0;5.5;null;4.6;
911943;ASDA Extra Special Gran Antipasto Selection 120g;£3.00;£2.50/100g;Continental Meats;null;28.6;2.0;0.4;12.8;4.9;null;5.0;
2949453;ASDA Extra Special Spanish Tapas Selection 120g;£3.00;£2.50/100g;Continental Meats;null;24.1;5.7;1.2;38.3;14.4;null;3.6;
4777717;ASDA Chosen by You Salami & Cheese Selection 145g;£1.79;£1.23/100g;Continental Meats;null;20.7;1.7;0.1;31.9;12.5;null;3.5;
4579561;ASDA Chosen by You Continental Meat Selection;£1.79;£1.49/100g;Continental Meats;null;21.9;3.0;1.5;32.0;11.2;null;3.5;
4579563;ASDA Chosen by You Spicy Salami Selection 120g;£1.79;£1.49/100g;Continental Meats;null;21.4;2.6;0.2;31.8;12.2;null;3.6;
4777721;ASDA Chosen by You Mediterranean Selection 120g;£1.79;£1.49/100g;Continental Meats;null;25.2;5.8;3.1;38.2;14.9;null;4.1;
4777719;ASDA Chosen by You Spanish Tapas Selection 130g;£1.79;£1.38/100g;Continental Meats;null;1.1;null;null;12.5;1.9;5.2;2.6;
4777745;ASDA Chosen by You Deli Milano Salami 50g;£1.00;£2.00/100g;Continental Meats;null;25.3;0.5;0.5;37.4;13.9;null;4.0;
4777741;ASDA Chosen by You Deli Spanish Chorizo 70g;£1.00;£1.43/100g;Continental Meats;null;21.9;3.0;1.5;32.0;11.2;null;3.5;
4777735;ASDA Chosen by You Italian Salami Selection;£1.79;£1.49/100g;Continental Meats;null;25.9;2.5;null;26.9;10.3;null;3.8;
4777711;ASDA Chosen by You Sliced Chorizo 90g;£2.00;£2.22/100g;Continental Meats;null;23.3;1.4;0.4;37.8;13.8;2.0;3.6;
4777737;ASDA Chosen by You Salami 130g;£1.00;£0.76/100g;Continental Meats;null;20.7;1.7;0.1;31.9;12.5;null;3.5;
4777739;ASDA Chosen by You Sausage Selection 175g;£2.00;£1.14/100g;Continental Meats;null;15.7;2.8;1.8;15.0;5.7;null;2.4;
4777733;ASDA Chosen by You Chilli Salami 140g;£1.50;£1.07/100g;Continental Meats;null;21.4;2.7;0.2;31.3;12.0;null;3.8;
4579559;ASDA Chosen by You Spanish Salami Selection 120g;£1.79;£1.49/100g;Continental Meats;null;27.9;0.3;0.3;25.0;10.4;null;3.6;
3603423;ASDA Chosen by You Deli Continental Meat Selection 108g;£2.00;£1.85/100g;Continental Meats;null;21.9;3.0;1.5;32.0;11.2;null;3.5;
4453094;ASDA Chosen by You Milano Salami 110g;£1.50;£1.36/100g;Continental Meats;null;25.3;0.5;0.5;37.4;13.9;null;4.0;
2948337;ASDA Chosen by You Salami 160g;£1.00;£0.62/100g;Continental Meats;null;15.7;3.0;0.1;38.9;17.3;null;3.8;
4777743;ASDA Chosen by You Deli German Peppered Salami 70g;£1.00;£1.43/100g;Continental Meats;null;20.9;3.3;0.1;32.1;12.3;null;3.7;
3408767;ASDA Chosen by You German Peppered Salami 140g;£1.50;£1.07/100g;Continental Meats;null;21.0;3.3;0.1;32.1;12.3;null;3.7;
2948335;ASDA Chosen by You Pepperoni 120g;£1.00;£0.83/100g;Continental Meats;null;17.4;3.4;0.2;39.4;16.1;null;3.8;
4453096;ASDA Chosen by You Hot Pepperoni 140g;£1.50;£1.07/100g;Continental Meats;null;21.7;2.7;0.2;35.7;13.6;null;3.9;
4299931;ASDA Chosen by You Prosciutto;£1.49;£1.49/100g;Continental Meats;null;28.6;2.0;0.4;12.8;4.9;null;5.0;
3354802;ASDA Chosen by You Prosciutto Cotto 120g;£2.00;£1.67/100g;Continental Meats;null;20.4;0.3;0.1;6.4;2.5;null;1.8;
4453090;ASDA Chosen by You Chorizo 150g;£1.50;£1.00/100g;Continental Meats;null;21.9;3.0;1.5;32.0;11.2;null;3.5;
4453092;ASDA Chosen by You Spicy Chorizo 150g;£1.50;£1.00/100g;Continental Meats;null;21.1;2.5;0.4;33.2;11.9;null;3.3;
3669050;ASDA Chosen by You Diced Spanish Chorizo 130g;£2.00;£1.54/100g;Continental Meats;null;null;null;null;null;null;null;null;
3806427;ASDA Chosen by You Diced Pancetta Twin Pack;£1.50;£0.93/100g;Continental Meats;null;16.4;0.9;0.1;25.2;9.3;null;3.3;
3220292;ASDA Chosen by You Garlic Sausage 100g;£1.00;£1.00/100g;Continental Meats;null;16.3;0.4;0.4;16.8;6.8;null;2.3;
3567277;ASDA Chosen by You Mini Cooking Sausage 200g;£2.00;£1.00/100g;Continental Meats;null;18.6;1.9;1.6;37.8;13.4;2.2;2.9;
4299939;ASDA Extra Special Spanish Serrano Ham 100g;£2.00;£2.00/100g;Continental Meats;null;29.6;1.0;0.4;12.9;4.8;null;4.5;
1378209;ASDA Extra Special Chorizo Casero 225g;£2.00;£0.88/100g;Continental Meats;null;22.3;2.2;0.4;38.7;14.5;1.3;null;
3669056;ASDA Extra Special Chorizo Piccante Casero Spicy 225g;£2.00;£0.88/100g;Continental Meats;null;21.1;0.9;0.9;39.1;13.8;1.0;null;
3717714;Evim Wiejska Smoked Pork Sausage 80g;£1.00;£1.25/100g;Continental Meats;null;null;null;null;null;null;null;null;
3902877;Morliny Salceson Domowy Home Pork Brawn 360g;£1.45;£0.40/100g;Continental Meats;null;16;0.4;0.4;19;7.6;null;1.8;
3608115;Krakus Podwawelska;£3.75;£0.72/100g;Continental Meats;null;null;null;null;null;null;null;null;
4873255;Tarczynski Kabanos Exclusive 120g;£1.75;£1.46/100g;Continental Meats;null;26.0;3.0;1.2;55.0;22.0;null;3.3;
4832800;ASDA Smartprice Pepperoni 120g;£0.79;£0.65/100g;Continental Meats;null;15.7;1.5;0.4;44.3;18.0;null;2.7;
4587384;ASDA Extra Special Wild Boar & Rioja Pâté 60g;£1.50;£1.25/100g;Pate & Spread;null;13.0;2.0;1.5;27.5;10.3;2.5;1.8;
4587386;ASDA Extra Special Chicken & Mushroom Pâté 60g;£1.50;£1.25/100g;Pate & Spread;null;10.5;2.0;1.5;27.0;9.5;3.0;2.1;
2948307;ASDA Chosen by You Coarse Ardennes Pate 200g;£1.00;£0.50/100g;Pate & Spread;null;13.0;2.6;2.6;19.0;6.8;4.5;1.9;
4045698;ASDA Smooth Brussels Pâté with Garlic 200g;£1.00;£0.50/100g;Pate & Spread;null;10.5;3.0;2.0;31.0;9.7;2.3;1.8;
2948305;ASDA Chosen by You Smooth Brussels Pate 200g;£1.00;£0.50/100g;Pate & Spread;null;11.3;2.4;2.3;21.7;8.4;2.4;2.0;
2607155;ASDA Chosen by You Smooth Brussels Pate 175g;£0.60;£0.34/100g;Pate & Spread;null;10.5;4.5;2.8;21.3;6.6;1.1;null;
2038788;ASDA Chosen by You Smooth Reduced Fat Brussels Pate 175g;£0.60;£0.34/100g;Pate & Spread;null;14.4;4.4;3.2;11.8;3.4;1.0;null;
2498587;ASDA Chosen by You Coarse Ardennes Pate 175g;£0.60;£0.34/100g;Pate & Spread;null;11.4;3.2;1.1;17.1;5.0;1.5;null;
377526;ASDA Chosen by You Smooth Brussels Pate with Garlic 175g;£0.60;£0.34/100g;Pate & Spread;null;10.5;4.5;1.9;19.0;5.7;1.0;null;
2038784;ASDA Smartprice Pate Brussels Chubb 113g;£0.35;£0.31/100g;Pate & Spread;null;10.1;2.5;2.4;21.4;8.1;2.0;null;
559726;Kellogg's Coco Pops Snack Bar 20g;£1.99;£0.33/each;Cereal Bars;null;null;null;null;null;null;null;null;
559729;Kellogg's Frosties Snack Pack 25g;£1.98;£0.33/each;Cereal Bars;null;null;null;null;null;null;null;null;
975017;Kellogg's Rice Krispies Snack Bar 20g;£1.98;£0.33/each;Cereal Bars;null;null;null;null;null;null;null;null;
4791669;Harvest Cheweee Milk Choc Chip 8 Scrummy Cereal Bars;£0.98;£0.55/100g;Cereal Bars;436;6.0;68.6;27.0;14.5;6.1;3.3;0.5;
3525930;Kellogg's Special K Red Berry Cereal Bar 23g;£1.98;£1.72/100g;Cereal Bars;null;null;null;null;null;null;null;null;
3984022;Kellogg's Special K Biscuit Moments Blueberry 25g;£1.98;£1.58/100g;Cereal Bars;null;null;null;null;null;null;null;null;
3984020;Kellogg's Special K Biscuit Moments Strawberry 25g;£1.98;£1.58/100g;Cereal Bars;null;null;null;null;null;null;null;null;
4160927;Kellogg's Special K Biscuit Moments Chocolate 25g;£1.84;£1.47/100g;Cereal Bars;null;null;null;null;null;null;null;null;
3883549;Kellogg's Special K Dark Chocolate Chewy Delight 24g;£1.98;£2.06/100g;Cereal Bars;null;null;null;null;null;null;null;null;
3883547;Kellogg's Special K Milk Chocolate Chewy Delight Bars 24g;£1.98;£0.49/each;Cereal Bars;null;null;null;null;null;null;null;null;
4352790;Kellogg's Special K Double Milk Chocolate Cereal Bar 20g;£1.98;£1.65/100g;Cereal Bars;null;null;null;null;null;null;null;null;
4570041;Kellogg's Special K Granola with Raisins and Red Apples 370g;£1.87;£0.50/100g;Cereal Bars;null;null;null;null;null;null;null;null;
4570043;Kellogg's Special K Granola with Cranberries, Pumpkin Seeds and Almonds 370g;£1.87;£0.50/100g;Cereal Bars;null;null;null;null;null;null;null;null;
3351291;Kelloggs Special K Bliss Chocolate & Mint 22g;£1.98;£1.80/100g;Cereal Bars;null;null;null;null;null;null;null;null;
3351293;Kellogg's Special K Bliss Chocolate & Raspberry Bars 22g;£1.84;£1.67/100g;Cereal Bars;null;null;null;null;null;null;null;null;
4663236;Kellogg's Special K Biscuit Moments Caramel 25g;£1.98;£1.58/100g;Cereal Bars;null;null;null;null;null;null;null;null;
4663238;Kellogg's Special K Biscuit Slices Moments Raspberry 25g;£1.98;£1.58/100g;Cereal Bars;null;null;null;null;null;null;null;null;
3775133;Alpen Alpen Light Summer Fruits Bars;£1.98;£0.39/each;Cereal Bars;335;4.4;59;23;4.1;1.5;22;0.20;
3836389;Alpen Light Cherry Bakewell Bars;£1.98;£0.39/each;Cereal Bars;65;1.0;10.7;3.5;1.1;0.3;4.3;null;
4160861;Alpen Light Lemon Drizzle with Yogurt;£1.98;£0.39/each;Cereal Bars;328;4.4;57;22;4.0;1.5;23;0.13;
3775141;Alpen Alpen Light Double Chocolate Bars;£1.68;£0.33/each;Cereal Bars;344;5.0;56;21;6.2;2.6;22;0.21;
3775139;Alpen Alpen Light Chocolate & Fudge Bars;£1.68;£0.33/each;Cereal Bars;342;4.9;55;21;6.5;2.7;22;0.17;
3526062;Kellogg's Nutri-Grain Soft & Fruity Apple 37g;£2.18;£0.36/each;Cereal Bars;null;null;null;null;null;null;null;null;
3526068;Kellogg's Nutri-Grain Soft & Fruity Blackcurrant & Apple 37g;£2.18;£0.36/each;Cereal Bars;null;null;null;null;null;null;null;null;
3526064;Kellogg's Nutri-Grain Soft & Fruity Blueberry 37g;£2.18;£0.36/each;Cereal Bars;null;null;null;null;null;null;null;null;
3526066;Kellogg's Nutri-Grain Soft & Fruity Strawberry 37g;£2.18;£0.36/each;Cereal Bars;null;null;null;null;null;null;null;null;
2202778;Kellogg's Nutri-Grain Elevenses Choc Chip Bakes 45g;£2.38;£0.39/each;Cereal Bars;null;null;null;null;null;null;null;null;
4160921;Kellogg's Nutri-Grain Breakfast Granola Slices Honey 40g;£2.48;£1.24/100g;Cereal Bars;null;null;null;null;null;null;null;null;
2202766;Kellogg's Nutri-Grain Elevenses Raisin Bakes 45g;£2.38;£0.39/each;Cereal Bars;null;null;null;null;null;null;null;null;
4744972;Quaker Crunchy Bars Maple & Pecan Flavour 30g;£2.18;£1.45/100g;Cereal Bars;null;null;null;null;null;null;null;null;
4744968;Quaker Crunchy Bars Golden Syrup Flavour 30g;£2.18;£1.45/100g;Cereal Bars;null;null;null;null;null;null;null;null;
4744970;Quaker Crunchy Bars Ginger Flavour 30g;£2.18;£1.45/100g;Cereal Bars;null;null;null;null;null;null;null;null;
3525912;Weetabix Oaty Bars Toffee;£1.68;£0.33/each;Cereal Bars;80;1.4;12.6;4.5;1.5;0.7;4.9;null;
2862766;Weetabix Oaty Bars Chocolate 23g;£1.68;£0.33/each;Cereal Bars;343;6.0;53;15;6.5;2.1;24;0.13;
4548329;McVities Breakfast Yogurt Raspberry & Yogurt Sandwich 253g;£2.49;£0.98/100g;Cereal Bars;null;9.1;63.5;25.7;21.1;9.3;3.2;0.7;
4548327;McVities Breakfast Yogurt Sandwich Oat & Yogurt 253g;£2.49;£0.98/100g;Cereal Bars;null;9.0;63.7;26.5;21.3;9.3;2.9;0.8;
3586521;Nature Valley Chewy Trail Mix Fruit & Nut Bars 30g;£2.39;£0.39/each;Cereal Bars;null;null;null;null;null;null;null;null;
3586517;Nature Valley Crunchy Oats & Hazelnut Bars 42g;£2.39;£1.14/100g;Cereal Bars;469;null;null;null;null;null;null;null;
3836365;Quaker Oat So Simple Fruit Muesli Morning Bars 35g;£2.18;£0.43/each;Cereal Bars;null;null;null;null;null;null;null;null;
3838828;Quaker Oat So Simple Morning Bars Golden Syrup Flavour 35g;£2.18;£0.43/each;Cereal Bars;null;null;null;null;null;null;null;null;
3838830;Quaker Oat So Simple Morning Bars Raspberry & Pomegranate Flavour 35g;£2.18;£0.43/each;Cereal Bars;null;null;null;null;null;null;null;null;
4309595;Tracker Crunchy Peanut 156g;£2.00;£1.28/100g;Cereal Bars;null;7.8;54.0;28.1;25.1;9.4;null;0.43;
4309593;Tracker Chocolate Chip 156g;£2.00;£1.28/100g;Cereal Bars;null;6.7;57.2;30.8;23.7;10.2;null;0.43;
4681975;Nature Valley Sweet & Nutty Almond 30g;£2.39;£1.59/100g;Cereal Bars;475;10.0;54.3;29.2;23.0;7.0;5.4;0.7;
4681977;Nature Valley Sweet & Nutty Chocolate 30g;£2.39;£1.59/100g;Cereal Bars;null;10.2;55.6;33.8;23.4;8.8;3.9;0.7;
4681979;Nature Valley Crunchy Oats & Honey 42g;£3.99;£0.95/100g;Cereal Bars;null;8.1;64.5;28.3;17.2;2.4;5.6;0.8;
4681973;Nature Valley Sweet & Nutty Peanut 30g;£2.39;£1.59/100g;Cereal Bars;499;13.0;48.8;28.9;27.0;8.4;4.4;0.7;
4682069;Nature Valley Crunchy Bites Oats & Honey5X126G 126g;£2.39;£0.37/100g;Cereal Bars;456;8.1;64.5;28.3;17.2;2.4;5.6;0.80;
4681981;Nature Valley Crunchy Oats & Chocolate;£0.98;£0.46/100g;Cereal Bars;null;7.7;62.0;27.9;19.4;5.3;6.4;0.6;
4452691;Cadbury Brunch Bar Peanut 32g;£1.98;£1.03/100g;Cereal Bars;null;7.8;59.5;35.5;20.0;9.0;4.9;0.57;
4452693;Cadburys Brunch Bar Raisin 32g;£1.98;£1.03/100g;Cereal Bars;null;5.4;65;41.5;15.5;8.1;4.5;0.57;
4452689;Cadburys Brunch Bar Choc Chip 32g;£1.98;£1.03/100g;Cereal Bars;null;6.1;64.5;37.5;17.0;8.9;4.8;0.63;
4560207;Alpen Trail Bars Fruit & Nuts 48g;£1.98;£1.38/100g;Cereal Bars;386;5.9;72;35;7.5;0.9;3.6;0.35;
4560211;Alpen Trail Bars Chunky Nuts 48g;£1.68;£1.17/100g;Cereal Bars;420;9.5;64;22;13;2.2;4.6;0.35;
2745853;Alpen Fruit & Nut with Milk Chocolate 5 Bars 29g;£1.68;£0.33/each;Cereal Bars;431;6.4;71;36;13;5.1;2.2;0.20;
2745855;Alpen Bars Strawberry 29g;£1.68;£0.33/each;Cereal Bars;415;4.8;75;35;10;5.4;2.7;0.18;
3382613;Kellogg's Fruit Winders Doubles Strawberry &Blackcurrant;£1.41;£1.38/100g;Cereal Bars;null;null;null;null;null;null;null;0.13;
3229026;ASDA Chosen By You Raspberry Baked Bars 162g;£1.00;£0.61/100g;Cereal Bars;385;3.4;74.2;41.4;7.6;3.6;1.8;null;
4631965;Go Ahead Yogurt Breaks Strawberry;£1.99;£1.12/100g;Cereal Bars;null;5.1;74.1;41.1;10.1;4.6;2.2;0.5;
4952252;Mornflake Classic Granola Raisin & Almond;£1.67;£0.16/100g;Muesli, Granola & Crisp;406;9.6;60.9;23.6;12.3;3.6;6.6;0.03;
4952254;Mornflake Classic Muesli Swiss Style;£1.67;£0.16/100g;Muesli, Granola & Crisp;360;9.8;62.4;19.5;6.0;0.8;8.7;0.25;
4952250;Mornflake Classic Granola Tropical;£1.67;£0.16/100g;Muesli, Granola & Crisp;396;8.3;58.6;23.3;12.8;5.7;6.7;0.02;
4952256;Mornflake Classic Muesli Swiss Style;£1.67;£0.16/100g;Muesli, Granola & Crisp;350;10.1;59.5;15.8;5.9;0.8;9.4;0.14;
4164462;Mornflake Medium Oatmeal Stoneground 500g;£0.85;£0.17/100g;Muesli, Granola & Crisp;367;12.1;56.1;1.0;8.4;1.3;9.1;0.01;
2869113;Mornflake Muesli Extra Crispy Fruit, Nut & Seeds 500g;£1.50;£0.30/100g;Muesli, Granola & Crisp;null;10.6;55.9;25.7;11.0;2.1;null;null;
4762993;Mornflake Superfast Fruit & Nut Muesli 80g;£1.29;£1.61/100g;Muesli, Granola & Crisp;383;11.8;58.0;27.6;10.4;3.4;5.3;0.24;
4992018;Nature Valley Oats & Red Berry Protein Granola 360g;£1.87;£0.51/100g;Muesli, Granola & Crisp;434;14.4;62;23.8;13;1.5;5.5;0.49;
11522;Alpen Alpen Muesli Original 750g;£2.78;£0.37/100g;Muesli, Granola & Crisp;377;11;67;23;5.8;0.8;7;0.28;
4041724;Alpen The Swiss Recipe Dark Chocolate 625g;£2.78;£0.44/100g;Muesli, Granola & Crisp;null;11.0;64.0;25.0;8.3;2.8;7.4;0.28;
4757369;Alpen The Swiss Recipe No Added Sugar Muesli;£3.97;£0.36/100g;Muesli, Granola & Crisp;375;11;65;16;6.2;0.9;7.8;0.29;
4757371;Alpen The Swiss Recipe Original Muesli;£3.97;£0.30/100g;Muesli, Granola & Crisp;378;11;67;23;5.8;0.8;7.0;0.28;
1704535;Jordans Country Crisp Strawberry 500g;£2.68;£0.53/100g;Muesli, Granola & Crisp;453;7.5;67.5;23.5;15.6;3.5;6.2;null;
4570035;Kellogg's Crunchy Nut Granola Fruit & Nut 380g;£1.87;£0.49/100g;Muesli, Granola & Crisp;null;null;null;null;null;null;null;null;
472848;Alpen Alpen Muesli No Added Sugar 560g;£2.78;£0.49/100g;Muesli, Granola & Crisp;375;11;65;16;6.2;0.9;7.8;0.29;
215658;Jordans Country Crisp Raspberries 500g;£2.68;£0.53/100g;Muesli, Granola & Crisp;451;7.5;66.9;22.9;15.6;3.5;6.4;0.03;
1548287;Jordans Country Crisp Raisin 500g;£2.68;£0.53/100g;Muesli, Granola & Crisp;433;6.7;68.5;32.0;13.4;3.0;5.9;null;
981368;Jordans Country Crisp Four Nut 500g;£2.68;£0.53/100g;Muesli, Granola & Crisp;492;8.7;59.8;21.9;22.9;5.0;6.3;null;
4559507;Jordans Country Crisp Honey & Nut 500g;£2.68;£0.53/100g;Muesli, Granola & Crisp;449;9.1;62.7;22.3;16.8;4.6;5.3;null;
4559503;Jordans Country Crisp Strawberries 850g;£3.99;£0.46/100g;Muesli, Granola & Crisp;453;7.5;67.5;23.5;15.6;3.5;6.2;null;
4559505;Jordans Country Crisp Chunky Nuts 850g;£3.99;£0.46/100g;Muesli, Granola & Crisp;492;8.7;59.8;21.9;22.9;5.0;6.3;0.03;
4559509;Jordans Super Nutty Granola 600g;£3.98;£0.66/100g;Muesli, Granola & Crisp;470;10.3;56.3;16.6;21.0;5.7;7.6;null;
4163400;Jordans Super 3 Seeds Granola 600g;£3.98;£0.66/100g;Muesli, Granola & Crisp;448;11.9;54.1;19.2;18.7;7.9;8.0;0.02;
4163402;Jordans Super Berry Granola 600g;£3.98;£0.66/100g;Muesli, Granola & Crisp;438;10.9;63.0;21.1;14.4;4.5;6.3;0.03;
3836377;Jordans Natural Muesli Apple & Sultana 900g;£2.98;£0.33/100g;Muesli, Granola & Crisp;345;9.1;68.0;13.9;2.4;1.2;7.4;0.03;
3405073;Jordans Country Crisp Chocolate Clusters 500g;£2.68;£0.53/100g;Muesli, Granola & Crisp;464;7.4;65.7;24.9;17.7;3.4;6.1;0.03;
2719202;Jordans Natural Muesli;£2.68;£0.26/100g;Muesli, Granola & Crisp;357;9.5;63.7;15.6;5.0;1.5;9.7;0.03;
1124419;Jordans Crunchy Oat Granola Fruit & Nut;£2.88;£0.38/100g;Muesli, Granola & Crisp;422;7.6;64.6;30.8;13.2;3.0;7.0;0.03;
4617004;Jordans Crunchy Oat Granola Tropical Fruits 750g;£2.99;£0.39/100g;Muesli, Granola & Crisp;447;8.0;66.2;20.9;15.4;3.0;5.9;null;
4617002;Jordans Crunchy Oat Granola Raisin & Almond 850g;£2.99;£0.35/100g;Muesli, Granola & Crisp;415;9.4;64.1;27.6;11.9;3.5;6.9;0.03;
216905;Jordans Natural Wheat Bran;£0.78;£0.20/100g;Muesli, Granola & Crisp;278;14.9;26.5;2.3;4.1;2.0;37.8;null;
3883545;Kellogg's Special K Hazelnut & Almond 300g;£2.64;£0.88/100g;Muesli, Granola & Crisp;null;null;null;null;null;null;null;null;
4570039;Kellogg's Crunchy Nut Glorious Oat Granola 380g;£1.87;£0.49/100g;Muesli, Granola & Crisp;null;null;null;null;null;null;null;null;
4570037;Kellogg's Glorious Oat Granola Crunchy Nut 380g;£1.87;£0.49/100g;Muesli, Granola & Crisp;null;null;null;null;null;null;null;null;
4570041;Kellogg's Special K Granola with Raisins and Red Apples 370g;£1.87;£0.50/100g;Muesli, Granola & Crisp;null;null;null;null;null;null;null;null;
4570043;Kellogg's Special K Granola with Cranberries, Pumpkin Seeds and Almonds 370g;£1.87;£0.50/100g;Muesli, Granola & Crisp;null;null;null;null;null;null;null;null;
3525896;Alpen Raspberry & Apple 560g;£2.78;£0.49/100g;Muesli, Granola & Crisp;372;11;69;25;4.1;0.8;7.5;0.23;
3329936;Quaker Granola Oats 600g;£2.28;£0.38/100g;Muesli, Granola & Crisp;null;null;null;null;null;null;null;null;
1875380;Quaker Oat Crisp 375g;£2.28;£0.60/100g;Muesli, Granola & Crisp;null;null;null;null;null;null;null;null;
2900531;Linwoods Five Seed Mix 425g;£4.75;£1.12/100g;Muesli, Granola & Crisp;null;23;13.6;7.0;40.1;21.9;13.8;0.27;
2900525;Linwoods Flaxseed Milled Organic 425g;£4.75;£1.12/100g;Muesli, Granola & Crisp;null;22.1;3.0;1.8;40.0;25.3;23.7;0.1;
3573430;Eat Natural Toasted Muesli Vine Fruit 500g;£3.00;£0.60/100g;Muesli, Granola & Crisp;null;12.2;37.4;30.2;19.9;2.0;7.0;0.04;
4148946;Fuel Fruit Loaded Chunky Granola 400g;£2.98;£0.74/100g;Muesli, Granola & Crisp;null;4.2;33.5;15.2;6.6;1.5;3.5;null;
4148948;Fuel Chocolate Loaded Chunky Granola 400g;£2.98;£0.74/100g;Muesli, Granola & Crisp;null;4.7;30.9;13.0;9.2;2.9;3.7;null;
4148950;Fuel Nut Loaded Granola with Big Nutty Chunks 400g;£2.98;£0.74/100g;Muesli, Granola & Crisp;null;4.9;30.1;11.7;9.8;1.9;3.5;null;
4164452;Lizis Treacle and Pecan Granola;£3.00;£0.75/100g;Muesli, Granola & Crisp;null;9.9;48.2;12.6;27.8;7.0;11.1;0.058;
4164450;Lizis Original Granola;£3.00;£0.60/100g;Muesli, Granola & Crisp;null;10.9;46.2;5.5;29.3;7.5;null;null;
3836419;Weetabix Oatibix Flakes Mixed Raisin & Sultana 475g;£2.00;£0.42/100g;Muesli, Granola & Crisp;152;3.0;29.6;10.0;2.0;0.4;2.2;null;
3525910;Weetabix Oatibix Flakes;£1.94;£0.35/100g;Muesli, Granola & Crisp;114;2.9;22.0;4.3;1.7;0.3;1.9;null;
4560197;Weight Watchers Love Fibre Wheat & Rice Flakes 500g;£2.28;£0.45/100g;Muesli, Granola & Crisp;370;14.0;70.0;16.0;2.1;0.4;7.5;0.6;
4560195;Weight Watchers Love Fibre Flakes with Raisins, Sultanas & Apples 375g;£2.28;£0.60/100g;Muesli, Granola & Crisp;362;10.8;72.9;28.5;1.6;0.3;6.3;0.4;
1960289;Weetabix Oatibix;£2.00;£0.8/each;Muesli, Granola & Crisp;395;13;64;3.2;8.0;1.3;7.3;0.28;
1753687;Whites Wild Fruit Crunch Toasted Oats;£1.50;£0.30/100g;Muesli, Granola & Crisp;null;7.4;64.3;21.8;15.0;2.5;7.8;null;
484875;ASDA Bran Flakes;£1.84;£0.18/100g;Muesli, Granola & Crisp;356;11.0;66.0;17.0;2.0;0.5;15.0;0.7;
4163312;ASDA Chosen by You Luxury Chocolate Muesli 800g;£2.16;£0.27/100g;Muesli, Granola & Crisp;384;10.4;64.7;27.3;7.7;2.4;7.1;null;
4163314;ASDA Chosen by You Luxury Fruit & Nut Muesli 800g;£2.16;£0.27/100g;Muesli, Granola & Crisp;371;7.2;61.9;29.3;8.9;3.1;7.2;0.1;
4163320;ASDA Chosen by You Luxury Wholewheat Muesli 800g;£2.16;£0.27/100g;Muesli, Granola & Crisp;354;7.6;59.4;23.3;7.8;3.1;8.0;null;
4163322;ASDA Chosen by You No Added Sugar Swiss Style Muesli;£2.58;£0.17/100g;Muesli, Granola & Crisp;367;10.2;64.1;17.0;5.8;0.8;8.6;null;
4163318;ASDA Chosen by You Swiss Style Muesli 800g;£2.16;£0.27/100g;Muesli, Granola & Crisp;367;10.5;65.3;24.5;5.4;0.8;7.5;null;
217576;ASDA Crisp Maple & Pecan 500g;£1.48;£0.29/100g;Muesli, Granola & Crisp;469;8.5;59.0;21.5;20.5;3.9;7.2;null;
977339;Kellogg's Fruit 'n Fibre 500g;£2.78;£0.55/100g;Healthy Cereal;null;null;null;null;null;null;null;null;
3669863;Kellogg's All Bran Golden Crunch 390g;£2.88;£0.73/100g;Healthy Cereal;null;null;null;null;null;null;null;null;
484875;ASDA Bran Flakes;£1.84;£0.18/100g;Healthy Cereal;356;11.0;66.0;17.0;2.0;0.5;15.0;0.7;
908819;Kellogg's Multi-Grain Start 375g;£2.78;£0.74/100g;Healthy Cereal;null;null;null;null;null;null;null;null;
3883527;Kellogg's Special K Chocolate & Strawberry 320g;£2.64;£0.82/100g;Healthy Cereal;null;null;null;null;null;null;null;null;
3883537;Kellogg's Special K Creamy Berry Crunch 320g;£2.64;£0.82/100g;Healthy Cereal;null;null;null;null;null;null;null;null;
4160881;Kellogg's Special K Chocolate 300g;£2.64;£0.88/100g;Healthy Cereal;null;null;null;null;null;null;null;null;
3883533;Kellogg's Special K Fruit & Nut 370g;£2.64;£0.71/100g;Healthy Cereal;null;null;null;null;null;null;null;null;
3883525;Kellogg's Special K 400g;£2.64;£0.66/100g;Healthy Cereal;null;null;null;null;null;null;null;null;
3883529;Kellogg's Special K Red Berries 320g;£2.64;£0.82/100g;Healthy Cereal;null;null;null;null;null;null;null;null;
3883545;Kellogg's Special K Hazelnut & Almond 300g;£2.64;£0.88/100g;Healthy Cereal;null;null;null;null;null;null;null;null;
3883531;Kellogg's Special K Peach & Apricot 320g;£2.64;£0.82/100g;Healthy Cereal;null;null;null;null;null;null;null;null;
3883535;Kellogg's Special K Oats & Honey 375g;£2.64;£0.70/100g;Healthy Cereal;null;null;null;null;null;null;null;null;
3883539;Kellogg's Special K 550g;£2.00;£0.36/100g;Healthy Cereal;null;null;null;null;null;null;null;null;
971977;Kellogg's Special K Red Berries 500g;£3.78;£0.75/100g;Healthy Cereal;null;null;null;null;null;null;null;null;
1124413;Kellogg's Special K 750g;£3.98;£0.53/100g;Healthy Cereal;null;null;null;null;null;null;null;null;
908833;Kellogg's All Bran Original 500g;£2.38;£0.47/100g;Healthy Cereal;null;null;null;null;null;null;null;null;
974326;Weetabix Crunchy Bran 375g;£2.28;£0.60/100g;Healthy Cereal;352;12;58;14;3.6;0.6;20;0.90;
2138836;Nestle Almond Oats & More 425g;£2.68;£0.63/100g;Healthy Cereal;null;10.5;67.8;27.5;8.8;1.3;6.7;0.64;
1125251;ASDA Fruit & Fibre 750g;£1.68;£0.22/100g;Healthy Cereal;389;8.2;70;26;6.6;3.9;8.5;0.7;
217419;ASDA Fruit & Fibre 500g;£1.48;£0.29/100g;Healthy Cereal;389;8.2;70.0;26.0;6.6;3.9;8.5;0.7;
8076;Kellogg's All-Bran Bran Flakes 750g;£2.00;£0.26/100g;Healthy Cereal;null;null;null;null;null;null;null;null;
4160873;Kellogg's All-Bran Red Berry Crunch 340g;£2.88;£0.84/100g;Healthy Cereal;null;null;null;null;null;null;null;null;
15566;Kellogg's All-Bran Sultana Bran 500g;£2.68;£0.53/100g;Healthy Cereal;null;null;null;null;null;null;null;null;
8075;Kellogg's All-Bran Bran Flakes 500g;£2.18;£0.43/100g;Healthy Cereal;null;null;null;null;null;null;null;null;
404434;Kellogg's Just Right 500g;£3.14;£0.62/100g;Healthy Cereal;null;null;null;null;null;null;null;null;
15565;Kellogg's Fruit 'n Fibre 750g;£2.98;£0.39/100g;Healthy Cereal;null;null;null;null;null;null;null;null;
514513;ASDA Sultana Bran 750g;£1.98;£0.26/100g;Healthy Cereal;352;9.5;68.0;27.0;2.0;0.4;12.0;0.5;
537847;ASDA Starting Right 500g;£1.48;£0.29/100g;Healthy Cereal;367;7.1;77.4;19.7;2.1;0.3;4.8;0.8;
15794;ASDA High Bran 750g;£1.88;£0.25/100g;Healthy Cereal;341;14.1;50.7;13.3;3.6;0.7;24.5;0.5;
217417;ASDA Bran Flakes 500g;£1.38;£0.27/100g;Healthy Cereal;356;11.0;66.0;17.0;2.0;0.5;15.0;0.7;
216905;Jordans Natural Wheat Bran;£0.78;£0.20/100g;Healthy Cereal;278;14.9;26.5;2.3;4.1;2.0;37.8;null;
2900525;Linwoods Flaxseed Milled Organic 425g;£4.75;£1.12/100g;Healthy Cereal;null;22.1;3.0;1.8;40.0;25.3;23.7;0.1;
2900531;Linwoods Five Seed Mix 425g;£4.75;£1.12/100g;Healthy Cereal;null;23;13.6;7.0;40.1;21.9;13.8;0.27;
4242129;Nairns Gluten Free Easy Porridge 50g;£1.00;£2.00/100g;Healthy Cereal;null;15.6;null;11.8;5.5;1.2;7.3;0.34;
2357390;ASDA Smartprice Bran Flakes 750g;£0.88;£0.11/100g;Healthy Cereal;366;10.0;69.0;18.0;2.4;0.5;14.0;0.7;
3928739;ASDA Gluten Free Golden Syrup Flavour Porridge 216g;£2.40;£1.11/100g;Healthy Cereal;377;11.5;69.5;25.8;4.5;0.8;6.0;0.1;
3015970;Doves Farm Gluten Free & Organic Cereal Flakes 375g;£2.50;£0.66/100g;Healthy Cereal;347;9.6;74.3;6.3;1.3;0.5;7.5;1.0;
4748215;Fuel Instant Mug of Porridge Apple + Cinnamon 47g;£2.48;£0.87/100g;Healthy Cereal;null;13.6;59.6;23.6;6.1;1.0;8.7;1.7;
4748211;Fuel Instant Mug of Porridge Golden Syrup 47g;£2.48;£0.87/100g;Healthy Cereal;null;14.2;58.8;22.6;6.1;1.0;8.7;1.75;
4748221;Fuel Instant Pot of Porridge Chocolate 60g;£1.00;£1.67/100g;Healthy Cereal;null;19.2;61.8;27.5;7.67;2.5;5.3;0.183;
4748219;Fuel Instant Pot of Porridge Honey Nut + Raisin 60g;£1.00;£1.67/100g;Healthy Cereal;null;19.3;61.2;27.0;6.7;1.0;5.8;0.183;
4242147;Kallo Gluten Free Original Puffed Rice Cereal 225g;£1.80;£0.80/100g;Healthy Cereal;null;7.0;81.0;0.7;2.0;0.5;3.0;0.2;
3101376;Kellogg's Special K Oats & Honey 650g;£3.98;£0.61/100g;Healthy Cereal;null;null;null;null;null;null;null;null;
4762989;MornFlake Superfast Raisin, Honey & Almond Granola 70g;£1.29;£1.84/100g;Healthy Cereal;401;12.4;60.5;30.6;10.9;4.4;5.8;0.23;
4762991;Mornflake Superfast Fruit & Fibre 55g;£1.29;£2.35/100g;Healthy Cereal;383;11.7;68.1;24.6;5.9;3.7;5.5;0.55;
4762995;Mornflake Superfast Sultana & Apple Oatbran Flakes 55g;£1.29;£2.35/100g;Healthy Cereal;365;14.8;68.0;35.0;2.8;0.5;4.3;0.55;
4758487;Nestle Gluten Free Cornflakes Cereal 500g;£2.00;£0.40/100g;Healthy Cereal;384;7.4;84.5;8.3;1.1;0.3;3.1;1.00;
4758489;Nestle Gluten Free Honey Cornflakes Cereal 500g;£2.18;£0.43/100g;Healthy Cereal;null;5.6;87.4;29.8;0.8;0.2;2.3;0.96;
3523184;Post Grape-Nuts Flakes 510g;£1.98;£0.38/100g;Healthy Cereal;369;9.5;81.9;15.1;3.7;0.5;9.8;1.1;
998412;Weetabix Organic;£2.68;£0.11/each;Healthy Cereal;362;12;69;4.4;2.0;0.6;10;0.65;
3573430;Eat Natural Toasted Muesli Vine Fruit 500g;£3.00;£0.60/100g;Healthy Cereal;null;12.2;37.4;30.2;19.9;2.0;7.0;0.04;
4242151;Doves Gluten Free & Organic Fibre Flakes Cereal 300g;£2.70;£0.90/100g;Healthy Cereal;null;7.1;69.7;8.5;1.5;0.5;null;null;
4249036;ASDA Gluten Free Cornflakes Cereal;£1.30;£0.43/100g;Healthy Cereal;null;null;null;null;null;null;null;null;
1058911;Whole Earth Gluten Free Organic Cornflakes Cereal 375g;£1.48;£0.39/100g;Healthy Cereal;null;null;null;null;null;null;null;null;
4470122;Nature Valley Crunchy Oats & Honey;£0.98;£0.46/100g;Healthy & Breakfast Biscuits;null;8.1;64.5;28.3;17.2;2.4;5.6;0.8;
4470126;Nature Valley Crunchy Variety Pack Bars;£0.98;£0.46/100g;Healthy & Breakfast Biscuits;456;8.1;64.5;28.3;17.2;2.4;5.6;0.8;
2263109;Weight Watchers Caramel Wafers 18g;£1.49;£0.29/each;Healthy & Breakfast Biscuits;427;5.7;64.7;39.3;20.2;12.5;1.9;0.3;
4470124;Nature Valley Crunchy Canadian Maple Syrup Bars 42g;£0.98;£0.46/100g;Healthy & Breakfast Biscuits;null;7.9;64.6;28.0;17.1;2.7;6.2;0.7;
2148659;Go Ahead Strawberry Fruit Bakes 35g;£1.99;£0.94/100g;Healthy & Breakfast Biscuits;null;3.5;72.9;39.1;8.4;3.8;4.1;0.6;
3229026;ASDA Chosen By You Raspberry Baked Bars 162g;£1.00;£0.61/100g;Healthy & Breakfast Biscuits;385;3.4;74.2;41.4;7.6;3.6;1.8;null;
3229024;ASDA Chosen By You Apple Baked Bars 162g;£1.00;£0.61/100g;Healthy & Breakfast Biscuits;382;3.4;73.2;42.2;7.8;3.7;2.9;null;
1690945;McVitie's Digestives Light Milk Chocolate;£0.98;£0.32/100g;Healthy & Breakfast Biscuits;null;7.3;69.7;30.1;15.8;8.2;3.3;1.0;
3229022;ASDA Chosen By You Apple and Raisin Slices;£1.15;£0.19/each;Healthy & Breakfast Biscuits;423;6.0;74.0;34.2;10.7;7.5;3.1;null;
3992498;Weight Watchers Milk Chocolate Digestive Biscuits 132g;£1.69;£1.28/100g;Healthy & Breakfast Biscuits;null;7.9;63.5;30.0;19.5;11.7;6.5;0.5;
2866951;Weight Watchers Chocolate Biscuits 18g;£1.49;£1.66/100g;Healthy & Breakfast Biscuits;null;7.9;62.2;27.8;21.5;12.5;45;0.4;
4631947;Go Ahead Crispy Slices Apple & Sultana;£0.85;£16.35/100g;Healthy & Breakfast Biscuits;null;5.4;76.4;36.8;7.2;0.9;2.4;0.5;
3859364;Go Ahead Chocolate Thins Strawberry;£1.99;£1.12/100g;Healthy & Breakfast Biscuits;null;5.5;74.1;40.7;9.3;4.1;2.6;0.4;
2936950;Weight Watchers Caramel Mallows 100g;£1.49;£1.49/100g;Healthy & Breakfast Biscuits;332;5.5;63.9;39.2;2.1;1.1;17.8;0.3;
4631965;Go Ahead Yogurt Breaks Strawberry;£1.99;£1.12/100g;Healthy & Breakfast Biscuits;null;5.1;74.1;41.1;10.1;4.6;2.2;0.5;
3229018;ASDA Chosen By You Apple & Raisin crispy Slices 218g;£1.00;£0.45/100g;Healthy & Breakfast Biscuits;400;6.5;74.7;34.3;7.7;1.4;2.8;null;
3229020;ASDA Chosen By You Forest Fruit & Raisin Slices 218g;£1.00;£0.45/100g;Healthy & Breakfast Biscuits;394;6.3;74.0;36.4;7.3;1.2;3.6;null;
4631951;Go Ahead Crispy Slices Forest Fruit;£0.85;£0.1/100g;Healthy & Breakfast Biscuits;null;5.3;76.3;37.2;7.0;0.8;2.5;0.6;
4242133;Nairns Gluten Free Biscuit Breaks Oats & Fruit 160g;£1.80;£1.12/100g;Healthy & Breakfast Biscuits;469;8.2;60.8;22.4;19.1;7.9;5.7;1.1;
4631955;Go Ahead Crispy Slices Red Cherry;£0.85;£16.35/100g;Healthy & Breakfast Biscuits;null;5.3;76.4;37.3;7.0;0.8;2.5;0.5;
4631957;Go Ahead Crispy Slices Blueberry;£0.85;£16.35/100g;Healthy & Breakfast Biscuits;null;5.4;76.4;37.1;7.1;0.8;2.3;0.6;
1612236;Sesame Snaps Original 30g;£0.60;£0.50/100g;Healthy & Breakfast Biscuits;null;2.8;61.8;null;31.5;null;null;null;
4631953;Go Ahead Crispy Slices Raspberry;£0.85;£16.35/100g;Healthy & Breakfast Biscuits;null;5.3;76.4;37.3;7.0;0.8;2.5;0.6;
3523172;Weight Watchers Blueberry & Raspberry;£2.00;£1.48/100g;Healthy & Breakfast Biscuits;394;3.7;68.2;45.4;10.8;5.1;4.8;0.5;
4470128;Nature Valley Nature Valley Crunchy Ginger Nut Crunch Bars 42g;£2.39;£1.14/100g;Healthy & Breakfast Biscuits;457;null;null;null;null;null;null;null;
2587285;Go Ahead Apple Fruit Bakes 35g;£1.99;£0.94/100g;Healthy & Breakfast Biscuits;null;3.4;73.0;35.4;8.3;3.8;3.9;0.6;
4631961;Go Ahead Yogurt Breaks Forest Fruit;£1.99;£99.00/100g;Healthy & Breakfast Biscuits;null;5.1;74.1;40.5;10.1;4.6;2.2;0.4;
3523162;Weight Watchers Ginger & Lemon Cookies 19g;£0.90;£0.79/100g;Healthy & Breakfast Biscuits;446;5.8;65.7;27.7;16.5;3.3;5.9;0.6;
4256362;Border Biscuits Wholebake Free From Fruity 9 Bar 50g;£0.70;£1.40/100g;Healthy & Breakfast Biscuits;null;null;null;null;null;null;null;null;
3859366;Go Ahead Chocolate Thins Red Cherry;£1.99;£1.12/100g;Healthy & Breakfast Biscuits;null;5.5;74.1;40.2;9.3;4.1;2.6;0.4;
4242131;Nairns Gluten Free Biscuit Breaks Oats & Syrup 160g;£1.80;£1.12/100g;Healthy & Breakfast Biscuits;469;8.6;null;16.6;20.4;8.3;7.2;1.17;
2931127;Jordans Original Crunchy Bars 30g;£1.98;£0.73/100g;Healthy & Breakfast Biscuits;445;7.9;63.5;22.2;16.6;2.3;4.9;0.12;
1612238;Sesame Snaps with Coconut 30g;£0.70;£0.58/100g;Healthy & Breakfast Biscuits;515;9.70;52.87;null;29.46;null;null;null;
3523174;Weight Watchers Apricot & Peach;£2.00;£1.48/100g;Healthy & Breakfast Biscuits;399;4.4;70.5;44.0;10.3;5.0;3.4;0.5;
4631949;Go Ahead Crispy Slices Orange;£0.85;£16.35/100g;Healthy & Breakfast Biscuits;null;5.4;76.6;37.1;7.0;0.8;2.3;0.6;
3992500;Weight Watchers Cranberry & Orange Cookies 19g;£1.09;£0.95/100g;Healthy & Breakfast Biscuits;450;6.0;64.5;24.4;17.3;3.1;6.3;0.7;
3859362;Go Ahead Chocolate Thins Orange;£1.99;£1.12/100g;Healthy & Breakfast Biscuits;null;5.6;73.9;40.1;9.4;4.1;2.3;0.4;
4068636;Go Ahead Yogurt Breaks Forest Fruit Twinpack 36g;£0.75;£2.08/100g;Healthy & Breakfast Biscuits;null;null;null;null;null;null;null;null;
4689041;ASDA Chosen By You Fruit & Fibre Breakfast Biscuits 8 Snack Packs 300g;£1.29;£0.43/100g;Healthy & Breakfast Biscuits;473;7.6;72.0;23.6;16.2;5.0;4.6;0.7;
4689039;ASDA Chosen By You Milk & Oat Breakfast Biscuits 8 Snack Packs 300g;£1.29;£0.43/100g;Healthy & Breakfast Biscuits;null;8.6;72.5;22.3;15.8;7.6;2.7;0.8;
4631963;Go Ahead Yogurt Breaks Raspberry;£1.99;£99.00/100g;Healthy & Breakfast Biscuits;null;5.2;74.0;40.4;10.2;4.6;2.2;0.4;
4631959;Go Ahead Yogurt Breaks Red Cherry;£1.99;£99.00/100g;Healthy & Breakfast Biscuits;null;5.2;74.1;40.6;10.2;4.6;2.2;0.4;
4685363;Kallo Buckwheat Super-Seeds Low Fat Multigrain Cakes 130g;£1.19;£0.91/100g;Healthy & Breakfast Biscuits;null;8.7;76.8;0.4;2.9;0.8;4.3;null;
4685371;Kallo Fairtrade Organic Sesame Seed Wholegrain Rice Cakes 130g;£1.79;£1.38/100g;Healthy & Breakfast Biscuits;null;8.1;70.8;1.2;5.3;0.9;3.3;null;
4685365;Kallo Smoked Paprika Wholegrain Low Fat Rice & Corn Cakes 122g;£1.79;£1.47/100g;Healthy & Breakfast Biscuits;null;7.7;77.2;8.1;2.3;0.7;3.2;1.7;
3596320;McVitie's Digestives Caramel & Milk Chocolate 6 x 30g;£1.89;£0.31/each;Healthy & Breakfast Biscuits;null;6.1;67.3;32.5;14.5;8.3;3.8;0.7;
57100;McVitie's Digestives Light;£0.98;£0.24/100g;Healthy & Breakfast Biscuits;null;7.3;69.7;20.2;14.4;1.5;3.6;1.2;
3197198;McVitie's Hobnobs Raisins & Milk Chocolate;£1.89;£0.31/each;Healthy & Breakfast Biscuits;null;5.5;69.8;31.6;12.1;6.5;3.6;0.7;
3197196;McVitie's Medley Digestive Hazelnuts & Milk Chocolate;£1.89;£0.31/each;Healthy & Breakfast Biscuits;null;6.7;63.6;29.3;18.0;7.2;3.4;0.8;
1690947;McVitie's Rich Tea Light;£0.98;£0.32/100g;Healthy & Breakfast Biscuits;null;7.6;75.5;20.3;10.8;1.2;3.1;0.9;
4560201;Weetabix On the Go Breakfast Drink Vanilla;£1.00;£0.40/100ml;Breakfast Drinks;90;3.8;10;9.0;3.3;2.0;2.3;0.18;
4148956;Fuel Caramel Latte Breakfast Milk Drink;£0.98;£0.29/100ml;Breakfast Drinks;null;6.1;11;1.6;0.2;0.1;1.6;0.2;
4163416;Be Fast Breakfast Chocolate Shake;£0.50;£0.20/100ml;Breakfast Drinks;null;3.3;12;7.7;1.5;0.8;2.51;0.12;
4560199;Weetabix On the Go Drink Breakfast Drink Strawberry;£1.00;£0.40/100ml;Breakfast Drinks;89;3.8;10;9.0;3.2;1.9;2.3;0.18;
4560203;Weetabix On the Go Breakfast Drink Chocolate;£1.00;£0.40/100ml;Breakfast Drinks;85;3.8;10;9.0;2.8;1.7;2.3;0.17;
4148952;Fuel Chocolate Breakfast Milk Drink;£0.98;£0.29/100ml;Breakfast Drinks;null;6.1;13.5;9.7;0.8;0.7;1.6;0.2;
4148954;Fuel Strawberry Breakfast Milk Drink;£0.98;£0.29/100ml;Breakfast Drinks;null;6.1;11.8;8.3;0.1;0.06;1.6;0.1;
4163414;Be Fast Breakfast Vanilla Shake;£0.50;£0.20/100ml;Breakfast Drinks;null;3.6;10.9;7.5;1.5;0.8;2.61;0.1;
4163418;Be Fast Breakfast Strawberry Shake;£0.50;£0.20/100ml;Breakfast Drinks;null;3.4;12;7.6;1.5;0.9;2.4;0.1;
4559439;Fuel Liquid Breakfast Vanilla;£0.98;£0.29/100ml;Breakfast Drinks;null;6.1;11;7.5;0.2;0.1;1.6;0.2;
4618419;Weetabix On the Go Breakfast Drink Banana;£1.00;£0.40/100ml;Breakfast Drinks;89;3.8;10;8.9;3.2;1.8;2.3;0.18;
559726;Kellogg's Coco Pops Snack Bar 20g;£1.99;£0.33/each;Cereal Bars;null;null;null;null;null;null;null;null;
559729;Kellogg's Frosties Snack Pack 25g;£1.98;£0.33/each;Cereal Bars;null;null;null;null;null;null;null;null;
975017;Kellogg's Rice Krispies Snack Bar 20g;£1.98;£0.33/each;Cereal Bars;null;null;null;null;null;null;null;null;
4791669;Harvest Cheweee Milk Choc Chip 8 Scrummy Cereal Bars;£0.98;£0.55/100g;Cereal Bars;436;6.0;68.6;27.0;14.5;6.1;3.3;0.5;
3525930;Kellogg's Special K Red Berry Cereal Bar 23g;£1.98;£1.72/100g;Cereal Bars;null;null;null;null;null;null;null;null;
3984022;Kellogg's Special K Biscuit Moments Blueberry 25g;£1.98;£1.58/100g;Cereal Bars;null;null;null;null;null;null;null;null;
3984020;Kellogg's Special K Biscuit Moments Strawberry 25g;£1.98;£1.58/100g;Cereal Bars;null;null;null;null;null;null;null;null;
4160927;Kellogg's Special K Biscuit Moments Chocolate 25g;£1.84;£1.47/100g;Cereal Bars;null;null;null;null;null;null;null;null;
3883549;Kellogg's Special K Dark Chocolate Chewy Delight 24g;£1.98;£2.06/100g;Cereal Bars;null;null;null;null;null;null;null;null;
3883547;Kellogg's Special K Milk Chocolate Chewy Delight Bars 24g;£1.98;£0.49/each;Cereal Bars;null;null;null;null;null;null;null;null;
4352790;Kellogg's Special K Double Milk Chocolate Cereal Bar 20g;£1.98;£1.65/100g;Cereal Bars;null;null;null;null;null;null;null;null;
4570041;Kellogg's Special K Granola with Raisins and Red Apples 370g;£1.87;£0.50/100g;Cereal Bars;null;null;null;null;null;null;null;null;
4570043;Kellogg's Special K Granola with Cranberries, Pumpkin Seeds and Almonds 370g;£1.87;£0.50/100g;Cereal Bars;null;null;null;null;null;null;null;null;
3351291;Kelloggs Special K Bliss Chocolate & Mint 22g;£1.98;£1.80/100g;Cereal Bars;null;null;null;null;null;null;null;null;
3351293;Kellogg's Special K Bliss Chocolate & Raspberry Bars 22g;£1.84;£1.67/100g;Cereal Bars;null;null;null;null;null;null;null;null;
4663236;Kellogg's Special K Biscuit Moments Caramel 25g;£1.98;£1.58/100g;Cereal Bars;null;null;null;null;null;null;null;null;
4663238;Kellogg's Special K Biscuit Slices Moments Raspberry 25g;£1.98;£1.58/100g;Cereal Bars;null;null;null;null;null;null;null;null;
3775133;Alpen Alpen Light Summer Fruits Bars;£1.98;£0.39/each;Cereal Bars;335;4.4;59;23;4.1;1.5;22;0.20;
3836389;Alpen Light Cherry Bakewell Bars;£1.98;£0.39/each;Cereal Bars;65;1.0;10.7;3.5;1.1;0.3;4.3;null;
4160861;Alpen Light Lemon Drizzle with Yogurt;£1.98;£0.39/each;Cereal Bars;328;4.4;57;22;4.0;1.5;23;0.13;
3775141;Alpen Alpen Light Double Chocolate Bars;£1.68;£0.33/each;Cereal Bars;344;5.0;56;21;6.2;2.6;22;0.21;
3775139;Alpen Alpen Light Chocolate & Fudge Bars;£1.68;£0.33/each;Cereal Bars;342;4.9;55;21;6.5;2.7;22;0.17;
3526062;Kellogg's Nutri-Grain Soft & Fruity Apple 37g;£2.18;£0.36/each;Cereal Bars;null;null;null;null;null;null;null;null;
3526068;Kellogg's Nutri-Grain Soft & Fruity Blackcurrant & Apple 37g;£2.18;£0.36/each;Cereal Bars;null;null;null;null;null;null;null;null;
3526064;Kellogg's Nutri-Grain Soft & Fruity Blueberry 37g;£2.18;£0.36/each;Cereal Bars;null;null;null;null;null;null;null;null;
3526066;Kellogg's Nutri-Grain Soft & Fruity Strawberry 37g;£2.18;£0.36/each;Cereal Bars;null;null;null;null;null;null;null;null;
2202778;Kellogg's Nutri-Grain Elevenses Choc Chip Bakes 45g;£2.38;£0.39/each;Cereal Bars;null;null;null;null;null;null;null;null;
4160921;Kellogg's Nutri-Grain Breakfast Granola Slices Honey 40g;£2.48;£1.24/100g;Cereal Bars;null;null;null;null;null;null;null;null;
2202766;Kellogg's Nutri-Grain Elevenses Raisin Bakes 45g;£2.38;£0.39/each;Cereal Bars;null;null;null;null;null;null;null;null;
4744972;Quaker Crunchy Bars Maple & Pecan Flavour 30g;£2.18;£1.45/100g;Cereal Bars;null;null;null;null;null;null;null;null;
4744968;Quaker Crunchy Bars Golden Syrup Flavour 30g;£2.18;£1.45/100g;Cereal Bars;null;null;null;null;null;null;null;null;
4744970;Quaker Crunchy Bars Ginger Flavour 30g;£2.18;£1.45/100g;Cereal Bars;null;null;null;null;null;null;null;null;
3525912;Weetabix Oaty Bars Toffee;£1.68;£0.33/each;Cereal Bars;80;1.4;12.6;4.5;1.5;0.7;4.9;null;
2862766;Weetabix Oaty Bars Chocolate 23g;£1.68;£0.33/each;Cereal Bars;343;6.0;53;15;6.5;2.1;24;0.13;
4548329;McVities Breakfast Yogurt Raspberry & Yogurt Sandwich 253g;£2.49;£0.98/100g;Cereal Bars;null;9.1;63.5;25.7;21.1;9.3;3.2;0.7;
4548327;McVities Breakfast Yogurt Sandwich Oat & Yogurt 253g;£2.49;£0.98/100g;Cereal Bars;null;9.0;63.7;26.5;21.3;9.3;2.9;0.8;
3586521;Nature Valley Chewy Trail Mix Fruit & Nut Bars 30g;£2.39;£0.39/each;Cereal Bars;null;null;null;null;null;null;null;null;
3586517;Nature Valley Crunchy Oats & Hazelnut Bars 42g;£2.39;£1.14/100g;Cereal Bars;469;null;null;null;null;null;null;null;
3836365;Quaker Oat So Simple Fruit Muesli Morning Bars 35g;£2.18;£0.43/each;Cereal Bars;null;null;null;null;null;null;null;null;
3838828;Quaker Oat So Simple Morning Bars Golden Syrup Flavour 35g;£2.18;£0.43/each;Cereal Bars;null;null;null;null;null;null;null;null;
3838830;Quaker Oat So Simple Morning Bars Raspberry & Pomegranate Flavour 35g;£2.18;£0.43/each;Cereal Bars;null;null;null;null;null;null;null;null;
4309595;Tracker Crunchy Peanut 156g;£2.00;£1.28/100g;Cereal Bars;null;7.8;54.0;28.1;25.1;9.4;null;0.43;
4309593;Tracker Chocolate Chip 156g;£2.00;£1.28/100g;Cereal Bars;null;6.7;57.2;30.8;23.7;10.2;null;0.43;
4681975;Nature Valley Sweet & Nutty Almond 30g;£2.39;£1.59/100g;Cereal Bars;475;10.0;54.3;29.2;23.0;7.0;5.4;0.7;
4681977;Nature Valley Sweet & Nutty Chocolate 30g;£2.39;£1.59/100g;Cereal Bars;null;10.2;55.6;33.8;23.4;8.8;3.9;0.7;
4681979;Nature Valley Crunchy Oats & Honey 42g;£3.99;£0.95/100g;Cereal Bars;null;8.1;64.5;28.3;17.2;2.4;5.6;0.8;
4681973;Nature Valley Sweet & Nutty Peanut 30g;£2.39;£1.59/100g;Cereal Bars;499;13.0;48.8;28.9;27.0;8.4;4.4;0.7;
4682069;Nature Valley Crunchy Bites Oats & Honey5X126G 126g;£2.39;£0.37/100g;Cereal Bars;456;8.1;64.5;28.3;17.2;2.4;5.6;0.80;
4681981;Nature Valley Crunchy Oats & Chocolate;£0.98;£0.46/100g;Cereal Bars;null;7.7;62.0;27.9;19.4;5.3;6.4;0.6;
4452691;Cadbury Brunch Bar Peanut 32g;£1.98;£1.03/100g;Cereal Bars;null;7.8;59.5;35.5;20.0;9.0;4.9;0.57;
4452693;Cadburys Brunch Bar Raisin 32g;£1.98;£1.03/100g;Cereal Bars;null;5.4;65;41.5;15.5;8.1;4.5;0.57;
4452689;Cadburys Brunch Bar Choc Chip 32g;£1.98;£1.03/100g;Cereal Bars;null;6.1;64.5;37.5;17.0;8.9;4.8;0.63;
4560207;Alpen Trail Bars Fruit & Nuts 48g;£1.98;£1.38/100g;Cereal Bars;386;5.9;72;35;7.5;0.9;3.6;0.35;
4560211;Alpen Trail Bars Chunky Nuts 48g;£1.68;£1.17/100g;Cereal Bars;420;9.5;64;22;13;2.2;4.6;0.35;
2745853;Alpen Fruit & Nut with Milk Chocolate 5 Bars 29g;£1.68;£0.33/each;Cereal Bars;431;6.4;71;36;13;5.1;2.2;0.20;
2745855;Alpen Bars Strawberry 29g;£1.68;£0.33/each;Cereal Bars;415;4.8;75;35;10;5.4;2.7;0.18;
3382613;Kellogg's Fruit Winders Doubles Strawberry &Blackcurrant;£1.41;£1.38/100g;Cereal Bars;null;null;null;null;null;null;null;0.13;
1704533;Jordans Frusli Cereal Bars Blueberry Burst;£1.48;£0.82/100g;Cereal Bars;375;5.2;70.2;33.1;7.1;1.9;4.9;0.03;
1704531;Jordans Frusli Cereal Bars Wildberry;£1.48;£0.24/each;Cereal Bars;374;4.8;75.1;33.8;7.2;1.9;5.4;null;
4998198;Kellogg's Nutrigrain Granola Sandwich Chocolate and Hazlenut Nut 40g;£2.68;£1.34/100g;Breakfast Biscuits;null;null;null;null;null;null;null;null;
4998196;Kellogg's Nutrigrain Granola Sandwich Yoghurty 40g;£2.68;£1.34/100g;Breakfast Biscuits;null;null;null;null;null;null;null;null;
4957823;Belvita Breakfast Biscuits Tops Choco Hazelnuts 250g;£2.79;£1.12/100g;Breakfast Biscuits;null;null;null;null;null;null;null;null;
4957825;Belvita Breakfast Biscuits Tops Strawberry 250g;£2.79;£1.12/100g;Breakfast Biscuits;null;null;null;null;null;null;null;null;
4730541;Belvita Breakfast Biscuits Yogurt Crunch Cocoa and Live Yoghurt 253g;£2.79;£1.10/100g;Breakfast Biscuits;null;null;null;null;null;null;null;null;
4301234;Belvita Breakfast Biscuits Duo Crunch Apricot and Live Yogurt 253g;£2.59;£1.02/100g;Breakfast Biscuits;null;null;null;null;null;null;null;null;
4730543;Belvita Breakfast Biscuits Crunchy Apricot 300g;£2.79;£0.93/100g;Breakfast Biscuits;null;null;null;null;null;null;null;null;
4858281;Belvita Breakfast Biscuits Crunchy Choc Chips 6 Packs 300g;£2.79;£0.93/100g;Breakfast Biscuits;null;null;null;null;null;null;null;null;
4730545;Belvita Breakfast Biscuits Crunchy Hazelnuts 300g;£2.79;£0.93/100g;Breakfast Biscuits;null;null;null;null;null;null;null;null;
3119167;Belvita Milk & Cereal Breakfast Bars;£0.96;£0.32/100g;Breakfast Biscuits;null;null;null;null;null;null;null;null;
4465688;Belvita Breakfast Biscuits Cocoa with Choc Chips;£0.96;£0.32/100g;Breakfast Biscuits;null;null;null;null;null;null;null;null;
3855264;Belvita Breakfast Biscuits Cranberry 300g;£0.96;£0.32/100g;Breakfast Biscuits;null;null;null;null;null;null;null;null;
3468086;Belvita Breakfast Biscuits Crunchy Oats;£0.96;£0.32/100g;Breakfast Biscuits;null;null;null;null;null;null;null;null;
3119169;Belvita Breakfast Biscuits Fruit and Fibre;£0.96;£0.32/100g;Breakfast Biscuits;null;null;null;null;null;null;null;null;
3468090;Belvita Breakfast Biscuits Honey and Nuts;£0.96;£0.32/100g;Breakfast Biscuits;null;null;null;null;null;null;null;null;
3810497;Belvita Breakfast Biscuits Forest Fruits;£0.96;£0.32/100g;Breakfast Biscuits;null;null;null;null;null;null;null;null;
3585900;Belvita Breakfast Biscuits Yogurt Crunch Live Yogurt 253g;£2.49;£0.98/100g;Breakfast Biscuits;null;null;null;null;null;null;null;null;
3810499;Belvita Breakfast Biscuits Yogurt Crunch Honey and Live Yogurt 253g;£2.49;£0.98/100g;Breakfast Biscuits;null;null;null;null;null;null;null;null;
3991443;Belvita Breakfast Biscuits Duo Crunch Strawberry and Live Yogurt 253g;£2.59;£1.02/100g;Breakfast Biscuits;null;null;null;null;null;null;null;null;
3986950;Kellogg's Nutri-Grain Breakfast Biscuits Cereal & Milk 44g;£2.48;£0.93/100g;Breakfast Biscuits;null;null;null;null;null;null;null;null;
4352782;Kellogg's Nutri-Grain Breakfast Biscuits Chocolate 44g;£2.48;£0.93/100g;Breakfast Biscuits;null;null;null;null;null;null;null;null;
3986952;Kellogg's Nutri-Grain Breakfast Biscuits Oats & Honey 44g;£2.48;£0.93/100g;Breakfast Biscuits;null;null;null;null;null;null;null;null;
4184613;McVities Breakfast Red Berries 300g;£2.29;£0.76/100g;Breakfast Biscuits;null;9.6;70.0;23.6;13.8;3.8;5.1;1.0;
4184611;McVities Breakfast Apple & Sultana 300g;£2.29;£0.76/100g;Breakfast Biscuits;null;9.2;70;25.1;13.3;3.7;5.3;1;
4184615;McVities Breakfast Oats & Honey 300g;£2.29;£0.76/100g;Breakfast Biscuits;null;9.6;69.5;23.3;14.0;3.9;4.6;1.0;
3975978;Kellogg's Pop Tarts Frosted Apple Blast Toaster Pastries 50g;£2.78;£0.69/100g;Pop Tarts;null;null;null;null;null;null;null;null;
3975982;Kellogg's Pop Tarts Frosted Bustin' Berry Toaster Pastries 50g;£2.78;£0.69/100g;Pop Tarts;null;null;null;null;null;null;null;null;
1208223;Kellogg's Pop Tarts Frosted Chocotastic 50g;£2.78;£0.34/each;Pop Tarts;null;null;null;null;null;null;null;null;
1206731;Kellogg's Pop Tarts Frosted Strawberry Sensation 50g;£2.68;£0.33/each;Pop Tarts;null;null;null;null;null;null;null;null;
3525482;Quaker Oat So Simple Golden Syrup Flavour Porridge Pot 57g;£0.98;£1.72/100g;Porridge Pots;null;null;null;null;null;null;null;null;
3526547;Oatburst Maple Syrup Flavour Instant Porridge Snack;£0.47;£0.73/100g;Porridge Pots;null;3.0;19.2;11.3;2.0;0.3;1.3;null;
3526736;Oatburst Original Oats Instant Porridge Snack;£0.47;£0.73/100g;Porridge Pots;null;3.5;19.6;7.0;1.6;0.5;0.9;null;
3526497;Oatburst Strawberries & Cream Instant Porridge Snack;£0.47;£0.73/100g;Porridge Pots;null;3.8;25.1;8.2;0.8;0.4;1.2;null;
3525484;Quaker Oat So Simple Original Porridge Pot 50g;£0.98;£1.96/100g;Porridge Pots;null;null;null;null;null;null;null;null;
4148958;Fuel Golden Syrup Instant Porridge 60g;£1.00;£1.67/100g;Porridge Pots;null;19.2;62.5;27.2;4.3;0.8;4.0;0.183;
4398801;Kellogg's Special K Multi-Grain Porridge Red Berries 50g;£0.98;£1.96/100g;Porridge Pots;null;null;null;null;null;null;null;null;
4398803;Kellogg's Special K Multi-Grain Porridge Honey & Almond Pot 50g;£0.98;£1.96/100g;Porridge Pots;null;null;null;null;null;null;null;null;
4123704;ASDA Golden Syrup Instant Porridge Pot 50g;£0.72;£1.44/100g;Porridge Pots;null;3.1;18.0;4.6;1.2;0.2;1.1;null;
4148960;Fuel Apple & Cinnamon Instant Porridge 60g;£1.00;£1.67/100g;Porridge Pots;null;19.2;62.5;28.2;4.3;0.8;4.0;0.183;
4148962;Fuel Forest Fruits Instant Porridge 60g;£1.00;£1.67/100g;Porridge Pots;null;19.2;62.2;27.5;4.3;0.8;4.2;0.183;
4398799;Kellogg's Multi-Grain Porridge Simply Original Pots 50g;£0.98;£1.96/100g;Porridge Pots;null;null;null;null;null;null;null;null;
4023030;Scott's So-Easy Original Porage Oats Pot 50g;£0.98;£1.96/100g;Porridge Pots;null;null;null;null;null;null;null;null;
3525486;Quaker Oat So Simple Apple & Blueberry Flavour Porridge Pot 57g;£0.98;£1.72/100g;Porridge Pots;null;null;null;null;null;null;null;null;
3836411;Quaker Oat So Simple Sweet Cinnamon Flavour Porridge Pot 57g;£0.98;£1.72/100g;Porridge Pots;null;null;null;null;null;null;null;null;
4023032;Alpen Deliciously Creamy Raspberry, Apple & Raisin Porridge 60g;£1.18;£1.97/100g;Porridge Pots;236;6.7;38.9;17.8;2.9;2.0;3.5;null;
4041718;Alpen Deliciously Creamy Fruit and Nut Porridge 60g;£1.18;£1.97/100g;Porridge Pots;239;7.0;37.7;16.1;6.0;2.1;3.4;null;
4023034;Alpen Deliciously Creamy Blueberry, Cranberry & Nuts Porridge 60g;£1.18;£1.97/100g;Porridge Pots;239;6.8;38.3;17.3;5.8;2.1;3.4;null;
4375984;Quaker Oat So Simple Caramel Flavour Pot 57g;£0.98;£1.72/100g;Porridge Pots;null;null;null;null;null;null;null;null;
4123708;ASDA Original Instant Porridge Pot 50g;£0.72;£1.44/100g;Porridge Pots;null;3.5;17.0;6.5;1.9;0.8;1.8;null;
4161073;Quaker Oat So Simple Strawberry 57g;£0.98;£1.72/100g;Porridge Pots;null;null;null;null;null;null;null;null;
4161071;Quaker Oat So Simple Honey & Vanilla Flavour Porridge Pot 57g;£0.98;£1.72/100g;Porridge Pots;null;null;null;null;null;null;null;null;
4495116;Peppa Pig Yummy Strawberry Flavour Porridge Bowl 33g;£0.70;£2.12/100g;Porridge Pots;null;3.6;17.0;6.1;1.0;0.2;2.2;0.12;
4389015;ASDA Scrummy Porridge 35g;£0.58;£1.66/100g;Porridge Pots;null;4.1;18.4;5.6;1.2;0.5;1.6;0.1;
4495114;Peppa Pig Yummy Golden Syrup Flavour Porridge Bowl 33g;£0.70;£2.12/100g;Porridge Pots;null;3.6;17.5;5.8;1.1;0.3;1.8;0.11;
4375990;Quaker Oat So Simple Heaps of Fruit Apple & Cherry Flavour Porridge Pot 58g;£1.19;£2.05/100g;Porridge Pots;null;null;null;null;null;null;null;null;
4495118;Peppa Pig Yummy Banana Flavour Porridge Bowl 33g;£0.70;£2.12/100g;Porridge Pots;null;3.7;17.0;5.8;1.1;0.2;2.3;0.13;
4375988;Quaker Oat So Simple Heaps of Fruit Banana & Strawberry Flavour Porridge Pot 58g;£1.19;£2.05/100g;Porridge Pots;null;null;null;null;null;null;null;null;
4375986;Quaker Oat So Simple Heaps of Fruit Summer Berries Flavour Porridge Pot 58g;£1.19;£2.05/100g;Porridge Pots;null;null;null;null;null;null;null;null;
4852426;Kellogg's Special K Multi-Grain Porridge Apple & Cinnamon 50g;£0.99;£1.98/100g;Porridge Pots;null;null;null;null;null;null;null;null;
4852430;Kellogg's Special K Multi-Grain Porridge Apple & Cinnamon 27g;£1.99;£1.05/100g;Porridge Pots;null;null;null;null;null;null;null;null;
4852428;Kellogg's Special K Multi-Grain Porridge Blueberry & Cranberry 50g;£0.98;£1.96/100g;Porridge Pots;null;null;null;null;null;null;null;null;
4852432;Kellogg's Special K Multi-Grain Porridge Blueberry & Cranberry 27g;£1.99;£1.05/100g;Porridge Pots;null;null;null;null;null;null;null;null;
4624013;Quaker Oat So Simple Heaps of Fruit Blackberry & Apple Flavour Porridge Pot 58g;£1.19;£2.05/100g;Porridge Pots;null;null;null;null;null;null;null;null;
4791665;Quaker Oat So Simple Heaps of Fruit Blueberry & Banana Flavour Porridge Pot 57g;£1.18;£2.07/100g;Porridge Pots;null;null;null;null;null;null;null;null;
4571023;Quaker Oat So Simple Multigrain Fruit Muesli Flavour Porridge Pot 57g;£0.98;£1.72/100g;Porridge Pots;null;null;null;null;null;null;null;null;
4571021;Quaker Oat So Simple Multigrain Honey Flavour Porridge Pot 53g;£0.98;£1.85/100g;Porridge Pots;null;null;null;null;null;null;null;null;
4571019;Quaker Oat So Simple Multigrain Original Porridge Pot 50g;£0.98;£1.96/100g;Porridge Pots;null;null;null;null;null;null;null;null;
4852436;Quaker Oats Oat So Simple Golden Syrup Flavour 36g;£3.99;£0.55/100g;Porridge Pots;null;null;null;null;null;null;null;null;
4852434;Quaker Oats Oat So Simple Original 27g;£3.98;£0.67/100g;Porridge Pots;null;null;null;null;null;null;null;null;
4994038;Scotts So-Easy Pot Apple & Blueberry Flavour Creamy Porage Oats 55g;£0.98;£1.78/100g;Porridge Pots;null;null;null;null;null;null;null;null;
4994036;Scotts So-Easy Pot Golden Syrup Flavour Creamy Porage Oats 55g;£0.98;£1.78/100g;Porridge Pots;null;null;null;null;null;null;null;null;
2515555;Quaker Oat So Simple Original Porridge 324g;£2.58;£0.79/100g;Sachets, Boxes & Bags;null;null;null;null;null;null;null;null;
4398805;Kellogg's Special K Multigrain Porridge Simply Original 27g;£1.98;£1.05/100g;Sachets, Boxes & Bags;null;null;null;null;null;null;null;null;
4998202;Kellogg's Coco Pops Porridge 27g;£0.98;£0.51/100g;Sachets, Boxes & Bags;null;null;null;null;null;null;null;null;
4200170;Jordans Organic Porridge Chunky Traditional;£1.00;£0.13/100g;Sachets, Boxes & Bags;364;11.7;58.4;1.0;9.3;3.2;9.0;null;
4023016;Quaker Oat So Simple Golden Syrup Flavour Big Bowl 49g;£2.58;£0.65/100g;Sachets, Boxes & Bags;null;null;null;null;null;null;null;null;
3546729;ASDA Free From Pure Porridge Oats 450g;£2.40;£0.53/100g;Sachets, Boxes & Bags;362;13.2;59.2;1.2;5.8;1.0;8.8;0.1;
3546727;ASDA Gluten & Dairy Free Muesli 450g;£2.40;£0.53/100g;Sachets, Boxes & Bags;365;12.0;58.7;20.8;6.7;1.0;8.0;0.1;
4014349;ASDA Blueberry Simply Porridge 312g;£1.08;£0.34/100g;Sachets, Boxes & Bags;106;5.2;16.0;6.3;2.1;0.6;0.9;null;
3928739;ASDA Gluten Free Golden Syrup Flavour Porridge 216g;£2.40;£1.11/100g;Sachets, Boxes & Bags;377;11.5;69.5;25.8;4.5;0.8;6.0;0.1;
1978720;ASDA Original Porridge Oats 500g;£1.48;£0.29/100g;Sachets, Boxes & Bags;366;12.3;60.5;1.2;6.2;1.0;9.7;0.1;
428606;ASDA Ready Oats 750g;£1.78;£0.23/100g;Sachets, Boxes & Bags;373;11.7;57.9;1.0;8.7;1.2;7.9;null;
428607;ASDA Ready Oats 500g;£1.48;£0.29/100g;Sachets, Boxes & Bags;374;12.0;58.0;1.0;8.7;1.2;7.9;0.3;
217400;ASDA Scottish Porridge Oats 500g;£0.68;£0.13/100g;Sachets, Boxes & Bags;366;12.3;60.5;1.2;6.2;1.0;9.7;0.1;
4389023;ASDA Scrummy Golden Syrup Porridge Sachets 270g;£1.28;£0.47/100g;Sachets, Boxes & Bags;108;4.7;16.6;4.1;2.3;0.9;1.2;0.1;
4389025;ASDA Scrummy Porridge Sachets 240g;£1.28;£0.53/100g;Sachets, Boxes & Bags;92;4.6;12.5;2.2;2.2;0.9;1.8;0.1;
4014345;ASDA Simply Porridge Original 270g;£1.08;£0.40/100g;Sachets, Boxes & Bags;99;4.8;13.4;4.4;2.6;0.8;1.3;null;
4014347;ASDA Syrup Flavour Simply Porridge 312g;£1.08;£0.34/100g;Sachets, Boxes & Bags;110;4.6;16.8;7.0;2.4;0.9;1.5;null;
217403;ASDA Smart Price Porridge Oats;£0.75;£0.7/100g;Sachets, Boxes & Bags;381;12.3;70.8;1.3;4.0;0.7;6.2;0.1;
4757367;Alpen Apple and Raisin 40g;£1.98;£0.82/100g;Sachets, Boxes & Bags;375;10;64;21;7.2;1.9;7.3;0.20;
4791663;Alpen Cranberry and Nuts 40g;£1.97;£0.82/100g;Sachets, Boxes & Bags;387;11;63;18;8.5;2.0;7.3;0.18;
4757363;Alpen Hazelnut and Almond 40g;£1.98;£0.82/100g;Sachets, Boxes & Bags;410;11;61;19;12;2.3;7.1;0.17;
4757365;Alpen Porridge Fruit and Nut 40g;£1.98;£0.82/100g;Sachets, Boxes & Bags;390;11;63;19;8.9;2.1;7.0;0.19;
4791661;Alpen Porridge Maple and Pecan Flavour 40g;£1.97;£0.82/100g;Sachets, Boxes & Bags;399;11;63;20;10;2.3;6.7;0.17;
4803699;Delicious Alchemy Delicious Alchemy Rice Flake Porridge 450g;£2.50;£0.55/100g;Sachets, Boxes & Bags;356;6.8;81.0;0.1;0.4;0.1;0.6;0.1;
4041708;Dorset Proper Raspberry Porridge 50g;£2.38;£0.47/100g;Sachets, Boxes & Bags;null;10;62;21;7.1;1.2;11;0.1;
1875607;Jordans Chunky Tradition Porridge;£1.00;£0.13/100g;Sachets, Boxes & Bags;358;null;null;null;null;null;null;null;
4398809;Kellogg's Special K Multigrain Porridge Honey & Almond 27g;£1.98;£1.22/100g;Sachets, Boxes & Bags;null;null;null;null;null;null;null;null;
4398807;Kellogg's Special K Multigrain Porridge Red Berries 27g;£1.98;£1.22/100g;Sachets, Boxes & Bags;null;null;null;null;null;null;null;null;
19544;MornFlake Superfast Oats;£2.28;£0.11/100g;Sachets, Boxes & Bags;367;12.1;56.1;1.0;8.4;1.3;9.1;0.01;
4909411;MornFlake Superfast Oats;£2.94;£0.9/100g;Sachets, Boxes & Bags;367;12.1;56.1;1.0;8.4;1.3;9.1;0.01;
4242129;Nairns Gluten Free Easy Porridge 50g;£1.00;£2.00/100g;Sachets, Boxes & Bags;null;15.6;null;11.8;5.5;1.2;7.3;0.34;
3785233;Oat Burst Plain Porridge Oats 27g;£1.98;£0.61/100g;Sachets, Boxes & Bags;null;4.8;13.4;4.4;2.6;0.2;0.8;null;
3785235;Oatburst Golden Syrup Flavour Porridge 36g;£1.98;£0.55/100g;Sachets, Boxes & Bags;null;4.5;17.8;6.5;2.9;0.3;1.0;null;
4518112;Perkier Porridge Fruity Berry Porridge Pot 65g;£1.25;£1.92/100g;Sachets, Boxes & Bags;null;17.2;64.8;20.8;null;null;null;null;
4521387;Perkier Porridge Golden Syrup Flavour 60g;£1.25;£1.92/100g;Sachets, Boxes & Bags;null;16.6;65.5;19.3;4.6;0.9;6.9;0.23;
4161079;Quaker Jumbo Whole Rolled Oats;£2.18;£0.21/100g;Sachets, Boxes & Bags;null;null;null;null;null;null;null;null;
2515561;Quaker Oat So Simple Apple & Blueberry Flavour Porridge 360g;£2.58;£0.71/100g;Sachets, Boxes & Bags;null;null;null;null;null;null;null;null;
4023018;Quaker Oat So Simple Big Bowl Original Porridge 38g;£2.58;£0.67/100g;Sachets, Boxes & Bags;null;null;null;null;null;null;null;null;
4376008;Quaker Oat So Simple Blackberry & Apple Flavour Porridge 36g;£2.58;£0.89/100g;Sachets, Boxes & Bags;null;null;null;null;null;null;null;null;
4375980;Quaker Oat So Simple Caramel Flavour Porridge 33g;£2.58;£0.77/100g;Sachets, Boxes & Bags;null;null;null;null;null;null;null;null;
4766264;Quaker Oat So Simple Cuppa Apple & Blueberry Flavour Porridge 56g;£2.58;£0.92/100g;Sachets, Boxes & Bags;null;null;null;null;null;null;null;null;
4766262;Quaker Oat So Simple Cuppa Golden Syrup Flavour Porridge 56g;£2.58;£0.92/100g;Sachets, Boxes & Bags;null;null;null;null;null;null;null;null;
4766260;Quaker Oat So Simple Cuppa Original Porridge 49g;£2.58;£1.05/100g;Sachets, Boxes & Bags;null;null;null;null;null;null;null;null;
2515557;Quaker Oat So Simple Golden Syrup Flavour 360g;£2.58;£0.71/100g;Sachets, Boxes & Bags;null;null;null;null;null;null;null;null;
4376006;Quaker Oat So Simple Heaps of Fruit Apple & Cherry Flavour Porridge 36g;£2.58;£0.89/100g;Sachets, Boxes & Bags;null;null;null;null;null;null;null;null;
4376004;Quaker Oat So Simple Heaps of Fruit Banana & Strawberry Flavour Porridge 35g;£2.58;£0.90/100g;Sachets, Boxes & Bags;null;null;null;null;null;null;null;null;
4797023;Quaker Oat So Simple Heaps of Fruit Blueberry & Banana Flavour Porridge 34g;£2.58;£1.26/100g;Sachets, Boxes & Bags;null;null;null;null;null;null;null;null;
4571025;Quaker Oat So Simple Heaps of Fruit Summer Berries Flavour Porridge;£2.58;£0.91/100g;Sachets, Boxes & Bags;null;null;null;null;null;null;null;null;
3329934;Quaker Oat So Simple Honey & Almond Flavour Porridge 330g;£2.58;£0.78/100g;Sachets, Boxes & Bags;null;null;null;null;null;null;null;null;
4023022;Quaker Oat So Simple Honey & Vanilla Flavour Porridge 34g;£2.58;£0.75/100g;Sachets, Boxes & Bags;null;null;null;null;null;null;null;null;
4571013;Quaker Oat So Simple Multi Grain Fruit Muesli Flavour porridge 340g;£2.58;£0.75/100g;Sachets, Boxes & Bags;null;null;null;null;null;null;null;null;
4571011;Quaker Oat So Simple Multi Grain Honey Flavour Porridge 321g;£2.58;£0.80/100g;Sachets, Boxes & Bags;null;null;null;null;null;null;null;null;
4571009;Quaker Oat So Simple Multi Grain Original Porridge 270g;£2.58;£0.95/100g;Sachets, Boxes & Bags;null;null;null;null;null;null;null;0.01;
2515559;Quaker Oat So Simple Porridge Variety Pack 297g;£2.58;£0.86/100g;Sachets, Boxes & Bags;null;null;null;null;null;null;null;null;
3671255;Quaker Oat So Simple Raspberry and Pomegranate Flavour Porridge 334g;£2.58;£0.77/100g;Sachets, Boxes & Bags;null;null;null;null;null;null;null;null;
4791667;Quaker Oat So Simple Strawberry Jam Flavour Porridge 332g;£2.58;£0.77/100g;Sachets, Boxes & Bags;null;null;null;null;null;null;null;null;
4023020;Quaker Oat So Simple Strawberry, Raspberry & Cranberry Flavour 10 Sachets 33g;£2.58;£0.78/100g;Sachets, Boxes & Bags;null;null;null;null;null;null;null;null;
3525488;Quaker Oat So Simple Sultanas Raisins Cranberry & Apple Flavour Porridge 385g;£2.58;£0.67/100g;Sachets, Boxes & Bags;null;null;null;null;null;null;null;null;
540517;Quaker Oats;£2.18;£0.21/100g;Sachets, Boxes & Bags;null;null;null;null;null;null;null;null;
3099252;Quaker Oatso Simple Sweet Cinnamon 330g;£2.58;£0.78/100g;Sachets, Boxes & Bags;null;null;null;null;null;null;null;null;
4836262;Mackay's Blueberry Preserve 340g;£1.49;£0.43/100g;Jams & Preserves;null;0.2;66.7;66.4;0;0;null;0;
4704888;Robinsons Fruit Shoot Apple & Blackcurrant Less Sugar Jam 300g;£1.19;£0.39/100g;Jams & Preserves;null;0.4;41.9;40.9;0.3;0.1;1.7;0.0;
4713355;Frank Cooper Red Plum Oxford Conserve 340g;£1.99;£0.58/100g;Jams & Preserves;null;0.3;60.0;52.0;0.3;0.1;null;0.13;
4836268;Mackay's Hand Stirred Morello Cherry Conserve 340g;£1.99;£0.58/100g;Jams & Preserves;null;0.5;63.9;63.6;0.1;0;null;0;
4838928;Mackay's Rhubarb & Ginger Preserve 340g;£1.49;£0.43/100g;Jams & Preserves;null;0.3;66.7;66.3;0;0;null;0;
4836260;Mackay's Scottish 3 Berry Preserve 340g;£1.49;£0.43/100g;Jams & Preserves;null;0.3;67.6;67.3;0;0;null;0;
4836264;Mackay's Hand Stirred Scottish Strawberry Conserve 340g;£1.99;£0.58/100g;Jams & Preserves;null;0.4;64.1;63.8;0.1;0;null;0;
4836256;Mackay's Scottish Strawberry Preserve 340g;£1.49;£0.43/100g;Jams & Preserves;null;0.3;67.2;66.9;0;0;null;0;
4836266;Mackay's Hand Stirred Scottish Raspberry Conserve 340g;£1.99;£0.58/100g;Jams & Preserves;null;0.7;64.6;64.3;0.2;0.1;null;0;
4723261;Hartley's Strawberry Jam Less Sugar More Fruit 320g;£1.49;£0.46/100g;Jams & Preserves;null;0.4;44.4;37.7;0.2;0.1;null;0.1;
4704886;Robinsons Fruit Shoot Strawberry & Summer Fruits Less Sugar Jam 300g;£1.19;£0.39/100g;Jams & Preserves;null;0.8;41.9;40.4;0.3;0.1;1.1;0.0;
4723259;Hartley's Apricot Jam Less Sugar More Fruit 320g;£1.49;£0.46/100g;Jams & Preserves;null;0.5;44.4;38.6;0.1;0.0;null;0.1;
4713347;Hartley's Best Pineapple Jam;£0.97;£0.28/100g;Jams & Preserves;null;0.2;60.7;54.5;0.1;0.0;null;0.09;
4723263;Hartley's Raspberry Jam Less Sugar More Fruit 320g;£1.49;£0.46/100g;Jams & Preserves;null;0.7;44.1;38.1;0.2;0.1;null;0.2;
4682189;Hartley's Seedless Strawberry Jam;£0.97;£0.28/100g;Jams & Preserves;null;0.4;60.4;53.1;0.2;0.1;null;0.01;
4669672;Roots & Wings Organic Strawberry Jam 340g;£2.69;£0.79/100g;Jams & Preserves;null;0.5;65.3;65.0;0.1;0.03;1.7;0.03;
4669674;Roots & Wings Organic Raspberry Jam 340g;£2.69;£0.79/100g;Jams & Preserves;null;0.69;65.1;65.0;0.4;0.1;2.2;0.02;
4675091;Roots & Wings Organic Lemon Curd 300g;£2.99;£0.99/100g;Jams & Preserves;null;3.8;49.3;46.3;19.2;5.3;1.7;0.12;
4669676;Roots & Wings Organic Blackcurrant Jam 340g;£2.69;£0.79/100g;Jams & Preserves;null;0.69;65.9;65.5;0.19;0.05;1.98;0.02;
4724167;Wilkin & Son Apricot Conserve 340g;£2.19;£0.64/100g;Jams & Preserves;null;null;null;null;null;null;null;null;
4724169;Wilkin & Son Blackcurrent Conserve 340g;£2.19;£0.64/100g;Jams & Preserves;null;null;null;null;null;null;null;null;
4724165;Wilkin & Son Sweet Tip Raspberry Conserve 340g;£2.19;£0.64/100g;Jams & Preserves;null;null;null;null;null;null;null;null;
4724163;Wilkin & Son Raspberry Seedless Conserve 340g;£2.19;£0.64/100g;Jams & Preserves;null;null;null;null;null;null;null;null;
4724161;Wilkin & Son Strawberry Conserve 340g;£2.19;£0.64/100g;Jams & Preserves;null;null;null;null;null;null;null;null;
4724171;Wilkin & Sons Ltd Orange Fine Cut Marmalade 454g;£2.19;£0.48/100g;Jams & Preserves;null;null;null;null;null;null;null;null;
4724173;Wilkin & Son Orange & Tangerine Fine Cut Marmalade 454g;£2.19;£0.48/100g;Jams & Preserves;null;null;null;null;null;null;null;null;
4713349;Frank Cooper Raspberry Oxford Conserve 340g;£1.99;£0.58/100g;Jams & Preserves;null;0.5;58.8;57.1;0.1;0.1;null;0.20;
4713351;Frank Cooper Strawberry Oxford Conserve 340g;£1.99;£0.58/100g;Jams & Preserves;null;0.4;61.0;58.0;0.6;0.3;null;0.13;
4713353;Frank Cooper Red Cherry Oxford Conserve 340g;£1.99;£0.58/100g;Jams & Preserves;null;0.4;63.0;44.0;0.3;0.2;null;0.2;
4771300;Bonne Maman Wild Berry Conserve 370g;£2.69;£0.72/100g;Jams & Preserves;null;null;null;null;null;null;null;null;
2022202;Asda Extra Special Cherry Conserve 340g;£1.50;£0.44/100g;Jams & Preserves;null;0.5;59.7;59.7;0.3;0.3;0.8;null;
967087;Hartley's Best Strawberry Jam;£0.97;£0.28/100g;Jams & Preserves;null;0.4;60.4;53.1;0.2;0.1;null;0.06;
2027256;Hartley's Best Blueberry Jam;£0.97;£0.28/100g;Jams & Preserves;null;0.2;60.7;54.8;0.1;0.0;null;0.19;
4590856;Hartley's Smooth Blackcurrant Jam 340g;£1.69;£0.49/100g;Jams & Preserves;null;0.5;61.5;59.5;0.0;0.0;null;0.2;
4590858;Hartley's Smooth Apricot Jam 340g;£1.69;£0.49/100g;Jams & Preserves;null;0.4;61.6;61.6;0.0;0.0;null;0.03;
4590854;Hartley's Smooth Raspberry Jam 340g;£1.69;£0.49/100g;Jams & Preserves;null;0.6;61.3;59.3;0.1;0.0;null;0.04;
4590852;Hartley's Smooth Strawberry Jam 340g;£1.69;£0.49/100g;Jams & Preserves;null;0.4;61.4;61.2;0.2;0.0;null;0.04;
1527459;Hartley's No Bits Strawberry Jam 340g;£1.00;£0.29/100g;Jams & Preserves;null;0.3;63.6;57.9;0.1;0.0;null;0.20;
1362156;Hartley's Best Seedless Raspberry Jam;£0.97;£0.21/100g;Jams & Preserves;null;0.6;60.3;53.0;0.0;0.0;null;0.21;
967090;Hartley's Best Raspberry Jam;£0.97;£0.28/100g;Jams & Preserves;247;0.4;60.5;53.2;0.1;0.0;null;0.17;
1527460;Hartley's No Bits Raspberry Jam 340g;£1.00;£0.29/100g;Jams & Preserves;null;0.5;63.4;51.4;0.1;0.0;null;0.20;
967082;Hartley's Best Blackcurrant Jam;£0.97;£0.28/100g;Jams & Preserves;null;0.3;60.7;55.1;0.0;0.0;null;0.34;
967086;Hartley's Best Apricot Jam;£0.97;£0.28/100g;Jams & Preserves;null;0.4;60.6;55.3;0.0;0.0;null;0.08;
967085;Hartley's Best Damson Jam;£0.97;£0.28/100g;Jams & Preserves;null;0.2;60.8;54.9;0.0;0.0;null;0.26;
967081;Hartley's Best Black Cherry Jam;£0.97;£0.28/100g;Jams & Preserves;null;0.4;60.4;54.1;0.2;0.0;null;0.16;
2657443;Hartley's Best Bramble Jelly;£0.97;£0.28/100g;Jams & Preserves;null;0.3;64.6;59.5;0.1;0.0;null;0.17;
209769;St Dalfour Blueberry Premium Jam 284g;£1.99;£0.70/100g;Jams & Preserves;null;null;null;null;null;null;null;null;
209767;St Dalfour Raspberry Spread 284g;£1.99;£0.70/100g;Jams & Preserves;null;null;null;null;null;null;null;null;
209766;St Dalfour Strawberry 284g;£1.99;£0.70/100g;Jams & Preserves;null;null;null;null;null;0.1;null;null;
3653499;Weight Watchers Reduced Sugar Strawberry Jam;£1.58;£0.63/100g;Jams & Preserves;null;null;null;null;null;null;null;null;
222317;Gale's Lemon Curd 410g;£1.20;£0.29/100g;Jams & Preserves;null;0.8;61.0;52.2;4.9;1.6;null;0.10;
2302447;Baxter's Our Tasty Country Berry Jam 340g;£1.77;£0.52/100g;Jams & Preserves;null;0.5;60.0;null;0.1;null;null;null;
2302445;Baxter's Our Juicy Raspberry Jam 340g;£1.77;£0.52/100g;Jams & Preserves;null;0.7;60.0;60.0;0.1;0.0;3.2;0.1;
2302449;Baxter's Our Traditional Rhubarb & Ginger Jam 340g;£1.77;£0.52/100g;Jams & Preserves;null;0.4;65.0;null;0.1;null;null;null;
2302443;Baxter's Strawberry Jam 340g;£1.77;£0.52/100g;Jams & Preserves;null;0.4;60.0;60.0;0.0;0.0;1.1;0.1;
2021017;Asda Good For You Reduced Sugar Raspberry Jam 320g;£1.20;£0.37/100g;Jams & Preserves;null;0.4;31.8;30.0;0.1;0.1;1.4;null;
2022194;Hartley's Apricot Conserve 340g;£1.50;£0.44/100g;Jams & Preserves;null;0.5;60.2;59.8;null;null;0.9;null;
2022196;Asda Extra Special Blackcurrant Conserve 340g;£1.50;£0.44/100g;Jams & Preserves;null;0.6;57.1;57.1;null;null;3.2;null;
2022198;Asda Extra Special Plum Conserve 340g;£1.50;£0.44/100g;Jams & Preserves;null;0.3;58.3;57.5;null;null;1.0;null;
2022192;Asda Extra Special Raspberry Conserve 340g;£1.50;£0.44/100g;Jams & Preserves;null;0.7;59.4;59.4;0.2;0.2;2.6;null;
4836250;Mackay's Dundee Marmalade 340g;£1.19;£0.35/100g;Marmalade;null;0.3;67.0;66.7;0;0;null;0;
4836254;Mackay's Vintage Marmalade 340g;£1.19;£0.35/100g;Marmalade;null;0.4;66.9;66.7;0;0;null;0;
4836252;Mackay's Seville Marmalade 340g;£1.19;£0.35/100g;Marmalade;null;0.3;67.0;66.7;0;0;null;0;
458041;Robertsons Golden Shredless Marmalade;£0.89;£0.19/100g;Marmalade;null;0.1;62.9;53.5;0.0;0.0;null;0.20;
1198970;Robertsons Golden Shred Chunky Marmalade;£0.89;£0.19/100g;Marmalade;null;0.3;62.7;52.7;0.0;0.0;null;0.20;
7916;Robertsons Silver Shred Fine Cut Lemon Jelly Marmalade;£0.89;£0.19/100g;Marmalade;null;0.1;62.9;53.6;0.0;0.0;null;0.10;
2021023;Asda Good for You Reduced Sugar Orange Marmalade 320g;£1.20;£0.37/100g;Marmalade;null;0.3;26.7;24.5;0.1;0.1;1.3;null;
2922157;Robertsons Golden Shred Light Marmalade;£0.89;£0.21/100g;Marmalade;null;null;null;null;null;null;null;null;
913861;Frank Cooper Oxford Fine Cut Oxford Marmalade 454g;£1.99;£0.43/100g;Marmalade;null;0.1;9.9;9.9;0;0;0.1;null;
12044;Frank Cooper Original Oxford Marmalade 454g;£1.99;£0.43/100g;Marmalade;null;0.1;10.1;8.7;0;0;0.2;null;
8067;Hartley's Ma Made Thin Cut Seville Oranges 850g;£1.99;£0.23/100g;Marmalade;null;null;null;null;null;null;null;null;
211957;Hartley's Olde English Marmalade Thick Cut 454g;£1.69;£0.37/100g;Marmalade;null;0.3;64.6;54.7;0.1;0.0;null;0.10;
3216947;Rose's Lemon & Lime Fine Cut Marmalade;£0.89;£0.19/100g;Marmalade;null;0.2;64.8;null;0.0;null;null;null;
2657451;Rose's Lime Fine Cut Marmalade;£0.89;£0.19/100g;Marmalade;null;0.1;65.9;null;0.0;null;null;null;
3275458;Bonne Maman Bitter Orange Marmalade 370g;£2.20;£0.59/100g;Marmalade;null;0.3;59;null;0.1;null;0.6;0;
915223;Duerr's Fine Cut Seville Orange Marmalade 454g;£1.38;£0.30/100g;Marmalade;null;0.2;63;null;null;null;null;null;
2302451;Baxter's Our Tangy Orange Thin Cut Marmalade 340g;£1.77;£0.52/100g;Marmalade;null;2.3;65.0;null;1.1;null;null;null;
2302455;Baxter's Our Classic Three Fruits Marmalade 340g;£1.77;£0.52/100g;Marmalade;null;0.2;65.0;null;0.0;null;null;null;
2657840;Old Time Irish orange marmalde - coarse cut 454g;£1.59;£0.35/100g;Marmalade;null;0.3;66.7;64.1;0;0;null;null;
379885;Asda Chosen By You Fine Cut Marmalade 454g;£0.55;£0.12/100g;Marmalade;null;0.5;65;60;0.5;0.1;0.5;0.10;
379888;Asda Chosen By You Shredless Marmalade 454g;£0.55;£0.12/100g;Marmalade;null;0.2;62.8;57.3;null;null;0.5;null;
379891;Asda Chosen By You Thick Cut Marmalade 454g;£0.55;£0.12/100g;Marmalade;null;0.4;62.6;57.9;null;null;0.9;0.1;
379890;Asda Chosen By You Fine Cut Lime Marmalade 454g;£0.55;£0.12/100g;Marmalade;null;0.1;62.9;58.7;null;null;0.4;0.3;
22698;Asda Smartprice Orange Marmalade 454g;£0.27;£0.5/100g;Marmalade;null;0.2;63.8;51.1;null;null;0.3;0.2;
4724686;Asda Extra Special Lemon Curd 320g;£1.69;£0.52/100g;Marmalade;null;2.8;63.1;54.6;8.6;5.5;1.0;0.2;
3251951;Duerr's Fine Cut Spanish Grapefruit Marmalade 454g;£1.38;£0.30/100g;Marmalade;null;0.2;66;null;null;null;null;null;
3251955;Duerr's Shredless Seville Orange Marmalade 454g;£1.38;£0.30/100g;Marmalade;null;0.1;64.6;57.0;0.27;0.1;0.5;0.1;
3251949;Duerr's Thick Cut Seville Orange Marmalade 454g;£1.38;£0.30/100g;Marmalade;null;0.3;63.2;null;null;null;null;null;
4713381;Frank Cooper Oxford Marmalade 454g;£1.99;£0.43/100g;Marmalade;null;null;62.2;53.5;0.2;0.1;0.6;0.10;
4713383;Frank Cooper Oxford Marmalade Coarse Cut 454g;£1.99;£0.43/100g;Marmalade;null;0.4;63.2;61.6;0.3;0.2;null;0.15;
4713357;Golden Shred Seville Orange 340g;£1.79;£0.52/100g;Marmalade;null;0.1;62.9;56.5;0.0;0.0;null;0.14;
3629303;Hartley's Breakfast Medium Cut Marmalade 454g;£1.69;£0.37/100g;Marmalade;null;0.2;63.8;null;0.0;null;null;null;
7917;Robertsons Golden Shred;£0.89;£0.19/100g;Marmalade;null;0.1;62.9;53.0;0.0;0.0;null;0.20;
4713359;Robertsons Verna & Primafiora Lemon 340g;£1.79;£0.52/100g;Marmalade;null;0.0;63.0;60.2;0.0;0.0;null;0.1;
4581284;Streamline Reduced Thin Cut Orange Marmalade 340g;£1.45;£0.42/100g;Marmalade;null;0.4;41.9;41.4;0.2;0.1;0.8;0.0;
4713373;Gale's Honey with Cinnamon 315g;£2.99;£0.94/100g;Honey;null;0.4;76.4;76.4;0.0;0.0;null;null;
4723265;Gale's Mild Honey 340g;£2.59;£0.76/100g;Honey;null;null;null;null;null;null;null;null;
4713365;Gale's Original Set Honey 315g;£2.59;£0.82/100g;Honey;null;null;null;null;null;null;null;null;
3216949;Gale's Original Honey 340g;£2.59;£0.76/100g;Honey;null;null;null;null;null;null;null;null;
4713371;Gale's Honey with Vanilla 315g;£2.99;£0.94/100g;Honey;null;0.4;76.4;76.4;0.0;0.0;null;null;
4360618;Rowse Pure & Natural Honey 340g;£2.00;£0.58/100g;Honey;null;0.5;81.5;80.8;0.5;0.2;0.5;0.03;
3251927;Rowse Pure & Natural Honey 340g;£2.59;£0.76/100g;Honey;null;0.5;81.5;80.8;0.5;0.2;0.5;0.03;
3251929;Rowse Honey 340g;£2.59;£0.76/100g;Honey;null;0.5;81.5;80.8;0.5;0.2;0.5;0.03;
4705963;Rowse Honey With A Hint Of Cinnamon 250g;£1.99;£0.79/100g;Honey;null;0.5;81.5;80.8;0.5;0.2;0.5;0.03;
4705977;Rowse Supahoney Manuka, Honey & Lemon 250g;£5.49;£2.20/100g;Honey;null;0.1;86.9;85.9;0.1;0.1;null;0.1;
4705975;Rowse Supahoney Manuka + Honey 250g;£5.49;£2.20/100g;Honey;null;0.1;86.9;85.9;0.1;0.1;null;0.1;
4705967;Rowse Honey With A Hint Of Raspberry 250g;£1.99;£0.79/100g;Honey;null;0.5;81.5;80.8;0.5;0.2;0.5;0.03;
4360612;Rowse Pure & Natural Honey 250g;£1.99;£0.79/100g;Honey;null;0.5;81.5;80.8;0.5;0.2;0.5;0.03;
4726113;Rowse Pure & Natural Honey 680g;£4.00;£0.58/100g;Honey;null;0.5;81.5;80.8;0.5;0.2;0.5;0.03;
4705981;Rowse Organic Pure Honey 340g;£2.99;£0.87/100g;Honey;null;0.5;81.5;80.8;0.5;0.2;0.5;0.03;
4705965;Rowse Honey With A Hint Of Apple 250g;£1.99;£0.79/100g;Honey;null;0.5;81.5;80.8;0.5;0.2;0.5;0.03;
3637000;Rowse Light & Mild Honey 340g;£2.00;£0.58/100g;Honey;null;0.5;81.5;80.8;0.5;0.2;0.5;0.03;
4705971;Rowse Australian Honey 250g;£2.99;£1.20/100g;Honey;null;0.5;81.5;80.8;0.5;0.2;0.5;0.03;
4705969;Rowse Acacia Honey 250g;£2.99;£1.20/100g;Honey;null;0.5;81.5;80.8;0.5;0.2;0.5;0.03;
4724179;Wilkin & Son Set Honey 340g;£3.49;£1.03/100g;Honey;null;null;null;null;null;null;null;null;
4724177;Wilkin & Son English Honey 340g;£4.99;£1.47/100g;Honey;null;null;null;null;null;null;null;null;
4724175;Wilkin & Son Borage Clear Honey 340g;£4.99;£1.47/100g;Honey;null;null;null;null;null;null;null;null;
4682179;Gale's Blossom Honey 340g;£1.50;£0.44/100g;Honey;null;null;null;null;null;null;null;null;
4682181;Gale's Orginal Set Honey 340g;£1.50;£0.44/100g;Honey;null;null;null;null;null;null;null;null;
4406045;ASDA Extra Special English Set Honey 340g;£3.99;£1.17/100g;Honey;341;0.1;84.2;82.1;0.4;0.2;0.1;null;
4360628;Clarks Clear Honey 340g;£2.68;£0.78/100g;Honey;null;0.1;82.8;81.8;null;0.10;0.5;0.050;
4492531;Rowse Manuka Honey 250g;£19.99;£8.00/100g;Honey;null;0.1;86.9;85.9;0.1;0.1;null;0.1;
4705979;Rowse Cut Comb in Acacia Honey 340g;£6.99;£2.06/100g;Honey;null;0.5;81.5;80.8;0.5;0.2;0.5;0.03;
1649787;ASDA Organic Clear Mexican Honey 340g;£2.64;£0.77/100g;Honey;null;0.2;79.4;73.0;0.5;0.1;null;null;
3507762;Shifaa Honey with Comb 340g;£3.48;£1.02/100g;Honey;null;0.4;82.6;null;0.1;null;null;null;
4366033;Rowse Manuka Kosher Honey 250g;£11.99;£4.80/100g;Honey;null;0.1;86.9;85.9;0.1;0.1;null;0.1;
961235;Asda Chosen By You Squeezy Pure Clear Hone 250g;£1.39;£0.55/100g;Honey;null;0.1;84.3;82.1;0.4;0.2;0.1;null;
885997;Asda Chosen By You Pure Clear Honey 454g;£1.45;£0.31/100g;Honey;null;0.1;84.3;82.1;0.4;0.2;0.1;null;
885998;Asda Chosen By You Set Pure Honey 454g;£1.45;£0.31/100g;Honey;null;0.1;84.3;82.1;0.4;0.2;0.1;null;
2018037;Asda Chosen By You Squeezy Pure Forest Honey 250g;£1.58;£0.63/100g;Honey;null;0.1;84.3;82.1;0.4;0.2;0.1;null;
2018033;Asda Chosen By You Squeezy Pure Acacia Honey 250g;£1.58;£0.63/100g;Honey;null;0.1;84.3;82.1;0.4;0.2;0.1;null;
886070;Asda Chosen By You Pure Clear Honey 227g;£1.18;£0.52/100g;Honey;null;0.1;84.3;82.1;0.4;0.2;0.1;null;
886154;Asda Chosen By You Pure Clear Honey 908g;£2.87;£0.31/100g;Honey;null;0.1;84.3;82.1;0.4;0.2;0.1;null;
2018035;Asda Chosen By You Lemon Squeezy Honey 250g;£1.58;£0.63/100g;Honey;null;0.1;83.4;78.4;0.3;0.2;0.1;null;
1855952;Asda Smartprice Clear Honey 425g;£1.24;£0.29/100g;Honey;null;0.1;84.3;82.1;0.4;0.2;0.1;null;
4936862;ASDA Extra Special Mexican Orange Blossom Honey 340g;£2.99;£0.87/100g;Honey;null;0.1;84.2;82.1;0.4;0.2;0.1;null;
4705973;Rowse Chiense Honey 250g;£1.99;£0.79/100g;Honey;null;0.5;81.5;80.8;0.5;0.2;0.5;0.03;
4711394;Reeses Creamy Peanut Butter 510g;£3.49;£0.68/100g;Peanut Butter;null;25.0;null;9.4;50.0;7.8;9.4;1.02;
4713377;Sunpat Crunchy Cashew Peanut Spread 227g;£2.34;£1.03/100g;Peanut Butter;null;15.0;19.1;6.5;59.7;14.0;null;0.8;
3241367;Whole Earth Crunchy Peanut Butter;£2.00;£0.58/100g;Peanut Butter;null;27.3;14.2;5.3;46.0;8.8;7.3;1.0;
3241365;Whole Earth Smooth Peanut Butter;£2.00;£0.58/100g;Peanut Butter;null;25.6;13.7;5.2;51.2;13.7;4.9;0.9;
4713375;Sunpat Smooth No Added Sugar Peanut Spread 340g;£1.79;£0.52/100g;Peanut Butter;null;25.1;13.6;3.4;null;9.5;null;1.2;
4713379;Sunpat Crunchy Hazelnut Peanut Spread 227g;£2.34;£1.03/100g;Peanut Butter;null;18.1;19.7;12.1;53.7;9.0;null;0.6;
4366731;Sunpat Choc-a-Nut Peanut Spread 340g;£2.25;£0.66/100g;Peanut Butter;null;16.9;33.7;26.7;38.6;7.5;null;0.3;
4684371;ASDA Chosen by You Smooth Peanut Butter 700g;£1.98;£0.28/100g;Peanut Butter;655;27.0;10.8;4.0;55.0;10.2;4.3;0.7;
4684369;ASDA Chosen by You Peanut Butter with Chocolate Chunks 340g;£1.34;£0.39/100g;Peanut Butter;null;25.7;17.9;15.0;48.1;10.7;5.3;0.6;
4693294;Lotus Lotus Biscoff Spread Smooth 400g;£1.79;£0.44/100g;Peanut Butter;null;8;0;2;2;5;8;53;
886355;Asda Chosen By You Crunchy Peanut Butter 700g;£2.37;£0.33/100g;Peanut Butter;null;24.6;15.6;5.6;47.8;8.7;6.6;null;
215629;Whole Earth Crunchy Original Delicious Peanut Butter 340g;£2.68;£0.78/100g;Peanut Butter;null;27.7;7.4;3.8;54.3;7.9;6.7;1.1;
3375904;Whole Earth Smooth Original Delicious Peanut Butter 340g;£2.68;£0.78/100g;Peanut Butter;null;26.3;9.2;4.2;54.5;7.2;6.5;1.0;
2949519;Tropical Sun Smooth Peanut Butter With No Added Sugar 454g;£1.86;£0.41/100g;Peanut Butter;null;null;null;null;null;null;null;null;
134731;Sunpat Smooth Peanut Spread 340g;£1.79;£0.52/100g;Peanut Butter;null;25.0;15.2;5.1;48.2;9.1;null;1.2;
4139288;Asda Chosen By You Smooth Peanut Butter 340g;£1.34;£0.39/100g;Peanut Butter;null;27.0;10.8;4.0;55.0;10.2;4.3;0.7;
4139286;Asda Chosen By You Crunchy Peanut Butter 340g;£1.34;£0.39/100g;Peanut Butter;null;27.1;4.6;4.1;55.0;10.2;10.2;0.7;
4139290;Asda Chosen By You Reduced Fat Smooth Peanut Butter 340g;£1.34;£0.39/100g;Peanut Butter;null;20.9;26.9;7.5;44.3;7.7;4.8;0.5;
4139284;Asda Smartprice Crunchy Peanut Butter 340g;£0.62;£0.18/100g;Peanut Butter;null;25.5;9.8;6.0;55.1;9.5;5.6;0.6;
4713391;Sun-Pat Crunchy No Added Sugar Peanut Spread 340g;£1.79;£0.52/100g;Peanut Butter;null;25.6;13.8;3.5;49.1;9.2;null;0.9;
4713385;Sun-Pat Rich Roast Crunchy Peanut Spread 340g;£1.89;£0.55/100g;Peanut Butter;null;23.7;14.0;4.5;50.8;9.4;null;0.9;
19417;Sunpat Crunchy Peanut Spread 340g;£1.79;£0.52/100g;Peanut Butter;null;25.3;15.1;4.8;48.2;8.7;null;1.0;
4713387;Sunpat Crunchy Peanut Spread 700g;£3.49;£0.49/100g;Peanut Butter;null;25.3;15.1;4.8;48.2;8.7;null;1.0;
4713389;Sunpat Smooth Peanut Spread 700g;£3.49;£0.49/100g;Peanut Butter;null;25.0;15.2;5.1;48.2;9.1;null;1.2;
4580917;Galaxy Hazelnut Spread 225g;£1.99;£0.88/100g;Chocolate Spread;null;2.7;58.0;57.0;34.1;7.5;null;0.13;
4580919;Milky Way Stripey Spread 225g;£1.99;£0.88/100g;Chocolate Spread;null;3.6;56.3;55.9;35.1;8.3;null;0.18;
873126;Nutella Ferrero Hazelnut Spread with Cocoa 750g;£3.49;£0.46/100g;Chocolate Spread;null;null;null;null;null;null;null;null;
21687;Nutella Ferrero Hazelnut Spread with Cocoa 400g;£2.25;£0.56/100g;Chocolate Spread;null;null;null;null;null;null;null;null;
800628;Nutella Ferrero Hazelnut Spread 200g;£1.35;£0.67/100g;Chocolate Spread;null;6;57.6;56.8;31.6;11;null;0.11;
3454700;Asda Chosen By You Chocolate & Caramel Spread 400g;£1.54;£0.38/100g;Chocolate Spread;null;2.3;64.1;46.2;32.1;7.3;0.6;0.1;
3901565;Asda Chosen By You Chocolate Spread with Crunchy Bites 375g;£1.54;£0.41/100g;Chocolate Spread;null;3.5;59.9;37.8;31.9;7.0;2.0;0.2;
3901563;Asda Chosen By You Milk Chocolate Spread 400g;£1.54;£0.38/100g;Chocolate Spread;null;3.9;57.5;51.9;35.3;8.1;0.9;0.2;
3202187;Asda Chosen By You Duo Chocolate Spread 400g;£1.54;£0.38/100g;Chocolate Spread;null;2.9;61.0;47.4;33.7;7.1;0.6;0.2;
2027354;Asda Chosen By You Hazelnut Chocolate Spread 400g;£1.54;£0.38/100g;Chocolate Spread;null;3.1;56.1;53.8;36.1;6.9;2.6;null;
886185;Asda Chosen By You Hazelnut Chocolate Spread 750g;£2.42;£0.32/100g;Chocolate Spread;null;2.7;60.8;47.3;35.1;6.7;0.8;null;
2027358;Asda Chosen By You White Chocolate Flavour Spread 400g;£1.54;£0.38/100g;Chocolate Spread;null;2.9;60.3;59.9;36.0;9.0;0.5;0.2;
2027356;Asda Smartprice Chocolate Hazelnut Spread 400g;£0.80;£0.20/100g;Chocolate Spread;null;1.4;58.8;52.0;36.3;8.5;1.9;0.1;
4683508;Asda Chosen by You Bourbon Biscuit Spread 350g;£1.54;£0.44/100g;Chocolate Spread;null;2.0;56.9;43.4;33.1;10.2;5.5;0.1;
4366035;Cadbury Chocolate Spread;£1.50;£0.37/100g;Chocolate Spread;null;null;null;null;null;null;null;null;
4693296;Lotus Caramelised Biscuit Spread Crunchy 380g;£1.79;£0.47/100g;Chocolate Spread;null;4;8;2;7;7;9;62;
3975835;Nutella Ferrero Limited Edition Hazelnut Spread;£4.65;£0.46/100g;Chocolate Spread;null;6;null;null;null;null;null;null;
4316438;Whole Earth Lightly Whipped Delicious Hazelnut Chocolate Spread 300g;£1.99;£0.66/100g;Chocolate Spread;null;null;53.1;null;null;null;null;null;
4316436;Whole Earth Lightly Whipped Milk Chocolate Spread 300g;£1.99;£0.66/100g;Chocolate Spread;null;null;null;null;null;null;null;null;
3251933;Clarks Original Maple Syrup;£4.98;£9.96/lt;Syrups;null;0.1;64.6;57.4;0.1;0.1;null;0.1;
4686992;ASDA Chosen by You Pure Canadian Maple Syrup;£3.49;£1.40/100ml;Syrups;null;null;69.0;65.6;0.4;0.1;0.1;0.1;
4734733;Clarks Pure Canadian Maple Syrup;£4.49;£1.86/100ml;Syrups;null;0.4;66.4;62.4;0.4;0.1;null;0.1;
3631010;Clarks Pure Canadian Maple Syrup;£2.68;£14.89/lt;Syrups;null;0.2;66.8;66.3;0;0;null;0.1;
932141;Clarks Original Maple Syrup;£1.32;£7.33/lt;Syrups;null;0.1;64.6;57.4;0.1;0.1;null;0.1;
915150;Lyle's Golden Syrup 907g;£1.72;£1.90/kg;Syrups;null;0.5;80.5;null;null;null;null;null;
219235;Lyle's Black Treacle 454g;£1.15;£2.53/kg;Syrups;null;1.7;64;64;0;0;null;null;
219233;Lyle's Golden Syrup;£0.97;£2.14/kg;Syrups;null;0.5;80.5;null;null;null;null;null;
3024111;Vermont Canadian Maple Syrup 250g;£2.98;£11.92/kg;Syrups;null;null;null;null;null;null;null;null;
4538018;Lyles Golden Syrup Breakfast 340g;£1.75;£0.51/100g;Syrups;null;0.5;77.5;77.5;0;0;null;0.8;
640000;Asda Yeast Extract 240g;£1.89;£0.78/100g;Yeast Extract;null;41.0;16.0;null;0.4;0.2;null;11.0;
622323;Kraft Vegemite Yeast Extract;£1.97;£0.89/100g;Yeast Extract;null;null;null;null;null;null;null;null;
2271122;Marmite Squeezy Yeast Extract 400g;£4.78;£1.20/100g;Yeast Extract;null;null;null;null;null;null;null;null;
15127;Marmite Yeast Extract 250g;£2.35;£0.94/100g;Yeast Extract;null;null;null;null;null;null;null;null;
15126;Marmite Yeast Extract 125g;£1.17;£0.93/100g;Yeast Extract;null;null;null;null;null;null;null;null;
15128;Marmite Yeast Extract 500g;£3.75;£0.75/100g;Yeast Extract;null;null;null;null;null;null;null;null;
1879490;Marmite Yeast Extract Squeezy 200g;£2.35;£1.18/100g;Yeast Extract;null;null;null;null;null;null;null;null;
1917766;Napolina Spaghetti 500g;£1.00;£2.00/kg;Spaghetti & Tagliatelle;null;null;null;null;null;null;null;null;
135495;ASDA Chosen By You Spaghetti;£0.98;£0.98/kg;Spaghetti & Tagliatelle;null;5.3;31.3;0.5;0.6;0.1;2.1;null;
12943;ASDA Chosen By You Spaghetti 500g;£0.50;£1.00/kg;Spaghetti & Tagliatelle;null;5.3;31.3;0.5;0.6;0.1;2.1;null;
3405334;Napolina Whole Wheat Spaghetti 500g;£0.98;£0.19/100g;Spaghetti & Tagliatelle;null;null;null;null;null;null;null;null;
4249905;Cook Italian Wholegrain Spaghetti 500g;£1.00;£0.20/100g;Spaghetti & Tagliatelle;335;12.1;62.2;2.1;2.5;0.2;7.2;0.1;
4419335;Cook Italian Spaghetti 500g;£1.00;£0.20/100g;Spaghetti & Tagliatelle;null;11.0;71.2;2.6;1.3;0.3;3.0;null;
2513572;ASDA Chosen By You Gluten Free Spaghetti 500g;£1.35;£0.27/100g;Spaghetti & Tagliatelle;null;1.5;40.6;null;0.5;0.2;0.3;null;
4256372;Heinz Gluten Free Spaghetti 500g;£1.80;£3.60/kg;Spaghetti & Tagliatelle;354;4.8;76.5;0.4;2.3;0.5;4.1;0.1;
4249901;Cook Italian Tagliatelle 500g;£1.00;£2.00/kg;Spaghetti & Tagliatelle;null;11.0;71.2;2.6;1.3;0.3;3.0;null;
4249903;Cook Italian Tagliatelle Paglia e Fieno 500g;£1.00;£0.0/g;Spaghetti & Tagliatelle;349;11.0;71.2;2.6;1.3;0.3;3.0;0.01;
1917746;Napolina Tagliatelle 500g;£1.38;£2.76/kg;Spaghetti & Tagliatelle;null;null;null;null;null;null;null;null;
128448;ASDA Smartprice Spaghetti 500g;£0.20;£0.40/kg;Spaghetti & Tagliatelle;null;4.6;29.6;0.4;0.7;0.1;1.7;null;
4660790;East End Slim Pasta Spaghetti 200g;£2.48;£12.40/kg;Spaghetti & Tagliatelle;null;1.9;0.2;0;0.4;0.13;4.4;null;
977756;ASDA Chosen by You Fusilli;£2.87;£0.95/kg;Pasta Tubes, Shells & Spirals;null;5.3;31.3;0.5;0.6;0.1;2.1;null;
4439872;Cook Italian Fusilli 500g;£1.00;£2.00/kg;Pasta Tubes, Shells & Spirals;349;11.0;71.2;2.6;1.3;0.3;3.0;0.1;
16125;ASDA Chosen by You Fusilli;£0.98;£0.98/kg;Pasta Tubes, Shells & Spirals;null;5.3;31.3;0.5;0.6;0.1;2.1;null;
1531135;Napolina Fusilli 500g;£1.00;£2.00/kg;Pasta Tubes, Shells & Spirals;null;null;null;null;null;null;null;null;
3922502;ASDA Chosen by You Wholewheat Fusilli;£0.98;£0.98/kg;Pasta Tubes, Shells & Spirals;null;4.8;28.3;0.5;0.9;0.2;3.7;null;
21759;ASDA Chosen by You Fusilli 500g;£0.50;£1.00/kg;Pasta Tubes, Shells & Spirals;null;5.3;31.3;0.5;0.6;0.1;2.1;null;
3210044;De Cecco Fusilli 500g;£1.55;£3.10/kg;Pasta Tubes, Shells & Spirals;null;null;null;null;null;null;null;null;
4335308;Cook Italian Microwaveable Fusilli Pasta 180g;£1.00;£5.56/kg;Pasta Tubes, Shells & Spirals;178;5.6;30.4;0.4;3.3;1.0;2.0;0;
1168397;ASDA Chosen By You Penne;£2.87;£0.95/kg;Pasta Tubes, Shells & Spirals;null;5.3;31.3;0.5;0.6;0.1;2.1;null;
1946932;Napolina Penne 500g;£1.00;£2.00/kg;Pasta Tubes, Shells & Spirals;null;null;null;null;null;null;null;null;
4335306;Cook Italian Microwaveable Penne Pasta 180g;£1.00;£5.56/kg;Pasta Tubes, Shells & Spirals;null;5.6;30.4;0.4;3.3;1.0;2.0;null;
2513574;ASDA Gluten Free Pasta Penne 500g;£1.35;£2.70/kg;Pasta Tubes, Shells & Spirals;null;1.5;40.6;null;0.5;0.2;0.3;null;
4419337;Cook Italian Penne 500g;£1.00;£0.20/100g;Pasta Tubes, Shells & Spirals;null;11.0;71.2;2.6;1.3;0.3;3.0;null;
4249913;Cook Italian Organic Penne 500g;£1.00;£0.20/100g;Pasta Tubes, Shells & Spirals;347;11.0;71.2;2.6;1.3;0.3;3.0;0;
2567932;ASDA Chosen By You Penne 500g;£0.50;£1.00/kg;Pasta Tubes, Shells & Spirals;null;5.3;31.3;0.5;0.6;0.1;2.1;null;
193328;ASDA Chosen By You Penne;£0.98;£0.98/kg;Pasta Tubes, Shells & Spirals;null;5.3;31.3;0.5;0.6;0.1;2.1;null;
3922500;ASDA Chosen by You Conchiglie;£0.98;£0.98/kg;Pasta Tubes, Shells & Spirals;null;5.3;31.3;0.5;0.6;0.1;2.1;null;
3922508;ASDA Good Stuff Mini Wheat and Oat Fusilli 500g;£0.92;£0.18/100g;Pasta Tubes, Shells & Spirals;140;4.2;27.6;0.4;0.6;0.1;3.5;null;
3922506;ASDA Chosen By Kids Mini Wheat and Oat Pasta Zoo 500g;£0.92;£0.18/100g;Pasta Tubes, Shells & Spirals;null;4.2;27.6;0.4;0.6;0.1;3.5;null;
1962152;ASDA Chosen By You Macaroni 500g;£0.50;£1.00/kg;Pasta Tubes, Shells & Spirals;null;5.3;31.3;0.5;0.6;0.1;2.1;null;
4412499;ASDA Extra Special Fettuccini 500g;£1.70;£3.40/kg;Pasta Tubes, Shells & Spirals;null;6.1;30.6;0.2;0.7;0.2;1.8;null;
4412497;ASDA Extra Special Mezzi Paccheri 500g;£1.70;£3.40/kg;Pasta Tubes, Shells & Spirals;null;6.1;30.6;0.2;0.7;0.2;1.8;null;
4412495;ASDA Extra Special Trofie 500g;£1.70;£3.40/kg;Pasta Tubes, Shells & Spirals;null;6.1;30.6;0.2;0.7;0.2;1.8;null;
1531088;Napolina Conchiglie 500g;£1.00;£2.00/kg;Pasta Tubes, Shells & Spirals;null;null;null;null;null;null;null;null;
3405336;Napolina Wholewheat Fusili 500g;£0.98;£1.96/kg;Pasta Tubes, Shells & Spirals;null;null;null;null;null;null;null;null;
3923357;Napolina Canneloni Egg Pasta 250g;£1.00;£4.00/kg;Pasta Tubes, Shells & Spirals;null;13.5;70.4;null;3.1;null;null;null;
1917758;Napolina Farfelle 500g;£1.00;£2.00/kg;Pasta Tubes, Shells & Spirals;null;null;null;null;null;null;null;null;
1532272;Napolina Rigatoni 500g;£1.00;£2.00/kg;Pasta Tubes, Shells & Spirals;null;null;null;null;null;null;null;null;
4249909;Cook Italian Wholewheat Conchiglie 500g;£1.00;£0.20/100g;Pasta Tubes, Shells & Spirals;null;12.1;62.2;2.1;2.5;0.2;7.2;null;
4249897;Cook Italian Tricolor Fusilli 500g;£1.00;£0.20/100g;Pasta Tubes, Shells & Spirals;349;11.0;71.2;2.6;1.3;0.3;3.0;0.1;
4249899;Cook Italian Spirali 500g;£1.00;£0.20/100g;Pasta Tubes, Shells & Spirals;349;11.0;71.2;2.6;1.3;0.3;3.0;0.1;
4261867;Cook Italian Stelline Pasta 500g;£1.00;£2.00/kg;Pasta Tubes, Shells & Spirals;null;11.0;71.2;2.6;1.3;0.3;3.0;null;
4419339;Cook Italian Conchiglioni 500g;£1.00;£0.20/100g;Pasta Tubes, Shells & Spirals;null;11.0;71.2;2.6;1.3;0.3;3.0;null;
4261863;Cook Italian Orzo Pasta 500g;£1.00;£2.00/kg;Pasta Tubes, Shells & Spirals;null;11.0;71.2;2.6;1.3;0.3;3.0;null;
4249893;Cook Italian Farfalle 500g;£1.00;£0.20/100g;Pasta Tubes, Shells & Spirals;null;11.0;71.2;2.6;1.3;0.3;3.0;null;
4261865;Cook Italian Ditali Pasta 500g;£1.00;£2.00/kg;Pasta Tubes, Shells & Spirals;null;11.0;71.2;2.6;1.3;0.3;3.0;null;
4249911;Cook Italian Wholewheat Fusili 500g;£1.00;£0.20/100g;Pasta Tubes, Shells & Spirals;335;12.1;62.2;2.1;2.5;0.2;7.2;0.1;
4249895;Cook Italian Rigatoni 500g;£1.00;£0.20/100g;Pasta Tubes, Shells & Spirals;null;11.0;71.2;2.6;1.3;0.3;3.0;null;
4260252;Cook Italian Linguine 500g;£1.00;£2.00/kg;Pasta Tubes, Shells & Spirals;349;11.0;71.2;2.6;1.3;0.3;3.0;0.1;
4249915;Cook Italian Cannelloni 250g;£1.00;£0.40/100g;Pasta Tubes, Shells & Spirals;null;11.0;71.2;2.6;1.3;0.3;3.0;null;
1741635;ASDA Smartprice Pasta Shapes 500g;£0.29;£0.58/kg;Pasta Tubes, Shells & Spirals;null;4.6;29.6;0.4;0.7;0.1;1.7;null;
2513576;ASDA Fusilli Free From;£1.20;£0.24/100g;Pasta Tubes, Shells & Spirals;null;1.5;40.6;null;0.5;0.2;0.3;null;
21758;ASDA Chosen by You Conchiglie 500g;£0.50;£1.00/kg;Pasta Tubes, Shells & Spirals;null;5.3;31.3;0.5;0.6;0.1;2.1;null;
3277979;Ankara Pasta Babuni Fusilli 400g;£0.40;£0.10/100g;Pasta Tubes, Shells & Spirals;null;null;null;null;null;null;null;null;
3277981;Artlex Artlex Pasta 400g;£0.58;£0.14/100g;Pasta Tubes, Shells & Spirals;null;10;75.8;null;1.6;null;null;null;
4781478;Biona Organic Spelt Wholegrain Fusilli 500g;£2.09;£4.18/kg;Pasta Tubes, Shells & Spirals;null;13;66;0.8;3.1;1.3;8.4;0.01;
3210048;De Cecco Linguine 500g;£1.55;£3.10/kg;Pasta Tubes, Shells & Spirals;null;13.0;73.0;null;1.5;null;null;null;
3898271;Dolmio My Pasta Shells;£1.20;£0.60/100g;Pasta Tubes, Shells & Spirals;null;5.9;26.0;1.0;1.4;0.3;null;0.02;
4256370;Heinz Gluten Free Macaroni pasta 500g;£1.80;£3.60/kg;Pasta Tubes, Shells & Spirals;354;4.8;76.5;0.4;2.3;0.5;4.1;0.1;
4256368;Heinz Gluten Free Penne 500g;£1.80;£3.60/kg;Pasta Tubes, Shells & Spirals;354;4.8;76.5;0.4;2.3;0.5;4.1;0.1;
8704;Kraft Cheesy Pasta Macaroni with Cheese Sauce 190g;£1.19;£6.26/kg;Pasta Tubes, Shells & Spirals;null;5.9;25.5;4.2;11;6.8;0.8;0.74;
4249907;Cook Italian Organic Wholewheat Lasagne 250g;£1.00;£0.40/100g;Pasta Sheets & Gnocchi;340;12.7;62.2;2.1;2.5;0.2;9.0;0;
1946930;Napolina Egg Pasta Lasagne Sheets 375g;£1.38;£3.68/kg;Pasta Sheets & Gnocchi;null;null;null;null;null;null;null;null;
4260254;Cook Italian Vermicelli 500g;£1.00;£2.00/kg;Pasta Sheets & Gnocchi;349;11.0;71.2;2.6;1.3;0.3;3.0;0.01;
3209886;Il Pastaio Potato Gnocchi 500g;£0.78;£1.56/kg;Pasta Sheets & Gnocchi;null;null;null;null;null;null;null;null;
58549;ASDA Smartprice Lasagne Sheets 250g;£0.32;£1.28/kg;Pasta Sheets & Gnocchi;null;5.3;31.3;0.5;0.6;0.1;2.1;null;
1057651;ASDA Lasagne 375g;£0.50;£1.33/kg;Pasta Sheets & Gnocchi;null;6.8;32.4;0.4;1.9;0.5;2.1;null;
3894296;ASDA Basmati Micro Rice 150g;£1.00;£0.33/100g;Microwaveable Rice;null;null;null;null;null;null;null;null;
3901641;ASDA Chosen by You Pilau Rice 150g;£1.00;£0.66/100g;Microwaveable Rice;null;2.7;24.9;0.3;1.1;0.6;0.2;null;
2751772;Gama Coarse Bulgar Wheat;£1.92;£0.19/100g;Microwaveable Rice;null;null;null;null;null;null;null;null;
1854307;Uncle Ben's Boil In The Bag Wholegrain Rice 500g;£2.80;£5.60/kg;Microwaveable Rice;null;3.9;34.7;0.2;1.1;0.2;null;0.01;
4297663;Uncle Ben's Brown Basmati Rice 250g;£0.98;£3.92/kg;Microwaveable Rice;null;3.9;30.3;0.0;2.4;0.2;null;0.20;
3204955;Uncle Ben's Classic Long Grain & Wild Rice 250g;£0.98;£3.92/kg;Microwaveable Rice;null;3.2;30.6;0.3;1.3;0.1;null;0.18;
3387831;Uncle Ben's Express Basmati Rice 400g;£2.70;£6.75/kg;Microwaveable Rice;null;3.7;31.1;0.0;1.8;0.2;null;0.20;
574768;Uncle Ben's Long Grain Express Rice;£0.98;£3.92/kg;Microwaveable Rice;null;2.9;30.2;0.2;0.9;0.1;null;0.20;
3387829;Uncle Ben's Long Grain Rice 400g;£2.70;£6.75/kg;Microwaveable Rice;null;3.0;30.7;0.2;0.9;0.1;null;0.20;
662300;Uncle Ben's Pilau Express Rice 250g;£0.98;£3.92/kg;Microwaveable Rice;null;3.6;30.8;0.5;3.4;0.4;null;0.43;
1690192;Uncle Ben's Wholegrain Rice 250g;£0.98;£3.92/kg;Microwaveable Rice;null;3.7;30.7;0.2;2.6;0.5;null;0.20;
4873695;Unlce Bens Special Wholegrain Pilau Rice 250g;£0.98;£3.92/kg;Microwaveable Rice;null;4.0;27.6;0.5;4.1;0.6;2.1;0.44;
2717734;Veetee Basmati & Wild Rice 280g;£1.00;£3.57/kg;Microwaveable Rice;126;3.1;25.7;0.4;1.5;0.2;null;0.4;
2295753;Veetee Dine In Basmati Rice 280g;£1.00;£3.57/kg;Microwaveable Rice;117;2.7;24.2;0.4;1.5;0.2;null;0.4;
2295759;Veetee Dine In Pilau Rice 280g;£1.00;£3.57/kg;Microwaveable Rice;126;2.9;25.5;0.4;1.6;0.2;null;0.4;
18803;ASDA Easy Cook Long Grain Brown Rice;£1.78;£1.78/kg;Long Grain Rice;116;2.9;21.2;0.2;1.1;0.2;4.7;null;
442109;ASDA Chosen by You Easy Cook Long Grain White Rice;£1.28;£1.28/kg;Long Grain Rice;116;2.5;25.2;0.1;0.3;0.1;1.2;0.1;
584367;ASDA Chosen By You Boil in the Bag Long Grain Rice;£1.74;£1.74/kg;Long Grain Rice;116;2.5;25.2;0.1;0.3;0.1;1.2;null;
662306;Uncle Ben's Boil in Bag Long Grain Rice 500g;£2.76;£5.52/kg;Long Grain Rice;null;3.2;33.7;0.2;0.5;0.0;null;0.00;
2883150;ASDA Chosen by You Easy Cook Long Grain White Rice;£4.78;£1.20/kg;Long Grain Rice;116;2.5;25.2;0.1;0.3;0.1;1.2;null;
18802;ASDA Chosen by You Easy Cook Long Grain White Rice;£2.48;£1.24/kg;Long Grain Rice;116;2.5;25.2;0.1;0.3;0.1;1.2;0.1;
584375;ASDA Chosen By You Boil in the Bag Long Grain Rice 500g;£0.98;£1.96/kg;Long Grain Rice;116;2.5;25.2;0.1;0.3;0.1;1.2;null;
203305;ASDA Chosen By You Long Grain Brown Rice;£1.49;£1.49/kg;Long Grain Rice;123;3.1;23.6;0.3;1.2;0.3;2.8;null;
18630;ASDA Chosen by You Easy Cook Long Grain White Rice 500g;£0.95;£1.90/kg;Long Grain Rice;null;2.5;25.2;0.1;0.3;0.1;1.2;0.1;
18627;ASDA Chosen By You Long Grain White Rice;£1.38;£1.38/kg;Long Grain Rice;114;2.6;24.2;null;0.3;0.1;1.9;null;
1028260;Uncle Ben's Long Grain Rice 500g;£1.98;£3.96/kg;Long Grain Rice;null;3.2;33.7;0.2;0.5;0.0;null;0.00;
2295755;Veetee Dine In Long Grain Rice 300g;£1.00;£3.33/kg;Long Grain Rice;120;2.3;25.8;0.4;1.1;0.1;null;0.5;
584370;ASDA Chosen By You Boil in the Bag Basmati Rice 500g;£1.19;£2.38/kg;Long Grain Rice;119;2.6;26.0;null;0.2;0.1;1.3;null;
662319;Uncle Ben's Long Grain Rice;£3.96;£3.96/kg;Long Grain Rice;null;3.2;33.7;0.2;0.5;0.0;null;0.00;
1028254;Uncle Ben's Boil in the Bag Long Grain Rice;£4.00;£4.00/kg;Long Grain Rice;null;3.2;33.7;0.2;0.5;0.0;null;0.00;
3579027;ASDA Chosen By You Boil in the Bag Long Grain Quick Cook White Rice 500g;£0.99;£1.98/kg;Long Grain Rice;117;3.1;24.3;null;0.5;0.1;1.6;null;
3651303;Tilda Easy Cook Long Grain White Rice 500g;£2.19;£4.38/kg;Long Grain Rice;null;null;null;null;null;null;null;null;
3651301;Tilda Long Grain Rice 500g;£2.19;£4.38/kg;Long Grain Rice;null;null;null;null;null;null;null;null;
4305114;Tilda Limmed Edition Samba Brazillian Rice;£0.98;£3.92/kg;Long Grain Rice;null;3.1;26.5;0.8;5.3;2.9;0.9;0.73;
4297645;Uncle Ben's Classic Wholegrain Rice 130g;£2.99;£7.67/kg;Long Grain Rice;null;3.7;30.7;0.2;2.6;0.5;null;0.20;
3387847;Uncle Ben's Long Grain Boil in the Bag 250g;£1.75;£7.00/kg;Long Grain Rice;null;3.2;33.7;0.2;0.5;0.0;null;0.00;
4297641;Uncle Ben's Classic Long Grain Rice 130g;£2.99;£7.67/kg;Long Grain Rice;null;2.9;30.2;0.2;0.9;0.1;null;0.20;
3928818;Tolly Boy Long Grain Rice;£6.00;£1.20/kg;Long Grain Rice;null;null;null;null;null;null;null;null;
923350;ASDA Chosen by You Organic Easy Cook Long Grain White Rice 500g;£1.28;£2.56/kg;Long Grain Rice;116;2.5;25.2;0.1;0.3;0.1;1.2;null;
4297647;Uncle Ben's Classic Pilau Rice 130g;£2.99;£7.67/kg;Long Grain Rice;null;3.5;29.6;0.5;3.4;0.4;null;0.43;
4623983;Uncle Ben's Classic Long Grain Rice with Egg;£0.98;£3.92/kg;Long Grain Rice;null;3.7;28.8;0.6;2.6;0.4;null;0.43;
443428;ASDA Smartprice Long Grain Rice;£0.40;£0.40/kg;Long Grain Rice;118;2.6;25.7;null;0.3;0.1;1.2;null;
4907268;Amira Superior Aromatic Rice;£4.29;£4.29/kg;Long Grain Rice;null;8.5;78.5;0.0;0.5;0.0;2.0;null;
4918200;Unlce Ben's Wholegrain Rice 500g;£1.98;£3.96/kg;Long Grain Rice;null;3.9;34.7;0.2;1.1;0.2;null;0.01;
203289;ASDA Chosen by You Easy Cook Basmati White Rice;£1.48;£1.48/kg;Basmati Rice;122;2.8;26.4;0.1;0.3;0.1;1.3;null;
18631;ASDA Chosen By You White Basmati Rice;£1.68;£1.68/kg;Basmati Rice;119;2.6;26.0;null;0.2;0.1;1.3;null;
203284;ASDA Chosen By You White Basmati Rice;£2.98;£1.49/kg;Basmati Rice;119;2.6;26.0;0.1;0.2;0.1;1.3;null;
2607311;ASDA Chosen By You Brown Basmati Rice;£1.78;£1.78/kg;Basmati Rice;118;3.6;21.0;0.3;1.3;0.3;3.9;null;
2265444;Tilda Pure Basmati Rice;£0.98;£3.92/kg;Basmati Rice;null;3.6;35.2;0.1;2.4;0.6;0.9;0.23;
485831;ASDA Chosen By You White Basmati Rice;£5.48;£1.37/kg;Basmati Rice;111;2.6;23.9;null;0.2;0.1;1.4;null;
86280;ASDA Chosen By You White Basmati Rice 500g;£1.08;£2.16/kg;Basmati Rice;null;2.6;23.9;null;0.2;0.1;1.4;null;
2265450;Tilda Brown Basmati Whiolegrain Rice;£0.98;£3.92/kg;Basmati Rice;null;3.5;29.1;0.3;2.6;0.6;2.1;0.23;
3206583;Tilda Pure Basmati Rice;£4.39;£4.39/kg;Basmati Rice;null;7.8;77.7;0.5;0.8;0.2;1.0;0.01;
3727155;Kohinoor Super Basmati Rice;£13.98;£1.40/kg;Basmati Rice;null;9.4;76.6;0.2;1.2;0.26;0.5;0;
3387787;Tilda Wholegrain Pilau Rice;£0.98;£3.92/kg;Basmati Rice;null;3.9;30.6;0.4;3.8;0.5;2.4;0.56;
444106;Tilda Pure Basmati Rice;£16.00;£1.60/kg;Basmati Rice;null;7.8;77.7;0.5;0.8;0.2;1.0;0.01;
2265452;Tilda Pilau Rice;£0.98;£3.92/kg;Basmati Rice;null;3.4;29.0;0.4;3.0;0.4;1.6;0.56;
2295692;Badshah Basmati Rice;£5.00;£1.00/kg;Basmati Rice;null;8.6;78.4;0.1;0.9;0.3;1.5;null;
561218;Badshah Superior Aged Basmati Rice;£16.50;£1.65/kg;Basmati Rice;null;8.6;78.4;0.1;0.9;0.3;1.5;null;
3911722;ASDA Chosen By You Easy Cook Basmati & Wild Rice;£2.87;£2.87/kg;Basmati Rice;113;3.2;23.5;0.1;0.3;0.1;1.6;null;
3206593;Tilda Pure Basmati Rice 500g;£2.55;£5.10/kg;Basmati Rice;null;7.8;77.7;0.5;0.8;0.2;1.0;0.01;
3391568;Akash Basmati Rice;£8.00;£1.60/kg;Basmati Rice;null;7.3;78.6;0.5;0.6;0.2;0.9;null;
2265448;Tilda Egg Fried Basmati Rice;£0.98;£3.92/kg;Basmati Rice;null;2.9;24.9;0.5;3.4;0.6;1.3;0.56;
2265456;Tilda Mushroom Basmati Rice;£0.98;£3.92/kg;Basmati Rice;null;3.1;28.1;0.9;3.4;0.6;1.9;0.56;
2304460;Laila Basmati Rice;£8.00;£1.60/kg;Basmati Rice;null;null;null;null;null;null;null;null;
1624586;Tilda Brown Basmati Rice 500g;£2.65;£5.30/kg;Basmati Rice;null;8.6;71.2;1.1;2.8;0.6;3.4;0.01;
3927925;Laila Broken Basmati Rice;£5.50;£1.10/kg;Basmati Rice;null;8.9;77.0;null;1.6;null;null;null;
2607309;ASDA Organic White Basmati Rice 500g;£1.88;£3.76/kg;Basmati Rice;null;2.6;26.0;null;0.2;0.1;1.3;null;
865721;Tilda Wild Basmati Rice 500g;£3.78;£7.56/kg;Basmati Rice;null;null;null;null;null;null;null;null;
662299;Uncle Ben's Basmati Express Rice;£0.98;£3.92/kg;Basmati Rice;null;3.3;30.9;0.0;1.6;0.2;null;0.18;
3891773;Uncle Ben's Basmati Rice;£4.64;£4.64/kg;Basmati Rice;null;3.5;29.2;0.0;0.4;0.1;null;0.02;
3891771;Uncle Ben's Basmati Rice 500g;£2.46;£4.92/kg;Basmati Rice;null;3.5;29.2;0.0;0.4;0.1;null;0.02;
3387845;Uncle Ben's Basmati Rice Boil in the Bag 500g;£3.24;£6.48/kg;Basmati Rice;null;3.5;29.2;0.2;0.4;0.1;null;0.02;
4297643;Uncle Ben's Classic Basmati Rice 130g;£2.99;£7.67/kg;Basmati Rice;null;3.3;30.9;0.0;1.6;0.2;null;0.18;
3224714;Trophy Basmati Rice;£9.00;£1.80/kg;Basmati Rice;null;9.4;76.6;0.2;1.2;0.26;0.5;0;
4907270;Amira Pure Basmati Rice;£4.29;£4.29/kg;Basmati Rice;null;8.8;79.5;0.0;0.6;0.0;2.5;null;
3387783;Tilda Everyday Rice 750g;£2.29;£3.05/kg;Basmati Rice;null;7.2;78.1;0.5;0.7;0.2;1.0;0.01;
874949;Uncle Ben's Egg Fried Express Rice;£0.98;£3.92/kg;Flavoured Rice;null;4.0;29.3;0.8;3.3;0.5;null;0.45;
1168478;Uncle Ben's Golden Vegetable Rice;£0.98;£3.92/kg;Flavoured Rice;null;3.3;29.5;0.8;2.2;0.2;null;0.43;
1690200;Uncle Ben's Savoury Chicken Flavoured Rice;£0.98;£3.92/kg;Flavoured Rice;null;3.4;29.6;0.8;2.3;0.2;null;0.44;
1168404;Uncle Ben's Mexican Style Rice 250g;£0.98;£3.92/kg;Flavoured Rice;null;3.6;30.0;1.3;2.1;0.2;null;0.43;
2534906;Uncle Ben's Spicy Mexican Rice;£0.98;£3.92/kg;Flavoured Rice;null;4.0;29.0;2.5;3.6;0.6;null;0.43;
3387837;Uncle Ben's Mixed Pepper Rice 250g;£0.98;£3.92/kg;Flavoured Rice;null;3.4;29.8;1.8;1.9;0.2;null;0.45;
1690190;Uncle Ben's Special Fried Rice;£0.98;£3.92/kg;Flavoured Rice;null;4.3;27.4;0.7;3.1;0.5;null;0.53;
662297;Uncle Ben's Chinese Style Express Rice;£0.98;£3.92/kg;Flavoured Rice;null;3.6;30.6;1.0;3.0;0.3;null;0.43;
997990;Uncle Ben's Tomato & Basil Rice 250g;£0.98;£3.92/kg;Flavoured Rice;null;3.5;30.4;2.1;3.3;0.4;null;0.45;
2512428;Uncle Ben's Thai Sweet Chilli Rice;£0.98;£3.92/kg;Flavoured Rice;null;2.9;29.2;1.6;1.4;0.2;null;0.45;
1168477;Uncle Ben's Mushroom Rice 250g;£0.98;£3.92/kg;Flavoured Rice;null;3.5;31.0;0.4;1.8;0.2;null;0.45;
3387841;Uncle Ben's Wholegrain & Mediterranean Vegetable Rice 250g;£0.98;£3.92/kg;Flavoured Rice;null;4.1;27.3;1.9;4.6;1.0;null;0.44;
2265454;Tilda Lime & Corriander Basmati Rice;£0.98;£3.92/kg;Flavoured Rice;null;3.3;30.5;1.4;3.0;1.4;1.4;0.60;
945559;Uncle Ben's Veg Pilau Expess Rice 250g;£0.98;£3.92/kg;Flavoured Rice;null;3.7;30.3;0.8;3.2;0.4;null;0.45;
3917400;Uncle Ben's Mexican Bean Rice 250g;£0.98;£3.92/kg;Flavoured Rice;null;3.6;28.3;1.6;3.1;0.3;null;0.43;
1563980;Uncle Ben's Lemon & Rosemary Rice 250g;£0.98;£3.92/kg;Flavoured Rice;null;3.2;31.1;0.4;2.3;0.2;null;0.43;
3387785;Tilda Sweet Chilli & Lime Basmati Rice;£0.98;£3.92/kg;Flavoured Rice;null;3.0;31.0;1.4;2.4;0.4;1.3;0.69;
3917402;Uncle Ben's Vegetable Biryani Rice 250g;£0.98;£3.92/kg;Flavoured Rice;null;3.6;28.7;0.5;4.2;0.7;null;0.45;
3911724;ASDA Thai Jasmine Rice;£1.88;£1.88/kg;Flavoured Rice;null;2.5;24.2;null;0.3;0.1;1.7;null;
2295757;Veetee Thai Fragrant Sticky Rice 300g;£1.00;£3.33/kg;Flavoured Rice;153;3.0;33.2;0.4;1.2;0.2;null;0.4;
2883144;Veetee Dine In Basmati Rice and Mushroom 280g;£1.00;£3.57/kg;Flavoured Rice;121;3.1;24.8;0.5;1.4;0.2;null;0.9;
2265464;Tilda Chilli & Lemongrass Basmati Rice;£0.98;£3.92/kg;Flavoured Rice;null;3.3;27.5;0.5;6.3;3.8;1.3;0.53;
4338198;Veetee Spicy Mexican Style Rice 280g;£1.00;£3.57/kg;Flavoured Rice;135;3.4;25.9;2.1;2.4;0.3;null;0.7;
4338202;Veetee Golden Vegetable Rice 280g;£1.00;£3.57/kg;Flavoured Rice;135;2.9;25.7;2.2;2.5;0.4;null;1.4;
4297655;Uncle Ben's Spicy Egg Fried Rice;£0.98;£3.92/kg;Flavoured Rice;null;3.9;29.2;0.8;3.5;0.5;null;0.45;
4297661;Uncle Ben's Mexican Rice with Lime 250g;£0.98;£3.92/kg;Flavoured Rice;null;3.5;28.9;1.0;2.2;0.2;null;0.43;
4297659;Uncle Ben's Spicy Pilau Rice 250g;£0.98;£3.92/kg;Flavoured Rice;null;3.5;29.8;0.9;3.3;0.4;null;0.45;
3917345;Tilda Kids Sunshine Vegetable Rice;£0.75;£0.60/100g;Flavoured Rice;null;3.3;23.4;1.9;3.3;0.8;1.8;0.41;
3894280;ASDA Chosen by You Parmesan & Basil Micro Rice 250g;£0.78;£0.31/100g;Flavoured Rice;null;null;null;null;null;null;null;null;
2247142;Tilda Fragrant Jasmine Rice 500g;£2.48;£4.96/kg;Flavoured Rice;null;null;null;null;null;null;null;null;
3387833;Uncle Ben's Express Egg Fried Rice 400g;£2.70;£6.75/kg;Flavoured Rice;null;4.0;29.7;0.8;3.3;0.5;null;0.45;
3216240;Ainsley Harriott Mexican Rice;£0.50;£4.17/kg;Flavoured Rice;null;1.7;26.5;1.2;0.9;0.2;2.3;null;
4297657;Uncle Ben's Peshwari Rice 250g;£0.98;£3.92/kg;Flavoured Rice;null;3.0;33.6;5.5;3.3;1.7;null;0.43;
3216242;Ainsley Harriott Vegetable Rice;£0.50;£4.17/kg;Flavoured Rice;null;2.0;25.5;1.3;0.8;0.2;2.1;null;
3917347;Tilda Kids Sweet Vegetable & Wholegrain Rice;£0.75;£0.60/100g;Flavoured Rice;null;4.3;27.0;3.1;4.3;1.1;2.9;0.7;
2717740;Veetee Dine In Peri Peri Rice 280g;£1.00;£3.57/kg;Flavoured Rice;137;3.3;27.8;0.4;1.8;0.3;null;0.9;
3257883;Ainsley Harriott World Kitchen Szechuan Style Rice;£0.50;£4.17/kg;Flavoured Rice;null;2.1;24.4;3.6;0.8;0.2;2.6;null;
3395617;Thai Taste Thai Sticky Rice 454g;£2.23;£0.49/100g;Flavoured Rice;null;null;null;null;null;null;null;null;
3917353;Tilda Lemon Basmati Rice;£0.98;£0.39/100g;Flavoured Rice;null;4.1;37.5;0.6;2.3;0.3;0.8;0.44;
2883146;Veetee Dine In Vegetable Pilau Rice 280g;£1.00;£3.57/kg;Flavoured Rice;135;3.2;26.2;1.0;2.2;0.3;null;0.8;
3917349;Tilda Kids Mild & Sweet Curry Rice;£0.75;£0.60/100g;Flavoured Rice;null;2.8;28.6;1.3;6.0;3.4;2.4;0.35;
854588;Asda Smartprice Golden Vegetable Savoury Rice 120g;£0.25;£2.08/kg;Flavoured Rice;141;3.0;30.3;4.5;0.7;0.3;0.5;0.6;
4478370;Golden Wonder Oh So... Tasty Rice Chicken Flavour 110g;£0.50;£4.55/kg;Flavoured Rice;null;3.3;24.2;0.9;0.7;0.1;1.4;0.74;
4725758;Golden Wonder Oh So... Tasty Rice Chinese Style 110g;£0.50;£4.55/kg;Flavoured Rice;null;3.0;28.6;1.2;0.6;0.2;1.4;1.00;
4478372;Golden Wonder Oh So... Tasty Rice Golden Vegetable 110g;£0.50;£4.55/kg;Flavoured Rice;null;3.3;26.9;1.1;1.3;0.4;1.8;0.60;
4725756;Golden Wonder Oh So... Tasty Rice Mild Curry Flavour 110g;£0.50;£4.55/kg;Flavoured Rice;null;2.7;26.0;2.9;0.6;0.3;1.1;0.63;
4775691;Laila Jasmine Fragrant Rice;£7.00;£1.40/kg;Flavoured Rice;null;7.1;78.9;null;1.6;null;null;null;
4719903;Merchant Gourmet Grains, Red Rice and Quinoa Mix 250g;£1.99;£7.96/kg;Flavoured Rice;null;6.4;31.2;0.6;3.0;0.4;3.7;0.39;
4719905;Merchant Gourmet Red and White Quinoa 250g;£1.99;£7.96/kg;Flavoured Rice;null;6.1;30.7;1.6;6.1;0.8;3.9;0.7;
4791727;Royal Umbrella Thai Jasmine Rice;£1.50;£1,500.00/kg;Flavoured Rice;null;6.1;81.6;0;0;0;0;0;
5045033;Sharwoods Egg Fried Rice 380g;£0.98;£2.58/kg;Flavoured Rice;null;3.4;26.4;0.5;3.5;0.5;2.3;0.46;
5045031;Sharwoods Golden Vegetable Rice 380g;£0.98;£2.58/kg;Flavoured Rice;null;3.0;26.5;0.8;3.6;0.5;2.1;0.36;
5045029;Sharwoods Pilau Rice 380g;£0.98;£2.58/kg;Flavoured Rice;null;2.8;28.7;0.5;2.2;0.3;1.8;0.15;
4738509;Tilda Basmati Golden Vegetable Basmati Rice;£0.98;£3.92/kg;Flavoured Rice;null;2.8;28.3;1.3;3.9;0.5;1.0;0.54;
3917351;Tilda Coconut Basmati Rice;£0.98;£0.39/100g;Flavoured Rice;null;4.5;33.9;0.5;6.3;4.5;1.4;0.3;
2265458;Tilda Mexican Chilli Bean Basmati Rice;£0.98;£3.92/kg;Flavoured Rice;null;2.9;28.0;0.8;3.4;0.4;1.6;0.63;
2265462;Tilda Roasted Vegetable Wholegrain Rice;£0.98;£3.92/kg;Flavoured Rice;null;3.3;24.3;1.3;3.8;0.5;2.8;0.60;
3206589;Tilda Sundried Tomato Basmati Rice;£0.98;£3.92/kg;Flavoured Rice;null;2.9;27.0;0.9;3.8;0.5;0.9;0.56;
2265460;Tilda Vegetable Biryani Rice;£0.98;£3.92/kg;Flavoured Rice;null;3.3;27.4;0.6;3.5;0.5;2.0;0.56;
4873691;Unlce Bens Special Wholegrain Egg Fried Rice 250g;£0.98;£3.92/kg;Flavoured Rice;null;4.4;27.3;0.8;4.0;0.8;1.9;0.45;
2512422;Uncle Ben's Risotto Bacon & Mushroom 250g;£1.98;£7.92/kg;Risotto, Paella & Orzo Rice;null;4.7;30.8;0.5;4.4;1.4;null;0.61;
2512426;Uncle Ben's Tomato & Italian Herb Rice 250g;£1.98;£7.92/kg;Risotto, Paella & Orzo Rice;null;3.7;31.4;1.9;3.9;1.2;null;0.59;
2512424;Uncle Ben's Chicken & Mushroom Risotto 250g;£1.98;£7.92/kg;Risotto, Paella & Orzo Rice;null;4.6;32.6;0.5;3.1;0.6;null;0.61;
574225;ASDA Paella Rice 500g;£1.10;£2.20/kg;Risotto, Paella & Orzo Rice;null;7.3;75.9;0.2;0.9;0.2;1.8;null;
574231;ASDA Chosen by You Riscotto Carnaroli Rice 500g;£1.50;£3.00/kg;Risotto, Paella & Orzo Rice;null;7.1;75.8;0.2;1.0;0.2;1.8;null;
573710;ASDA Chosen By You Risotto Arborio Rice 500g;£1.10;£2.20/kg;Risotto, Paella & Orzo Rice;null;7.1;75.8;0.2;1.0;0.2;1.8;null;
3894282;ASDA Chosen by You Chicken & Mushroom Micro Risotto 250g;£0.78;£0.31/100g;Risotto, Paella & Orzo Rice;null;null;null;null;null;null;null;null;
2574804;Gallo Risotto Rice Arborio Gran Callo 500g;£2.29;£4.58/kg;Risotto, Paella & Orzo Rice;null;null;null;null;null;null;null;null;
559622;Gallo Carnaroli Risotto Rice 500g;£2.28;£4.56/kg;Risotto, Paella & Orzo Rice;null;null;null;null;null;null;null;null;
1800329;Vesta Paella 146g;£1.78;£12.19/kg;Risotto, Paella & Orzo Rice;null;4.1;24.9;1.2;1.6;0.8;1.7;0.75;
2304057;Mitsides Orzo 500g;£0.88;£1.76/kg;Risotto, Paella & Orzo Rice;null;2;0;null;4;null;null;null;
3268027;Amoy Straight to Wok Medium Noodles 300g;£0.89;£2.97/kg;Oriental Noodles;147;4.0;29.9;0.9;0.8;null;2.1;0.3;
1764082;Sharwood's Fine Egg Noodles;£0.98;£2.61/kg;Oriental Noodles;null;12.0;70.0;3.5;1.9;0.3;2.5;0.75;
3388389;Amoy Straight to Wok Rice Noodles;£0.89;£2.97/kg;Oriental Noodles;108;1.8;23.3;2.6;0.5;null;1.5;0.1;
3388391;Amoy Straight To Wok Singapore Curry Noodles 300g;£0.89;£2.97/kg;Oriental Noodles;156;4.9;28.4;0.5;2.0;0.3;2.5;0.2;
3268029;Amoy Straight to Wok Thick Udon Noodles 300g;£0.89;£2.97/kg;Oriental Noodles;127;4.9;25.7;0.5;null;null;2.1;0.3;
3388387;Amoy Straight to Wok Thread Fine Noodles 300g;£0.89;£2.97/kg;Oriental Noodles;154;5.4;30.8;1.7;0.6;null;1.8;0.2;
1764084;Sharwood's Medium Egg Noodles 750g;£2.78;£3.71/kg;Oriental Noodles;null;12.0;70.0;3.5;1.9;0.3;2.5;0.75;
3581550;Sharwood's Medium Chilli Egg Noodles 375g;£0.98;£2.61/kg;Oriental Noodles;null;11.3;68.7;3.5;1.7;0.4;3.9;0.96;
1764080;Sharwood's Medium Egg Noodles;£0.98;£2.61/kg;Oriental Noodles;null;12.0;70.0;3.5;1.9;0.3;2.5;0.75;
2885243;Sharwood's Soft Medium Noodles;£0.98;£3.27/kg;Oriental Noodles;null;5.1;28.5;0.9;1.2;0.1;2.9;0.25;
3397796;Sharwood's Thick Udon Noodles 300g;£0.98;£3.27/kg;Oriental Noodles;null;4.1;30.0;0.6;1.2;0.1;1.9;0.25;
2912646;Sharwood's Thai Red Curry Sauce 300g;£0.98;£3.27/kg;Oriental Noodles;null;4.9;27.6;0.8;1.5;0.1;2.8;0.25;
3397798;Sharwood's Fine Soft Noodles 300g;£0.98;£3.27/kg;Oriental Noodles;null;4.7;26.1;0.6;1.0;0.1;2.0;0.18;
3917385;Blue Dragon Fine Egg Noodles;£0.68;£6.80/kg;Oriental Noodles;317;10.1;62.3;0.9;2.4;0.8;3.1;1.00;
3917379;Blue Dragon Fine Egg Noodles 300g;£0.98;£3.27/kg;Oriental Noodles;317;10.1;62.3;0.9;2.4;0.8;3.1;1.00;
21870;Blue Dragon Organic Egg Noodles 250g;£1.28;£5.12/kg;Oriental Noodles;null;12.0;70.0;3.5;1.9;0.3;2.5;1.5;
3917377;Blue Dragon Medium Egg Noodles 300g;£0.98;£3.27/kg;Oriental Noodles;317;10.1;62.3;0.9;2.4;0.8;3.1;1.00;
3917381;Blue Dragon Wholewheat Noodles 300g;£0.98;£3.27/kg;Oriental Noodles;null;null;null;null;null;null;null;null;
3917383;Blue Dragon Medium Egg Noodles;£0.68;£6.80/kg;Oriental Noodles;317;10.1;62.3;0.9;2.4;0.8;3.1;1.00;
514453;ASDA Chosen by You Egg Noodles 250g;£1.22;£4.88/kg;Oriental Noodles;350;12.0;69.8;3.5;2.0;0.2;2.5;null;
1469386;ASDA Chosen by You Medium Egg Noodles 500g;£1.86;£3.72/kg;Oriental Noodles;350;12.0;69.8;3.5;2.0;0.2;2.5;null;
3923369;ASDA Chosen by You Udon Noodles 250g;£1.48;£5.92/kg;Oriental Noodles;111;4.0;21.9;0.4;0.4;0.2;1.7;null;
4791713;Mama Noodle Mi Goreng;£0.49;£6.12/kg;Oriental Noodles;null;4;30.7;1.8;8;4;1.7;2.3;
3395619;Thai Taste Rice Noodles Gueyteow 454g;£2.23;£4.91/kg;Oriental Noodles;null;null;null;null;null;null;null;null;
2788875;Ainsley Harriott Spice Sensation Cous Cous 100g;£0.50;£5.00/kg;Cous Cous;null;5.1;25.4;3.4;1.1;0.2;2.7;null;
2788873;Ainsley Harriott Wickedly Wild Mushroom Cous Cous 100g;£0.50;£5.00/kg;Cous Cous;null;6.0;27.6;0.5;1.0;0.3;1.7;1.00;
2788877;Ainsley Harriott Tomato Tango Cous Cous 100g;£0.50;£5.00/kg;Cous Cous;null;null;null;null;null;null;null;null;
3289224;Ainsley Harriott World Kitchen Chilli Cous Cous;£0.50;£5.00/kg;Cous Cous;null;3.9;29.4;3.1;1.3;0.4;1.9;null;
2788879;Ainsley Harriott Moroccan Medley Cous Cous 100g;£0.50;£5.00/kg;Cous Cous;null;5.4;25.4;2.6;1.5;0.3;2.2;null;
2788871;Ainsley Harriott Roasted Veg Cous Cous 100g;£0.50;£5.00/kg;Cous Cous;null;5.3;27.4;3.4;1.2;0.3;1.5;null;
944797;Asda Chosen By You Coriander & Lemon Cous Cous 110g;£0.62;£5.64/kg;Cous Cous;133;5.1;24.2;0.9;1.2;0.2;2.5;null;
3503323;Asda Chosen By You Mediterranean Style Giant Cous Cous 100g;£0.60;£6.00/kg;Cous Cous;107;3.5;20.6;2.0;0.8;0.4;1.5;null;
944800;ASDA Mediterranean Style Tomato Cous Cous 110g;£0.62;£5.64/kg;Cous Cous;135;4.8;24.7;2.7;1.4;0.3;2.1;null;
944803;Asda Chosen By You Spicy Vegetable Cous Cous 110g;£0.62;£5.64/kg;Cous Cous;132;4.9;24.1;0.4;1.2;0.2;2.6;null;
2267580;ASDA Cous Cous;£1.28;£1.28/kg;Cous Cous;null;6.6;29.6;1.0;0.9;0.1;2.5;null;
4249038;ASDA Gluten Free Cous Cous 375g;£2.00;£0.53/100g;Cous Cous;354;7.5;77.4;0.5;1.0;0.1;2.5;null;
2267578;Asda Chosen By You Cous Cous 500g;£0.65;£1.30/kg;Cous Cous;null;6.6;29.6;1.0;0.9;0.1;2.5;null;
2307100;Ferrero Medium Couscous;£2.87;£2.87/kg;Cous Cous;null;null;null;null;null;null;null;null;
4201212;Italfessco Polenta 500g;£0.74;£1.48/kg;Cous Cous;null;null;null;null;null;null;null;null;
3537044;Pot Noodle Beef & Tomato 90g;£3.85;£10.69/kg;Noodle Snacks;null;3.5;19;1.6;5.4;2.6;1.2;0.6;
3408332;Pot Noodle Chicken & Mushroom 90g;£3.85;£10.69/kg;Noodle Snacks;null;3.2;19;1.3;5.4;2.6;1.2;0.68;
3537048;Pot Noodle Original Curry 90g;£3.85;£10.69/kg;Noodle Snacks;null;2.8;21;2;5.4;2.6;1.2;0.48;
1929422;Pot Noodle King Chicken & Mushroom 114g;£1.32;£11.58/kg;Noodle Snacks;null;3.2;19;1.2;5.4;2.6;1.2;0.63;
1929406;Pot Noodle Chicken & Mushroom 90g;£1.00;£11.11/kg;Noodle Snacks;null;3.2;19;1.3;5.4;2.6;1.2;0.68;
1929426;Pot Noodle King Bombay Bad Boy 114g;£1.32;£11.58/kg;Noodle Snacks;null;3.2;20;0.9;5.5;2.6;1.3;0.4;
4284235;Pot Noodle Piri-Piri Chicken 90g;£1.00;£11.11/kg;Noodle Snacks;null;2.9;20;2.9;5.3;2.5;1.6;0.33;
3537046;Pot Noodle Chilli Beef 90g;£1.00;£11.11/kg;Noodle Snacks;null;3.5;19;1.2;5.4;2.7;1.2;0.53;
2347745;Pot Noodle King Beef & Tomato 114g;£1.32;£11.58/kg;Noodle Snacks;null;3.5;19;1.5;5.4;2.7;1.2;0.58;
1929424;Pot Noodle King Original Curry 114g;£1.32;£11.58/kg;Noodle Snacks;null;2.8;20;1.9;5.4;2.6;1.2;0.45;
4655065;Pot Noodle Brazilian BBQ Steak 90g;£1.00;£11.11/kg;Noodle Snacks;null;3.3;20;2.4;5.3;2.6;1.2;0.43;
1929408;Pot Noodle Sweet & Sour 90g;£1.00;£11.11/kg;Noodle Snacks;null;2.5;20;4.4;5.3;2.6;1.3;0.48;
1929402;Pot Noodle Original Curry 90g;£1.00;£11.11/kg;Noodle Snacks;null;2.8;21;2;5.4;2.6;1.2;0.48;
1929414;Pot Noodle Bombay Bad Boy 90g;£1.00;£11.11/kg;Noodle Snacks;null;3.2;20;0.9;5.5;2.6;1.3;0.4;
1929404;Pot Noodle Beef & Tomato 90g;£1.00;£11.11/kg;Noodle Snacks;null;3.5;19;1.6;5.4;2.6;1.2;0.6;
10948;Batchelors Super Noodles Chicken 100g;£0.50;£5.00/kg;Noodle Snacks;null;3.1;22.8;1.1;7.9;3.9;0.5;0.43;
10967;Batchelors Super Noodles BBQ Beef Flavour 100g;£0.50;£5.00/kg;Noodle Snacks;null;3.2;22.9;1.0;7.9;3.9;0.5;0.44;
957127;Mug Shots Noodle Snack Spicy Sweet 'n' Sour Flavour;£0.50;£0.74/100g;Noodle Snacks;95;2.1;19.6;5.0;0.6;0.2;1.2;null;
866596;ASDA Smartprice Instant Chicken Flavour Noodles 85g;£0.28;£3.29/kg;Noodle Snacks;null;3.4;17.5;0.4;5.6;2.7;3.6;null;
12774;Batchelors Super Noodles Mild Curry 100g;£0.50;£5.00/kg;Noodle Snacks;null;3.2;22.8;0.8;7.9;4.0;0.5;0.54;
957120;Mug Shots Noodles Chicken & Sweetcorn Flavour;£0.50;£0.92/100g;Noodle Snacks;101;2.7;21.0;0.9;0.5;0.2;1.0;0.65;
3265159;Pot Noodle Sticky Rib 90g;£1.00;£11.11/kg;Noodle Snacks;null;3;20;2.9;5.1;2.5;1.2;0.6;
17428;Batchelors Super Noodles Bacon Flavour 100g;£0.50;£5.00/kg;Noodle Snacks;null;3.2;22.8;1.2;7.9;3.9;0.5;0.44;
1929412;Pot Noodle Chinese Chow Mein 90g;£1.00;£11.11/kg;Noodle Snacks;null;3.2;19;1.5;5.3;2.6;1.4;0.63;
1369237;Batchelors Super Noodles Chicken & Herb Low Fat 85g;£0.50;£5.88/kg;Noodle Snacks;null;3.6;20.9;1.6;0.4;0.1;0.1;0.51;
18596;Batchelors Super Noodles Chinese Chow Mein 100g;£0.50;£5.00/kg;Noodle Snacks;null;3.1;23.2;1.5;7.9;3.9;0.4;0.43;
2715215;Mug Shots Thai Style Noodle;£0.50;£0.90/100g;Noodle Snacks;79;1.4;15.4;0.8;1.3;0.5;0.9;null;
4034305;Batchelors Deli Box Noodles Chicken Flavour 75g;;;Noodle Snacks;null;3.8;19.1;1.3;1.0;0.4;1.0;0.37;
2856892;Batchelors Super Noodles Low Fat Chilli Chicken 85g;£0.50;£5.88/kg;Noodle Snacks;null;3.5;21.1;1.8;0.4;0.1;0.1;0.51;
3292740;Golden Wonder The Nation's 'Normous Noodle Chicken & Mushroom Flavour;£0.70;£6.03/kg;Noodle Snacks;null;2.8;22.4;1.9;4.1;1.8;1.1;0.45;
866599;ASDA Chosen By You Instant Beef Flavour Noodles 85g;£0.28;£3.29/kg;Noodle Snacks;null;3.4;21.1;0.4;5.7;2.5;2.8;null;
4284805;Mug Shots Noodles BBQ Beef Flavour;£0.50;£0.89/100g;Noodle Snacks;82;2.7;16.8;1.4;0.2;0.1;0.9;0.45;
866600;ASDA Smartprice Instant Curry Flavour Noodles 85g;£0.28;£3.29/kg;Noodle Snacks;null;3.4;17.3;0.4;4.9;2.4;3.2;null;
188880;Micro Noodles Chicken 100g;£0.74;£7.40/kg;Noodle Snacks;177;4.7;21;1.5;7.7;3.8;1.4;1;
1062616;Batchelors Super Noodles Southern Fried Chicken 100g;£0.50;£5.00/kg;Noodle Snacks;null;3.2;23.0;1.4;7.9;4.0;0.5;0.43;
3292748;Golden Wonder The Nation's 'Normous Noodle Chip Shop Curry Flavour;£0.70;£6.25/kg;Noodle Snacks;null;2.5;19.4;3.2;4.8;2.1;1.5;0.35;
1337776;Batchelors Super Noodles Low Fat Sweet Thai Chilli Flavour 85g;£0.50;£5.88/kg;Noodle Snacks;null;11.5;74.3;7.7;1.5;0.5;0.3;1.43;
4034307;Batchelors Deli Box Noodles Mild Curry 75g;£0.50;£6.67/kg;Noodle Snacks;null;3.9;20.2;2.2;0.9;0.4;1.5;0.50;
4034311;Batchelors Deli Box Noodles Chow Mein 75g;£0.50;£6.67/kg;Noodle Snacks;null;4.0;20.9;1.5;0.9;0.1;0.9;0.40;
2831227;Asda Chosen By You Chicken & Mushroom Flavour Noodle Snack 93g;£0.62;£6.67/kg;Noodle Snacks;null;3.6;19.4;0.6;6.2;2.9;1.2;null;
4284801;Mug Shots Noodles Peri-Peri Flavour;£0.50;£0.89/100g;Noodle Snacks;86;2.9;17.2;2.2;0.3;0.1;1.4;0.50;
3808383;Mug Shots On The Go! Chicken & Sweetcorn Flavour Noodle Snack 54g;£1.09;£2.02/100g;Noodle Snacks;85;2.6;16.9;0.9;0.6;0.3;1.0;0.65;
3808381;Mug Shot On The Go Spicy Sweet & Sour Flavour Noodle Pot 67g;£1.09;£1.63/100g;Noodle Snacks;102;2.8;21.0;5.2;0.5;0.3;1.1;0.53;
3292744;Golden Wonder The Nation's 'Normous Noodle Beef & Tomato Flavour;£0.70;£6.03/kg;Noodle Snacks;null;2.8;21.3;1.9;4.4;1.9;1.4;0.40;
2831229;Asda Chosen By You Spicy Curry Flavour Noodle Snack 90g;£0.62;£6.89/kg;Noodle Snacks;null;3.5;19.4;1.0;5.5;2.0;1.4;null;
4034309;Batchelors Deli Box Noodles BBQ Beef Flavour 75g;£0.50;£6.67/kg;Noodle Snacks;null;4.0;20.6;2.2;2.2;0.9;1.0;0.40;
4291954;Batchelors Super Noodles Peppered Steak 100g;£0.50;£5.00/kg;Noodle Snacks;null;3.2;23.2;1.3;7.9;4.0;0.5;0.44;
2831231;Asda Chosen By You Beef & Tomato Flavour Noodle Snack 93g;£0.62;£6.67/kg;Noodle Snacks;null;3.6;20.4;0.9;5.6;2.3;1.8;null;
4291956;Batchelors Super Noodles Sizzling King Prawn 100g;£0.50;£5.00/kg;Noodle Snacks;null;3.1;22.9;1.5;7.9;4.0;0.4;0.42;
4291952;Batchelors Super Noodles Roast Beef & Onion 100g;£0.50;£5.00/kg;Noodle Snacks;null;3.2;23.2;1.3;7.9;4.0;0.4;0.44;
3292752;Golden Wonder The Nation's 'Normous Noodle Inferno Chilli Flavour;£0.70;£6.25/kg;Noodle Snacks;null;2.9;19.2;2.6;3.7;1.5;1.5;0.42;
2258779;Asda Chosen By You Ready in Minutes Chow Mein Flavour Noodle Break 56g;£0.75;£13.39/kg;Noodle Snacks;null;3.7;19.2;0.4;0.5;0.1;1.8;null;
4291950;Batchelors Chicken & Mushroom Noddles 100g;£0.50;£5.00/kg;Noodle Snacks;null;3.2;23.1;1.5;8.0;4.0;0.5;0.44;
3929678;Maggi Two Minute Chicken Noodles 77g;£0.37;£0.48/100g;Noodle Snacks;null;1.8;11.4;0.3;3.6;1.6;0.6;0.9;
3626573;Golden Wonder Special Edition The Nation's Normous Noodle Sweet & Spicy BBQ Flavour;£0.70;£6.09/kg;Noodle Snacks;null;3.0;19.7;3.3;4.0;1.6;1.6;0.72;
4025540;Asda Chosen By You Express Meals Chicken Satay Noodles 350g;£1.95;£5.57/kg;Noodle Snacks;null;7.7;21.5;4.7;7.6;3.2;2.1;null;
4182382;Indo Mie Halal Instant Chicken Noodles 70g;£0.35;£5.00/kg;Noodle Snacks;null;null;null;3.5;null;null;null;null;
2257410;ASDA Ready in Minutes Mash with Carrots & Swede Snackpot 50g;£0.75;£15.00/kg;Noodle Snacks;null;1.8;13.2;1.4;3.1;1.9;3.1;null;
4025542;Asda Chosen By You Express Meals Hoisin Duck Noodles 350g;£1.95;£5.57/kg;Noodle Snacks;null;15.0;31.1;10.6;1.8;0.4;1.9;null;
4344720;Ko-Lee Special Chicken Flavour 85g;£0.30;£3.53/kg;Noodle Snacks;null;null;null;null;null;null;null;null;
3613538;Uncle Bens Rice Time Sweet & Sour 300g;£1.98;£6.60/kg;Rice Snacks;null;1.9;25.8;6.2;0.4;0.0;0.7;0.19;
1701198;Batchelors Golden Super Rice 120g;£0.50;£4.17/kg;Rice Snacks;null;3.3;28.0;0.8;0.5;0.1;0.9;0.37;
1701192;Batchelors Chicken Savoury Rice 120g;£0.50;£4.17/kg;Rice Snacks;null;3.5;27.0;0.7;0.6;0.2;1.7;0.80;
1701196;Batchelors Savoury Rice Beef Flavour 120g;£0.50;£4.17/kg;Rice Snacks;null;3.2;26.6;1.7;0.8;0.2;1.2;0.59;
3945304;Uncle Bens Rice Time Korma 300g;£1.98;£6.60/kg;Rice Snacks;null;2.1;23.2;3.3;2.8;1.5;1.2;0.36;
3613542;Uncle Bens Rice Time Spicy Tikka Masala 300g;£1.98;£6.60/kg;Rice Snacks;null;2.1;21.9;2.1;1.6;0.4;0.9;0.47;
3613544;Uncle Bens Rice Time Medium Curry 300g;£1.98;£6.60/kg;Rice Snacks;null;2.2;22.8;2.3;1.9;0.6;1.1;0.54;
3988893;Uncle Bens Rice Time Sweet Thai Chilli 300g;£1.98;£6.60/kg;Rice Snacks;null;2.0;26.2;5.9;0.4;0.0;0.8;0.25;
1701194;Batchelors Super Rice Mild Curry 120g;£0.50;£4.17/kg;Rice Snacks;null;null;null;null;null;null;null;null;
4225647;Uncle Ben's Rice Time Chilli Con Carne 300g;£1.98;£6.60/kg;Rice Snacks;null;3.3;22.4;1.9;0.7;0.1;1.2;0.45;
3613536;Uncle Bens Rice Time Mexican Chilli 300g;£1.98;£6.60/kg;Rice Snacks;null;2.5;23.3;2.6;0.5;0.0;1.4;0.43;
3613540;Uncle Bens Rice Time Cantonese 300g;£1.98;£6.60/kg;Rice Snacks;null;2.0;27.0;6.8;0.4;0.0;0.8;0.40;
2856896;Batchelors Mexican Savoury Rice 120g;£0.50;£4.17/kg;Rice Snacks;null;null;null;null;null;null;null;null;
3939757;Hunger Breaks Hot Pots Texas Beef Chilli & Rice 320g;£1.00;£3.12/kg;Rice Snacks;null;4.4;14.8;null;2.9;null;null;null;
4589822;John West Steam Pot Tuna Infusions with Chili & Garlic and Spicy Red Pepper Couscous 150g;£1.50;£1.00/100g;Rice Snacks;null;9.5;17.0;0.8;3.7;0.5;null;1.0;
3939755;Hunger Breaks Hot Pots Bombay Chicken Tikka & Rice 320g;£1.00;£3.12/kg;Rice Snacks;null;4.3;12.2;null;3.8;null;null;null;
4589824;John West Steam Pot Tuna Infusions with Basil and Sun-Dried Tomato Couscous 150g;£1.50;£1.00/100g;Rice Snacks;null;9.5;16.8;1.2;4.6;0.6;null;0.5;
4225645;Uncle Ben's Rice Time Hot Mexican Chilli 300g;£1.98;£6.60/kg;Rice Snacks;null;2.6;23.3;2.5;0.5;0.1;1.4;0.34;
1701200;Batchelors Super Rice Chinese Flavour 120g;£0.50;£4.17/kg;Rice Snacks;null;null;null;null;null;null;null;null;
2856898;Batchelors Thai Savoury Rice 120g;£0.50;£4.17/kg;Rice Snacks;null;null;null;null;null;null;null;null;
3939761;Hunger Breaks Hot Pots Chip Shop Chicken Curry & Rice 320g;£1.00;£3.12/kg;Rice Snacks;null;4.2;15.0;null;3.6;null;null;null;
4589818;John West Steam Pot Tuna Infusions with Soy & Ginger and Mushroom Couscous 150g;£1.50;£1.00/100g;Rice Snacks;null;9.8;18.0;2.0;3.5;0.5;null;0.5;
2856894;Batchelors Pilau Savoury Rice 120g;£0.50;£4.17/kg;Rice Snacks;null;null;null;null;null;null;null;null;
4589820;John West Steam Pot Tuna Infusions with Lemon & Thyme and Tomato & Black Olive Couscous 150g;£1.50;£1.00/100g;Rice Snacks;null;9.6;17.1;1.2;4.4;0.6;null;0.3;
4589826;John West Steam Pot Tuna Infusions with Coriander & Cumin and Lime & Coriander Couscous 150g;£1.50;£1.00/100g;Rice Snacks;null;9.5;17.2;1.5;4.4;0.6;null;0.5;
2257414;Asda Chosen by You Roast Vegetable Cous Cous Snack Pot 60g;£0.75;£12.50/kg;Rice Snacks;null;5.6;26.2;3.0;1.4;0.3;1.8;null;
2257412;Asda Chosen By You Ready in Minutes Moroccan Style Cous Cous Break 60g;£0.75;£12.50/kg;Rice Snacks;null;5.6;26.1;3.6;1.8;0.7;1.8;null;
1319614;Asda Chosen By You Chicken Paella Savoury Rice 105g;£0.58;£5.52/kg;Rice Snacks;164;3.0;24.6;2.8;5.6;3.3;1.8;null;
4296694;Uncle Bens Rice Time Green Thai Curry 285g;£1.98;£6.95/kg;Rice Snacks;null;2.2;22.2;1.0;1.4;0.7;0.9;0.49;
3939759;Hunger Breaks Hot Pots Tangy Sweet & Sour Chicken & Rice 320g;£1.00;£3.12/kg;Rice Snacks;null;4.3;20.9;null;1.9;null;null;null;
462618;Micro Noodles Curry 100g;£0.74;£7.40/kg;Rice Snacks;192;4;23;1;9;4.4;1.6;0.48;
4296696;Uncle Bens Rice Time Red Thai Curry 285g;£1.98;£6.95/kg;Rice Snacks;null;2.1;22.1;1.1;1.6;0.7;0.7;0.50;
3216244;Ainsley Harriott Vegetable Biryani Rice;£0.50;£4.17/kg;Rice Snacks;null;1.8;23.0;3.1;3.6;2.4;3.6;null;
864332;Asda Chosen By You Lemon Pepper Savoury Rice 105g;£0.58;£5.52/kg;Rice Snacks;141;2.3;27.2;1.7;2.1;0.7;1.8;null;
4025552;Asda Chosen By You Express Meals Chicken Paella 300g;£1.95;£6.50/kg;Rice Snacks;null;6.6;16.1;1.8;9.7;1.4;3.9;null;
4025560;Asda Chosen By You Express Meals Chilli Con Carne & Rice 300g;£1.95;£6.50/kg;Rice Snacks;null;5.2;9.7;3.5;7.1;2.3;3.6;null;
864335;Asda Chosen By You Thai Style Savoury Rice 105g;£0.58;£5.52/kg;Rice Snacks;145;2.3;29.7;1.4;1.5;0.7;1.9;null;
860759;ASDA Smartprice Curry Flavour Instant Noodles 65g;£0.20;£3.08/kg;Rice Snacks;108;2.6;14.7;0.5;4.1;2.0;1.0;0.4;
4938689;ASDA Good & Balanced Chilli & Lime Bulgar Wheat & Quinoa Snack Pot 70g;£0.98;£14.00/kg;Rice Snacks;null;4.6;23.0;3.9;1.5;0.4;3.4;0.5;
4938691;ASDA Good & Balanced Spiced Vegetable Bulgar Wheat & Quinoa Snack Pot 70g;£0.98;£14.00/kg;Rice Snacks;null;4.2;25.0;4.6;1.3;0.3;3.6;0.5;
4938685;ASDA Good & Balanced Spicy Masala Bulgar Wheat & Lentil Snack Pot 70g;£0.98;£14.00/kg;Rice Snacks;null;5.1;24.0;3.6;0.8;0.2;4.0;0.4;
4938687;ASDA Good & Balanced Spicy Moroccan Style Couscous & Lentil Snack Pot 70g;£0.98;£14.00/kg;Rice Snacks;null;4.6;20.0;5.6;1.6;0.4;2.8;0.5;
4938695;ASDA Good & Balanced Spicy Tomato & Vegetable Bulgar Wheat & Quinoa Snack Pot 70g;£0.98;£14.00/kg;Rice Snacks;null;4.1;23.0;3.9;1.4;0.3;3.7;0.5;
4938693;ASDA Good & Balanced Tomato & Basil Couscous & Quinoa Snack Pot 70g;£0.98;£14.00/kg;Rice Snacks;null;4.4;22.0;5.2;1.6;0.4;3.4;0.5;
4720134;Baxters Chicken & Quinoa 250g;£2.49;£9.96/kg;Rice Snacks;78;5.1;10.6;3.1;0.7;0.1;3.2;0.6;
4720130;Baxters Italian Style Sausage & Mixed Bean 250g;£2.49;£9.96/kg;Rice Snacks;82;4.1;9.7;4.6;2.2;0.7;2.9;0.6;
4720132;Baxters Malaysian Inspired Chicken Laksa 250g;£2.49;£9.96/kg;Rice Snacks;71;3.2;8.8;3.0;2.3;1.5;1.5;0.6;
4720136;Baxters Vegetarian Three Bean & Chipotle Pepper 250g;£2.49;£9.96/kg;Rice Snacks;72;3.8;10.9;3.9;0.4;0.1;3.2;0.6;
4720126;Fray Bentos Hunger Burster Chicken Curry & Rice 360g;£1.99;£5.53/kg;Rice Snacks;null;4.1;13.2;5.1;2.3;0.9;0.5;0.8;
4720128;Fray Bentos Hunger Burster Chilli Beef & Rice 360g;£1.99;£5.53/kg;Rice Snacks;null;5.0;13.8;5.0;2.3;0.8;1.9;0.7;
869384;Mug Shots Tomato & Herb Pasta Snack;£0.50;£0.78/100g;Pasta Snacks;103;2.3;21.6;2.8;0.8;0.4;1.2;null;
1701160;Batchelors Pasta 'n' Sauce Cheese, Leek & Ham 120g;£0.50;£4.17/kg;Pasta Snacks;null;5.5;22.6;2.6;2.3;1.2;0.8;0.39;
1701173;Batchelors Pasta 'n' Sauce Mild Cheese & Broccoli 123g;£0.50;£4.06/kg;Pasta Snacks;null;5.4;24.3;2.5;2.0;1.0;1.0;0.39;
2715217;Mug Shots Pasta Snack Roast Chicken Flavour;£0.50;£0.90/100g;Pasta Snacks;79;1.4;16.2;0.9;1.0;0.5;0.8;null;
1701202;Batchelors Pasta'n'Sauce Chicken & Mushroom 122g;£0.50;£4.10/kg;Pasta Snacks;null;4.4;21.8;2.2;1.0;0.4;0.7;0.38;
1701162;Batchelors Pasta ‘n’ Sauce Macaroni Cheese 108g;£0.50;£4.63/kg;Pasta Snacks;null;5.6;19.8;2.7;2.3;1.9;0.7;0.37;
869383;Mug Shots Pasta Snack Creamy Cheese;£0.50;£0.73/100g;Pasta Snacks;113;3.7;19.1;1.0;2.2;1.3;1.0;null;
3613526;Dolmio Pasta Vita Fusilli Bolognese 300g;£1.98;£6.60/kg;Pasta Snacks;null;4.8;15.6;2.6;1.4;0.3;1.1;0.40;
3613530;Dolmio Pasta Vita Tomato & Basil 300g;£1.98;£6.60/kg;Pasta Snacks;null;4.0;16.1;2.9;1.3;0.2;1.2;0.40;
3939753;Hunger Breaks Hot Pots Classic Beef Bolognese & Pasta 320g;£1.00;£3.12/kg;Pasta Snacks;null;4.1;14.5;null;2.8;null;null;null;
3129743;Mug Shots Pasta Minestrone Flavour;£0.50;£0.83/100g;Pasta Snacks;87;3.1;17.9;2.3;0.3;0.1;1.4;null;
3613528;Dolmio Pasta Vita Roasted Garlic & Tomato 300g;£1.98;£6.60/kg;Pasta Snacks;null;4.1;16.4;2.9;1.4;0.2;1.2;0.44;
2902261;Asda Chosen By You Pasta in Sauce Cheese & Broccoli 120g;£0.65;£5.42/kg;Pasta Snacks;null;null;null;null;null;null;null;null;
4225649;Dolmio Pasta Vita Carbonara 270g;£1.98;£7.33/kg;Pasta Snacks;null;4.3;16.2;1.3;3.6;1.8;0.8;0.49;
4520012;Mug Shots Macaroni Cheese Pasta Snack;£0.50;£0.73/100g;Pasta Snacks;103;4.2;18.0;1.8;1.3;0.8;1.1;0.64;
4034315;Batchelors Deli Box Pasta Cheese & Broccoli 75g;£0.50;£6.67/kg;Pasta Snacks;null;3.5;18.5;0.8;1.8;1.1;1.0;0.40;
1911415;Dolmio My Pasta Twists;£1.20;£6.00/kg;Pasta Snacks;null;6.9;24.7;0.9;1.5;0.4;null;0.05;
871917;ASDA Chosen By You Chicken & Mushroom Flavour Pasta Snackpot 61g;£0.75;£12.30/kg;Pasta Snacks;null;3.4;19.8;1.4;2.8;1.8;2.3;null;
2902263;Asda Chosen By You Pasta in Sauce Chicken & Garlic 120g;£0.65;£5.42/kg;Pasta Snacks;null;null;null;null;null;null;null;null;
2902269;Asda Chosen By You Pasta in Sauce Cheese & Ham 120g;£0.65;£5.42/kg;Pasta Snacks;null;null;null;null;null;null;null;null;
864123;ASDA Tomato & Herb Pasta Pot Snack 66g;£0.75;£11.36/kg;Pasta Snacks;null;3.8;23.4;4.2;0.7;0.3;2.0;null;
3808385;Mug Shots On the Go! Tomato & Herb Pasta Snack 64g;£1.09;£1.70/100g;Pasta Snacks;94;2.8;18.5;4.1;0.8;0.6;0.7;0.65;
2902267;Asda Chosen By You Pasta in Sauce Macaroni Cheese 120g;£0.65;£5.42/kg;Pasta Snacks;null;null;null;null;null;null;null;null;
4284803;Mug Shots Pasta Mediterranean Style;£0.50;£0.83/100g;Pasta Snacks;80;2.7;15.9;3.1;0.4;0.1;0.8;0.45;
3613532;Dolmio Pasta Vita Tomato & Chilli 300g;£1.98;£6.60/kg;Pasta Snacks;null;4.0;16.9;3.6;1.3;0.2;1.3;0.52;
4034317;Batchelors Tomato & Basil 75g;£0.50;£6.67/kg;Pasta Snacks;null;4.0;14.6;4.5;1.2;0.5;1.6;0.38;
3808387;Mug Shots On the Go! Creamy Cheese Pasta Snack 68g;£1.09;£1.60/100g;Pasta Snacks;114;3.3;20.8;1.5;2.0;1.1;0.5;0.58;
4034323;Batchelors Mushroom & Garlic 83g;£0.50;£6.02/kg;Pasta Snacks;null;4.5;17.5;2.9;1.8;0.8;2.2;0.33;
4225651;Dolmio Pasta Vita Creamy Mushroom 270g;£1.98;£7.33/kg;Pasta Snacks;null;3.9;16.2;1.3;3.1;1.6;0.9;0.41;
2902257;Asda Chosen By You Pasta Carbonara 120g;£0.65;£5.42/kg;Pasta Snacks;null;null;null;null;null;null;null;null;
4034319;Batchelors Tomato & Mediterranean Veg 89g;£0.50;£5.62/kg;Pasta Snacks;null;4.1;16.6;4.9;1.1;0.4;1.6;0.37;
2831241;Asda Smartprice Tomato & Onion Pasta & Sauce 110g;£0.20;£1.82/kg;Pasta Snacks;117;3.8;22.7;1.6;1.0;0.4;1.2;null;
2869135;Asda Smartprice Cheese & Broccoli Pasta & Sauce 110g;£0.37;£3.36/kg;Pasta Snacks;131;4.3;20.2;2.7;3.6;2.1;0.5;0.4;
4720124;Fray Bentos Hunger Burster Bolognese & Pasta 360g;£1.99;£5.53/kg;Pasta Snacks;null;4.2;10.4;4.0;1.8;0.6;1.6;0.6;
4720122;Fray Bentos Hunger Burster Meatballs & Pasta 360g;£1.99;£5.53/kg;Pasta Snacks;null;3.0;9.8;3.0;1.9;0.5;1.0;1.1;
4478376;Golden Wonder Chicken & Mushroom Flavour Pasta & Sauce 110g;£0.50;£4.55/kg;Pasta Snacks;null;5.2;25.5;2.2;1.0;0.4;1.5;0.72;
4725752;Golden Wonder Oh So... Tasty & Sauce Tomato 110g;£0.50;£4.55/kg;Pasta Snacks;null;5.4;26.2;7.2;1.0;0.4;1.8;1.12;
4478374;Golden Wonder Pasta & Sauce Cheese & Broccoli 110g;£0.50;£4.55/kg;Pasta Snacks;null;5.2;23.5;3.2;null;0.8;1.3;0.58;
3278166;Heinz Beanz 200g;£1.55;£2.58/kg;Baked Beans;78;4.7;12.5;4.7;0.2;null;3.7;0.6;
1842918;Branston Baked Beans 410g;£1.96;£0.12/100g;Baked Beans;null;null;null;null;null;null;null;null;
21897;ASDA Chosen By You Baked Beans 410g;£1.17;£0.71/kg;Baked Beans;null;5.0;14.0;4.1;0.5;0.1;4.6;null;
3707569;Heinz Beanz 415g;£3.85;£1.55/kg;Baked Beans;78;4.7;12.5;4.7;0.2;null;3.7;0.6;
549486;Heinz Beanz 415g;£1.96;£1.18/kg;Baked Beans;78;4.7;12.5;4.7;0.2;null;3.7;0.6;
3278168;Heinz Beanz Reduced Sugar and Salt 400g;£1.96;£1.22/kg;Baked Beans;null;4.6;10.7;3.4;0.2;null;3.6;0.4;
4533261;Branston Reduced Sugar Baked Beans;£3.00;£1.10/kg;Baked Beans;null;null;null;null;null;null;null;null;
4152502;Branston Baked Beans 410g;£0.98;£0.79/kg;Baked Beans;null;null;null;null;null;null;null;null;
465545;ASDA Chosen By You Reduced Sugar & Salt Baked Beans in Tomato Sauce 410g;£1.17;£0.71/kg;Baked Beans;null;4.4;10.9;2.5;0.4;0.1;4.5;0.3;
2397961;Heinz Beanz Snap Pods 200g;£2.10;£2.62/kg;Baked Beans;null;4.7;12.9;4.8;0.2;null;3.7;0.7;
3022414;Heinz Beanz Reduced Sugar and Salt Pods 200g;£2.40;£3.00/kg;Baked Beans;null;4.7;11.4;3.3;0.2;null;3.7;0.4;
4280991;Heinz Five Beanz pods 200g;£2.69;£3.36/kg;Baked Beans;null;5.0;14.1;4.7;0.2;0.1;4.4;0.6;
3217388;Heinz Baked Beans;£2.19;£2.19/kg;Baked Beans;79;4.6;13.0;4.9;0.2;null;3.6;0.6;
2461578;Heinz Organic Beanz 415g;£0.89;£2.14/kg;Baked Beans;null;4.8;12.9;5.1;0.2;null;3.8;0.6;
549443;Heinz Beanz 415g;£0.75;£1.81/kg;Baked Beans;null;4.7;12.9;5.0;0.2;null;3.7;0.6;
1527317;Heinz Beanz Reduced Sugar and Salt in a Rich Tomato Sauce 415g;£0.75;£1.81/kg;Baked Beans;null;4.6;10.7;3.2;0.2;null;3.6;0.4;
21896;ASDA Chosen By You Reduced Sugar & Salt Baked Beans in Tomato Sauce 410g;£0.32;£0.78/kg;Baked Beans;null;4.4;10.9;2.5;0.4;0.1;4.5;0.3;
21898;ASDA Chosen By You Baked Beans In Tomato Sauce 410g;£0.32;£0.78/kg;Baked Beans;null;5.0;14.0;4.1;0.5;0.1;4.6;0.5;
2837899;ASDA Chosen By You Baked Beans In Tomato Sauce 220g;£0.20;£0.90/kg;Baked Beans;null;5.0;14.0;4.1;0.5;0.1;4.6;null;
555755;Heinz Beanz 200g;£0.59;£2.95/kg;Baked Beans;null;4.7;12.9;5.0;0.2;null;3.7;0.6;
4086174;Branston Baked Beans 220g;£0.45;£2.05/kg;Baked Beans;null;null;null;null;null;null;null;null;
2019642;Heinz Beanz Reduced Sugar and Salt 200g;£0.59;£2.95/kg;Baked Beans;null;4.6;10.8;3.4;0.2;null;3.6;0.4;
8147;Heinz Beanz 150g;£0.49;£3.27/kg;Baked Beans;null;4.1;11.7;4.7;0.2;null;3.2;0.6;
2837901;ASDA Chosen By You Reduced Sugar & Salt Baked Beans in Tomato Sauce 220g;£0.25;£1.14/kg;Baked Beans;null;4.6;13.0;2.2;0.5;0.1;4.5;null;
4039429;Heinz BBQ Beanz 390g;£0.89;£2.28/kg;Baked Beans;null;4.9;14.6;6.9;0.2;null;3.8;0.6;
4039435;Heinz Beanz Cheddar Cheese 390g;£0.89;£2.28/kg;Baked Beans;null;5.2;12.5;4.6;0.7;0.3;3.7;0.5;
4039433;Heinz Beanz Fiery Chilli 390g;£0.89;£2.28/kg;Baked Beans;null;4.9;15.1;6.9;0.3;null;3.8;0.6;
4039431;Heinz Beanz Tomato with Garlic & Herb Soup 390g;£0.89;£2.28/kg;Baked Beans;null;4.8;12.8;4.8;0.2;null;3.8;0.6;
4039437;Heinz Beanz Curry 390g;£0.89;£2.28/kg;Baked Beans;null;4.8;17.0;8.8;1.6;0.1;4.0;0.6;
3998740;Heinz Five Beanz 415g;£0.89;£2.14/kg;Baked Beans;null;5.4;13.6;4.7;0.2;0.1;4.3;0.6;
4725867;Heinz Beanz Veg Chilli 390g;£1.29;£3.31/kg;Baked Beans;80;4.7;11.5;2.4;0.9;0.1;3.7;0.5;
4725865;Heinz Beanz Tuscan 390g;£1.29;£3.31/kg;Baked Beans;91;4.9;12.0;2.5;1.7;0.2;4.1;0.6;
4725869;Heinz Beanz Fajita 390g;£1.29;£3.31/kg;Baked Beans;79;4.0;11.7;1.8;0.8;0.1;4.5;0.5;
557843;Heinz Beanz with Pork Sausages 415g;£0.98;£2.36/kg;Baked Beans;null;5.0;11.4;4.1;2.5;1.0;2.8;0.7;
559284;Heinz Beans with Pork Sausage in a Rich Tomato Sauce 200g;£0.65;£3.25/kg;Baked Beans;null;5.3;11.3;4.0;2.6;1.0;2.9;0.7;
4086164;Hunger Breaks All Day Breakfast 395g;£1.58;£4.00/kg;Baked Beans;null;5.8;12.4;3.1;3.8;0.3;3.4;0.9;
4086160;Hunger Breaks The Big BBQ 395g;£1.58;£4.00/kg;Baked Beans;null;6.7;13.4;3.9;4.0;1.5;3.1;0.60;
4086162;Hunger Breaks The Full Monty 395g;£1.58;£4.00/kg;Baked Beans;null;6.7;12.4;2.6;3.5;0.3;3.5;0.8;
2837897;ASDA Chosen By You Baked Beans & Sausages In Tomato Sauce 215g;£0.49;£2.28/kg;Baked Beans;null;6.7;13.0;3.6;2.0;0.7;3.5;null;
1741702;ASDA Chosen By Kids Dinky Pork Sausages & Beans in Tomato Sauce 200g;£0.45;£2.25/kg;Baked Beans;null;6.0;12.4;2.1;3.8;1.3;3.8;0.2;
164325;ASDA Chosen By You Baked Beans & Sausages In Tomato Sauce 405g;£0.60;£1.48/kg;Baked Beans;null;6.7;13.0;3.6;2.0;0.7;3.5;0.5;
164187;ASDA Chosen By You Baked Beans & Jumbo Sausages In Tomato Sauce 405g;£0.74;£1.83/kg;Baked Beans;null;6.9;11.2;3.1;4.2;1.5;5.0;0.6;
2571685;ASDA Chosen By You Baked Beans & Veggie Sausages in Tomato Sauce 405g;£0.74;£1.83/kg;Baked Beans;null;7.4;12.5;3.4;1.9;0.2;8.4;0.5;
4086154;Branston Baked Beans in a Rich and Tasty Tomato Sauce 410g;£0.50;£1.22/kg;Baked Beans;null;null;null;null;null;null;null;null;
1842922;Branston Baked Beans With Sausages 405g;£0.87;£2.15/kg;Baked Beans;null;null;null;null;null;null;null;null;
4086166;Branston Baked Beans with Sausage 220g;£0.63;£2.86/kg;Baked Beans;null;null;null;null;null;null;null;null;
555759;Weight Watchers Baked Beans in Tomato Sauce 200g;£0.62;£3.10/kg;Baked Beans;73;4.7;11.3;3.5;0.2;null;3.7;0.6;
549475;Weight Watchers Baked Beans in Tomato Sauce 415g;£0.76;£1.83/kg;Baked Beans;71;4.5;11.1;3.5;0.2;null;3.6;0.6;
499163;ASDA Smartprice Baked Beans & Sausages In Tomato Sauce 405g;£0.39;£0.96/kg;Baked Beans;null;5.6;15.0;4.1;3.5;1.2;2.8;0.5;
188520;ASDA Smartprice Baked Beans in Tomato Sauce 410g;£0.24;£0.58/kg;Baked Beans;null;3.8;10.3;4.5;0.3;null;3.6;0.5;
1360017;Heinz Spaghetti 400g;£1.96;£1.22/kg;Pasta Dishes;60;1.7;12.6;3.7;0.2;null;0.5;0.3;
560664;Heinz Spaghetti 200g;£0.49;£2.45/kg;Pasta Dishes;62;1.7;13.0;3.6;0.2;null;0.5;0.3;
388203;ASDA Chosen By You Spaghetti in Tomato Sauce 395g;£1.30;£0.82/kg;Pasta Dishes;66;1.9;13.6;3.9;0.3;null;0.4;null;
4086156;Branston Spaghetti in Tomato Sauce;£0.50;£1.22/kg;Pasta Dishes;null;null;null;null;null;null;null;null;
164340;ASDA Chosen By You Spaghetti in Tomato Sauce 395g;£0.35;£0.88/kg;Pasta Dishes;null;1.9;13.6;3.9;0.3;null;0.4;0.6;
11110;ASDA Chosen By You Spaghetti in Tomato Sauce 215g;£0.30;£1.40/kg;Pasta Dishes;null;1.9;13.6;3.9;0.3;null;0.4;null;
2397963;Heinz Spaghetti Hoops Snack Pots 190g;£2.21;£2.91/kg;Pasta Dishes;62;null;null;null;null;null;null;null;
4498494;Heinz Spaghetti Hoops 205g;£1.39;£2.26/kg;Pasta Dishes;53;null;null;null;null;null;null;null;
8166;Heinz Spaghetti Hoops 400g;£0.69;£1.72/kg;Pasta Dishes;53;1.7;10.9;3.8;0.2;null;0.5;0.4;
561608;Heinz Spaghetti Hoops 205g;£0.49;£2.39/kg;Pasta Dishes;53;1.7;10.8;3.8;0.2;null;0.5;0.4;
164342;ASDA Chosen By You Spaghetti Loops in Tomato Sauce 395g;£0.35;£0.88/kg;Pasta Dishes;null;1.7;13.2;3.6;null;null;0.1;null;
11112;ASDA Chosen By You Spaghetti Loops 215g;£0.30;£1.40/kg;Pasta Dishes;null;1.7;13.2;3.6;null;null;0.1;0.5;
561789;Heinz Spaghetti Bolognese 400g;£0.98;£2.45/kg;Pasta Dishes;80;null;null;null;null;null;null;null;
8158;Heinz Spaghetti Bolognese 200g;£0.70;£3.50/kg;Pasta Dishes;84;null;null;null;null;null;null;null;
391733;ASDA Chosen By You Spaghetti Bolognese 395g;£0.62;£1.57/kg;Pasta Dishes;null;5.6;9.0;2.4;1.8;0.8;0.7;0.6;
14119;Heinz Spaghetti 400g;£0.69;£1.72/kg;Pasta Dishes;60;1.7;12.6;3.7;0.2;null;0.5;0.3;
2837342;Heinz Beef Ravioli 400g;£0.98;£2.45/kg;Pasta Dishes;74;null;null;null;null;null;null;null;
2837344;Heinz Beef Ravioli 200g;£0.70;£3.50/kg;Pasta Dishes;73;null;null;null;null;null;null;null;
4086176;Branston Beef Ravioli;£0.50;£1.27/kg;Pasta Dishes;null;2.1;14.3;4.1;1.4;0.6;1.0;0.63;
147816;ASDA Chosen By You Spaghetti Loops & Sausages in Tomato Sauce 395g;£0.68;£1.72/kg;Pasta Dishes;null;3.5;13.1;4.1;3.3;1.2;0.9;null;
4086180;Branston Spaghetti Bolognese;£0.50;£1.27/kg;Pasta Dishes;null;null;null;null;null;null;null;null;
4086178;Branston Cheese in a Rich and Tasty Cheese Sauce;£0.50;£1.27/kg;Pasta Dishes;null;null;null;null;null;null;null;null;
561788;Heinz Macaroni Cheese 400g;£0.98;£2.45/kg;Pasta Dishes;86;null;null;null;null;null;null;null;
18122;Heinz Spaghetti Plus Sausages 400g;£0.98;£2.45/kg;Pasta Dishes;84;null;null;null;null;null;null;null;
164357;ASDA Chosen By You Macaroni Cheese 395g;£0.62;£1.57/kg;Pasta Dishes;null;2.7;12.4;1.7;2.6;0.7;0.6;null;
1649761;ASDA Chosen By You Pasta Shells Bolognese 395g;£0.67;£1.70/kg;Pasta Dishes;null;4.1;10.3;1.8;1.9;0.8;0.8;null;
2902271;ASDA Chosen By You Pasta Chicken & Mushroom 120g;£0.65;£5.42/kg;Pasta Dishes;124;6.0;21.3;1.7;1.3;0.6;1.4;null;
133330;Heinz Macaroni Cheese 200g;£0.70;£3.50/kg;Pasta Dishes;88;null;null;null;null;null;null;null;
561817;Heinz Spaghetti Plus Sausages 200g;£0.70;£3.50/kg;Pasta Dishes;82;null;null;null;null;null;null;null;
3278164;Heinz Alphabetti 400g;£0.69;£1.72/kg;Pasta Dishes;59;null;null;null;null;null;null;null;
2261806;Heinz Alphabetti 200g;£0.49;£2.45/kg;Pasta Dishes;57;null;null;null;null;null;null;null;
192091;ASDA Chosen By You Macaroni Cheese in a Rich Creamy Sauce 220g;£0.45;£2.05/kg;Pasta Dishes;null;2.7;12.4;1.7;2.6;0.7;0.6;null;
11693;Weight Watchers Spaghetti in Tomato Sauce with Parsley 400g;£0.65;£1.62/kg;Pasta Dishes;50;1.8;10.0;1.2;0.2;null;0.5;0.4;
2566082;Heinz Bob The Builder Pasta Shapes in Tomato Sauce 205g;£0.55;£2.68/kg;Pasta Dishes;56;1.9;11.1;4.0;0.3;0.1;0.6;0.4;
3506815;Heinz Hello Kitty Pasta Shapes in Tomato Sauce 205g;£0.55;£2.68/kg;Pasta Dishes;55;1.8;11.0;4.0;0.3;0.1;0.6;0.4;
3627321;Heinz Peppa Pig Pasta Shapes in Tomato Sauce 205g;£0.55;£2.68/kg;Pasta Dishes;56;1.9;11.1;4.0;0.3;0.1;0.6;0.4;
3506813;Heinz Madagascar Pasta Shapes 205g;£0.55;£2.68/kg;Pasta Dishes;55;1.8;10.8;4.0;0.3;0.1;0.6;0.4;
3878616;Heinz Moshi Monsters Pasta Shapes in Tomato Sauce 205g;£0.55;£2.68/kg;Pasta Dishes;56;1.9;11.1;4.0;0.3;0.1;0.6;0.4;
2065807;Heinz Dora The Explorer Pasta Shapes in Tomato Sauce 205g;£0.55;£2.68/kg;Pasta Dishes;56;1.9;11.1;4.0;0.3;0.1;0.6;0.4;
555885;Heinz Thomas & Friends Pasta Shapes in Tomato Sauce 205g;£0.55;£2.68/kg;Pasta Dishes;58;1.9;11.4;4.0;0.3;0.1;0.6;0.4;
4108911;Crosse & Blackwell In the Night Garden 4Kids Whole-wheat Pasta Shapes in Tomato Sauce 213g;£0.45;£2.11/kg;Pasta Dishes;null;1.6;13.3;3.9;0.2;0.1;0.9;0.4;
5018749;Pasta Dishes Disney Planes Pasta Shapes in Tomato Sauce 213g;£0.45;£0.21/100g;Pasta Dishes;null;1.4;9.2;25;0.5;null;1.5;0.35;
4086194;Crosse & Blackwell 4 Kids Pasta Shapes in Tomato Sauce 213g;£0.45;£2.11/kg;Pasta Dishes;null;1.4;9.2;2.5;0.5;null;1.5;0.35;
4086172;Cross & Blackwell 4 Kids Scooby Doo Pasta Shapes in Tomato Sauce 213g;£0.45;£2.11/kg;Pasta Dishes;null;1.4;9.2;2.5;0.5;null;1.5;0.35;
4086158;Crosse & Blackwell 4 Kids Spongebob Squarepants Pasta Shapes in Tomato Sauce 213g;£0.45;£2.11/kg;Pasta Dishes;null;1.4;9.2;2.5;0.5;null;1.5;0.35;
4086196;Crosse & Blackwell 4 Kids Pasta Shapes in Tomato Sauce 213g;£0.45;£2.11/kg;Pasta Dishes;null;1.4;9.2;2.5;0.5;null;1.5;0.35;
3649489;Crosse & Blackwell Pasta Shapes in Tomato Sauce 213g;£0.45;£2.11/kg;Pasta Dishes;null;1.4;9.2;2.5;0.5;null;1.5;0.35;
4616789;ASDA Chosen By Kids Tuna Pasta & Veg in Tomato Sauce 200g;£0.68;£3.40/kg;Pasta Dishes;null;5.2;10.0;1.5;0.9;0.4;1.9;0.7;
4616791;ASDA Chosen By Kids Mild Chicken Curry with Brown Rice 200g;£0.68;£3.40/kg;Pasta Dishes;null;7.2;11.5;3.7;4.2;1.5;1.0;0.8;
1741698;ASDA Chosen By Kids Sweet & Sour Chicken Meatballs with Whole-wheat Spaghetti 200g;£0.68;£3.40/kg;Pasta Dishes;null;5.5;12.1;3.4;0.6;0.1;1.1;0.1;
2260388;ASDA Chosen By Kids Veggie Sausages & Whole-wheat Spaghetti in Tomato Sauce 200g;£0.68;£3.40/kg;Pasta Dishes;null;4.5;9.2;3.5;3.0;0.3;2.7;0.4;
1741700;ASDA Chosen By Kids Spelly Spaghetti in Tomato Sauce 200g;£0.45;£2.25/kg;Pasta Dishes;null;1.6;11.6;1.2;0.2;0.1;0.5;0.3;
1741692;ASDA Chosen By Kids Beef Ravioli in Tomato Sauce 200g;£0.45;£2.25/kg;Pasta Dishes;null;2.2;12.7;1.8;1.5;0.5;1.4;0.4;
1741694;ASDA Chosen By Kids Vegetable Ravioli in Tomato Sauce 200g;£0.45;£2.25/kg;Pasta Dishes;null;2.2;13.2;1.7;1.5;0.5;1.6;0.4;
4256378;Heinz Gluten Free Tomato Frito Pasta Sauce 210g;£0.75;£0.35/100g;Pasta Dishes;79;1.1;9.1;7.4;4.1;0.6;0.7;0.8;
3661837;ASDA Smartprice Macaroni Cheese 395g;£0.40;£1.01/kg;Pasta Dishes;null;2.5;12.1;2.2;1.5;0.7;0.6;0.6;
389563;ASDA Smartprice Ravioli 400g;£0.39;£0.97/kg;Pasta Dishes;null;2.7;14;2.3;0.9;0.4;1.3;null;
22747;ASDA Smartprice Spaghetti in Tomato Sauce 395g;£0.16;£0.40/kg;Pasta Dishes;null;1.5;13.6;5.3;0.2;null;0.9;0.3;
854797;ASDA Smartprice Spaghetti Loops in Tomato Sauce 395g;£0.16;£0.40/kg;Pasta Dishes;null;1.6;12.5;4.3;0.2;null;1.0;0.3;
3661839;ASDA Smartprice Spaghetti Bolognese 395g;£0.19;£0.48/kg;Pasta Dishes;null;2.9;10.0;3.3;1.1;0.4;1.0;0.7;
1526362;Heinz Classic Cream of Tomato Soup 400g;£0.95;£0.23/100g;Everyday Soups;null;0.9;6.7;5.0;3.0;0.2;0.4;0.6;
3406060;Heinz Reduced Salt Cream of Tomato Soup 400g;£0.95;£0.23/100g;Everyday Soups;null;0.9;6.7;4.9;3.0;0.2;0.4;0.5;
2019626;Heinz Cream of Tomato Soup with a Hint of Basil 400g;£0.95;£0.23/100g;Everyday Soups;null;0.9;6.8;5.0;3.0;0.2;0.4;0.6;
1526367;Heinz Classic Cream of Chicken Soup 400g;£0.95;£0.23/100g;Everyday Soups;null;1.5;4.7;1.2;2.9;0.5;0.1;0.6;
1526413;Heinz Classic Cream of Chicken & Mushroom Soup 400g;£0.95;£0.23/100g;Everyday Soups;null;1.6;4.5;1.5;2.8;0.4;0.1;0.7;
1775090;Heinz Classic Chicken Noodle Soup 400g;£0.95;£0.23/100g;Everyday Soups;null;1.2;6.0;1.1;0.3;0.1;0.2;0.7;
1526381;Heinz Classic Cream of Mushroom Soup 400g;£0.95;£0.23/100g;Everyday Soups;null;1.6;5.3;2.2;2.8;0.4;0.1;0.7;
1526404;Heinz Classic Vegetable Soup 400g;£0.95;£0.23/100g;Everyday Soups;null;1.1;8.3;3.2;0.8;0.1;0.9;0.7;
1775094;Heinz Classic Spring Vegetable Soup 400g;£0.95;£0.23/100g;Everyday Soups;null;0.8;6.8;1.4;0.4;0.1;0.8;0.6;
1526414;Heinz Classic Beef Broth 400g;£0.95;£0.23/100g;Everyday Soups;null;1.5;7.6;1.4;0.5;0.2;0.8;0.6;
3627307;Heinz Classic Carrot & Coriander Soup 400g;£0.95;£0.23/100g;Everyday Soups;null;0.4;5.8;4.1;1.6;0.2;0.9;0.6;
4441444;Heinz French Onion Soup 400g;£0.95;£0.23/100g;Everyday Soups;null;1.2;8.0;4.5;1.0;0.1;0.5;0.6;
1526411;Heinz Classic Minestrone Soup 400g;£0.95;£0.23/100g;Everyday Soups;null;1.0;6.2;1.8;0.2;null;0.8;0.6;
2310292;Heinz Classic Pea & Ham Soup 400g;£0.95;£0.23/100g;Everyday Soups;null;3.2;9.5;1.1;1.0;0.2;1.1;0.6;
4441440;Heinz Lentil & Bacon Soup 400g;£0.95;£0.23/100g;Everyday Soups;null;2.7;8.4;1.1;1.4;0.4;0.7;0.6;
1526401;Heinz Classic Lentil Soup 400g;£0.95;£0.23/100g;Everyday Soups;null;2.3;8.7;1.4;0.2;0.1;0.8;0.6;
1526398;Heinz Classic Mulligatawny Soup 400g;£0.95;£0.23/100g;Everyday Soups;null;1.9;7.6;4.1;1.8;0.3;0.5;0.6;
1526412;Heinz Classic Potato & Leek Soup 400g;£0.95;£0.23/100g;Everyday Soups;null;0.8;7.2;0.9;1.5;0.1;0.6;0.6;
4441442;Heinz Chicken and Sweetcorn Soup 400g;£0.95;£0.23/100g;Everyday Soups;null;2.0;6.3;1.6;2.9;0.5;0.2;0.6;
1527164;Heinz Classic Cream of Tomato Soup 400g;£3.40;£0.21/100g;Everyday Soups;null;0.9;6.7;5.0;3.0;0.2;0.4;0.6;
2156378;Heinz Classic Organic Cream of Tomato Soup 400g;£1.25;£0.31/100g;Everyday Soups;null;1.0;7.0;4.9;2.6;0.9;0.4;0.6;
1527031;Heinz Classic Cream of Tomato Soup 300g;£0.85;£0.28/100g;Everyday Soups;null;0.9;6.7;5.0;3.0;0.2;0.4;0.7;
1527014;Heinz Classic Cream of Chicken Soup 290g;£0.85;£0.29/100g;Everyday Soups;null;1.5;4.5;1.1;2.7;0.4;0.1;0.6;
1527133;Heinz Classic Vegetable Soup 300g;£0.85;£0.28/100g;Everyday Soups;null;1.1;8.1;3.2;0.7;0.1;0.9;0.6;
1526389;Heinz Classic Oxtail Soup 400g;£0.95;£0.23/100g;Everyday Soups;null;1.9;6.7;1.8;0.5;0.2;0.3;0.6;
1527027;Heinz Classic Oxtail Soup 290g;£0.85;£0.29/100g;Everyday Soups;null;1.9;7.0;2.0;0.5;0.2;0.3;0.6;
1526382;Heinz Classic Scotch Broth 400g;£0.95;£0.23/100g;Everyday Soups;null;1.4;6.7;0.6;0.6;0.3;0.7;0.6;
3650126;Batchelors Favourites Cream of Tomato 400g;£1.09;£0.27/100g;Everyday Soups;null;1.1;6.9;5.4;2.7;1.0;0.4;0.7;
3650140;Baxters Favourites Cream of Chicken 400g;£1.09;£0.27/100g;Everyday Soups;null;2.1;5.8;1.1;2.9;1.2;0.1;0.7;
3650120;Baxters Favourites Chicken Broth 400g;£1.09;£0.27/100g;Everyday Soups;null;1.7;5.9;1.3;0.3;0.1;1.0;0.6;
3650124;Baxters Favourites Lentil & Bacon 400g;£1.09;£0.27/100g;Everyday Soups;null;3.4;7.3;1.1;0.7;0.3;0.8;0.6;
3650118;Baxters Scotch Broth Soup 400g;£1.09;£0.27/100g;Everyday Soups;null;1.9;7.1;1.1;1.6;0.7;1.5;0.7;
3650122;Baxters Favourites Minestrone Soup 400g;£1.09;£0.27/100g;Everyday Soups;null;1.6;6.2;1.8;0.6;0.2;1.2;0.6;
3650132;Baxters Pea & Ham Soup 400g;£1.09;£0.27/100g;Everyday Soups;null;3.4;7.2;0.7;0.8;0.2;2.0;0.6;
3650130;Baxters Potato & Leek Soup 400g;£1.09;£0.27/100g;Everyday Soups;null;1.4;7.2;1.7;1.8;0.3;0.9;0.6;
3650116;Baxters Favourites Cock-A-Leekie 400g;£1.09;£0.27/100g;Everyday Soups;null;1.2;4.8;1.7;0.6;0.2;0.3;0.6;
3650154;Baxters Veggie Country Garden 400g;£1.09;£0.27/100g;Everyday Soups;null;1.0;6.3;2.1;0.6;0.3;0.9;0.6;
3650148;Baxters Veggie Carrot & Coriander 400g;£1.09;£0.27/100g;Everyday Soups;null;0.7;5.9;3.3;1.4;0.4;1.1;0.8;
4067487;Crosse & Blackwell Cream of Tomato Soup 400g;£0.79;£0.19/100g;Everyday Soups;null;0.9;7.4;5.9;2.5;0.2;0.8;0.5;
4067489;Crosse & Blackwell Cream of Chicken Soup 400g;£0.79;£0.19/100g;Everyday Soups;null;1.9;3.5;0.5;2.5;0.4;0.5;0.6;
4067491;Crosse & Blackwell Cream of Mushroom Soup 400g;£0.79;£0.19/100g;Everyday Soups;null;1.3;4.7;0.8;2.5;0.3;null;0.6;
4067493;Crosse & Blackwell Hearty Vegetable Soup 400g;£0.50;£0.12/100g;Everyday Soups;null;1.2;6.9;2.9;0.6;null;1.4;0.5;
3035051;Heinz Tomato & Basil Soup 295g;£0.89;£0.30/100g;Everyday Soups;26;0.6;4.4;4.1;0.6;0.1;0.5;0.5;
4086212;Batchelors Low Fat Mushroom Classic Soup;£0.50;£0.17/100g;Everyday Soups;null;0.9;5.6;0.1;1.9;0.1;0.1;1.20;
222963;ASDA Chosen By You Cream of Tomato Soup 400g;£0.45;£0.11/100g;Everyday Soups;null;1.2;6.3;4.8;3.4;0.3;null;0.5;
476905;ASDA Chosen By You Spicy Tomato Soup 400g;£0.45;£0.11/100g;Everyday Soups;null;2.7;9.0;2.4;0.7;null;1.1;null;
222952;ASDA Chosen By You Cream of Chicken Soup 400g;£0.45;£0.11/100g;Everyday Soups;null;2.0;2.5;0.7;2.6;0.6;0.3;null;
222970;ASDA Chosen By You Cream of Mushroom Soup 400g;£0.45;£0.11/100g;Everyday Soups;null;1.2;3.5;0.2;2.6;0.5;0.3;null;
476904;ASDA Chosen By You Chicken Noodle Soup 400g;£0.45;£0.11/100g;Everyday Soups;null;1.7;5.1;1.0;1.1;0.3;0.7;null;
1565529;ASDA Chosen By You Oxtail Soup 400g;£0.45;£0.11/100g;Everyday Soups;null;2.3;5.1;1.0;2.2;0.9;0.5;0.6;
230520;ASDA Chosen By You Pea & Ham Soup 400g;£0.45;£0.11/100g;Everyday Soups;null;2.1;6.5;null;0.6;0.1;0.9;null;
955890;ASDA Chosen By You Potato & Leek Soup 400g;£0.45;£0.11/100g;Everyday Soups;null;1.0;6.2;0.7;1.8;0.4;0.9;null;
476903;ASDA Chosen By You Lentil Soup with Carrots and Potatoes 400g;£0.45;£0.11/100g;Everyday Soups;null;2.5;8.8;0.8;0.3;0.1;0.7;0.5;
222950;ASDA Chosen By You Minestrone Soup 400g;£0.45;£0.11/100g;Everyday Soups;null;0.4;6.4;1.5;0.5;null;1.6;0.6;
222948;ASDA Chosen By You Mulligatawny Soup 400g;£0.45;£0.11/100g;Everyday Soups;null;2.7;6.6;1.4;0.7;0.2;0.1;null;
2006403;ASDA Chosen By You Thick Country Veg Soup 400g;£0.45;£0.11/100g;Everyday Soups;null;0.9;6.1;1.7;2.1;1.4;0.6;0.5;
222984;ASDA Chosen By You Vegetable Soup 400g;£0.45;£0.11/100g;Everyday Soups;null;1.1;7.4;2.3;0.7;0.1;1.5;null;
230511;ASDA Chosen By You Scotch Broth Soup 400g;£0.45;£0.11/100g;Everyday Soups;null;1.5;6.9;1.1;1.1;0.5;0.4;0.6;
22783;ASDA Smartprice Chicken Soup 400g;£0.24;£0.6/100g;Everyday Soups;null;0.9;3.0;0.7;1.8;0.9;0.3;0.5;
22781;ASDA Smartprice Tomato Soup 400g;£0.24;£0.6/100g;Everyday Soups;null;0.6;6.5;4.0;1.9;0.1;0.9;0.6;
4770011;Heinz Classic Cream of Tomato Cup Soup 84g;£1.19;£1.42/100g;Dried Soups;36;null;null;null;null;null;null;null;
3670969;Batchelors Cup a Soup Tomato;£1.19;£1.28/100g;Dried Soups;null;0.4;6.5;3.5;0.8;0.4;0.3;0.50;
994755;Batchelors Cup a Soup with Croutons Tomato & Vegetable 104g;£1.19;£1.14/100g;Dried Soups;null;1.1;7.1;2.8;1.0;0.5;0.6;0.50;
4770015;Heinz Classic Vegetable Cup Soup 78g;£1.19;£1.53/100g;Dried Soups;31;null;null;null;null;null;null;null;
4770013;Heinz Classic Cream of Chicken Cup Soup 69g;£1.19;£1.72/100g;Dried Soups;32;0.6;4.9;0.9;1.1;0.8;0.1;0.5;
994751;Batchelors Cup a Soup with Croutons Chicken & Vegetable 110g;£1.19;£1.08/100g;Dried Soups;null;0.5;6.6;1.1;2.4;1.4;0.6;0.55;
3670971;Batchelors Cup a Soup Chicken;£1.19;£1.47/100g;Dried Soups;null;0.6;4.5;0.8;2.1;1.3;0.2;0.53;
994759;Batchelors Cup a Soup Chicken Noodle 94g;£1.19;£1.27/100g;Dried Soups;null;1.4;6.6;0.8;0.5;0.1;0.2;0.53;
994757;Batchelors Cup a Soup with Croutons Cream of Mushroom 99g;£1.19;£1.20/100g;Dried Soups;null;0.4;5.9;1.0;2.5;1.4;0.2;0.58;
994758;Batchelors Cup a Soup with Croutons Minestrone 94g;£1.19;£1.27/100g;Dried Soups;null;0.7;6.5;1.9;0.7;0.3;0.5;0.20;
3670985;Batchelors Cup a Soup Beef & Tomato;£1.19;£1.35/100g;Dried Soups;null;0.5;6.4;1.6;0.7;0.4;0.2;0.53;
1753150;Batchelors Cup a Soup Potato & Leek 107g;£1.19;£1.11/100g;Dried Soups;null;0.8;6.0;1.5;1.7;1.0;0.8;0.53;
3670973;Batchelors Cup a Soup Chicken & Leek;£1.19;£1.38/100g;Dried Soups;null;0.4;5.1;1.1;1.6;0.9;0.4;0.55;
994750;Batchelors Cup a Soup with Croutons Cream of Vegetable 122g;£1.19;£0.99/100g;Dried Soups;null;0.7;6.6;1.4;2.5;1.3;1.0;0.48;
3670975;Batchelors Cup a Soup Golden Vegetable;£1.19;£1.45/100g;Dried Soups;null;0.4;5.5;1.3;0.9;0.5;0.5;0.55;
3670977;Batchelors Cup a Soup Oxtail;£1.19;£1.53/100g;Dried Soups;null;0.6;5.1;0.8;1.1;0.6;0.2;0.48;
1087960;Batchelors Cup a Soup with Croutons Cream of Asparagus 117g;£1.19;£1.02/100g;Dried Soups;null;0.4;7.0;1.5;2.5;1.5;0.6;0.55;
1087955;Batchelors Cup a Soup Rich & Creamy Broccoli & Cauliflower 101g;£1.19;£1.18/100g;Dried Soups;null;0.7;5.0;1.2;2.0;1.4;0.8;0.53;
3670981;Batchelors Slim a Soup Chicken & Leek;£1.19;£2.70/100g;Dried Soups;null;0.5;3.8;0.3;0.8;0.5;0.2;0.58;
4086214;Batchelors Low Fat Chicken Classic Soup;£0.50;£0.17/100g;Dried Soups;null;1.7;5.8;1.1;1.9;0.2;0.1;1.30;
994745;Batchelors Slim a Soup Minestrone 61g;£1.19;£1.95/100g;Dried Soups;null;0.8;4.9;1.8;0.6;0.3;0.6;0.58;
3670983;Batchelors Slim a Soup Golden Vegetable;£1.19;£2.33/100g;Dried Soups;null;0.7;4.3;0.6;0.7;0.5;0.4;0.45;
3670987;Batchelors Squeeze and Stir Chicken;£1.19;£2.38/100g;Dried Soups;null;1.1;3.8;0.2;0.8;0.4;0.2;0.53;
3278127;Knorr Instant Tomato Soup;£0.50;£2.50/100g;Dried Soups;null;1.0;7.0;null;0.6;null;null;null;
3654584;Knorr Chicken & Leek Dry Soup 60g;£0.50;£0.83/100g;Dried Soups;null;null;null;null;null;null;null;null;
3654590;Knorr Super Chicken Noodle Dry Soup 51g;£0.50;£0.98/100g;Dried Soups;null;null;null;null;null;null;null;null;
3654586;Knorr Thick Vegetable Dry Soup 75g;£0.50;£0.66/100g;Dried Soups;null;null;null;null;null;null;null;null;
1854275;Knorr Minestrone Soup 62g;£0.50;£0.80/100g;Dried Soups;null;null;null;null;null;null;null;null;
3654588;Knorr Spring Vegetable Dry Soup 48g;£0.50;£1.04/100g;Dried Soups;null;null;null;null;null;null;null;null;
3330017;Erin Farmhouse Vegetable Soup;£0.75;£0.59/100g;Dried Soups;null;11.6;57.6;14.1;8.9;3.9;6.4;null;
3330004;Erin Thick Chicken Soup;£0.75;£0.68/100g;Dried Soups;null;11.6;60.7;11.3;8.4;3.4;2.1;8.58;
3330015;Erin Oxtail Soup;£0.75;£0.76/100g;Dried Soups;null;10.3;50.7;7.7;7.4;2.0;9.5;null;
3330002;Erin Beef & Vegetable Soup Big Value Family Pack;£0.75;£0.65/100g;Dried Soups;null;8.8;57.0;12.2;6.3;1.4;7.6;10.48;
3278119;Knorr Beetroot Soup;£0.50;£4.17/100g;Dried Soups;null;0.3;5.0;null;0.4;null;null;null;
914785;ASDA Chosen By You Simmer Soup Creamy Chicken 54g;£0.34;£0.63/100g;Dried Soups;464;6.2;52.0;5.5;24.8;14.7;4.2;null;
1318066;ASDA Chosen By You Simmer Soup Oxtail 50g;£0.34;£0.68/100g;Dried Soups;353;8.7;62.9;10.6;6.5;3.8;4.0;null;
876447;ASDA Chosen By You Minestrone Soup with Croutons in a Mug 90g;£0.58;£0.64/100g;Dried Soups;376;7.4;70.4;7.3;5.9;2.9;5.8;null;
877714;ASDA Chosen By You Reduced Calorie Golden Vegetable Soup in a Mug 58g;£0.58;£1.00/100g;Dried Soups;25;0.5;4.4;1.0;0.5;0.3;0.2;null;
914048;ASDA Smartprice Chicken & Vegetable Instant Soup 88g;£0.32;£0.36/100g;Dried Soups;39;0.3;7.1;1.3;0.9;0.5;0.4;0.6;
58070;ASDA Smartprice Vegetable Instant Soup 68g;£0.20;£0.29/100g;Dried Soups;29;0.4;5.1;1.3;0.7;0.4;0.5;0.6;
4344432;Osem Kosher Tomato Soup 250g;£2.39;£0.95/100g;Dried Soups;null;null;null;null;null;null;null;null;
1526372;Heinz Big Soup Chicken & Veg 400g;£1.00;£0.25/100g;Chunky Soups;null;3.1;7.4;1.8;0.7;0.2;1.0;0.5;
1526378;Heinz Big Soup Chunky Veg 400g;£1.00;£0.25/100g;Chunky Soups;null;1.2;7.6;3.4;0.9;0.1;1.1;0.6;
1526336;Heinz Big Soup Beef & Veg 400g;£1.00;£0.25/100g;Chunky Soups;null;3.3;7.5;1.9;0.9;0.4;0.9;0.6;
3035033;Heinz Big Soup Minted Lamb Hotpot 400g;£1.00;£0.25/100g;Chunky Soups;null;2.7;8.3;2.5;1.3;0.5;1.0;0.6;
1526374;Heinz Big Soup Beef Broth 400g;£1.00;£0.25/100g;Chunky Soups;null;2.3;7.1;1.6;0.6;0.2;0.9;0.5;
4147756;Heinz Big Soup Angus Steak & Onion 500g;£1.59;£0.31/100g;Chunky Soups;52;3.3;7.2;2.3;0.9;0.3;1.0;0.5;
4147752;Heinz Big Soup Chicken & Leek 400g;£1.00;£0.25/100g;Chunky Soups;null;2.9;8.2;1.6;1.4;0.3;0.7;0.6;
4147758;Heinz Big Soup Angus Steak & Potato 500g;£1.59;£0.31/100g;Chunky Soups;49;3.1;7.0;2.1;0.8;0.3;0.4;0.6;
4147762;Heinz Big Soup Roast Chicken & Vegetable 500g;£1.59;£0.31/100g;Chunky Soups;null;3.3;7.2;1.4;1.2;0.2;0.8;0.6;
4147760;Heinz Big Soup Angus Steak & Veg 500g;£1.59;£0.31/100g;Chunky Soups;53;3.6;7.1;2.0;1.0;0.4;1.1;0.5;
3189171;ASDA Chosen By You Chunky Beef & Vegetable Soup 400g;£0.77;£0.19/100g;Chunky Soups;null;3.5;4.9;1.7;1.0;0.5;1.1;0.5;
3189169;ASDA Chosen By You Chunky Chicken & Vegetable Soup 400g;£0.77;£0.19/100g;Chunky Soups;null;2.8;5.4;0.9;0.7;0.1;1.5;0.5;
3189177;ASDA Chosen By You Chilli Beef Chunky Soup 400g;£0.77;£0.19/100g;Chunky Soups;null;4.2;5.7;1.9;1.0;0.4;2.4;0.6;
3189175;ASDA Chosen By You Chunky Minted Lamb Hotpot Soup 400g;£0.77;£0.19/100g;Chunky Soups;null;3.2;7.3;2.1;1.5;0.6;1.1;null;
3189173;ASDA Chosen By You Chunky Steak & Ale Soup 400g;£0.77;£0.19/100g;Chunky Soups;null;2.6;8.6;1.5;0.6;0.3;1.3;null;
4817835;Baxters Favourites Chicken & Vegetable 400g;£1.35;£0.33/100g;Chunky Soups;null;1.9;6.3;1.8;0.5;0.1;1.8;0.7;
4817833;Baxters Vegetarian Minestrone with Wholemeal Pasta 400g;£1.35;£0.33/100g;Chunky Soups;null;1.3;6.7;2.6;0.2;0.1;1.5;0.6;
4817831;Baxters Vegetarian Spicy Tomato & Rice with Sweetcorn 400g;£1.00;£0.25/100g;Chunky Soups;null;1.8;9.4;4.1;0.3;0.1;0.9;0.6;
914106;ASDA Chosen By You Reduced Calorie Carrot & Coriander Soup 400g;£0.45;£0.11/100g;Healthy Soups;31;0.7;5.3;2.7;0.6;0.3;0.6;null;
3650150;Baxters Veggie Spicy Parsnip 400g;£1.09;£0.27/100g;Healthy Soups;null;1.2;5.9;2.9;2.5;1.0;1.7;0.8;
3406062;Heinz Reduced Salt Cream of Chicken Soup 400g;£0.95;£0.23/100g;Healthy Soups;null;1.7;4.9;1.2;3.0;0.5;0.1;0.5;
147781;Weight Watchers Tomato Soup 295g;£0.89;£0.30/100g;Healthy Soups;26;0.7;4.6;2.8;0.5;0.1;0.3;0.6;
3035045;Weight Watchers Chicken, Potato & Leek Soup 295g;£0.89;£0.30/100g;Healthy Soups;33;1.1;5.1;0.4;0.8;0.1;0.3;0.6;
2019634;Weight Watchers Hearty Vegetable Broth 295g;£0.89;£0.30/100g;Healthy Soups;46;2.0;8.2;1.6;0.2;0.1;1.4;0.5;
915833;Weight Watchers Country Vegetable Soup 295g;£0.89;£0.30/100g;Healthy Soups;33;1.2;5.9;1.0;0.2;0.1;1.0;0.6;
147072;Weight Watchers Heinz Carrot & Lentil Soup 295g;£0.89;£0.30/100g;Healthy Soups;29;1.3;5.5;1.6;0.1;0.1;0.7;0.6;
147362;Weight Watchers Chicken Soup 295g;£0.89;£0.30/100g;Healthy Soups;31;1.6;4.5;1.5;0.8;0.1;0.1;0.7;
4256390;Amy's Kitchen Organic Lentil Vegetable Soup 400g;£1.40;£0.35/100g;Healthy Soups;null;2.8;9.8;2.0;1.6;0.2;3.3;0.7;
5005392;ASDA Good & Counted Three Bean Soup 400g;£0.45;£0.11/100g;Healthy Soups;null;3.4;7.9;2.2;0.5;0.1;3.5;0.25;
4256392;Amy's Kitchen Organic Chunky Tomato Soup 400g;£1.40;£0.35/100g;Healthy Soups;null;1.2;8.6;5.7;1.4;0.8;1.2;null;
4256394;Amy's Kitchen Organic Cream of Mushroom Soup 400g;£1.40;£0.35/100g;Healthy Soups;null;1.0;5.0;0.5;2.5;1.5;0.5;0.7;
4256396;Amy's Kitchen Organic Hearty French Country Vegetable Soup 408g;£1.80;£0.44/100g;Healthy Soups;null;2.5;11;2.0;3.9;0.5;2.5;null;
4256398;Amy's Kitchen Organic Hearty Rustic Italian Vegetable Soup 397g;£1.80;£0.45/100g;Healthy Soups;null;2.0;9.1;2.0;3.0;0.5;2.0;0.7;
4256400;Amy's Kitchen Organic Hearty Spanish Rice & Red Bean Soup 416g;£1.80;£0.43/100g;Healthy Soups;null;2.4;12;1.4;1.2;0;2.4;null;
2257384;ASDA Chosen By You Thick and Creamy Roast Chicken Cup Soup 104g;£0.58;£0.55/100g;Condensed Soups;408;6.0;66.1;4.7;12.3;5.8;4.6;null;
4086204;Batchelors Chicken & White Wine Condensed Soup;£0.50;£0.17/100g;Condensed Soups;null;2.3;6.2;0.7;7.0;0.7;0.2;1.12;
4086218;Batchelors Classic Soup Vegetable;£0.50;£0.17/100g;Condensed Soups;null;1.6;14.3;4.0;1.6;0.1;0.9;1.08;
4086206;Batchelors Cream of Chicken Classic Soup;£0.50;£0.17/100g;Condensed Soups;null;2.1;7.0;0.6;6.2;0.5;0.1;1.28;
4086208;Batchelors Cream of Mushroom Classic Soup;£0.50;£0.17/100g;Condensed Soups;null;1.4;4.4;1.0;9.3;0.7;0.7;1.30;
4086210;Batchelors Cream of Tomato Classic Soup;£0.50;£0.17/100g;Condensed Soups;null;1.4;16.5;12.2;6.2;0.6;0.4;1.10;
4086216;Batchelors Low Fat Tomato Classic Soup;£0.50;£0.17/100g;Condensed Soups;null;1.5;17.8;11.8;1.5;0.1;0.4;1.08;
5023713;Heinz Squeeze & Stir Cream of Chicken Thick & Rich Instant Soup 70g;£0.59;£0.84/100g;Condensed Soups;null;1.0;4.4;0.7;2.6;1.5;0.1;0.6;
4811775;Heinz Carrot & Coriander Soup with Warming Moroccan Spices 400g;£1.19;£0.29/100g;Speciality Soups;49;0.5;6.7;4.2;1.9;0.2;1.2;0.6;
4441454;Heinz Cream of Chicken Soup with Aromatic Thai Spices 400g;£1.19;£0.29/100g;Speciality Soups;65;1.6;6.9;1.3;3.4;0.5;0.1;0.6;
4441456;Heinz Cream of Tomato Soup with Fiery Mexican Spices 400g;£1.19;£0.29/100g;Speciality Soups;61;1.0;7.1;5.3;3.0;0.2;0.5;0.6;
3810926;Heinz Cream of Tomato Soup with a Twist of Chilli 400g;£1.19;£0.29/100g;Speciality Soups;null;null;null;null;null;null;null;null;
3627301;Heinz Farmers' Market Inspirations Broccoli + Stilton Soup 400g;£1.00;£0.25/100g;Speciality Soups;50;1.6;3.4;1.5;3.1;1.8;1.2;0.6;
3627297;Heinz Farmers' Market Inspirations Chicken + Country Vegetable Soup 400g;£1.00;£0.25/100g;Speciality Soups;53;2.2;5.3;1.9;2.3;0.7;1.3;0.6;
3627295;Heinz Farmers' Market Inspirations Plum Tomato + Basil Soup with Crème Fraiche 400g;£1.00;£0.25/100g;Speciality Soups;52;0.8;6.3;4.9;2.5;0.1;0.5;0.5;
3627293;Heinz Farmers' Market Inspirations Seven Vegetable Soup 400g;£1.00;£0.25/100g;Speciality Soups;57;0.7;8.2;3.4;2.0;1.2;1.4;0.6;
4811781;Heinz Rich Beef Broth with Smokey Paprika 400g;£1.19;£0.29/100g;Speciality Soups;41;1.8;6.9;1.8;0.5;0.2;0.7;0.6;
3814056;Look What We Found Staffordshire Chicken Casserole 270g;£2.25;£8.33/kg;Speciality Soups;null;7.4;4.9;1.3;1.4;0.6;2.3;null;
3814054;Look What We Found Tees Valley Beef Casserole 270g;£2.25;£8.33/kg;Speciality Soups;null;9.2;7.0;1.4;1.2;0.7;0.7;null;
3626569;Naked Noodle Ramen Noodle Soup Chilli Beef Flavour;£1.19;£23.80/kg;Speciality Soups;87;2.3;12.7;1.1;2.8;1.5;1.1;null;
3626571;Naked Noodle Ramen Noodle Soup Thai Style Chicken Flavour;£1.19;£23.80/kg;Speciality Soups;87;2.3;11.8;1.1;3.2;1.7;0.9;0.53;
4257627;Natures Store Gluten Free Vegatable Soup 80g;£1.50;£1.88/100g;Speciality Soups;null;0.4;7.7;1.0;0.4;0.1;0.4;0.7;
2570128;ASDA Lightly Sea Salted Croutons 100g;£1.00;£1.00/100g;Croutons;null;12.9;69.7;5.3;9.3;1.0;4.3;null;
3888759;ASDA Oven Baked Chilli & Garlic Croutons 100g;£1.00;£1.00/100g;Croutons;null;13.7;66.5;4.3;10.2;1.0;5.3;null;
3888757;ASDA Oven Baked Sun-Dried Tomato & Basil Croutons 100g;£1.00;£1.00/100g;Croutons;null;13.5;65.7;4.3;10.6;1.1;5.4;null;
3888755;ASDA Chosen by You Oven Baked Black Olive Croutons 100g;£1.00;£1.00/100g;Croutons;null;13.1;65.9;3.6;11.7;1.1;5.3;null;
2570126;ASDA Extra Special Cracked Black Pepper Ciabatta Croutons 85g;£1.25;£1.47/100g;Croutons;441;14.1;63.2;1.7;14.6;2.2;4.5;null;
4809713;Heinz Soup Croutons Mixed Herb 40g;£0.35;£0.87/100g;Croutons;null;10.5;68.9;2.7;11.4;1.2;3.0;1.9;
3505405;ASDA Chosen By You Beef Madras 400g;£1.50;£3.75/kg;Hot Meats & Meals;null;9.5;3.5;1.4;6.9;2.1;3.4;0.8;
4073464;Ye Olde Oak Meatballs Classic Gravy 400g;£0.98;£2.45/kg;Hot Meats & Meals;null;4.7;10.1;2.5;4.0;null;0.4;null;
3505407;ASDA Chosen By You Chicken Jalfrezi 400g;£1.50;£3.75/kg;Hot Meats & Meals;null;11.6;2.0;0.8;3.5;0.4;3.2;0.6;
3278170;ASDA Chosen By You Chicken Vindaloo 400g;£1.50;£3.75/kg;Hot Meats & Meals;null;10.2;3.6;2.1;5.9;0.5;2.0;0.5;
3283863;ASDA Chosen By You Chicken Tikka Masala 400g;£1.50;£3.75/kg;Hot Meats & Meals;null;10.9;4.0;1.9;5.3;2.1;1.7;0.8;
4031373;ASDA Chosen By You Chicken Balti 400g;£1.50;£3.75/kg;Hot Meats & Meals;null;10.2;4.5;1.8;7.4;0.7;1.6;0.5;
3505413;ASDA Chosen By You Vegetable Curry 400g;£1.50;£3.75/kg;Hot Meats & Meals;null;2.4;10.8;2.0;3.1;0.3;3.1;0.6;
4046083;ASDA Chosen By You Lamb Bhuna 392g;£1.50;£3.83/kg;Hot Meats & Meals;83;7.4;5.4;2.2;3.3;1.5;1.1;null;
4046085;ASDA Chosen By You Keema Masala 392g;£1.50;£3.83/kg;Hot Meats & Meals;129;7.5;5.5;1.9;8.4;4.3;0.6;null;
4031371;ASDA Chosen By You Beef Rogan Josh 400g;£1.50;£3.75/kg;Hot Meats & Meals;107;7.5;4.7;3.1;6.1;1.0;1.7;null;
4031379;ASDA Chosen By You Chinese Chicken Curry 400g;£1.50;£3.75/kg;Hot Meats & Meals;null;11.4;5.5;1.3;3.2;0.4;2.0;0.5;
4044754;ASDA Chosen By You Sweet & Sour Chicken 400g;£1.50;£3.75/kg;Hot Meats & Meals;null;9.6;11.9;7.8;0.8;0.2;1.7;0.3;
4046087;Vesta Lamb Tagine 392g;£1.50;£3.83/kg;Hot Meats & Meals;93;9.2;10.3;4.9;1.5;0.6;0.9;null;
3271892;ASDA Chosen By You Mexican Style Chicken 400g;£1.50;£3.75/kg;Hot Meats & Meals;null;12.8;1.9;1.2;1.8;0.3;3.0;0.7;
3283865;ASDA Chosen By You Chunky Chicken in White Sauce 400g;£1.50;£3.75/kg;Hot Meats & Meals;null;13.3;1.7;0.3;6.5;3.2;2.2;0.7;
3505411;ASDA Chosen By You Irish Stew 400g;£1.50;£3.75/kg;Hot Meats & Meals;null;4.9;7.2;0.4;5.2;2.8;2.2;0.6;
3283861;ASDA Chosen By You Beef Stew 400g;£1.50;£3.75/kg;Hot Meats & Meals;null;7.7;5.7;1.6;2.7;1.2;2.0;null;
3271888;ASDA Chosen By You Minced Beef & Onions 400g;£1.50;£3.75/kg;Hot Meats & Meals;null;14.4;1.9;1.5;10.0;4.9;2.2;0.6;
4736442;ASDA Chosen By You Stewed Steak 392g;£2.38;£6.07/kg;Hot Meats & Meals;null;16.5;1.8;null;1.7;0.8;0.5;0.5;
3283867;ASDA Chosen By You Hotpot 400g;£1.50;£3.75/kg;Hot Meats & Meals;null;6.2;8.2;1.6;3.8;1.6;2.5;0.6;
4031367;ASDA Chosen By You Beef Bourguignon 400g;£1.50;£3.75/kg;Hot Meats & Meals;null;10.3;3.1;0.7;3.6;1.1;1.4;0.5;
3271894;ASDA Chosen By You Beef Bolognese 400g;£1.50;£3.75/kg;Hot Meats & Meals;null;6.4;4.3;2.6;7.9;2.5;2.1;0.6;
4455835;ASDA Chosen By Kids Chicken Stew 250g;£1.60;£6.40/kg;Hot Meats & Meals;61;7.4;6.0;1.2;0.5;0.2;1.2;0.5;
4455831;ASDA Chosen By Kids Beef Hot Pot 250g;£1.60;£6.40/kg;Hot Meats & Meals;76;6.7;6.6;1.6;2.2;1.0;1.7;0.5;
4455826;ASDA Chosen By Kids Beef Lasagne 250g;£1.60;£6.40/kg;Hot Meats & Meals;120;5.6;11.2;2.3;5.4;2.9;2.2;0.4;
4455829;ASDA Chosen By Kids Pasta with Beef Bolognese 250g;£1.60;£6.40/kg;Hot Meats & Meals;96;5.8;11.3;2.6;2.7;0.8;1.7;0.3;
4616793;ASDA Chosen By Kids Chicken Meatballs & Wholewheat Pasta in Tomato Sauce 200g;£0.68;£3.40/kg;Hot Meats & Meals;null;4.5;9.2;2.4;3.4;1.2;1.0;0.8;
4605794;ASDA Chosen By Kids Sweet & Sour Chicken with Noodles 200g;£0.68;£3.40/kg;Hot Meats & Meals;null;6.0;11.2;7.9;0.8;0.2;1.7;0.3;
3214079;Princes Hot Chicken Curry;£1.00;£2.50/kg;Hot Meats & Meals;null;10.5;5.1;1.7;3.2;0.4;null;0.58;
3214077;Princes Mild Chicken Curry;£1.00;£2.50/kg;Hot Meats & Meals;null;10.2;4.6;2.0;3.6;0.5;null;0.55;
879886;Princes Minced Beef with Onions in Gravy 392g;£1.58;£4.03/kg;Hot Meats & Meals;null;7.7;4.2;0.8;5.1;2.4;null;0.83;
3772058;Princes Stewed Steak 400g;£2.59;£6.48/kg;Hot Meats & Meals;null;14.6;3.8;0.8;5.5;2.8;null;0.73;
3214081;Princes Chicken in White Sauce;£1.00;£2.50/kg;Hot Meats & Meals;null;10.5;4.8;0.8;8.1;2.7;null;0.78;
3214073;Princes Irish Stew 400g;£1.60;£4.00/kg;Hot Meats & Meals;null;4.7;8.9;null;4.6;null;null;null;
4696273;Princes Beef Stew;£1.00;£2.50/kg;Hot Meats & Meals;null;6.3;7.4;1.3;2.0;0.9;null;0.73;
4073466;Ye Olde Oak Meatballs Classic Tomato 400g;£0.98;£2.45/kg;Hot Meats & Meals;null;4.9;11.5;5.9;4.9;null;0.6;null;
4073468;Ye Olde Oak Meatballs Classic Bolognese 400g;£0.98;£2.45/kg;Hot Meats & Meals;null;4.6;11.3;5.5;3.3;null;0.8;null;
3620119;Stagg Garden Vegetable Chili 400g;£1.79;£4.48/kg;Hot Meats & Meals;null;null;null;null;null;null;null;null;
4740950;Pot Stuff Beef Stew & Dumplings 320g;£1.99;£6.22/kg;Hot Meats & Meals;69;4.7;9.9;0.6;0.7;0.3;2.2;0.6;
4740952;Pot Stuff Chilli & Wedges 320g;£1.99;£6.22/kg;Hot Meats & Meals;78;6.4;8.9;2.0;1.2;0.6;3.2;0.6;
4740954;Pot Stuff Bolognese Meatballs & Fusilli 320g;£1.99;£6.22/kg;Hot Meats & Meals;77;5.5;7.8;1.5;2.4;1.1;1.3;0.5;
3814054;Look What We Found Tees Valley Beef Casserole 270g;£2.25;£8.33/kg;Hot Meats & Meals;null;9.2;7.0;1.4;1.2;0.7;0.7;null;
3814056;Look What We Found Staffordshire Chicken Casserole 270g;£2.25;£8.33/kg;Hot Meats & Meals;null;7.4;4.9;1.3;1.4;0.6;2.3;null;
3814048;Look What We Found! Tees Valley Beef Meatballs 270g;£1.70;£6.30/kg;Hot Meats & Meals;null;9.3;7.8;4.0;3.8;1.7;2.7;null;
433206;Grants Premium Haggis 392g;£1.39;£3.55/kg;Hot Meats & Meals;null;null;null;null;null;null;null;null;
8748;Grants Haggis 220g;£1.00;£4.55/kg;Hot Meats & Meals;null;null;null;null;null;null;null;null;
4694510;Grants Black Pudding 286g;£1.30;£4.55/kg;Hot Meats & Meals;null;null;null;null;null;null;null;null;
21500;Grants Minced Beef & Peas 392g;£1.30;£3.32/kg;Hot Meats & Meals;null;null;null;null;null;null;null;null;
4357646;Fray Bentos Meatballs in Onion Gravy 380g;£0.89;£2.34/kg;Hot Meats & Meals;null;4.2;3.8;1.2;3.8;1.1;0.4;0.7;
4357648;Fray Bentos Meatballs in Bolognese Sauce 380g;£0.89;£2.34/kg;Hot Meats & Meals;null;4.8;10.5;2.8;3.8;1.1;0.4;1.3;
4357650;Fray Bentos Meatballs in Gravy 380g;£0.89;£2.34/kg;Hot Meats & Meals;null;4.5;8.9;0.3;3.8;1.1;0.2;1.3;
4357644;Fray Bentos Meatballs in Tomato Sauce 380g;£0.89;£2.34/kg;Hot Meats & Meals;null;4.8;10.3;2.4;3.8;1.1;0.4;1.3;
4466496;Princes Tomato & Chilli Tuna Pasta Bake 210g;£1.99;£0.94/100g;Hot Meats & Meals;null;7.5;9.1;3.2;4.9;0.4;2.7;0.68;
4404891;Kates Kitchen Stewed Steak in Gravy 392g;£1.40;£3.57/kg;Hot Meats & Meals;null;14.0;6.2;0.3;4.2;1.6;0.2;0.8;
4284704;Westlers Hamburgers in Onion Gravy 425g;£1.09;£2.56/kg;Hot Meats & Meals;null;4.7;10.4;2.2;5.5;1.8;0.5;0.6;
487996;ASDA Smartprice Irish Stew 392g;£0.48;£1.22/kg;Hot Meats & Meals;null;3.3;6.0;0.6;3.2;1.4;1.6;0.6;
487998;ASDA Smartprice Beef & Vegetable Curry 392g;£0.48;£1.22/kg;Hot Meats & Meals;null;3.6;9.2;2.6;1.0;0.4;1.5;0.6;
2260382;ASDA Smartprice Meatballs in Gravy 380g;£0.39;£1.03/kg;Hot Meats & Meals;null;4.9;5.0;0.1;4.6;1.3;0.7;0.6;
2260384;ASDA Smartprice Meatballs in Tomato Sauce 380g;£0.39;£1.03/kg;Hot Meats & Meals;null;5.4;8.8;4.0;4.0;0.7;0.6;0.6;
854870;ASDA Smartprice Minced Beef & Onions 392g;£0.55;£1.40/kg;Hot Meats & Meals;null;9.3;4.0;1.9;6.6;3.2;2.2;0.7;
4694847;Princes Tender Just Steak 213g;£1.49;£0.70/100g;Pies & Puddings;null;7.9;14.7;0.4;4.1;0.9;0.5;0.8;
4357642;Fray Bentos Chicken & Mushroom 475g;£2.49;£0.52/100g;Pies & Puddings;166;6.3;13.3;0.6;9.7;0.4;0.5;0.9;
3947915;Princes Minced Beef & Onion Pie 425g;£2.00;£0.47/100g;Pies & Puddings;null;5.1;17.5;null;7.8;null;null;null;
3947911;Princes Steak 'n' Kidney Pie 425g;£2.00;£0.47/100g;Pies & Puddings;null;9.0;16.0;null;8.6;null;null;null;
3947913;Princes Chicken 'n' Mushroom Pie 425g;£2.00;£0.47/100g;Pies & Puddings;null;6.4;16.7;null;8.1;null;null;null;
4696261;Princes Chicken Balti Pie 425g;£2.00;£0.47/100g;Pies & Puddings;null;6.2;13.9;2.2;6.2;2.4;1.9;0.60;
4427996;Fray Bentos Classic Steak & Kidney 213g;£1.48;£0.69/100g;Pies & Puddings;null;7.1;14.2;0.4;6.3;1.7;0.5;0.9;
4427994;Fray Bentos Just Chicken Pie 425g;£2.19;£0.51/100g;Pies & Puddings;null;5.9;13.4;0.5;7.1;0.2;0.5;0.68;
4357638;Fray Bentos 'Classic' Steak & Kidney 475g;£2.49;£0.52/100g;Pies & Puddings;null;null;null;null;null;null;null;null;
4428000;Fray Bentos Steak and Kidney Pudding 400g;£2.18;£0.54/100g;Pies & Puddings;null;7.4;21.9;0.5;10.9;5.0;0.7;1.3;
4428002;Fray Bentos Just Steak Pudding 400g;£2.18;£0.54/100g;Pies & Puddings;null;7.6;20.9;0.5;10.7;5.2;0.7;1.2;
4427998;Fray Bentos Steak & Kidney Pudding 200g;£1.48;£0.74/100g;Pies & Puddings;null;7.4;21.9;0.5;10.9;5.0;0.7;1.3;
3505397;Goblin Original Steak & Kidney Pudding 155g;£0.78;£0.50/100g;Pies & Puddings;null;6.2;16.4;0.8;6.8;2.7;0.8;1.0;
4694849;Fray Bentos Pudding Just Steak 200g;£1.48;£0.74/100g;Pies & Puddings;null;7.6;20.9;0.5;10.7;5.2;0.7;1.2;
3505395;Goblin Original Meat & Gravy Pudding 155g;£0.78;£0.50/100g;Pies & Puddings;null;5.7;16.3;0.7;7.5;2.9;0.8;0.9;
4357247;Hunger Breaks Texan Style Volcanic Chilli Con Carne with Extra Rice 400g;£1.00;£2.50/kg;Chilli;null;8.6;11;null;3.7;null;null;null;
4323772;Stagg Chili Dynamite Meal Hot Chili Con Carne and Rice 370g;£1.99;£5.38/kg;Chilli;null;null;null;null;null;null;null;null;
3214071;Princes Chilli Con Carne;£1.00;£2.50/kg;Chilli;null;5.5;9.3;2.6;9.8;4.7;null;0.73;
4357245;Hungerbreaks Texan Style Classic Chilli Con Carne with Red Kidney Beans 400g;£1.00;£2.50/kg;Chilli;null;8.6;11.1;null;2.8;null;null;null;
3214101;Princes Hot Chilli Con Carne;£1.00;£2.50/kg;Chilli;null;5.5;8.4;2.8;10.3;4.9;null;0.70;
4323774;Stagg Chili Classic Meal Chili Con Carne and Rice 370g;£1.99;£5.38/kg;Chilli;null;null;null;null;null;null;null;null;
3187675;Stagg Chili Dynamite Hot Chili Con Carne 400g;£1.79;£4.48/kg;Chilli;null;null;null;null;null;null;null;null;
4275581;Stagg Reduced Fat Silverado Beef Chilli Con Carne 400g;£1.79;£4.48/kg;Chilli;null;null;null;null;null;null;null;null;
3187673;Stagg Classic Chili Con Carne 400g;£1.79;£4.48/kg;Chilli;null;null;null;null;null;null;null;null;
3271890;Asda Chilli Con Carne 400g;£1.50;£3.75/kg;Chilli;null;7.8;9.1;2.8;4.5;2.0;2.0;0.6;
3271896;Asda Vegetable Chilli 400g;£1.38;£3.45/kg;Chilli;null;2.7;10.7;3.0;0.5;0.2;2.2;0.5;
4455833;ASDA Chosen By Kids Chilli Con Carne with Potato Wedges 250g;£1.60;£6.40/kg;Chilli;83;7.2;7.4;2.4;2.0;0.9;3.3;0.4;
487494;ASDA Smartprice Chilli Con Carne 392g;£0.55;£1.40/kg;Chilli;null;6.2;7.5;2.4;3.8;1.1;4.3;0.6;
4037316;Kingsfood Hot Dogs In Brine 400g;£0.49;£2.66/kg;Hot Dogs;null;null;null;null;null;null;null;null;
4696277;Princes Big American Style Hot Dogs in Brine 400g;£1.89;£4.72/kg;Hot Dogs;null;11.7;5.1;0.1;16.5;5.7;null;null;
3948478;Wikinger Hot Dogs Bockwurst Style in Brine 550g;£1.28;£3.56/kg;Hot Dogs;null;12.0;1.2;0.0;17.0;6.1;0.6;null;
4671763;Princes Original Hot Dogs in Brine 400g;£0.50;£1.25/kg;Hot Dogs;null;10.0;4.1;0.1;9.0;2.8;0.5;null;
4671761;Princes Jumbo Hot Dogs in Brine 560g;£2.00;£3.57/kg;Hot Dogs;null;10.0;3.5;0.1;16.0;5.4;0.1;2.25;
4696275;Princes Hot Dogs in Brine 520g;£1.00;£1.92/kg;Hot Dogs;null;10.0;4.1;0.1;9.0;2.8;0.5;null;
3948480;Wikinger Hot Dogs Bockwurst Style in Brine 380g;£1.00;£4.00/kg;Hot Dogs;null;12.0;1.2;0.0;17.0;6.1;0.6;null;
3948476;Wikinger Hot Dogs Bockwurst Style in Brine 1030g;£1.98;£2.75/kg;Hot Dogs;null;12.0;1.2;0.0;17.0;6.1;0.6;null;
383897;Ye Olde Oak American Style Hot Dogs in Brine;£1.00;£2.50/kg;Hot Dogs;null;13.5;5.1;0.3;7.9;null;0.2;null;
4301465;Ye Olde Oak Limited Edition 6 Fiery Chilli Hot Dogs in Brine 560g;£1.98;£8.08/kg;Hot Dogs;null;11.8;5.5;0.2;11.3;null;null;1.95;
4420528;Ye Olde Oak Hot Dogs in Brine 400g;£0.50;£2.72/kg;Hot Dogs;null;10.6;2.9;0.1;10.5;3.5;null;0.65;
4760856;Ye Olde Oak 6 BBQ Hot Dogs in Brine 560g;£1.00;£3.33/kg;Hot Dogs;null;11.7;6.2;1.5;11.4;null;null;1.48;
4305966;Ye Olde Oak American Style Hot Dogs in Brine 560g;£1.98;£3.54/kg;Hot Dogs;null;12.1;6.2;0.3;8.5;null;0.2;null;
4616787;ASDA Chosen By Kids Dinky Hotdogs with Hidden Veg 210g;£0.68;£5.67/kg;Hot Dogs;null;10.3;5.0;0.4;8.8;3.5;0.4;0.7;
4760862;Ye Olde Oak Little Acorns 12 Tomato Sauce Mini Hot Dogs 210g;£0.78;£3.71/kg;Hot Dogs;null;5.3;7.8;3.8;6.9;null;null;1.15;
4301463;Ye Olde Oak Mini Hot Dogs in Brine 560g;£1.00;£3.33/kg;Hot Dogs;null;11.5;6.8;0.2;9.7;null;null;1.65;
3618009;Ye Olde Oak Bockwurst Style Hot Dogs in Brine 1200g;£1.98;£1.65/kg;Hot Dogs;null;11.8;4.6;0.2;8.6;null;0.1;null;
2698184;Ye Olde Oak Premium Hot Dogs in Brine 400g;£1.25;£3.12/kg;Hot Dogs;null;8.3;3.2;0.2;7.1;null;null;1.63;
881023;Ye Olde Oak Little Acorns Mini Hot Dogs in Brine 210g;£0.78;£3.71/kg;Hot Dogs;null;12.1;4.3;0.0;16.1;null;null;1.15;
3923491;Robert Halal Chicken Cocktail Sausages 425g;£1.88;£0.44/100g;Hot Dogs;null;null;null;null;null;null;null;null;
391015;Princes Corned Beef 340g;£2.00;£0.58/100g;Cold Meats;null;24.8;0.5;0.5;13.5;6.5;null;2.20;
391016;Princes Corned Beef 200g;£1.98;£0.99/100g;Cold Meats;null;24.8;1.1;1.1;13.5;6.5;null;2.2;
1970651;Princes Reduced Salt Corned Beef 340g;£2.48;£0.72/100g;Cold Meats;null;24.8;0.5;0.5;13.0;6.5;null;1.40;
15636;Spam Chopped Pork And Ham 340g;£1.99;£0.58/100g;Cold Meats;null;null;null;null;null;null;null;null;
2460100;Pek Cured Chopped Pork;£1.00;£0.50/100g;Cold Meats;null;null;null;null;null;null;null;null;
2594051;ASDA Chosen By You Corned Beef 340g;£1.78;£5.24/kg;Cold Meats;null;25.0;1.0;1.0;13.0;5.2;null;1.8;
3934508;Princes Cured Ham 325g;£2.49;£0.76/100g;Cold Meats;null;12.0;3.5;1.5;11.0;4.2;0.1;2.25;
2460104;Pek Cured Chopped Pork 300g;£1.85;£0.61/100g;Cold Meats;null;null;null;null;null;null;null;null;
449177;Spam Chopped Pork and Ham 200g;£1.69;£0.84/100g;Cold Meats;null;null;null;null;null;null;null;null;
3607863;Princes Ham 200g;£1.49;£0.74/100g;Cold Meats;null;12.0;2.0;1.1;12.0;4.5;0.1;2.50;
391036;Princes Lean Corned Beef 200g;£1.79;£0.89/100g;Cold Meats;null;25.0;1.1;1.1;9.0;5.0;null;1.30;
4039703;Princes Ham 325g;£1.89;£0.58/100g;Cold Meats;null;12.0;2.0;1.1;12.0;4.5;0.1;2.50;
2460102;Pek Chopped Pork Gold 200g;£1.49;£0.74/100g;Cold Meats;null;null;null;null;null;null;null;null;
3813975;Princes Lean Deli Ham 325g;£2.00;£0.61/100g;Cold Meats;null;17.0;0.5;0.5;4.0;1.5;0.1;2.33;
549430;Spam Lite Chopped Ham and Pork 200g;£1.69;£0.84/100g;Cold Meats;null;16.3;2.1;1.4;17.0;7.2;0.1;null;
3607857;Princes Chicken Roll with Sage & Onion 200g;£1.09;£5.45/kg;Cold Meats;null;10.8;12.5;1.0;10.8;3.4;0.1;null;
3214049;Princes Cured Ham 200g;£1.50;£0.75/100g;Cold Meats;null;12.0;3.5;1.5;11.0;4.2;null;null;
3688355;ASDA Chosen By You Premium Lean Ham 200g;£1.37;£0.68/100g;Cold Meats;null;17.4;0.7;0.4;2.9;1.1;0.2;null;
911254;Ye Olde Oak Pork Luncheon Meat 170g;;;Cold Meats;null;null;null;null;null;null;null;null;
3586674;Princes Lunch Tongue 184g;£2.49;£1.35/100g;Cold Meats;null;null;null;null;null;null;null;null;
4039705;Princes Ham 300g;£1.89;£0.63/100g;Cold Meats;null;12.0;2.0;1.1;12.0;4.5;0.1;2.50;
3090019;Grants Premium Steak 392g;£2.38;£6.07/kg;Cold Meats;null;null;null;null;null;null;null;null;
4275577;Spam Chopped Pork and Ham with Real Bacon 200g;£1.79;£0.89/100g;Cold Meats;null;null;null;null;null;null;null;null;
227570;ASDA Smartprice Corned Beef 340g;£1.49;£4.38/kg;Cold Meats;null;24.6;1.0;1.0;13.7;5.5;null;1.9;
4736571;John West Tuna Steak with a Little Spring Water 60g;£2.49;£1.38/100g;Cold Meats;null;26.6;null;null;0.8;0.3;null;null;
4479167;Princes Corned Beef Hash 400g;£1.89;£4.72/kg;Cold Meats;null;14.5;8.0;1.0;10.0;4.0;null;2.00;
4466474;Princes Corned Beef with Onion 200g;£1.50;£0.75/100g;Cold Meats;null;23.0;1.0;1.0;14.0;6.1;0.3;null;
4323776;Spam Chopped Pork And Ham 200g;£1.79;£0.89/100g;Cold Meats;null;null;null;null;null;null;null;null;
3368507;Ye Olde Oak Ham 300g;£1.00;£0.33/100g;Cold Meats;null;11.0;1.1;1.0;7.1;2.9;0.1;null;
2360561;Princes Chicken & Ham Paste;£0.50;£0.66/100g;Sandwich Spreads;null;14.5;4.6;null;15.9;null;null;null;
2360563;Princes Beef Paste;£0.50;£0.66/100g;Sandwich Spreads;null;15.8;5.6;null;12.8;null;null;null;
3203770;Heinz Original Sandwich Spread 270g;£1.29;£0.47/100g;Sandwich Spreads;null;0.9;23.9;21.3;13.1;1.0;0.6;2.1;
2196549;Heinz Light Sandwich Spread 270g;£1.29;£0.47/100g;Sandwich Spreads;null;1.1;18.2;16.9;9.2;0.6;0.9;1.4;
12958;ASDA Chosen By You Beef Paste 75g;£0.40;£0.53/100g;Sandwich Spreads;null;14.9;0.4;0.3;13.3;4.5;2.2;null;
509514;ASDA Chosen By You Chicken & Stuffing Paste 75g;£0.40;£0.53/100g;Sandwich Spreads;null;12.4;7.0;0.4;15.9;4.5;2.9;null;
509512;ASDA Chosen By You Ham & Beef Paste 75g;£0.40;£0.53/100g;Sandwich Spreads;null;15.6;1.7;0.4;9.1;2.8;1.6;null;
12963;Asda Chicken & Ham Paste 75g;£0.40;£0.53/100g;Sandwich Spreads;null;null;null;null;null;null;null;null;
12964;Asda Chicken Paste 75g;£0.40;£0.53/100g;Sandwich Spreads;null;null;null;null;null;null;null;null;
983195;Shippams Beef Spread 75g;£0.79;£1.05/100g;Sandwich Spreads;null;15.0;4.2;null;11.0;null;null;null;
983728;Shippams Chicken Spread 75g;£0.79;£1.05/100g;Sandwich Spreads;null;16.1;3.1;null;8.6;null;null;null;
1956321;Granovita Gluten Free Vegetable Pate 125g;£1.00;£0.80/100g;Sandwich Spreads;null;8.4;6.7;0.5;17;8.9;5.5;0.9;
468590;ASDA SmartPrice Chicken Paste 75g;£0.25;£0.33/100g;Sandwich Spreads;null;14.8;1.8;0.2;16.4;3.9;1.9;null;
468591;ASDA SmartPrice Ham & Beef Paste 75g;£0.25;£0.33/100g;Sandwich Spreads;null;14.5;1.2;0.3;14.9;4.6;2.5;null;
4166566;Princes Tuna Chunks in Brine 160g;£4.00;£0.89/100g;Tuna;null;25.0;null;null;0.5;null;null;null;
4778633;John West Tuna Chunks in Brine 160g;£4.00;£0.71/100g;Tuna;null;27.0;0.0;0.0;0.5;0.2;null;1.0;
4166564;Princes Tuna Chunks in Sunflower Oil 160g;£4.00;£0.89/100g;Tuna;null;25.0;null;null;10.8;2.0;null;null;
4778635;John West Tuna Chunks in Sunflower Oil 160g;£4.00;£0.71/100g;Tuna;null;27.0;0.0;0.0;8.0;1.0;null;1.0;
4166568;Princes Tuna Chunks in Spring Water 160g;£4.00;£0.89/100g;Tuna;null;25.0;null;null;0.5;null;null;null;
4778637;John West Tuna Chunks in Spring Water 160g;£4.00;£0.71/100g;Tuna;null;27.0;0.0;0.0;0.5;0.2;null;0.8;
4488496;John West Tuna Steak with a Little Brine 120g;£4.00;£1.11/100g;Tuna;null;26.4;null;null;0.9;0.3;null;1.0;
4466486;Princes Sandwich Tuna in Brine 160g;£3.00;£0.62/100g;Tuna;null;25.0;0.0;0.0;0.5;null;null;1.00;
4488498;John West Tuna Steak with a Little Sunflower Oil 120g;£4.00;£1.11/100g;Tuna;null;26.4;null;null;6.8;0.9;null;1.0;
4466488;Princes Sandwich Tuna in Sunflower Oil 160g;£3.00;£0.62/100g;Tuna;null;25.0;0.0;0.0;10.8;2.0;null;1.00;
4736569;John West Tuna Steak with a Little Spring Water 120g;£4.00;£1.11/100g;Tuna;null;26.4;null;null;0.9;0.3;null;1.0;
4466502;Princes Tuna Chunks in Brine 400g;£1.98;£0.70/100g;Tuna;null;25.0;null;null;0.5;null;null;null;
4736559;John West Infusions Tuna Basil 80g;£1.49;£1.86/100g;Tuna;null;24.0;0.2;null;14.9;2.0;0.1;null;
4736561;John West Infusions Tuna Soy & Ginger 80g;£1.49;£1.86/100g;Tuna;null;24.5;1.9;0.6;10.9;1.4;0.2;null;
4736563;John West Infusions Tuna Lemon & Thyme 80g;£1.49;£1.86/100g;Tuna;null;24.1;0.1;null;13.9;1.8;0.1;null;
4736557;John West Infusions Tuna Chilli & Garlic 80g;£1.49;£1.86/100g;Tuna;null;24.2;0.3;0.2;11.5;1.5;null;1.0;
4589822;John West Steam Pot Tuna Infusions with Chili & Garlic and Spicy Red Pepper Couscous 150g;£1.50;£1.00/100g;Tuna;null;9.5;17.0;0.8;3.7;0.5;null;1.0;
4589818;John West Steam Pot Tuna Infusions with Soy & Ginger and Mushroom Couscous 150g;£1.50;£1.00/100g;Tuna;null;9.8;18.0;2.0;3.5;0.5;null;0.5;
4589820;John West Steam Pot Tuna Infusions with Lemon & Thyme and Tomato & Black Olive Couscous 150g;£1.50;£1.00/100g;Tuna;null;9.6;17.1;1.2;4.4;0.6;null;0.3;
4589826;John West Steam Pot Tuna Infusions with Coriander & Cumin and Lime & Coriander Couscous 150g;£1.50;£1.00/100g;Tuna;null;9.5;17.2;1.5;4.4;0.6;null;0.5;
4589824;John West Steam Pot Tuna Infusions with Basil and Sun-Dried Tomato Couscous 150g;£1.50;£1.00/100g;Tuna;null;9.5;16.8;1.2;4.6;0.6;null;0.5;
4188506;Princes Tuna Chunks in Brine 80g;£2.29;£2.86/100g;Tuna;null;25.0;null;null;0.5;null;null;null;
4188510;Princes Tuna Chunks in Sunflower Oil 80g;£2.29;£2.86/100g;Tuna;null;25.0;null;null;10.8;2.0;null;null;
3326874;Princes Tuna Chunks in Spring Water 80g;£2.29;£2.86/100g;Tuna;null;25.0;null;null;0.5;null;null;null;
4166570;Princes Tuna Steak in Brine 185g;£1.68;£1.29/100g;Tuna;null;25.0;null;null;0.5;null;null;null;
4166572;Princes Tuna Steaks in Sunflower Oil 185g;£1.68;£1.29/100g;Tuna;null;25.0;null;null;7.4;1.4;null;null;
4166574;Princes Tuna Chunks in Brine 160g;£1.73;£1.54/100g;Tuna;null;25.0;null;null;0.5;null;null;null;
4166576;Princes Tuna Chunks in Sunflower Oil 160g;£1.73;£1.54/100g;Tuna;null;25.0;null;null;10.8;2.0;null;null;
4166578;Princes Tuna Chunks in Spring Water 160g;£1.73;£1.54/100g;Tuna;null;25.0;null;null;0.5;null;null;null;
4288156;Princes Tuna Chunks in Tomato Sauce 160g;£1.73;£1.08/100g;Tuna;null;13.9;6.9;6.3;1.8;0.3;1.1;null;
3621432;John West Tuna with a Lime and Black Pepper Dressing 85g;£1.00;£1.18/100g;Tuna;null;18.0;2.8;2.1;9.2;1.2;null;null;
3621430;John West Tuna with an Oven Dried Tomato & Herb Dressing 85g;£1.00;£1.18/100g;Tuna;null;18.0;2.0;1.5;6.0;1.0;null;null;
3620565;John West Tuna with a French Style Dressing 85g;£1.00;£1.18/100g;Tuna;null;19.0;2.4;1.6;8.0;1.4;null;null;
2033212;John West Tuna Chunks in Brine;£2.00;£0.83/100g;Tuna;null;27.0;null;null;0.5;0.2;null;null;
2033210;John West Tuna Chunks in Sunflower Oil;£2.00;£0.83/100g;Tuna;null;27.0;null;null;8.0;1.0;null;null;
2198570;John West Tuna Chunks in Spring Water;£2.00;£0.83/100g;Tuna;null;27.0;null;null;0.5;0.2;null;null;
3800494;John West Tuna Steak with A Little Brine 60g;£2.49;£1.38/100g;Tuna;null;26.6;null;null;0.8;0.3;null;null;
3800496;John West Tuna Steak with a Little Sunflower Oil 60g;£2.49;£1.38/100g;Tuna;null;25.2;null;null;10.9;1.8;null;null;
4284642;John West Herring Fillets in Tomato Sauce 160g;£1.49;£0.93/100g;Tuna;null;12.6;5.1;4.4;12.8;4.3;null;1.2;
2764090;John West Tuna Steak with Sunflower Oil 120g;£1.79;£1.38/100g;Tuna;null;26.4;null;null;6.8;0.9;null;1.0;
2764088;John West Tuna Steak with a Little Brine 120g;£1.79;£1.38/100g;Tuna;null;26.4;null;null;0.9;0.3;null;1.0;
947187;Weight Watchers Tuna in Tomato & Herb Dressing 80g;£2.48;£1.03/100g;Tuna;null;11.6;5.1;4.1;3.6;0.3;0.5;1.0;
870409;Weight Watchers Tuna in Coronation Style Dressing 80g;£2.48;£1.03/100g;Tuna;null;9.3;8.7;4.1;2.5;0.8;0.4;1.0;
205290;ASDA Chosen By You Tuna Chunks in Brine 185g;£0.75;£0.54/100g;Tuna;null;26.2;null;null;0.7;0.3;null;null;
205287;ASDA Chosen By You Tuna Chunks in Sunflower Oil 185g;£0.75;£0.54/100g;Tuna;null;25.2;null;null;6.6;1.6;null;null;
3569986;ASDA Chosen By You Skipjack Tuna Steaks in Sunflower Oil 198g;£1.43;£0.96/100g;Tuna;null;null;null;null;null;null;null;null;
3569984;ASDA Chosen By You Skipjack Tuna Steaks in Brine 198g;£1.32;£0.88/100g;Tuna;null;26.0;null;null;1.5;0.8;null;1.2;
3134398;Gefen Light Tuna Chunks 170g;£1.18;£0.98/100g;Tuna;null;null;null;null;null;null;null;null;
213731;ASDA Smartprice Tuna Chunks in Brine 185g;£0.62;£0.47/100g;Tuna;null;26.2;null;null;0.7;0.3;null;null;
4806752;ASDA Tuna Chunks 160g;£2.84;£0.59/100g;Tuna;106;26.0;null;null;0.2;null;null;1.0;
4521054;Gefen Chunk Light Tuna in Oil 170g;£1.10;£0.91/100g;Tuna;null;null;null;null;null;null;null;null;
4843279;John West Light Lunch Mexican Style Tuna Salad;£1.98;£0.90/100g;Tuna;null;9.7;13.4;2.7;2.2;0.3;2.0;0.8;
3666748;John West Tuna Steak with a Little Spring Water 120g;£1.79;£1.38/100g;Tuna;null;26.4;null;null;0.9;0.3;null;1.0;
4817386;Kingfisher Tuna Ventresca Fillets in Sunflower Oil 185g;£1.98;£1.52/100g;Tuna;null;27;0;0;5.9;0.9;0;0.9;
4817384;Kingfisher Ventresca Tuna Fillets in Spring Water 185g;£1.98;£1.52/100g;Tuna;null;23;0;0;5.3;2.0;0;0.9;
4817382;Kingfisher Yellowfin Tuna Steak in Olive Oil 150g;£1.98;£1.98/100g;Tuna;null;29;0;0;7.6;1.2;0;0.70;
4817380;Kingfisher Yellowfin Tuna Steak in Spring Water 150g;£1.98;£1.98/100g;Tuna;null;31;0;0;0.8;0.2;0;0.70;
4479299;Oriental & Pacific Skipjack Chunks in Brine 80g;£0.89;£1.11/100g;Tuna;113;27.0;null;null;0.5;0.2;null;1.00;
4479303;Oriental & Pacific Skipjack Tuna Chunks in Oil 80g;£0.89;£1.11/100g;Tuna;180;27.0;null;null;8.0;1.0;null;1.00;
2231374;John West Light Lunch Mediterranean Style Tuna Salad;£1.98;£0.90/100g;Tuna Salads & Sauces;null;8.5;10.0;4.3;1.9;0.3;2.4;null;
535268;Weight Watchers Tuna in Mayonnaise with Sweetcorn 80g;£2.48;£1.03/100g;Tuna Salads & Sauces;null;9.3;6.2;3.0;3.7;0.6;0.2;1.0;
1854295;John West Light Lunch French Style Tuna Salad;£1.98;£0.90/100g;Tuna Salads & Sauces;null;7.5;9.8;2.3;2.8;0.7;2.5;0.8;
2829656;John West Light Lunch Moroccan Style Salmon Salad;£1.98;£0.90/100g;Tuna Salads & Sauces;null;11.7;8.8;6.2;5.3;0.6;3.4;1.0;
3944626;Princes Mexican Tuna Salad 210g;£1.98;£0.94/100g;Tuna Salads & Sauces;null;9.0;8.4;2.8;2.1;0.2;5.4;0.86;
3944622;Princes French Tuna Pasta 210g;£1.98;£0.94/100g;Tuna Salads & Sauces;null;8.1;11.1;4.9;1.8;0.2;3.2;0.78;
3944624;Princes Italian Tuna Pasta 210g;£1.98;£0.94/100g;Tuna Salads & Sauces;null;8.0;7.2;0.4;3.0;0.4;2.1;0.53;
3331650;Princes Tuna Mayonnaise & Sweetcorn 160g;£1.39;£0.86/100g;Tuna Salads & Sauces;null;11.2;5.3;1.0;12.7;1.3;null;null;
4194465;John West Light Lunch Italian Style Tuna Salad;£1.98;£0.90/100g;Tuna Salads & Sauces;null;7.3;9.8;1.8;2.6;0.4;0.5;0.8;
4466494;Princes Creamy Cheese Tuna Pasta Bake 210g;£1.99;£0.94/100g;Tuna Salads & Sauces;null;9.7;10.1;1.5;8.8;2.7;2.8;0.65;
4719972;Princes Tuna Salad Thai Chilli 210g;£1.99;£0.94/100g;Tuna Salads & Sauces;null;8.4;11.3;4.9;1.2;0.2;2.2;0.76;
4288152;Princes Skinless & Boneless Atlantic Salmon in Brine 160g;£2.00;£1.79/100g;Salmon;null;19.7;1.1;null;10.1;4.2;null;null;
4288154;Princes Skinless & Boneless Atlantic Salmon with Lemon & Black Pepper 160g;£2.00;£1.92/100g;Salmon;null;19.6;1.4;null;11.0;4.1;0.1;null;
205219;ASDA Chosen By You Wild Pacific Pink Salmon 418g;£2.00;£0.47/100g;Salmon;null;16.3;null;null;7.4;2.1;null;null;
205217;ASDA Chosen By You Wild Pacific Red Salmon 213g;£2.19;£1.03/100g;Salmon;null;null;null;null;null;null;null;null;
2075344;Princes Wild Pacific Red Salmon 213g;£3.00;£1.41/100g;Salmon;null;22.8;0.0;0.0;5.8;1.2;null;0.90;
8258;John West Wild Pacific Red Salmon 213g;£2.50;£1.17/100g;Salmon;null;20.4;null;null;7.8;1.8;null;0.9;
870454;Princes Wild Pacific Red Salmon 105g;£2.60;£2.48/100g;Salmon;null;22.8;0.0;0.0;5.8;1.2;null;1.00;
205230;ASDA Chosen By You Wild Pacific Red Salmon 105g;£1.68;£1.60/100g;Salmon;null;16.8;null;null;10.1;3.0;null;null;
874271;ASDA Chosen By You Wild Pacific Pink Salmon 213g;£1.45;£0.68/100g;Salmon;null;16.3;null;null;7.4;2.1;null;null;
3329823;Princes Wild Pink Salmon 213g;£2.68;£1.26/100g;Salmon;null;22.3;0.0;0.0;4.6;0.9;null;0.09;
4182736;Oriental & Pacific Medium Red Salmon 200g;£1.94;£1.39/100g;Salmon;null;22.3;null;null;6.5;1.5;null;1.0;
3838440;John West Skinless & Boneless Wild Pacific Red Salmon 170g;£3.50;£2.06/100g;Salmon;null;20.4;null;null;5.4;1.7;null;0.9;
4188518;Princes Wild Red Salmon 418g;£4.78;£1.14/100g;Salmon;null;18.9;null;null;10.0;3.0;null;null;
4188514;Princes Wild Red Salmon 170g;£3.48;£2.05/100g;Salmon;null;23.0;null;null;3.0;1.0;null;null;
4730803;John West Light Lunch Thai Style Salmon Salad 220g;£1.69;£0.76/100g;Salmon;null;5.2;10.7;5.1;2.1;1.3;2.1;0.9;
4736545;John West Skinless & Boneless Wild Pacific Pink Salmon;£2.00;£1.18/100g;Salmon;null;20.4;null;null;2.0;0.6;null;0.9;
4730797;John West Skinless & Boneless Wild Pacific Pink Salmon 125g;£2.00;£1.60/100g;Salmon;null;20.4;null;null;2.0;0.6;null;0.9;
4736547;John West Wild Pink Salmon 213g;£1.50;£0.70/100g;Salmon;null;20.4;null;null;5.4;1.1;null;0.9;
4466492;Princes Salmon Fillet in Lemon Flavoured Sauce with Dill 125g;£2.49;£1.99/100g;Salmon;null;15.3;0.5;0.2;12.7;5.9;0.6;null;
4466490;Princes Salmon Fillet in a Sweet Chilli Sauce 125g;£2.49;£1.99/100g;Salmon;null;14.8;5.8;5.8;11.4;5.1;1.4;null;
3308581;Princes Mackerel Fillets in a Rich Tomato Sauce 125g;£1.39;£1.11/100g;Mackerel;null;13.6;2.3;2.3;13.0;5.0;0.4;null;
3325687;John West Steamed Mackerel in Natural Oil 110g;£1.69;£1.54/100g;Mackerel;null;20.4;0.0;0.0;16.0;4.0;null;1.0;
1924679;Asda Chosen By You Scottish Mackerel Fillets in Brine 125g;£0.70;£0.56/100g;Mackerel;null;20.4;null;null;17.7;4.1;null;0.8;
3308589;Princes Mackerel Fillets in a Spicy Tomato Sauce 125g;£1.39;£1.11/100g;Mackerel;null;13.6;4.7;4.2;14.1;4.5;null;null;
3308587;Princes Mackerel Fillets in a Hot Chilli Dressing 125g;£1.39;£1.11/100g;Mackerel;null;13.3;null;null;27.0;8.6;null;null;
3308583;Princes Mackerel Fillets in Sunflower Oil 125g;£1.39;£1.11/100g;Mackerel;null;19.7;null;null;21.3;5.8;null;null;
870567;Princes Mackerel Fillets in Olive Oil 125g;£1.39;£1.11/100g;Mackerel;null;19.7;null;null;21.3;3.0;null;null;
3308591;Princes Mackerel Fillets in Mustard Sauce 125g;£1.39;£1.11/100g;Mackerel;null;13.6;4.3;4.0;15.0;5.0;null;null;
3308597;Princes Mackerel Peppered Wood Smoked Fillets in Sunflower Oil 190g;£1.68;£0.88/100g;Mackerel;null;17.5;0.8;0.1;19.6;4.9;0.1;1.15;
3308593;Princes Mackerel Fillets in Curry Sauce 125g;£1.39;£1.11/100g;Mackerel;null;11.5;5.0;1.0;20.0;4.0;null;null;
4188526;Princes Moroccan Mackerel Fillets 125g;£1.39;£1.11/100g;Mackerel;null;11.7;11.0;5.3;9.9;2.3;null;1.77;
3325685;John West Steamed Mackerel In Olive Oil 110g;£1.69;£1.54/100g;Mackerel;null;18.8;0.0;0.0;22.9;4.4;null;1.0;
1924678;ASDA Mackerel Fillets in Sunflower Oil 125g;£0.70;£0.56/100g;Mackerel;null;19.7;null;null;20.7;4.8;null;0.8;
1924676;Asda Chosen By You Scottish Mackerel Fillets in Tomato 125g;£0.70;£0.56/100g;Mackerel;null;14.1;3.4;3.4;13.6;3.1;null;0.8;
3265516;Tropical Sun Mackerel in Tomato Sauce 400g;£1.89;£0.47/100g;Mackerel;null;12.3;6.0;2.2;12.8;9.4;null;2.0;
4479295;Glenryck Scottish Mackerel Fillets in Tomato Sauce 125g;£0.80;£0.64/100g;Mackerel;null;14.1;3.4;3.4;13.6;3.1;null;0.7;
4736553;John West Mackerel with a Twist Mackerel in Lime Flavour Dressing with Chilli & Ginger 85g;£1.00;£1.18/100g;Mackerel;null;21.3;1.0;0.8;1.9;0.9;0.5;1.0;
4736551;John West Mackerel with a Twist Mackerel with Honey BBQ Dressing 85g;£1.00;£1.18/100g;Mackerel;null;null;null;null;null;null;null;null;
5036816;Princes Limited Edition Mackerel Fillets Hot & Sour 125g;£1.39;£1.11/100g;Mackerel;null;12.2;11.3;4.9;10.0;2.0;null;0.98;
962075;John West Sardines in Tomato Sauce 120g;£0.99;£0.82/100g;Sardines;null;17.0;1.5;1.5;10.0;3.2;0.0;1.0;
870402;John West Boneless Sardines in Tomato Sauce 95g;£0.95;£1.00/100g;Sardines;null;17.0;1.5;1.5;7.5;2.4;null;1.0;
4188486;Princes sardines in a Rich Tomato Sauce 120g;£0.89;£0.74/100g;Sardines;null;19.0;1.6;1.6;11.9;3.7;null;0.93;
228054;ASDA Chosen By You Sardines in Tomato Sauce 120g;£0.40;£0.33/100g;Sardines;null;18.0;1.8;1.8;12.0;3.7;null;null;
1348914;John West Sardines in Olive Oil 120g;£0.99;£0.82/100g;Sardines;null;23.0;null;null;14.0;2.7;null;null;
2236687;ASDA Extra Special Sardine Fillets in a Spicy Tomato Sauce 115g;£0.92;£0.80/100g;Sardines;null;20.0;1.0;1.0;10.0;2.9;1.0;null;
962068;John West Sardines in Sunflower Oil 120g;£0.99;£0.82/100g;Sardines;null;23.0;null;null;14.0;4.9;null;null;
3620557;John West Boneless Sardines in Olive Oil 95g;£0.95;£1.00/100g;Sardines;null;21.7;null;null;15.4;2.3;null;null;
2263351;John West Sardines in Spicy Tomato Sauce 120g;£0.95;£0.79/100g;Sardines;null;17.0;3.0;2.4;10.0;3.2;null;null;
228049;ASDA Chosen By You Sardines in Sunflower Oil 120g;£0.40;£0.47/100g;Sardines;null;24.0;null;null;14.0;5.4;null;null;
4188502;Princes Sardines in a Spicy Tomato Sauce 120g;£0.89;£0.74/100g;Sardines;null;15.6;9.1;0.7;7.3;1.8;null;null;
4188498;Princes Sardines in Extra Virgin Olive Oil 120g;£0.89;£0.74/100g;Sardines;null;24.2;0.0;0.0;13.9;4.8;null;0.93;
3620559;John West Sardines with No Added Brine 100g;£1.19;£1.19/100g;Sardines;null;22.8;null;null;11.9;3.5;null;null;
4188494;Princes Sardines in Sunflower Oil 120g;£0.89;£0.74/100g;Sardines;null;22.0;0.0;0.0;13.6;4.8;null;0.93;
4736555;John West Sardines with a Twist Sardines with Piri Piri Dressing 85g;£1.00;£1.18/100g;Sardines;null;19.9;2.5;1.0;2.8;1.5;0.9;1.2;
4787441;Kingfisher Skinless & Boneless Sardine Fillets in Olive Oil & Lemon 115g;£0.92;£1.15/100g;Sardines;null;26;0;0;12;3.3;0;0.80;
4809445;John West Spreadables Tuna Mild Curry 80g;£1.00;£1.25/100g;Sandwich Spreads;null;12.7;8.1;5.5;17.4;1.6;0.4;0.9;
4809455;John West Spreadables Mackerel Wholegrain Mustard 80g;£1.00;£1.25/100g;Sandwich Spreads;null;10.6;4.3;2.0;22.1;10.1;0.6;1.0;
4809449;John West Spreadables Tuna Mexican Style 80g;£1.00;£1.25/100g;Sandwich Spreads;null;13.1;5.6;2.9;12.3;1.2;1.3;1.0;
4809453;John West Spreadables Salmon Yoghurt & Mint 80g;£1.00;£1.25/100g;Sandwich Spreads;null;12.9;7.0;3.3;15.3;1.4;0;1.0;
4809451;John West Spreadables Tuna Mayo Sweetcorn 80g;£1.00;£1.25/100g;Sandwich Spreads;null;12.7;4.6;2.3;17.4;2.2;0.5;0.9;
4809447;John West Spreadables Tuna Mediterranean 80g;£1.00;£1.25/100g;Sandwich Spreads;null;12.7;11.7;1.1;11.7;1.1;0.8;1.0;
2360559;Princes Tuna Mayonnaise Sandwich Paste;£0.50;£0.66/100g;Sandwich Spreads;null;15.1;3.6;0.3;15.4;4.4;2.4;null;
2360557;Princes Sardine & Tomato Paste;£0.50;£0.66/100g;Sandwich Spreads;null;14.4;5.0;1.5;6.4;1.8;2.6;null;
3214055;Princes Salmon Paste;£0.50;£0.66/100g;Sandwich Spreads;null;12.6;5.5;0.4;14.1;4.9;2.8;null;
791945;ASDA Chosen By You Sardine & Tomato Paste 75g;£0.40;£0.53/100g;Sandwich Spreads;null;13.8;4.4;1.0;12.4;3.5;2.3;null;
12973;ASDA Chosen By You Tuna Mayonnaise Sandwich Paste 75g;£0.40;£0.53/100g;Sandwich Spreads;null;16.5;2.2;1.0;15.4;1.3;1.4;null;
218805;ASDA Chosen By You Salmon Paste 75g;£0.40;£0.53/100g;Sandwich Spreads;null;13.3;4.0;0.3;10.7;2.2;1.8;null;
1088669;ASDA Chosen By You Crab Paste 75g;£0.40;£0.53/100g;Sandwich Spreads;null;14.5;4.1;0.4;4.2;0.7;2.2;null;
983688;Shippams Crab Spread 75g;£0.70;£0.93/100g;Sandwich Spreads;null;12.6;7.5;null;7.1;null;null;null;
3214061;Shippams Gourmet Smoked Salmon & Cream Cheese 75g;£0.89;£1.19/100g;Sandwich Spreads;null;9.9;5.2;1.3;14.1;7.4;1.3;0.73;
4725915;Shippams Gourmet Chicken & Smoked Bacon 75g;£0.89;£1.19/100g;Sandwich Spreads;null;11.6;1.7;0.8;9.6;4.7;2.6;0.88;
4725913;Shippams Gourmet Tuna & Sweetcorn 75g;£0.89;£1.19/100g;Sandwich Spreads;null;12.4;4.9;1.3;4.0;2.2;1.6;0.75;
4719946;Shippams Salmon Spread 75g;£0.89;£1.19/100g;Sandwich Spreads;null;12.0;7.3;null;14.7;null;null;null;
2236691;ASDA Chosen By You Anchovy Fillets in Olive Oil 50g;£0.69;£1.38/100g;Other Fish;null;24.8;1.1;null;10.5;2.3;null;null;
2260396;Glenryck Pacific Pilchards in Tomato Sauce 155g;£0.49;£0.31/100g;Other Fish;null;null;null;null;null;null;null;null;
4618597;Glenryck Pilchards in Tomato Sauce 400g;£1.09;£0.27/100g;Other Fish;null;null;null;null;null;null;null;null;
3274329;Graal Herrings in Tomato Sauce;£1.00;£0.58/100g;Other Fish;null;null;null;null;null;null;null;null;
3106132;John West Anchovy Fillets in Olive Oil 100g;£1.87;£1.87/100g;Other Fish;null;25.0;null;null;14.0;2.2;null;null;
2261814;John West Baby Clams in Brine 280g;£1.47;£0.52/100g;Other Fish;null;15.6;2.3;null;1.6;0.4;null;null;
870485;John West Dressed Crab 43g;£1.00;£2.33/100g;Other Fish;null;null;null;null;null;null;null;null;
870493;John West Dressed Lobster 43g;£0.98;£2.28/100g;Other Fish;null;null;null;null;null;null;null;null;
4288278;John West Kipper Fillets in Brine 160g;£1.49;£0.93/100g;Other Fish;null;18.0;null;null;16.0;3.3;null;null;
4284640;John West Kipper Fillets in Sunflower Oil 160g;£1.49;£0.93/100g;Other Fish;null;19.1;null;null;17.9;4.2;null;null;
3106136;John West Select Black Lumpfish Caviar 50g;£2.48;£4.96/100g;Other Fish;null;11.0;2.0;null;4.0;0.8;null;null;
7914;John West Sild in Tomato Sauce 110g;£1.30;£1.18/100g;Other Fish;null;21.0;2.5;2.1;13.0;3.7;null;null;
463145;John West Skippers Brisling in Tomato Sauce 106g;£1.19;£1.12/100g;Other Fish;null;15.0;3.0;2.4;13.0;2.5;null;null;
2261822;John West Smoked Mussels in Sunflower Oil 85g;£1.48;£2.28/100g;Other Fish;null;19.9;1.6;0;12.2;7.5;0;1.5;
3106138;John West Smoked Oysters in Sunflower Oil 85g;£1.98;£2.33/100g;Other Fish;null;16.0;10.0;0;14.0;3.7;0;1.0;
870489;John West Traditional Wood Smoked Skippers Brisling in Sunflower Oil 106g;£1.19;£1.12/100g;Other Fish;null;18.0;null;null;19.0;3.2;null;null;
4794767;Kingfisher Catch Anchovy Fillets in Extra Virgin Olive Oil 100g;£1.58;£2.63/100g;Other Fish;null;26;0;0;12;2.3;0;13.2;
3467401;Kingfisher Jumbo Crab Meat 170g;£2.84;£2.37/100g;Other Fish;null;17.1;1.5;0.9;0.5;0.2;null;1.2;
3467403;Kingfisher Lump Crab Meat 170g;£2.33;£1.94/100g;Other Fish;null;17.1;1.5;0.9;0.5;0.2;null;1.2;
3467399;Kingfisher Shredded Crab Meat 170g;£1.62;£1.35/100g;Other Fish;null;9.2;0.8;0.6;0.6;0.2;null;1.3;
1732641;Ocean Crown Cooked and Pickled Cockles 200g;£1.88;£2.09/100g;Other Fish;null;null;null;null;null;null;null;null;
1732639;Ocean Crown Cooked and Pickled Mussels 200g;£1.48;£1.64/100g;Other Fish;null;null;null;null;null;null;null;null;
3329829;Princes Pressed Cod Roe 200g;£1.30;£0.65/100g;Other Fish;null;12.4;0.7;0.5;5.6;1.0;1.5;null;
3329833;Princes Shrimps in Brine 200g;£1.34;£0.67/100g;Other Fish;null;19.3;1.2;0.7;0.9;0.4;null;0.88;
3329831;Princes Soft Cod Roe 100g;£1.19;£1.19/100g;Other Fish;null;12.0;null;null;4.0;0.8;0.1;null;
3503331;Napolina Chopped Tomatoes 400g;£1.87;£1.17/kg;Tinned Tomatoes & Puree;null;1.1;3.5;3.3;0.4;null;0.3;null;
3503333;Napolina Peeled Plum Tomatoes;£1.87;£1.17/kg;Tinned Tomatoes & Puree;null;1.2;3.5;3.3;0.5;null;0.3;null;
1473903;Napolina Chopped Tomatoes with Garlic in Rich Tomato Juice 400g;£1.00;£2.50/kg;Tinned Tomatoes & Puree;null;1.3;4.3;null;0.2;null;null;null;
2543121;Napolina Chopped Tomatoes With Herbs 400g;£1.00;£2.50/kg;Tinned Tomatoes & Puree;null;1.3;4.3;null;0.2;null;null;null;
1970627;Napolina Cherry Tomatoes 400g;£1.00;£3.85/kg;Tinned Tomatoes & Puree;null;1.2;3.3;null;0.6;null;null;null;
2057117;Napolina Double Concentrate Tomato Puree 200g;£1.00;£5.00/kg;Tinned Tomatoes & Puree;null;4.7;12.6;null;0.4;null;null;null;
22701;Napolina Peeled Plum Tomatoes in Rich Tomato Juice 230g;£0.67;£4.47/kg;Tinned Tomatoes & Puree;null;1.2;3.5;null;0.5;null;null;null;
1768792;Napolina Chopped tomatoes 227g;£0.79;£3.48/kg;Tinned Tomatoes & Puree;null;1.1;3.5;null;0.4;null;null;null;
4479291;Cook Italian Peeled Plum Tomatoes;£1.96;£0.12/100g;Tinned Tomatoes & Puree;25;1.4;4.0;4.0;0.2;0;0.9;0.01;
4479293;Cook Italian Italian Chopped Tomato;£1.96;£0.12/100g;Tinned Tomatoes & Puree;25;1.4;4.0;4.0;0.2;0;0.9;0.01;
4479289;Cook Italian Peeled Plum Tomatoes 400g;£0.86;£0.21/100g;Tinned Tomatoes & Puree;25;1.4;4.0;4.0;0.2;0;0.9;0.01;
4479287;Cook Italian Italian Chopped Tomato 400g;£0.86;£0.21/100g;Tinned Tomatoes & Puree;25;1.4;4.0;4.0;0.2;0;0.9;0.01;
4109561;Asda Chosen By You Italian Chopped Tomatoes in Tomato Juice 390g;£1.50;£0.96/kg;Tinned Tomatoes & Puree;26;1.0;4.8;4.2;0.2;null;0.5;null;
1924655;Asda Chosen By You Peeled Plum Tomatoes 400g;£0.39;£1.50/kg;Tinned Tomatoes & Puree;null;1.2;4.0;4.0;0.2;null;0.9;null;
2577456;ASDA Chosen By You Sundried Tomatoes 280g;£1.37;£0.48/100g;Tinned Tomatoes & Puree;null;4.1;8.5;6.2;15.1;1.7;6.0;null;
2057111;Valfrutta Passata Sieved Tomatoes 200g;£0.78;£0.13/100g;Tinned Tomatoes & Puree;null;null;null;null;null;null;null;null;
4109559;Asda Chosen By You Italian Chopped Tomatoes in Tomato Juice 390g;£0.39;£1.00/kg;Tinned Tomatoes & Puree;null;1.0;4.8;4.2;0.2;null;0.5;null;
4109553;Asda Chosen By You Italian Chopped Tomatoes with Garlic in Tomato Juice 390g;£0.50;£1.28/kg;Tinned Tomatoes & Puree;null;1.0;4.2;4.0;0.2;null;0.5;null;
4109557;Asda Chosen By You Italian Chopped Tomatoes with Herbs in Tomato Juice 390g;£0.50;£1.28/kg;Tinned Tomatoes & Puree;null;1.0;4.2;3.7;0.2;null;0.5;null;
4109555;Asda Chosen By You Italian Chopped Tomatoes with Chilli & Peppers in Tomato Juice 390g;£0.50;£1.28/kg;Tinned Tomatoes & Puree;null;1.0;4.2;4.0;0.2;null;0.5;null;
3284728;GIA Sun Dried Tomato Puree 80g;£0.72;£0.90/100g;Tinned Tomatoes & Puree;null;null;null;null;null;null;null;null;
2878185;ASDA Tomato Puree 200g;£0.45;£0.22/100g;Tinned Tomatoes & Puree;92;6.0;15.0;14.5;0.2;null;3.0;0.3;
15817;Asda Tomato Purée Double Concentrate 142g;£0.35;£0.24/100g;Tinned Tomatoes & Puree;null;6.0;15.0;14.5;0.2;null;3.0;0.3;
226958;ASDA Italian Passata 500g;£0.50;£0.10/100g;Tinned Tomatoes & Puree;null;1.4;5.1;4.5;0.1;null;0.3;null;
3284726;GIA Chilli Puree 80g;£0.72;£9.00/kg;Tinned Tomatoes & Puree;null;4;0;null;98;null;null;null;
998422;Asda SmartPrice Peeled Plum Tomatoes in Tomato Juice 400g;£0.31;£0.77/kg;Tinned Tomatoes & Puree;19;1.0;3.0;2.5;0.2;null;0.8;null;
22744;ASDA SmartPrice Chopped Tomatoes in Tomato Juice 400g;£0.31;£0.77/kg;Tinned Tomatoes & Puree;23;1.2;3.8;2.5;0.1;null;0.8;null;
2651796;ASDA SmartPrice Passata Tomato 500g;£0.35;£0.7/100g;Tinned Tomatoes & Puree;30;1.1;5.6;4.1;0.1;null;0.9;null;
4719901;Merchant Gourmet Spelt SunBlush Tomatoes 250g;£1.99;£7.96/kg;Tinned Tomatoes & Puree;190;5.2;29.3;3.9;4.8;0.6;4.3;0.68;
22232;Napolina Chopped Tomatoes in a Rich Tomato Juice 400g;£0.98;£2.45/kg;Tinned Tomatoes & Puree;null;1.1;3.5;3.3;0.4;null;0.3;null;
4719966;Napolina Passata with Basil 390g;£0.95;£2.44/kg;Tinned Tomatoes & Puree;null;1.6;4.1;null;0.3;null;null;null;
4719968;Napolina Passata with Peppers & Chilli 390g;£0.95;£2.44/kg;Tinned Tomatoes & Puree;null;1.3;3.9;null;0.3;null;null;null;
8722;Napolina Peeled Plum Tomatoes 400g;£0.98;£2.45/kg;Tinned Tomatoes & Puree;null;null;null;null;null;null;null;null;
1970629;Napolina Sieved Tomatoes Passata 500g;£0.55;£1.10/kg;Tinned Tomatoes & Puree;null;1.4;4.5;null;0.1;null;null;null;
2000490;Tarantella Organic Chopped Tomatoes 400g;£0.85;£0.21/100g;Tinned Tomatoes & Puree;null;1.2;3.2;3.1;0.1;null;0.9;null;
10517;Del Monte Pear Halves in Juice 415g;£1.10;£0.47/100g;Tinned Fruit;null;null;null;null;null;null;null;null;
10520;Del Monte Fruit Cocktail in Juice 415g;£1.10;£0.44/100g;Tinned Fruit;null;null;null;null;null;null;null;null;
10519;Del Monte Peach Slices in Juice 415g;£1.10;£0.44/100g;Tinned Fruit;null;null;null;null;null;null;null;null;
5006616;Princes Fruit Cocktail with Juice;£0.99;£0.40/100g;Tinned Fruit;null;0.4;9.0;9.0;0.1;0.0;0.7;0.01;
3619759;Princes Peach Slices with Juice 410g;£0.99;£0.41/100g;Tinned Fruit;null;0.5;11.8;11.8;null;null;0.8;null;
4869066;Princes Peach Slices;£3.00;£2.00/kg;Tinned Fruit;null;0.3;13.0;13.0;null;null;0.7;null;
4211650;Princes Fruit Cocktail in Syrup;£4.50;£0.17/100g;Tinned Fruit;null;0.5;12.0;12.0;null;null;1.0;null;
4211648;Princes Apples Solid Pack;£2.50;£0.9/100g;Tinned Fruit;null;0.4;11.0;11.0;0.1;null;1.6;null;
3619761;Princes Fruit Cocktail In Syrup 410g;£0.99;£0.40/100g;Tinned Fruit;null;0.3;15.0;15.0;0.1;0.0;1.1;0.01;
3387385;Princes Pear Halves 410g;£0.99;£0.41/100g;Tinned Fruit;null;0.4;15.0;15.0;0.1;0.0;1.7;0.01;
2565248;Asda Smartprice Mandarin Pieces in Light Syrup 312g;£0.35;£0.20/100g;Tinned Fruit;56;0.5;13.4;13.4;null;null;0.2;null;
2698273;Del Monte Peach Slices in Light Syrup;£0.50;£0.35/100g;Tinned Fruit;null;null;null;null;null;null;null;null;
218040;Asda Chosen By You Apple Slices 385g;£0.75;£0.19/100g;Tinned Fruit;46;0.1;10.3;8.3;null;null;2.0;null;
4047212;Asda Chosen By You Prunes in Fruit Juice 410g;£0.72;£3.06/kg;Tinned Fruit;null;0.2;24.8;20.4;0.1;null;2.3;null;
2549686;La Doria Fruit Cocktail in Light Syrup 411g;£0.84;£0.32/100g;Tinned Fruit;null;0.3;10.0;10.0;0.1;null;1.6;null;
3631102;Princes Strawberries in Syrup 420g;£0.99;£0.73/100g;Tinned Fruit;null;0.5;14.0;14.0;0.1;0.0;0.9;0.02;
134476;Asda Chosen By You Rhubarb in Light Syrup;£0.70;£0.28/100g;Tinned Fruit;null;0.5;13.0;13.0;null;null;0.8;null;
4059505;Princes Californian Pitted Prunes in Apple Juice 290g;£0.99;£0.56/100g;Tinned Fruit;null;0.2;24.8;20.8;0.2;0.1;2.3;0.01;
499159;Del Monte Pineapple Chunks in Own Juice 435g;£1.10;£0.42/100g;Tinned Fruit;null;null;null;null;null;null;null;null;
801353;Del Monte Quality Sliced Pineapple in Own Juice 220g;£0.50;£0.35/100g;Tinned Fruit;null;null;null;null;null;null;null;null;
977037;ASDA Golden Pineapple Chunks in Pineapple Juice 227g;£0.49;£0.21/100g;Tinned Fruit;null;0.3;12.0;12.0;null;null;0.5;null;
16146;ASDA Grapefruit Segments in Grapefruit Juice 540g;£0.60;£0.20/100g;Tinned Fruit;32;0.6;7.3;7.3;null;null;0.4;null;
4212108;Princes Fruit Filling Summer Fruits 410g;£1.00;£0.24/100g;Tinned Fruit;null;0.6;17.4;14.1;0.2;null;null;null;
4300085;Princes Mango Slices in Light Syrup 425g;£0.99;£0.39/100g;Tinned Fruit;null;1.2;17.3;14.9;null;null;1.9;null;
7969;Del Monte Peach Slices in Light Syrup 420g;£1.10;£0.44/100g;Tinned Fruit;null;null;null;null;null;null;null;null;
536049;Del Monte Pineapple Slices 435g;£1.10;£0.42/100g;Tinned Fruit;null;null;null;null;null;null;null;null;
4212104;Princes Fruit Filling Apple 395g;£1.00;£2.53/kg;Tinned Fruit;null;null;21.3;18.2;null;null;null;null;
4299554;Del Monte Light Fruit Cocktail 400g;£1.00;£0.40/100g;Tinned Fruit;null;null;null;null;null;null;null;null;
2308173;Dole Tropical Gold Pineapple Slices in Juice 567g;£1.00;£1.76/kg;Tinned Fruit;null;null;null;null;null;null;null;null;
4151867;Dole Fruit in Juice, Pineapple & Peaches 113g;£0.48;£0.42/100g;Tinned Fruit;null;0.4;13.4;13.4;0.1;null;0.9;0.1;
4151012;Princes Mandarin Segments in Syrup 312g;£0.99;£0.31/100g;Tinned Fruit;null;0.5;15.2;14.4;null;null;null;null;
4299560;Del Monte Quality Pineapple Chunks in Own Juice;£0.50;£0.35/100g;Tinned Fruit;null;null;null;null;null;null;null;null;
4300065;Princes Fruit Filling Black Cherry 410g;£1.00;£0.24/100g;Tinned Fruit;null;null;21.0;17.9;null;null;null;null;
4151865;Dole Fruit in Juice, Pineapple & Mandarins 113g;£0.48;£0.42/100g;Tinned Fruit;null;0.4;13.2;13.2;0.1;null;0.7;0.1;
933482;Del Monte Crushed Pineapple in Own Juice 435g;£1.10;£0.39/100g;Tinned Fruit;null;null;null;null;null;null;null;null;
1937644;Asda Chosen By You Mixed Berries in Light Syrup 300g;£0.93;£0.74/100g;Tinned Fruit;null;0.5;16.0;16.0;0.1;null;1.2;null;
164393;Asda Chosen By You Blackberries in Fruit Juice 290g;£0.90;£0.78/100g;Tinned Fruit;null;0.6;7.0;7.0;0.2;null;1.8;null;
4299550;Del Monte Prunes in Juice 410g;£1.10;£0.51/110g;Tinned Fruit;null;null;null;null;null;null;null;null;
2292625;Del Monte Apricot Halves In Syrup 410g;£1.10;£0.45/100g;Tinned Fruit;null;null;null;null;null;null;null;null;
4151869;Dole Fruit in Juice, Pineapple & Mango 113g;£0.48;£0.42/100g;Tinned Fruit;null;0.5;12.8;12.8;0.2;null;1.1;0.1;
3387387;Princes Grapefruit Segments in Juice 411g;£0.99;£0.46/100g;Tinned Fruit;null;0.4;9.0;9.0;null;null;0.7;null;
4300069;Princes Rhubarb in Light Syrup 540g;£0.99;£0.40/100g;Tinned Fruit;null;0.5;7.3;7.3;null;null;0.8;null;
3117427;Asda Chosen By You Figs 415g;£0.98;£0.46/100g;Tinned Fruit;72;0.4;17.0;14.4;0.1;null;0.8;0.2;
1937640;Asda Gooseberries in Fruit Juice 290g;£1.20;£0.82/100g;Tinned Fruit;75;0.4;18;18;0.2;null;2.4;null;
164392;Asda Chosen By You Blackcurrants in Fruit Juice 290g;£1.15;£1.00/100g;Tinned Fruit;null;0.6;8.0;8.0;null;null;2.2;null;
4543967;ASDA Smartprice Peach Slices in Light Syrup 411g;£0.35;£0.14/100g;Tinned Fruit;69;0.6;16.0;16.0;0.1;null;0.9;null;
1937642;Asda Chosen By You Blueberries in Light Syrup 300g;£1.72;£1.50/100g;Tinned Fruit;null;0.3;15.7;15.7;0.1;null;1.5;null;
4483602;Whitworths Soft Dates 300g;£1.98;£0.66/100g;Tinned Fruit;null;3.3;68.0;null;0.2;0.1;4.0;null;
3096948;Asda Chosen By You Pear Halves in Fruit Juice 411g;£0.75;£0.31/100g;Tinned Fruit;47;0.2;10.7;8.8;0.1;0.1;1.0;null;
4543971;ASDA Chosen by You Peach Slices in Fruit Juice 213g;£0.42;£0.33/100g;Tinned Fruit;null;0.6;13.0;13.0;null;null;0.9;null;
4543969;ASDA Chosen by You Peach Halves in Fruit Juice 411g;£0.68;£0.27/100g;Tinned Fruit;null;0.6;13.0;13.0;null;null;0.9;null;
4441136;Summer Pride Mango in Light Syrup 425g;£0.79;£0.31/100g;Tinned Fruit;63;1.0;14.4;12.2;0.0;0.0;0.9;0.01;
130816;Asda Smartprice Grapefruit Pieces in Light Syrup 540g;£0.34;£0.11/100g;Tinned Fruit;68;0.6;16.0;15.0;null;null;0.6;null;
3018276;Asda Smartprice Pineapple Pieces in Light Syrup 565g;£0.35;£0.10/100g;Tinned Fruit;69;0.5;16.5;16.5;null;null;0.7;null;
1921769;ASDA Grapefruit Salad in Grapefruit Juice 540g;£0.64;£0.22/100g;Tinned Fruit;32;0.6;7.3;7.3;null;null;0.4;null;
4685441;Asda Chosen By You Raspberries in Light Syrup 300g;£1.00;£0.33/100g;Tinned Fruit;70;0.7;15.5;15.5;0.2;null;1.5;null;
4850598;Oppies Cocktail Cherries Maraschino Flavour 225g;£1.59;£0.70/100g;Tinned Fruit;null;0.2;48;48;0.5;0.2;0.5;0.05;
4850596;Oppies Sliced Lemons in Lemon Juice 350g;£1.59;£0.45/100g;Tinned Fruit;null;0.4;8.7;1.4;0.2;0;2.5;0.08;
4869090;Princes Peach Slices in Light Syrup 410g;£0.99;£3.96/kg;Tinned Fruit;null;0.5;15.0;15.0;0.0;0.0;1.0;0.01;
550709;Cypressa White Kidney Beans 500g;£1.49;£2.98/kg;Beans & Pulses;null;23.6;35.7;0.2;1.8;0.5;23.5;0.0;
3298139;Morinu Silken Tofu Firm 349g;£1.24;£0.35/100g;Beans & Pulses;null;6.6;1.8;0.5;3;0.5;null;0.051;
3502022;Cypressa Red Split Lentils 500g;£1.15;£0.0/kg;Beans & Pulses;null;27.8;51.2;3.2;1.1;0.2;7.1;0.0;
3502018;Cypressa Green Lentils 500g;£1.00;£0.0/kg;Beans & Pulses;null;22.2;64.7;4.3;1.3;0.2;14.8;0.0;
3502016;Cypressa Black Eyed Peas 500g;£1.00;£0.0/kg;Beans & Pulses;null;22.7;40.0;2.8;1.7;0.6;20.8;0.0;
3507742;Chtoura Cooked Fava Beans 400g;£0.94;£2.35/kg;Beans & Pulses;null;null;null;null;null;null;null;null;
3507746;Chtoura Cooked Fava Beans 400g;£0.94;£2.35/kg;Beans & Pulses;null;null;null;null;null;null;null;null;
2966165;King Fisher Beansprouts;£0.85;£0.20/100g;Beans & Pulses;null;1.9;3.2;1.1;0.1;null;1.2;null;
3273878;Sea Isle Red Kidney Beans 500g;£1.50;£3.00/kg;Beans & Pulses;null;null;null;null;null;null;null;null;
3277898;Sea Isle Black Eyed Peas 500g;£0.85;£0.17/100g;Beans & Pulses;null;null;null;null;null;null;null;null;
3508213;Sea Isle Blackeye Beans in Salted Water 400g;£0.50;£1.25/kg;Beans & Pulses;null;null;null;null;null;null;null;null;
2760509;Bonduelle Cut Green Beans 400g;£0.77;£3.67/kg;Beans & Pulses;null;null;null;null;null;null;null;null;
3277896;Sea Isle Gungo Peas 500g;£0.85;£0.17/100g;Beans & Pulses;null;null;null;null;null;null;null;null;
2263600;Asda Chosen By You Organic Organic Mixed Beans in Water 400g;£0.70;£2.92/kg;Beans & Pulses;null;6.6;12.6;0.1;0.6;0.1;6.2;null;
1867431;Asda Green Lentils 400g;£0.54;£2.04/kg;Beans & Pulses;null;null;null;null;null;null;null;null;
164350;Asda Chosen By You Mixed Beans in Tomato Sauce 405g;£0.48;£1.19/kg;Beans & Pulses;null;5.0;15.8;0.6;0.5;0.1;4.6;0.6;
2263594;Asda Chosen By You Organic Organic Red Kidney Beans in Water 400g;£0.68;£2.83/kg;Beans & Pulses;null;7.9;12.2;0.1;0.6;null;5.6;null;
3625716;Napolina Red Kidney Beans 220g;£0.59;£5.36/kg;Beans & Pulses;null;7.5;26.5;0.5;0.5;0.1;4.9;null;
3625720;Napolina Cannellini Beans in Salted Water 220g;£0.59;£5.36/kg;Beans & Pulses;null;5.3;15.7;0.3;0.4;null;1.8;null;
2543098;Bonduelle Cut Green Beans 200g;£0.44;£4.00/kg;Beans & Pulses;null;null;null;null;null;null;null;null;
3507930;Sea Isle Beans & Peas Mix in Salted Water 400g;£0.50;£0.12/100g;Beans & Pulses;null;null;null;null;null;null;null;null;
22678;Asda SmartPrice Red Kidney Beans in Water 400g;£0.23;£0.95/kg;Beans & Pulses;null;7.4;15.0;0.3;0.6;null;8.1;null;
5005384;ASDA Good & Balanced Broad Beans in Water 300g;£0.48;£2.46/kg;Beans & Pulses;null;6.0;8.7;0.2;0.5;0.1;4.9;null;
5005354;ASDA Good & Balanced Haricot Beans in Water 300g;£0.48;£2.46/kg;Beans & Pulses;101;8.0;12.1;0.4;0.7;0.1;7.2;null;
4781490;BioFair Organic Fair Trade Quinoa Tricolore 500g;£5.99;£11.98/kg;Beans & Pulses;null;13.63;63.2;1.6;5.45;0.08;6.63;0.03;
4429339;Crosse & Blackwell Cut Green Beans in Water 290g;£0.64;£0.38/100g;Beans & Pulses;null;1.7;4.7;2.1;0.1;0.1;4.1;0.03;
2168977;KTC Black Eyed Beans in Water 400g;£0.38;£0.9/100g;Beans & Pulses;null;4.9;4;0;0.3;0;6;0.64;
2303830;KTC Chilli Beans in a Spicy Tomato Sauce 400g;£0.38;£0.9/100g;Beans & Pulses;null;4.4;9.5;3.1;0.5;0;6.0;0.56;
2000085;KTC Red Kidney Beans in Water 400g;£0.38;£0.95/kg;Beans & Pulses;null;4.4;5.3;0.0;0.3;0.0;5.8;0.56;
2168981;KTC Rosecoco Beans in Water 400g;£0.38;£0.9/100g;Beans & Pulses;null;4.1;7.9;null;0.3;null;5.4;0.75;
2168979;KTC White Kidney Beans in Water 400g;£0.38;£0.95/kg;Beans & Pulses;null;4.0;7.5;0;0.2;0;4.9;0.50;
12939;Asda Chosen By You Sliced Carrots in Water 300g;£0.30;£1.88/kg;Carrots;null;0.4;3.7;3.7;0.1;null;2.1;0.1;
11107;Asda Chosen By You Sliced Carrots in Water 550g;£0.60;£1.94/kg;Carrots;22;0.4;3.7;3.7;0.1;null;2.1;0.1;
522960;Asda SmartPrice Sliced Carrots in Water 300g;£0.19;£1.19/kg;Carrots;null;0.5;4.0;2.5;0.3;null;1.8;null;
2760513;Bonduelle Extra Small Baby Carrots 400g;£0.77;£2.91/kg;Carrots;null;null;null;null;null;null;null;null;
2543100;Bonduelle Extra Small Baby Carrots 200g;£0.42;£3.23/kg;Carrots;null;null;null;null;null;null;null;null;
4429335;Crosse & Blackwell Sliced Carrots in Water 300g;£0.64;£0.40/100g;Carrots;null;0.5;4.0;2.5;0.3;null;1.8;null;
4479307;Garden Pride Sliced Carrots in Water with Salt & Sugar Added 200g;£0.40;£0.20/100g;Carrots;20;0.5;3.5;2.7;null;null;1.9;0.03;
3778220;ASDA Pickled Gherkins 680g;£0.95;£0.25/100g;Gherkins;null;1.2;14.3;14.3;0.2;0.1;1.8;null;
3778222;ASDA Chosen By You Pickled Baby Gherkins 340g;£0.74;£0.39/100g;Gherkins;null;1.2;14.3;14.3;0.2;0.1;1.8;null;
3502006;Cypressa Cocktail Gherkins 350g;£1.16;£0.33/100g;Gherkins;null;1;4.3;3.8;0.3;null;null;1.3;
3275382;Dobre Pickled Gherkins;£1.00;£0.11/100ml;Gherkins;null;null;null;null;null;null;null;null;
4799083;Hengstenberg Hengstenberg Burger Gherkin Slices 330g;£0.99;£0.30/100g;Gherkins;null;null;null;null;null;null;null;null;
3616350;Kuhne Dill Pickles Sweet & Sour 670g;£1.96;£0.29/100g;Gherkins;null;null;null;null;null;null;null;null;
951663;ASDA Pimento Stuffed Green Olives 340g;£0.74;£0.37/100g;Olives;null;0.9;null;null;15.0;3.0;2.3;4.8;
951664;ASDA Pitted Black Olives 310g;£0.69;£0.41/100g;Olives;null;0.5;null;null;14.0;2.2;3.0;2.5;
955516;ASDA Pitted Black Olives 400g;£0.96;£0.56/100g;Olives;134;0.5;null;null;14.0;2.2;3.0;2.5;
951662;ASDA Pitted Green Olives 310g;£0.69;£0.41/100g;Olives;null;1.0;null;null;18.0;3.0;2.3;4.8;
793852;ASDA Stuffed Pimento Olives 935g;£1.88;£0.31/100g;Olives;null;0.9;null;null;15.0;3.0;2.3;4.8;
1168297;ASDA Chosen By You Garlic Stuffed Olives 340g;£0.96;£0.48/100g;Olives;null;1.1;0.1;0.1;15.0;3.0;2.2;4.8;
1168290;ASDA Chosen By You Jalapeno Stuffed Olives 340g;£0.96;£0.48/100g;Olives;null;0.8;null;null;18.0;3.0;2.0;4.8;
1768127;ASDA Chosen By You Pitted Queen Green Olives 310g;£0.89;£0.45/100g;Olives;null;1.1;null;null;12.0;2.0;2.6;4.8;
955520;ASDA Chosen By You Sliced Black Olives 180g;£0.35;£0.21/100g;Olives;null;0.5;null;null;15.0;2.3;3.0;2.5;
2567798;Crespo Black Pitted Olives in Brine 198g;£0.84;£0.93/100g;Olives;null;null;null;null;null;null;null;null;
3206369;Crespo Olives du Marche Pitted Green Olives with Chilli Peppers 70g;£0.95;£1.36/100g;Olives;null;null;null;null;null;null;null;null;
890926;Crespo Pitted Green Olives in Brine 198g;£0.88;£0.97/100g;Olives;null;null;null;null;null;null;null;null;
3206367;Crespo Pitted Green Olives with Herbs and Garlic 70g;£0.95;£1.36/100g;Olives;null;null;null;null;null;null;null;null;
3538343;Crespo Stuffed Green Olives with Anchovies 300g;£1.18;£0.98/100g;Olives;null;null;null;null;null;null;null;null;
3008261;Heliopolis Pitted Black Olives 685g;£1.32;£0.38/100g;Olives;null;0.5;null;null;14.0;2.2;3.0;2.0;
3008259;Heliopolis Pitted Green Olives 685g;£1.32;£0.37/100g;Olives;null;0.9;null;null;15.0;2.0;2.8;5.0;
3923451;Napolina Black Pitted Olives in Olive Oil 190g;£1.99;£1.81/100g;Olives;null;0.8;2.9;null;21.4;null;null;null;
3923449;Napolina Green Pitted Olives with Olive Oil 190g;£1.99;£1.81/100g;Olives;null;0.8;1.3;null;15.0;null;null;null;
3923455;Napolina Green Pitted Olives with Italian Herbs with Olive Oil 190g;£1.99;£1.81/100g;Olives;null;0.8;1.4;null;18.0;null;null;null;
414680;ASDA Chick Pea Dahl 400g;£0.98;£2.45/kg;Other Veg;null;4.4;11.9;1.7;3.9;0.7;4.3;0.7;
4685443;ASDA Prunes in Syrup 420g;£0.80;£0.19/100g;Other Veg;102;0.6;23.0;23.0;0.2;null;2.8;0.1;
401357;ASDA SmartPrice Sliced Mushrooms in Water 285g;£0.40;£2.50/kg;Other Veg;14;1.7;0.6;0.2;0.2;0.1;1.4;null;
414678;Asda Bombay Potatoes 400g;£0.98;£2.45/kg;Other Veg;64;1.6;8.5;3.1;2.2;0.3;2.1;0.4;
1867433;Asda Button Mushrooms In Water 285g;£0.72;£4.62/kg;Other Veg;11;1.7;0.6;0.2;0.2;0.1;1.4;null;
1867410;Asda Chosen By You Mixed Vegetables In Water 300g;£0.40;£2.05/kg;Other Veg;null;2.6;9.0;3.1;0.2;0.1;1.7;null;
17873;Asda Chosen By You Ratatouille 390g;£0.52;£1.33/kg;Other Veg;38;0.7;4.2;4.2;1.8;0.2;1.1;null;
4813306;Asda Chosen by You Pickled Red Cabbage 710g;£1.25;£3.91/kg;Other Veg;null;0.8;2.1;1.9;0.1;0.1;4.5;1.7;
2760515;Bonduelle Chopped Spinach 400g;£0.77;£1.92/kg;Other Veg;null;null;null;null;null;null;null;null;
3716869;Dobre Multiveg Salad;£1.00;£0.11/100ml;Other Veg;null;null;null;null;null;null;null;null;
4622441;Dobre Red Cabbage;£1.00;£0.11/100ml;Other Veg;null;null;null;null;null;null;null;null;
1782309;East End Kasuri Methi Fenugreek;£0.67;£0.67/100g;Other Veg;null;null;null;null;null;null;null;null;
3507748;El Salheya Pickled Lemon with Osfor 720g;£1.45;£0.20/100g;Other Veg;null;null;null;null;null;null;null;null;
4086140;Foresight Pease Pudding 220g;£0.48;£2.18/kg;Other Veg;null;6.0;15.9;0.5;0.7;0.1;1.7;0.50;
4479309;Garden Pride Mixed Vegetables in Water with Salt Added 200g;£0.40;£0.20/100g;Other Veg;43;0.3;9.5;7.3;0.2;null;1.1;0.02;
3229942;Green Giant Artichoke Hearts 400g;£2.35;£9.79/kg;Other Veg;null;1.8;3.0;1.0;0.1;0.0;2.9;0.70;
1970625;Green Giant Green Asparagus 190g;£1.78;£17.80/kg;Other Veg;null;1.9;1.7;1.0;0.3;0.1;1.5;0.78;
3507845;Mellis Roasted Red Peppers;£1.78;£0.24/100ml;Other Veg;null;null;null;null;null;null;null;null;
4965395;Merchant Gourmet Porcini Mushrooms 25g;£1.99;£7.96/100g;Other Veg;null;22.1;23.1;1.7;3.1;0.8;33.5;0.01;
3502028;Onassis Greek Dolmadakia 280g;£1.10;£0.39/100g;Other Veg;null;3;null;1;null;null;null;null;
4724117;Peppadew Peppers Stuffed with Cheese 250g;£3.89;£2.78/100g;Other Veg;null;null;null;null;null;null;null;null;
4006285;Peppadew Piquant?? Peppers Mild 400g;£2.98;£1.81/100g;Other Veg;null;null;null;null;null;null;null;null;
3923467;Sacla Artichoke 290g;£3.19;£1.10/100g;Other Veg;null;1.7;1.8;1.8;11.7;1.4;7.0;null;
4631162;Smak Grated Beetroot 290g;£0.84;£0.29/100g;Other Veg;null;4;4;null;1;null;null;null;
1612657;Tamtad Stuffed Vine Leaves;£1.43;£0.35/100g;Other Veg;null;null;null;null;null;null;null;null;
20700;Whitworths Dried Country Vegetables 50g;£0.58;£11.60/kg;Other Veg;null;null;null;null;null;null;null;null;
20701;Whitworths Dried Onions 40g;£0.46;£11.50/kg;Other Veg;null;10.2;68.6;48.7;1.7;null;12.1;null;
3642850;Ye Olde Oak Onions 250g;£1.00;£4.00/kg;Other Veg;null;0.7;4.7;3.6;1.4;null;1.3;null;
12696;Asda Chosen By You Garden Peas 300g;£0.38;£2.05/kg;Peas;73;5.7;7.6;1.6;0.8;0.1;6.4;null;
2013673;Asda Chosen By You Garden Peas 145g;£0.32;£3.56/kg;Peas;null;null;null;null;null;null;null;null;
2013675;Asda Chosen By You Garden Peas in Water 550g;£0.55;£1.62/kg;Peas;73;5.7;7.6;1.6;0.8;0.1;6.4;null;
4137558;Asda SmartPrice Garden Peas in Water 300g;£0.21;£1.14/kg;Peas;null;5.1;10.3;1.9;0.9;0.2;4.1;null;
211449;Asda SmartPrice Marrowfat Peas in Water 300g;£0.19;£1.06/kg;Peas;null;6.0;13.2;0.7;0.4;0.2;4.8;null;
481324;Asda SmartPrice Mushy Peas 300g;£0.16;£0.53/kg;Peas;null;6.0;14.0;1.7;0.7;0.1;2.7;0.4;
1797696;Batchelors Bigga Dried Peas Selected Marrowfats 250g;£0.50;£2.00/kg;Peas;null;6.3;18.9;0.7;0.7;0.1;3.8;1.00;
4086142;Batchelors Bigga Marrowfat Processed Peas 300g;£0.40;£1.33/kg;Peas;85;5.6;11.8;1.7;0.6;0.1;5.0;0.45;
4086144;Batchelors Bigga Marrowfat Processed Peas 538g;£0.71;£1.32/kg;Peas;85;5.6;11.8;1.7;0.6;0.1;5.0;0.45;
4086148;Batchelors Mushy Chip Shop Marrowfat Processed Peas 300g;£0.49;£1.63/kg;Peas;null;5.9;13.1;1.4;0.4;0.2;3.9;0.45;
4086150;Batchelors Mushy Original Processed Peas 300g;£0.49;£1.63/kg;Peas;null;5.9;13.1;1.4;0.4;0.2;3.9;0.45;
4100190;Batchelors Mushy Original Processed Peas 300g;£1.40;£1.56/kg;Peas;null;5.9;13.1;1.4;0.4;0.2;3.9;0.45;
1797698;Batchelors Quick Soak Dried Peas 250g;£0.49;£1.96/kg;Peas;null;10.9;17.2;2.7;1.0;0.2;7.5;null;
2543096;Bonduelle Extra Small Petits Pois 200g;£0.42;£3.00/kg;Peas;null;null;null;null;null;null;null;null;
2543102;Bonduelle Extra Small Petits Pois and Baby Carrots 200g;£0.44;£3.38/kg;Peas;null;null;null;null;null;null;null;null;
2760511;Bonduelle Petits Pois Extra Small 400g;£0.74;£2.64/kg;Peas;null;null;null;null;null;null;null;null;
4429341;Crosse & Blackwell Garden Peas in Water 290g;£0.64;£0.36/100g;Peas;null;5.7;7.6;1.6;0.8;0.1;6.4;null;
4086186;Crosse & Blackwell Marrowfat Processed Peas 300g;£0.34;£1.13/kg;Peas;null;6.2;13.7;1.3;0.4;0.2;4.8;0.45;
4086188;Crosse & Blackwell Marrowfat Processed Peas 550g;£0.44;£0.80/kg;Peas;null;7.2;14.9;1.2;0.6;0.1;6.2;0.47;
4086184;Crosse & Blackwell Marrowfat Processed Peas 145g;£0.24;£1.66/kg;Peas;null;6.2;13.7;1.3;0.4;0.2;4.8;0.5;
4086190;Crosse & Blackwell Mushy Peas Chip Shop Style 300g;£0.36;£1.20/kg;Peas;null;4.5;11.3;1.6;0.2;0.1;2.6;0.57;
4086146;Farrows Marrowfat Processed Peas 300g;£0.54;£1.80/kg;Peas;106;7.2;14.9;1.2;0.6;0.1;6.2;0.47;
4086140;Foresight Pease Pudding 220g;£0.48;£2.18/kg;Peas;null;6.0;15.9;0.5;0.7;0.1;1.7;0.50;
4037320;Green Giant Sweetcorn and Peas 198g;£0.69;£4.18/kg;Peas;null;4.2;11.6;5.1;1.1;0.3;3.8;0.40;
4037318;Green Giant Sweetcorn and Peas 198g;£1.99;£0.40/100g;Peas;null;4.2;11.6;5.1;1.1;0.3;3.8;0.40;
2000081;KTC Chick Peas in Salted Water 400g;£0.38;£0.95/kg;Peas;null;4.3;8.6;0.0;1.3;0.13;4.5;0.57;
17808;Leo Dried Peas 250g;£0.46;£1.84/kg;Peas;null;null;null;null;null;null;null;null;
3625718;Napolina Chick Peas in Salted Water 220g;£0.59;£5.36/kg;Peas;null;7.4;19.0;0.3;1.7;0.3;3.0;null;
3929540;Sammy's Black Peas in Salted Water 400g;£0.50;£0.12/100g;Peas;null;6.1;11;null;0.2;null;null;null;
3508215;Sea Isle Gunga Peas in Salted Water 400g;£0.50;£1.25/kg;Peas;null;null;null;null;null;null;null;null;
8516;Whitworths Dried peas;£1.49;£1.49/kg;Peas;null;null;null;null;null;null;null;null;
2598984;Smash Instant Mash Potato;£1.95;£6.96/kg;Potatoes & Instant Mash;null;8.3;70.7;1.8;0.9;0.7;7.7;1.13;
404548;Smash Instant Mash Potato 176g;£1.25;£7.10/kg;Potatoes & Instant Mash;null;1.4;10.9;0.5;0.5;0.1;1.1;0.17;
561634;Smash Instant Mash Potato Cheddar & Onion Flavour 107g;£0.74;£6.92/kg;Potatoes & Instant Mash;null;9.2;69.9;4.4;1.6;1.3;6.6;1.27;
4429333;Crosse & Blackwell New Potatoes in Water 300g;£0.64;£0.38/100g;Potatoes & Instant Mash;null;1.4;12.2;0.5;0.3;null;0.8;null;
1762263;Asda Chosen By You Instant Mash Cheese & Onion 100g;£0.60;£6.00/kg;Potatoes & Instant Mash;81;1.8;15.0;0.8;1.3;0.7;0.9;null;
1762259;ASDA Bubble & Squeak Instant Mash 100g;£0.60;£6.00/kg;Potatoes & Instant Mash;81;2.8;12.0;1.2;1.9;1.0;2.1;null;
3503327;Asda Chosen By You Mashed Potato 180g;£0.60;£3.33/kg;Potatoes & Instant Mash;70;1.2;15.3;0.1;0.2;0.1;1.1;null;
1762261;Asda Chosen By You Instant Mash Roasted Onion 100g;£0.60;£6.00/kg;Potatoes & Instant Mash;84;1.8;13.4;1.0;2.1;1.2;1.9;null;
864120;ASDA Chosen By You Mash with Roast Onion Snackpot 57g;£0.75;£13.16/kg;Potatoes & Instant Mash;null;2.0;15.4;1.5;4.8;2.6;2.6;null;
3586722;Asda New Potatoes in Water 540g;£0.57;£1.75/kg;Potatoes & Instant Mash;58;1.5;11.9;null;0.2;0.1;1.4;null;
3448138;Asda New Potatoes in Water 300g;£0.42;£2.55/kg;Potatoes & Instant Mash;null;null;null;null;null;null;null;null;
628386;Asda SmartPrice Instant Mashed Potato 120g;£0.28;£2.33/kg;Potatoes & Instant Mash;59;1.5;12.7;0.2;null;null;1.2;0.3;
22675;Asda SmartPrice New Potatoes in Water 550g;£0.15;£0.46/kg;Potatoes & Instant Mash;null;null;null;null;null;null;null;null;
1996202;ASDA Jersey New Potatoes 300g;£0.42;£2.47/kg;Potatoes & Instant Mash;null;1.3;13.0;0.4;0.1;null;2.1;null;
21637;ASDA Sweetcorn in Water 326g;£0.48;£1.85/kg;Sweetcorn;null;2.6;10.8;null;3.0;null;null;null;
22692;Asda SmartPrice Sweetcorn in Water 326g;£0.35;£1.35/kg;Sweetcorn;null;2.9;18.7;2.0;1.5;0.2;2.8;null;
4479305;Garden Pride Naturally Sweet Sweetcorn in Water 198g;£0.40;£0.20/100g;Sweetcorn;63;2.4;8.6;4.5;1.5;0.3;2.9;0.02;
2261020;Green Giant Baby Cobs 410g;£1.73;£7.86/kg;Sweetcorn;null;1.5;2.9;1.1;0.1;0.1;2.1;0.83;
2261018;Green Giant Green Giant Creamed Corn 418g;£0.98;£2.34/kg;Sweetcorn;null;1.4;16.5;6.3;0.4;0.0;0.5;0.75;
4471292;Green Giant Organic Sweet Corn 150g;£0.74;£5.29/kg;Sweetcorn;null;2.4;11.8;7.4;1.7;0.4;2.5;0.00;
4435712;Green Giant Original Sweet Corn 198g;£1.28;£3.88/kg;Sweetcorn;null;2.4;11.8;7.4;1.7;0.4;2.5;0.40;
8553;Green Giant Original Sweet Corn 198g;£0.65;£3.94/kg;Sweetcorn;null;2.4;11.8;7.4;1.7;0.4;2.5;0.40;
58967;Green Giant Original Sweet Corn 340g;£0.85;£2.98/kg;Sweetcorn;null;2.4;11.8;7.4;1.7;0.4;2.5;0.40;
3541160;Green Giant Original Sweet Corn 340g;£2.46;£2.88/kg;Sweetcorn;null;2.4;11.8;7.4;1.7;0.4;2.5;0.40;
4853465;Green Giant Original Sweet Corn 205g;£1.00;£6.25/kg;Sweetcorn;null;2.4;11.8;7.4;1.7;0.4;2.5;0.40;
4909704;Green Giant Original Sweet Corn 670g;£1.50;£2.63/kg;Sweetcorn;null;2.4;11.8;7.4;1.7;0.4;2.5;0.40;
8554;Green Giant Original Sweet Corn with Peppers 198g;£0.70;£4.24/kg;Sweetcorn;null;2.2;11.2;6.4;1.3;0.3;2.5;0.40;
4435714;Green Giant Original Sweetcorn 198g;£2.44;£3.70/kg;Sweetcorn;null;2.4;11.8;7.4;1.7;0.4;2.5;0.40;
2762976;Green Giant Salad Crisp Sweet Corn 150g;£0.60;£4.29/kg;Sweetcorn;null;2.4;11.8;7.4;1.7;0.4;2.5;0.7;
4853467;Green Giant Salt Free Sweet Corn 205g;£1.00;£6.25/kg;Sweetcorn;null;2.4;11.8;7.4;1.7;0.4;2.5;0.00;
11128;Green Giant Salt Free Sweetcorn 198g;£0.65;£3.94/kg;Sweetcorn;null;2.4;11.8;7.4;1.7;0.4;2.5;0.00;
4037320;Green Giant Sweetcorn and Peas 198g;£0.69;£4.18/kg;Sweetcorn;null;4.2;11.6;5.1;1.1;0.3;3.8;0.40;
4037318;Green Giant Sweetcorn and Peas 198g;£1.99;£0.40/100g;Sweetcorn;null;4.2;11.6;5.1;1.1;0.3;3.8;0.40;
2844659;ASDA Meat Free Linconshire Sausage Mix 150g;£1.00;£6.67/kg;Vegetarian Mixes;260;9.3;23.3;1.5;13.9;4.4;2.4;null;
2844663;Asda Chosen By You Meat Free Falafel Mix 120g;£1.20;£10.00/kg;Vegetarian Mixes;267;6.4;30.8;3.0;12.5;3.2;2.6;null;
514356;Asda Chosen By You Meat Free Mexican Style Chilli 120g;£0.74;£6.17/kg;Vegetarian Mixes;68;7.5;6.7;2.2;0.3;null;4.2;null;
8670;Great Scot Scotch Broth Mix 500g;£0.80;£1.60/kg;Vegetarian Mixes;null;null;null;null;null;null;null;null;
14530;Heinz Tomato Ketchup 700g;£1.99;£0.28/100g;Tomato Ketchup;102;1.2;23.2;22.8;0.1;null;null;1.8;
556281;Heinz Tomato Ketchup 342g;£1.19;£0.34/100g;Tomato Ketchup;null;0.9;24.1;23.7;0.1;null;0.7;2.2;
3195389;Hellmann's Tomato Ketchup;£1.00;£0.23/100ml;Tomato Ketchup;null;1.1;19;19;0.5;0.1;null;1.7;
2157670;Heinz Tomato Ketchup Organic 580g;£2.49;£0.42/100g;Tomato Ketchup;null;1.2;27.3;27.0;null;null;0.7;2.2;
2196492;Heinz Tomato Ketchup 460g;£1.75;£0.38/100g;Tomato Ketchup;null;0.9;24.1;23.7;0.1;null;0.7;2.2;
3402120;Heinz Tomato Ketchup 910g;£2.49;£0.27/100g;Tomato Ketchup;102;1.2;23.2;22.8;0.1;null;null;1.8;
4540586;Branston Tomato Ketchup 555g;£1.58;£0.28/100g;Tomato Ketchup;null;1.4;28;19;0;0;0.6;2.2;
3914257;Heinz Tomato Ketchup;£1.00;£0.29/100g;Tomato Ketchup;null;0.9;24.1;23.7;0.1;null;0.7;2.2;
3369197;Daddies Tomato Ketchup;£1.00;£0.16/100g;Tomato Ketchup;102;0.8;23.6;18.5;null;null;null;3.7;
3193207;Heinz Tomato Ketchup .kg;£3.59;£0.26/100g;Tomato Ketchup;null;0.9;24.1;23.7;0.1;null;0.7;2.2;
3060064;Chef Squeezy Tomato Ketchup 490g;£1.35;£0.27/100g;Tomato Ketchup;null;1.2;29.2;27.0;0.1;null;1.1;2.5;
4714500;Tiptree Tomato Ketchup 310g;£1.99;£0.64/100g;Tomato Ketchup;null;1.5;41;31;0;0;null;1.2;
4714236;ASDA Chosen by You Tomato Ketchup 370g;£0.52;£0.14/100g;Tomato Ketchup;null;2.2;24.5;22.6;0.6;0.4;0.5;1.2;
4714238;ASDA Chosen by You Tomato Ketchup 510g;£0.63;£0.12/100g;Tomato Ketchup;null;2.2;24.5;22.6;0.6;0.4;0.5;1.2;
4714240;ASDA Chosen by You Tomato Ketchup 970g;£1.12;£0.11/100g;Tomato Ketchup;null;2.2;24.5;22.6;0.6;0.4;0.5;1.2;
1670622;ASDA Smartprice Tomato Ketchup 550g;£0.36;£0.6/100g;Tomato Ketchup;null;0.7;27.1;27.1;0.2;0.2;0.5;0.7;
5000721;Heinz Jalapeno Chilli Ketchup;£1.00;£0.45/100ml;Tomato Ketchup;null;null;null;null;null;null;null;null;
4862053;Heinz Tomato Ketchup 555g;£2.05;£0.36/100g;Tomato Ketchup;null;1.4;11.9;11.4;0.1;null;null;1.3;
8371;Hellmann's Real Mayonnaise 400g;£1.89;£0.47/100g;Mayonnaise;null;1.1;1.3;1.3;79;24;null;1.5;
3121830;Hellmann's Real Squeezy Mayonnaise;£3.98;£0.53/100ml;Mayonnaise;null;1.0;1.5;1.5;79.0;6.0;null;1.5;
3184888;Hellmann's Real Mayonnaise;£1.96;£0.32/100g;Mayonnaise;null;1.1;1.3;1.3;79;24;null;1.5;
3121832;Hellmann's Light Mayonnaise;£3.98;£0.53/100ml;Mayonnaise;null;0.5;6.0;2.5;26.0;2.5;null;1.7;
3158824;Heinz Mayonnaise Handy Pack 270g;£1.00;£0.37/100g;Mayonnaise;660;0.9;3.0;2.9;71.5;5.4;null;1.1;
2876954;Hellmann's Real Squeezy Mayonnaise;£1.44;£0.33/100ml;Mayonnaise;null;1.0;1.4;1.2;73.2;23.3;null;1.5;
19280;Hellmann's Light Mayonnaise 400g;£1.89;£0.47/100g;Mayonnaise;null;0.5;5.9;2.3;26;6.9;null;1.7;
4163285;Heinz Light Mayonnaise;£1.97;£0.34/100g;Mayonnaise;278;1.0;8.2;3.8;26.6;2.3;0.2;1.8;
2876956;Hellmann's Light Squeezy Mayonnaise;£1.44;£0.33/100ml;Mayonnaise;null;0.5;6.0;2.5;26.0;2.5;null;1.7;
1279902;Hellmann's Lighter than Light Mayonnaise 400g;£1.89;£0.47/100g;Mayonnaise;null;0.7;10;4.1;2.9;0.7;null;1.7;
3184890;Hellmann's Light Mayonnaise;£1.96;£0.32/100g;Mayonnaise;null;0.5;5.9;2.3;26;6.9;null;1.7;
2876958;Hellmann's Lighter than Light Squeezy Mayonnaise;£1.44;£0.33/100ml;Mayonnaise;null;0.7;10;4.1;2.9;0.7;null;1.7;
4163283;Heinz A Magnificent Mayonnaise;£1.97;£0.35/100g;Mayonnaise;660;0.9;3.0;2.9;71.5;5.4;0.1;1.1;
4311225;Hellmann's Real Squeezy Mayonnaise;£1.70;£0.68/100ml;Mayonnaise;null;1.1;1.5;1.3;79.1;25.2;null;1.5;
4674943;ASDA Smartprice Mayonnaise 500g;£0.40;£0.8/100g;Mayonnaise;276;0.3;11.1;4.7;25.5;1.8;0.2;1.2;
8370;Hellmann's Real Mayonnaise 200g;£1.39;£0.69/100g;Mayonnaise;null;1.1;1.3;1.3;79;24;null;1.5;
3158826;Heinz Light Squeezy Mayonnaise 285g;£1.00;£0.35/100g;Mayonnaise;278;1.0;8.2;3.8;26.6;2.3;0.2;1.8;
19282;Hellmann's Light Mayonnaise 200g;£1.39;£0.69/100g;Mayonnaise;null;0.5;5.9;2.3;26;2.6;null;1.7;
4742435;ASDA Chosen by You Mayonnaise 470g;£0.82;£0.17/100g;Mayonnaise;707;1.0;2.4;1.8;77.0;5.8;null;1.1;
3359706;Hellmann's Garlic Mayonnaise;£1.79;£0.71/100ml;Mayonnaise;null;0.7;6.7;2.2;27;2.7;null;1.7;
4742441;ASDA Chosen by You Squeezy Mayonnaise 425g;£0.98;£0.23/100g;Mayonnaise;null;1.0;2.4;1.8;77.0;5.8;null;1.1;
4742445;ASDA Chosen by You Light Mayonnaise 510g;£0.82;£0.16/100g;Mayonnaise;342;1.1;16.8;7.6;30.0;2.5;null;1.7;
4742433;ASDA Chosen by You Lighter Squeezy Mayonnaise 450g;£0.98;£0.21/100g;Mayonnaise;null;0.9;13.4;6.7;5.0;0.7;null;1.8;
3537548;Nando's Perinaise Original Mild;£1.87;£0.74/100ml;Mayonnaise;null;null;null;null;null;null;null;null;
4742449;ASDA Chosen by You Light Squeezy Mayonnaise 450g;£0.98;£0.21/100g;Mayonnaise;null;1.1;16.8;7.6;30.0;2.5;null;1.7;
4742443;ASDA Chosen by You Light Mayonnaise 770g;£1.23;£0.16/100g;Mayonnaise;342;1.1;16.8;7.6;30.0;2.5;null;1.7;
3359704;Hellmann's Chilli Squeezy Mayonnaise;£1.79;£0.71/100ml;Mayonnaise;null;0.8;7.5;3.4;27;2.6;null;1.9;
4742431;ASDA Chosen by You Mayonnaise 710g;£1.23;£0.17/100g;Mayonnaise;707;1.0;2.4;1.8;77.0;5.8;null;1.1;
4311227;Hellmann's Light Mayonnaise;£1.68;£0.67/100ml;Mayonnaise;null;0.5;6.0;2.5;26.0;2.5;null;1.7;
3539265;Hellmann's Mustard Squeezy Mayonnaise;£1.79;£0.71/100ml;Mayonnaise;null;1.3;6.4;2.5;27;2.8;null;1.8;
4304546;Heinz Roasted Garlic Squeezy Mayonnaise 220g;£1.00;£0.45/100g;Mayonnaise;540;1.1;4.3;4.2;57.6;4.2;null;1.2;
4742437;ASDA Chosen by You Lighter Mayonnaise 510g;£0.82;£0.16/100g;Mayonnaise;102;0.9;13.4;6.7;5.0;0.7;null;1.8;
4256384;Tiger Tiger Gluten Free Squeezy Mayonnaise 280g;£1.25;£0.44/100g;Mayonnaise;null;1.4;5.8;4.3;45.6;5.4;0.3;null;
3359708;Hellmann's Lemon Squeezy Mayonnaise;£1.79;£0.71/100ml;Mayonnaise;null;0.7;6.2;2.3;27;2.6;null;1.7;
4692237;ASDA Chosen by You Garlic Squeezy Mayonnaise 252g;£1.00;£0.39/100g;Mayonnaise;null;0.9;8.6;4.0;26.3;2.2;0.4;1.2;
3891121;Hellmann's Caramelised Onion Mayonnaise;£1.79;£0.71/100ml;Mayonnaise;null;0.9;8.4;4;27;2.6;null;1.4;
4742439;ASDA Chosen by You Mayonnaise 235g;£0.59;£0.25/100g;Mayonnaise;707;1.0;2.4;1.8;77.0;5.8;null;1.1;
4304542;Heinz Caramelised Onion Squeezy Mayonnaise 220g;£1.00;£0.45/100g;Mayonnaise;547;1.4;5.1;5.0;57.8;4.9;0.1;1.2;
3891129;Hellmann's Pepper Squeezy Mayonnaise;£1.79;£0.71/100ml;Mayonnaise;null;0.8;8.0;4.0;27.0;2.5;null;1.4;
4742447;ASDA Chosen by You Light Mayonnaise 255g;£0.59;£0.23/100g;Mayonnaise;342;1.1;16.8;7.6;30.0;2.5;null;1.7;
4692239;ASDA Chosen by You Mustard Squeezy Mayonnaise 252g;£1.00;£0.39/100g;Mayonnaise;null;1.5;7.5;2.6;27.5;2.3;0.4;1.2;
4692235;ASDA Chosen by You Chilli Squeezy Mayonnaise 252g;£1.00;£0.39/100g;Mayonnaise;null;0.9;7.8;3.1;26.4;2.2;0.4;1.2;
3484253;ASDA Chocolate Delight 59g;£0.28;£0.47/100g;Angel Delight;460;4.2;77.0;43.3;14.6;9.7;2.1;null;
3484247;ASDA Smartprice Strawberry Flavour Whip Dessert 44g;£0.17;£0.38/100g;Angel Delight;98;3.2;13.6;10.2;3.4;2.6;0.1;0.5;
4323986;Angel Delight Banana Flavour 59g;£0.39;£0.66/100g;Angel Delight;null;2.3;69.3;56.1;20.9;17.4;0.3;2.7;
3900106;Angel Delight Butterscotch 59g;£0.39;£0.66/100g;Angel Delight;null;2.0;75.4;55.8;18.0;15.0;0.0;2.14;
1897266;Angel Delight Butterscotch Flavour 47g;£0.39;£0.83/100g;Angel Delight;null;4.2;61.6;9.9;24.4;20.4;0.0;2.98;
3900108;Angel Delight Chocolate Flavour 59g;£0.39;£0.66/100g;Angel Delight;null;3.3;73.1;53.5;14.5;11.9;2.6;2.43;
3900110;Angel Delight Chocolate Flavour 47g;£0.39;£0.83/100g;Angel Delight;null;5.6;58.9;8.3;21.2;17.5;3.2;2.63;
1897278;Angel Delight Strawberry Flavour 59g;£0.39;£0.66/100g;Angel Delight;null;2.3;71.6;55.9;20.8;17.4;null;2.38;
1897276;Angel Delight Strawberry Flavour 47g;£0.39;£0.83/100g;Angel Delight;null;null;null;null;null;null;null;null;
4296849;Ambrosia Devon Dream Vanilla Sauce;£0.89;£0.34/100ml;Condensed Milk & Cream;null;3.1;15.4;11.9;3.1;1.8;0.0;0.13;
4669946;Ambrosia Devon Dream Vanilla Sauce;£1.39;£0.29/100ml;Condensed Milk & Cream;null;3.1;15.0;11.8;3.1;1.8;0.0;0.15;
3454654;Asda Chosen By You Condensed Milk 397g;£1.00;£0.25/100g;Condensed Milk & Cream;324;7.8;55.3;55.3;8.0;5.4;null;0.2;
1162757;Asda Chosen By You Evaporated Milk 410g;£0.55;£0.13/100g;Condensed Milk & Cream;161;7.8;12.2;12.2;9.0;6.1;null;0.3;
1706421;Asda Chosen By You Evaporated Semi-Skimmed Milk 410g;£0.55;£0.13/100g;Condensed Milk & Cream;108;7.0;11.0;11.0;4.0;2.6;null;0.3;
1503084;Carnation Cook With Condensed Milk;£1.00;£0.25/100g;Condensed Milk & Cream;325;null;null;null;null;null;null;null;
1503103;Carnation Cook With Light Condensed Milk 405g;£1.00;£0.24/100g;Condensed Milk & Cream;null;null;null;null;null;null;null;null;
19180;Carnation Evaporated Milk 170g;£0.65;£0.38/100g;Condensed Milk & Cream;160;null;null;null;null;null;null;null;
19181;Carnation Topping Evaporated Milk 410g;£0.79;£0.19/100g;Condensed Milk & Cream;160;null;null;null;null;null;null;null;
20850;Carnation Topping Light Evaporated Milk 410g;£0.79;£0.19/100g;Condensed Milk & Cream;108;null;null;null;null;null;null;null;
4836262;Mackay's Blueberry Preserve 340g;£1.49;£0.43/100g;Jams & Preserves;null;0.2;66.7;66.4;0;0;null;0;
4704888;Robinsons Fruit Shoot Apple & Blackcurrant Less Sugar Jam 300g;£1.19;£0.39/100g;Jams & Preserves;null;0.4;41.9;40.9;0.3;0.1;1.7;0.0;
4713355;Frank Cooper Red Plum Oxford Conserve 340g;£1.99;£0.58/100g;Jams & Preserves;null;0.3;60.0;52.0;0.3;0.1;null;0.13;
4836268;Mackay's Hand Stirred Morello Cherry Conserve 340g;£1.99;£0.58/100g;Jams & Preserves;null;0.5;63.9;63.6;0.1;0;null;0;
4838928;Mackay's Rhubarb & Ginger Preserve 340g;£1.49;£0.43/100g;Jams & Preserves;null;0.3;66.7;66.3;0;0;null;0;
4836260;Mackay's Scottish 3 Berry Preserve 340g;£1.49;£0.43/100g;Jams & Preserves;null;0.3;67.6;67.3;0;0;null;0;
4836264;Mackay's Hand Stirred Scottish Strawberry Conserve 340g;£1.99;£0.58/100g;Jams & Preserves;null;0.4;64.1;63.8;0.1;0;null;0;
4836256;Mackay's Scottish Strawberry Preserve 340g;£1.49;£0.43/100g;Jams & Preserves;null;0.3;67.2;66.9;0;0;null;0;
4836266;Mackay's Hand Stirred Scottish Raspberry Conserve 340g;£1.99;£0.58/100g;Jams & Preserves;null;0.7;64.6;64.3;0.2;0.1;null;0;
4723261;Hartley's Strawberry Jam Less Sugar More Fruit 320g;£1.49;£0.46/100g;Jams & Preserves;null;0.4;44.4;37.7;0.2;0.1;null;0.1;
4704886;Robinsons Fruit Shoot Strawberry & Summer Fruits Less Sugar Jam 300g;£1.19;£0.39/100g;Jams & Preserves;null;0.8;41.9;40.4;0.3;0.1;1.1;0.0;
4723259;Hartley's Apricot Jam Less Sugar More Fruit 320g;£1.49;£0.46/100g;Jams & Preserves;null;0.5;44.4;38.6;0.1;0.0;null;0.1;
4713347;Hartley's Best Pineapple Jam;£0.97;£0.28/100g;Jams & Preserves;null;0.2;60.7;54.5;0.1;0.0;null;0.09;
4723263;Hartley's Raspberry Jam Less Sugar More Fruit 320g;£1.49;£0.46/100g;Jams & Preserves;null;0.7;44.1;38.1;0.2;0.1;null;0.2;
4682189;Hartley's Seedless Strawberry Jam;£0.97;£0.28/100g;Jams & Preserves;null;0.4;60.4;53.1;0.2;0.1;null;0.01;
4669672;Roots & Wings Organic Strawberry Jam 340g;£2.69;£0.79/100g;Jams & Preserves;null;0.5;65.3;65.0;0.1;0.03;1.7;0.03;
4669674;Roots & Wings Organic Raspberry Jam 340g;£2.69;£0.79/100g;Jams & Preserves;null;0.69;65.1;65.0;0.4;0.1;2.2;0.02;
4675091;Roots & Wings Organic Lemon Curd 300g;£2.99;£0.99/100g;Jams & Preserves;null;3.8;49.3;46.3;19.2;5.3;1.7;0.12;
4669676;Roots & Wings Organic Blackcurrant Jam 340g;£2.69;£0.79/100g;Jams & Preserves;null;0.69;65.9;65.5;0.19;0.05;1.98;0.02;
4724167;Wilkin & Son Apricot Conserve 340g;£2.19;£0.64/100g;Jams & Preserves;null;null;null;null;null;null;null;null;
4724169;Wilkin & Son Blackcurrent Conserve 340g;£2.19;£0.64/100g;Jams & Preserves;null;null;null;null;null;null;null;null;
4724165;Wilkin & Son Sweet Tip Raspberry Conserve 340g;£2.19;£0.64/100g;Jams & Preserves;null;null;null;null;null;null;null;null;
4724163;Wilkin & Son Raspberry Seedless Conserve 340g;£2.19;£0.64/100g;Jams & Preserves;null;null;null;null;null;null;null;null;
4724161;Wilkin & Son Strawberry Conserve 340g;£2.19;£0.64/100g;Jams & Preserves;null;null;null;null;null;null;null;null;
4724171;Wilkin & Sons Ltd Orange Fine Cut Marmalade 454g;£2.19;£0.48/100g;Jams & Preserves;null;null;null;null;null;null;null;null;
4724173;Wilkin & Son Orange & Tangerine Fine Cut Marmalade 454g;£2.19;£0.48/100g;Jams & Preserves;null;null;null;null;null;null;null;null;
4713349;Frank Cooper Raspberry Oxford Conserve 340g;£1.99;£0.58/100g;Jams & Preserves;null;0.5;58.8;57.1;0.1;0.1;null;0.20;
4713351;Frank Cooper Strawberry Oxford Conserve 340g;£1.99;£0.58/100g;Jams & Preserves;null;0.4;61.0;58.0;0.6;0.3;null;0.13;
4713353;Frank Cooper Red Cherry Oxford Conserve 340g;£1.99;£0.58/100g;Jams & Preserves;null;0.4;63.0;44.0;0.3;0.2;null;0.2;
4771300;Bonne Maman Wild Berry Conserve 370g;£2.69;£0.72/100g;Jams & Preserves;null;null;null;null;null;null;null;null;
2022202;Asda Extra Special Cherry Conserve 340g;£1.50;£0.44/100g;Jams & Preserves;null;0.5;59.7;59.7;0.3;0.3;0.8;null;
967087;Hartley's Best Strawberry Jam;£0.97;£0.28/100g;Jams & Preserves;null;0.4;60.4;53.1;0.2;0.1;null;0.06;
2027256;Hartley's Best Blueberry Jam;£0.97;£0.28/100g;Jams & Preserves;null;0.2;60.7;54.8;0.1;0.0;null;0.19;
4590856;Hartley's Smooth Blackcurrant Jam 340g;£1.69;£0.49/100g;Jams & Preserves;null;0.5;61.5;59.5;0.0;0.0;null;0.2;
4590858;Hartley's Smooth Apricot Jam 340g;£1.69;£0.49/100g;Jams & Preserves;null;0.4;61.6;61.6;0.0;0.0;null;0.03;
4590854;Hartley's Smooth Raspberry Jam 340g;£1.69;£0.49/100g;Jams & Preserves;null;0.6;61.3;59.3;0.1;0.0;null;0.04;
4590852;Hartley's Smooth Strawberry Jam 340g;£1.69;£0.49/100g;Jams & Preserves;null;0.4;61.4;61.2;0.2;0.0;null;0.04;
1527459;Hartley's No Bits Strawberry Jam 340g;£1.00;£0.29/100g;Jams & Preserves;null;0.3;63.6;57.9;0.1;0.0;null;0.20;
1362156;Hartley's Best Seedless Raspberry Jam;£0.97;£0.21/100g;Jams & Preserves;null;0.6;60.3;53.0;0.0;0.0;null;0.21;
967090;Hartley's Best Raspberry Jam;£0.97;£0.28/100g;Jams & Preserves;247;0.4;60.5;53.2;0.1;0.0;null;0.17;
1527460;Hartley's No Bits Raspberry Jam 340g;£1.00;£0.29/100g;Jams & Preserves;null;0.5;63.4;51.4;0.1;0.0;null;0.20;
967082;Hartley's Best Blackcurrant Jam;£0.97;£0.28/100g;Jams & Preserves;null;0.3;60.7;55.1;0.0;0.0;null;0.34;
967086;Hartley's Best Apricot Jam;£0.97;£0.28/100g;Jams & Preserves;null;0.4;60.6;55.3;0.0;0.0;null;0.08;
967085;Hartley's Best Damson Jam;£0.97;£0.28/100g;Jams & Preserves;null;0.2;60.8;54.9;0.0;0.0;null;0.26;
967081;Hartley's Best Black Cherry Jam;£0.97;£0.28/100g;Jams & Preserves;null;0.4;60.4;54.1;0.2;0.0;null;0.16;
2657443;Hartley's Best Bramble Jelly;£0.97;£0.28/100g;Jams & Preserves;null;0.3;64.6;59.5;0.1;0.0;null;0.17;
209769;St Dalfour Blueberry Premium Jam 284g;£1.99;£0.70/100g;Jams & Preserves;null;null;null;null;null;null;null;null;
209767;St Dalfour Raspberry Spread 284g;£1.99;£0.70/100g;Jams & Preserves;null;null;null;null;null;null;null;null;
209766;St Dalfour Strawberry 284g;£1.99;£0.70/100g;Jams & Preserves;null;null;null;null;null;0.1;null;null;
3653499;Weight Watchers Reduced Sugar Strawberry Jam;£1.58;£0.63/100g;Jams & Preserves;null;null;null;null;null;null;null;null;
222317;Gale's Lemon Curd 410g;£1.20;£0.29/100g;Jams & Preserves;null;0.8;61.0;52.2;4.9;1.6;null;0.10;
2302447;Baxter's Our Tasty Country Berry Jam 340g;£1.77;£0.52/100g;Jams & Preserves;null;0.5;60.0;null;0.1;null;null;null;
2302445;Baxter's Our Juicy Raspberry Jam 340g;£1.77;£0.52/100g;Jams & Preserves;null;0.7;60.0;60.0;0.1;0.0;3.2;0.1;
2302449;Baxter's Our Traditional Rhubarb & Ginger Jam 340g;£1.77;£0.52/100g;Jams & Preserves;null;0.4;65.0;null;0.1;null;null;null;
2302443;Baxter's Strawberry Jam 340g;£1.77;£0.52/100g;Jams & Preserves;null;0.4;60.0;60.0;0.0;0.0;1.1;0.1;
2021017;Asda Good For You Reduced Sugar Raspberry Jam 320g;£1.20;£0.37/100g;Jams & Preserves;null;0.4;31.8;30.0;0.1;0.1;1.4;null;
2022194;Hartley's Apricot Conserve 340g;£1.50;£0.44/100g;Jams & Preserves;null;0.5;60.2;59.8;null;null;0.9;null;
2022196;Asda Extra Special Blackcurrant Conserve 340g;£1.50;£0.44/100g;Jams & Preserves;null;0.6;57.1;57.1;null;null;3.2;null;
2022198;Asda Extra Special Plum Conserve 340g;£1.50;£0.44/100g;Jams & Preserves;null;0.3;58.3;57.5;null;null;1.0;null;
2022192;Asda Extra Special Raspberry Conserve 340g;£1.50;£0.44/100g;Jams & Preserves;null;0.7;59.4;59.4;0.2;0.2;2.6;null;
4836250;Mackay's Dundee Marmalade 340g;£1.19;£0.35/100g;Marmalade;null;0.3;67.0;66.7;0;0;null;0;
4836254;Mackay's Vintage Marmalade 340g;£1.19;£0.35/100g;Marmalade;null;0.4;66.9;66.7;0;0;null;0;
4836252;Mackay's Seville Marmalade 340g;£1.19;£0.35/100g;Marmalade;null;0.3;67.0;66.7;0;0;null;0;
458041;Robertsons Golden Shredless Marmalade;£0.89;£0.19/100g;Marmalade;null;0.1;62.9;53.5;0.0;0.0;null;0.20;
1198970;Robertsons Golden Shred Chunky Marmalade;£0.89;£0.19/100g;Marmalade;null;0.3;62.7;52.7;0.0;0.0;null;0.20;
7916;Robertsons Silver Shred Fine Cut Lemon Jelly Marmalade;£0.89;£0.19/100g;Marmalade;null;0.1;62.9;53.6;0.0;0.0;null;0.10;
2021023;Asda Good for You Reduced Sugar Orange Marmalade 320g;£1.20;£0.37/100g;Marmalade;null;0.3;26.7;24.5;0.1;0.1;1.3;null;
2922157;Robertsons Golden Shred Light Marmalade;£0.89;£0.21/100g;Marmalade;null;null;null;null;null;null;null;null;
913861;Frank Cooper Oxford Fine Cut Oxford Marmalade 454g;£1.99;£0.43/100g;Marmalade;null;0.1;9.9;9.9;0;0;0.1;null;
12044;Frank Cooper Original Oxford Marmalade 454g;£1.99;£0.43/100g;Marmalade;null;0.1;10.1;8.7;0;0;0.2;null;
8067;Hartley's Ma Made Thin Cut Seville Oranges 850g;£1.99;£0.23/100g;Marmalade;null;null;null;null;null;null;null;null;
211957;Hartley's Olde English Marmalade Thick Cut 454g;£1.69;£0.37/100g;Marmalade;null;0.3;64.6;54.7;0.1;0.0;null;0.10;
3216947;Rose's Lemon & Lime Fine Cut Marmalade;£0.89;£0.19/100g;Marmalade;null;0.2;64.8;null;0.0;null;null;null;
2657451;Rose's Lime Fine Cut Marmalade;£0.89;£0.19/100g;Marmalade;null;0.1;65.9;null;0.0;null;null;null;
3275458;Bonne Maman Bitter Orange Marmalade 370g;£2.20;£0.59/100g;Marmalade;null;0.3;59;null;0.1;null;0.6;0;
915223;Duerr's Fine Cut Seville Orange Marmalade 454g;£1.38;£0.30/100g;Marmalade;null;0.2;63;null;null;null;null;null;
2302451;Baxter's Our Tangy Orange Thin Cut Marmalade 340g;£1.77;£0.52/100g;Marmalade;null;2.3;65.0;null;1.1;null;null;null;
2302455;Baxter's Our Classic Three Fruits Marmalade 340g;£1.77;£0.52/100g;Marmalade;null;0.2;65.0;null;0.0;null;null;null;
2657840;Old Time Irish orange marmalde - coarse cut 454g;£1.59;£0.35/100g;Marmalade;null;0.3;66.7;64.1;0;0;null;null;
379885;Asda Chosen By You Fine Cut Marmalade 454g;£0.55;£0.12/100g;Marmalade;null;0.5;65;60;0.5;0.1;0.5;0.10;
379888;Asda Chosen By You Shredless Marmalade 454g;£0.55;£0.12/100g;Marmalade;null;0.2;62.8;57.3;null;null;0.5;null;
379891;Asda Chosen By You Thick Cut Marmalade 454g;£0.55;£0.12/100g;Marmalade;null;0.4;62.6;57.9;null;null;0.9;0.1;
379890;Asda Chosen By You Fine Cut Lime Marmalade 454g;£0.55;£0.12/100g;Marmalade;null;0.1;62.9;58.7;null;null;0.4;0.3;
379894;ASDA Ginger Preserve 454g;£0.89;£0.19/100g;Marmalade;null;0.5;63;57;0.5;0.4;1.6;0.40;
22698;Asda Smartprice Orange Marmalade 454g;£0.27;£0.5/100g;Marmalade;null;0.2;63.8;51.1;null;null;0.3;0.2;
4724686;Asda Extra Special Lemon Curd 320g;£1.69;£0.52/100g;Marmalade;null;2.8;63.1;54.6;8.6;5.5;1.0;0.2;
3251951;Duerr's Fine Cut Spanish Grapefruit Marmalade 454g;£1.38;£0.30/100g;Marmalade;null;0.2;66;null;null;null;null;null;
3251955;Duerr's Shredless Seville Orange Marmalade 454g;£1.38;£0.30/100g;Marmalade;null;0.1;64.6;57.0;0.27;0.1;0.5;0.1;
3251949;Duerr's Thick Cut Seville Orange Marmalade 454g;£1.38;£0.30/100g;Marmalade;null;0.3;63.2;null;null;null;null;null;
4713381;Frank Cooper Oxford Marmalade 454g;£1.99;£0.43/100g;Marmalade;null;null;62.2;53.5;0.2;0.1;0.6;0.10;
4713383;Frank Cooper Oxford Marmalade Coarse Cut 454g;£1.99;£0.43/100g;Marmalade;null;0.4;63.2;61.6;0.3;0.2;null;0.15;
4713357;Golden Shred Seville Orange 340g;£1.79;£0.52/100g;Marmalade;null;0.1;62.9;56.5;0.0;0.0;null;0.14;
3629303;Hartley's Breakfast Medium Cut Marmalade 454g;£1.69;£0.37/100g;Marmalade;null;0.2;63.8;null;0.0;null;null;null;
7917;Robertsons Golden Shred;£0.89;£0.19/100g;Marmalade;null;0.1;62.9;53.0;0.0;0.0;null;0.20;
4713359;Robertsons Verna & Primafiora Lemon 340g;£1.79;£0.52/100g;Marmalade;null;0.0;63.0;60.2;0.0;0.0;null;0.1;
4581284;Streamline Reduced Thin Cut Orange Marmalade 340g;£1.45;£0.42/100g;Marmalade;null;0.4;41.9;41.4;0.2;0.1;0.8;0.0;
4713373;Gale's Honey with Cinnamon 315g;£2.99;£0.94/100g;Honey;null;0.4;76.4;76.4;0.0;0.0;null;null;
4723265;Gale's Mild Honey 340g;£2.59;£0.76/100g;Honey;null;null;null;null;null;null;null;null;
4713365;Gale's Original Set Honey 315g;£2.59;£0.82/100g;Honey;null;null;null;null;null;null;null;null;
4713367;Gale's Soothing Honey with Lemon Juice 315g;£2.99;£0.94/100g;Honey;null;0.4;72.2;72.2;0.0;0.0;null;null;
3216949;Gale's Original Honey 340g;£2.59;£0.76/100g;Honey;null;null;null;null;null;null;null;null;
4713371;Gale's Honey with Vanilla 315g;£2.99;£0.94/100g;Honey;null;0.4;76.4;76.4;0.0;0.0;null;null;
4360618;Rowse Pure & Natural Honey 340g;£2.00;£0.58/100g;Honey;null;0.5;81.5;80.8;0.5;0.2;0.5;0.03;
3251927;Rowse Pure & Natural Honey 340g;£2.59;£0.76/100g;Honey;null;0.5;81.5;80.8;0.5;0.2;0.5;0.03;
3251929;Rowse Honey 340g;£2.59;£0.76/100g;Honey;null;0.5;81.5;80.8;0.5;0.2;0.5;0.03;
4705963;Rowse Honey With A Hint Of Cinnamon 250g;£1.99;£0.79/100g;Honey;null;0.5;81.5;80.8;0.5;0.2;0.5;0.03;
4705977;Rowse Supahoney Manuka, Honey & Lemon 250g;£5.49;£2.20/100g;Honey;null;0.1;86.9;85.9;0.1;0.1;null;0.1;
4705975;Rowse Supahoney Manuka + Honey 250g;£5.49;£2.20/100g;Honey;null;0.1;86.9;85.9;0.1;0.1;null;0.1;
4705967;Rowse Honey With A Hint Of Raspberry 250g;£1.99;£0.79/100g;Honey;null;0.5;81.5;80.8;0.5;0.2;0.5;0.03;
4360612;Rowse Pure & Natural Honey 250g;£1.99;£0.79/100g;Honey;null;0.5;81.5;80.8;0.5;0.2;0.5;0.03;
4726113;Rowse Pure & Natural Honey 680g;£4.00;£0.58/100g;Honey;null;0.5;81.5;80.8;0.5;0.2;0.5;0.03;
4705981;Rowse Organic Pure Honey 340g;£2.99;£0.87/100g;Honey;null;0.5;81.5;80.8;0.5;0.2;0.5;0.03;
4705965;Rowse Honey With A Hint Of Apple 250g;£1.99;£0.79/100g;Honey;null;0.5;81.5;80.8;0.5;0.2;0.5;0.03;
3637000;Rowse Light & Mild Honey 340g;£2.00;£0.58/100g;Honey;null;0.5;81.5;80.8;0.5;0.2;0.5;0.03;
4705971;Rowse Australian Honey 250g;£2.99;£1.20/100g;Honey;null;0.5;81.5;80.8;0.5;0.2;0.5;0.03;
4705969;Rowse Acacia Honey 250g;£2.99;£1.20/100g;Honey;null;0.5;81.5;80.8;0.5;0.2;0.5;0.03;
4724179;Wilkin & Son Set Honey 340g;£3.49;£1.03/100g;Honey;null;null;null;null;null;null;null;null;
4724177;Wilkin & Son English Honey 340g;£4.99;£1.47/100g;Honey;null;null;null;null;null;null;null;null;
4724175;Wilkin & Son Borage Clear Honey 340g;£4.99;£1.47/100g;Honey;null;null;null;null;null;null;null;null;
4682179;Gale's Blossom Honey 340g;£1.50;£0.44/100g;Honey;null;null;null;null;null;null;null;null;
4682181;Gale's Orginal Set Honey 340g;£1.50;£0.44/100g;Honey;null;null;null;null;null;null;null;null;
4406045;ASDA Extra Special English Set Honey 340g;£3.99;£1.17/100g;Honey;341;0.1;84.2;82.1;0.4;0.2;0.1;null;
4360628;Clarks Clear Honey 340g;£2.68;£0.78/100g;Honey;null;0.1;82.8;81.8;null;0.10;0.5;0.050;
4492531;Rowse Manuka Honey 250g;£19.99;£8.00/100g;Honey;null;0.1;86.9;85.9;0.1;0.1;null;0.1;
4705979;Rowse Cut Comb in Acacia Honey 340g;£6.99;£2.06/100g;Honey;null;0.5;81.5;80.8;0.5;0.2;0.5;0.03;
1649787;ASDA Organic Clear Mexican Honey 340g;£2.64;£0.77/100g;Honey;null;0.2;79.4;73.0;0.5;0.1;null;null;
3507762;Shifaa Honey with Comb 340g;£3.48;£1.02/100g;Honey;null;0.4;82.6;null;0.1;null;null;null;
4366033;Rowse Manuka Kosher Honey 250g;£11.99;£4.80/100g;Honey;null;0.1;86.9;85.9;0.1;0.1;null;0.1;
961235;Asda Chosen By You Squeezy Pure Clear Hone 250g;£1.39;£0.55/100g;Honey;null;0.1;84.3;82.1;0.4;0.2;0.1;null;
885997;Asda Chosen By You Pure Clear Honey 454g;£1.45;£0.31/100g;Honey;null;0.1;84.3;82.1;0.4;0.2;0.1;null;
885998;Asda Chosen By You Set Pure Honey 454g;£1.45;£0.31/100g;Honey;null;0.1;84.3;82.1;0.4;0.2;0.1;null;
2018037;Asda Chosen By You Squeezy Pure Forest Honey 250g;£1.58;£0.63/100g;Honey;null;0.1;84.3;82.1;0.4;0.2;0.1;null;
2018033;Asda Chosen By You Squeezy Pure Acacia Honey 250g;£1.58;£0.63/100g;Honey;null;0.1;84.3;82.1;0.4;0.2;0.1;null;
886070;Asda Chosen By You Pure Clear Honey 227g;£1.18;£0.52/100g;Honey;null;0.1;84.3;82.1;0.4;0.2;0.1;null;
886154;Asda Chosen By You Pure Clear Honey 908g;£2.87;£0.31/100g;Honey;null;0.1;84.3;82.1;0.4;0.2;0.1;null;
2018035;Asda Chosen By You Lemon Squeezy Honey 250g;£1.58;£0.63/100g;Honey;null;0.1;83.4;78.4;0.3;0.2;0.1;null;
1855952;Asda Smartprice Clear Honey 425g;£1.24;£0.29/100g;Honey;null;0.1;84.3;82.1;0.4;0.2;0.1;null;
4936862;ASDA Extra Special Mexican Orange Blossom Honey 340g;£2.99;£0.87/100g;Honey;null;0.1;84.2;82.1;0.4;0.2;0.1;null;
4705973;Rowse Chiense Honey 250g;£1.99;£0.79/100g;Honey;null;0.5;81.5;80.8;0.5;0.2;0.5;0.03;
4711394;Reeses Creamy Peanut Butter 510g;£3.49;£0.68/100g;Peanut Butter;null;25.0;null;9.4;50.0;7.8;9.4;1.02;
4713377;Sunpat Crunchy Cashew Peanut Spread 227g;£2.34;£1.03/100g;Peanut Butter;null;15.0;19.1;6.5;59.7;14.0;null;0.8;
3241367;Whole Earth Crunchy Peanut Butter;£2.00;£0.58/100g;Peanut Butter;null;27.3;14.2;5.3;46.0;8.8;7.3;1.0;
3241365;Whole Earth Smooth Peanut Butter;£2.00;£0.58/100g;Peanut Butter;null;25.6;13.7;5.2;51.2;13.7;4.9;0.9;
4713375;Sunpat Smooth No Added Sugar Peanut Spread 340g;£1.79;£0.52/100g;Peanut Butter;null;25.1;13.6;3.4;null;9.5;null;1.2;
4713379;Sunpat Crunchy Hazelnut Peanut Spread 227g;£2.34;£1.03/100g;Peanut Butter;null;18.1;19.7;12.1;53.7;9.0;null;0.6;
4366731;Sunpat Choc-a-Nut Peanut Spread 340g;£2.25;£0.66/100g;Peanut Butter;null;16.9;33.7;26.7;38.6;7.5;null;0.3;
4684371;ASDA Chosen by You Smooth Peanut Butter 700g;£1.98;£0.28/100g;Peanut Butter;655;27.0;10.8;4.0;55.0;10.2;4.3;0.7;
4684369;ASDA Chosen by You Peanut Butter with Chocolate Chunks 340g;£1.34;£0.39/100g;Peanut Butter;null;25.7;17.9;15.0;48.1;10.7;5.3;0.6;
4693294;Lotus Lotus Biscoff Spread Smooth 400g;£1.79;£0.44/100g;Peanut Butter;null;8;0;2;2;5;8;53;
886355;Asda Chosen By You Crunchy Peanut Butter 700g;£2.37;£0.33/100g;Peanut Butter;null;24.6;15.6;5.6;47.8;8.7;6.6;null;
215629;Whole Earth Crunchy Original Delicious Peanut Butter 340g;£2.68;£0.78/100g;Peanut Butter;null;27.7;7.4;3.8;54.3;7.9;6.7;1.1;
3375904;Whole Earth Smooth Original Delicious Peanut Butter 340g;£2.68;£0.78/100g;Peanut Butter;null;26.3;9.2;4.2;54.5;7.2;6.5;1.0;
2949519;Tropical Sun Smooth Peanut Butter With No Added Sugar 454g;£1.86;£0.41/100g;Peanut Butter;null;null;null;null;null;null;null;null;
134731;Sunpat Smooth Peanut Spread 340g;£1.79;£0.52/100g;Peanut Butter;null;25.0;15.2;5.1;48.2;9.1;null;1.2;
4139288;Asda Chosen By You Smooth Peanut Butter 340g;£1.34;£0.39/100g;Peanut Butter;null;27.0;10.8;4.0;55.0;10.2;4.3;0.7;
4139286;Asda Chosen By You Crunchy Peanut Butter 340g;£1.34;£0.39/100g;Peanut Butter;null;27.1;4.6;4.1;55.0;10.2;10.2;0.7;
4139290;Asda Chosen By You Reduced Fat Smooth Peanut Butter 340g;£1.34;£0.39/100g;Peanut Butter;null;20.9;26.9;7.5;44.3;7.7;4.8;0.5;
4139284;Asda Smartprice Crunchy Peanut Butter 340g;£0.62;£0.18/100g;Peanut Butter;null;25.5;9.8;6.0;55.1;9.5;5.6;0.6;
4713391;Sun-Pat Crunchy No Added Sugar Peanut Spread 340g;£1.79;£0.52/100g;Peanut Butter;null;25.6;13.8;3.5;49.1;9.2;null;0.9;
4713385;Sun-Pat Rich Roast Crunchy Peanut Spread 340g;£1.89;£0.55/100g;Peanut Butter;null;23.7;14.0;4.5;50.8;9.4;null;0.9;
4713387;Sunpat Crunchy Peanut Spread 700g;£3.49;£0.49/100g;Peanut Butter;null;25.3;15.1;4.8;48.2;8.7;null;1.0;
19417;Sunpat Crunchy Peanut Spread 340g;£1.79;£0.52/100g;Peanut Butter;null;25.3;15.1;4.8;48.2;8.7;null;1.0;
4713389;Sunpat Smooth Peanut Spread 700g;£3.49;£0.49/100g;Peanut Butter;null;25.0;15.2;5.1;48.2;9.1;null;1.2;
4580917;Galaxy Hazelnut Spread 225g;£1.99;£0.88/100g;Chocolate Spread;null;2.7;58.0;57.0;34.1;7.5;null;0.13;
4580919;Milky Way Stripey Spread 225g;£1.99;£0.88/100g;Chocolate Spread;null;3.6;56.3;55.9;35.1;8.3;null;0.18;
873126;Nutella Ferrero Hazelnut Spread with Cocoa 750g;£3.49;£0.46/100g;Chocolate Spread;null;null;null;null;null;null;null;null;
21687;Nutella Ferrero Hazelnut Spread with Cocoa 400g;£2.25;£0.56/100g;Chocolate Spread;null;null;null;null;null;null;null;null;
800628;Nutella Ferrero Hazelnut Spread 200g;£1.35;£0.67/100g;Chocolate Spread;null;6;57.6;56.8;31.6;11;null;0.11;
3454700;Asda Chosen By You Chocolate & Caramel Spread 400g;£1.54;£0.38/100g;Chocolate Spread;null;2.3;64.1;46.2;32.1;7.3;0.6;0.1;
3901565;Asda Chosen By You Chocolate Spread with Crunchy Bites 375g;£1.54;£0.41/100g;Chocolate Spread;null;3.5;59.9;37.8;31.9;7.0;2.0;0.2;
3901563;Asda Chosen By You Milk Chocolate Spread 400g;£1.54;£0.38/100g;Chocolate Spread;null;3.9;57.5;51.9;35.3;8.1;0.9;0.2;
3202187;Asda Chosen By You Duo Chocolate Spread 400g;£1.54;£0.38/100g;Chocolate Spread;null;2.9;61.0;47.4;33.7;7.1;0.6;0.2;
2027354;Asda Chosen By You Hazelnut Chocolate Spread 400g;£1.54;£0.38/100g;Chocolate Spread;null;3.1;56.1;53.8;36.1;6.9;2.6;null;
886185;Asda Chosen By You Hazelnut Chocolate Spread 750g;£2.42;£0.32/100g;Chocolate Spread;null;2.7;60.8;47.3;35.1;6.7;0.8;null;
2027358;Asda Chosen By You White Chocolate Flavour Spread 400g;£1.54;£0.38/100g;Chocolate Spread;null;2.9;60.3;59.9;36.0;9.0;0.5;0.2;
2027356;Asda Smartprice Chocolate Hazelnut Spread 400g;£0.80;£0.20/100g;Chocolate Spread;null;1.4;58.8;52.0;36.3;8.5;1.9;0.1;
4683508;Asda Chosen by You Bourbon Biscuit Spread 350g;£1.54;£0.44/100g;Chocolate Spread;null;2.0;56.9;43.4;33.1;10.2;5.5;0.1;
4366035;Cadbury Chocolate Spread;£1.50;£0.37/100g;Chocolate Spread;null;null;null;null;null;null;null;null;
4693296;Lotus Caramelised Biscuit Spread Crunchy 380g;£1.79;£0.47/100g;Chocolate Spread;null;4;8;2;7;7;9;62;
3975835;Nutella Ferrero Limited Edition Hazelnut Spread;£4.65;£0.46/100g;Chocolate Spread;null;6;null;null;null;null;null;null;
4316438;Whole Earth Lightly Whipped Delicious Hazelnut Chocolate Spread 300g;£1.99;£0.66/100g;Chocolate Spread;null;null;53.1;null;null;null;null;null;
4316436;Whole Earth Lightly Whipped Milk Chocolate Spread 300g;£1.99;£0.66/100g;Chocolate Spread;null;null;null;null;null;null;null;null;
3251933;Clarks Original Maple Syrup;£4.98;£9.96/lt;Syrups;null;0.1;64.6;57.4;0.1;0.1;null;0.1;
4686992;ASDA Chosen by You Pure Canadian Maple Syrup;£3.49;£1.40/100ml;Syrups;null;null;69.0;65.6;0.4;0.1;0.1;0.1;
4734733;Clarks Pure Canadian Maple Syrup;£4.49;£1.86/100ml;Syrups;null;0.4;66.4;62.4;0.4;0.1;null;0.1;
3631010;Clarks Pure Canadian Maple Syrup;£2.68;£14.89/lt;Syrups;null;0.2;66.8;66.3;0;0;null;0.1;
932141;Clarks Original Maple Syrup;£1.32;£7.33/lt;Syrups;null;0.1;64.6;57.4;0.1;0.1;null;0.1;
915150;Lyle's Golden Syrup 907g;£1.72;£1.90/kg;Syrups;null;0.5;80.5;null;null;null;null;null;
219235;Lyle's Black Treacle 454g;£1.15;£2.53/kg;Syrups;null;1.7;64;64;0;0;null;null;
219233;Lyle's Golden Syrup;£0.97;£2.14/kg;Syrups;null;0.5;80.5;null;null;null;null;null;
3024111;Vermont Canadian Maple Syrup 250g;£2.98;£11.92/kg;Syrups;null;null;null;null;null;null;null;null;
4538018;Lyles Golden Syrup Breakfast 340g;£1.75;£0.51/100g;Syrups;null;0.5;77.5;77.5;0;0;null;0.8;
4522834;Whitworths Granulated Sugar;£0.59;£0.59/kg;Sugar;null;0.0;99.9;99.9;0.0;0.0;null;0.0;
4522836;Whitworths Granulated Sugar;£1.15;£0.57/kg;Sugar;null;0.0;99.9;99.9;0.0;0.0;null;0.0;
4522838;Whitworths Granulated Sugar;£2.85;£0.57/kg;Sugar;null;0.0;99.9;99.9;0.0;0.0;null;0.0;
4522876;Whitworths Granulated Sugar;£0.49;£0.9/100g;Sugar;null;0.0;99.9;99.9;0.0;0.0;null;0.0;
4522870;Whitworths Granulated Sugar 750g;£1.28;£0.17/100g;Sugar;null;0.0;99.9;99.9;0.0;0.0;null;0.0;
3902959;Whitworths White Sugar Cubes 500g;£0.98;£0.19/100g;Sugar;400;0.0;99.9;99.9;0.0;0.0;null;0.0;
4522862;Whitworths Golden Granulated Sugar;£1.88;£1.88/kg;Sugar;null;0.0;99.7;99.7;0.0;0.0;null;0.1;
4522866;Whitworths Organic Fairtrade Golden Granulated Sugar 500g;£1.82;£0.36/100g;Sugar;null;0.0;99.6;99.6;0.0;0.0;null;0.0;
3902955;Whitworths Caster Sugar;£1.48;£1.48/kg;Sugar;null;0.0;99.9;99.9;0.0;0.0;null;0.0;
4522840;Whitworths Caster Sugar;£2.44;£1.22/kg;Sugar;null;0.0;99.9;99.9;0.0;0.0;null;0.0;
3902963;Whitworths for Baking Fine Caster Sugar 600g;£1.48;£0.24/100g;Sugar;null;0.0;99.9;99.9;0.0;0.0;null;0.0;
4315881;Whitworths for Baking Golden Caster Sugar 400g;£1.48;£0.37/100g;Sugar;null;0.0;99.7;99.7;0.0;0.0;null;0.0;
4522864;Whitworths Golden Caster Sugar;£1.60;£1.60/kg;Sugar;null;0.2;99.7;99.7;0.0;0.0;null;0.0;
15535;Billington's Natural Golden Caster Unrefined Cane Sugar;£1.88;£1.88/kg;Sugar;null;null;99.8;null;0.0;null;null;null;
4522880;Whitworths Icing Sugar 500g;£0.78;£0.15/100g;Sugar;null;0.0;99.7;99.7;0.0;0.0;null;0.0;
4522842;Whitworths Icing Sugar;£1.55;£1.55/kg;Sugar;null;0.0;99.7;99.7;0.0;0.0;null;0.0;
3902965;Whitworths for Baking Superfine Icing Sugar 450g;£1.48;£0.32/100g;Sugar;null;0.0;100;100;0.0;0.0;null;0.0;
4522872;Whitworths Royal Icing Sugar 500g;£1.08;£2.16/kg;Sugar;null;2.1;96.1;96.1;0.0;0.0;null;0.0;
4522874;Whitworths Fondant Icing Sugar 500g;£1.08;£2.16/kg;Sugar;null;0.0;99.7;99.7;0.0;0.0;null;0.0;
4522852;Whitworths Demerara Sugar 500g;£0.88;£0.17/100g;Sugar;null;0.4;99.3;99.3;0.0;0.0;null;0.0;
4522854;Whitworths Demerara Sugar;£1.69;£1.69/kg;Sugar;null;0.4;99.3;99.3;0.0;0.0;null;0.0;
3902969;Whitworths for Baking Crunchy Demerara Sugar 450g;£1.48;£0.32/100g;Sugar;null;0.4;99.3;99.3;0.0;0.0;null;0.0;
4522844;Whitworths Demerara Sugar Cubes 500g;£1.39;£0.27/100g;Sugar;399;0.0;99.3;99.3;0.0;0.0;null;0.0;
11529;Billington's Natural Demerara Unrefined Cane Sugar;£1.60;£1.60/kg;Sugar;null;0.2;99.4;null;0.0;null;null;null;
4522850;Whitworths Light Soft Brown Sugar;£2.48;£2.48/kg;Sugar;null;0.5;96.0;96.0;0.0;0.0;null;0.1;
3902971;Whitworths for Baking Light Soft Brown Sugar 350g;£1.48;£0.42/100g;Sugar;null;0.5;96.0;96.0;0.0;0.0;null;0.1;
19857;Billington's Soft Light Brown Sugar;£1.88;£1.88/kg;Sugar;null;null;98.4;null;0.2;null;null;null;
4522848;Whitworths Dark Sugar Soft Brown Sugar;£2.48;£2.48/kg;Sugar;null;0.5;96.0;96.0;0.0;0.0;null;0.1;
3902973;Whitworths for Baking Dark Soft Brown Sugar 350g;£1.48;£0.42/100g;Sugar;null;0.5;96.0;96.0;0.0;0.0;null;0.1;
4522856;Whitworths Light Muscovado Sugar 500g;£1.50;£3.00/kg;Sugar;null;0.2;96.2;96.2;0.0;0.0;null;0.1;
20266;Billington's Natural Light Muscovado Unrefined Cane Sugar 500g;£1.38;£2.76/kg;Sugar;null;null;98.1;null;0.0;null;null;null;
4522858;Whitworths Dark Muscovado Sugar 500g;£1.50;£3.00/kg;Sugar;null;0.4;96.2;96.2;0.0;0.0;null;0.1;
20267;Billington's Natural Dark Muscovado 500g;£1.38;£2.76/kg;Sugar;null;0.3;95.3;null;0.0;null;null;null;
4522860;Whitworths Molasses Sugar 500g;£1.19;£2.38/kg;Sugar;null;0.0;96.5;96.5;0.0;0.0;null;0.1;
4522868;Whitworths Just a Half Granulated Sugar Mixed with Sprinkle of Sweetener 750g;£1.99;£0.26/100g;Sugar;null;0.2;99.6;99.6;0.0;0.0;null;0.0;
3902957;Whitworths Jam Sugar;£2.08;£2.08/kg;Sugar;null;0.0;100;100;0.0;0.0;null;0.0;
4522846;Whitworths Preserving Sugar;£2.08;£2.08/kg;Sugar;null;0.0;99.9;99.9;0.0;0.0;null;0.0;
4522882;Whitworths Pectin with Sugar 39g;£1.28;£3.28/100g;Sugar;null;0.7;98.3;98.3;0.0;0.0;null;0.0;
2291359;Tate & Lyle Fruit Sugar 250g;£0.98;£0.39/100g;Sugar;null;0.0;99.9;99.9;0.0;0.0;null;0.0;
4781510;Biona Organic Coconut Palm Sugar 500g;£5.49;£1.10/100g;Sugar;null;null;null;null;null;null;null;null;
2065951;Splenda Granulated Sugar Alternative 75g;£2.78;£3.71/100g;Sugar;null;0;0.5;6.9;0;0;0;null;
4737761;Whitworths Caster Sugar 500g;£0.98;£1.96/kg;Sugar;null;0.0;99.9;99.9;0.0;0.0;null;0.0;
4728353;Whitworths Dark Soft Brown Sugar 500g;£1.39;£2.78/kg;Sugar;null;0.5;96.0;96.0;0.0;0.0;null;0.1;
4728351;Whitworths Light Soft Brown Sugar 500g;£1.39;£2.78/kg;Sugar;null;0.5;96.0;96.0;0.0;0.0;null;0.1;
3150909;ASDA Sweetener 75g;£1.00;£1.33/100g;Sweeteners;395;1.1;93.0;4.2;1.6;0.8;2.0;null;
3152818;Asda Chosen By You Low Calorie Sweetener Tablets;£1.00;£7.14/100g;Sweeteners;null;0.5;91.7;70.1;0.4;0.2;0.5;0.3;
2193352;Sweetex Calorie Free Sweeteners;£0.97;£0.0/each;Sweeteners;null;null;null;null;null;null;null;null;
2862050;Sweetex Sugar Substitute;£1.47;£0.0/each;Sweeteners;null;null;null;null;null;null;null;null;
21173;Canderel Granular Low Calorie Sweetener 75g;£1.00;£1.33/100g;Sweeteners;null;null;null;null;null;null;null;null;
8696;Canderel Sugar Substitute;£1.28;£0.1/each;Sweeteners;null;null;null;null;null;null;null;null;
9924;Canderel Sweetener Tablets;£2.92;£0.1/each;Sweeteners;null;null;null;null;null;null;null;null;
134674;Canderel Tablets Refill Sachets;£4.84;£0.1/each;Sweeteners;null;null;null;null;null;null;null;null;
2294471;Silver Spoon Sugar Substitute;£1.09;£0.0/each;Sweeteners;null;22.06;65.66;40.68;0.16;0.15;null;0.85;
4388979;Silver Spoon Sweetener Tablets;£0.79;£0.0/each;Sweeteners;null;22.06;65.66;40.68;0.16;0.15;null;0.85;
15594;Hermesetas Mini Sweeteners;£1.38;£0.0/each;Sweeteners;null;null;null;null;null;null;null;null;
15595;Hermesetas Mini Sweeteners;£2.78;£0.0/each;Sweeteners;null;null;null;null;null;null;null;null;
2153435;Splenda Granulated Sugar Alternative 125g;£3.15;£2.52/100g;Sweeteners;null;0;0.5;6.9;0;0;0;null;
3676397;Splenda Sugar Alternative 100 Sweet Minis;£1.50;£0.1/each;Sweeteners;null;0;0;0;0;0;0;0;
2720827;Splenda Sugar Alternative Sweet Minis;£5.00;£0.1/each;Sweeteners;null;0;0;0;0;0;0;0;
3667763;Silver Spoon Truvia;£2.00;£0.3/each;Sweeteners;null;0;1.5;null;0;null;null;null;
3667765;Silver Spoon Truvia 270g;£4.98;£1.78/100g;Sweeteners;null;0;99.0;null;0;null;null;null;
4212810;Silver Spoon Truvia;£2.28;£0.2/each;Sweeteners;null;3.0;89.9;null;0.2;null;null;null;
3813774;Canderel Green Stevia 75g;£3.29;£43.87/kg;Sweeteners;null;null;null;null;null;null;null;null;
3813772;Canderel Green Stevia;£2.18;£0.2/each;Sweeteners;null;null;null;null;null;null;null;null;
4054327;Sweet Freedom Natural Sweetness Original 350g;£2.98;£8.51/kg;Sweeteners;null;null;null;null;null;null;null;null;
3813780;Canderel Yellow Sweetener;£2.58;£0.1/each;Sweeteners;null;null;null;null;null;null;null;null;
4727661;ASDA Stevia Sweetener;£1.89;£0.1/each;Sweeteners;null;3.5;88.2;51.5;0.4;0.2;2.4;0.8;
5024749;Impress Aspartame-Based Granulated Table-Top Sweetener 75g;£1.00;£13.33/kg;Sweeteners;376;1.8;92.2;6.9;null;null;null;0.08;
4728355;Silverspoon Granulated Sweetener 75g;£1.00;£1.33/100g;Sweeteners;null;1.7;93.7;5.7;0;0;null;0;
5017341;Walkers Classic Variety 25g;£3.00;£0.50/100g;Multipack Crisps;null;1.6;13.2;0.7;7.7;1.0;1.1;0.31;
4668481;Golden Wonder Variety Pack;£2.00;£0.50/100g;Multipack Crisps;521;6;52.3;2.7;31.2;4;3.6;1.9;
2176018;Walkers Squares Variety Pack 22g;£2.97;£1.12/100g;Multipack Crisps;null;null;null;null;null;null;null;null;
2176026;Walkers Monster Munch Mega Pack 22g;£2.97;£1.12/100g;Multipack Crisps;null;null;null;null;null;null;null;null;
2176020;Walkers French Fries Crispy Potato Snacks 19g;£2.97;£1.30/100g;Multipack Crisps;null;null;null;null;null;null;null;null;
4928953;ASDA Good & Counted Snacking Flavours of the Mediterranean Lentil Chips 20g;£1.00;£0.83/100g;Multipack Crisps;459;10.1;59.2;4.3;19.5;1.7;3.0;2.2;
4928957;ASDA Good & Counted Crinkle Cut Crisps Cheese & Onion 20g;£1.00;£0.83/100g;Multipack Crisps;456;7.4;59.8;3.0;19.8;1.9;4.5;1.4;
4928959;ASDA Good & Counted Snacking Crinkle Cut Crisps Salt & Vinegar Flavour 20g;£1.00;£0.83/100g;Multipack Crisps;452;7.0;60.3;1.1;19.6;1.9;3.2;2.1;
4928951;ASDA Good & Counted Snacking Lentil Chips 20g;£1.00;£0.83/100g;Multipack Crisps;461;10.6;59.7;2.5;19.2;1.8;3.3;2.2;
2979590;Walkers Sunbites Sun Ripened Sweet Chilli;£0.97;£0.64/100g;Multipack Crisps;null;1.8;15.3;2.4;5.4;0.7;1.7;0.17;
4590888;Hula Hoops BBQ Beef 24g;£1.75;£1.04/100g;Multipack Crisps;505;3.7;62;1.0;26;2.5;2.2;2.3;
4954005;Hula Hoops Puft Salt & Vinegar Flavour Wheat & Potato Rings 15g;£1.75;£0.29/each;Multipack Crisps;478;8.1;63;1.5;20;1.9;3.9;2.0;
1267211;Pom Bear Original 19g;£1.58;£0.26/each;Multipack Crisps;null;null;null;null;null;null;null;null;
4088448;Seabrook Canadian Ham;£0.93;£0.62/100g;Multipack Crisps;131;1.6;13.9;0.3;7.5;0.7;null;0.4;
4088440;Seabrook Beefy Flavour;£0.93;£0.62/100g;Multipack Crisps;129;1.9;13.8;0.3;7.2;0.7;null;0.4;
4088436;Seabrook Cheese & Onion Flavour;£0.93;£0.62/100g;Multipack Crisps;134;1.5;12.8;0.4;8.3;0.9;null;0.4;
4088442;Seabrook Prawn Cocktail Flavour;£0.93;£0.62/100g;Multipack Crisps;135;1.3;12.5;0.9;8.6;0.9;null;0.4;
4088446;Seabrook Cream Cheese & Chives Crisps;£0.93;£0.62/100g;Multipack Crisps;129;1.4;14.0;0.7;7.3;0.7;null;0.4;
4089538;Seabrook Perfectly Unsalted;£0.93;£0.62/100g;Multipack Crisps;131;1.4;13.8;0.1;7.6;0.5;null;null;
4088438;Seabrook Sea Salt & Vinegar;£0.93;£0.62/100g;Multipack Crisps;126;1.5;13.2;0.1;7.2;0.6;null;0.5;
4088450;Seabrook Variety Packs;£0.93;£0.62/100g;Multipack Crisps;129;1.4;13.4;0.1;7.8;0.9;null;0.3;
4088434;Seabrook Sea Salted;£0.93;£0.62/100g;Multipack Crisps;129;1.4;13.4;0.1;7.8;0.9;null;0.3;
4206471;Seabrook Surf & Turf;£0.93;£0.62/100g;Multipack Crisps;135;1.3;12.5;0.9;8.6;0.9;null;0.4;
4088444;Seabrook Tomato Ketchup;£0.93;£0.62/100g;Multipack Crisps;124;1.5;13.9;0.5;6.8;0.7;null;0.4;
4393706;McCoy's Steak Crisps;£0.84;£0.46/100g;Multipack Crisps;526;6.9;53;2.3;31;2.8;3.9;1.5;
4393702;McCoy's Salt & Vinegar Crisps 30g;£0.84;£0.46/100g;Multipack Crisps;524;6.4;5.4;0.9;31;2.8;3.9;2;
4393704;McCoy's Cheese & Onion Crisps 30g;£0.84;£0.46/100g;Multipack Crisps;524;6.8;54;3.7;30;2.8;4.1;1.5;
4393708;McCoy's Meaty Crisps;£0.84;£0.46/100g;Multipack Crisps;531;7.0;55;2.9;30;2.7;3.9;1.5;
4393700;McCoy's McCoys Classic;£0.84;£0.46/100g;Multipack Crisps;524;6.4;54;0.9;31;2.8;3.9;2.0;
4615188;Real Handcooked Sea Salt & Malt Vinegar Flavour Potato Crisps 25g;£1.00;£0.80/100g;Multipack Crisps;512;5.6;54.6;2.9;29.2;3.4;4.2;1.7;
4615126;Real Handcooked Roast Ox Flavour Potato Crisps 25g;£1.00;£0.80/100g;Multipack Crisps;500;6.4;52.9;1.8;28.2;3.4;4.3;2.5;
4615879;Real Handcooked Sea Salt Potato Crisps 25g;£1.00;£0.80/100g;Multipack Crisps;515;5.6;53.3;0.4;30.0;3.7;4.5;1.3;
4615128;Real Handcooked Strong Cheese & Onion Flavour Potato Crisps 25g;£1.00;£0.80/100g;Multipack Crisps;506;6.2;54.0;3.3;28.4;3.6;4.8;1.2;
4615124;Real Real Handcooked Variety 5 x 25g 25g;£1.00;£0.80/100g;Multipack Crisps;506;6.2;54.0;3.3;28.4;3.6;4.8;1.2;
4209565;Kettle Chips Sea Salt & Balsamic Vinegar 30g;£1.00;£0.66/100g;Multipack Crisps;null;5.4;53.0;1.3;28.4;3.3;6.1;1.9;
4668471;Golden Wonder Ready Salted;£1.00;£0.66/100g;Multipack Crisps;530;5.0;52.5;0.7;32.5;3.9;3.7;1.5;
4668469;Golden Wonder Cheese & Onion;£1.00;£0.66/100g;Multipack Crisps;521;6.0;52.3;2.7;31.2;4.0;3.6;1.9;
4668475;Golden Wonder Variety Pack;£1.00;£0.66/100g;Multipack Crisps;517;4.8;52.6;0.8;31.1;3.8;3.6;3.4;
1907665;McVities Original Mini Cheddars 25g;£1.88;£1.07/100g;Multipack Crisps;null;10.7;50.3;4.5;29.5;11.9;2.5;2.4;
3252098;McVities Mini Cheddars Crinkly 25g;£1.88;£1.07/100g;Multipack Crisps;null;8.5;62.4;8.0;22.1;7.2;2.9;1.6;
3279090;ASDA Meaty Variety 25g;£0.85;£0.56/100g;Multipack Crisps;521;5.6;53.3;2.2;30.9;3.7;3.9;null;
4383580;Kellogg's Special K Cracker Crisps Sweet Chilli 21g;£1.99;£2.37/100g;Multipack Crisps;null;null;null;null;null;null;null;null;
4241537;Velvet Crunch Sea Salt & Malt Vinegar Flavour 20g;£1.58;£1.32/100g;Multipack Crisps;429;1.0;83;11;10;1.0;1.3;2.0;
3523562;ASDA Beastie Bites 25g;£0.85;£0.56/100g;Multipack Crisps;512;6.7;61.9;4.4;26;3.1;1.6;null;
3279086;ASDA Cheese & Onion 25g;£0.85;£0.56/100g;Multipack Crisps;523;5.6;53.3;3.2;31.1;3.8;3.7;null;
3982387;ASDA Cheese Wiggles 21g;£0.85;£0.67/100g;Multipack Crisps;519;7.8;54.7;7.2;29.6;2.7;1.4;1.9;
3523192;ASDA Cheesy Curls 17g;£0.85;£0.14/each;Multipack Crisps;543;4.1;59.9;2.8;31.6;3.9;1.3;null;
4600451;ASDA Chosen by You 40 Pack Variety Flavour Crisps 25g;£5.00;£5.00/100g;Multipack Crisps;533;5.0;52.8;0.7;32.7;3.9;3.8;1.0;
3576052;ASDA Chosen by You Ridge Cut Meaty Flavour Crisps 25g;£0.85;£0.56/100g;Multipack Crisps;534;7.0;59.2;3.2;28.9;3.0;4.7;null;
4206467;ASDA Meaty Crisps;£2.00;£0.50/100g;Multipack Crisps;533;5.0;52.8;0.7;32.7;3.9;3.8;null;
3569028;ASDA Meaty Flavour Potato Loops 25g;£0.85;£0.56/100g;Multipack Crisps;462;5.0;68.1;5.3;18.6;1.6;1.1;2.0;
3982391;ASDA Potato Squares Variety 25g;£0.85;£0.56/100g;Multipack Crisps;null;5.5;63.8;0.9;21.2;1.5;2.8;2.2;
3279088;ASDA Prawn Cocktail 25g;£0.85;£0.56/100g;Multipack Crisps;521;5.3;53.4;2.1;31.0;3.8;3.6;null;
3982385;ASDA Prawn Shells 18g;£0.85;£0.78/100g;Multipack Crisps;493;4.6;68.3;6.7;22.0;2.1;1.7;2.1;
3279082;ASDA Ready Salted 25g;£0.85;£0.56/100g;Multipack Crisps;533;5.0;52.8;0.7;32.7;3.9;3.8;null;
3518258;ASDA Ready Salted Potato Loops 25g;£0.85;£0.56/100g;Multipack Crisps;469;4.7;69.8;1.5;18.8;1.6;1.1;2.0;
3576048;ASDA Ridge Cut Variety Flavour Crisps 25g;£0.85;£0.56/100g;Multipack Crisps;500;6.7;55.6;4.0;26.9;2.8;4.2;null;
3264796;ASDA Salt Your Own Crisps 25g;£0.85;£0.56/100g;Multipack Crisps;538;5.9;52.0;0.4;33.1;4.8;4.4;1.2;
4206469;ASDA Variety Crisps;£2.00;£0.50/100g;Multipack Crisps;533;5.0;52.8;0.7;32.7;3.9;3.8;null;
3982383;ASDA Variety Fries 18g;£0.85;£0.78/100g;Multipack Crisps;null;4.5;66.2;0.3;18.4;1.3;3.2;2.2;
4907282;Pringles Original 190g;£2.48;£1.31/100g;Big Bag & Sharing Crisps;null;null;null;null;null;null;null;null;
5055132;Doritos Chilli Heatwave Flavour Corn Chips 200g;£2.28;£1.14/100g;Big Bag & Sharing Crisps;null;2.0;17.0;1.4;7.6;0.6;2.0;0.41;
5026314;Walkers Mix Ups Crisps Mix Cheese & Bacon Sauce Flavour 150g;£0.97;£0.64/100g;Big Bag & Sharing Crisps;null;1.8;15.4;1.0;9.8;1.3;1.2;0.35;
5026312;Walkers Mix Ups Crisps Mix Cheese & Worcester Sauce Flavour 150g;£0.97;£0.64/100g;Big Bag & Sharing Crisps;null;1.9;15.2;0.7;9.8;1.3;1.3;0.35;
5026306;Walkers Mix Ups Snacks Mix Spicy Flavour 120g;£0.97;£0.80/100g;Big Bag & Sharing Crisps;null;1.9;18;1.1;7.3;0.6;1.1;0.52;
5026308;Walkers Mix Ups Snacks Mix Cheese Flavour 120g;£0.97;£0.80/100g;Big Bag & Sharing Crisps;null;1.8;18;1.3;7.4;0.7;1.0;0.50;
5055130;Doritos Tangy Cheese Flavour Corn Chips 200g;£2.28;£1.14/100g;Big Bag & Sharing Crisps;null;2.0;16.6;0.8;7.9;0.7;2.0;0.38;
4236027;Doritos Lightly Salted Corn Chips 200g;£2.28;£1.14/100g;Big Bag & Sharing Crisps;null;1.9;17.6;0.3;7.0;0.6;2.3;0.22;
4236021;Doritos BBQ Rib Flavour Corn Chips 200g;£2.28;£1.14/100g;Big Bag & Sharing Crisps;null;1.9;16.8;1.0;7.7;0.6;2.1;0.53;
4236025;Doritos Hint of Lime Flavour Corn Chips 200g;£2.28;£1.14/100g;Big Bag & Sharing Crisps;null;1.9;17.0;0.5;7.8;0.7;2.1;0.38;
5055134;Doritos Cool Original Flavour Corn Chips 200g;£2.28;£1.14/100g;Big Bag & Sharing Crisps;null;2.1;16.4;1.2;7.9;0.8;2.0;0.57;
4236029;Doritos Jalapeno Fire Flavour Corn Chips 200g;£2.28;£1.14/100g;Big Bag & Sharing Crisps;null;1.8;17.1;1.8;7.7;0.6;2.0;0.37;
3369356;Walkers Sensations Roasted Chicken & Thyme 150g;£0.97;£0.64/100g;Big Bag & Sharing Crisps;null;1.8;17.5;0.8;7.9;1.0;1.2;0.50;
3676407;Walkers Sensations Smoked Monterrey Chilli with Goats Cheese Flavour Crisps 150g;£0.97;£0.64/100g;Big Bag & Sharing Crisps;null;1.7;17.6;1.0;7.9;1.0;1.2;0.49;
3676405;Walkers Sensations Mexican Fiery Sweet Chipotle Flavour Crisps 150g;£0.97;£0.64/100g;Big Bag & Sharing Crisps;null;1.7;17.7;1.1;7.8;1.0;1.2;0.47;
3369364;Walkers Sensations Vintage Cheddar & Onion 150g;£0.97;£0.64/100g;Big Bag & Sharing Crisps;null;1.8;17.9;1.0;7.5;1.0;1.2;0.50;
3369360;Walkers Sensations Thai Sweet Chilli 150g;£0.97;£0.64/100g;Big Bag & Sharing Crisps;null;1.7;17.7;1.1;7.9;1.0;1.2;0.47;
3369354;Walkers Sensations Southern BBQ 150g;£0.97;£0.64/100g;Big Bag & Sharing Crisps;null;1.8;17.6;0.9;7.9;1.1;1.2;0.46;
3369362;Walkers Sensations Balsamic Vinegar & Onion 150g;£0.97;£0.64/100g;Big Bag & Sharing Crisps;null;1.7;17.6;0.9;7.9;1.2;1.3;0.50;
2244266;Walkers Sensations Oriental Crackers Peking Spare Rib Flavour 110g;£0.97;£0.88/100g;Big Bag & Sharing Crisps;null;0.4;20.1;3.6;6.6;0.8;1.3;1.04;
4209551;Kettle Chips Sea Salt & Crushed Black Peppercorns 150g;£2.18;£1.45/100g;Big Bag & Sharing Crisps;null;5.7;52.4;0.8;28.6;3.3;6.2;1.5;
4209561;Kettle Chips Seasonal Edition Mozzarella & Pesto 150g;£2.18;£1.45/100g;Big Bag & Sharing Crisps;null;6.6;51.3;3.1;29.2;3.8;6.2;1.4;
4209557;Kettle Chips Smoky Barbecue 150g;£2.18;£1.45/100g;Big Bag & Sharing Crisps;null;5.9;53.1;4.9;28.0;3.1;6.3;1.4;
4209553;Kettle Chips Mature Cheddar & Red Onion 150g;£2.18;£1.45/100g;Big Bag & Sharing Crisps;null;7.1;51.1;2.5;28.9;3.3;6.2;1.1;
4209559;Kettle Chips Sour Cream & Sweet Onion 150g;£2.18;£1.45/100g;Big Bag & Sharing Crisps;null;6.4;51.6;3.5;29.2;3.9;6.2;1.2;
4209555;Kettle Chips Sweet Chilli & Sour Cream 150g;£2.18;£1.45/100g;Big Bag & Sharing Crisps;null;6.3;52.9;4.3;28.4;3.5;6.2;1.1;
4209549;Kettle Chips Sea Salt & Balsamic Vinegar 150g;£2.18;£1.45/100g;Big Bag & Sharing Crisps;null;5.4;53.0;1.3;28.4;3.3;6.1;1.9;
4008715;Kettle Chips Tortilla Chips Nacho Cheese 160g;£1.00;£0.62/100g;Big Bag & Sharing Crisps;null;0.61;53.3;2.2;30.9;4.9;4.7;1.52;
4008711;Kettle Chips Tortilla Chips Sea Salted 160g;£1.00;£0.62/100g;Big Bag & Sharing Crisps;null;6.0;53.5;0.7;31.0;4.5;5.6;1.24;
4008717;Kettle Chips Tortilla Chips Sweet Chilli Salsa 160g;£1.00;£0.62/100g;Big Bag & Sharing Crisps;null;6.1;53.1;2.7;31.2;4.0;5.6;1.35;
4008713;Kettle Chips Tortilla Chips Cool Sour Cream 160g;£1.00;£0.62/100g;Big Bag & Sharing Crisps;null;6.7;54.0;3.1;30.6;4.6;4.6;1.24;
4209547;Kettle Chips Lightly Salted 150g;£2.18;£1.45/100g;Big Bag & Sharing Crisps;null;5.8;51.5;0.5;30.1;3.5;6.5;0.9;
4031950;Kettle Chips Classics Blue Stilton & Port 150g;£1.85;£1.23/100g;Big Bag & Sharing Crisps;null;7.2;51.4;1.9;30.2;3.8;5.2;1.1;
4594394;Kettle Vegetable Chips Golden Parsnip, Sweet Potato & Beetroot 125g;£2.48;£1.98/100g;Big Bag & Sharing Crisps;null;5.3;32.6;24.8;38.7;3.4;12.1;1.0;
3806425;Mackies Crispy Bacon Flavour Potato Crisps 150g;£1.70;£1.13/100g;Big Bag & Sharing Crisps;null;6.8;56.7;0.5;25.7;2.2;4.7;0.67;
4144037;Mackies Arran Honey Mustard Potato Crisps 150g;£1.70;£1.13/100g;Big Bag & Sharing Crisps;null;5.8;60.3;3.1;25.6;2.2;2.7;0.72;
3082377;Mackies Mature Cheddar and Onion Crisps 150g;£1.70;£1.13/100g;Big Bag & Sharing Crisps;null;6.4;56;2.8;28;2.5;3.8;1.4;
3082383;Mackies Flamegrilled Aberdeen Angus Crisps 150g;£1.70;£1.13/100g;Big Bag & Sharing Crisps;null;7.0;55.1;2.7;28.5;2.6;2.7;1.43;
3531187;Mackies Scotch Bonnet Chilli Pepper Flavour Potato Crisps 150g;£1.70;£1.13/100g;Big Bag & Sharing Crisps;null;7.2;56;3.5;27;2.5;4.0;1.1;
3082373;Mackies Sea Salt Crisps 150g;£1.70;£1.13/100g;Big Bag & Sharing Crisps;null;7.4;55;0.3;27;2.4;4.5;1.5;
3082381;Mackies Haggis and Cracked Black Pepper Crisps 150g;£1.70;£1.13/100g;Big Bag & Sharing Crisps;null;8.3;52.9;2.7;28.2;2.4;4.6;1.29;
3082375;Mackies Sea Salt and Vinegar Crisps 150g;£1.70;£1.13/100g;Big Bag & Sharing Crisps;null;6.5;55.6;0.8;27.8;2.5;3.3;1.41;
4796212;Walkers Extra Crunchy Ready Salted Crisps;£1.00;£0.66/100g;Big Bag & Sharing Crisps;null;2.0;17.9;0.2;6.5;0.8;1.5;0.37;
4796214;Walkers Extra Crunchy Sticky BBQ Rib Flavour Crisps;£1.00;£0.66/100g;Big Bag & Sharing Crisps;null;2.0;17.3;1.1;5.9;0.7;1.4;0.36;
4796216;Walkers Extra Crunchy Sour Cream & Onion Flavour Crisps;£1.00;£0.66/100g;Big Bag & Sharing Crisps;null;2.0;17.2;0.9;6.0;0.7;1.4;0.36;
4796218;Walkers Extra Crunchy Salt & Vinegar Flavour Crisps;£1.00;£0.66/100g;Big Bag & Sharing Crisps;null;2.0;18.0;0.9;6.2;0.8;1.4;0.39;
4796220;Walkers Extra Crunchy Prawn Cocktail Crisps;£1.00;£0.66/100g;Big Bag & Sharing Crisps;null;2.0;18.1;0.9;6.2;0.8;1.4;0.37;
4631877;Metcalfe's Skinny Corn'ers Corn Off The Cob 120g;£1.99;£1.66/100g;Big Bag & Sharing Crisps;null;null;null;null;null;null;null;null;
4631873;Metcalfe's Skinny Corn'ers Chilli Tweet Fiery Chilli & Tomato Flavour 120g;£1.99;£1.66/100g;Big Bag & Sharing Crisps;null;null;null;null;null;null;null;null;
4631875;Metcalfe's Skinny Corn'ers Cheese Louise Smoked Cheese & Paprika Flavour 120g;£1.99;£1.66/100g;Big Bag & Sharing Crisps;null;null;null;null;null;null;null;null;
4452697;Phileas Fogg Mexican Style Nacho Cheese & Jalapeno Flavour 190g;£1.00;£0.52/100g;Big Bag & Sharing Crisps;514;6.1;57;3.1;28;3.4;5.2;1.0;
4452695;Phileas Fogg Mexican Style Taco Rolls Cool Sour Cream & Onion Flavour 190g;£1.00;£0.52/100g;Big Bag & Sharing Crisps;508;6.3;58;3.2;27;2.7;5.2;1.3;
4452703;Phileas Fogg American Style Bubble Chips Cheese & New York Deli Relish Flavour 150g;£1.00;£0.66/100g;Big Bag & Sharing Crisps;543;5.2;56;5.7;32;3.0;2.9;1.5;
4452705;Phileas Fogg American Style Bubble Chips Louisiana Sweet & Smokey BBQ Flavour 150g;£1.00;£0.66/100g;Big Bag & Sharing Crisps;null;5.1;55.4;5.9;32.3;2.9;3.0;null;
4615853;Seabrook Lattice Rich Farmhouse Cheese & Onion Flavour Crisp 120g;£1.00;£0.83/100g;Big Bag & Sharing Crisps;160;2.2;14.6;1.0;10.1;1.0;null;0.4;
4615857;Seabrook Lattice Tantalising Sweet Chilli Flavour 120g;£1.00;£0.83/100g;Big Bag & Sharing Crisps;160;2.1;14.8;1.3;10.1;1.0;null;0.4;
4615855;Seabrook Lattice Specially Selected Sea Salt and Red Wine Vinegar Flavour 120g;£1.00;£0.83/100g;Big Bag & Sharing Crisps;160;2.0;14.4;null;10.1;1.0;null;0.6;
4615851;Seabrook Lattice Sun Drenched Natural Sea Salt 120g;£1.00;£0.83/100g;Big Bag & Sharing Crisps;164;2.1;14.4;0.1;10.7;1.0;null;0.4;
4599696;Udi's Gluten Free Ancient Grain Crisps Aged Cheddar 140g;£2.50;£1.79/100g;Big Bag & Sharing Crisps;null;null;null;null;null;null;null;null;
1678649;Doritos Cool Sour Cream & Chives Dipping Sauce 300g;£2.28;£0.76/100g;Dips;null;1.0;2.6;1.3;9.2;1.5;0.3;0.39;
3253962;Doritos Nacho Cheese Dipping Sauce 300g;£2.28;£0.76/100g;Dips;null;1.4;3.4;1.3;8.1;1.3;0.2;0.41;
4614389;ASDA Chosen by You Mild Salsa Dip 300g;£0.79;£0.26/100g;Dips;null;0.9;7.4;5.7;0.3;0.1;0.8;0.5;
4614393;ASDA Chosen by You Sour Cream & Chive Dip 290g;£0.79;£0.27/100g;Dips;null;1.1;9.1;4.5;18.3;2.9;0.5;0.5;
4614391;ASDA Hot Salsa Dip 300g;£0.79;£0.26/100g;Dips;null;1.0;6.0;4.6;0.3;0.1;1.6;0.5;
3253968;Doritos Hot Salsa 300g;£2.28;£0.76/100g;Dips;null;0.4;2.6;1.6;0.1;0.1;0.4;0.56;
3253966;Doritos Mild Salsa 300g;£2.28;£0.76/100g;Dips;null;0.5;2.6;1.6;0.1;0.1;0.4;0.55;
4965307;Santa Maria Mexican Nacho Cheese Sauce 300g;£2.08;£0.69/100g;Dips;null;4.7;4.9;2.8;9.0;5.2;null;1.5;
4631861;Metcalfe's Skinny Topcorn Sweet Cinnamon Spice Flavour Popcorn 75g;£1.48;£1.97/100g;Popcorn;null;null;null;null;null;null;null;null;
4589313;Phileas Fogg Arizona Sweet & Spicy Chilli Flavour American Style Popcorn 70g;£1.60;£2.29/100g;Popcorn;null;7.3;58.7;21.9;20.9;1.4;8.5;null;
4631857;Metcalfe's Skinny CLIC Sargent Salt Topcorn 70g;£1.48;£2.11/100g;Popcorn;null;null;null;null;null;null;null;null;
4743194;Metcalfe's Skinny Topcorn Sweet 'n Salt Flavour Popcorn 17g;£1.78;£1.75/100g;Popcorn;null;null;null;null;null;null;null;null;
4631859;Metcalfe's Skinny Topcorn Sweet 'n Salt Flavour Popcorn 80g;£1.48;£1.85/100g;Popcorn;null;null;null;null;null;null;null;null;
622146;Butterkist Toffee Popcorn 200g;£1.50;£0.75/100g;Popcorn;null;null;null;null;null;null;null;null;
666370;Butterkist Toffee Popcorn 30g;£1.68;£0.93/100g;Popcorn;null;null;null;null;null;null;null;null;
4614551;Butterkist Thai Sweet Chilli Flavour Popcorn 80g;£1.50;£1.88/100g;Popcorn;null;null;null;90;null;null;null;null;
4844538;Butterkist Sweet & Salted Popcorn 100g;£1.50;£1.50/100g;Popcorn;null;null;null;null;null;null;null;null;
4844540;Butterkist Sweet Microwave Popcorn 210g;£1.98;£0.94/100g;Popcorn;null;null;null;null;null;null;null;null;
4614565;Butterkis Pop ‘n' Pour Chocolate Microwave Popcorn 220g;£1.98;£0.90/100g;Popcorn;null;null;null;null;null;null;null;null;
4844544;Butterkist Butter Microwave Popcorn 210g;£1.98;£0.94/100g;Popcorn;null;null;null;null;null;null;null;null;
4844546;Butterkist Sweet & Salted Microwave Popcorn 210g;£1.98;£0.94/100g;Popcorn;null;null;null;null;null;null;null;null;
4844542;Butterkist Salted Microwave Popcorn 210g;£1.98;£0.94/100g;Popcorn;null;null;null;null;null;null;null;null;
1929824;Butterkist Cinema Sweet Popcorn 120g;£1.50;£1.25/100g;Popcorn;null;null;null;null;null;null;null;null;
3718714;Butterkist Toffee Popcorn 100g;£1.00;£1.00/100g;Popcorn;null;null;null;null;null;null;null;null;
3567285;Butterkist Salted Popcorn 80g;£1.50;£1.88/100g;Popcorn;null;null;null;null;null;null;null;null;
4206519;Butterkist Sea Salt & Balsamic Vinegar Flavour Popcorn 80g;£1.50;£1.88/100g;Popcorn;null;null;null;null;null;null;null;null;
4614557;Butterkis Classic Variety 6 Pack 100g;£1.68;£1.68/100g;Popcorn;null;null;null;90;null;null;null;null;
4633170;ASDA Chosen by You Salted Popcorn 90g;£0.85;£0.94/100g;Popcorn;508;7.1;47.2;0.7;29.2;4.0;13.8;0.8;
4633166;ASDA Chosen by You Sweet & Salty Popcorn 100g;£0.85;£0.85/100g;Popcorn;517;4.7;56.5;31.7;28.6;4.2;7.3;1.0;
4633164;ASDA Chosen by You Sweet Popcorn 110g;£0.85;£0.77/100g;Popcorn;486;5.2;63.0;32.8;22.0;3.3;7.4;null;
4633168;ASDA Chosen by You Toffee Popcorn 200g;£0.85;£0.42/100g;Popcorn;413;1.7;81.9;54.9;8.1;1.8;3.0;1.6;
4634589;ASDA Chosen by You Sweet & Spicy Popcorn Seasoning 80g;£0.85;£1.06/100g;Popcorn;null;null;null;null;null;null;null;null;
4634587;ASDA Chosen By You Chocolate Popcorn Seasoning 80g;£0.85;£1.06/100g;Popcorn;null;null;null;null;null;null;null;null;
4634591;ASDA Chosen By You Chilli & Lime Popcorn Seasoning 80g;£0.85;£1.06/100g;Popcorn;null;null;null;null;null;null;null;null;
4634595;ASDA Chosen By You Nacho Cheese Popcorn Seasoning 60g;£0.85;£1.42/100g;Popcorn;null;null;null;null;null;null;null;null;
4634593;ASDA Chosen By You Sweet & Salty Popcorn Seasoning 80g;£0.85;£1.06/100g;Popcorn;null;null;null;null;null;null;null;null;
4589299;Phileas Fogg American Popcorn Style New Orleans Cajun Spice & Smoked Salt Flavour 60g;£1.60;£2.67/100g;Popcorn;null;9.0;48.2;1.9;27.2;2.0;9.8;null;
4589297;Phileas Fogg American Popcorn Style 60g;£1.60;£2.67/100g;Popcorn;null;9.7;46.2;2.5;29.0;2.5;10.6;null;
4928967;ASDA Good & Counted Snacking Popcorn Sweet Variety 15g;£1.00;£1.11/100g;Popcorn;488;5.6;68.7;40.4;20.1;2.0;4.7;null;
4928965;ASDA Good & Counted Snacking Savoury Variety Popcorn 15g;£1.00;£1.11/100g;Popcorn;488;7.7;51.0;0.5;25.9;2.7;10.2;1.7;
4622174;Asda Chosen by You Wholefoods Popcorn 500g;£1.25;£0.25/100g;Popcorn;null;12.9;63.3;0.9;4.5;0.6;14.5;null;
4953999;Butterkist Limited Edition Salted Caramel Popcorn 150g;£1.50;£1.00/100g;Popcorn;null;3.6;76.3;90;9.6;2.9;4.5;1.81;
4920634;Thorntons Toffee & Milk Chocolate Popcorn 100g;£1.00;£1.00/100g;Popcorn;null;null;null;null;null;null;null;null;
4920636;Thorntons Toffee & White Chocolate Popcorn 100g;£1.00;£1.00/100g;Popcorn;null;null;null;null;null;null;null;null;
4920638;Thorntons Toffee Covered Popcorn 130g;£1.00;£0.76/100g;Popcorn;null;null;null;null;null;null;null;null;
2869328;McCoy's Flame Grilled Steak;£0.75;£1.50/100g;Single Serve Crisps;526;6.9;53;2.3;31;2.8;3.9;1.5;
3679447;Walkers Mega Monster Munch Roast Beef;£1.00;£1.02/100g;Single Serve Crisps;null;2.1;17.7;0.9;7.5;0.7;0.5;0.52;
3491456;Pub Originals Scampi Fries 55g;£0.95;£1.73/100g;Single Serve Crisps;null;null;null;null;null;null;null;null;
3928971;Samai Plantain Chips with Pacific Sea Salt 75g;£0.68;£0.90/100g;Single Serve Crisps;null;null;null;null;null;null;null;null;
2869330;McCoy's Salt & Malt Vinegar;£0.75;£1.50/100g;Single Serve Crisps;524;6.4;54;0.9;31;2.8;3.9;2.0;
4254431;Walkers Quavers;£1.00;£1.14/100g;Single Serve Crisps;null;null;null;null;null;null;null;null;
4254433;Walkers Wotsits;£1.00;£0.84/100g;Single Serve Crisps;null;null;null;null;null;null;null;null;
4888402;Popchips Barbeque Potato Chips 85g;£1.50;£1.76/100g;Single Serve Crisps;416;6.2;62.3;9.5;14.1;1.8;3.9;null;
4888400;Popchips Original Potato Chips 85g;£1.50;£1.76/100g;Single Serve Crisps;413;6.0;61.8;2.2;13.9;1.8;4.3;null;
4888404;Popchips Sea Salt & Vinegar Potato Chips 85g;£1.50;£1.76/100g;Single Serve Crisps;410;5.8;63.9;5.5;13.3;1.6;4;null;
4548356;Burton's Daily Fish 'n' Chips Salt & Vinegar Flavour Baked Snack Biscuits 125g;£1.00;£0.80/100g;Snacks;null;null;null;null;null;null;null;null;
908930;Penn State Original Sea Salted Giant Pretzels 150g;£0.89;£0.59/100g;Snacks;null;12.0;77.7;1.7;2.5;0.4;2.7;null;
3808620;Jacobs Oddities Baked Cheese Flavour 25g;£1.58;£0.63/100g;Snacks;null;9.2;66.8;10.0;15.0;1.7;3.2;1.3;
3868300;Mr Porky Crackles Pork Scratchings 18g;£1.83;£1.69/100g;Snacks;null;8.7;0.3;0.0;8.2;3.0;0.3;null;
4557327;Mr. Porky Finest Quality Pork Scratchings;£0.75;£1.67/100g;Snacks;626;49.5;1.6;0.1;46.5;17.0;1.7;2.86;
1272920;Pub Originals Original Crackles Pork Crackling 75g;£0.90;£1.20/100g;Snacks;null;55.0;3.7;null;37.2;null;null;null;
3864403;Penn State Sour Cream & Chive Pretzels 175g;£0.89;£0.50/100g;Snacks;423;9.2;71;6.2;11;0.9;3.4;1.7;
4589293;Phileas Fogg Mexican Style Taco Rolls Fiesta Salsa Tomato & Onion Flavour 190g;£1.00;£0.52/100g;Snacks;509;5.7;59;4.2;26;2.6;5.2;1.0;
3269766;Snack A Jack Sour Cream & Chive;£0.97;£1.10/100g;Snacks;null;1.7;17.2;1.4;1.7;0.2;0.3;0.61;
3982403;ASDA Bacon Bites 150g;£0.79;£0.52/100g;Snacks;498;7.5;61.1;3.9;24.2;1.8;2.7;1.8;
3982401;ASDA Cheese Balls 150g;£0.79;£0.52/100g;Snacks;null;7.5;55.0;6.1;28.6;2.9;0.9;1.8;
4607992;ASDA Chosen by You Cheese & Chilli Flavours Party Snacks 100g;£0.79;£0.79/100g;Snacks;477;4.6;65.0;2.4;21.4;2.1;3.0;1.9;
460222;ASDA Smartprice Snacks 16g;£0.59;£0.29/100g;Snacks;500;4.4;59.3;0.8;26.6;2.4;3.1;1.8;
3927417;Amaizin Organic Gluten Free Chilli Cornrolls Crisps 100g;£1.50;£1.50/100g;Snacks;null;null;null;null;null;null;null;null;
4548354;Cathedral City Baked Bites Mini Biscuits Snack Packs 22g;£0.89;£0.80/100g;Snacks;null;null;null;null;null;null;null;null;
3688370;Cofresh Balti Mix 80g;£0.50;£6.25/kg;Snacks;null;null;null;null;null;null;null;null;
1772868;Cofresh Spicy Gathia 300g;£1.00;£0.33/100g;Snacks;null;18.88;49.17;null;24.36;null;null;null;
4273091;DS Gluten Free Pretzels 60g;£1.00;£1.67/100g;Snacks;483;0.5;72;0.7;21;9.8;1.8;3.5;
4613308;Fruit Bowl Fruit Flakes Strawberry 20g;£1.98;£1.98/100g;Snacks;null;1.5;70;58;1.0;0.3;7.5;0.25;
4462548;Fruit Bowl Fruit Peelers Raspberry 20g;£1.59;£2.65/100g;Snacks;320;1.5;70;58;1.0;0.3;7.5;0.25;
4613316;Fruit Bowl Jungle Fruit Shapes 18g;£1.88;£2.09/100g;Snacks;289;0.6;70;50;0.5;0.1;4.8;0.32;
4613314;Fruit Bowl Yogurt Fruit Flakes Raspberry 25g;£4.06;£1.62/100g;Snacks;null;1.3;69;62;19;11;3.9;0.2;
4613312;Fruit Bowl Yogurt Fruit Flakes Strawberry 25g;£4.06;£1.62/100g;Snacks;null;1.3;69;62;19;11;3.9;0.2;
4598077;Jack Link's Beef Jerky Original Snack Pack 25g;£1.70;£6.80/100g;Snacks;null;45.0;20.0;15.3;3.3;null;null;5.3;
4598079;Jack Link's Beef Jerky Sweet & Hot Snack Pack 25g;£1.70;£6.80/100g;Snacks;null;38.8;21.3;20.5;3.3;null;null;4.6;
907075;Jacobs Cheeselets 125g;£1.00;£0.80/100g;Snacks;null;9.7;55.5;1.6;25.6;8.6;3.6;null;
4236033;Jacobs Oddities Baked Salt + Vinegar 25g;£1.58;£0.63/100g;Snacks;null;8.8;66.3;9.9;14.6;1.4;3.1;1.9;
3808618;Jacobs Oddities Baked Smoky Bacon Flavour 25g;£1.58;£1.26/100g;Snacks;null;9.5;67.1;9.1;14.7;1.4;3.2;1.6;
1190755;Jacobs Twiglets Original 150g;£0.99;£0.66/100g;Snacks;null;12.3;57.6;0.6;11.8;1.6;12.4;null;
4589319;KP Grazing Mix Red Berry & Nut Crunch 125g;£1.98;£1.58/100g;Snacks;510;18;33;26;32;5.0;8.5;0.05;
4589305;KP Jumbo Honey Roast Nut Mix Peanuts, Almonds & Cashews 140g;£2.79;£1.99/100g;Snacks;594;null;null;null;null;null;null;null;
4589301;KP Jumbo Nut Mix Spicy Chilli Flavour 140g;£2.79;£1.99/100g;Snacks;617;26;9.8;5.1;51;7.5;7.4;1.0;
3869501;Kallo Corn & Rice Snacks Caramel 22g;£1.65;£1.88/100g;Snacks;null;6.6;84.5;16.6;0.6;0.1;1.7;null;
4036308;Kallo Corn & Rice Snacks Caramel 25g;£0.60;£2.40/100g;Snacks;null;6.6;84.5;16.6;0.6;0.1;1.7;null;
3869495;Kallo Gluten Free Corn & Rice Snacks Sundried Tomato & Herbs 25g;£0.60;£2.40/100g;Snacks;null;7.3;81.0;4.3;0.9;0.1;1.9;null;
2949609;Koh-Kae Coconut Cream Coated Peanuts 265g;£2.43;£0.91/100g;Snacks;null;null;null;null;null;null;null;null;
4647705;McVities Baked Mini Cheddars Original 25g;£4.00;£1.07/100g;Snacks;null;10.7;50.3;4.5;29.5;11.9;2.5;2.4;
3229227;McVities Mini Cheddars Baked Original 200g;£1.00;£0.50/100g;Snacks;null;null;null;null;null;null;null;null;
4537053;Mini Cheddars BBQ 25g;£1.88;£1.07/100g;Snacks;null;9.3;51.7;4.9;30.3;11.4;2.6;1.8;
4537055;Mini Cheddars Cheese & Onion 25g;£1.88;£1.07/100g;Snacks;null;9.2;52.3;5.3;29.9;11.2;3.0;1.8;
4511374;Natural Selection Jumbo Flame Raisins;£1.00;£0.50/100g;Snacks;null;2.1;69.3;69.3;0.4;0.0;2.0;0.2;
4511376;Natural Selection Tropical Mix;£1.00;£0.50/100g;Snacks;null;0.9;83.8;78.5;0.2;0.1;1.8;0.4;
2872804;Pub Originals Hot Pork Crunch 30g;£0.89;£2.97/100g;Snacks;null;null;null;null;null;null;null;null;
3491456;Pub Originals Scampi Fries 55g;£0.95;£1.73/100g;Snacks;null;null;null;null;null;null;null;null;
4617215;Real Corn Thins Original 150g;£1.25;£0.83/100g;Snacks;null;null;null;null;null;null;null;null;
3928969;Samai Plantain Chips 75g;£0.68;£0.90/100g;Snacks;null;null;null;null;null;null;null;null;
4797707;Texas Joe's Texas Joe's Beef Jerky Low & Slow BBQ Flavour 50g 50g;£2.00;£4.00/100g;Snacks;null;null;null;null;null;null;null;null;
3993169;The Fruit Factory Strawberry Fruit Hearts 20g;£1.95;£1.95/100g;Snacks;null;null;null;null;null;null;null;null;
4619764;The Fruit Factory Strawberry Fruit Wheels 15g;£1.78;£2.37/100g;Snacks;null;4.5;75.6;18.0;0.7;0.2;1.7;0.28;
4619762;The Fruit Factory Strawberry, Apple & Orange Fruit Stars 20g;£1.95;£1.95/100g;Snacks;null;2.0;74.2;47.2;0.3;0.3;2.0;0.1;
4461264;The Real Pork Crackling Co Cracking Pork Crackling 75g;£1.00;£1.33/100g;Snacks;null;44.5;0.5;0.5;null;18.3;null;3.9;
4461262;The Real Pork Crackling Co Golden Pork Crunch 35g;£1.00;£2.86/100g;Snacks;null;69.7;0.5;0.5;26.2;5.9;0.5;null;
4461260;The Real Pork Crackling Co Jalapeno Pork Crunch 35g;£1.00;£2.86/100g;Snacks;null;70.6;0.1;0.4;24.0;5.5;0.5;null;
4461266;The Real Pork Crackling Co Pork Scratchings 75g;£1.00;£1.33/100g;Snacks;null;42.0;0.1;0.1;null;35.2;null;0.86;
4698961;Walkers Baked Hoops and Crosses Cheese Flavour Corn Snack 18g;£1.00;£0.92/100g;Snacks;null;1.3;11.0;1.1;3.8;0.4;1.0;0.29;
5017353;Walkers Sensations Lime & Coriander Chutney Flavour Poppadom Style Snacks 5g;£0.97;£1.18/100g;Snacks;null;2.1;17.7;0.9;6.6;5.3;1.3;0.92;
4584357;Wheat Crunchies Assorted Crunchies 25g;£2.60;£0.65/100g;Snacks;498;9.4;57;3.9;25;2.5;3.6;1.5;
2308616;Wild West Biltong 25g;£1.14;£4.56/100g;Snacks;null;45.4;4.8;3.0;5.6;2.5;1.2;null;
4598091;Wild West Original Beef Jerky 35g;£2.00;£5.71/100g;Snacks;null;39.0;21.5;18.9;5.0;1.7;1.6;4.9;
2905190;Wild West Spicy Beef Jerky 25g;£1.18;£4.72/100g;Snacks;null;41.5;24;null;5;null;null;1.5;
3735492;Asda Chosen By You Flaked Almonds 150g;£1.49;£0.99/100g;Almonds;null;21.1;6.9;4.2;55.8;4.4;7.4;null;
2304061;Cypressa Almonds 300g;£2.99;£0.99/100g;Almonds;null;21.1;6.9;null;55.8;null;null;null;
3735480;Asda Sweet Almonds 150g;£1.73;£1.15/100g;Almonds;null;null;null;null;null;null;null;null;
3735478;Asda Blanch Almonds 150g;£1.59;£1.06/100g;Almonds;null;null;null;null;null;null;null;null;
4622274;ASDA Chosen by You Roasted & Salted Almonds 100g;£1.50;£1.50/100g;Almonds;631;25.5;6.6;3.9;54.2;4.5;7.4;1.0;
4929822;ASDA Good & Balanced Mixed Almonds 200g;£1.50;£0.75/100g;Almonds;626;25.0;5.2;4.9;54.2;4.0;8.7;null;
4419329;Blue Diamond Honey Roasted Almonds 70g;£1.49;£2.13/100g;Almonds;null;17.2;21.6;19.2;47.6;11.4;8.5;0.5;
4583907;Blue Diamond Smokehouse Flavour Almonds 70g;£1.49;£2.13/100g;Almonds;null;20.3;7.7;4.4;55.0;13.2;9.9;1.3;
3502020;Cypressa Cashew Nuts 300g;£3.24;£0.1/kg;Cashews;null;20.9;9.6;8.7;47.9;8.5;14.6;0.02;
3252062;ASDA Smartprice Salted Cashew Nuts 125g;£0.75;£0.60/100g;Cashews;637;19.5;26.5;8.0;49.4;9.4;4.3;1.0;
4622272;ASDA Chosen by You Roasted & Salted Cashew Nuts 85g;£1.00;£1.18/100g;Cashews;605;20.7;23.3;8.0;46.8;8.8;4.1;0.7;
4622292;ASDA Chosen by You Roasted & Salted Cashew Nuts 350g;£2.98;£0.85/100g;Cashews;605;20.7;23.3;8.0;46.8;8.8;4.1;0.7;
4929826;ASDA Good & Balanced Cashew Nuts 200g;£1.72;£0.86/100g;Cashews;582;19.9;26.5;7.5;43.3;8.2;3.5;0.1;
2930485;Marmite Oven Baked Cashew Nuts 90g;£1.59;£1.77/100g;Cashews;null;21.7;20.5;7.2;45.4;7.9;5.4;1.02;
4007080;ASDA Chosen by You Fruit, Nut & Chocolate Buttons 200g;£1.28;£0.64/100g;Fruit & Nut Mixes;488;13.5;46.5;40.0;26.6;6.6;4.5;null;
4007078;ASDA Chosen by You Yogurt Fruit & Nut Mix 200g;£1.30;£0.65/100g;Fruit & Nut Mixes;466;13.9;42.2;34.0;26.0;9.3;3.8;null;
2790611;ASDA Smartprice Fruit & Nut Mix 200g;£0.56;£0.28/100g;Fruit & Nut Mixes;null;8.0;60.9;48.6;11.9;2.1;4.8;null;
4929840;ASDA Good & Balanced Mixed Golden Fruit & Nuts 200g;£1.47;£0.73/100g;Fruit & Nut Mixes;470;10.9;41.2;38.1;28.0;17.4;4.9;0.1;
4929830;ASDA Good & Balanced Mixed Peanuts & Raisins 200g;£0.68;£0.34/100g;Fruit & Nut Mixes;469;20;22;18;31;4.1;11;0.01;
4007042;ASDA Chosen by You Honey Roasted Peanuts & Cashews 200g;£1.50;£0.75/100g;Mixed Nuts;580;20.2;26.3;20.1;42.2;5.7;6.9;1.0;
4007072;ASDA Chosen by You Roasted & Salted Mixed Nuts 200g;£2.00;£1.00/100g;Mixed Nuts;616;27.8;17.7;5.8;46.5;8.4;7.7;0.2;
3404410;Cofresh Savoury Papri Gathia 300g;£1.00;£0.33/100g;Mixed Nuts;null;null;null;null;null;null;null;null;
3993171;Guinness Gourmet Peanuts & Cashews 90g;£1.59;£1.77/100g;Mixed Nuts;null;25.8;8.3;5.5;49.7;9.4;9.6;0.93;
3735474;Asda Chosen By You Macadamias Nuts 150g;£2.72;£1.81/100g;Mixed Nuts;null;7.9;4.8;4.0;77.6;11.2;5.3;0.1;
3688372;Cofresh Caramelised Nut Mix 80g;£1.30;£1.62/100g;Mixed Nuts;null;null;null;null;null;null;null;null;
4929824;ASDA Good & Balanced Brazil Nuts 200g;£1.39;£0.69/100g;Mixed Nuts;701;16.3;2.9;2.3;68.2;16.4;5.4;null;
4929838;ASDA Good & Balanced Fruit & Nuts 200g;£1.00;£0.50/100g;Mixed Nuts;499;16.4;30.2;26.6;33.7;9.4;4.7;null;
4929828;ASDA Good & Balanced Mixed Nuts 175g;£2.00;£1.14/100g;Mixed Nuts;665;18.4;5.5;3.1;61.5;8.5;7.7;null;
4589317;KP Grazing Mix Triple Nut Crunch 125g;£1.98;£1.58/100g;Mixed Nuts;528;19;27;22;36;5.3;9.2;0.10;
4589321;KP Grazing Mix Yoghurt Coated Raisin & Nut Crunch 125g;£1.98;£1.58/100g;Mixed Nuts;544;21;27;20;38;7.0;8.9;0.10;
1147270;KP Salted Peanuts 300g;£1.98;£0.66/100g;Peanuts;null;27.4;8.8;4.8;50.8;10.3;8.5;null;
4007130;ASDA Chosen by You Dry Roasted Peanuts 400g;£1.19;£0.29/100g;Peanuts;590;25.6;15.1;5.7;45.8;5.0;7.4;0.9;
1147260;KP Dry Roasted Peanuts 300g;£1.98;£0.66/100g;Peanuts;null;28.3;11.4;5.3;46.0;7.8;9.1;null;
4254425;Walkers Tiger Nuts Salt & Vinegar 130g;£1.98;£1.52/100g;Peanuts;null;4.5;13.0;1.8;10.0;1.5;1.7;0.70;
4007128;ASDA Chosen by You Salted Jumbo Peanuts 400g;£1.19;£0.29/100g;Peanuts;607;27.0;11.2;6.8;48.8;7.7;7.3;1.1;
4449031;KP Original Salted Peanuts;£1.00;£1.00/100g;Peanuts;null;27.4;8.8;4.8;50.8;10.3;8.5;null;
3248048;KP Honey Roast Nuts 180g;£1.98;£1.10/100g;Peanuts;null;23.7;22.1;17.3;42.8;8.1;7.7;null;
4254421;Walkers Tiger Nuts Thai Sweet Chilli 130g;£1.98;£1.52/100g;Peanuts;null;4.5;13.0;2.0;10.0;1.5;1.7;0.70;
3807259;KP Original Salted Peanuts Big Share Size 500g;£3.00;£0.60/100g;Peanuts;615;30;5.6;5.1;51;8.1;8.5;1.3;
4449027;KP Jumbo Cashews Salted 140g;£2.79;£1.99/100g;Peanuts;null;19.6;17.7;5.6;50.9;10.1;7.1;null;
3807261;KP Dry Roasted Peanuts Big Share Size 500g;£3.00;£0.60/100g;Peanuts;null;28.3;11.4;5.3;46.0;7.8;9.1;null;
3991542;Walkers Sensations Oven Roasted Peanuts Californian Honey and Salt 145g;£0.97;£0.66/100g;Peanuts;null;5.8;9.4;7.4;12.0;0.6;1.5;0.40;
4449029;KP Jumbo Cashews Honey Roast 140g;£2.79;£1.99/100g;Peanuts;null;17.0;28.1;16.7;44.6;9.3;6.1;null;
4007106;ASDA Chosen by You Salted Peanuts;£2.78;£0.27/100g;Peanuts;607;27.0;11.2;6.8;48.8;7.7;7.3;1.1;
4007040;ASDA Chosen by You Habanero Chilli Peanuts 200g;£0.85;£0.42/100g;Peanuts;597;27.3;13.4;7.7;46.9;7.5;6.2;1.8;
3102537;KP Salt & Vinegar Jumbo Nuts 180g;£1.98;£1.10/100g;Peanuts;null;27.1;11.1;5.4;48.2;8.7;8.8;null;
3102539;KP Jumbo Nuts Chilli 180g;£1.98;£1.10/100g;Peanuts;null;27.3;11.3;5.5;47.8;8.6;8.9;null;
4007090;ASDA Chosen by You Chilli Crispy Coated Peanuts 200g;£1.60;£0.80/100g;Peanuts;548;17.3;33.2;11.0;37.2;7.1;5.4;2.4;
4449033;KP Dry Roasted Peanuts 100g;£1.00;£1.00/100g;Peanuts;null;28.3;11.4;5.3;46.0;7.8;9.1;null;
4254423;Walkers Tiger Nuts Smoky Bacon 130g;£1.98;£1.52/100g;Peanuts;null;4.5;13.0;1.9;10.0;1.5;1.7;0.80;
4254260;KP Jumbo Peanuts Smoky BBQ Flavour 180g;£1.98;£1.10/100g;Peanuts;null;27.0;10.6;6.0;49.7;10.1;8.4;null;
221938;ASDA Smartprice Salted Peanuts 200g;£0.48;£0.24/100g;Peanuts;608;27.7;9.8;6.8;49.2;6.4;7.7;1.2;
4622294;ASDA Chosen by You BBQ Crispy Coated Peanuts 200g;£1.00;£0.50/100g;Peanuts;516;16.8;41.1;6.2;30.4;5.6;5.5;1.7;
4622290;ASDA Chosen by You Dry Roasted Peanuts;£2.78;£0.27/100g;Peanuts;590;25.6;15.1;5.7;45.8;5.0;7.4;0.9;
4622276;ASDA Chosen by You Fruit, Peanuts & Choc Peanuts 200g;£1.00;£0.50/100g;Peanuts;456;14.6;40.4;36.3;24.9;6.2;6.0;0.1;
4622268;ASDA Chosen by You Roasted & Salted Peanuts 100g;£0.65;£0.65/100g;Peanuts;607;27.0;11.2;6.8;48.8;7.7;7.3;1.1;
4929832;ASDA Good & Balanced Mixed Peanuts 200g;£2.00;£1.00/100g;Peanuts;616;27.8;17.7;5.8;46.5;8.4;7.7;0.2;
4977115;ASDA Good & Balanced Redskin Peanuts 200g;£0.68;£0.34/100g;Peanuts;571;29.5;13.0;5.7;43.5;13.1;4.5;null;
3252056;Asda Dry Roasted Peanuts 100g;£0.65;£0.65/100g;Peanuts;590;25.6;15.1;5.7;45.8;5.0;7.4;0.9;
4619768;Pepperami Peperami Original Flavour Double Crunch Peanuts 70g;£1.00;£1.43/100g;Peanuts;null;17.4;37.7;10.8;34.0;5.3;6.6;1.27;
4597453;Walkers Sensations Chinese Szechuan Pepper Coated Peanuts 140g;£0.97;£0.69/100g;Peanuts;null;null;null;null;null;null;null;null;
4597457;Walkers Sensations Mexican Smoked Chilli Coated Peanuts 150g;£0.97;£0.64/100g;Peanuts;null;null;null;null;null;null;null;null;
4597455;Walkers Sensations Thai Sweet Chilli Coated Peanuts 150g;£0.97;£0.64/100g;Peanuts;null;null;null;null;null;null;null;null;
2652829;ASDA Chosen By You Shelled Pistachio Nuts 150g;£2.81;£1.87/100g;Pistachios;null;null;null;null;null;null;null;null;
4622298;ASDA Chosen by You Roasted & Salted Pistachios 300g;£3.48;£1.16/100g;Pistachios;599;25.4;9.0;7.1;48.6;6.2;12.1;1.2;
4622270;ASDA Chosen by You Roasted & Salted Pistachios 85g;£1.49;£1.75/100g;Pistachios;594;24.6;8.9;6.9;48.6;6.2;11.4;1.0;
4929834;ASDA Good & Balanced Unsalted Pistachios 175g;£1.41;£0.80/100g;Pistachios;618;25.8;15.4;6.2;49.2;6.2;5.4;null;
4614601;Wonderful Wonderful Salt & Pepper XXL Pistachios 115g;£1.98;£1.72/100g;Pistachios;null;null;null;null;null;null;null;null;
3735490;ASDA Chosen By You Walnut Halves 150g;;;Walnuts;null;null;null;null;null;null;null;null;
3735488;Asda Walnut Pieces 150g;£1.69;£1.13/100g;Walnuts;null;null;null;null;null;null;null;null;
4929836;ASDA Good & Balanced Walnuts 175g;£2.48;£1.42/100g;Walnuts;696;14.7;3.3;2.6;68.5;46.7;3.5;null;
1940184;Fruit Bowl Blackcurrant Flakes With Yogurt Coating 125g;£2.11;£1.69/100g;Dried Fruits;null;1.3;69;62;19;11;3.9;0.2;
1940182;Fruit Bowl Strawberry Flakes With Yogurt Coating 125g;£2.11;£1.69/100g;Dried Fruits;null;13;69;62;19;11;3.9;0.2;
3993565;Asda Chosen By You Home Baking Mixed Peel 200g;£0.74;£0.37/100g;Dried Fruits;null;null;null;null;null;null;null;null;
2391068;ASDA Cranberries Wholefoods 100g;£1.27;£12.70/kg;Dried Fruits;null;0.4;80.1;73.1;2.8;0.3;4.4;null;
3507756;Al Madinah Khudary Dates with Almond 500g;£4.45;£8.90/kg;Dried Fruits;null;null;null;null;null;null;null;null;
3507754;Al Madinah Khudary Dates w/ Seeds 500g;£2.30;£4.60/kg;Dried Fruits;null;null;null;null;null;null;null;null;
4395667;ASDA Chosen By Kids Mini Raisin Multipack 14g;£2.00;£1.19/100g;Dried Fruits;310;2.5;72.0;70.3;0.4;0.1;4.1;null;
4933846;ASDA Good & Balanced Date & Walnut Snack Pack 30g;£1.00;£1.11/100g;Dried Fruits;512;9.2;54.7;33.8;26.6;19.0;8.3;0.2;
4622176;Asda Chosen By You Yogurt Coated Raisins 25g;£1.50;£1.20/100g;Dried Fruits;448;3.2;71.0;60.8;16.2;14.2;2.7;0.1;
4616096;Florida's Natural Fruiteez Chewy Fruity Pieces 6 x 17g 17g;£2.00;£1.96/100g;Dried Fruits;null;null;null;null;null;null;null;null;
4448988;Whitworths Sunny Raisin Coated Yogurt Raisins 100g;£1.49;£1.49/100g;Dried Fruits;null;null;null;null;null;null;null;null;
4448986;Whitworths Sunny Raisin Sunny Raisin Coated Chocolate Raisins 100g;£1.49;£1.49/100g;Dried Fruits;null;null;null;null;null;null;null;null;
3382615;Kellogg's Winders Apple & Strawberry;£1.41;£1.38/100g;Kids Dried Fruit;null;null;null;null;null;null;null;null;
3382613;Kellogg's Fruit Winders Doubles Strawberry &Blackcurrant;£1.41;£1.38/100g;Kids Dried Fruit;null;null;null;null;null;null;null;0.13;
3382617;Kellogg's Strawberry Winders;£1.41;£1.38/100g;Kids Dried Fruit;null;null;null;null;null;null;null;null;
3991413;Fruit Bowl Yogurt Raisins 30g;£2.11;£1.41/100g;Kids Dried Fruit;null;2.0;67;66;19;11;3.0;0.2;
3991411;Fruit Bowl Yogurt Fruit Flakes Raspberry 25g;£2.11;£1.69/100g;Kids Dried Fruit;null;1.3;69;62;19;11;3.9;0.2;
4008721;Whitworths Sunny Raisins;£1.00;£0.12/each;Kids Dried Fruit;null;2.6;70.0;70.0;0.4;0.1;5.3;null;
3993161;Humzingers HumZingers Fruit Stix 10 Variety Pack Summer Fruits 13g;£1.98;£1.52/100g;Kids Dried Fruit;null;2.4;61.4;37.5;0.3;0.1;11.6;0.1;
3993179;The Fruit Factory 12 Pack Lunchbox Mini Snacks 168g;£1.48;£0.88/100g;Kids Dried Fruit;null;2.9;69.1;69.1;0.5;0.1;5.3;0.05;
3993165;The Fruit Factory Strawberry, Apple & Orange Fruit Strings 3 Flavours 100g;£1.95;£1.95/100g;Kids Dried Fruit;null;7.5;71.6;47.2;0.4;0.3;1.8;0.1;
3993167;The Fruit Factory Strawberry Fruit Strings 5 Pack 100g;£1.95;£1.95/100g;Kids Dried Fruit;null;7.1;74.2;48.2;0.2;0.1;2.0;0.1;
3991415;Fruit Bowl Fruit Peelers Strawberry;£1.50;£2.50/100g;Kids Dried Fruit;320;1.5;70;58;1.0;0.3;7.5;0.25;
3253083;ASDA Strawberry Yogurt Pieces 25g;£1.35;£1.08/100g;Kids Dried Fruit;491;3.0;69.4;64.6;22.2;19.1;0.6;0.3;
3993163;Sunsweet HumZingers Fruit Stix 10 Variety Pack Orchard Fruits 13g;£1.98;£1.52/100g;Kids Dried Fruit;null;2.5;60.4;39.0;0.6;0.1;12.2;0.1;
4622300;ASDA Chosen by Kids Strawberry Squidgy Fruit Monsters 21g;£1.75;£1.67/100g;Kids Dried Fruit;null;2.3;79.9;63.9;0.9;0.1;4.8;0.1;
4395665;ASDA Mini Mixed Fruity Snack Boxes 14g;£1.00;£0.59/100g;Kids Dried Fruit;null;2.5;72.0;70.3;0.4;0.1;4.1;null;
4622304;Asda Chosen By Kids Apple & Strawberry Peelable Fruit Bars 21g;£1.75;£1.67/100g;Kids Dried Fruit;340;2.3;79.9;63.9;0.2;0.1;4.8;0.1;
4622306;Asda Chosen By Kids Blackcurrant & Apple Peelable Fruit Bars 21g;£1.75;£1.67/100g;Kids Dried Fruit;347;2.3;79.9;63.9;0.9;0.1;4.8;null;
4622302;Asda Chosen By Kids Blueberry Squidgy Fruit Monsters 21g;£1.75;£1.67/100g;Kids Dried Fruit;null;2.3;79.9;63.9;0.9;0.1;4.8;null;
3991417;Fruit Bowl Fruit Peelers Blackcurrant 20g;£1.59;£2.65/100g;Kids Dried Fruit;320;1.5;70;58;1.0;0.3;7.5;0.25;
4663262;Munchies Munch Bagz Krazy Kubez Apple and Orange 13g;£2.00;£3.85/100g;Kids Dried Fruit;null;null;null;null;null;null;null;null;
4663260;Munchies Munch Bagz Krazy Kubez Apple and Raspberry 13g;£2.00;£3.85/100g;Kids Dried Fruit;null;null;null;null;null;null;null;null;
3688191;TRS Star Aniseed 50g;£0.89;£1.78/100g;Seeds;null;null;null;null;null;null;null;null;
3688199;TRS Methi Fenugreek Seeds 100g;£0.39;£0.39/100g;Seeds;null;null;null;null;null;null;null;null;
3688189;TRS Ajwain Lovage Seeds 100g;£0.97;£0.97/100g;Seeds;null;null;null;null;null;null;null;null;
4805965;Chia Co Black Chia 150g;£3.85;£2.57/100g;Seeds;null;null;0.7;1.0;5.3;null;null;null;
4781452;Raw Health Organic White Chia Seeds 450g;£10.99;£24.42/kg;Seeds;null;21.2;4.5;0.8;31.4;3.8;31.4;0.02;
4805963;The Chia Co. Chia White 150g;£3.85;£2.57/100g;Seeds;null;3.1;0.7;1.0;5.3;null;null;null;
46931;Ritz Original Crackers;£0.96;£0.48/100g;Crackers & Assortments;null;7.7;63.5;8.8;23;10.5;2.2;1.38;
972806;Ritz Cheese Crackers;£0.96;£0.48/100g;Crackers & Assortments;505;10;60;3.4;24.5;11.5;2.2;1.38;
3583006;Ritz Mini 25g;£1.59;£1.06/100g;Crackers & Assortments;490;7.9;62;8.7;23;10.5;2.6;1.38;
4669623;Ritz Breaks Original Crackers 190g;£1.89;£0.99/100g;Crackers & Assortments;null;8.4;65;9.1;18;8.5;3.5;2.23;
4669621;Ritz Breaks Rosemary & Olive Oil Crackers 190g;£1.89;£0.99/100g;Crackers & Assortments;null;8.7;63;5.9;18.5;7.7;3.9;2.42;
3596322;McVities Baked Cheddars Cheese Biscuits 185g;£1.29;£0.69/100g;Crackers & Assortments;null;11.2;48.7;5.5;31.4;15.5;3.0;1.6;
652182;McVities Baked Cheddar Cheese Biscuits 150g;£1.09;£0.72/100g;Crackers & Assortments;null;10.8;47.0;5.3;31.8;15.7;2.9;1.6;
3991431;McVities Baked Cheddars Cheese Biscuits 150g;£1.09;£0.72/100g;Crackers & Assortments;null;10.8;48.5;5.4;31.8;15.7;3.0;1.6;
436668;McVities Krackawheat 200g;£0.94;£0.47/100g;Crackers & Assortments;null;10.0;61.2;2.6;18.7;9.4;5.9;1.6;
3584260;Ryvita Crackers for Cheese Golden Rye 175g;£1.19;£0.68/100g;Crackers & Assortments;null;13.2;72.9;1.1;2.9;0.4;6.5;null;
3584262;Ryvita Crackers for Cheese Black Pepper 175g;£1.19;£0.68/100g;Crackers & Assortments;null;13.2;72.9;1.1;2.9;0.4;6.8;null;
3355324;Jacobs TUC Savoury Favourites Baked Cheddars Cheese Biscuits 200g;£2.19;£1.10/100g;Crackers & Assortments;null;null;null;null;null;null;null;null;
651921;Tuc Cheese Sandwich 150g;£1.29;£0.86/100g;Crackers & Assortments;null;7.8;55.1;8.3;29.4;10.8;2.2;1.4;
652230;Tuc Original Cracker 150g;£1.31;£0.87/100g;Crackers & Assortments;null;7.1;55.7;7.3;28.3;13.0;2.6;2.4;
3991441;Jacobs Biscuits for Cheese 250g;£2.00;£0.80/100g;Crackers & Assortments;null;9.2;64.9;6.9;16.9;7.9;4.2;1.4;
2937814;Jacobs Cream Crackers High Fibre 200g;£1.00;£0.50/100g;Crackers & Assortments;null;9.3;61.4;1.6;18.3;6.1;7.4;1.7;
45329;Jacobs Cream Crackers 200g;£0.89;£0.44/100g;Crackers & Assortments;null;10.0;67.7;1.4;13.5;6.2;3.8;1.3;
45326;Jacobs Cream Crackers 300g;£1.17;£0.39/100g;Crackers & Assortments;null;10.0;67.7;1.4;13.5;6.2;3.8;1.3;
2937834;Jacobs Choice Grain Crackers 200g;£0.94;£0.47/100g;Crackers & Assortments;null;null;null;null;null;null;null;null;
45327;Jacobs Cornish Wafers 150g;£0.94;£0.62/100g;Crackers & Assortments;null;8.9;56.7;1.0;28.8;13.8;3.0;0.83;
2263074;Jacobs Savours Salt & Cracked Black Pepper Bakes 200g;£0.98;£0.49/100g;Crackers & Assortments;null;9.2;67.5;1.4;16.6;7.5;4.0;1.4;
3991423;Jacobs Savours Cheese Thins 150g;£0.98;£0.65/100g;Crackers & Assortments;null;10.3;59.5;3.8;21.7;16.0;3.3;null;
3991425;Jacobs Savours Sour Cream & Chive Thins 150g;£0.98;£0.65/100g;Crackers & Assortments;null;8.0;64.3;2.8;21.3;16.5;2.0;1.8;
3693226;Jacobs Savours Sweet Chilli Thins 150g;£0.98;£0.65/100g;Crackers & Assortments;null;7.4;64.9;9.5;21.7;16.6;2.2;2.0;
4548335;Jacobs Simply Baked Cream Crackers with Cracked Black Pepper 200g;£0.97;£0.48/100g;Crackers & Assortments;null;10.0;67.7;1.4;13.5;4.0;4.2;1.3;
4681878;ASDA Chosen by You Chosen by You Rosemary Crackers 200g;£1.00;£0.50/100g;Crackers & Assortments;486;6.5;68.3;8.2;20.2;2.0;2.4;1.7;
4681882;ASDA Chosen by You Multigrain Crackers 170g;£1.00;£0.58/100g;Crackers & Assortments;493;7.9;67.8;3.6;19.9;1.7;5.5;1.9;
3553337;ASDA Gluten Free Crackerbreads 125g;£1.20;£0.96/100g;Crackers & Assortments;385;8.0;85.0;2.0;1.0;0.3;2.0;1.3;
4240662;ASDA Gluten Free Crackers 125g;£1.60;£1.28/100g;Crackers & Assortments;null;null;null;null;null;null;null;null;
218020;ASDA Perfect for Cheese Cracker Selection 150g;£1.00;£0.66/100g;Crackers & Assortments;null;9.9;67.1;1.4;13.4;6.1;3.8;null;
4681880;ASDA Chosen by You Chosen by You Salt & Pepper Crackers 185g;£1.00;£0.54/100g;Crackers & Assortments;485;7.3;64.5;2.9;21.3;1.8;3.0;1.2;
971733;ASDA Chosen by You Party Nibbles Cheese Twists 125g;£0.80;£0.64/100g;Crackers & Assortments;530;13;51;3.3;30;18;1.9;1.5;
3400618;ASDA Extra Special Rustic Cracker Collection 300g;£3.15;£1.05/100g;Crackers & Assortments;400;14.1;56.9;1.6;10.3;0.8;11.7;2.5;
4727179;Asda Chosen by You Cracker Snacks 150g;£1.00;£0.66/100g;Crackers & Assortments;null;6.7;65.4;7.1;17.6;4.1;3.0;1.3;
4727177;Asda Chosen by You Tomato & Cheese Cracker Bites 190g;£1.19;£0.62/100g;Crackers & Assortments;507;10.5;61.6;2.2;23.6;2.1;3.2;1.3;
529684;Asda Chosen By You Biscuits for Cheese 500g;£2.98;£0.59/100g;Crackers & Assortments;null;9.0;64.2;5.7;18.4;8.3;4.0;1.4;
4821515;Asda Chosen By You Cheese Crackers 6 Snack Packs 200g;£1.69;£0.84/100g;Crackers & Assortments;null;14.7;56.2;0.4;23.0;12.3;4.0;2.8;
651929;Asda Chosen By You Cheese Thins;£0.79;£0.52/100g;Crackers & Assortments;null;11.3;46.6;4.8;32.3;16.0;2.3;2.0;
49053;Asda Chosen By You Cream Crackers 300g;£0.50;£0.16/100g;Crackers & Assortments;442;10.0;68.0;1.4;13.6;6.2;3.8;1.2;
4821517;Asda Chosen By You Seeded Crackers 6 Snack Packs 185g;£1.69;£0.91/100g;Crackers & Assortments;null;14.7;62.1;8.2;17.3;5.8;9.1;0.5;
4641964;Asda Chosen By You Sweet Chilli Brushetta 90g;£1.00;£1.11/100g;Crackers & Assortments;423;13.8;65.4;11.3;10.8;0.9;4.6;1.7;
1199999;Asda Chosen By You Water Biscuits;£0.75;£0.37/100g;Crackers & Assortments;null;10.1;75.5;1.8;7.2;3.0;4.2;1.1;
2566086;Asda Extra Special Biscuits for Cheese;£1.65;£0.66/100g;Crackers & Assortments;396;7.8;61.2;4.4;12.6;1.1;3.2;null;
3245543;Cansi Palmiiers 100g;£1.00;£1.00/100g;Crackers & Assortments;null;null;null;null;null;null;null;null;
3601256;Carrs Biscuit Selection 200g;£2.79;£1.40/100g;Crackers & Assortments;null;9.1;63.7;7.6;17.2;9.0;4.8;1.8;
3197194;Carrs Black Pepper Table Water Biscuits 125g;£1.20;£0.96/100g;Crackers & Assortments;null;10.1;74.7;1.6;7.6;3.3;4.2;1.5;
792060;Carrs Cheese Melts 150g;£1.50;£1.00/100g;Crackers & Assortments;null;11.2;57.0;8.1;22.5;15.1;3.9;null;
3602665;Carrs Garlic and Herb Table Water Biscuits 125g;£1.20;£0.96/100g;Crackers & Assortments;null;10.4;73.6;1.5;7.5;null;4.3;1.8;
436777;Carrs Table Water Biscuits 125g;£1.20;£0.96/100g;Crackers & Assortments;null;10.1;74.7;1.6;7.7;3.3;4.2;1.5;
4257596;DS Gluten Free Cracker Biscuits 200g;£1.85;£0.92/100g;Crackers & Assortments;391;2.1;60;2.0;11;5.5;17;1.00;
3230202;Doria Doriano Italian Crackers 240g;£1.19;£0.49/100g;Crackers & Assortments;null;null;null;null;null;null;null;null;
2937812;Hovis Extra Wheatgerm Crackers 150g;£1.50;£1.00/100g;Crackers & Assortments;null;10.2;60.0;6.8;18.5;9.7;4.4;null;
4257633;Kallo Gluten Free Corn Cakes 130g;£1.10;£0.84/100g;Crackers & Assortments;null;7.6;83.6;0.5;1.1;0.1;4.2;0.5;
4242143;Kallo Gluten Free Corn & Rice Snacks Salt & Vinegar 22g;£1.65;£0.41/each;Crackers & Assortments;null;7.2;81.5;1.3;0.7;0.1;1.8;null;
4689818;Miltons Craft Bakers Original Multi-Grain Baked Crackers 170g;£1.29;£0.75/100g;Crackers & Assortments;414;7.3;56.9;7.5;16.6;1.3;3.7;1.5;
4689820;Miltons Craft Bakers Roasted Garlic & Herb Multi-Grain Crackers 170g;£1.29;£0.75/100g;Crackers & Assortments;405;7.2;57.2;7.3;15.4;1.2;4.3;1.5;
3029296;Mrs Crimbles Gluten Free Cheese Crackers Tomato & Pesto 130g;£2.00;£1.54/100g;Crackers & Assortments;null;12.5;63.8;4.5;15.5;8.7;2.9;3.0;
4151927;Nairn’s Oat Cracker Thins 171g;£1.18;£0.69/100g;Crackers & Assortments;33;0.8;null;0.2;1.3;0.4;0.6;0.1;
4854564;Peckish Rice Crackers Cheddar Cheese Flavour 20g;£1.79;£1.79/100g;Crackers & Assortments;null;7.3;73.0;1.2;8.7;2.1;0.9;1.02;
4854566;Peckish Rice Crackers Sea Salt & Vinegar Flavour 20g;£1.79;£1.79/100g;Crackers & Assortments;null;7.5;72.8;0.9;8.3;2.5;0.9;0.89;
45527;Ryvita Original Crackerbread 200g;£1.09;£0.54/100g;Crispbreads & Flatbreads;null;10.8;75.0;1.5;2.8;0.4;4.8;1.05;
1692772;Ryvita Original Crispbread 250g;£1.00;£0.40/100g;Crispbreads & Flatbreads;null;8.5;66.9;2.9;1.7;0.3;16.5;0.50;
50483;Ryvita Sesame Crispbread 250g;£1.29;£0.51/100g;Crispbreads & Flatbreads;null;10.5;58.3;2.0;7.0;1.1;17.5;0.86;
1692774;Ryvita Dark Rye Crispbread 250g;£1.00;£0.40/100g;Crispbreads & Flatbreads;null;8.5;66.6;3.0;1.2;0.2;15.2;0.74;
194374;Ryvita Multigrain Crispbread 250g;£1.29;£0.51/100g;Crispbreads & Flatbreads;null;11.2;56.0;4.9;7.2;1.3;18.3;0.61;
3263421;Asda Chosen By You Crispbread 125g;£0.80;£0.64/100g;Crispbreads & Flatbreads;380;13.0;72.0;5.2;3.5;0.7;4.2;1.6;
3693252;Ryvita Fruit Crunch Crispbread 200g;£1.59;£0.79/100g;Crispbreads & Flatbreads;null;8.3;61.8;19.6;5.4;0.7;14.9;0.03;
2931125;Ryvita Wholegrain Crackerbread 125g;£1.09;£0.87/100g;Crispbreads & Flatbreads;null;11.3;70.9;6.9;3.9;0.5;7.3;1.13;
2586053;Ryvita Thins Multi-Seed Flatbreads;£1.89;£1.51/100g;Crispbreads & Flatbreads;434;16.4;56.2;2.9;14.1;3.3;8.1;1.54;
3855783;Ryvita Mediterranean Herbs Crispbread 200g;£1.59;£0.79/100g;Crispbreads & Flatbreads;null;9.5;81.3;2.4;1.6;0.3;11.8;0.98;
1700741;Ryvita Pumpkin Seeds & Oats Crispbread 200g;£1.59;£0.79/100g;Crispbreads & Flatbreads;null;11.2;56.0;4.8;7.2;1.3;18.3;0.61;
3198142;Ryvita Thins Sweet Chilli Flatbreads 125g;£1.89;£1.51/100g;Crispbreads & Flatbreads;405;12.2;73.7;8.9;5.7;0.9;4.8;1.68;
3198138;Ryvita Cracked Black Pepper Crispbread 200g;£1.59;£0.79/100g;Crispbreads & Flatbreads;null;8.8;66.6;2.5;1.6;0.2;14.5;0.56;
3855785;Ryvita Hint of Chilli Crispbread 200g;£1.59;£0.79/100g;Crispbreads & Flatbreads;null;8.6;66.6;3.0;1.9;0.3;16.8;0.57;
2023571;Asda Chosen By You Mini Chive & Onion Twists 125g;£1.09;£0.87/100g;Crispbreads & Flatbreads;null;12.1;56.1;4.4;23.0;14.3;3.4;2.0;
3354884;Asda Extra Special All Butter Parmesan & Garlic Mini Twists 75g;£1.50;£2.00/100g;Crispbreads & Flatbreads;496;14.7;49.0;3.1;25.9;16.7;3.8;1.6;
3198140;Ryvita Sweet Onion Crispbread 200g;£1.59;£0.79/100g;Crispbreads & Flatbreads;null;9.0;70.6;5.1;1.4;0.2;12.6;0.69;
3354872;ASDA Extra Special All Butter Gruy??re & Poppy Seed Twists 125g;£1.50;£1.20/100g;Crispbreads & Flatbreads;507;14.2;48.1;3.6;27.8;17.7;3.6;1.7;
3230208;ASDA Extra Special Italian Olive Oil Crostini 80g;£1.00;£1.25/100g;Crispbreads & Flatbreads;390;10.1;70.7;3.4;6.4;1.1;4.4;1.8;
1700743;Ryvita Sunflower & Oats Crispbread 200g;£1.59;£0.79/100g;Crispbreads & Flatbreads;null;9.7;58.4;2.6;9.0;0.7;15.3;0.76;
2791527;Mrs Crimbles Gluten Free Sour Cream & Onion Cheese Bites 60g;£1.30;£2.17/100g;Crispbreads & Flatbreads;null;16.5;61.4;0.5;14.5;null;1.0;2.8;
4972939;ASDA Good & Counted Multigrain Crispbread 250g;£0.95;£0.38/100g;Crispbreads & Flatbreads;366;13.8;59.8;2.2;4.8;0.7;14.4;0.9;
4975695;ASDA Good & Counted Original Rye Crispbread 250g;£0.95;£0.38/100g;Crispbreads & Flatbreads;350;10.4;61.2;1.7;2.8;0.5;19.1;0.6;
4972941;ASDA Good & Counted Sesame Seed Crispbread 250g;£0.95;£0.38/100g;Crispbreads & Flatbreads;365;12.8;54.1;2.0;7.0;1.0;17.3;0.9;
4685387;Asda Chosen By You Crispbakes 100g;£1.00;£1.00/100g;Crispbreads & Flatbreads;385;14.5;72.5;12.0;3.3;1.4;3.7;0.8;
4708273;Finn Crisp Original Thin Sourdough Rye Crispbread 200g;£0.70;£0.35/100g;Crispbreads & Flatbreads;null;null;null;null;null;null;null;null;
4708275;Finn's Multigrain 175g;£0.70;£0.40/100g;Crispbreads & Flatbreads;null;null;null;null;null;null;null;null;
4548340;Jacobs Mixed Grain Crispbread 38g;£0.98;£0.51/100g;Crispbreads & Flatbreads;null;9.0;66.9;6.0;14.0;6.3;4.2;1.1;
4548342;Jacobs Mixed Seed Crispbread 38g;£0.98;£0.51/100g;Crispbreads & Flatbreads;null;9.9;63.1;5.7;16.8;6.5;3.8;1.0;
4548337;Jacobs Simply Baked Chive Crispbread 38g;£0.98;£0.51/100g;Crispbreads & Flatbreads;null;9.0;66.7;5.8;14.3;6.4;4.2;1.1;
4454234;Ryvita Crackerbread Cheese 125g;£1.19;£0.95/100g;Crispbreads & Flatbreads;null;12.3;74.3;1.4;3.7;0.6;3.3;1.32;
4454236;Ryvita Crackerbread Pepper 125g;£1.19;£0.95/100g;Crispbreads & Flatbreads;null;11.4;75.1;1.8;3.6;0.5;3.5;1.46;
4698480;Ryvita Thins Bites Cheddar & Cracked Black Pepper Baked Flatbreads 115g;£1.89;£1.64/100g;Crispbreads & Flatbreads;null;17.5;63.8;1.8;10.0;6.0;3.3;null;
4698482;Ryvita Thins Bites Sweet Chilli Baked Flatbreads 115g;£1.89;£1.64/100g;Crispbreads & Flatbreads;null;12.0;77.5;9.1;1.5;0.3;5.2;null;
3584264;Ryvita Thins Cheddar and Cracked Black Pepper Flatbread 125g;£1.89;£1.51/100g;Crispbreads & Flatbreads;418;18.2;62.0;2.4;9.8;5.8;4.6;2.18;
4300748;Ryvita Thins Sundried Tomato & Herbs Flatbreads 120g;£1.89;£1.58/100g;Crispbreads & Flatbreads;405;13.7;71.8;4.2;5.9;1.0;5.2;2.0;
4641964;Asda Chosen By You Sweet Chilli Brushetta 90g;£1.00;£1.11/100g;Crispbreads & Flatbreads;423;13.8;65.4;11.3;10.8;0.9;4.6;1.7;
3928035;Nairns Gluten Free Oatcakes 160g;£1.50;£0.93/100g;Oatcakes;44;1.1;null;0.1;1.9;0.7;0.8;0.1;
3863884;Nairns Fine Milled Oatcakes 218g;£0.89;£0.40/100g;Oatcakes;36;0.9;null;0.1;1.6;0.7;0.7;0.13;
3928037;Nairns Gluten Free Cheese Oatcakes 135g;£1.50;£1.11/100g;Oatcakes;45;1.3;null;0.1;2.3;0.8;0.7;0.19;
2890141;Nairns Cheese Oatcakes 67g;£0.50;£0.74/100g;Oatcakes;39;1.1;null;0.6;2.2;1.0;0.6;0.23;
53113;Stockans Thin Oatcakes 100g;£0.50;£0.50/100g;Oatcakes;null;10.7;58.4;1.0;22.7;6.7;7.6;1.5;
3863886;Nairns Oatcakes 291g;£1.00;£0.34/100g;Oatcakes;47;1.1;null;0.1;2.0;0.8;0.8;0.20;
2890143;Nairns Sunflower and Pumpkin Seed Oatcakes 86g;£0.50;£0.58/100g;Oatcakes;49;1.2;null;0.1;2.3;0.8;1.4;0.18;
4682159;ASDA Cracked Black Pepper Oatcake's 250g;£0.89;£0.35/100g;Oatcakes;442;11.6;54.2;1.1;17.4;1.5;10.9;1.2;
4682155;ASDA Rough Oatcake's 250g;£0.89;£0.35/100g;Oatcakes;440;11.5;52.0;0.9;17.8;1.8;13.0;1.5;
4682157;ASDA Seeded Oatcake's 250g;£0.89;£0.35/100g;Oatcakes;441;12.4;49.2;4.1;18.8;2.2;12.7;1.3;
4642607;Nairn’s Cheese Oatcakes 200g;£1.35;£0.67/100g;Oatcakes;39;1.1;null;0.6;2.2;1.0;0.6;0.23;
4693749;Patersons Triangle Oatcakes 150g;£0.50;£0.33/100g;Oatcakes;null;11.6;54.3;1.0;17.1;2.1;null;1.79;
4680065;Weight Watchers Original Oatcakes;£1.29;£0.21/each;Oatcakes;416;11.2;57.6;1.6;12.5;1.8;14.1;1.2;
3269764;Snack A Jack Salt & Vinegar;£0.97;£1.10/100g;Rice Cakes;null;1.5;17.0;0.4;1.6;0.2;0.2;0.61;
3032434;Kallo Original Organic Wholemeal Rice Cakes 130g;£1.00;£0.76/100g;Rice Cakes;null;8.2;79.3;0.5;2.8;1.1;3.1;0.25;
2932541;Snack A Jack Caramel Flavour Jumbo Rice Cakes;£1.79;£1.13/100g;Rice Cakes;null;0.7;11.3;3.6;0.3;0.0;0.2;0.07;
3269766;Snack A Jack Sour Cream & Chive;£0.97;£1.10/100g;Rice Cakes;null;1.7;17.2;1.4;1.7;0.2;0.3;0.61;
2932543;Snack A Jack Salt & Vinegar Jumbo Rice Cakes;£1.79;£1.42/100g;Rice Cakes;null;0.8;7.9;0.2;0.6;0.0;0.2;0.37;
3272775;Snack A Jack Sweet Chilli;£0.97;£1.10/100g;Rice Cakes;null;1.6;17.4;0.6;1.7;0.2;0.2;0.50;
2932547;Snack A Jack Choc Chip Jumbo Rice Cakes;£1.79;£0.99/100g;Rice Cakes;null;0.9;12.2;4.5;1.1;0.5;0.3;0.00;
3269768;Snack A Jack Caramel;£0.97;£0.97/100g;Rice Cakes;null;1.5;22.0;7.5;0.8;0.2;0.2;0.13;
3924339;ASDA Gluten Free Lightly Salted Rice Cakes 100g;£0.65;£0.65/100g;Rice Cakes;381;9.8;78.6;0.4;2.6;0.9;2.0;0.2;
2932553;Snack A Jack Salt and Vinegar Rice Cakes;£0.65;£2.50/100g;Rice Cakes;null;1.8;20.1;0.5;1.9;0.2;0.2;0.72;
2932545;Snack A Jack Cheese Flavour Jumbo Rice Cakes;£1.79;£1.49/100g;Rice Cakes;null;0.9;8.1;0.5;0.3;0.1;0.2;0.15;
3216033;Snack A Jack Barbecue Flavour Jumbo Rice Cakes;£1.79;£1.41/100g;Rice Cakes;null;0.9;9.0;0.7;0.2;0.1;0.2;0.25;
3869513;Kallo Low Fat Rice Cakes 130g;£1.29;£0.99/100g;Rice Cakes;null;8.2;79.3;0.5;2.8;1.1;3.1;0.25;
3592855;Kallo Sea Salt & Balsamic Vinegar Flavour Rice Cakes 122g;£1.69;£1.39/100g;Rice Cakes;null;6.8;78.0;3.0;2.2;0.6;2.4;2.7;
3924341;ASDA Gluten Free Belgian Milk Chocolate Rice Cakes 100g;£1.20;£1.20/100g;Rice Cakes;489;7.6;65.1;27.9;21.3;13.3;3.2;0.1;
4036308;Kallo Corn & Rice Snacks Caramel 25g;£0.60;£2.40/100g;Rice Cakes;null;6.6;84.5;16.6;0.6;0.1;1.7;null;
3869495;Kallo Gluten Free Corn & Rice Snacks Sundried Tomato & Herbs 25g;£0.60;£2.40/100g;Rice Cakes;null;7.3;81.0;4.3;0.9;0.1;1.9;null;
3441267;Cofresh Sesame Bites 26g;£0.20;£0.76/100g;Rice Cakes;null;null;null;null;null;null;null;null;
4617219;Real Foods Corn Thins Organic Sesame 150g;£1.25;£0.83/100g;Rice Cakes;null;null;null;null;null;null;null;null;
4617217;Real Foods Corn Thins Soy, Linseed & Chia 150g;£1.25;£0.83/100g;Rice Cakes;null;null;null;null;null;null;null;null;
4726009;ASDA Good & Counted Caramel Rice Cakes 165g;£0.95;£0.57/100g;Rice Cakes;369;6.1;79.3;2.8;2.4;0.6;2.7;0.3;
4726007;ASDA Good & Counted Salt & Vinegar Rice Cakes 129g;£1.15;£0.89/100g;Rice Cakes;389;8.8;80.5;0.4;2.8;0.7;3.2;2.0;
4685367;Kallo Belgian Milk Chocolate with Caramel Pieces Rice Cake Thins 80g;£2.00;£2.50/100g;Rice Cakes;null;6.2;65.1;37.6;21.8;13.5;1.9;0.1;
4896597;Kallo Organic Savoury Rice Cakes 12 Packs x 130g;£8.00;£0.51/100g;Rice Cakes;null;12.7;72;1.1;2.8;0.9;4.7;null;
4927397;Metcalfe's Skinny Corncakes Dark Chocolate 50g;£1.50;£3.00/100g;Rice Cakes;null;null;null;null;null;null;null;null;
4927399;Metcalfe's Skinny Corncakes Milk Chocolate 50g;£1.50;£3.00/100g;Rice Cakes;null;null;null;null;null;null;null;null;
4927393;Metcalfe's Skinny Ricecakes Dark Chocolate 100g;£1.85;£1.85/100g;Rice Cakes;null;null;null;null;null;null;null;null;
4927395;Metcalfe's Skinny Ricecakes Milk Chocolate 100g;£1.85;£1.85/100g;Rice Cakes;null;null;null;null;null;null;null;null;
4680069;Weight Watchers Sour Cream & Chive Rice Bars;£1.69;£0.42/each;Rice Cakes;null;1.7;15.5;2.5;0.5;0.1;0.4;0.4;
3354878;Asda Extra Special Italian Black Olive Breadsticks 130g;£1.50;£1.15/100g;Toasts & Breadsticks;427;10.4;72.9;2.9;9.9;1.4;2.5;1.9;
4031908;ASDA Extra Special All Butter Green Olive Twists 85g;£1.80;£2.12/100g;Toasts & Breadsticks;555;8.2;48.2;2.4;36.1;20.8;2.4;2.0;
3354876;ASDA Extra Special Italian Breadsticks 130g;£1.50;£1.15/100g;Toasts & Breadsticks;427;9.5;70.4;3.5;11.0;1.6;4.1;1.7;
3584780;Asda Chosen By You Tomato & Basil Melba Toasts 100g;£1.00;£1.00/100g;Toasts & Breadsticks;373;12.5;72.5;3.8;2.6;1.4;4.8;2.3;
3574274;DS Gluten Free Breadsticks 150g;£2.48;£1.65/100g;Toasts & Breadsticks;402;3.4;82;2.7;6.3;3.5;2.0;2.0;
135116;Kracker Wholegrain Krisprolls 225g;£1.19;£0.52/100g;Toasts & Breadsticks;null;null;null;null;null;null;null;null;
4379774;Asda Chosen By You French Toast 200g;£1.40;£0.70/100g;Toasts & Breadsticks;null;null;null;null;null;null;null;null;
4725995;ASDA Chosen By You Breadsticks;£0.49;£0.39/100g;Toasts & Breadsticks;413;11.2;72.9;2.9;7.9;1.4;2.9;1.5;
4725999;ASDA Chosen By You Breadsticks 250g;£1.00;£0.40/100g;Toasts & Breadsticks;413;11.2;72.9;2.9;7.9;1.4;2.9;1.5;
4681748;ASDA Chosen By You Cheese Bites 80g;£1.00;£1.25/100g;Toasts & Breadsticks;null;16.4;44.4;16.0;31.2;16.0;2.8;1.7;
4725997;ASDA Chosen By You Sesame Italian Breadsticks 125g;£0.69;£0.55/100g;Toasts & Breadsticks;469;15.3;57.2;2.4;19.3;2.9;2.6;1.2;
4641966;ASDA Chosen By You Sundried Tomato & Black Olive Breadsticks 100g;£1.00;£1.00/100g;Toasts & Breadsticks;454;12.1;62.6;4.2;15.8;1.2;6.3;1.4;
4669609;Arden's Bakes Pesto Flavour 170g;£1.69;£0.99/100g;Toasts & Breadsticks;null;10.1;71.5;0.1;12.1;1.5;3.6;2.0;
4669598;Arden's Cream Cheese & Spring Onion Melts 70g;£1.69;£2.41/100g;Toasts & Breadsticks;null;8.2;33.8;8.3;50.8;34.9;3.5;1.4;
4681750;Arden's Seeded Puff Pastry Bites 60g;£1.00;£1.67/100g;Toasts & Breadsticks;null;9.9;56.3;3.5;25.9;12.2;3.9;1.7;
4669604;Arden's Swirls Garlic & Parsley 60g;£1.69;£2.82/100g;Toasts & Breadsticks;null;13.5;49.4;1.2;30.5;17.9;1.9;2.4;
4669594;Arden's Twists Gruyere & Spinach 100g;£1.69;£1.69/100g;Toasts & Breadsticks;null;13.0;54.0;3.0;22.0;14.0;5.0;2.3;
4669590;Arden's Twists Tomato & Basil 100g;£1.69;£1.69/100g;Toasts & Breadsticks;null;11.0;60.0;5.0;18.0;12.0;4.0;2.5;
4685385;Asda Chosen By You Melba Toasts 100g;£0.70;£0.70/100g;Toasts & Breadsticks;384;11.8;76.9;3.2;2.4;1.3;3.9;1.7;
3354884;Asda Extra Special All Butter Parmesan & Garlic Mini Twists 75g;£1.50;£2.00/100g;Toasts & Breadsticks;496;14.7;49.0;3.1;25.9;16.7;3.8;1.6;
4139885;Cadbury with Love Lovely Little Chocolates with Hazelnut Praline 180g;£3.00;£1.67/100g;Boxed Chocolates & Gifts;null;6.3;52.5;52;36;20;1.2;null;
4139887;Cadbury with Love 8 Lovely Little Chocolates with Hazelnut Praline;£1.00;£2.08/100g;Boxed Chocolates & Gifts;null;6.3;52.5;52.0;36.0;20.0;1.2;null;
4139891;Cadbury Thank You Lovely Little Chocolates with Hazelnut Praline 180g;£3.00;£1.67/100g;Boxed Chocolates & Gifts;null;6.4;52.5;52;36;20;1.1;null;
4139889;Cadbury Thank You 8 Lovely Little Chocolates with Hazelnut Praline;£1.00;£2.08/100g;Boxed Chocolates & Gifts;null;6.4;52.5;52.0;36.0;20.0;1.1;null;
4361563;Lindt Master Chocolatier Collection 305g;£12.00;£3.93/100g;Boxed Chocolates & Gifts;null;4.7;52;49;37;20;null;0.15;
3394559;Lindt Selection 445g;£10.00;£2.25/100g;Boxed Chocolates & Gifts;null;null;null;null;null;null;null;null;
4366055;Thorntons Continental Milk Collection 280g;£9.50;£3.39/100g;Boxed Chocolates & Gifts;null;null;null;null;null;null;null;null;
4366069;Thorntons Premium Gift Box 383g;£10.00;£2.61/100g;Boxed Chocolates & Gifts;null;null;null;null;null;null;null;null;
4366051;Thorntons Continental Milk Chocolates Box;£7.00;£2.33/100g;Boxed Chocolates & Gifts;null;null;null;null;null;null;null;null;
4764638;Lily O'Briens Petit Chocolate Indulgence;£6.00;£2.07/100g;Boxed Chocolates & Gifts;null;null;null;null;null;null;null;null;
2612593;Cadbury Milk Tray Chocolate Box;£3.00;£0.75/100g;Boxed Chocolates & Gifts;null;4.2;63.5;57.0;24.5;14.0;1.5;0.35;
3279875;Lindt Swiss Luxury Selection 145g;£6.00;£4.14/100g;Boxed Chocolates & Gifts;null;2.7;21;19;15;null;null;null;
4037394;Thorntons Classic Collection 587g;£6.00;£1.02/100g;Boxed Chocolates & Gifts;null;null;null;null;null;null;null;null;
3988956;Thorntons Classic Collection;£4.33;£1.58/100g;Boxed Chocolates & Gifts;null;null;null;null;null;null;null;null;
4037428;Thorntons Classic Milk Chocolate Collection;£4.33;£1.57/100g;Boxed Chocolates & Gifts;null;null;null;null;null;null;null;null;
1956293;Lily O'Briens Chocolate Gift Collection 190g;£5.00;£2.63/100g;Boxed Chocolates & Gifts;null;null;null;null;null;null;null;null;
3482517;Lily O'Briens Desserts Collection 230g;£5.00;£2.17/100g;Boxed Chocolates & Gifts;null;5.3;57.9;49.9;31.6;18.4;2.63;null;
4786202;ASDA Extra Special Luxury Belgian Chocolate Collection 210g;£5.00;£2.38/100g;Boxed Chocolates & Gifts;550;5.5;50.2;33.3;35.7;19.4;2.9;0.2;
4037773;Terrys All Gold Dark Chocolates 380g;£5.00;£1.32/100g;Boxed Chocolates & Gifts;null;4.5;55.0;52.0;30.0;17.0;5.0;0.05;
4791398;Guylian Artisanal Belgium Seahorse Chocolates 336g;£5.00;£1.49/100g;Boxed Chocolates & Gifts;null;null;null;null;null;null;null;null;
2615445;Thorntons Moments 250g;£4.00;£1.60/100g;Boxed Chocolates & Gifts;null;null;null;null;null;null;null;null;
4805039;Lily O'Briens Ultimate Chocolate Collection 165g;£4.00;£2.42/100g;Boxed Chocolates & Gifts;null;null;null;null;null;null;null;null;
4803635;Thorntons Continental Alpini 180g;£3.50;£1.94/100g;Boxed Chocolates & Gifts;null;null;null;null;null;null;null;null;
4803633;Thorntons Continental Viennese 145g;£3.50;£2.41/100g;Boxed Chocolates & Gifts;null;null;null;null;null;null;null;null;
4037188;Nestle Quality Street Carton;£2.00;£0.57/100g;Boxed Chocolates & Gifts;null;null;null;null;null;null;null;null;
1137954;Lindt Lindor Assorted Chocolates 200g;£3.50;£1.75/100g;Boxed Chocolates & Gifts;null;null;null;null;null;null;null;null;
973083;Lindt Lindor Milk Chocolates 200g;£3.50;£1.75/100g;Boxed Chocolates & Gifts;null;null;null;null;null;null;null;null;
4783287;Thorntons Just for You 60g;£4.00;£6.67/100g;Boxed Chocolates & Gifts;null;null;null;null;null;null;null;null;
4773757;Thorntons Premium Collection;£3.00;£1.50/100g;Boxed Chocolates & Gifts;null;null;null;null;null;null;null;null;
909100;Guylian Belgian Chocolates 250g;£3.00;£1.20/100g;Boxed Chocolates & Gifts;null;null;null;null;null;null;null;null;
4774234;Cadbury Heroes Chocolate Carton 323g;£3.00;£0.92/100g;Boxed Chocolates & Gifts;null;4.5;65;56;22;13;0.5;0.30;
4774236;Cadbury Roses Chocolate Carton 321g;£3.00;£0.93/100g;Boxed Chocolates & Gifts;null;3.7;65;56.5;23;12.5;0.8;0.35;
4021740;ASDA Extra Special Belgian Marc De Champagne Truffles 145g;£4.00;£2.76/100g;Boxed Chocolates & Gifts;null;3.6;48.7;47.7;39.5;32.0;2.7;null;
3975970;Terrys All Gold Milk Chocolates;£3.00;£0.79/100g;Boxed Chocolates & Gifts;null;5.0;59.5;57.5;27.5;15.5;1.8;0.23;
4764819;Black Magic Boxed Chocolates 348g;£3.00;£0.86/100g;Boxed Chocolates & Gifts;null;4.1;63.4;59.1;23.5;13.2;4.4;0.05;
4401392;Ferrero Collection 32 Pieces 2g;£8.00;£2.23/100g;Boxed Chocolates & Gifts;null;null;null;null;null;null;null;null;
4731310;Ferrero Golden Gallery 216g;£7.00;£3.24/100g;Boxed Chocolates & Gifts;null;null;null;null;null;null;null;null;
1721244;Ferrero Rocher 24 Pieces 300g;£5.00;£1.67/100g;Boxed Chocolates & Gifts;null;null;null;null;null;null;null;null;
51960;Ferrero Rocher 16 Pieces 200g;£4.50;£2.25/100g;Boxed Chocolates & Gifts;null;null;null;null;null;null;null;null;
4731306;Ferrero Confetteria Raffaello 150g;£3.00;£2.00/100g;Boxed Chocolates & Gifts;null;null;null;null;null;null;null;null;
3394477;Ferrero Rocher 5 Pieces 5g;£1.50;£2.40/100g;Boxed Chocolates & Gifts;null;null;null;null;null;null;null;null;
4805083;Heidi Moments Florentine 142g;£3.00;£2.11/100g;Boxed Chocolates & Gifts;null;null;null;null;null;null;null;null;
2918560;Maltesers Large Box 360g;£3.00;£0.83/100g;Boxed Chocolates & Gifts;null;8.1;61.7;51.9;24.8;15.2;null;0.41;
3003880;Bendicks Mint Collection 200g;£2.97;£1.48/100g;Boxed Chocolates & Gifts;null;null;null;null;null;null;null;null;
3279739;Thorntons Special Toffee Original 300g;£3.00;£1.00/100g;Boxed Chocolates & Gifts;null;null;null;null;null;null;null;null;
4803619;Celebrations 8 Famous Brands 245g;£2.00;£0.81/100g;Boxed Chocolates & Gifts;null;5.6;61.7;54.7;25.0;14.6;null;0.39;
4037432;Thorntons Classic Collection;£1.00;£0.94/100g;Boxed Chocolates & Gifts;null;null;null;null;null;null;null;null;
3679423;Lindt Lindor Milk Chocolates;£1.00;£2.00/100g;Boxed Chocolates & Gifts;null;null;null;null;null;null;null;null;
4828402;Cadbury Roses Chocolate Mini Carton 69g;£1.09;£1.58/100g;Boxed Chocolates & Gifts;null;4.3;62.5;55.5;25;14;0.9;0.33;
3648407;Celebrations 8 Famous Brands 70g;£1.00;£1.43/100g;Boxed Chocolates & Gifts;null;5.6;61.7;54.7;24.9;14.6;null;0.39;
2918558;Maltesers Box 120g;£1.00;£0.83/100g;Boxed Chocolates & Gifts;null;8.1;61.7;51.9;24.8;15.2;null;0.41;
4791396;Guylian Artisanal Belgian Chocolates 42g;£1.00;£2.38/100g;Boxed Chocolates & Gifts;null;null;null;null;null;null;null;null;
2556499;ASDA Belgian Flaked Truffles 135g;£1.00;£0.74/100g;Boxed Chocolates & Gifts;577;3.9;53.1;45.8;38.2;29.3;2.5;0.2;
2028126;ASDA Dark Chocolate Mint Thins 200g;£1.00;£0.50/100g;Boxed Chocolates & Gifts;480;4.9;59.9;54.7;23.6;14.2;4.1;null;
3951785;ASDA Chosen By You Rainbow Buttons 60g;£0.40;£0.66/100g;Boxed Chocolates & Gifts;497;2.5;71.1;56.1;22.4;19.0;0.6;null;
2028128;ASDA Chosen By You Turkish Delight Thins 200g;£1.00;£0.50/100g;Boxed Chocolates & Gifts;457;3.8;66.3;56.5;19.3;11.5;1.6;0.2;
551029;After Eight Mints Boxed Chocolates;£1.98;£0.66/100g;Boxed Chocolates & Gifts;null;null;null;null;null;null;null;null;
3975974;Bassett's Liquorice Allsorts Carton 540g;£3.00;£0.55/100g;Boxed Chocolates & Gifts;null;5.6;77.8;62.2;4.2;3.5;1.2;0.10;
4772836;Burnt Original Crumbly Fudge 150g;£2.00;£1.33/100g;Boxed Chocolates & Gifts;null;null;null;null;null;null;null;null;
4778954;Cadbury 40 Heroes Party Bag 567g;£6.50;£1.15/100g;Fun Size Chocolate;null;3.3;69.5;48.5;18.0;9.7;0.7;0.68;
4750038;Mars 35 Bars & Bags Fun Size Party Mix 600g;£6.78;£1.13/100g;Fun Size Chocolate;null;3.9;70.9;61.9;15.7;7.7;null;0.43;
4750034;Twix 13 Fun Size Bars 275g;£2.88;£1.05/100g;Fun Size Chocolate;null;4.5;64.6;48.8;23.9;13.9;null;0.44;
4778946;Cadbury 12 Crunchie Treatsize Bars 210g;£2.79;£1.33/100g;Fun Size Chocolate;null;3.4;74.0;65.0;17.0;10.0;1.3;0.75;
4778948;Cadbury 12 Dairy Milk Buttons Treatsize Bags 170g;£2.79;£1.64/100g;Fun Size Chocolate;null;7.6;56.5;56.0;30.5;18.5;0.7;0.23;
4750261;Milkybar Buttons Fun Size Chocolate 189g;£2.79;£1.48/100g;Fun Size Chocolate;546;7.5;57.7;57.3;31.6;18.8;null;0.40;
4750263;Smarties Fun Size Chocolate 260g;£2.79;£1.07/100g;Fun Size Chocolate;null;null;null;null;null;null;null;null;
4750032;Mars 13 Fun Size Bars 250g;£2.88;£1.15/100g;Fun Size Chocolate;null;3.9;70.9;61.9;15.7;7.7;null;0.43;
4750036;Maltesers 13 Fun Size Bags 195g;£2.88;£1.48/100g;Fun Size Chocolate;null;8.1;61.7;51.9;24.8;15.2;null;0.41;
4774272;Cadbury 6 Dairy Milk Buttons Treatsize Bags;£0.89;£1.06/100g;Fun Size Chocolate;530;7.6;56.5;56.0;30.5;18.5;0.7;0.23;
3279666;ASDA 15 Milk Chocolate Bubbly Treat 150g;£1.20;£0.80/100g;Fun Size Chocolate;550;7.7;55.0;54.4;32.8;21.1;2.1;null;
3279664;ASDA 15 White Chocolate Bubbly Bites 150g;£1.20;£0.80/100g;Fun Size Chocolate;558;5.5;58.1;58.1;33.5;22.0;0.9;null;
2196277;ASDA Caramel Bites 280g;£1.20;£0.42/100g;Fun Size Chocolate;463;4.1;68.4;58.6;18.9;11.7;1.4;null;
2196275;ASDA Chosen by You Treat Size Caramel & Biscuit Bites 315g;£1.20;£0.38/100g;Fun Size Chocolate;496;5.3;63.3;46.0;24.2;14.8;1.8;null;
3279662;ASDA Nutty Bites 260g;£1.20;£0.46/100g;Fun Size Chocolate;498;8.7;52.7;46.6;27.2;11.4;3.8;null;
2196281;ASDA Whirly Bites 280g;£1.20;£0.42/100g;Fun Size Chocolate;461;4.0;70.5;62.7;17.9;13.3;1.0;null;
4708253;Aero White Chocolate Bar 120g;£1.40;£1.17/100g;Chocolate Blocks;null;null;null;null;null;null;null;null;
4750040;Galaxy Caramel;£1.50;£0.73/100g;Chocolate Blocks;null;5.4;60.5;55.9;25.7;15.7;null;0.36;
3816271;Cadbury Dairy Milk White Bubbly 100g;£0.98;£0.98/100g;Chocolate Blocks;null;6.3;59.0;59.0;30.0;18.0;0.4;0.25;
3816269;Cadbury Dairy Milk Bubbly 90g;£0.98;£1.09/100g;Chocolate Blocks;null;7.5;56.0;56.0;30.5;18.5;0.7;0.23;
4461639;Galaxy Honeycomb Crisp 114g;£1.39;£1.22/100g;Chocolate Blocks;null;5.8;58.0;57.2;32.0;20.0;null;0.25;
4052465;Cadbury Dairy Milk Caramel;£0.98;£0.81/100g;Chocolate Blocks;null;4.9;61;47;23.5;13.5;0.4;0.43;
3964266;Cadbury Dairy Milk Fruit & Nut;£0.98;£0.81/100g;Chocolate Blocks;null;8.3;55.5;54.5;26;14.5;1.3;0.2;
3964202;Cadbury Dairy Milk Fruit & Nut 200g;£1.48;£0.74/100g;Chocolate Blocks;null;8.3;55.5;54.5;26;14.5;1.3;0.20;
3964268;Cadbury Dairy Milk Whole Nut;£0.98;£0.81/100g;Chocolate Blocks;null;8.8;49.0;48.0;35.5;16.5;1.7;0.20;
4037783;Galaxy Milk Chocolate 114g;£1.39;£1.22/100g;Chocolate Blocks;null;6.7;56.0;55.4;32.4;19.6;null;0.25;
4580989;Aero Milk Block 120g;£1.40;£1.17/100g;Chocolate Blocks;null;null;null;null;null;null;null;null;
4580992;Aero Peppermint Chocolate Bar 120g;£1.40;£1.17/100g;Chocolate Blocks;null;null;null;null;null;null;null;null;
3964208;Cadbury Dairy Milk Crunchie 200g;£1.48;£0.74/100g;Chocolate Blocks;null;6.2;63.5;58.5;25.0;15.0;0.6;0.30;
3964236;Cadbury Dairy Milk Golden Biscuit Crunch 200g;£1.48;£0.74/100g;Chocolate Blocks;null;6.2;55.5;48;33;19;0.8;null;
3964256;Cadbury Dairy Milk Caramel 200g;£1.48;£0.74/100g;Chocolate Blocks;null;5.7;59.5;49.5;25.5;15;0.5;0.35;
3964254;Cadbury Dairy Milk Turkish Delight 200g;£1.48;£0.74/100g;Chocolate Blocks;null;5.3;63;58;21;13;0.7;0.18;
3964240;Cadbury Dairy Milk with Oreo 120g;£1.42;£1.18/100g;Chocolate Blocks;null;6.0;53.5;48.0;35.5;20.0;0.9;0.38;
4390884;Cadbury Dairy Milk with Daim 120g;£1.42;£1.18/100g;Chocolate Blocks;null;6.4;57.0;56.5;30.5;17.5;0.7;0.43;
4242246;Cadbury Dairy Milk Marvellous Creations Cookie Nut Crunch;£2.00;£1.00/100g;Chocolate Blocks;null;7.2;58.0;53.5;29.0;16.5;0.9;0.43;
4242244;Cadbury Marvellous Creations Jelly Popping Candy Shells;£2.00;£1.00/100g;Chocolate Blocks;null;6.5;60.5;59.0;26.5;16.0;0.7;0.23;
3964198;Cadbury Dairy Milk 200g;£1.48;£0.74/100g;Chocolate Blocks;null;7.5;56.5;56;30.5;18.5;0.7;0.23;
3964200;Cadbury Dairy Milk Whole Nut 200g;£1.48;£0.74/100g;Chocolate Blocks;null;8.8;49;48;35.5;16.5;1.7;0.20;
3964258;Cadbury Dairy Milk 360g;£3.48;£0.96/100g;Chocolate Blocks;null;null;null;null;null;null;null;null;
3964260;Cadbury Dairy Milk Whole Nut 360g;£3.48;£0.96/100g;Chocolate Blocks;null;null;null;null;null;null;null;null;
3964262;Cadbury Dairy Milk Fruit & Nut 360g;£3.48;£0.96/100g;Chocolate Blocks;null;null;null;null;null;null;null;null;
3025982;Galaxy Caramel 135g;£1.39;£1.03/100g;Chocolate Blocks;null;5.4;60.5;55.9;25.7;15.7;null;0.36;
4461647;Galaxy Cookie Crumble 114g;£1.39;£1.21/99g;Chocolate Blocks;null;6.2;56.0;53.2;33.0;20.5;null;0.24;
4461641;Galaxy Nut Crunch 114g;£1.39;£1.22/100g;Chocolate Blocks;null;7.1;52.1;51.5;35.3;18.8;null;0.29;
3581218;Galaxy Smooth Milk;£1.50;£0.75/100g;Chocolate Blocks;null;6.7;56.0;55.4;32.4;19.6;null;0.25;
3538110;Hershey's Creamy Bar;£1.20;£1.20/100g;Chocolate Blocks;null;null;null;null;null;null;null;null;
3756842;Hershey's Cookies 'n' Creme White Chocolate;£1.20;£1.20/100g;Chocolate Blocks;null;8.8;null;52.3;26.9;null;0.9;null;
4263724;Maltesers Teasers 150g;£2.00;£1.33/100g;Chocolate Blocks;null;7.2;58.2;53.3;29.8;17.9;null;0.32;
4356476;Milka White Chocolate 100g;£1.00;£1.00/100g;Chocolate Blocks;null;null;null;null;null;null;null;null;
2279047;Toblerone Fruit & Nut 100g;£1.40;£1.40/100g;Chocolate Blocks;null;null;null;null;null;null;null;null;
3065124;Milka Alpine Milk Chocolate 100g;£1.00;£1.00/100g;Chocolate Blocks;null;6.6;58.5;57.5;29.5;17.5;1.8;null;
3065126;Milka Chocolate Happy Cows 100g;£1.00;£1.00/100g;Chocolate Blocks;null;null;null;null;null;null;null;null;
3260046;ASDA Milk Chocolate 100g;£0.89;£0.89/100g;Chocolate Blocks;null;7.7;55.0;54.4;32.8;21.1;2.1;null;
1484054;ASDA Milk Chocolate 200g;£1.20;£0.60/100g;Chocolate Blocks;null;7.1;54.8;53.2;33.3;20.3;1.8;0.3;
4078562;ASDA Chosen by You White Chocolate 100g;£0.89;£0.89/100g;Chocolate Blocks;null;5.5;58.1;58.1;33.5;22.0;0.9;null;
1484072;ASDA White Chocolate 200g;£1.20;£0.60/100g;Chocolate Blocks;null;5.1;57.3;57.3;35.2;21.4;0.9;null;
1484052;ASDA Fruit & Nut Chocolate 200g;£1.20;£0.60/100g;Chocolate Blocks;null;9.7;48.5;45.3;32.6;15.7;3.2;0.2;
1480799;ASDA Whole Nut Chocolate 200g;£1.20;£0.60/100g;Chocolate Blocks;null;8.4;47.3;43.4;38.9;18.3;2.3;0.2;
4078560;ASDA Dark Chocolate 100g;£0.89;£0.89/100g;Chocolate Blocks;null;6.5;52.6;46.8;28.8;16.8;9.9;null;
1484050;ASDA Dark Chocolate 200g;£1.20;£0.60/100g;Chocolate Blocks;null;7.0;51.3;44.9;29.1;17.3;9.7;null;
1484048;ASDA Crispies Chocolate 200g;£1.00;£0.50/100g;Chocolate Blocks;null;7.5;55.6;50.3;31.3;19.1;2.5;0.4;
2032112;Green & Black's Organic White Chocolate 100g;£2.19;£2.19/100g;Chocolate Blocks;null;7.9;51.0;51.0;38.5;23.0;0.1;0.25;
2285315;Green & Black's Organic Butterscotch Choc 100g;£2.19;£2.19/100g;Chocolate Blocks;null;8.8;50.5;47.5;34.5;20.5;2.7;0.25;
2032120;Green & Black's Organic Raisin & Hazelnut Chocolate 100g;£2.19;£2.19/100g;Chocolate Blocks;null;9.4;48.0;44.0;34.0;17.5;3.6;0.18;
3963792;Green & Black's Organic Milk Chocolate Sea Salt 100g;£2.19;£2.19/100g;Chocolate Blocks;null;9.8;47.5;45.5;36.0;21.5;3.0;0.70;
1930796;Green & Black's Organic Milk Chocolate 100g;£2.19;£2.19/100g;Chocolate Blocks;null;9.8;48.0;45.5;36.0;21.5;3.0;0.23;
1930798;Green & Black's Organic Maya Gold Chocolate 100g;£2.19;£2.19/100g;Chocolate Blocks;null;7.6;44.5;38.5;37.0;22.0;8.3;0.13;
2285317;Green & Black's Organic Ginger Chocolate 100g;£2.19;£2.19/100g;Chocolate Blocks;null;6.1;51.5;46.5;29.5;17.5;7.0;0.10;
3963790;Green & Black's Organic Dark Chocolate Spiced Chilli 100g;£2.19;£2.19/100g;Chocolate Blocks;null;7.6;45.0;38.5;37.0;22.0;8.3;0.13;
2896994;Green & Black's Organic Creamy Milk Choc;£1.00;£1.00/100g;Chocolate Blocks;null;9.1;50.3;49.0;35.5;21.5;1.6;null;
2165467;Green & Black's Organic Dark 85% Chocolate 100g;£2.19;£2.19/100g;Chocolate Blocks;null;9.4;22.5;13.5;53.5;32.0;11.5;0.13;
1930794;Green & Black's Organic Dark 70% Chocolate 100g;£2.19;£2.19/100g;Chocolate Blocks;null;9.1;36.5;28.5;42.0;25.0;10.0;0.13;
3668587;Lindt Excellence White A Touch of Vanilla 100g;£1.50;£1.50/100g;Chocolate Blocks;null;null;null;null;null;null;null;null;
894334;Lindt Excellence 70% Coco Choc 100g;£1.50;£1.50/100g;Chocolate Blocks;null;null;null;null;null;null;null;null;
3668589;Lindt Excellence Orange Intense 100g;£1.50;£1.50/100g;Chocolate Blocks;null;null;null;null;null;null;null;null;
895305;Lindt Excellence Extra Creamy 100g;£1.50;£1.50/100g;Chocolate Blocks;null;null;null;null;null;null;null;null;
4780695;Cadbury Popcorn Chocolate Bag 119g;£1.99;£1.67/100g;Chocolate Pouches & Bags;null;4.5;65.5;59;22.5;12.5;2.9;0.78;
4780691;Cadbury Pretzels Chocolate Bag 110g;£1.99;£1.81/100g;Chocolate Pouches & Bags;null;7.7;63.5;36.5;20.5;12;2.9;0.93;
4780689;Cadbury Bitsa Wispa Chocolate Bag 110g;£1.99;£1.81/100g;Chocolate Pouches & Bags;null;7.3;52.5;52.5;34;21;1.0;0.23;
4780681;Cadbury Crunchie Rocks Chocolate Bag 110g;£1.99;£1.81/100g;Chocolate Pouches & Bags;null;5.1;70;53.5;19;11.5;2.0;0.70;
4780687;Cadbury Twirl Bites Chocolate Bag 109g;£1.99;£1.83/100g;Chocolate Pouches & Bags;null;7.7;56.5;56.5;30.5;18.5;0.8;0.25;
4750042;M&M's Peanuts Treat Bag 100g;£1.00;£1.00/100g;Chocolate Pouches & Bags;null;9.8;59.1;53.6;25.3;10.2;null;0.09;
4780683;Cadbury Dairy Milk Caramel Nibbles Chocolate Bag 120g;£1.99;£1.66/100g;Chocolate Pouches & Bags;null;5.9;60.5;53.5;26;15.5;0.5;0.33;
4780635;Cadbury Dairy Milk Pebbles Chocolate Bag 119g;£1.99;£1.67/100g;Chocolate Pouches & Bags;null;5.8;65.5;65.5;23.5;14.5;0.8;0.18;
4780685;Cadbury Dairy Milk Giant Buttons Chocolate Bag 119g;£1.99;£1.67/100g;Chocolate Pouches & Bags;null;7.6;56.5;56.0;30.5;18.5;0.7;0.23;
4801947;Reese’s Sticks Minis 127g;£2.30;£1.81/100g;Chocolate Pouches & Bags;null;10.3;null;40.8;31.4;null;3.5;null;
4708259;Toffee Crisp Bitesize Chocolate Pouch 120g;£0.98;£0.81/100g;Chocolate Pouches & Bags;null;null;null;null;null;null;null;null;
4775920;Thorntons Milk Chocolate Buttons 33g;£0.70;£2.12/100g;Chocolate Pouches & Bags;null;null;null;null;null;null;null;null;
4010076;Galaxy Minstrels Bag 105g;£1.00;£0.95/100g;Chocolate Pouches & Bags;null;5.3;70.1;68.9;22.2;13.3;null;0.20;
3811011;Aero Bubbles Peppermint Pouch 113g;£0.98;£0.86/100g;Chocolate Pouches & Bags;538;4.8;62.2;61.8;29.7;18.2;0.8;0.28;
3811017;Milkybar Giant Buttons White Chocolate Pouch 126g;£0.98;£0.77/100g;Chocolate Pouches & Bags;546;7.5;57.7;57.3;31.6;18.8;null;0.40;
4010074;Maltesers Treat Bag 88g;£0.99;£1.12/100g;Chocolate Pouches & Bags;null;8.1;61.7;51.9;24.8;15.2;null;0.41;
4319043;Quality Street Matchmakers Orange Chocolate Pouch 108g;£0.98;£0.90/100g;Chocolate Pouches & Bags;null;null;null;null;null;null;null;null;
3756836;Reese’s Miniatures Pouch 140g;£2.30;£1.64/100g;Chocolate Pouches & Bags;null;9.6;54.7;51.7;30.7;12.5;null;0.7;
3811023;Smarties Chocolate Pouch 147g;£0.98;£0.66/100g;Chocolate Pouches & Bags;null;null;null;null;null;null;null;null;
3957520;Smarties Vice Versas Chocolate Pouch 126g;£0.98;£0.77/100g;Chocolate Pouches & Bags;null;null;null;null;null;null;null;null;
4203842;Yorkie Man Size Buttons Chocolate Pouch 120g;£0.98;£0.81/100g;Chocolate Pouches & Bags;543;6.5;55.1;54.2;31.5;19.9;2.1;0.28;
3811021;Rolo Chocolate Pouch 126g;£0.98;£0.77/100g;Chocolate Pouches & Bags;477;4.4;68.4;58.7;20.4;11.7;1.2;0.30;
4580941;Munchies Chocolate Pouch 126g;£0.98;£0.77/100g;Chocolate Pouches & Bags;null;null;null;null;null;null;null;null;
4416200;Hershey's Kisses Pouch 140g;£2.30;£1.64/100g;Chocolate Pouches & Bags;null;10.8;null;47.6;34.5;null;3.3;null;
3756840;Hershey's Kisses Cookies 'n' Creme Pouch 140g;£2.30;£1.64/100g;Chocolate Pouches & Bags;null;8.8;60.0;53.8;27.3;null;null;0.6;
3538118;Hershey's Creamy Chocolate Kisses Pouch 148g;£2.30;£1.55/100g;Chocolate Pouches & Bags;null;8.7;55.3;54.4;31.4;null;null;0.25;
4598101;Galaxy Bites Chocolate Caramel;£0.98;£0.77/100g;Chocolate Pouches & Bags;null;5.1;62.9;56.0;24.3;14.8;null;0.25;
4598105;Galaxy Minstrels;£0.98;£0.64/100g;Chocolate Pouches & Bags;null;5.3;70.1;68.9;22.2;13.3;null;0.20;
4598115;Mars Mix Pouch 126g;£0.98;£0.77/100g;Chocolate Pouches & Bags;null;4.7;66.6;59.6;20.9;12.8;null;0.47;
4598119;Revels Pouch;£0.98;£0.77/100g;Chocolate Pouches & Bags;null;5.2;67.6;63.4;21.0;12.7;null;0.29;
4598109;M & M's Crispy 141g;£2.09;£1.48/100g;Chocolate Pouches & Bags;null;4.3;64.1;54.2;24.2;16.0;null;0.35;
4598111;M & M's Peanut;£0.98;£0.59/100g;Chocolate Pouches & Bags;null;9.8;59.1;53.6;25.3;10.2;null;0.09;
4242277;Cadbury Crispello Double Choc Pouch 120g;£1.99;£1.66/100g;Chocolate Pouches & Bags;null;7;51;40.5;36;18;1.9;null;
4319037;Cadbury Classic Eclairs Pouch 180g;£1.50;£0.83/100g;Chocolate Pouches & Bags;null;4.3;69.5;47.0;17.5;9.7;null;0.48;
4598103;Galaxy Counters 126g;£2.09;£1.66/100g;Chocolate Pouches & Bags;null;7.0;59.2;58.6;28.9;17.2;null;0.26;
4598107;M & M's Chocolate;£0.98;£0.59/100g;Chocolate Pouches & Bags;null;4.8;68.8;66.6;20.5;12.6;null;0.12;
4598113;Maltesers Pouch;£0.98;£0.81/100g;Chocolate Pouches & Bags;null;8.1;61.7;51.9;24.8;15.2;null;0.41;
4598121;Twix Mix Pouch 126g;£0.98;£0.77/100g;Chocolate Pouches & Bags;null;6.0;64.3;51.5;23.8;14.0;null;0.42;
4598117;Milkyway Magic Stars Pouch;£0.98;£0.83/100g;Chocolate Pouches & Bags;null;6.4;54.2;53.6;34.7;21.5;null;0.20;
3963720;Poppets Chewy Toffee Covered in Milk Chocolate 185g;£1.88;£1.02/100g;Chocolate Pouches & Bags;null;3.1;66.4;55.5;21.7;12.4;1.6;null;
3963724;Poppets Juicy Raisins Covered in Milk Chocolate 185g;£1.88;£1.02/100g;Chocolate Pouches & Bags;null;4.1;67.7;60.2;14.0;7.9;2.8;null;
3963722;Poppets Mint Creams Covered in Dark Chocolate 185g;£1.88;£1.02/100g;Chocolate Pouches & Bags;null;2.0;78.4;65.4;13.2;7.7;3.6;null;
894539;ASDA Chocolate Peanuts 200g;£0.85;£0.42/100g;Chocolate Pouches & Bags;null;16.4;40.1;33.2;28.9;11.5;11.7;null;
2556511;ASDA Chocolate honeycomb 140g;£1.00;£0.71/100g;Chocolate Pouches & Bags;null;5.5;68.2;60.2;21.0;12.9;2.7;null;
894537;ASDA Chocolate Raisins 200g;£0.85;£0.42/100g;Chocolate Pouches & Bags;null;5.1;66.4;63.8;15.1;9.2;4.2;null;
3963736;ASDA Chosen by You Candy Covered Chocolate Peanuts 230g;£1.88;£0.81/100g;Chocolate Pouches & Bags;503;7.6;62.2;59.8;24.4;9.0;2.3;null;
3963738;ASDA Chosen by You Candy Covered Chocolate Beans 230g;£1.88;£0.81/100g;Chocolate Pouches & Bags;473;3.2;77.7;76.6;16.3;8.9;1.3;null;
3982331;ASDA Chosen by You Giant Milk Chocolate Buttons 300g;£1.88;£0.62/100g;Chocolate Pouches & Bags;540;7.5;56;54.4;31.1;18.9;3.0;0.3;
3982333;ASDA Chosen by You Giant White Chocolate Buttons 300g;£1.88;£0.62/100g;Chocolate Pouches & Bags;551;4.6;58.9;58.9;32.8;20.1;1.1;0.3;
3963732;Paynes Just Brazils Milk Chocolate 115g;£1.50;£1.30/100g;Chocolate Pouches & Bags;null;8.0;46.8;43.4;38.5;17.1;4.0;null;
3967112;Revels Treat Bag 85g;£1.00;£1.18/100g;Chocolate Pouches & Bags;null;5.2;67.6;63.4;21.0;12.7;null;0.29;
4708255;Aero Bubbles White Chocolate Pouch 113g;£0.98;£0.86/100g;Chocolate Pouches & Bags;null;null;null;null;null;null;null;null;
4558130;Cadbury Eclairs Velvets Chocolate Bag 151g;£1.50;£0.99/100g;Chocolate Pouches & Bags;450;3.3;65;49;20;15;null;0.33;
4780637;Cadbury Marvellous Mix Ups with Maynards 124g;£1.99;£1.60/100g;Chocolate Pouches & Bags;null;2.4;72;56;14;8.0;0.5;0.28;
4780639;Cadbury Marvellous Mix Ups with Oreo 111g;£1.99;£1.79/100g;Chocolate Pouches & Bags;null;5.6;64.5;51;24.5;14;1.3;0.55;
4956236;M & M's Chocolate Treat Bag 100g;£1.00;£1.00/100g;Chocolate Pouches & Bags;null;4.8;68.8;66.6;20.5;12.6;null;0.12;
4203844;Quality Street Matchmakers Mint Chocolate Pouch 108g;£0.98;£0.90/100g;Chocolate Pouches & Bags;495;3.7;70.6;63.9;21.3;12.3;2.4;0.08;
4664177;Wawel Chocolate Peanut Candies 280g;£2.09;£0.74/100g;Chocolate Pouches & Bags;null;null;null;null;null;null;null;null;
4622494;Wawel Chocolate Rum Trufle 280g;£2.09;£0.74/100g;Chocolate Pouches & Bags;null;null;null;null;null;null;null;null;
4622488;Wawel White Chocolate Peanut Candies 280g;£2.09;£0.74/100g;Chocolate Pouches & Bags;null;null;null;null;null;null;null;null;
4767682;Lion Peanut Chocolate Bars;£0.98;£0.59/100g;Multipack Chocolate;494;9.2;54.8;38.7;26.2;10.8;2.3;0.75;
4850567;Twix Mini Twix 200g;£0.98;£0.49/100g;Multipack Chocolate;null;4.5;64.6;48.6;23.9;13.8;null;0.41;
4905109;Yorkie Original Multipack;£0.98;£0.71/100g;Multipack Chocolate;540;5.8;59.8;58.7;30.5;17.3;1.7;0.20;
4850563;Snickers 3 Pack + 1 192g;£0.98;£0.51/100g;Multipack Chocolate;null;9.4;54.5;45.2;28.0;9.7;null;0.44;
3811047;Rolo Chocolate Bars;£0.98;£0.47/100g;Multipack Chocolate;477;4.4;68.4;58.7;20.4;11.7;1.2;0.30;
4850565;Mars Full Size Bars 204g;£0.98;£0.48/100g;Multipack Chocolate;null;4.3;69.3;59.9;16.9;8.2;null;0.39;
3833682;Maltesers Bags 111g;£1.60;£1.44/100g;Multipack Chocolate;null;8.1;61.7;51.9;24.8;15.2;null;0.41;
3811029;Aero Milk Chocolate Bars 40g;£0.98;£0.81/100g;Multipack Chocolate;null;null;null;null;null;null;null;null;
4397656;Caramac Caramel Bars;£0.98;£0.81/100g;Multipack Chocolate;571;5.9;55.5;55.5;36.1;29.8;null;0.30;
4859249;Cadbury Dairy Milk Chocolate Bar 3 Pack 108g;£1.49;£1.38/100g;Multipack Chocolate;null;7.5;56.5;56.0;30.5;18.5;0.7;0.23;
4859251;Cadbury Dairy Milk Caramel Chocolate Bar 3 Pack 111g;£1.49;£1.34/100g;Multipack Chocolate;null;5.1;61.0;48.5;24.0;14.0;0.4;0.38;
4604568;Cadbury Dairy Milk with Lu Biscuit Bar 105g;£1.49;£1.42/100g;Multipack Chocolate;null;7.2;60.5;48.0;26.5;16.0;1.2;0.48;
4603965;Cadbury Dairy Milk with Ritz Biscuit 105g;£1.49;£1.42/100g;Multipack Chocolate;null;7.4;57.5;48.5;29.0;17.0;1.0;0.63;
3833680;Bounty Milk;£0.98;£0.43/100g;Multipack Chocolate;488;3.8;58.3;47.8;26.0;21.4;null;0.26;
4774260;Cadbury Twirl Chocolate Bar 7 Pack 238g;£2.99;£1.26/100g;Multipack Chocolate;null;7.6;56.5;56.0;31.0;19.0;0.8;0.25;
4767684;Milkybar White Chocolate Bars 12g;£1.08;£1.50/100g;Multipack Chocolate;null;null;null;null;null;null;null;null;
4750044;Bounty Chocolate Bar 399g;£1.85;£0.46/100g;Multipack Chocolate;488;3.8;58.3;47.8;26.0;21.4;null;0.26;
4719501;Cadbury Wispa Chocolate Bar 4 Pack;£0.92;£0.76/100g;Multipack Chocolate;null;7.3;52.5;52.5;34.0;21.0;1.0;0.23;
4324006;Milkyway Chocolate Bar 125g;£0.98;£0.76/100g;Multipack Chocolate;null;4.0;71.9;65.1;15.9;7.9;null;0.53;
4957819;Bristows Pick Up! Black 'n White Biscuits 140g;£1.69;£1.21/100g;Multipack Chocolate;null;null;null;null;null;null;null;null;
4774264;Cadbury Dairy Milk Caramel Chocolate Bar 259g;£2.99;£1.15/100g;Multipack Chocolate;null;5.1;61.0;48.5;24.0;14.0;0.4;0.38;
4719503;Cadbury Crunchie Chocolate Bar 4 Pack;£0.92;£0.71/100g;Multipack Chocolate;null;3.5;73.5;64.5;17.5;10.5;1.3;0.73;
4774262;Cadbury Dairy Milk Chocolate Bar 252g;£2.99;£1.19/100g;Multipack Chocolate;null;7.5;56.5;56.0;30.5;18.5;0.7;0.23;
3811031;Aero Peppermint Chocolate Bars 40g;£0.98;£0.81/100g;Multipack Chocolate;null;null;null;null;null;null;null;null;
4461645;Galaxy Bars;£0.98;£0.58/100g;Multipack Chocolate;null;6.7;56.0;55.4;32.4;19.6;null;0.25;
2360149;Galaxy Ripple;£0.98;£0.74/100g;Multipack Chocolate;null;7.0;59.1;58.3;29.1;17.2;null;0.26;
1930758;Cadbury Dairy Milk Little Bars 124g;£0.89;£0.71/100g;Multipack Chocolate;null;7.5;56.5;56.0;30.5;18.5;0.7;0.23;
3228355;Cadbury Twirl Bars;£0.92;£0.23/each;Multipack Chocolate;null;7.6;56.5;56;31;19;0.8;null;
3581202;Cadbury Freddo 108g;£0.89;£0.82/100g;Multipack Chocolate;null;7.5;56.5;56.0;30.5;18.5;0.7;0.23;
1024077;Cadbury Curly Wurly;£0.89;£0.17/each;Multipack Chocolate;null;3.3;70.0;48.5;18.0;9.7;0.7;0.68;
3228351;Cadbury Flake;£0.92;£0.23/each;Multipack Chocolate;null;8.1;56;55.5;31;19;0.7;null;
624728;Cadbury Fudge 147g;£1.19;£0.81/100g;Multipack Chocolate;null;null;null;null;null;null;null;null;
4356498;Cadbury Double Decker;£0.92;£0.42/100g;Multipack Chocolate;null;4.1;71.0;53.5;17.0;9.5;1.5;0.20;
2325455;Nestle Milkybar buttons 20g;£1.08;£1.35/100g;Multipack Chocolate;null;null;null;null;null;null;null;null;
3811035;Kit Kat 4 Finger Chocolate Bars 45g;£0.98;£0.54/100g;Multipack Chocolate;510;5.8;64.6;52.2;24.8;14.1;2.0;0.20;
1930772;Animal Bar Chocolate Bars;£1.08;£1.42/100g;Multipack Chocolate;525;5.3;62.9;61.8;27.8;16.1;1.1;0.15;
3811049;Smarties Hexatube Chocolate Bars 38g;£0.98;£0.64/100g;Multipack Chocolate;null;null;null;null;null;null;null;null;
2423519;Terry's Chocolate Orange Bars 40g;£1.00;£0.62/100g;Multipack Chocolate;null;5.4;60.5;59.5;28.5;17.5;2.1;0.38;
1933315;Daim Bars 28g;£1.00;£0.89/100g;Multipack Chocolate;null;2.9;59.0;58.5;31.0;16.0;1.2;0.83;
1339785;Fry's Turkish Delight 208g;£1.79;£0.86/100g;Multipack Chocolate;null;1.4;74.6;57.7;6.7;4.1;1.3;null;
2196279;ASDA Whirly Bites 26g;£1.20;£0.46/100g;Multipack Chocolate;461;4.0;70.5;62.7;17.9;13.3;1.0;null;
4356500;Cadbury Boost 194g;£1.79;£0.92/100g;Multipack Chocolate;null;6;58.5;49.5;28.5;21.5;0.9;null;
3228353;Cadbury Picnic;£1.79;£0.44/each;Multipack Chocolate;null;7.3;60.9;47.4;22.6;10.6;2.1;null;
3949945;Galaxy Ripple Bars 33g;£1.85;£0.80/100g;Multipack Chocolate;null;7.0;59.1;58.3;29.1;17.2;null;0.26;
3279767;Kinder Bueno White 156g;£1.98;£1.27/100g;Multipack Chocolate;null;null;null;null;null;null;null;null;
3964288;Kinder Chocolate 100g;£1.28;£1.28/100g;Multipack Chocolate;null;null;null;null;null;null;null;null;
4177371;Kinder Chocolate with Cereals 94g;£1.36;£1.45/100g;Multipack Chocolate;null;null;null;null;null;null;null;null;
2702476;Kinder Chocolate 200g;£2.00;£1.00/100g;Multipack Chocolate;null;null;null;null;null;null;null;null;
2897020;Kinder Chocolate 126g;£1.45;£1.15/100g;Multipack Chocolate;null;null;null;null;null;null;null;null;
1782673;Kinder Bueno Milk 43g;£1.98;£1.15/100g;Multipack Chocolate;null;9.2;49.5;41.3;37.3;17.3;2;null;
1894510;Kinder Surprise 20g;£2.00;£3.33/100g;Multipack Chocolate;null;null;null;null;null;null;null;null;
4480655;Mars Multipack;£1.85;£0.51/100g;Multipack Chocolate;null;4.3;69.3;59.9;16.9;8.2;null;0.39;
3949949;Milkyway Crispy Rolls Chocolate 25g;£1.00;£0.80/100g;Multipack Chocolate;null;7.4;63.8;53.9;24.9;17.8;null;0.29;
3756838;Reese’s Milk Chocolate Peanut Butter Cups 170g;£2.30;£1.35/100g;Multipack Chocolate;null;null;null;null;null;null;null;null;
4098328;Walnut Whip Chocolate Bars 33g;£0.98;£0.99/100g;Multipack Chocolate;null;null;null;null;null;null;null;null;
4480663;Snickers Bars;£1.85;£0.55/100g;Multipack Chocolate;null;9.4;54.5;45.2;28.0;9.7;null;0.44;
579674;Topic Bars 47g;£0.98;£0.52/100g;Multipack Chocolate;null;6.1;61.6;53.8;23.7;7.8;null;0.39;
4263720;Twix Bars;£1.85;£0.52/100g;Multipack Chocolate;null;4.5;64.6;48.8;24.0;13.9;null;0.44;
3279648;ASDA Caramel & Biscuit Bars 58g;£1.20;£0.41/100g;Multipack Chocolate;461;4.9;63.4;39.6;20.4;11.6;2.1;0.5;
2196267;ASDA Caramel Bites 40g;£1.20;£0.37/100g;Multipack Chocolate;463;4.1;68.4;58.6;18.9;11.7;1.4;null;
953063;Cadbury Crunchie Bar;£0.60;£0.60/each;Single Bars & Bags;null;3.5;73.5;65.0;17.5;10.5;1.3;0.73;
3964226;Cadbury Fairtrade Dairy Milk 45g;£0.60;£1.33/100g;Single Bars & Bags;null;7.5;56.5;56;30.5;18.5;0.7;0.23;
3214988;Kinder Surprise Egg;£0.82;£0.82/each;Single Bars & Bags;null;null;null;null;null;null;null;null;
1023250;Cadbury Twirl 43g;£0.60;£1.40/100g;Single Bars & Bags;null;7.6;56.5;56.0;31.0;19.0;0.8;0.25;
953075;Cadbury Flake Single Bar 34g;£0.60;£1.76/100g;Single Bars & Bags;null;8.1;56;55.5;30.5;19;0.7;0.28;
3804792;Cadbury Wispa Gold Bar 52g;£0.60;£1.15/100g;Single Bars & Bags;null;5.3;56.0;45.8;29.0;17.3;0.7;null;
4356496;Cadbury Dairy Milk Freddo Faces 35g;£0.60;£1.71/100g;Single Bars & Bags;null;7.6;56.5;56;30.5;18.5;0.7;0.23;
4052461;Cadbury Crispello Double Choc 3 Pieces 30g;£0.60;£2.00/100g;Single Bars & Bags;null;7;51;40.5;36;18;1.9;null;
3811027;Aero Peppermint Chocolate Bar 40g;£0.60;£1.50/100g;Single Bars & Bags;539;5.2;61.3;60.6;30.0;18.1;1.0;0.28;
3214986;Kinder Bueno 43g;£0.70;£1.63/100g;Single Bars & Bags;null;8.6;49.5;41.2;37.3;17.3;null;0.27;
953178;Kit Kat 4 Finger Chocolate Bar 45g;£0.60;£1.33/100g;Single Bars & Bags;510;5.8;64.6;52.2;24.8;14.1;2.0;0.20;
3573241;Kit Kat Chunky Chocolate Bar 48g;£0.60;£1.25/100g;Single Bars & Bags;512;5.5;64.4;53.6;25.2;14.3;1.9;0.19;
3373607;Caramac Bar 30g;£0.60;£2.00/100g;Single Bars & Bags;571;5.9;55.5;55.5;36.1;29.8;null;0.30;
3803115;Drifter Chocolate Bar 52g;£0.60;£1.15/100g;Single Bars & Bags;null;null;null;null;null;null;null;null;
3803117;Lion Bar Chocolate Bar 52g;£0.60;£1.15/100g;Single Bars & Bags;null;null;null;null;null;null;null;null;
3215256;Rolo Chocolate 52g;£0.60;£1.15/100g;Single Bars & Bags;null;4.4;68.4;58.7;20.4;11.7;1.2;0.30;
2813876;Toffee Crisp Bar 44g;£0.60;£1.36/100g;Single Bars & Bags;null;null;null;null;null;null;null;null;
2720718;ASDA Chocolate Raisins 70g;£0.40;£0.57/100g;Single Bars & Bags;null;5.1;66.4;63.8;15.1;9.2;4.2;null;
427047;ASDA Milk Chocolate Buttons 70g;£0.40;£0.57/100g;Single Bars & Bags;540;7.5;56.0;54.4;31.1;18.9;3.0;0.3;
427045;ASDA White Chocolate Buttons 70g;£0.40;£0.57/100g;Single Bars & Bags;551;4.6;58.9;58.9;32.8;20.1;1.1;0.3;
3967118;Bounty Trio Chocolate Coconut Bar 85g;£0.89;£1.05/100g;Single Bars & Bags;null;3.8;58.3;47.8;26.0;21.4;null;0.26;
4356490;Cadbury Boost Bar 49g;£0.60;£1.22/100g;Single Bars & Bags;null;5.9;58.5;49.5;28.5;21.5;1.5;0.30;
2343937;Cadbury Wispa Bar 39g;£0.60;£1.54/100g;Single Bars & Bags;null;7.3;52.5;52.5;34.0;21.0;1.0;0.23;
4242248;Cadbury Dairy Milk Marvellous Creations Jelly Popping Candy 47g;£0.60;£1.28/100g;Single Bars & Bags;null;6.5;60.5;59.0;26.5;16.0;0.7;0.23;
4242250;Cadbury Dairy Milk Marvellous Creations Cookie Nut Crunch Bar 47g;£0.60;£1.28/100g;Single Bars & Bags;null;7.2;58;53.5;29;16.5;0.9;0.43;
4045676;Cadbury Dairy Milk Fruit & Nut Bar & a Half 75g;£0.81;£1.08/100g;Single Bars & Bags;null;8.5;55;54;27.5;15;1.3;0.20;
4595098;Cadbury Dairy Milk with Lu Biscuit Chocolate Treat Size 35g;£0.60;£1.71/100g;Single Bars & Bags;null;7.2;60.5;48.0;26.5;16.0;1.2;0.48;
3967122;Galaxy Milk Chocolate 'a little extra' Tablet 75g;£0.95;£1.27/100g;Single Bars & Bags;null;6.7;56.0;55.4;32.4;19.6;null;0.25;
1024175;Galaxy Ripple 33g;£0.60;£1.82/100g;Single Bars & Bags;null;7.0;59.1;58.3;29.1;17.2;null;0.26;
3279769;Kinder Chocolate Bar 21g;£0.30;£0.30/each;Single Bars & Bags;null;null;null;null;null;null;null;null;
4177369;Kinder Chocolate with Cereals 5g;£0.45;£1.91/100g;Single Bars & Bags;null;null;null;null;null;null;null;null;
4480645;Mars Bar 51g;£0.60;£1.18/100g;Single Bars & Bags;null;4.3;69.3;59.9;16.9;8.2;null;0.39;
4480649;Mars Duo 8g;£0.80;£1.02/100g;Single Bars & Bags;null;4.3;69.3;59.9;16.9;8.2;null;0.39;
4480657;Snickers Bar 48g;£0.60;£1.25/100g;Single Bars & Bags;null;9.4;54.5;45.2;28.0;9.7;null;0.44;
4480659;Snickers Duo 4g;£0.89;£1.07/100g;Single Bars & Bags;null;9.4;54.5;45.2;28.0;9.7;null;0.44;
2813888;Maltesers Big Bag 5g;£0.80;£1.37/100g;Single Bars & Bags;null;8.1;61.7;51.9;24.8;15.2;null;0.41;
953184;Maltesers Standard Bag 37g;£0.60;£1.62/100g;Single Bars & Bags;null;8.1;61.7;51.9;24.8;15.2;null;0.41;
2813880;M & M's Peanut 45g;£0.60;£1.33/100g;Single Bars & Bags;null;9.8;59.1;53.6;25.3;10.2;null;0.09;
4183091;Reese’s Peanut Butter Cups 2-Cup 43g;£0.60;£1.40/100g;Single Bars & Bags;null;10.2;53.5;50.2;31.2;11.9;null;0.78;
3969388;Kit Kat Chunky Duo Chocolate Bar 70g;£0.80;£1.14/100g;Single Bars & Bags;null;null;null;null;null;null;null;null;
3969392;Lion Bar Extra Bite Chocolate Bar 75g;£0.80;£1.07/100g;Single Bars & Bags;null;null;null;null;null;null;null;null;
4263716;Twix Standard Twin Bars 50g;£0.60;£1.20/100g;Single Bars & Bags;null;4.5;64.6;48.8;24.0;13.9;null;0.44;
3969406;Yorkie Milk Duo Chocolate Bar 72g;£0.80;£1.11/100g;Single Bars & Bags;540;5.8;59.8;58.7;30.5;17.3;1.7;0.20;
3537496;ASDA Gluten & Dairy Free Chocolate Bar 35g;£0.45;£1.29/100g;Single Bars & Bags;null;2.5;57.8;42.3;34.9;21.5;2.3;null;
3537498;ASDA Gluten & Dairy Free Chocolate Orange Bar 35g;£0.45;£1.29/100g;Single Bars & Bags;null;2.5;57.5;42.2;34.5;21.2;2.9;null;
3537494;ASDA Gluten & Dairy Free Chocolate Orange Buttons 25g;£0.35;£1.40/100g;Single Bars & Bags;null;2.5;57.5;42.2;34.5;21.2;2.9;null;
3537492;ASDA Gluten & Dairy Free Chocolate Buttons 25g;£0.35;£1.40/100g;Single Bars & Bags;null;2.5;57.8;42.3;34.9;21.5;2.3;null;
3656843;ASDA Giant White Mice Bar 15g;£0.10;£0.66/100g;Single Bars & Bags;null;3.8;62.7;58.6;29.3;25.6;1.2;null;
3656845;ASDA Giant Rainbow Buttons Bar 15g;£0.10;£0.66/100g;Single Bars & Bags;null;2.5;71.1;56.1;22.4;19.0;0.6;null;
891560;Milkyway Magic Stars 33g;£0.65;£1.97/100g;Single Bars & Bags;null;6.4;54.2;53.6;34.7;21.5;null;0.20;
3932660;Cadbury Flake Treat Size 14g;£0.30;£2.14/100g;Single Bars & Bags;null;null;null;null;null;null;null;null;
3932658;Cadbury Fairtrade Dairy Milk Buttons 4g;£0.20;£1.39/100g;Single Bars & Bags;null;7.5;56.8;56.6;30.0;18.6;0.7;null;
3932656;Cadbury Crunchie Treat Size;£0.25;£1.39/100g;Single Bars & Bags;null;null;null;null;null;null;null;null;
1937945;Cadbury Curly Wurly Bar 26g;£0.35;£1.35/100g;Single Bars & Bags;null;3.3;70.0;48.5;18.0;9.7;0.7;0.68;
3524426;Peppa Pig Roll’ems Solid Milk Chocolate Balls;£0.50;£0.50/each;Single Bars & Bags;517;5.7;64.7;58.6;25.7;15.4;null;0.4;
3957518;Animal Bar Animal Bar Chocolate Bar 19g;£0.25;£1.32/100g;Single Bars & Bags;null;null;null;null;null;null;null;null;
3967114;Galaxy Caramel Bar 48g;£0.60;£1.25/100g;Single Bars & Bags;null;5.0;61.5;55.6;23.8;14.4;null;0.40;
3964274;Kinnerton Character Milk Chocolate Bar;£0.17;£0.17/each;Single Bars & Bags;null;null;null;null;null;null;null;null;
1621604;Galaxy Minstrels 42g;£0.60;£1.43/100g;Single Bars & Bags;null;5.3;70.1;68.9;22.2;13.3;null;0.20;
3805701;Kit Kat Chunky Peanut Butter 48g;£0.60;£1.25/100g;Single Bars & Bags;null;null;null;null;null;null;null;null;
2907948;ASDA Extra Special Scottish Shortbread Fingers 200g;£1.65;£0.82/100g;Luxury Biscuits;520;4.8;62.4;14.0;27.4;16.6;2.5;0.6;
3473731;Border Biscuits Dark Chocolate Gingers 175g;£1.58;£0.90/100g;Luxury Biscuits;null;4.4;61.4;42.5;22.3;6.1;null;0.8;
4415014;Border Biscuits Classic Recipes Light & Chocolate Viennese Biscuits 150g;£1.58;£1.05/100g;Luxury Biscuits;null;5.3;53.1;25.2;28.6;8.6;null;0.5;
4308354;Border Biscuits Classic Recipes Sweet Memories Butterscotch Biscuits 150g;£1.58;£1.05/100g;Luxury Biscuits;null;4.8;57.7;26.5;21.8;13.3;1.1;null;
4308362;Border Biscuits Cranberry & Orange Shortbread Fingers 165g;£1.58;£0.95/100g;Luxury Biscuits;null;4.7;50.4;17.1;25.4;10.3;1.6;null;
4672267;Border Biscuits Lemon Drizzle Day 150g;£1.58;£1.05/100g;Luxury Biscuits;null;4.8;50.1;20.2;30.6;14.9;null;0.5;
4672263;Border Biscuits Strawberry and Cream Melts 150g;£1.58;£1.05/100g;Luxury Biscuits;null;4.7;51.6;25.7;29.8;15.2;null;0.8;
3098023;Doria Crunchy Italian Amaretti Biscuits 250g;£1.99;£0.79/100g;Luxury Biscuits;null;null;null;null;null;null;null;null;
1066489;FarmHouse Biscuits Ltd Currant Shrewsbury Biscuits 200g;£1.16;£0.58/100g;Luxury Biscuits;null;null;null;null;null;null;null;null;
1066165;FarmHouse Biscuits Ltd Honey and Oat 200g;£1.16;£0.58/100g;Luxury Biscuits;null;4.7;63.5;null;28.6;null;null;null;
1066559;FarmHouse Biscuits Ltd Mild Ginger 200g;£1.16;£0.58/100g;Luxury Biscuits;null;null;null;null;null;null;null;null;
1064540;FarmHouse Biscuits Ltd Oat Biscuits 200g;£1.16;£0.58/100g;Luxury Biscuits;null;null;null;null;null;null;null;null;
1066563;FarmHouse Biscuits Ltd Oat Flips 200g;£1.16;£0.58/100g;Luxury Biscuits;null;null;null;null;null;null;null;null;
1066503;FarmHouse Biscuits Ltd Shortbread Squares 200g;£1.16;£0.58/100g;Luxury Biscuits;null;null;null;null;null;null;null;null;
4435211;Fox's Caramel Cafe Slices;£1.00;£0.74/100g;Luxury Biscuits;null;5.6;61.8;46.3;24.6;14.4;1.5;null;
4372761;ASDA Extra Special All-Butter Gouda Biscuits 100g;£2.00;£2.00/100g;Luxury Biscuits;599;11.5;36.0;1.1;44.9;29.8;2.2;1.8;
3599072;ASDA Extra Special Belgian Chocolate Florentine Selection 150g;£3.00;£2.00/100g;Luxury Biscuits;567;8.2;48.9;35.9;36.9;16.3;3.1;0.3;
4691704;ASDA Extra Special Belgian Dark Chocolate Cookies 200g;£1.60;£0.80/100g;Luxury Biscuits;505;6.1;64.2;37.6;24.2;14.7;2.8;0.9;
4691710;ASDA Extra Special Belgian Double Chocolate & Hazelnut Cookies 200g;£1.60;£0.80/100g;Luxury Biscuits;537;7.5;56.6;31.7;30.6;12.4;2.5;0.9;
4691714;ASDA Extra Special Belgian Double Chocolate Cookies 200g;£1.60;£0.80/100g;Luxury Biscuits;503;5.9;65.4;41.5;23.9;13.1;1.5;0.7;
4691724;ASDA Extra Special Belgian White Chocolate Cookies 200g;£1.60;£0.80/100g;Luxury Biscuits;514;5.6;63.4;40.7;26.1;16.0;1.6;0.9;
4691720;ASDA Extra Special Fruit & Oat Cookies 200g;£1.60;£0.80/100g;Luxury Biscuits;447;5.2;66.7;44.7;17.1;10.9;2.6;0.8;
2907950;ASDA Extra Special Scottish Shortbread Rounds 160g;£1.40;£0.87/100g;Luxury Biscuits;520;4.8;62.4;14.0;27.4;16.6;2.5;0.6;
3302108;Abbaye Le Trouvillais Pommes 150g;£1.50;£1.00/100g;Luxury Biscuits;null;null;null;null;null;null;null;null;
3264520;Abbaye Les Sablés 125g;£1.00;£0.80/100g;Luxury Biscuits;null;null;null;null;null;null;null;null;
3098025;Amaretti Soft Italian Cookies 150g;£1.58;£1.05/100g;Luxury Biscuits;null;null;null;null;null;null;null;null;
4850332;Arden & Amici Almond and Chocolate Chunk Biscotti 180g 180g;£2.24;£1.24/100g;Luxury Biscuits;426;10.2;65.4;26.5;13.1;3.8;3.0;0.18;
4313669;Bahlsen Choco Leibniz Caramel 135g;£1.78;£1.32/100g;Luxury Biscuits;null;null;null;null;null;null;null;null;
3101925;Bahlsen Choco Leibniz Orange 125g;£1.78;£1.42/100g;Luxury Biscuits;null;null;null;null;null;null;null;null;
3101927;Bahlsen Deloba Raspberry Biscuits 100g;£1.15;£1.15/100g;Luxury Biscuits;null;null;null;null;null;null;null;null;
4601586;Bahlsen Hit Cocoa Crème 220g;£1.00;£0.45/100g;Luxury Biscuits;null;null;null;null;null;null;null;null;
3418979;Bahlsen Messino Dark Chocolate 125g;£1.19;£0.95/100g;Luxury Biscuits;null;null;null;null;null;null;null;null;
3102857;Biscuiterie Sube Lust 200g;£2.49;£1.24/100g;Luxury Biscuits;null;null;null;null;null;null;null;null;
4311148;Border Sharing Pack;£2.00;£0.66/100g;Luxury Biscuits;null;null;null;null;null;null;null;null;
4301166;Fox's Caramel Cafe Snaps;£1.00;£0.69/100g;Luxury Biscuits;null;6.7;67.4;21.0;21.2;10.2;2.6;null;
4850458;Fox's Viennese Milk Chocolate;£0.98;£0.81/100g;Luxury Biscuits;526;5.7;61;33;28;15;2.2;0.55;
4850460;Fox's Viennese Raspberry & Cream;£0.98;£0.81/100g;Luxury Biscuits;517;4.9;61;34;28;17;1.6;0.67;
4622461;Jezyki Chocolate & Raisin Biscuits;£1.30;£9.29/kg;Luxury Biscuits;null;null;null;null;null;null;null;null;
4622463;Jezyki Coconut & Caramel Biscuits;£1.30;£9.29/kg;Luxury Biscuits;null;null;null;null;null;null;null;null;
4819874;Jules Destrooper Almond Thins;£0.59;£0.78/100g;Luxury Biscuits;null;null;null;null;null;null;null;null;
4679813;Jules Destrooper Butter Crisps 75g;£1.09;£1.45/100g;Luxury Biscuits;null;null;null;null;null;null;null;null;
4941947;Lotus Biscoff The Original Caramelised Biscuit 25 Biscuits 156g;£1.29;£0.82/100g;Luxury Biscuits;null;null;null;null;null;null;null;null;
4308232;Patersons Clotted Cream Shortbread Fingers 300g;£1.00;£0.33/100g;Luxury Biscuits;null;6.4;61.9;18.0;25.4;3.7;null;0.6;
3487554;Patersons Shortbread & Biscuit Assortment 400g;£2.00;£0.50/100g;Luxury Biscuits;493;6.1;62.1;23.9;24.5;5.4;null;0.75;
4308234;Patersons Shortbread & Biscuit Assortment 185g;£1.00;£0.54/100g;Luxury Biscuits;null;6.0;62.0;25.0;24.5;6.6;null;0.8;
3383379;Patersons Shortbread Fingers 380g;£1.00;£0.26/100g;Luxury Biscuits;null;6.3;62.0;18.0;24.5;2.9;null;0.8;
3276823;Roka Gouda Cheese Crispies 100g;£1.49;£1.49/100g;Luxury Biscuits;null;null;null;null;null;null;null;null;
4697492;TRUfree Marvellous Milk Chocolate Flapjacks;£2.90;£0.36/each;Luxury Biscuits;null;5.0;68.0;36.9;19.3;11.3;null;0.47;
4821425;Thomas J Fudge's Roasted Almond Blisscuits Dipped in Milk Chocolate;£2.79;£0.34/each;Luxury Biscuits;null;8.2;53.6;26.1;34.1;17.7;null;0.56;
4936738;Foxs Chunkie Cookie Bites Chocolate Chip 240g;£2.00;£0.83/100g;Assortments & Sharing Biscuits;491;5.6;66;34;22;12;3.0;0.63;
4951881;Foxs Chunkie Cookie Bites Oat & Fruit 240g;£2.00;£0.83/100g;Assortments & Sharing Biscuits;478;5.8;67;32;20;10;3.1;0.69;
4963255;McVities Deli Choc The Big Crunch with Belgian White Chocolate 150g;£1.79;£1.19/100g;Assortments & Sharing Biscuits;null;5.1;67.6;43.9;23.3;13.7;1.1;0.41;
3403150;Asda Chosen By You Belgian Biscuits Selection 200g;£1.99;£0.99/100g;Assortments & Sharing Biscuits;526;5.8;61.8;41.0;27.8;16.6;2.5;0.3;
3693230;Crawfords Teatime Varieties 275g;£1.19;£0.43/100g;Assortments & Sharing Biscuits;null;6.5;65.3;21.0;21.5;10.5;2.8;0.9;
4951877;Fox's Chunky Cookie Bites White Chocolate Chip 240g;£2.00;£0.83/100g;Assortments & Sharing Biscuits;493;57;67;34;22;12;2.6;0.65;
3591764;Foxs Favourites Selection 400g;£2.48;£0.62/100g;Assortments & Sharing Biscuits;null;null;null;null;null;null;null;null;
3591760;Foxs Marvellous Selection Pack 400g;£3.55;£0.88/100g;Assortments & Sharing Biscuits;null;null;null;null;null;null;null;null;
391295;McVitie's Digestives;£0.98;£0.19/100g;Everyday Biscuits;null;7.2;62.9;16.6;21.3;10.1;3.6;1.3;
4682325;ASDA Chosen By You Bourbon Creams 300g;£0.40;£0.13/100g;Everyday Biscuits;487;5.4;66.1;30.3;21.6;13.1;3.4;0.3;
4682327;ASDA Chosen By You Custard Creams 400g;£0.40;£0.10/100g;Everyday Biscuits;493;5.4;68.4;30.6;21.5;13.5;2.1;0.5;
45358;McVitie's Rich Tea Classic;£0.98;£0.32/100g;Everyday Biscuits;null;7.0;71.3;20.2;15.5;1.5;2.9;0.8;
1702068;McVitie's Digestives 500g;£1.89;£0.18/100g;Everyday Biscuits;null;7.2;62.9;16.6;21.3;10.1;3.6;1.3;
4318925;ASDA Chosen By You Malted Milk 200g;£0.40;£0.20/100g;Everyday Biscuits;500;6.6;64.5;29.0;23.5;12.3;2.2;0.6;
47407;ASDA Chosen By You Fig Rolls 200g;£0.50;£0.25/100g;Everyday Biscuits;null;4.6;64.3;33.6;11.1;5.1;3.2;0.4;
1838828;Fox's Jam Ring Creams 150g;£0.50;£0.33/100g;Everyday Biscuits;500;5.0;67;31;23;13;2.0;0.45;
4388267;Jammie Dodgers Original;£0.46;£0.32/100g;Everyday Biscuits;null;null;null;null;null;null;null;null;
4682329;ASDA Chosen By You Rich Tea Biscuits 400g;£0.40;£0.10/100g;Everyday Biscuits;447;7.2;72.9;20.9;13.4;6.2;3.0;1.0;
1702066;McVitie's Rich Tea Classic Twinpack;£1.89;£0.31/100g;Everyday Biscuits;null;7.0;71.3;20.2;15.5;1.5;2.9;0.8;
4682331;ASDA Chosen By You Fruit Shortcake Biscuits 200g;£0.40;£0.20/100g;Everyday Biscuits;464;5.6;65.3;25.6;19.4;8.1;3.1;1.0;
3601387;McVitie's Ginger Nuts;£0.98;£0.39/100g;Everyday Biscuits;null;5.5;71.3;30.8;16.6;7.9;2.2;0.9;
421000;ASDA Chosen By You Shortbread Fingers 210g;£0.65;£0.31/100g;Everyday Biscuits;null;5.7;60.7;10.4;27.2;17.3;2.4;null;
4682341;ASDA Chosen By You Ginger Nuts 300g;£0.40;£0.13/100g;Everyday Biscuits;452;5.4;73.5;33.6;14.7;6.9;2.1;1.0;
3765511;Fox's Golden Crunch Creams 168g;£0.50;£0.29/100g;Everyday Biscuits;506;4.6;67;40;24;14;1.7;0.58;
631055;McVitie's Hobnobs;£0.98;£0.32/100g;Everyday Biscuits;null;7.3;61.4;25.5;20.3;2.1;6.1;0.8;
4320156;ASDA Chosen By You Shortcake Biscuits 200g;£0.50;£0.25/100g;Everyday Biscuits;null;6.2;61.3;15.8;25.4;11.1;1.9;0.5;
4682333;ASDA Chosen By You Coconut Rings 200g;£0.50;£0.25/100g;Everyday Biscuits;485;5.9;65.8;26.2;21.4;11.0;2.9;0.9;
431573;ASDA Chosen By You Garibaldi 200g;£0.95;£0.47/100g;Everyday Biscuits;null;4.7;68.5;37.8;9.1;4.2;2.2;null;
4682337;ASDA Chosen By You Rich Tea Fingers 200g;£0.50;£0.25/100g;Everyday Biscuits;454;7.2;72.5;20.7;14.3;6.7;3.0;0.9;
3765507;Fox's Nice Creams 175g;£0.50;£0.28/100g;Everyday Biscuits;null;6.0;66.9;27.1;22.1;12.9;2.6;null;
3263423;ASDA Chosen By You Cocoa Creams 500g;£1.00;£0.20/100g;Everyday Biscuits;null;6.0;69.0;33.0;19.0;12.0;3.0;null;
4692960;ASDA Chosen By You Oatie Crumbles 200g;£0.60;£0.30/100g;Everyday Biscuits;null;6.6;65.6;25.8;20.6;8.6;4.5;0.8;
3765519;Fox's Butter Crinkles 200g;£0.50;£0.25/100g;Everyday Biscuits;468;5.4;70;33;18;9.1;2.4;0.96;
3103176;McVitie's Fruit Shortcake;£0.98;£0.49/100g;Everyday Biscuits;null;5.6;65.9;26.3;18.9;6.3;3.1;0.9;
4682335;ASDA Chosen By You Rich Highland Shortie 200g;£0.60;£0.30/100g;Everyday Biscuits;486;6.1;65.1;22.7;21.8;10.4;2.5;0.9;
3765513;Fox's Ginger Crunch Creams 168g;£0.50;£0.29/100g;Everyday Biscuits;501;4.1;68;41;23;13;1.6;0.85;
3765517;Fox's Ginger Crinkles 200g;£0.50;£0.25/100g;Everyday Biscuits;441;5.3;75;39;13;6.0;2.1;1.00;
3765509;Fox's Malted Milk Creams 175g;£0.50;£0.28/100g;Everyday Biscuits;null;5.4;67.8;29;23.2;12;1.6;null;
4313803;McVitie's Digestives Lemon Cheesecake Creams 168g;£0.98;£0.58/100g;Everyday Biscuits;null;7.1;60.0;30.3;26.1;15.7;2.7;1.0;
3603466;McVitie's Hobnobs Vanilla Creams Nobbly Oaty Biscuits 200g;£0.98;£0.49/100g;Everyday Biscuits;null;5.8;59.6;29.5;25.6;14.6;4.6;1.0;
4313801;McVitie's Hobnobs Choc Chip;£0.98;£0.32/100g;Everyday Biscuits;null;null;null;null;null;null;null;null;
3767550;Fox's Rich Tea Creams 175g;£0.50;£0.28/100g;Everyday Biscuits;489;6.0;70;28;20;11;2.3;0.57;
4313805;McVitie's Digestives Vanilla Cheesecake Creams 168g;£0.98;£0.58/100g;Everyday Biscuits;null;7.5;59.2;29.5;26.4;15.8;2.7;1.1;
4843284;ASDA Chosen By You Digestives 400g;£0.50;£0.12/100g;Everyday Biscuits;null;null;null;null;null;null;null;null;
45354;McVitie's Digestives;£0.80;£0.32/100g;Everyday Biscuits;null;7.2;62.9;16.6;21.3;10.1;3.6;1.3;
3414775;Hovis Digestives 250g;£0.89;£0.35/100g;Everyday Biscuits;null;8.0;64.9;18.9;20.1;9.4;3.0;1.1;
4257586;DS Gluten Free Rich Tea Biscuits 125g;£1.58;£1.26/100g;Everyday Biscuits;473;1.8;80;9.5;16;8.5;1.0;0.75;
3397836;Jacobs Lemon Puff;£0.98;£0.49/100g;Everyday Biscuits;503;6.1;62.0;17.6;25.6;13.1;2.0;0.8;
4435219;Fox's Cherry Cheesecake Jam n' Cream 150g 150g;£0.50;£0.33/100g;Everyday Biscuits;501;4.9;67;31;23;13;2.4;0.39;
4435221;Fox's Key Lime Pie Crunch Creams 168g;£0.50;£0.29/100g;Everyday Biscuits;null;4.2;66;41;25;14;2.0;0.95;
631057;Crawfords Thin Arrowroot;£1.50;£0.75/100g;Everyday Biscuits;null;6.9;69.4;20.0;15.2;7.2;2.8;1.1;
4257590;DS Gluten Free Bourborn Biscuits 125g;£1.58;£1.26/100g;Everyday Biscuits;507;4.6;67;29;24;14;2.3;0.48;
3397838;Crawfords Morning Coffee 150g;£0.90;£0.60/100g;Everyday Biscuits;null;7.3;72.0;19.1;14.6;6.8;3.0;null;
4308358;Border Biscuits Glace Cherry Shortbread Fingers 165g;£1.58;£0.95/100g;Everyday Biscuits;null;4.8;57.3;16.9;23.5;9.0;1.3;null;
2937099;McVitie's Butter Puffs 200g;£1.29;£0.64/100g;Everyday Biscuits;null;9.3;59.0;1.1;24.8;11.8;3.1;0.93;
4302704;Lotus Biscoff Caramelised Biscuit with Belgian Choc 154g;£1.49;£0.96/100g;Everyday Biscuits;null;null;null;null;null;null;null;null;
4242157;Trek Free From Original Oat Protein Flapjack 50g 50g;£0.90;£1.80/100g;Everyday Biscuits;null;20.4;42.4;24.4;19.6;6.4;4.5;1.0;
4681726;McVitie's Digestives Strawberry Cheesecake Creams 168g;£0.98;£0.58/100g;Everyday Biscuits;null;7.0;60.0;30.2;26.2;15.7;2.7;1.0;
4242159;Trek Free From Morning Berry Protein Flapjack 50g;£0.90;£1.80/100g;Everyday Biscuits;null;20.4;42.2;24.7;19.3;6.3;4.7;0.9;
2298256;Wibisco Shirley Coconut Biscuit 100g;£0.50;£0.50/100g;Everyday Biscuits;null;null;null;null;null;null;null;null;
4457161;Hale & Hearty Pure OatGluten Free Flapjack Supersnack 180g;£2.50;£1.39/100g;Everyday Biscuits;436;7.3;50.7;26.2;22.6;4.7;5.4;null;
4986952;ASDA Chosen By You Nice Biscuits 200g;£0.50;£0.25/100g;Everyday Biscuits;505;5.8;64.8;25.6;23.9;13.5;3.6;0.3;
4853560;Cadbury Rich Tea 250g;£1.00;£0.40/100g;Everyday Biscuits;null;7.3;68.5;33;19.7;10.2;2.1;null;
4903195;Fox's Crunch Creams Double Choc 168g;£0.50;£0.29/100g;Everyday Biscuits;511;4.7;65;38;25;14;2.7;0.95;
4865225;Fox's Oaty Crunch Fruit & Oat;£0.98;£0.49/100g;Everyday Biscuits;453;6.1;68;34;16;7.2;4.0;0.93;
4865223;Fox's Oaty Crunch Milk Chocolate;£0.98;£0.49/100g;Everyday Biscuits;490;6.5;66;34;21;11;4.0;0.88;
3657927;Cadbury Mini Animals 22g;£0.98;£0.74/100g;Kids Biscuits;null;7.3;66.8;27.5;19.8;9.3;2.3;null;
3657931;Cadbury Mini Fingers Smooth Milk Chocolate 22g;£0.98;£0.89/100g;Kids Biscuits;null;6.8;60.8;34.9;27.1;10.8;1.7;null;
57910;McVitie's Jaffa Cakes Mini Cakes 24g;£1.69;£1.17/100g;Kids Biscuits;null;4.2;69.3;50.6;10.3;4.5;2.1;null;
3598210;Maryland Mini Choc Chip Snack Pack 25g;£0.98;£0.65/100g;Kids Biscuits;null;null;null;null;null;null;null;null;
3657929;Jammie Dodgers Minis Original 20g;£1.00;£0.71/100g;Kids Biscuits;null;null;null;null;null;null;null;null;
56921;Fox's Party Rings 125g;£0.50;£0.40/100g;Kids Biscuits;443;4.8;79;46;11;5.4;1.8;0.52;
3994539;Cadbury Mini Animals Dinosaurs 6 Mini Bags of Biscuits;£1.00;£0.75/100g;Kids Biscuits;null;7.3;66.8;27.5;19.8;9.3;2.3;null;
1385192;Wagon Wheels Original;£1.59;£0.26/each;Kids Biscuits;null;null;null;null;null;null;null;null;
132588;Jacobs Iced Gems 25g;£1.69;£1.13/100g;Kids Biscuits;null;5.0;86.7;51.6;3.1;1.3;2.0;0.7;
3201803;Oreo Mini Chocolate Sandwich Biscuit Snack Pack;£0.98;£0.65/100g;Kids Biscuits;null;null;null;null;null;null;null;null;
2337112;Jacobs Choc Gems 25g;£1.69;£1.35/100g;Kids Biscuits;null;6.5;64.0;35.1;23.0;12.7;2.6;0.8;
3991445;Oreo Original Snack Pack 220g;£1.89;£0.85/100g;Kids Biscuits;null;null;null;null;null;null;null;null;
56681;Caxton Pink 'n' Whites Mallow Wafers;£0.50;£0.58/100g;Kids Biscuits;350;5.2;78.7;51.4;0.8;0.2;2.1;null;
1985054;McVitie's Mini Digestives Fun Shapes Milk Chocolate 25g;£1.69;£1.13/100g;Kids Biscuits;null;6.8;62.9;29.9;23.2;11.9;3.4;0.8;
4364547;Cadbury Time Out Milk Chocolate Bars;£1.59;£0.19/each;Kids Biscuits;null;7.1;57.5;45.5;30.0;19.5;1.1;null;
3598218;Maryland Mini Double Choc Chip Snack Pack 22g;£0.98;£0.74/100g;Kids Biscuits;null;null;null;null;null;null;null;null;
4236037;McVitie's Mini Gingerbread Men 25g;£1.50;£1.00/100g;Kids Biscuits;null;5.7;70.6;30.4;16.9;7.9;2.2;0.9;
1985050;McVitie's Mini Cookies Choc Chip 25g;£1.69;£1.13/100g;Kids Biscuits;null;5.5;64.9;32.0;23.3;12.0;3.0;null;
3657925;Cadbury Mini Toffee Crunch Fingers 22g;£0.98;£0.89/100g;Kids Biscuits;null;7.2;55.7;39.1;24.7;13.3;1.3;null;
2918008;Fox's Mini Moos Malted Milk Biscuits 150g;£1.49;£0.99/100g;Kids Biscuits;null;7.2;65.8;19.5;21.4;10.3;2.6;null;
4313753;Caxton Pink 'n' White Jammies;£0.50;£0.8/each;Kids Biscuits;null;4;77.3;56.9;0.7;0.05;2.9;null;
3991447;Oreo Chocolate Crème snack pack 220g;£1.89;£0.85/100g;Kids Biscuits;null;null;null;null;null;null;null;null;
4388271;Jammie Dodgers Jam & Custard 140g;£0.50;£0.35/100g;Kids Biscuits;null;null;null;null;null;null;null;0.19;
3103178;KP Chocolate Dips 32g;£1.75;£1.82/100g;Kids Biscuits;null;6.1;59;34;29;11;2.1;0.75;
3164552;Fox's Moos Malted Milk Biscuits 200g;£0.50;£0.25/100g;Kids Biscuits;null;6.6;66.7;19.1;21.8;10.0;2.0;null;
4236035;McVitie's Mini Pirate Crew Milk Chocolate Biscuits 155g;£1.69;£1.09/100g;Kids Biscuits;null;null;null;null;null;null;null;null;
3922993;Wagon Wheels Wheelies Jammie 190g;£1.59;£0.83/100g;Kids Biscuits;null;null;null;null;null;null;null;null;
4435223;Fox's Limited Edition Collection Party Rings Raspberry Ripple Flavour 125g;£0.50;£0.40/100g;Kids Biscuits;436;4.7;78;46;11;5.3;1.8;0.78;
3922995;Wagon Wheels Wheelies 190g;£1.59;£0.83/100g;Kids Biscuits;null;null;null;null;null;null;null;null;
3758238;Cadbury Mini Animals 125g;£1.00;£0.80/100g;Kids Biscuits;null;6.5;59.7;25.6;17.7;8.4;2.0;null;
4313807;McVitie's Mini Jungle Friends Milk Chocolate Biscuits 155g;£1.79;£1.15/100g;Kids Biscuits;null;null;null;null;null;null;null;null;
4337494;Pink Panther Chocolate Milkshake Wafers;£0.75;£0.3/each;Kids Biscuits;null;6.4;57.6;20.6;29.5;19.0;3.0;0.3;
4313751;Caxton Chokomallos;£0.50;£0.8/each;Kids Biscuits;345;4.5;76.8;51.4;2.2;0.4;0.6;null;
3229038;ASDA Chosen By You Mini Beanies 185g;£1.25;£0.67/100g;Kids Biscuits;null;6.6;65.5;34.1;24.2;12.7;1.8;0.6;
4689043;ASDA Chosen By You Mini Chocolate Animals 22g;£0.89;£0.67/100g;Kids Biscuits;491;6.8;64.8;24.5;22.2;10.8;2.3;0.6;
4689045;ASDA Chosen By You Mini Malted Milks 22g;£0.89;£0.67/100g;Kids Biscuits;461;7.5;64.4;16.6;18.7;8.8;2.3;0.8;
3229032;ASDA Chosen By You Mini Strawberry Flavour Swirls 160g;£1.25;£0.78/100g;Kids Biscuits;500;6.2;64.7;23.7;23.7;14.4;1.3;0.7;
3584778;ASDA Chosen By You Smileys 200g;£1.25;£0.62/100g;Kids Biscuits;487;6.2;67.5;37.4;21.0;7.6;1.6;null;
4548368;Barny Apple Kids Sponge Bear;£0.96;£0.64/100g;Kids Biscuits;355;4.6;65;32;9.9;1.5;1.3;null;
4302506;Barny Chocolate Kids Sponge Bear;£0.96;£0.64/100g;Kids Biscuits;390;5.9;59;32;15.5;4.5;1.3;null;
4302508;Barny Milk Kids Sponge Bea;£0.96;£0.64/100g;Kids Biscuits;null;6.1;58;29;15;2.2;1.3;0.83;
4548370;Barny Strawberry Kids Sponge Bear;£0.96;£0.64/100g;Kids Biscuits;null;4.6;64;30;11;1.5;1.3;0.78;
3479343;Cadbury Mini Fingers Milk Chocolate Biscuits 125g;£1.00;£0.80/100g;Kids Biscuits;null;6.8;60.8;34.9;27.1;10.8;1.7;null;
4548350;Cadbury Mini Honeycomb Fingers snackpack;£0.94;£0.67/100g;Kids Biscuits;null;6.3;54.9;32.8;22.9;12.3;1.3;null;
4548348;Cadbury Mini Milk Chocolate Fingers snackpack 140g;£1.99;£1.42/100g;Kids Biscuits;null;6.7;53.7;28.5;25.3;13.2;1.5;null;
4727696;Despicable Me Minion Iced Biscuits 132g;£1.00;£0.75/100g;Kids Biscuits;425;5.6;81;44;8.1;3.8;2.1;0.8;
4840216;Fox's Party Fairytales 130g;£0.50;£0.38/100g;Kids Biscuits;443;4.8;79;46;12;5.5;1.8;0.52;
4548360;Fox's Party Footballs 125g;£0.50;£0.40/100g;Kids Biscuits;null;4.8;79.3;46.1;11.5;5.5;1.8;null;
4840218;Fox's Party Footballs Minis 25g;£1.49;£0.99/100g;Kids Biscuits;444;4.8;79;46;12;5.5;1.8;0.52;
2532990;Fullers Snowballs 83g;£0.50;£0.60/100g;Kids Biscuits;null;3.3;66.0;null;17.3;null;null;null;
4681959;Jammie Dodgers Berry Blast;£0.50;£0.35/100g;Kids Biscuits;null;null;null;null;null;null;null;null;
4693362;Jammie Dodgers Minis Berry Blast 20g;£1.00;£0.71/100g;Kids Biscuits;null;null;null;null;null;null;null;null;
4632073;McVitie's BN Chocolate Flavour Sandwich Biscuit;£0.98;£0.33/100g;Kids Biscuits;null;6.5;70.2;32.2;16.8;9.4;3.5;null;
4680035;McVitie's BN Raspberry Flavour Sandwich Biscuit;£0.98;£3.32/100g;Kids Biscuits;null;5.5;72.9;36.1;8.6;4.1;2.6;null;
3967130;McVitie's Mini Digestives Milk Chocolate 40g;£0.75;£1.88/100g;Kids Biscuits;null;6.8;62.9;29.9;23.2;11.9;3.4;0.8;
4555258;McVitie's Mini Milkshakes Vanilla Flavour Biscuits 35g;£1.69;£0.80/100g;Kids Biscuits;null;6.5;65.9;25.7;22.3;10.7;2.3;0.8;
4730547;Mikado Mikado King Chocolate Biscuits 51g;£1.49;£2.92/100g;Kids Biscuits;505;5.8;59;40;26;16;5.2;0.4;
4727692;One Direction One Direction Mini Biscuits 132g;£1.00;£0.75/100g;Kids Biscuits;445;5.6;58;27;21;10.8;1.5;0.7;
4579126;Pink Panther Original Vanilla Wafers;£0.70;£0.2/each;Kids Biscuits;null;5.4;59.4;26.3;32;20;1.4;0.2;
4840220;Fox's Chunkie Dark Chocolate Cookies;£0.98;£0.54/100g;Cookies;497;4.9;62;37;25;13;3.5;0.49;
3976144;Fox's Chunkie Extremely Chocolate Cookies;£0.98;£0.56/100g;Cookies;null;5.9;62.0;39.7;25.8;14.4;2.6;null;
3976142;Fox's Chunkie Milk Chocolate Cookies;£0.98;£0.54/100g;Cookies;502;5.5;63;36;25;13;2.8;0.57;
4759712;Fox's Chunkie Cookies White Chocolate Chunks 180g;£0.98;£0.54/100g;Cookies;509;5.0;64;38;25;14;2.1;0.57;
4822278;Chips Ahoy Crispy Choco Caramel Cookies 168g;£1.98;£1.18/100g;Cookies;null;5.0;63;32;24;12.5;2.7;1.38;
4822280;Chips Ahoy Popcorn Candy Chip Cookies 168g;£1.98;£1.18/100g;Cookies;null;4.5;63;35;25;13;2.2;1.27;
4957827;Maryland Soft Baked Double Choc Chunk Cookies 200g;£1.80;£0.90/100g;Cookies;null;null;null;null;null;null;null;null;
4957829;Maryland Soft Baked Caramel & Choc Chunk Cookies 200g;£1.80;£0.90/100g;Cookies;null;null;null;null;null;null;null;null;
4301198;Maryland Big & Chunky Milk & Dark Choc Chunk Cookies;£0.94;£0.62/100g;Cookies;null;null;null;null;null;null;null;null;
4301200;Maryland Big & Chunky White Choc Chunk Brownie Cookies;£0.94;£0.62/100g;Cookies;null;null;null;null;null;null;null;null;
4275375;Maryland Gooeys Hazelnut;£0.85;£0.53/100g;Cookies;null;null;null;null;null;null;null;null;
3655524;Maryland Choc Chip & Hazelnut;£0.85;£0.37/100g;Cookies;null;null;null;null;null;null;null;null;
3655520;Maryland Choc Chip Cookies;£0.85;£0.37/100g;Cookies;null;null;null;null;null;null;null;null;
3655522;Maryland Double Choc Cookies;£0.85;£0.37/100g;Cookies;null;null;null;null;null;null;null;null;
4599712;Udi's Gluten Free Limited Edition Peanut Butter & Coconut Cookies 300g;£2.60;£0.86/100g;Cookies;null;null;null;null;null;null;null;null;
4599714;Udi's Gluten Free Limited Edition Cashew Nut & Salted Caramel Cookies 300g;£2.60;£0.86/100g;Cookies;null;null;null;null;null;null;null;null;
3584776;ASDA Chosen By You Peanut Cookies 200g;£0.85;£0.42/100g;Cookies;541;11.0;56.0;25.0;29.5;11.0;3.5;null;
4689049;Asda Chosen By You Mini Chocolate Chip Cookies 22g;£0.89;£0.67/100g;Cookies;512;5.6;63.8;28.6;25.5;12.8;2.5;0.5;
4957883;De Beukelaer Cookies Bakery Brownie Cookie 4 Pieces XXL 168g;£1.48;£0.88/100g;Cookies;null;null;null;null;null;null;null;null;
4957881;De Beukelaer Cookies Bakery Creamy Cookie 4 Pieces XXL 168g;£1.48;£0.88/100g;Cookies;null;null;null;null;null;null;null;null;
4759708;Fox's Cookies Fruit & Nut Chunks 180g;£0.98;£0.54/100g;Cookies;493;5.7;61;33;24;11;3.2;0.37;
4891236;Maryland Big & Chunky Choc Chunk & Crunchy Flapjack Cookies 180g;£1.00;£0.55/100g;Cookies;null;null;null;null;null;null;null;null;
4891232;Maryland Big & Chunky Choc Cookie & Hazelnut Crunch Cookies 180g;£1.00;£0.55/100g;Cookies;null;null;null;null;null;null;null;null;
4891230;Maryland Big & Chunky Milk & Dark Chocolate Cookies 180g;£1.00;£0.55/100g;Cookies;null;null;null;null;null;null;null;null;
4891234;Maryland Big & Chunky White Choc Chunk Brownie Cookies 180g 180g;£1.00;£0.55/100g;Cookies;null;null;null;null;null;null;null;null;
4705751;Maryland Gooeys Hazelnut;£0.94;£0.62/100g;Cookies;null;null;null;null;null;null;null;null;
3703633;Weight Watchers Double Chocolate Chip Cookies 19g;£0.90;£0.79/100g;Cookies;456;6.8;61.1;23.1;18.4;4.5;9.5;0.5;
4313685;McVitie's Digestives Milk Chocolate;£0.98;£0.29/100g;Chocolate Biscuits;null;6.7;62.2;29.5;23.6;12.4;3.0;1.0;
4166375;McVitie's Digestives Double Chocolate;£0.98;£0.32/100g;Chocolate Biscuits;null;6.5;60.9;30.9;24.3;12.9;3.6;1.0;
4725578;Cadbury Fingers Milk Chocolate Biscuits;£0.85;£0.74/100g;Chocolate Biscuits;516;7.3;60.0;30.5;27.1;14.8;1.5;0.4;
4076332;McVitie's Jaffa Cakes 3 Pack 40g;£0.75;£1.88/100g;Chocolate Biscuits;null;4.8;70.6;52.5;8.0;4.0;2.1;null;
1493286;Cadbury Chocolate Digestives 300g;£1.00;£0.33/100g;Chocolate Biscuits;null;7.0;61;28.1;24.3;13;2.8;null;
3397840;McVitie's Jaffa Cakes 150g;£0.98;£0.65/100g;Chocolate Biscuits;null;4.9;70.8;52.5;8.0;4.1;2.2;0.24;
4313687;McVitie's Digestives Dark Chocolate;£0.98;£0.29/100g;Chocolate Biscuits;null;6.0;60.8;27.6;24.2;12.8;4.2;0.9;
4313689;McVitie's Hobnobs Milk Choc;£0.98;£0.37/100g;Chocolate Biscuits;null;7.1;60.8;33.0;23.3;11.5;5.1;0.7;
2879952;Oreo Original 154g;£1.08;£0.70/100g;Chocolate Biscuits;null;5.0;69;38;20;9.8;2.5;0.90;
515436;McVitie's Caramel Digestives;£0.98;£0.32/100g;Chocolate Biscuits;null;5.6;65.2;31.8;21.7;11.5;2.3;0.9;
206509;ASDA Chosen By You Chocolate Malted Milks 250g;£0.79;£0.31/100g;Chocolate Biscuits;null;6.4;64.5;29.6;24.2;12.4;2.1;null;
3808606;McVitie's Medley Hobnobs Double Chocolate;£1.89;£0.31/each;Chocolate Biscuits;null;5.7;68.8;32.6;14.1;7.7;3.4;0.7;
49655;Tunnocks Milk Chocolate Tea Cakes 24g;£0.81;£0.13/each;Chocolate Biscuits;null;null;null;null;null;null;null;null;
3097995;Cadbury Chocolate Shortcake 300g;£1.00;£0.33/100g;Chocolate Biscuits;null;6.9;64.2;28.4;23.4;12.4;1.6;null;
439970;Cadbury Milk Chocolate Shortcake;£1.39;£1.10/100g;Chocolate Biscuits;null;7.3;60.6;32.0;27.0;14.5;1.8;null;
4313761;Oreo Double Stuffed Chocolate Crème 157g;£1.29;£0.82/100g;Chocolate Biscuits;null;3.8;68;43;23;12;1.9;0.70;
3603464;McVitie's Hobnobs Chocolate Cream 200g;£0.98;£0.49/100g;Chocolate Biscuits;null;6.3;57.3;26.4;26.3;15.1;5.5;1.0;
2879944;Oreo Chocolate Cr??me 154g;£1.10;£0.71/100g;Chocolate Biscuits;null;5.0;67;37;19;9.2;2.5;0.90;
4275373;Maryland Gooeys Chocolate;£0.85;£0.53/100g;Chocolate Biscuits;null;null;null;null;null;null;null;null;
3079275;Cadbury Chocolate Mallows 250g;£1.00;£0.40/100g;Chocolate Biscuits;null;4.7;64.7;52.3;17.4;10.0;0.8;null;
3244177;Cadbury Jaffa Cakes Dark Chocolate 288g;£1.00;£0.34/100g;Chocolate Biscuits;null;4.7;68.0;50.5;9.5;5.6;0.6;null;
3217378;Cadbury Crunchie Biscuits 130g;£1.48;£1.14/100g;Chocolate Biscuits;null;4.8;65.7;50.3;23.6;14.1;0.9;null;
3591728;ASDA Chosen By You Milk Chocolate Oatie Crumbles 300g;£0.69;£0.23/100g;Chocolate Biscuits;null;6.7;64.4;34.2;22.7;11.3;4.0;0.7;
2966829;ASDA Chosen By You Puffin Milk Chocolate Bars;£0.85;£0.10/each;Chocolate Biscuits;523;5.2;61.5;41.5;27.8;16.1;3.2;null;
3263419;ASDA Chosen By You Jaffa Cakes 150g;£0.72;£0.48/100g;Chocolate Biscuits;381;3.0;69.0;52.0;10.0;6.0;2.0;0.2;
519751;ASDA Chosen By You Milk Chocolate Digestives;£0.79;£0.26/100g;Chocolate Biscuits;null;6.5;63.3;28.3;23.7;12.1;2.9;0.9;
1625884;ASDA Chosen By You Chocolate Chip Cookies 250g;£0.70;£0.28/100g;Chocolate Biscuits;null;5.8;66.2;30.6;24.3;13.0;0.8;null;
1625890;ASDA Chosen By You Dark Chocolate Digestives;£0.69;£0.23/100g;Chocolate Biscuits;null;6.4;62.9;26.7;23.8;12.2;3.8;0.8;
1494183;Lotus Biscoff Original Caramelised Biscuit 350g;£1.29;£0.36/100g;Chocolate Biscuits;null;null;null;null;null;null;null;null;
4313691;McVitie's Hobnobs Dark Choc;£0.98;£0.37/100g;Chocolate Biscuits;null;6.5;59.6;31.4;23.8;11.9;6.2;0.7;
2879942;LU Mikado Milk Chocolate Biscuits 75g;£1.49;£1.99/100g;Chocolate Biscuits;null;7.80;67.0;35.0;19.0;12.0;3.0;null;
4034132;Lyons Viscount Mint Cream 98g;£0.50;£0.51/100g;Chocolate Biscuits;null;null;null;null;null;null;null;null;
4548346;McVitie's Digestives Milk Chocolate and Orange;£0.98;£0.32/100g;Chocolate Biscuits;null;6.5;60.9;29.1;24.7;13.0;2.9;1.1;
4260142;Cadbury Fabulous Honeycomb Fingers 110g;£1.00;£0.90/100g;Chocolate Biscuits;null;5.6;52.8;40.8;28.6;17.2;0.7;null;
3479337;Cadbury Bourneville Biscuits 130g;£1.48;£1.14/100g;Chocolate Biscuits;null;6.0;54.9;37.3;30.7;18.0;1.4;null;
3217382;Cadbury Caramel Biscuits 130g;£1.48;£1.14/100g;Chocolate Biscuits;null;5.2;61.1;40.3;23.5;11.7;1.0;null;
3868259;Cadbury Dairy Milk Biscuits 110g;£1.48;£1.35/100g;Chocolate Biscuits;null;6.7;52.7;31.2;25.7;13.6;1.6;null;
4586105;Cadbury Crème Egg Biscuits;£0.98;£0.92/100g;Chocolate Biscuits;null;5.0;58.4;40.2;20.1;10.9;1.3;0.4;
4320154;ASDA Chosen By You Puffin Chocolate Orange Bars;£0.85;£0.41/100g;Chocolate Biscuits;532;5.0;61.0;38.9;29.3;16.9;2.2;0.3;
4260144;Cadbury Fabulous Praline Fingers 110g;£1.00;£0.90/100g;Chocolate Biscuits;null;6.0;52.2;38.7;29.4;17.6;0.8;null;
4275377;Maryland Gooeys Triple Chocolate 160g;£0.85;£0.53/100g;Chocolate Biscuits;null;null;null;null;null;null;null;null;
3119165;LU Mikado White Chocolate 70g;£1.49;£2.13/100g;Chocolate Biscuits;null;6.1;70;41;19.5;12;1.7;null;
4257592;DS Gluten Free Chocolate Nobbles Biscuits 150g;£1.58;£1.05/100g;Chocolate Biscuits;523;7.4;56;31;29;19;4.0;0.28;
3810501;LU Mikado Daim Chocolate Biscuits 75g;£1.49;£1.99/100g;Chocolate Biscuits;null;null;null;null;null;null;null;null;
4725580;Cadbury Fingers Double Chocolate Biscuits 114g;£0.85;£0.74/100g;Chocolate Biscuits;null;7.3;59.2;45.8;27.4;14.9;0.7;0.3;
3598228;Cadbury Mallows with Caramel 140g;£1.00;£0.71/100g;Chocolate Biscuits;null;4.7;65.9;45.5;14.6;8.2;1.0;null;
4725582;Cadbury Fingers White Chocolate Biscuits 114g;£0.85;£0.74/100g;Chocolate Biscuits;null;6.1;59.7;31.0;27.9;15.4;1.9;0.6;
4257582;Lazy Day Foods Gluten Free Millionaires Shortbread 150g;£2.50;£1.67/100g;Chocolate Biscuits;null;null;null;null;null;null;null;null;
3693220;McVitie's Boasters with Belgian Chocolate Chunks 180g;£1.89;£1.05/100g;Chocolate Biscuits;null;5.3;58.7;33.3;27.7;16.1;3.0;0.9;
3693222;McVitie's Boasters Belgian Chocolate Chunks & Hazelnut 180g;£1.89;£1.05/100g;Chocolate Biscuits;null;6.1;53.2;28.2;32.8;14.5;3.3;0.7;
4734717;Cadbury Wispa Biscuits;£0.98;£0.79/100g;Chocolate Biscuits;null;7.6;59.1;38.3;26.0;13.8;2.6;0.4;
4257609;Hale & Hearty Date & Chocolate Flapjack Slices 180g;£2.50;£1.39/100g;Chocolate Biscuits;432;6.1;54.1;32.2;21.3;8.0;5.7;null;
4689031;ASDA Chosen By You Milk Chocolate Butter Biscuits 125g;£0.87;£0.69/100g;Chocolate Biscuits;524;6.3;64.6;44.8;26.1;16.0;2.9;0.5;
4705749;Maryland Gooeys Chocolate;£0.94;£0.62/100g;Chocolate Biscuits;null;null;null;null;null;null;null;null;
4689033;ASDA Chosen By You Dark Chocolate Butter Biscuits 125g;£0.79;£0.63/100g;Chocolate Biscuits;521;6.4;66.7;46.2;24.1;14.9;5.8;0.5;
2201316;FarmHouse Biscuits Ltd Chocolate Oat Flips 150g;£1.30;£0.86/100g;Chocolate Biscuits;null;null;null;null;null;null;null;null;
4689047;ASDA Chosen By You Mini Milk Chocolate Digestives 22g;£0.89;£0.67/100g;Chocolate Biscuits;494;7.5;61.4;29.6;23.7;12.1;2.6;0.9;
2174970;FarmHouse Biscuits Ltd Chocolate Coated Fruit & Ginger Biscuits 150g;£1.30;£0.86/100g;Chocolate Biscuits;null;null;null;null;null;null;null;null;
858595;ASDA SmartPrice Milk Chocolate Digestive Bars 19g;£1.20;£0.31/100g;Chocolate Biscuits;503;6.5;63.7;32.8;24.1;12.8;2.7;0.8;
4698510;ASDA SmartPrice Chocolate Chip Cookies 250g;£0.40;£0.16/100g;Chocolate Biscuits;null;5.5;66.1;30.9;22.6;11.0;1.1;0.8;
4963253;McVitie's Deli Choc Belgian Dark Chocolate 150g;£1.79;£1.19/100g;Chocolate Biscuit Bars;null;5.3;63.9;39.2;22.3;13.0;4.5;0.29;
4687932;Bahlsen Pick Up! Milk Chocolate 140g;£1.69;£1.21/100g;Chocolate Biscuit Bars;null;null;null;null;null;null;null;null;
3856663;Kit Kat 2 Finger Milk Chocolate Biscuit Bars;£0.98;£0.12/each;Chocolate Biscuit Bars;null;null;null;null;null;null;null;null;
2136200;McVitie's Penguin Original;£1.59;£0.17/each;Chocolate Biscuit Bars;null;5.1;61.1;39.9;27.1;15.4;2.4;0.23;
3421022;Drifter Chocolate Biscuit Bars;£1.69;£1.07/100g;Chocolate Biscuit Bars;482;4.0;69.6;55.2;20.5;13.3;1.2;0.28;
1861768;McVitie's Gold;£1.59;£0.93/100g;Chocolate Biscuit Bars;null;6.4;64.2;49.8;25.8;20.7;0.7;0.49;
53348;Tunnocks Milk Chocolate Caramel Wafer Biscuits;£1.34;£0.16/each;Chocolate Biscuit Bars;null;3.6;69.2;34.7;17.4;12.7;2.5;0.67;
4713979;Fox's Rocky Big Eat Chocolate 4 Bars;£1.49;£0.37/each;Chocolate Biscuit Bars;507;5.7;63;42;26;15;2.3;0.83;
4713981;Fox's Rocky Big Eat Caramel 4 Bars;£1.49;£0.37/each;Chocolate Biscuit Bars;483;4.8;64;47;23;14;1.4;0.64;
1861770;Jacobs Club Orange;£0.98;£0.51/100g;Chocolate Biscuit Bars;null;5.7;61.0;39.4;26.6;16.6;2.3;0.75;
3856655;Breakaway Milk Chocolate Biscuit Bars;£1.79;£0.11/each;Chocolate Biscuit Bars;511;6.1;63.5;42.7;25.2;13.6;3.0;0.28;
2324307;Twix Fingers 207g;£0.98;£0.47/100g;Chocolate Biscuit Bars;null;4.5;64.6;48.8;23.9;13.9;null;0.44;
1385413;Wagon Wheels Jammie;£1.59;£0.26/each;Chocolate Biscuit Bars;null;null;null;null;null;null;null;null;
4023837;Kit Kat 2 Finger Cookies & Cream Chocolate Biscuit Bars;£0.98;£0.12/each;Chocolate Biscuit Bars;null;null;null;null;null;null;null;null;
1340562;Twix Fingers 368g;£2.80;£0.76/100g;Chocolate Biscuit Bars;null;4.5;64.6;48.8;23.9;13.9;null;0.44;
970432;Fox's Classic Bars;£1.59;£0.22/each;Chocolate Biscuit Bars;null;5.7;61.7;43.3;27.2;16.0;2.2;null;
3856667;Kit Kat 2 Finger Orange Chocolate Biscuit Bars;£0.98;£0.12/each;Chocolate Biscuit Bars;null;null;null;null;null;null;null;null;
2937085;Jacobs Club Chocolate Mint;£0.98;£0.51/100g;Chocolate Biscuit Bars;null;5.7;61.2;39.5;26.4;16.4;2.3;0.7;
3856659;Kit Kat 2 Finger Dark Chocolate Biscuit Bars;£0.98;£0.12/each;Chocolate Biscuit Bars;null;null;null;null;null;null;null;null;
3856657;Breakaway Milk Chocolate Biscuit Bars 19g;£1.60;£1.05/100g;Chocolate Biscuit Bars;null;null;null;null;null;null;null;null;
2435721;Fox's Triple Chocolate Bars;£1.59;£0.15/each;Chocolate Biscuit Bars;517;5.1;64;32;26;15;3.1;0.77;
3856661;Kit Kat 2 Finger Mint Chocolate Biscuit Bars;£0.98;£0.12/each;Chocolate Biscuit Bars;null;null;null;null;null;null;null;null;
3808603;Jacobs Club Honeycomb;£0.98;£0.12/each;Chocolate Biscuit Bars;null;5.7;61.2;39.5;26.3;16.3;2.3;0.7;
2937087;Jacobs Club Fruit 190g;£0.98;£0.51/100g;Chocolate Biscuit Bars;null;5.9;61.1;41.5;24.7;15.5;3.0;0.3;
4682346;Kit Kat 2 Finger Milk Chocolate Biscuit Bars;£1.79;£0.11/each;Chocolate Biscuit Bars;null;null;null;null;null;null;null;null;
3808608;McVitie's Penguin Toffee;£1.59;£0.17/each;Chocolate Biscuit Bars;null;5.1;61.1;39.9;27.0;15.4;2.4;0.25;
3103172;McVitie's Penguin Mint;£1.59;£0.17/each;Chocolate Biscuit Bars;null;5.1;61.1;39.9;27.0;15.4;2.4;0.25;
3275833;Fox's Classic Chocolate Bars;£1.59;£0.22/each;Chocolate Biscuit Bars;null;5.8;61.7;42.4;27.0;15.9;2.6;null;
3103170;McVitie's Penguin Orange;£1.59;£0.17/each;Chocolate Biscuit Bars;null;null;null;null;null;null;null;null;
1118678;Tunnocks Dark Chocolate Coated Caramel Wafer Biscuits;£1.48;£0.18/each;Chocolate Biscuit Bars;null;3.6;69.9;35.4;17.9;12.0;2.4;0.45;
530656;Tunnocks Caramel Log Roasted Coconut Covered Caramel Wafer Biscuit;£1.49;£0.18/each;Chocolate Biscuit Bars;null;4.2;65.7;31.9;21.0;16.9;3.4;0.58;
4239438;Breakaway Orange Chocolate Biscuit Bars 19g;£1.59;£1.04/100g;Chocolate Biscuit Bars;null;null;null;null;null;null;null;null;
4597708;Mikado Gluten Free Teacakes Chocolate Flavoured 168g;£3.20;£1.90/100g;Chocolate Biscuit Bars;null;1.2;61;44;16;13;0;0.38;
3532540;ASDA Free From Belgian Choc Twin Wafer Bars 20g;£1.78;£1.78/100g;Chocolate Biscuit Bars;null;7.1;57.0;47.7;29.9;18.9;2.5;0.3;
4270954;ASDA Chosen By You Caramel & Biscuit Bars 21g;£1.09;£0.51/100g;Chocolate Biscuit Bars;496;5.3;63.3;46.0;24.2;14.8;1.8;0.5;
3604018;ASDA Chosen By You Chocolate Wafers;£0.89;£0.9/each;Chocolate Biscuit Bars;null;5.7;56.9;41.7;32.6;20.4;2.1;0.2;
2966828;ASDA Chosen By You Mint puffin bar with choc chips;£0.85;£0.85/each;Chocolate Biscuit Bars;525;5.1;61.3;41.6;28.2;16.3;2.8;null;
2931269;ASDA SmartPrice Caramel Wafers;£0.40;£0.47/100g;Chocolate Biscuit Bars;null;6.0;66.6;46.3;20.4;12.5;2.5;0.3;
3856653;Blue Riband Blue Riband Milk Chocolate Biscuit Bars;£1.69;£1.09/100g;Chocolate Biscuit Bars;null;null;null;null;null;null;null;null;
4903203;Fox's Rocky Cool Mint Choc 10 Individually Wrapped Bars;£1.69;£0.79/100g;Chocolate Biscuit Bars;528;4.6;62;46;29;18;2.1;0.69;
4982266;Fox's Rocky Molten Caramel 10 Individually Wrapped Bars;£1.69;£0.16/each;Chocolate Biscuit Bars;488;5.1;64;44;23;14;1.6;0.67;
4982264;Fox's Rocky Rugged Chocolate 10 Individually Wrapped Bars;£1.69;£0.16/each;Chocolate Biscuit Bars;507;5.7;63;42;26;15;2.3;0.83;
4949446;Kit Kat 2 Finger Toffee Treat Chocolate Biscuit Bar;£0.98;£0.58/100g;Chocolate Biscuit Bars;514;6.4;64.0;51.3;25.4;14.5;1.5;0.27;
4963251;McVitie's Deli Choc 150g;£1.79;£1.19/100g;Chocolate Biscuit Bars;null;5.2;71.2;46.6;18.6;10.6;1.9;0.37;
4470122;Nature Valley Crunchy Oats & Honey;£0.98;£0.46/100g;Healthy & Breakfast Biscuits;null;8.1;64.5;28.3;17.2;2.4;5.6;0.8;
4470126;Nature Valley Crunchy Variety Pack Bars;£0.98;£0.46/100g;Healthy & Breakfast Biscuits;456;8.1;64.5;28.3;17.2;2.4;5.6;0.8;
2263109;Weight Watchers Caramel Wafers 18g;£1.49;£0.29/each;Healthy & Breakfast Biscuits;427;5.7;64.7;39.3;20.2;12.5;1.9;0.3;
4470124;Nature Valley Crunchy Canadian Maple Syrup Bars 42g;£0.98;£0.46/100g;Healthy & Breakfast Biscuits;null;7.9;64.6;28.0;17.1;2.7;6.2;0.7;
2148659;Go Ahead Strawberry Fruit Bakes 35g;£1.99;£0.94/100g;Healthy & Breakfast Biscuits;null;3.5;72.9;39.1;8.4;3.8;4.1;0.6;
3229026;ASDA Chosen By You Raspberry Baked Bars 162g;£1.00;£0.61/100g;Healthy & Breakfast Biscuits;385;3.4;74.2;41.4;7.6;3.6;1.8;null;
3229024;ASDA Chosen By You Apple Baked Bars 162g;£1.00;£0.61/100g;Healthy & Breakfast Biscuits;382;3.4;73.2;42.2;7.8;3.7;2.9;null;
1690945;McVitie's Digestives Light Milk Chocolate;£0.98;£0.32/100g;Healthy & Breakfast Biscuits;null;7.3;69.7;30.1;15.8;8.2;3.3;1.0;
3229022;ASDA Chosen By You Apple and Raisin Slices;£1.15;£0.19/each;Healthy & Breakfast Biscuits;423;6.0;74.0;34.2;10.7;7.5;3.1;null;
3992498;Weight Watchers Milk Chocolate Digestive Biscuits 132g;£1.69;£1.28/100g;Healthy & Breakfast Biscuits;null;7.9;63.5;30.0;19.5;11.7;6.5;0.5;
2866951;Weight Watchers Chocolate Biscuits 18g;£1.49;£1.66/100g;Healthy & Breakfast Biscuits;null;7.9;62.2;27.8;21.5;12.5;45;0.4;
4631947;Go Ahead Crispy Slices Apple & Sultana;£0.85;£16.35/100g;Healthy & Breakfast Biscuits;null;5.4;76.4;36.8;7.2;0.9;2.4;0.5;
3859364;Go Ahead Chocolate Thins Strawberry;£1.99;£1.12/100g;Healthy & Breakfast Biscuits;null;5.5;74.1;40.7;9.3;4.1;2.6;0.4;
2936950;Weight Watchers Caramel Mallows 100g;£1.49;£1.49/100g;Healthy & Breakfast Biscuits;332;5.5;63.9;39.2;2.1;1.1;17.8;0.3;
4631965;Go Ahead Yogurt Breaks Strawberry;£1.99;£1.12/100g;Healthy & Breakfast Biscuits;null;5.1;74.1;41.1;10.1;4.6;2.2;0.5;
3229018;ASDA Chosen By You Apple & Raisin crispy Slices 218g;£1.00;£0.45/100g;Healthy & Breakfast Biscuits;400;6.5;74.7;34.3;7.7;1.4;2.8;null;
3229020;ASDA Chosen By You Forest Fruit & Raisin Slices 218g;£1.00;£0.45/100g;Healthy & Breakfast Biscuits;394;6.3;74.0;36.4;7.3;1.2;3.6;null;
4631951;Go Ahead Crispy Slices Forest Fruit;£0.85;£0.1/100g;Healthy & Breakfast Biscuits;null;5.3;76.3;37.2;7.0;0.8;2.5;0.6;
4242133;Nairns Gluten Free Biscuit Breaks Oats & Fruit 160g;£1.80;£1.12/100g;Healthy & Breakfast Biscuits;469;8.2;60.8;22.4;19.1;7.9;5.7;1.1;
4631955;Go Ahead Crispy Slices Red Cherry;£0.85;£16.35/100g;Healthy & Breakfast Biscuits;null;5.3;76.4;37.3;7.0;0.8;2.5;0.5;
4631957;Go Ahead Crispy Slices Blueberry;£0.85;£16.35/100g;Healthy & Breakfast Biscuits;null;5.4;76.4;37.1;7.1;0.8;2.3;0.6;
1612236;Sesame Snaps Original 30g;£0.60;£0.50/100g;Healthy & Breakfast Biscuits;null;2.8;61.8;null;31.5;null;null;null;
4631953;Go Ahead Crispy Slices Raspberry;£0.85;£16.35/100g;Healthy & Breakfast Biscuits;null;5.3;76.4;37.3;7.0;0.8;2.5;0.6;
3523172;Weight Watchers Blueberry & Raspberry;£2.00;£1.48/100g;Healthy & Breakfast Biscuits;394;3.7;68.2;45.4;10.8;5.1;4.8;0.5;
4470128;Nature Valley Nature Valley Crunchy Ginger Nut Crunch Bars 42g;£2.39;£1.14/100g;Healthy & Breakfast Biscuits;457;null;null;null;null;null;null;null;
2587285;Go Ahead Apple Fruit Bakes 35g;£1.99;£0.94/100g;Healthy & Breakfast Biscuits;null;3.4;73.0;35.4;8.3;3.8;3.9;0.6;
4631961;Go Ahead Yogurt Breaks Forest Fruit;£1.99;£99.00/100g;Healthy & Breakfast Biscuits;null;5.1;74.1;40.5;10.1;4.6;2.2;0.4;
3523162;Weight Watchers Ginger & Lemon Cookies 19g;£0.90;£0.79/100g;Healthy & Breakfast Biscuits;446;5.8;65.7;27.7;16.5;3.3;5.9;0.6;
4256362;Border Biscuits Wholebake Free From Fruity 9 Bar 50g;£0.70;£1.40/100g;Healthy & Breakfast Biscuits;null;null;null;null;null;null;null;null;
3859366;Go Ahead Chocolate Thins Red Cherry;£1.99;£1.12/100g;Healthy & Breakfast Biscuits;null;5.5;74.1;40.2;9.3;4.1;2.6;0.4;
4242131;Nairns Gluten Free Biscuit Breaks Oats & Syrup 160g;£1.80;£1.12/100g;Healthy & Breakfast Biscuits;469;8.6;null;16.6;20.4;8.3;7.2;1.17;
2931127;Jordans Original Crunchy Bars 30g;£1.98;£0.73/100g;Healthy & Breakfast Biscuits;445;7.9;63.5;22.2;16.6;2.3;4.9;0.12;
1612238;Sesame Snaps with Coconut 30g;£0.70;£0.58/100g;Healthy & Breakfast Biscuits;515;9.70;52.87;null;29.46;null;null;null;
3523174;Weight Watchers Apricot & Peach;£2.00;£1.48/100g;Healthy & Breakfast Biscuits;399;4.4;70.5;44.0;10.3;5.0;3.4;0.5;
4631949;Go Ahead Crispy Slices Orange;£0.85;£16.35/100g;Healthy & Breakfast Biscuits;null;5.4;76.6;37.1;7.0;0.8;2.3;0.6;
3992500;Weight Watchers Cranberry & Orange Cookies 19g;£1.09;£0.95/100g;Healthy & Breakfast Biscuits;450;6.0;64.5;24.4;17.3;3.1;6.3;0.7;
3859362;Go Ahead Chocolate Thins Orange;£1.99;£1.12/100g;Healthy & Breakfast Biscuits;null;5.6;73.9;40.1;9.4;4.1;2.3;0.4;
4068636;Go Ahead Yogurt Breaks Forest Fruit Twinpack 36g;£0.75;£2.08/100g;Healthy & Breakfast Biscuits;null;null;null;null;null;null;null;null;
4689041;ASDA Chosen By You Fruit & Fibre Breakfast Biscuits 8 Snack Packs 300g;£1.29;£0.43/100g;Healthy & Breakfast Biscuits;473;7.6;72.0;23.6;16.2;5.0;4.6;0.7;
4689039;ASDA Chosen By You Milk & Oat Breakfast Biscuits 8 Snack Packs 300g;£1.29;£0.43/100g;Healthy & Breakfast Biscuits;null;8.6;72.5;22.3;15.8;7.6;2.7;0.8;
4631963;Go Ahead Yogurt Breaks Raspberry;£1.99;£99.00/100g;Healthy & Breakfast Biscuits;null;5.2;74.0;40.4;10.2;4.6;2.2;0.4;
4631959;Go Ahead Yogurt Breaks Red Cherry;£1.99;£99.00/100g;Healthy & Breakfast Biscuits;null;5.2;74.1;40.6;10.2;4.6;2.2;0.4;
4685363;Kallo Buckwheat Super-Seeds Low Fat Multigrain Cakes 130g;£1.19;£0.91/100g;Healthy & Breakfast Biscuits;null;8.7;76.8;0.4;2.9;0.8;4.3;null;
4685371;Kallo Fairtrade Organic Sesame Seed Wholegrain Rice Cakes 130g;£1.79;£1.38/100g;Healthy & Breakfast Biscuits;null;8.1;70.8;1.2;5.3;0.9;3.3;null;
4685365;Kallo Smoked Paprika Wholegrain Low Fat Rice & Corn Cakes 122g;£1.79;£1.47/100g;Healthy & Breakfast Biscuits;null;7.7;77.2;8.1;2.3;0.7;3.2;1.7;
3596320;McVitie's Digestives Caramel & Milk Chocolate 6 x 30g;£1.89;£0.31/each;Healthy & Breakfast Biscuits;null;6.1;67.3;32.5;14.5;8.3;3.8;0.7;
57100;McVitie's Digestives Light;£0.98;£0.24/100g;Healthy & Breakfast Biscuits;null;7.3;69.7;20.2;14.4;1.5;3.6;1.2;
3197198;McVitie's Hobnobs Raisins & Milk Chocolate;£1.89;£0.31/each;Healthy & Breakfast Biscuits;null;5.5;69.8;31.6;12.1;6.5;3.6;0.7;
3197196;McVitie's Medley Digestive Hazelnuts & Milk Chocolate;£1.89;£0.31/each;Healthy & Breakfast Biscuits;null;6.7;63.6;29.3;18.0;7.2;3.4;0.8;
1690947;McVitie's Rich Tea Light;£0.98;£0.32/100g;Healthy & Breakfast Biscuits;null;7.6;75.5;20.3;10.8;1.2;3.1;0.9;
3528375;ASDA Free From Jammy Wheels 200g;£1.30;£0.65/100g;Free From Biscuits;479;5.0;60.1;33.9;23.2;9.1;4.7;0.4;
3553335;ASDA Gluten Free Chocolate Chip Cookies biscuits 150g;£1.30;£0.86/100g;Free From Biscuits;487;5.2;63.4;35.1;22.5;9.7;5.0;0.5;
3923443;ASDA Gluten Free Chocolate Digestives biscuits 200g;£1.30;£0.65/100g;Free From Biscuits;493;7.6;55.9;24.3;25.0;10.2;6.9;0.5;
3923445;ASDA Gluten Free Digestives Biscuits 170g;£1.30;£0.76/100g;Free From Biscuits;490;7.9;57.0;17.7;24.3;8.8;6.0;0.5;
4256437;ASDA Chosen by You Gluten & Dairy Free Chocolate Rocky Road 150g;£2.00;£1.33/100g;Free From Biscuits;null;2.4;54.3;38.3;27.0;12.5;2.6;0.6;
4256439;ASDA Chosen by You Gluten Free Shortbread 150g;£1.50;£1.00/100g;Free From Biscuits;501;2.0;60.0;16.7;28.0;11.0;0.6;0.8;
3528369;FF Free From Gluten Stem Ginger Cookies 150g;£1.30;£0.86/100g;Free From Biscuits;471;3.0;69.1;41.4;19.4;8.7;4.1;0.5;
4751080;Haribo Fruity Frogs 425g;£2.00;£0.47/100g;Sharing Sweets;null;null;null;null;null;null;null;null;
4605786;Starburst Fruit Chews FaveReds 192g;£0.97;£0.50/100g;Sharing Sweets;null;null;null;null;null;null;null;null;
4061603;Skittles Fruits Bigger Bag 245g;£1.88;£0.76/100g;Sharing Sweets;null;null;null;null;null;null;null;null;
4751078;Haribo Minions;£0.50;£0.33/100g;Sharing Sweets;null;null;null;null;null;null;null;null;
3832432;Bassett Jelly Babies Bag 190g;£0.89;£0.46/100g;Sharing Sweets;null;3.5;79.7;75.4;null;null;null;0.03;
3988960;Haribo Tangfastics Bag;£0.50;£0.31/100g;Sharing Sweets;null;null;null;null;null;null;null;null;
4731366;Chupa Chups Shootz Assorted Chewy Fruit Flavoured Sweet 25g;£0.35;£1.40/100g;Sharing Sweets;null;null;null;null;null;null;null;null;
4731364;Fruittella Chamallows;£0.98;£0.56/100g;Sharing Sweets;null;null;null;null;null;null;null;null;
3964316;Starburst Fruity Chews Bigger Bag 270g;£1.36;£0.50/100g;Sharing Sweets;null;null;null;null;null;null;null;null;
3957508;Rowntrees Randoms Sweets;£0.98;£0.61/100g;Sharing Sweets;null;null;null;null;null;null;null;null;
4280552;Skittles Confused Bigger Bag 245g;£1.88;£0.76/100g;Sharing Sweets;null;null;null;null;null;null;null;null;
3293369;Skittles Fruits Tear & Share Bag 174g;£0.97;£0.55/100g;Sharing Sweets;null;null;null;null;null;null;null;null;
3806610;Skittles Crazy Sours Tear & Share Bag 174g;£0.97;£0.55/100g;Sharing Sweets;null;null;null;null;null;null;null;null;
4280550;Skittles Confused Tear & Share Bag 174g;£0.97;£0.55/100g;Sharing Sweets;null;null;null;null;null;null;null;null;
3957494;Rowntrees Fruit Pastilles Sweets;£0.98;£0.57/100g;Sharing Sweets;null;null;null;null;null;null;null;null;
3957496;Rowntrees Fruit Gums Sweets;£0.98;£0.57/100g;Sharing Sweets;null;null;null;null;null;null;null;null;
4241356;Rowntrees Tropical Fruit Pastilles Sweets;£0.98;£0.57/100g;Sharing Sweets;null;null;null;null;null;null;null;null;
3957498;Rowntrees Jelly Tots Sweets;£0.98;£0.61/100g;Sharing Sweets;null;null;null;null;null;null;null;null;
3957506;Rowntrees Pick & Mix Sweets;£0.98;£0.65/100g;Sharing Sweets;null;null;null;null;null;null;null;null;
4280546;Starburst Morphs Tear & Share Bag 152g;£1.40;£0.92/100g;Sharing Sweets;null;null;null;null;null;null;null;null;
3988958;Haribo Starmix Bag;£0.50;£0.31/100g;Sharing Sweets;null;null;null;null;null;null;null;null;
3988962;Haribo Super Mix Bag;£0.50;£0.31/100g;Sharing Sweets;null;null;null;null;null;null;null;null;
3842059;Haribo Strawbs;£0.50;£0.31/100g;Sharing Sweets;null;null;null;null;null;null;null;null;
3279749;Haribo Funny-Mix Sweets Bag 200g;£1.00;£0.50/100g;Sharing Sweets;null;null;null;null;null;null;null;null;
3577662;Fruittella Duo Stix Bag 150g;£1.25;£0.83/100g;Sharing Sweets;null;null;null;null;null;null;null;null;
4362783;Fruittella Magics Bag 140g;£0.98;£0.70/100g;Sharing Sweets;null;null;null;null;null;null;null;null;
3964214;Fruittella Strawberry Flavour Belts Sour 115g;£1.00;£0.87/100g;Sharing Sweets;null;null;null;null;null;null;null;null;
3964216;Fruittella Cola Lime Flavour Belts Sour 115g;£1.00;£0.87/100g;Sharing Sweets;null;null;null;null;null;null;null;null;
3963734;Fox's Glacier Fruits Bag 200g;£1.39;£0.69/100g;Sharing Sweets;null;null;91.0;70.8;0.1;null;0.0;null;
3963726;Fox's Traditional Butterscotch Bag 175g;£1.39;£0.79/100g;Sharing Sweets;null;null;null;null;null;null;null;null;
3963728;Fox's Traditional Dairy Toffee Bag 175g;£1.39;£0.79/100g;Sharing Sweets;null;null;null;null;null;null;null;null;
3963730;Fox's Traditional Dairy Fudge 175g;£1.39;£0.79/100g;Sharing Sweets;null;null;null;null;null;null;null;null;
4242167;Fabulous Fudge Factory Dairy Free Chocolate Covered Raisins 75g;£1.20;£1.60/100g;Sharing Sweets;null;6.9;61.9;45.5;21.05;11.9;5.65;null;
3832430;Bassett Liquorice Allsorts Bag 190g;£0.89;£0.46/100g;Sharing Sweets;null;5.6;77.8;62.2;4.2;3.5;1.2;0.10;
3957570;MAOAM Pinballs Bag 180g;£0.89;£0.49/100g;Sharing Sweets;null;7;8;4;1;5;1;null;
3988966;MAOAM Stripes Bag 160g;£0.89;£0.55/100g;Sharing Sweets;null;0;7;null;4;null;null;null;
3988968;MAOAM MaoMix Bag 160g;£0.89;£0.55/100g;Sharing Sweets;null;null;null;null;null;null;null;null;
3957454;Vimto Chewy Bon Bons 165g;£1.00;£0.60/100g;Sharing Sweets;null;0.1;88.2;67.7;5.9;2.7;0.1;null;
3231841;Werthers Original Candy Bag 135g;£0.99;£0.73/100g;Sharing Sweets;null;null;null;null;null;null;null;null;
3326313;Werthers Original Sugar Free Bag 80g;£1.39;£1.74/100g;Sharing Sweets;null;null;null;null;null;null;null;null;
3951812;Swizzels Refreshers Squashies 160g;£1.55;£0.96/100g;Sharing Sweets;null;2.7;81.9;79.4;0;null;null;null;
3951814;Swizzels Love Hearts Squashies 160g;£1.55;£0.96/100g;Sharing Sweets;null;3.4;78.8;75.9;0.1;null;null;null;
3951750;Mentos Fruit Bag 175g;£1.00;£0.57/100g;Sharing Sweets;null;null;null;null;null;null;null;null;
3963744;ASDA Chosen by You Classic Favourites Marshmallows Bag 250g;£0.85;£0.34/100g;Sharing Sweets;330;4.0;78.1;62.9;0.2;null;null;null;
3963766;ASDA Chosen by You Classic Favourites Mint Humbugs Bag 250g;£0.85;£0.34/100g;Sharing Sweets;398;0.4;90.4;64.4;3.5;1.8;1.5;0.2;
3963758;ASDA Chosen by You Classic Favourites Toffee Assortment 250g;£0.85;£0.34/100g;Sharing Sweets;456;1.5;76.0;56.8;16.2;8.3;0.1;1.1;
3963762;ASDA Chosen by You Classic Favourites Butter Mintoes Bag 250g;£0.85;£0.34/100g;Sharing Sweets;419;0.1;85.6;56.1;8.3;5.1;0.7;1.0;
3963740;ASDA Chosen by You Gourmet Jelly Beans Pouch 225g;£1.88;£0.83/100g;Sharing Sweets;376;0.2;93.0;76.0;0.3;0.3;0.1;null;
3963752;ASDA Chosen by You Blackcurrant & Liquorice Bag 250g;£0.85;£0.34/100g;Sharing Sweets;391;0.3;91.3;67.1;2.7;1.4;null;0.4;
2508245;ASDA Chosen By You Liquorice Allsorts Bag 250g;£0.85;£0.34/100g;Sharing Sweets;381;2.7;78.2;66.4;5.9;4.5;2.3;0.1;
3963764;ASDA Chosen by You Classic Favourites Mint Assortment Bag 250g;£0.85;£0.34/100g;Sharing Sweets;417;0.5;86.4;60.9;7.6;4.1;0.6;0.7;
3963770;ASDA Chosen by You Fruit Pastilles Bag 250g;£0.85;£0.34/100g;Sharing Sweets;346;4.1;81.1;58.4;0.4;0.2;0.6;0.1;
3775157;ASDA Chosen by You Cheeky Monkeys Bag 85g;£0.40;£0.47/100g;Sharing Sweets;336;5.1;78.1;52.0;0.2;null;0.5;0.1;
3775159;ASDA Chosen by You Freddie Frogs 85g;£0.40;£0.47/100g;Sharing Sweets;335;5.1;78.0;52.1;0.2;null;0.5;0.1;
3963760;ASDA Chosen by You Classic Favourites Chocolate Limes Bag 250g;£1.00;£0.40/100g;Sharing Sweets;405;0.4;92.2;68.6;3.8;2.1;null;null;
3964326;ASDA Chosen by You Classic Favourites Rhubarb & Custard Bag 250g;£0.85;£0.34/100g;Sharing Sweets;384;null;95.9;70.0;null;null;null;null;
3963742;ASDA Chosen by You Sour Gourmet Jelly Beans Pouch 225g;£1.88;£0.83/100g;Sharing Sweets;376;0.2;93.0;76.0;0.3;0.3;0.1;null;
3963774;ASDA Chosen by You Classic Favourites Liquorice Twists Bag 250g;£1.00;£0.40/100g;Sharing Sweets;325;4.0;72.1;44.6;1.7;0.9;2.8;0.2;
4297667;ASDA Marti Mushrooms Bag 250g;£1.00;£0.40/100g;Sharing Sweets;341;3.8;81.1;68.6;0.1;null;null;null;
3829290;ASDA SmartPrice Midget Gems Bag 250g;£0.36;£0.14/100g;Sharing Sweets;null;1.2;82.8;54.9;0.6;0.5;0.7;0.2;
3811033;Rowntrees Fruit Pastilles Sweets;£0.98;£0.46/100g;Multipack Sweets;null;null;null;null;null;null;null;null;
4362779;Fruittella Sweets 5x40g 40g;£1.49;£0.74/100g;Multipack Sweets;null;null;null;null;null;null;null;null;
1509979;Haribo Maoam 22g;£0.30;£0.45/100g;Multipack Sweets;null;null;null;null;null;null;null;null;
3811045;Rowntrees Randoms Sweets 50g;£1.75;£0.87/100g;Multipack Sweets;null;null;null;null;null;null;null;null;
3279847;Fruittella Strawberry Chews 41g;£1.55;£0.75/100g;Multipack Sweets;null;null;null;null;null;null;null;null;
3279845;Fruittella Flavours from Nature Chewy Mix 41g;£1.49;£0.72/100g;Multipack Sweets;null;null;null;null;null;null;null;null;
3279841;Mentos Fruit Chewy 38g;£1.55;£0.81/100g;Multipack Sweets;null;null;null;null;null;null;null;null;
2128046;Swizzels Matlow Love Hearts;£0.68;£0.68/each;Multipack Sweets;null;0.6;87.2;null;0.1;null;null;null;
2463249;Chupa Chups The Best Of... Lollies 120g;£1.50;£1.25/100g;Multipack Sweets;null;null;null;null;null;null;null;null;
2832599;Chupa Chups Melody Pops Lolly 60g;£1.00;£1.67/100g;Multipack Sweets;null;null;null;8;null;null;null;null;
3991321;Chupa Chups Halloween Mini Lollipops 100g;£1.48;£1.48/100g;Multipack Sweets;null;null;null;null;null;null;null;null;
3964296;Polo Fruits Sweets 37g;£1.09;£0.98/100g;Multipack Sweets;386;null;95.5;77.9;0.3;0.2;0.8;0.10;
625206;Maynards Wine Gums 208g;£1.56;£0.75/100g;Multipack Sweets;null;5.7;75.4;57.3;0.2;0.2;0.0;null;
3279859;Kinnerton Character Lolly;£1.00;£0.33/each;Multipack Sweets;null;5.4;61.2;60.1;28.6;17.9;null;0.28;
4359003;Haribo Roulette 175g;£0.89;£0.50/100g;Multipack Sweets;null;null;null;null;null;null;null;null;
4366079;Mentos Chewy Dragees Strawberry Mix;£0.98;£0.51/100g;Multipack Sweets;null;null;null;null;null;null;null;null;
4736456;Mentos Choco & Mint Chewy Caramels Roll Multipack;£0.98;£0.86/100g;Multipack Sweets;null;null;null;null;null;null;null;null;
4367099;Skittles Fruity Sweets;£0.97;£0.53/100g;Multipack Sweets;null;null;null;null;null;null;null;null;
4367101;Starburst Fruit Sweets Bag 45g;£1.88;£1.04/100g;Multipack Sweets;null;null;null;null;null;null;null;null;
2679044;ASDA Build A Burger 80g;£0.40;£0.50/100g;Single Pack Sweets;327;5.4;76.0;53.1;0.2;0.2;null;null;
3951781;ASDA Chosen by You Alphabet Candy Bag 65g;£0.40;£0.61/100g;Single Pack Sweets;384;0.6;95.5;93.1;null;null;null;null;
3775151;ASDA Chosen by You Cola Bottles 80g;£0.40;£0.50/100g;Single Pack Sweets;324;7.4;73.1;47.4;0.2;0.2;null;null;
3951777;ASDA Chosen by You Flying Saucers 5g;£0.40;£2.29/100g;Single Pack Sweets;366;0.1;90.4;51.3;0.3;0.1;0.7;null;
3775167;ASDA Chosen by You Jelly Cherries Bag 75g;£0.40;£0.53/100g;Single Pack Sweets;311;5.2;72.0;51.9;0.2;null;0.4;0.1;
2679034;ASDA Chosen by You Strawberry Jelly Filled Mallows 75g;£0.40;£0.53/100g;Single Pack Sweets;332;3.7;79.0;48.0;null;null;0.4;0.2;
3104846;ASDA Chosen by You Stretchy Sour Strips 70g;£0.40;£0.57/100g;Single Pack Sweets;null;2.2;82.2;61.4;2.4;1.4;0.6;null;
3951783;ASDA Chosen by You White Mice 60g;£0.40;£0.66/100g;Single Pack Sweets;532;3.8;62.7;58.6;29.3;25.6;1.2;null;
489403;ASDA Dairy Fudge 200g;£0.85;£0.42/100g;Single Pack Sweets;425;0.3;81.9;68.9;10.7;5.2;null;0.5;
2279049;ASDA Dolly Mixture Bag 100g;£0.40;£0.40/100g;Single Pack Sweets;null;1.8;88.6;85.9;2.0;0.7;0.5;0.1;
3064468;ASDA Fizzy Cherry Cola Bottles 95g;£0.40;£0.42/100g;Single Pack Sweets;313;5.3;72.6;55.9;0.1;0.1;null;null;
2654580;ASDA Fizzy Cola Wands 70g;£0.40;£0.57/100g;Single Pack Sweets;356;2.0;81.0;53.3;2.6;1.4;0.5;0.1;
3279690;ASDA Fizzy Lemon Cables 70g;£0.40;£0.57/100g;Single Pack Sweets;370;1.0;89.3;71.0;0.9;0.5;0.3;0.1;
2679038;ASDA Fizzy Strawberry Wands 70g;£0.40;£0.57/100g;Single Pack Sweets;356;2.0;81.0;53.3;2.6;1.4;0.5;0.1;
2279039;ASDA Ice cream sundaes 75g;£0.40;£0.53/100g;Single Pack Sweets;344;4.6;81.0;68.4;0.2;null;0.1;null;
490475;ASDA Jelly Babies 250g;£0.85;£0.34/100g;Single Pack Sweets;347;4.7;80.3;67.9;0.8;0.4;null;0.1;
1126417;ASDA Jelly Beans 100g;£0.40;£0.40/100g;Single Pack Sweets;359;null;88.4;60.1;0.5;0.4;0.4;0.1;
2675832;ASDA Kids Mix 95g;£0.40;£0.42/100g;Single Pack Sweets;324;6.4;74.1;44.3;0.2;null;null;null;
4357173;ASDA Luxury Marshmallows 200g;£1.50;£0.75/100g;Single Pack Sweets;343;4.7;79.7;67.7;0.5;0.1;0.5;null;
2675824;ASDA Milk Bottles 95g;£0.40;£0.42/100g;Single Pack Sweets;333;6.3;76.6;52.1;0.2;0.2;null;null;
2279057;ASDA Mini Jelly Babies 100g;£0.40;£0.40/100g;Single Pack Sweets;351;5.3;80.6;66.0;0.8;0.4;null;0.1;
3279612;ASDA Mini Marti Bubblegum 75g;£0.40;£0.53/100g;Single Pack Sweets;341;3.8;81.1;68.6;0.2;0.1;null;null;
3279610;ASDA Mini Martis Raspberry Flavour 75g;£0.40;£0.53/100g;Single Pack Sweets;342;3.9;81.1;68.6;0.2;null;null;null;
4297673;ASDA Multi Belt Sweets 250g;£0.85;£0.34/100g;Single Pack Sweets;356;2.7;80.7;59.7;2.3;1.2;0.6;null;
1509951;ASDA Natural Fruit Teddies 100g;£0.40;£0.40/100g;Single Pack Sweets;353;6.1;80.3;56.8;0.8;0.7;null;0.2;
4357157;ASDA Strawberry Bon Bons 250g;£0.85;£0.34/100g;Single Pack Sweets;404;null;88.4;64.2;5.6;3.9;null;null;
2679040;ASDA Strawberry Cables 70g;£0.40;£0.57/100g;Single Pack Sweets;null;1.1;87.0;67.3;1.1;0.6;0.3;0.1;
2679036;ASDA Strawberry Laces 70g;£0.40;£0.57/100g;Single Pack Sweets;354;4.3;79.8;49.0;1.1;0.6;3.8;null;
2675826;ASDA Super Sour Snakes 95g;£0.40;£0.42/100g;Single Pack Sweets;313;5.3;72.8;53.8;0.1;null;null;null;
3951779;ASDA Teeth & Brushes Bag 60g;£0.40;£0.66/100g;Single Pack Sweets;null;4.5;75.1;59.3;0.2;0.2;0.2;null;
4357155;ASDA Chosen By You Plain and White Chocolate Lollies 28g;£0.50;£1.79/100g;Single Pack Sweets;null;12.9;50.1;48.3;31.6;15.3;2.4;0.3;
3957460;Barratt Black Jack Max Chew Bar 25g;£0.25;£1.00/100g;Single Pack Sweets;null;0.3;88.6;37.6;3.9;2.0;null;null;
2278160;Barratt Dip Dab 23g;£0.35;£1.52/100g;Single Pack Sweets;null;null;95.2;81.4;0.6;0.3;0.5;2.19;
3074839;Barratt Flumps 12g;£0.10;£0.83/100g;Single Pack Sweets;null;4.1;77.1;67.9;null;null;null;0.18;
3932652;Bassett Jelly Babies 21g;£0.25;£1.19/100g;Single Pack Sweets;null;3.5;79.7;75.4;null;null;null;null;
952902;Chewits Strawberry stickpack 30g;£0.35;£1.17/100g;Single Pack Sweets;null;0;88;50;3;2;null;0.2;
3279811;Chewits Xtreme 30g;£0.35;£1.17/100g;Single Pack Sweets;null;0;86;49;3;1.9;null;0.2;
3233299;Chupa Chups Best Of Lolly;£0.20;£0.20/each;Single Pack Sweets;null;null;null;null;null;null;null;null;
2952437;Chupa Chups Melody Pops 15g;£0.35;£2.33/100g;Single Pack Sweets;null;null;null;null;null;null;null;null;
3022966;Chupa Chups Tutti Fruitti Bubble Gum 11g;£0.40;£3.64/100g;Single Pack Sweets;null;null;null;null;null;null;null;null;
4621428;Chupa Chups XXL 29g;£0.38;£1.31/100g;Single Pack Sweets;null;null;null;null;null;null;null;null;
4767700;Fruitella Mini Sticks 5g;£1.00;£0.88/100g;Single Pack Sweets;null;null;null;null;null;null;null;null;
1024503;Fruitella Strawberry Flavoured Chewy Sweets 41g;£0.60;£1.46/100g;Single Pack Sweets;null;null;null;null;null;null;null;null;
2952459;Fruittella Flavours From Nature 40g;£0.36;£0.90/100g;Single Pack Sweets;null;null;null;null;null;null;null;null;
1884392;Gama Rose Turksih Delight;£1.50;£0.50/100g;Single Pack Sweets;null;null;null;null;null;null;null;null;
4730813;Haribo Croco 100g;£0.95;£0.95/100g;Single Pack Sweets;null;null;null;null;null;null;null;null;
3156578;Haribo Halal Happy Cola Bottles 100g;£0.95;£0.95/100g;Single Pack Sweets;null;7.5;null;null;null;null;null;null;
4730811;Haribo Halal Phantasia Fantastik 100g;£0.95;£0.95/100g;Single Pack Sweets;null;null;null;null;null;null;null;null;
3802699;Haribo Happy Cherries Bag 70g;£0.50;£0.71/100g;Single Pack Sweets;null;null;null;null;null;null;null;null;
3802701;Haribo Sour Suckers Bag 70g;£0.50;£0.71/100g;Single Pack Sweets;null;null;null;null;null;null;null;null;
976856;Haribo Starmix;£0.10;£0.10/each;Single Pack Sweets;null;null;null;null;null;null;null;null;
1939458;Haribo Tangfastics;£0.10;£0.10/each;Single Pack Sweets;null;null;null;null;null;null;null;null;
4730818;Haribo Worms 100g;£0.95;£0.95/100g;Single Pack Sweets;null;null;null;null;null;null;null;null;
3964278;Kinnerton Character Surprise Egg;£1.00;£1.00/each;Single Pack Sweets;null;null;null;null;null;null;null;null;
3675784;Lucozade Orange Energy Tablets;£0.96;£0.6/each;Single Pack Sweets;null;null;null;null;null;null;null;null;
3957572;MAOAM Giant Strawberry Stripes;£0.10;£0.10/each;Single Pack Sweets;null;null;null;null;null;null;null;null;
3957574;MAOAM Sour Giant Stripes Cola & Lemon Flavour;£0.10;£0.10/each;Single Pack Sweets;null;null;null;null;null;null;null;null;
3950395;Marvel Ultimate Spider-Man Flashing Candy Lights 10g;£1.00;£10.00/100g;Single Pack Sweets;null;null;null;null;null;null;null;null;
2708717;Maxil Blackcurrant Liquorice 95g;£1.32;£1.39/100g;Single Pack Sweets;368;4.1;85.1;null;1.2;null;null;null;
3826116;Mentos Fruit 5g;£0.75;£2.00/100g;Single Pack Sweets;null;0;92;null;2;null;null;null;
2948357;Tic Tac 100 Fresh Mints;£1.25;£2.60/100g;Mints;null;0.1;97.5;94.5;0.5;0.5;null;0.028;
2948355;Tic Tac 100 Lime & Orange 48g;£1.25;£2.60/100g;Mints;null;0.1;95;91.4;0.4;0.4;null;0.01;
2951157;Tic Tac Cool Cherry 18g;£0.60;£3.33/100g;Mints;null;0.1;94.8;91;0.5;0.5;null;0.01;
2294178;Tic Tac Fresh Mints 18g;£0.60;£3.33/100g;Mints;null;0.1;97.5;94.5;0.5;0.5;null;0.028;
951789;Trebor Extra Strong Mints 46g;£0.60;£1.30/100g;Mints;null;0.3;98.6;null;null;null;null;null;
951791;Trebor Softmints;£0.60;£1.34/100g;Mints;null;null;93.9;null;null;null;null;null;
1778959;Wrigley Extra Sugarfree Mints Peppermint;£0.42;£0.2/each;Mints;null;null;null;null;null;null;null;null;
3214449;Polo Original Mints 34g;£0.60;£1.76/100g;Mints;402;null;98.1;95.6;1.0;1.0;null;0.01;
2357090;Mentos Chewy Mints 38g;£0.47;£1.24/100g;Mints;null;null;null;null;null;null;null;null;
3680068;Mentos Chewy Dragees Mints 175g;£1.00;£0.57/100g;Mints;null;null;null;null;null;null;null;null;
4263726;ASDA Mint Imperials 250g;£0.83;£0.33/100g;Mints;null;0.4;98.0;95.7;0.4;0.3;null;null;
3829284;ASDA SmartPrice Clear Mints 250g;£0.50;£0.20/100g;Mints;null;0.4;96.1;61.9;0.6;0.2;0.5;0.1;
525389;Bassett Mints 200g;£1.40;£0.70/100g;Mints;null;null;null;null;null;null;null;null;
2660071;Bassett Murray Mints 200g;£1.58;£0.79/100g;Mints;null;0.0;78.6;54.6;4.7;2.2;0.0;null;
1933661;Fox's Glacier Mints 200g;£1.29;£0.64/100g;Mints;null;0.0;92.0;72.6;0.1;null;0.0;null;
3279843;Mentos Mints 38g;£1.55;£0.81/100g;Mints;null;null;null;null;null;null;null;null;
3603127;Nestle Polo Original 34g;£1.98;£0.97/100g;Mints;null;null;null;null;null;null;null;null;
951652;Smint Sugarfree Mints 8g;£1.00;£12.50/100g;Mints;null;0;94.4;0;1.1;1.1;1.8;null;
2288661;Tic Tac Fresh Mint 18g;£1.45;£2.01/100g;Mints;null;null;null;null;null;null;null;null;
4449141;Tic Tac Spearmint Twist 72g;£1.45;£2.01/100g;Mints;null;null;null;null;null;null;null;null;
3118090;Trebor Extra Strong Mints 248g;£1.89;£0.76/100g;Mints;null;0.3;98.6;94.8;null;0.0;null;null;
154611;Trebor Softmints 269g;£1.89;£0.70/100g;Mints;null;null;93.9;72.7;null;null;0.0;null;
2801612;Wrigley Extra Ice Sugar Free Mints Spearmint;£1.05;£1.05/each;Mints;null;null;null;null;null;null;null;null;
4366081;Mentos Chewy Dragees Spearmint;£0.98;£0.51/100g;Mints;null;null;null;null;null;null;null;null;
2800145;Ice Mints Ice Mints;£1.05;£1.05/each;Mints;null;null;null;null;null;null;null;0;
4357675;Tic Tac Apple Flavoured Drops 18g;£0.60;£3.33/100g;Mints;null;0.1;95.7;93.3;0.7;0.7;null;0.01;
4737946;Ujjoes Mint Balls 120g;£3.00;£2.50/100g;Mints;null;null;null;null;null;null;null;null;
4737948;Ujjoes Mint Balls 800g;£9.00;£1.12/100g;Mints;null;null;null;null;null;null;null;null;
4375961;Uncle Joes Mint Balls 98g;£1.28;£1.31/100g;Mints;null;null;97;73.2;0.5;0.3;null;null;
3538140;Wrigley Extra Ice White Sugarfree Gum;£2.00;£0.40/each;Chewing Gum;null;null;null;null;null;null;null;null;
4280530;Wrigley Extra Ice Peppermint Sugarfree Gum with Microgranules 46 Pieces;£1.99;£1.99/each;Chewing Gum;null;null;null;null;null;null;null;null;
3547362;Wrigley Extra Extra Ice Peppermint Sugarfree Gum with Microgranules;£0.49;£0.4/each;Chewing Gum;null;null;null;null;null;null;null;null;
3547364;Wrigley Extra Ice White Sugarfree Gum with Microgranules;£0.49;£0.4/each;Chewing Gum;null;0;62.3;0;0;0;null;0.05;
3547366;Wrigley Extra Ice Peppermint Sugarfree Gum with Microgranules;£2.00;£0.40/each;Chewing Gum;null;null;null;null;null;null;null;null;
4605780;Wrigley Extra White Bubblemint 15g;£2.29;£3.05/100g;Chewing Gum;null;null;null;null;null;null;null;null;
4280524;Wrigley White Bubblemint with Microcrystals;£0.49;£0.49/each;Chewing Gum;null;null;null;null;null;null;null;null;
1908624;Wrigley Extra Peppermint Sugarfree Gum 42g;£1.00;£2.38/100g;Chewing Gum;null;null;null;null;null;null;null;null;
1316078;Wrigley Extra Peppermint Gum;£0.98;£0.3/each;Chewing Gum;null;null;null;null;null;null;null;null;
4419451;Wrigley Extra Peppermint Sugarfree Gum;£1.99;£1.99/each;Chewing Gum;null;null;null;null;null;null;null;null;
953999;Wrigley Extra Peppermint Sugarfree Gum;£0.42;£0.4/each;Chewing Gum;null;null;null;null;null;null;null;null;
1908626;Wrigley Extra Spearmint Sugarfree Gum 42g;£1.00;£2.38/100g;Chewing Gum;null;null;null;null;null;null;null;null;
1372830;Wrigley's Extra Handypack Spearmint 35g;£0.98;£2.80/100g;Chewing Gum;null;null;null;null;null;null;null;null;
4419453;Wrigley Wrigley's Extra Spearmint Sugarfree Gum;£1.99;£1.99/each;Chewing Gum;null;null;null;null;null;null;null;null;
954055;Wrigley Extra Spearmint Sugarfree Gum;£0.42;£0.4/each;Chewing Gum;null;null;null;null;null;null;null;null;
1369604;Wrigley's Extra - cool breeze handy pack;£0.98;£0.3/each;Chewing Gum;null;null;null;null;null;null;null;null;
954037;Wrigley Extra Cool Breeze Sugarfree Gum;£0.42;£0.4/each;Chewing Gum;null;null;null;null;null;null;null;null;
4605776;Wrigley Extra Ice Citrus Flavour 10 Pieces 15g;£0.49;£3.27/100g;Chewing Gum;null;null;null;null;null;null;null;null;
2021493;Wrigleys Orbit Peppermint Gum;£0.60;£0.4/each;Chewing Gum;null;0;60;0;0;null;0;null;
2029183;Wrigleys Orbit Complete Peppermint Whitening Sugarfree Gum 27g;£1.85;£2.28/100g;Chewing Gum;null;null;null;null;null;null;null;null;
3022966;Chupa Chups Tutti Fruitti Bubble Gum 11g;£0.40;£3.64/100g;Chewing Gum;null;null;null;null;null;null;null;null;
4280526;Airwaves Menthol & Eucalyptus 46 Pellets;£1.99;£1.99/each;Chewing Gum;null;null;null;null;null;null;null;null;
3609278;Mentos 3 Fruity Fresh 7 Chewing Gums Sugarfree Strawberry-Apple-Raspberry 5g;£0.59;£3.58/100g;Chewing Gum;null;null;null;null;null;null;null;null;
3373551;Trebor Extra Strong Peppermint Gum 56g;£1.22;£2.18/100g;Chewing Gum;null;0.4;67.4;0.0;0.1;null;0.0;0.0;
2148111;Trident Soft Gum Sugarfree Tropical Twist;£1.38;£0.46/each;Chewing Gum;null;0.5;57;0;3.1;2.6;null;0.03;
2615308;Trident Splash Chewing Gum Sugarfree Peppermint;£1.38;£0.46/each;Chewing Gum;null;1.5;67;0;0.2;0.1;null;0.03;
2615310;Trident Splash Chewing Gum Sugarfree Spearmint;£1.38;£0.46/each;Chewing Gum;null;1.6;67.2;0;0.2;0;0.0;0.00;
3593761;Wrigley Airwaves Cherry Menthol Flavour Sugarfree Gum;£1.89;£0.37/each;Chewing Gum;null;null;null;null;null;null;null;null;
3642196;Wrigley Airwaves Cherry Menthol Flavour Sugarfree Gum;£0.42;£0.4/each;Chewing Gum;null;null;null;null;null;null;null;null;
610453;Wrigley Airwaves Menthol & Eucalyptus Sugarfree Gum 14g;£1.89;£2.70/100g;Chewing Gum;null;0;59.9;0;0;0;null;0;
953857;Wrigley Airwaves Menthol & Eucalyptus Sugarfree Gum;£0.42;£0.4/each;Chewing Gum;null;null;null;null;null;null;null;null;
1930220;Wrigley Airwaves blackmint sugar free gum - 10 pellets;£0.42;£0.4/each;Chewing Gum;null;null;null;null;null;null;null;null;
1908634;Wrigley Menthol & Eucalyptus Airwaves 42g;£1.00;£2.38/100g;Chewing Gum;null;null;null;null;null;null;null;null;
4280536;Wrigley Watermelon Sugarfree Chewing Gum;£0.69;£0.69/each;Chewing Gum;null;null;null;null;null;null;null;null;
4772287;Wrigley's Pulse Sugarfree Chewing Gum 17g;£0.59;£3.47/100g;Chewing Gum;null;null;null;null;null;null;null;null;
2279035;Wrigleys Airwaves Black Mint Sugarfree Gum 14g;£1.89;£2.70/100g;Chewing Gum;null;null;null;null;null;null;null;null;
4942508;Cadbury Twirl Large Easter Egg 282g;£5.00;£1.77/100g;3 for Ten Pounds Large Eggs;null;7.6;56.5;56.0;30.5;18.5;0.7;0.23;
4951031;Cadbury Heroes Large Easter Egg 274g;£5.00;£1.82/100g;3 for Ten Pounds Large Eggs;null;7.6;56.5;56.0;30.5;18.5;0.7;0.23;
4942049;Malteasers Teasers Large Egg 283g;£5.00;£1.77/100g;3 for Ten Pounds Large Eggs;null;7.0;59.2;58.7;28.9;17.3;null;0.26;
4942053;Galaxy Minstrels Large Egg 304g;£5.00;£1.64/100g;3 for Ten Pounds Large Eggs;null;7.0;59.2;58.7;28.9;17.3;null;0.26;
4569901;Cadbury Marvellous Creations Large Easter Egg 291g;£5.00;£1.72/100g;3 for Ten Pounds Large Eggs;null;7.6;56.5;56.0;30.5;18.5;0.7;0.23;
4954988;Munchies Insider Chocolate Easter Egg 252g;£5.00;£1.98/100g;3 for Ten Pounds Large Eggs;485;5.4;64.5;56.3;22.4;12.7;1.5;0.30;
3511797;Quality Street Large Milk Chocolate Easter Egg 277g;£5.00;£1.81/100g;3 for Ten Pounds Large Eggs;467;3.3;68.1;57.5;19.6;11.1;1.4;0.23;
4156730;Rowntree Randoms Large Easter Egg 250g;£5.00;£2.00/100g;3 for Ten Pounds Large Eggs;326;4.9;75.7;59.1;0.3;0.3;0.6;0.10;
4942051;Celebrations Large Egg 268g;£5.00;£1.87/100g;3 for Ten Pounds Large Eggs;null;7.0;59.2;58.7;28.9;17.3;null;0.26;
4942047;Mars & Friends Large Egg 327g;£5.00;£1.53/100g;3 for Ten Pounds Large Eggs;null;7.0;59.2;58.7;28.9;17.3;null;0.26;
4949420;Thorntons Moments Classics Milk Chocolate Egg 200g;£5.00;£2.50/100g;3 for Ten Pounds Large Eggs;null;null;null;null;null;null;null;null;
4949418;Thorntons Milk Chocolate Classics Easter Egg 220g;£5.00;£2.27/100g;3 for Ten Pounds Large Eggs;null;null;null;null;null;null;null;null;
4949422;Thorntons Special Toffee Milk Chocolate Egg 235g;£5.00;£2.13/100g;3 for Ten Pounds Large Eggs;null;null;null;null;null;null;null;null;
3802217;Kit Kat White Chocolate Easter Barn 160g;£5.00;£3.12/100g;3 for Ten Pounds Large Eggs;null;null;null;null;null;null;null;null;
4942161;Smarties Chocolate Hen House 5g;£5.00;£2.99/100g;3 for Ten Pounds Large Eggs;null;5.0;61.8;61.1;29.2;18.4;1.2;0.23;
3802227;Kit Kat Chunky Easter Egg & Mug 196g;£5.00;£2.55/100g;3 for Ten Pounds Large Eggs;512;5.5;64.4;53.6;25.2;14.3;1.9;0.19;
4555248;Toffee Crisp Easter Egg & Mug 188g;£5.00;£2.66/100g;3 for Ten Pounds Large Eggs;516;3.6;63.1;48.2;27.3;17.3;1.4;0.33;
4942169;Yorkie Easter Egg & Mug 192g;£5.00;£2.60/100g;3 for Ten Pounds Large Eggs;540;5.8;59.8;58.7;30.5;17.3;1.7;0.20;
4156732;After Eight Waves Insider Easter Egg 234g;£5.00;£2.14/100g;3 for Ten Pounds Large Eggs;473;3.3;61.0;57.0;23.0;14.0;4.5;0.03;
4944484;Candy Crush Easter Egg & Mug 82g;£5.00;£6.10/100g;3 for Ten Pounds Large Eggs;null;6.7;62.4;57.8;28.8;17.1;null;0.7;
4944480;One Direction Easter Egg & Mug 82g;£5.00;£6.10/100g;3 for Ten Pounds Large Eggs;null;6.7;62.4;57.8;28.8;17.1;null;0.7;
4944521;One Direction Easter Egg & Toy 55g;£5.00;£9.09/100g;3 for Ten Pounds Large Eggs;null;6.6;60.5;33.7;29.6;17.7;null;0.1;
4944475;Marvel Easter Egg & Mug 82g;£5.00;£6.10/100g;3 for Ten Pounds Large Eggs;null;6.7;62.4;57.8;28.8;17.1;null;0.7;
4944515;Spiderman Easter Egg & Toy 55g;£5.00;£9.09/100g;3 for Ten Pounds Large Eggs;null;6.6;60.5;33.7;29.6;17.7;null;0.1;
4944512;Disney Transformers Easter Egg & Toy 55g;£5.00;£9.09/100g;3 for Ten Pounds Large Eggs;null;6.6;60.5;33.7;29.6;17.7;null;0.1;
4944471;Disney Minnie Mouse Teen Easter Egg & Mug 82g;£5.00;£6.10/100g;3 for Ten Pounds Large Eggs;null;6.7;62.4;57.8;28.8;17.1;null;0.7;
2820095;Hot Wheels Easter Egg and Two Toy Cars 75g;£5.00;£6.67/100g;3 for Ten Pounds Large Eggs;null;5.4;59.1;49.2;36.0;22.3;3.0;0.1;
4950992;Family Guy Easter Egg & Mug 75g;£5.00;£6.67/100g;3 for Ten Pounds Large Eggs;null;5.4;51.9;49.2;36.0;22.3;3.0;0.1;
4944526;Disney Disney Princess Easter Egg & Toy 55g;£5.00;£9.09/100g;3 for Ten Pounds Large Eggs;null;6.6;60.5;33.7;29.6;17.7;null;0.1;
4158277;Hello Kitty Chocolate and Mug 92g;£5.00;£5.43/100g;3 for Ten Pounds Large Eggs;525;5.4;60.6;59.7;28.6;17.1;null;0.28;
4944477;Adventure Time Easter Egg & Mug 82g;£5.00;£6.10/100g;3 for Ten Pounds Large Eggs;null;6.7;62.4;57.8;28.8;17.1;null;0.7;
4942518;Cadbury Dairy Milk with Oreo Large Easter Egg 278g;£2.00;£0.71/100g;3 for Ten Pounds Large Eggs;null;7.6;56.5;56;30.5;18.5;0.7;0.23;
4942504;Cadbury Roses Large Easter Egg 271g;£2.00;£0.73/100g;3 for Ten Pounds Large Eggs;null;7.6;56.5;56.0;30.5;18.5;0.7;0.23;
4942506;Cadbury Wispa Large Easter Egg 275g;£2.00;£0.72/100g;3 for Ten Pounds Large Eggs;null;7.6;56.5;56.0;30.5;18.5;0.7;0.23;
5020632;Dr Who Dalek Easter Egg & Chocolate Bar 187g;£5.00;£2.67/100g;3 for Ten Pounds Large Eggs;null;5.4;60.6;59.7;28.6;17.1;null;0.28;
4942055;Galaxy Easter Indulgence Egg 348g;£6.00;£1.72/100g;3 for Ten Pounds Large Eggs;null;7.0;59.2;58.7;28.9;17.3;null;0.26;
3801780;Lindt Lindor Milk Chocolate Egg with Lindor Filled Eggs 322g;£10.00;£3.11/100g;Giant & Premium Eggs;null;7.5;56;51;null;18;null;0.23;
4158034;Lindt Lindor Milk Chocolate Egg with Truffle 285g;£9.00;£3.16/100g;Giant & Premium Eggs;null;7.5;56;51;31;18;null;0.23;
3801786;Lindt Milk Chocolate Egg with Gold Bunny 260g;£10.00;£3.85/100g;Giant & Premium Eggs;null;7.2;55;55;null;20;null;0.2;
3801784;Lindt Lindor Milk Chocolate Egg with Mini Eggs 215g;£7.00;£3.26/100g;Giant & Premium Eggs;null;6.5;56;41;32;19;null;105;
4942081;Lindt Lindor Strawberries & Cream Egg 285g;£9.00;£3.16/100g;Giant & Premium Eggs;null;4.7;57;55;35;22;null;0.25;
4942067;Lindt Lindor Milk Chocolate Egg with Truffles 285g;£9.00;£3.16/100g;Giant & Premium Eggs;null;7.5;56;51;31;18;null;0.23;
4942063;Lindt Excellence 70% Dark Egg and Mini Eggs 220g;£10.00;£4.55/100g;Giant & Premium Eggs;null;9.5;32;27;40;24;null;0.02;
4951011;Lir Marvellous White Chocolate Egg & Chocolates 362g;£10.00;£2.76/100g;Giant & Premium Eggs;null;5.8;52.5;46.4;31.7;19.5;1.6;0.1;
4944795;ASDA Extra Special Luxury Artisan Egg 245g;£6.00;£2.45/100g;Giant & Premium Eggs;null;5.4;61.0;48.0;29.0;18.0;2.1;0.1;
4988579;ASDA Extra Special Luxury Lustre Egg 245g;£6.00;£2.45/100g;Giant & Premium Eggs;null;5.8;62.0;51.0;26.0;16.0;3.6;0.1;
4944793;ASDA Extra Special Fruit & Nut Easter Egg 245g;£6.00;£2.45/100g;Giant & Premium Eggs;null;8.8;42;36;34;20;8.6;0.10;
5011319;ASDA Extra Special Hot Cross Egg Tower 450g;£10.00;£2.22/100g;Giant & Premium Eggs;547;7.1;52;51;34;21;2.4;0.25;
4944769;Guylian Luxury Milk Chocolate Egg and Sea Shells 245g;£6.00;£2.45/100g;Giant & Premium Eggs;null;null;null;null;null;null;null;null;
4555194;Lily O'Briens Egg with Honeycomb Crispy Hearts 370g;£10.00;£2.70/100g;Giant & Premium Eggs;null;null;null;null;null;null;null;null;
4942025;Lily O'Briens Egg with Sticky Toffee Chocolates 355g;£12.00;£3.38/100g;Giant & Premium Eggs;null;null;null;null;null;null;null;null;
4949440;Thorntons Premium Collection Milk Chocolate Egg with Special Chocolates 292g;£8.00;£2.74/100g;Giant & Premium Eggs;null;null;null;null;null;null;null;null;
4942197;Dairy Box Dairy Box Premium Easter Egg & Chocolates 380g;£8.00;£2.11/100g;Giant & Premium Eggs;538;5.1;61.9;61.0;29.5;17.2;1.4;0.18;
4555280;Green & Blacks Organic Milk Large Egg 365g;£8.00;£2.19/100g;Giant & Premium Eggs;null;8.8;50.5;47.5;34.5;20.5;2.7;0.25;
4555278;Green & Black's Organic Dark Collection Large Egg 365g;£8.00;£2.19/100g;Giant & Premium Eggs;null;6.1;51.5;46.5;29.5;17.5;7.0;0.10;
5011323;ASDA Extra Special Luxury Milk Chocolate Egg 100g;£2.00;£2.00/100g;Giant & Premium Eggs;null;7.1;52.0;51.0;34.0;21.0;2.5;0.2;
5011325;ASDA Extra Special Luxury Dark Chocolate Egg 100g;£2.00;£2.00/100g;Giant & Premium Eggs;null;3.8;53;51;33;20;5.9;0.01;
4951003;Baileys Egg and Irish Creme Truffles 360g;£10.00;£2.78/100g;Giant & Premium Eggs;null;6.9;50.8;49.7;36.8;1.2;1.9;null;
4942193;After Eight Dark Chocolate Easter Egg and After Eights 500g;£8.00;£1.60/100g;Giant & Premium Eggs;547;5.5;51.8;46.7;33.8;19.0;7.1;0.08;
4942195;Black Magic Dark Chocolate Easter Egg and Chocolates 374g;£8.00;£2.14/100g;Giant & Premium Eggs;547;5.5;51.8;46.7;33.8;19.0;7.1;0.08;
4942017;Elizabeth Shaw Large Whisky Egg 240g;£8.00;£3.33/100g;Giant & Premium Eggs;null;null;null;null;null;null;null;null;
4942015;Elizabeth Shaw Large Mint Crisp Egg 325g;£8.00;£2.46/100g;Giant & Premium Eggs;null;null;null;null;null;null;null;null;
4942013;Elizabeth Shaw Large Zesty Egg 325g;£8.00;£2.46/100g;Giant & Premium Eggs;null;null;null;null;null;null;null;null;
4942187;Nestle Caramel Collection Giant Easter Egg 5g;£5.00;£1.40/100g;Giant & Premium Eggs;538;5.1;61.9;61.0;29.5;17.2;1.4;0.18;
4942189;Yorkie Collection Giant Easter Egg 336g;£5.00;£1.49/100g;Giant & Premium Eggs;538;5.1;61.9;61.0;29.5;17.2;1.4;0.18;
4942496;Cadbury Creme Egg Giant Easter Egg 497g;£8.00;£1.61/100g;Giant & Premium Eggs;null;7.6;56.5;56;30.5;18.5;0.7;0.23;
4942498;Cadbury Dairy Milk Giant Easter Egg 515g;£8.00;£1.55/100g;Giant & Premium Eggs;null;7.6;56.5;56;30.5;18.5;0.7;0.23;
5025382;Cadbury Dairy Milk Gift Boxed Easter Egg 331g;£6.00;£1.81/100g;Giant & Premium Eggs;null;7.6;56.5;56.0;30.5;18.5;0.7;0.23;
4942183;Aero Collection Giant Easter Egg 320g;£5.00;£1.56/100g;Giant & Premium Eggs;538;5.1;61.9;61.0;29.5;17.2;1.4;0.18;
4942057;Malteaser Egg with 4 MaltEaster Bunnies 294g;£6.00;£2.04/100g;Giant & Premium Eggs;null;7.0;59.2;58.7;28.9;17.3;null;0.26;
4942059;M & M's Peanut Luxury Egg 358g;£6.00;£1.68/100g;Giant & Premium Eggs;null;7.0;59.2;58.7;28.9;17.3;null;0.26;
4942061;Galaxy Ripple Luxury Egg 321g;£6.00;£1.87/100g;Giant & Premium Eggs;null;7.0;59.2;58.7;28.9;17.3;null;0.26;
4942500;Cadbury Dairy Milk Caramel Gift Boxed Easter Egg 331g;£6.00;£1.81/100g;Giant & Premium Eggs;null;7.6;56.5;56.0;30.5;18.5;0.7;0.23;
4942502;Cadbury Mini Eggs Gift Boxed Easter Eggs 286g;£6.00;£2.10/100g;Giant & Premium Eggs;null;7.6;56.5;56.0;30.5;18.5;0.7;0.23;
4942191;Crunch Giant Chocolate Easter Egg 297g;£5.00;£1.68/100g;Giant & Premium Eggs;538;5.1;61.9;61.0;29.5;17.2;1.4;0.18;
4951007;Guinness Luxury Dark Chocolate Easter Egg 360g;£10.00;£2.78/100g;Giant & Premium Eggs;null;8.3;42.3;36.4;38.9;1.2;7.8;null;
4950365;Heidi Cranberry & Hazelnut Egg 130g;£4.50;£3.46/100g;Giant & Premium Eggs;null;null;null;null;null;null;null;null;
4950367;Heidi Pistachio & Almonds Egg 130g;£4.50;£3.46/100g;Giant & Premium Eggs;null;null;null;null;null;null;null;null;
3801788;Lindt Gold Bunny 125g;£6.00;£4.80/100g;Giant & Premium Eggs;null;7.4;51;51;null;22;null;0.2;
5025386;Lindt Gold Bunny Milk Chocolate 500g;£18.00;£3.60/100g;Giant & Premium Eggs;null;null;null;null;null;null;null;null;
3511530;Cadbury Creme Egg Medium Easter Egg 178g;£1.00;£0.56/100g;Medium Eggs;null;7.6;56.5;56.0;30.5;18.5;0.7;0.23;
4942510;Cadbury Mini Eggs Medium Easter Egg 136g;£1.00;£0.73/100g;Medium Eggs;null;7.6;56.5;56;30.5;18.5;0.7;0.23;
3511534;Cadbury Dairy Milk Caramel Medium Easter Egg 178g;£1.00;£0.56/100g;Medium Eggs;null;7.6;56.5;56.0;30.5;18.5;0.7;0.23;
4942145;Kit Kat Chunky Medium Chocolate Easter Egg 148g;£1.00;£0.67/100g;Medium Eggs;531;5.3;62.3;61.1;28.6;16.8;1.7;0.15;
4593658;Cadbury Oreo Medium Easter Egg 141g;£1.00;£0.70/100g;Medium Eggs;null;7.6;56.5;56.0;30.5;18.5;0.7;0.23;
4942043;Malteasers Medium Egg 127g;£1.00;£0.78/100g;Medium Eggs;null;8.1;61.7;51.9;24.8;15.2;null;0.41;
3511532;Cadbury Dairy Milk Buttons Medium Easter Egg 162g;£1.00;£0.61/100g;Medium Eggs;null;7.6;56.5;56.0;30.5;18.5;0.7;0.23;
4942163;Crunch Chocolate Inclusion Easter Egg 162g;£2.00;£1.23/100g;Medium Eggs;539;5.2;61.1;56.2;30.0;17.1;1.5;0.23;
4942165;Matchmakers Mint Chocolate Inclusion Easter Egg 162g;£2.00;£1.23/100g;Medium Eggs;537;4.7;62.6;61.6;29.3;16.7;1.3;0.18;
4555240;Rolo Medium Chocolate Easter Egg 131g;£1.00;£0.76/100g;Medium Eggs;519;5.1;63.7;60.7;26.7;15.6;1.6;0.18;
4555242;Smarties Medium Chocolate Easter Egg 122g;£1.00;£0.82/100g;Medium Eggs;522;5.3;63.5;61.6;27.0;15.8;1.6;0.15;
4942045;M & M's Peanut Medium Egg 135g;£1.00;£0.74/100g;Medium Eggs;null;9.7;58.8;53.3;25.6;10.4;null;0.09;
4942041;Mars Medium Egg 141g;£1.00;£0.70/100g;Medium Eggs;null;7.0;59.2;58.7;28.9;17.3;null;0.26;
4942167;Matchmakers Zingy Orange Chocolate Inclusion Easter Egg 162g;£2.00;£1.23/100g;Medium Eggs;534;4.6;62.1;61.1;29.2;16.6;1.6;0.18;
4950299;ASDA Chosen By You Free From Easter Egg with Choc Buttons 115g;£3.00;£2.61/100g;Medium Eggs;562;2.5;58.0;42.0;35.0;22.0;2.3;0.1;
4950301;ASDA Chosen By You Free From Easter Egg with Choc Orange Discs 200g;£3.00;£1.50/100g;Medium Eggs;563;2.5;58.0;42.0;35.0;21.0;2.9;0.01;
4953319;Disney Junior Mealtime Easter Set 45g;£3.98;£8.84/100g;Medium Eggs;null;null;null;null;null;null;null;null;
4944504;Jake and the Neverland Pirates Breakfast Set 45g;£3.98;£8.84/100g;Medium Eggs;null;5.1;59.5;53.2;32.2;19.9;null;0.1;
3801534;Kinder Surprise Easter Egg 100g;£5.00;£5.00/100g;Medium Eggs;null;null;null;null;null;null;null;null;
4944501;Mickey Mouse Easter Breakfast Set 45g;£3.98;£8.84/100g;Medium Eggs;null;5.1;59.5;53.2;32.2;19.9;null;0.1;
4944507;Minnie Mouse Easter Breakfast Set 45g;£2.98;£6.62/100g;Medium Eggs;null;5.1;59.5;53.2;32.2;19.9;null;0.1;
4558401;Peppa Pig Mealtime Easter Set 45g;£3.98;£8.84/100g;Medium Eggs;null;null;null;null;null;null;null;null;
4953335;Simpsons Chocolate Bar and Egg 92g;£5.00;£5.43/100g;Medium Eggs;525;5.4;60.6;59.7;28.6;17.1;null;0.28;
4558405;Thomas The Tank Mealtime Easter Set 45g;£3.98;£8.84/100g;Medium Eggs;null;null;null;null;null;null;null;null;
4949404;Thorntons Cupcake Crazy Milk Chocolate Egg 149g;£3.00;£2.01/100g;Medium Eggs;null;null;null;null;null;null;null;null;
4151973;Thorntons Footy Fan Milk Chocolate Egg 150g;£3.00;£2.00/100g;Medium Eggs;null;null;null;null;null;null;null;null;
4949400;Thorntons Harry Hopalot White Chocolate Egg 151g;£3.00;£1.99/100g;Medium Eggs;null;null;null;null;null;null;null;null;
4949402;Thorntons Miss Flutterby Milk Chocolate Egg 149g;£3.00;£2.01/100g;Medium Eggs;null;null;null;null;null;null;null;null;
4949414;Thorntons Shoe Goddess Milk Chocolate Egg 144g;£3.00;£2.08/100g;Medium Eggs;null;null;null;null;null;null;null;null;
5011323;ASDA Extra Special Luxury Milk Chocolate Egg 100g;£2.00;£2.00/100g;Medium Eggs;null;7.1;52.0;51.0;34.0;21.0;2.5;0.2;
5011325;ASDA Extra Special Luxury Dark Chocolate Egg 100g;£2.00;£2.00/100g;Medium Eggs;null;3.8;53;51;33;20;5.9;0.01;
4950365;Heidi Cranberry & Hazelnut Egg 130g;£4.50;£3.46/100g;Medium Eggs;null;null;null;null;null;null;null;null;
4950367;Heidi Pistachio & Almonds Egg 130g;£4.50;£3.46/100g;Medium Eggs;null;null;null;null;null;null;null;null;
4942490;Cadbury Creme Egg 5 Pack 197g;£1.88;£0.95/100g;Treats & Egg Hunt;null;3.2;73;66.5;15;9.3;0.4;0.15;
4942492;Cadbury Mini Eggs Chocolate Bag 90g;£0.98;£1.09/100g;Treats & Egg Hunt;null;4.6;69.5;68.5;21.5;13;1.3;0.20;
4163076;Cadbury Egg 'n' Spoon Double Chocolate 4 Eggs 136g;£1.98;£1.46/100g;Treats & Egg Hunt;null;4.9;52.5;52;37.5;18;1.5;0.18;
5025380;Cadbury Easter Egg Trail Pack 229g;£2.98;£1.30/100g;Treats & Egg Hunt;null;7.6;56.5;56.0;30.5;18.5;0.7;0.23;
3803895;Galaxy Bubbles Milk Chocolate Eggs 28g;£0.65;£2.32/100g;Treats & Egg Hunt;null;6.5;54.7;54.1;34.1;20.4;1.5;null;
5025378;Cadbury Creme Egg 12 Pack 475g;£3.98;£0.83/100g;Treats & Egg Hunt;null;3.2;73;66.5;15;9.3;0.4;0.15;
4159941;Malteaster Mini Bunnies 58g 58g;£0.98;£1.69/100g;Treats & Egg Hunt;null;7.0;58.0;54.8;30.4;17.5;null;0.33;
4555260;Cadbury Creme Egg Minis 89g;£0.98;£1.10/100g;Treats & Egg Hunt;null;4.2;67.0;67.0;16.5;10.0;0.4;0.13;
4163078;Cadbury Egg 'n Spoon Vanilla 4 Eggs 136g;£1.98;£1.46/100g;Treats & Egg Hunt;null;7.4;51;50.5;37;18.5;0.4;0.25;
2122302;Lindt Lindor Filled Egg 28g;£0.65;£2.32/100g;Treats & Egg Hunt;null;null;null;null;null;null;null;null;
5025384;Lindt Lindor Mini Eggs 100g;£1.98;£1.98/100g;Treats & Egg Hunt;null;5.4;45;45;45;34;null;0.13;
3102584;Galaxy Chocolate Caramel Filled Egg 38g;£0.65;£1.71/100g;Treats & Egg Hunt;null;5.5;58.8;52.5;25.3;14.8;1.3;null;
5025376;Galaxy Caramel Mini Eggs 96g;£0.98;£1.02/100g;Treats & Egg Hunt;null;5.2;59.9;53.9;25.1;14.7;null;0.39;
2527652;Cadbury Single Creme Egg 40g;£0.65;£1.62/100g;Treats & Egg Hunt;null;3.2;73;66.5;15;9.3;0.4;0.15;
4942488;Cadbury Mini Eggs Carton 41g;£0.65;£1.59/100g;Treats & Egg Hunt;null;4.6;69.5;68.5;21.5;13;1.3;0.20;
4951029;Cadbury Mini Eggs Gift Egg 231g;£3.98;£1.72/100g;Treats & Egg Hunt;null;4.6;69.5;68.5;21.5;13.0;1.3;0.20;
4953341;ASDA Egg Hunt Pack 492g;£4.98;£1.01/100g;Treats & Egg Hunt;525;5.6;64.0;58.0;27.0;16.2;1.8;0.4;
4595161;Thorntons White Chocolate Harry Hopalot 250g;£3.98;£1.59/100g;Treats & Egg Hunt;null;null;null;null;null;null;null;null;
4942031;Ferrero Bunny 60g;£1.48;£2.47/100g;Treats & Egg Hunt;null;7.3;40.8;40.7;46.7;22.6;3.9;null;
3511480;Lindt Gold Bunny 10g;£0.48;£4.80/100g;Treats & Egg Hunt;null;null;null;null;null;null;null;null;
2411220;Lindt Gold Bunny Milk Chocolate 50g;£1.48;£2.96/100g;Treats & Egg Hunt;null;7.2;55;55;33;20;null;0.20;
2815429;Lindt Gold Bunny Milk Chocolate 100g;£2.48;£2.48/100g;Treats & Egg Hunt;null;null;null;null;null;null;null;null;
4942073;Lindt Gold Bunny & Carrots 140g;£5.98;£4.27/100g;Treats & Egg Hunt;null;7.2;55;55;null;20;null;0.2;
3801770;Lindt Gold Bunny 100g;£3.98;£3.98/100g;Treats & Egg Hunt;null;7.4;51;51;null;22;null;0.2;
4156728;Milkybar White Chocolate Cow 70g;£0.98;£1.40/100g;Treats & Egg Hunt;543;7.5;57.1;56.8;31.6;19.1;0.0;0.41;
4557329;Kinder Surprise Bunny 75g;£2.48;£3.31/100g;Treats & Egg Hunt;null;null;null;null;null;null;null;null;
4942141;Smarties Mini Little Choc Chick 21g;£0.65;£3.10/100g;Treats & Egg Hunt;525;5.0;62.6;61.5;28.1;17.5;1.2;0.22;
4942071;Lindt Bunny Paw Finest Milk Chocolate 20g;£0.65;£3.25/100g;Treats & Egg Hunt;null;null;null;null;null;null;null;null;
4949298;Lindt Gold Bunny White Chocolate 10g;£2.48;£4.96/100g;Treats & Egg Hunt;null;null;null;null;null;null;null;null;
4942075;Lindt Milk Chocolate Chicks 50g;£2.48;£4.96/100g;Treats & Egg Hunt;null;null;null;null;null;null;null;null;
4942069;Lindt Gold Bunny Hutch 130g;£4.00;£3.08/100g;Treats & Egg Hunt;null;null;null;null;null;null;null;null;
3563787;Kinder Mini Eggs Bag 85g;£0.98;£1.15/100g;Treats & Egg Hunt;null;null;null;null;null;null;null;null;
4942027;Kinder Bunnies 3 Pack 45g;£0.98;£2.18/100g;Treats & Egg Hunt;null;null;null;null;null;null;null;null;
4555796;Kinder Chocolate Multipack 150g;£0.98;£0.65/100g;Treats & Egg Hunt;null;null;null;null;null;null;null;null;
3120101;Milkybar Chocolate Easter Egg 65g;£0.90;£1.38/100g;Treats & Egg Hunt;546;7.5;57.7;57.3;31.6;18.8;null;0.40;
3802215;Milkybar White Chocolate Mini Eggs Bag 100g;£0.98;£0.98/100g;Treats & Egg Hunt;null;null;null;null;null;null;null;null;
4942037;Malteaster Gifting Pack 139g;£2.98;£2.14/100g;Treats & Egg Hunt;null;7.0;57.6;53.0;30.9;17.5;null;0.36;
3803863;Maltesers Milk Chocolate Bunny 29g;£0.65;£2.24/100g;Treats & Egg Hunt;null;7.0;57.6;53.0;30.9;17.5;null;0.36;
3802213;Smarties Milk Chocolate Mini Eggs Bag 100g;£0.98;£0.98/100g;Treats & Egg Hunt;null;null;null;null;null;null;null;null;
4542146;ASDA Easter Bunny Egg Cup 20g;£2.98;£14.90/100g;Treats & Egg Hunt;null;5.3;35.8;34.9;32.1;19.9;1.9;0.2;
4554976;ASDA Chosen By You Mallow Chicks 125g;£0.98;£0.78/100g;Treats & Egg Hunt;314;6.0;72.1;68.5;0.1;null;0.5;0.1;
5025394;ASDA Chosen By You Three Little Lambs Chocolate 105g;£2.98;£2.84/100g;Treats & Egg Hunt;null;7.2;53.5;52.5;34.6;21.9;1.2;0.2;
5011321;ASDA Extra Special Milk & Dark Easter Tasting Pack 50g;£2.00;£4.00/100g;Treats & Egg Hunt;null;5.5;53.0;51.0;34.0;20.0;4.1;0.1;
4942514;Bassetts Jelly Bunnies Sweets Bag 190g;£0.98;£0.51/100g;Treats & Egg Hunt;null;3.5;78.5;74;0;0;null;0.03;
3802284;Cadbury Milk Chocolate Hollow Easter Bunny;£1.98;£1.52/100g;Treats & Egg Hunt;null;7.6;56.5;56.5;30.0;18.5;0.7;0.23;
4942494;Cadbury Mini Eggs Family Pack Chocolate Bag 328g;£2.93;£0.89/100g;Treats & Egg Hunt;null;4.6;69.5;68.5;21.5;13.0;1.3;0.20;
4953355;Dairy Free Chocolate Bunny 120g;£2.98;£2.48/100g;Treats & Egg Hunt;null;6.6;46.3;42.3;36.1;21.8;null;0.03;
4963126;Dairy Free Easter Egg 195g;£4.98;£2.55/100g;Treats & Egg Hunt;543;5.5;47.6;43.8;35.0;21.4;null;0.01;
4944614;Despicable Me Choc Bars with Marshmallows and Playtime Watering Can 57g;£2.48;£4.35/100g;Treats & Egg Hunt;365;1.3;89.8;81.3;0.2;0;null;0;
4944600;Disney Disney Princess Easter Bucket & Jigsaw 76g;£2.48;£3.26/100g;Treats & Egg Hunt;532;6.7;62.4;57.8;28.8;17.1;null;0.7;
4810927;Disney Frozen Snowies 100g;£1.00;£1.00/100g;Treats & Egg Hunt;null;0.5;null;null;null;null;null;null;
4944518;Disney Minions Easter Egg & Toy 55g;£5.00;£9.09/100g;Treats & Egg Hunt;null;6.6;60.5;33.7;29.6;17.7;null;0.1;
4944487;Disney Minnie Mouse Easter Egg & Mug 45g;£2.98;£6.62/100g;Treats & Egg Hunt;null;5.1;59.5;53.2;32.2;19.9;null;0.1;
4944490;Disney Pixar Milk Chocolate Egg & Mug 45g;£2.98;£6.62/100g;Treats & Egg Hunt;548;5.1;59.5;53.2;32.2;19.9;null;0.1;
4558387;Frozen Easter Chocolate Bumper Pack 80g;£1.00;£1.25/100g;Treats & Egg Hunt;null;null;null;null;null;null;null;null;
4810925;Frozen Milk & White Chocolate Shapes 37g;£1.00;£2.70/100g;Treats & Egg Hunt;null;null;null;null;null;null;null;null;
5025370;Haribo Chick Mania 232g;£1.98;£0.85/100g;Treats & Egg Hunt;null;7.2;78;51;0.5;0.1;null;0.03;
4557896;Haribo Easter Hunt 448g;£2.85;£0.63/100g;Treats & Egg Hunt;null;null;null;null;null;null;null;null;
4557894;Haribo Easter Hunt Mini Mix 200g;£0.85;£0.42/100g;Treats & Egg Hunt;null;null;null;null;null;null;null;null;
4944614;Despicable Me Choc Bars with Marshmallows and Playtime Watering Can 57g;£2.48;£4.35/100g;Easter Gifts;365;1.3;89.8;81.3;0.2;0;null;0;
4555248;Toffee Crisp Easter Egg & Mug 188g;£5.00;£2.66/100g;Easter Gifts;516;3.6;63.1;48.2;27.3;17.3;1.4;0.33;
4158277;Hello Kitty Chocolate and Mug 92g;£5.00;£5.43/100g;Easter Gifts;525;5.4;60.6;59.7;28.6;17.1;null;0.28;
3802217;Kit Kat White Chocolate Easter Barn 160g;£5.00;£3.12/100g;Easter Gifts;null;null;null;null;null;null;null;null;
4944487;Disney Minnie Mouse Easter Egg & Mug 45g;£2.98;£6.62/100g;Easter Gifts;null;5.1;59.5;53.2;32.2;19.9;null;0.1;
4944789;ASDA Chosen By You Mini Eggs & Fried Eggs Jar 280g;£2.98;£1.06/100g;Easter Gifts;null;5.1;72.0;55.0;17.0;11.0;1.1;0.1;
4942490;Cadbury Creme Egg 5 Pack 197g;£1.88;£0.95/100g;Easter Gifts;null;3.2;73;66.5;15;9.3;0.4;0.15;
4163076;Cadbury Egg 'n' Spoon Double Chocolate 4 Eggs 136g;£1.98;£1.46/100g;Easter Gifts;null;4.9;52.5;52;37.5;18;1.5;0.18;
5025380;Cadbury Easter Egg Trail Pack 229g;£2.98;£1.30/100g;Easter Gifts;null;7.6;56.5;56.0;30.5;18.5;0.7;0.23;
5011319;ASDA Extra Special Hot Cross Egg Tower 450g;£10.00;£2.22/100g;Easter Gifts;547;7.1;52;51;34;21;2.4;0.25;
4163078;Cadbury Egg 'n Spoon Vanilla 4 Eggs 136g;£1.98;£1.46/100g;Easter Gifts;null;7.4;51;50.5;37;18.5;0.4;0.25;
5025384;Lindt Lindor Mini Eggs 100g;£1.98;£1.98/100g;Easter Gifts;null;5.4;45;45;45;34;null;0.13;
4942161;Smarties Chocolate Hen House 5g;£5.00;£2.99/100g;Easter Gifts;null;5.0;61.8;61.1;29.2;18.4;1.2;0.23;
3802227;Kit Kat Chunky Easter Egg & Mug 196g;£5.00;£2.55/100g;Easter Gifts;512;5.5;64.4;53.6;25.2;14.3;1.9;0.19;
4944787;ASDA Chosen By You Design Your Own Easter 134g;£2.98;£2.22/100g;Easter Gifts;527;4.9;63;55;28;16;1.9;0.10;
4950315;ASDA Extra Special Hot Cross Fudge & Clotted Cream 100g;£2.00;£1.00/100g;Easter Gifts;null;1.3;76;70;17;11;0.5;0.23;
4954996;Choc'tales Decorated Milk Chocolate Bunny & Duckling 15g;£3.48;£2.90/100g;Easter Gifts;null;null;null;null;null;null;null;null;
4763293;Chupa Chups Candy Pizza Assorted Jelly Candy 435g;£5.00;£1.15/100g;Easter Gifts;null;4;76;51;3;2;null;08;
4953319;Disney Junior Mealtime Easter Set 45g;£3.98;£8.84/100g;Easter Gifts;null;null;null;null;null;null;null;null;
4944504;Jake and the Neverland Pirates Breakfast Set 45g;£3.98;£8.84/100g;Easter Gifts;null;5.1;59.5;53.2;32.2;19.9;null;0.1;
4942069;Lindt Gold Bunny Hutch 130g;£4.00;£3.08/100g;Easter Gifts;null;null;null;null;null;null;null;null;
4944501;Mickey Mouse Easter Breakfast Set 45g;£3.98;£8.84/100g;Easter Gifts;null;5.1;59.5;53.2;32.2;19.9;null;0.1;
4944507;Minnie Mouse Easter Breakfast Set 45g;£2.98;£6.62/100g;Easter Gifts;null;5.1;59.5;53.2;32.2;19.9;null;0.1;
4558401;Peppa Pig Mealtime Easter Set 45g;£3.98;£8.84/100g;Easter Gifts;null;null;null;null;null;null;null;null;
4558405;Thomas The Tank Mealtime Easter Set 45g;£3.98;£8.84/100g;Easter Gifts;null;null;null;null;null;null;null;null;
4942169;Yorkie Easter Egg & Mug 192g;£5.00;£2.60/100g;Easter Gifts;540;5.8;59.8;58.7;30.5;17.3;1.7;0.20;
4944484;Candy Crush Easter Egg & Mug 82g;£5.00;£6.10/100g;Easter Gifts;null;6.7;62.4;57.8;28.8;17.1;null;0.7;
4944480;One Direction Easter Egg & Mug 82g;£5.00;£6.10/100g;Easter Gifts;null;6.7;62.4;57.8;28.8;17.1;null;0.7;
4944521;One Direction Easter Egg & Toy 55g;£5.00;£9.09/100g;Easter Gifts;null;6.6;60.5;33.7;29.6;17.7;null;0.1;
4944475;Marvel Easter Egg & Mug 82g;£5.00;£6.10/100g;Easter Gifts;null;6.7;62.4;57.8;28.8;17.1;null;0.7;
4944515;Spiderman Easter Egg & Toy 55g;£5.00;£9.09/100g;Easter Gifts;null;6.6;60.5;33.7;29.6;17.7;null;0.1;
4944512;Disney Transformers Easter Egg & Toy 55g;£5.00;£9.09/100g;Easter Gifts;null;6.6;60.5;33.7;29.6;17.7;null;0.1;
4944471;Disney Minnie Mouse Teen Easter Egg & Mug 82g;£5.00;£6.10/100g;Easter Gifts;null;6.7;62.4;57.8;28.8;17.1;null;0.7;
2815429;Lindt Gold Bunny Milk Chocolate 100g;£2.48;£2.48/100g;Easter Gifts;null;null;null;null;null;null;null;null;
2820095;Hot Wheels Easter Egg and Two Toy Cars 75g;£5.00;£6.67/100g;Easter Gifts;null;5.4;59.1;49.2;36.0;22.3;3.0;0.1;
4950992;Family Guy Easter Egg & Mug 75g;£5.00;£6.67/100g;Easter Gifts;null;5.4;51.9;49.2;36.0;22.3;3.0;0.1;
4942073;Lindt Gold Bunny & Carrots 140g;£5.98;£4.27/100g;Easter Gifts;null;7.2;55;55;null;20;null;0.2;
4944526;Disney Disney Princess Easter Egg & Toy 55g;£5.00;£9.09/100g;Easter Gifts;null;6.6;60.5;33.7;29.6;17.7;null;0.1;
4942071;Lindt Bunny Paw Finest Milk Chocolate 20g;£0.65;£3.25/100g;Easter Gifts;null;null;null;null;null;null;null;null;
5025386;Lindt Gold Bunny Milk Chocolate 500g;£18.00;£3.60/100g;Easter Gifts;null;null;null;null;null;null;null;null;
4949298;Lindt Gold Bunny White Chocolate 10g;£2.48;£4.96/100g;Easter Gifts;null;null;null;null;null;null;null;null;
4942494;Cadbury Mini Eggs Family Pack Chocolate Bag 328g;£2.93;£0.89/100g;Easter Gifts;null;4.6;69.5;68.5;21.5;13.0;1.3;0.20;
4953355;Dairy Free Chocolate Bunny 120g;£2.98;£2.48/100g;Easter Gifts;null;6.6;46.3;42.3;36.1;21.8;null;0.03;
4963126;Dairy Free Easter Egg 195g;£4.98;£2.55/100g;Easter Gifts;543;5.5;47.6;43.8;35.0;21.4;null;0.01;
4944600;Disney Disney Princess Easter Bucket & Jigsaw 76g;£2.48;£3.26/100g;Easter Gifts;532;6.7;62.4;57.8;28.8;17.1;null;0.7;
4810927;Disney Frozen Snowies 100g;£1.00;£1.00/100g;Easter Gifts;null;0.5;null;null;null;null;null;null;
4944518;Disney Minions Easter Egg & Toy 55g;£5.00;£9.09/100g;Easter Gifts;null;6.6;60.5;33.7;29.6;17.7;null;0.1;
5025370;Haribo Chick Mania 232g;£1.98;£0.85/100g;Easter Gifts;null;7.2;78;51;0.5;0.1;null;0.03;
4950363;Heidi Bunny with Marzipan Carrot 160g;£3.98;£2.49/100g;Easter Gifts;null;48;71;null;46;null;null;null;
4950357;Heidi Milk Chocolate Bunny 75g;£1.98;£2.64/100g;Easter Gifts;null;null;null;null;null;null;null;null;
4950355;Heidi Mini Chocolate Rabbits 4 Pack 20g;£1.98;£2.48/100g;Easter Gifts;null;8;4;49;1;null;null;null;
4944498;Minions Easter Egg & Mug 45g;£2.98;£6.62/100g;Easter Gifts;null;5.1;59.5;53.2;32.2;19.9;null;0.1;
5020605;Swizzels Spring Selection 750g;£4.98;£0.66/100g;Easter Gifts;null;null;null;null;null;null;null;null;
4775959;Cofresh Fun Bites Chilli Flavoured Onion Ring Puffs 80g;£0.69;£0.86/100g;Asian;null;null;null;null;null;null;null;null;
4420460;Cofresh Poppadum Curls Mango Chutney Flavour Lentil Snac 80g;£0.69;£0.86/100g;Asian;null;2.5;null;1;7.9;null;1.5;null;
4550327;East End Honey Chilli Sauce;£1.20;£0.44/100ml;Asian;null;0.9;42.5;41.3;0.1;0.0;0.5;1.5;
4785204;East End Chiense Cinnamon Sticks 100g;£1.00;£0.10/10g;Asian;null;null;null;null;null;null;null;null;
4775964;Cofresh Fun Bites Chilli Cheese & Jalapeno Flavour Puffs 80g;£0.69;£0.86/100g;Asian;null;null;null;null;null;null;null;null;
2303832;KTC Chopped Tomato in Tomato Juice 400g;£0.38;£0.95/kg;Asian;null;1.1;3.0;2.8;0.1;null;0.7;null;
4420464;Cofresh Poppadum Curls Chilli Lemon Flavour Lentil Snack 80g;£0.69;£0.86/100g;Asian;143;2.5;16.3;0.6;7.9;1.0;1.5;null;
2000083;KTC Plum Tomatos in Tomato Juice 400g;£0.38;£0.9/100g;Asian;null;1.1;3.0;2.8;0.1;null;0.7;null;
2000085;KTC Red Kidney Beans in Water 400g;£0.38;£0.95/kg;Asian;null;4.4;5.3;0.0;0.3;0.0;5.8;0.56;
2168979;KTC White Kidney Beans in Water 400g;£0.38;£0.95/kg;Asian;null;4.0;7.5;0;0.2;0;4.9;0.50;
3697816;Cofresh Balti Mix 325g;£1.00;£0.30/100g;Asian;null;null;null;null;null;null;null;null;
3697880;Cofresh Jalfrezi Mix 325g;£1.00;£0.30/100g;Asian;null;null;null;null;null;null;null;null;
3697830;Cofresh Crunchy Handmade Peanut Bar 25g;£0.32;£1.28/100g;Asian;null;null;null;null;null;null;null;null;
562683;Tilda Pure Basmati Rice;£13.00;£2.60/kg;Asian;null;7.8;77.7;0.5;0.8;0.2;1.0;0.01;
2272777;KTC Blended Olive Pomace Oil;£6.00;£0.12/100ml;Asian;null;null;0.0;null;99.9;null;null;null;
3338237;KTC Sunflower Oil;£5.00;£0.10/100ml;Asian;null;null;0.0;0.0;99.9;null;0.0;null;
2294539;Pilsbury Chakki Atta Flour;£6.50;£1.30/kg;Asian;null;3.6;20.0;0.3;0.5;null;null;null;
3070724;East End Red Split Lentils;£3.50;£0.17/100g;Asian;null;23.8;56.3;2.4;1.3;0.2;4.9;null;
20669;Rajah Minced Garlic Paste 210g;£1.30;£0.61/100g;Asian;null;null;null;null;null;null;null;null;
3651313;ASDA Chosen By You Chapattis 360g;£0.90;£0.25/100g;Asian;null;8.2;52.6;1.7;3.5;1.6;3.4;1.0;
3928893;Geetas Premium Mango Chutney 320g;£1.00;£0.31/100g;Asian;null;0.2;12.4;11.4;0.2;null;0.2;0.4;
2039099;KTC Lemon Juice;£0.50;£0.20/100ml;Asian;null;0.4;2.0;2.0;0;null;0.5;null;
2168977;KTC Black Eyed Beans in Water 400g;£0.38;£0.9/100g;Asian;null;4.9;4;0;0.3;0;6;0.64;
1773283;Asli Atta Medium Chapatti Flour;£7.00;£0.7/100g;Asian;351;11.2;73.6;3.4;1.3;0.2;6.8;null;
3120575;East End Chakki Roti Chappatti 350g;£1.00;£0.28/100g;Asian;null;null;null;null;null;null;null;null;
2294967;Easy Pop Halal Salted Popcorn 100g;£0.60;£0.60/100g;Asian;null;7.9;46.7;null;20.7;null;null;null;
3286819;Cofresh Monkey Nuts 350g;£1.48;£0.42/100g;Asian;null;null;null;null;null;null;null;null;
2168981;KTC Rosecoco Beans in Water 400g;£0.38;£0.9/100g;Asian;null;4.1;7.9;null;0.3;null;5.4;0.75;
2869129;Kohinoor Basmati Rice;£10.98;£2.20/kg;Asian;null;9;78;0;0.6;0.1;3.2;0;
3678285;Ahmed Halal Strawberry Jelly Crystals 85g;£0.60;£0.70/100g;Asian;null;0;20;20;0;0;0;null;
2742159;Merchant Gourmet Merchant Gourmet Sun Dried Tomatoes 100g;£1.48;£14.80/kg;Asian;null;7.4;29.6;21.9;1.0;0.3;11.0;11.4;
3061543;KCB Cake Rusk 850g;£3.60;£0.42/100g;Asian;null;null;null;null;null;null;null;null;
3697848;Cofresh Chilli & Lemon Flavour Potato Grills 80g;£0.69;£0.86/100g;Asian;null;null;null;null;null;null;null;null;
3917390;Meenas Medium Tikka Masala Sauce;£1.50;£0.35/100g;Asian;null;1.5;9.2;6.7;7.9;2.3;1.4;0.75;
3070754;East End Dry Toor Dall;£4.50;£0.22/100g;Asian;null;null;null;null;null;null;null;null;
2294971;Easy Pop Halal Sweet Popcorn 100g;£0.60;£0.60/100g;Asian;null;7.7;46.2;null;20.9;null;null;null;
2000079;KTC Kala Chana in Salted Water 400g;£0.38;£0.9/100g;Asian;null;4.3;8.6;0;1.3;0.13;4.5;0.61;
3134315;KTC Kesar Sweetened Mango Pulp 850g;£1.50;£0.17/100g;Asian;null;0.6;23.0;20.0;0.0;0.0;0.0;null;
3697852;Cofresh Roasted & Salted Cashew Nuts 150g;£1.98;£1.32/100g;Asian;null;null;null;null;null;null;null;null;
2294969;Easy Pop Halal Butter Popcorn 100g;£0.60;£0.60/100g;Asian;null;8.1;47.4;null;19.8;null;null;null;
3246099;Sun Exotic Tropical Fruit Drink;£4.98;£0.12/100ml;Asian;null;0;12.8;12.6;0;0;0.1;null;
20620;Rajah Garam Masala 100g;£0.65;£0.65/100g;Asian;null;null;null;null;null;null;null;null;
3134329;East End Brown Lentils;£3.50;£0.17/100g;Asian;null;24.0;48.8;null;1.9;null;null;null;
3697860;Cofresh Roasted & Salted Pistachio Nuts 150g;£2.28;£1.52/100g;Asian;null;null;null;null;null;null;null;null;
3064540;TRS Tumeric Powder 100g;£0.62;£0.62/100g;Asian;null;null;null;null;null;null;null;null;
2303812;KTC Super Fine Gram Flour;£1.40;£1.40/kg;Asian;null;22.16;60.3;null;5.3;null;null;null;
3697818;Cofresh Mild Bombay Mix 325g;£1.00;£0.30/100g;Asian;null;null;null;null;null;null;null;null;
3070738;East End Washed Moong Dall Beans;£4.50;£0.22/100g;Asian;null;23.9;46.3;null;1.1;null;null;null;
2039097;KTC Superfine Gram Flour;£2.50;£1.25/kg;Asian;null;22.16;60.3;null;5.3;null;null;null;
3917394;Meenas Aromatic Balti Sauce Medium;£1.50;£0.35/100g;Asian;107;1.2;8.1;5.5;7.3;0.5;1.9;0.73;
3697844;Cofresh Jalapeno Flavour Potato Grills 80g;£0.69;£0.86/100g;Asian;null;null;null;null;null;null;null;null;
3070734;East End Chick Peas;£3.50;£0.17/100g;Asian;null;21.3;49.6;null;5.4;null;null;null;
3697868;Go Snacks Bombay Mix 400g;£1.00;£0.25/100g;Asian;null;null;null;null;null;null;null;null;
1874010;Patak's Chilli Pickle 283g;£1.78;£0.62/100g;Asian;null;4.2;1.4;0.5;32.1;2.1;null;7.74;
3742134;SweetZone Halal Mallow Twists 190g;£1.00;£0.52/100g;Asian;null;4.28;78.3;60.5;0;0;0.02;null;
3678279;Ahmed Halal Raspberry Jelly Crystals 85g;£0.60;£0.70/100g;Asian;null;0;20;20;0;0;0;null;
2949609;Koh-Kae Coconut Cream Coated Peanuts 265g;£2.43;£0.91/100g;Asian;null;null;null;null;null;null;null;null;
2294973;Ko-Lee Roast Chicken 65g;£0.60;£0.9/10g;Asian;null;null;null;null;null;null;null;null;
2870589;Sweets 4 U Halal Jelly Beans 35g;£0.29;£0.82/100g;Asian;null;null;null;null;null;null;null;null;
3064502;TRS Chilli Powder 100g;£0.62;£0.62/100g;Asian;null;null;null;null;null;null;null;null;
4693322;Jamaica Sun Processed Cheese 300g;£4.00;£13.33/kg;Caribbean;null;17.0;2.0;2.0;20.0;13.0;0.0;1.5;
4784775;Tropical Sun Scotch Bonnet Pepper Sauce;£1.25;£0.88/100ml;Caribbean;null;0.6;11.6;5.2;0.0;0.0;null;3.5;
20634;Rajah All Purpose Seasoning 100g;£0.65;£0.65/100g;Caribbean;null;null;null;null;null;null;null;null;
4611416;Veetee Carnival Taste Easy Cook Rice;£4.00;£0.80/kg;Caribbean;null;7.0;77.6;0.4;0.9;0.4;2.1;null;
4788394;Supermalt Original;£0.90;£0.18/100ml;Caribbean;null;1;15;8;0;0;null;03;
4788392;Supermalt Original;£0.90;£0.27/100ml;Caribbean;null;0.8;15;null;null;null;null;null;
4784773;Tropical Sun Crushed Red Chilli Sauce;£1.25;£0.88/100ml;Caribbean;null;null;null;null;null;null;null;null;
4599670;Tropical Sun African Peri Peri Sauce;£1.09;£0.72/100ml;Caribbean;null;0.9;7.3;3.4;0.2;0.3;0.8;3.8;
4784765;Tropical Sun All Purpose Seasoning 100g;£0.89;£8.90/kg;Caribbean;null;null;null;null;null;null;null;null;
551128;Rajah Jerk Seasoning 100g;£0.65;£0.65/100g;Caribbean;null;null;null;null;null;null;null;null;
4775711;Samai Plantain Chips Jungle Chili 75g;£0.65;£0.86/100g;Caribbean;null;1;null;2;null;null;null;null;
4784763;Tropical Sun 100% Natural Coconut Milk 400g;£1.29;£3.22/kg;Caribbean;null;0.0;2.0;2.0;12.0;10.0;0.0;0.0;
4775713;Samai Garlic Chips 75g;£0.65;£0.86/100g;Caribbean;null;1;null;2;null;null;null;null;
551130;Rajah Chicken Seasoning 100g;£0.65;£0.65/100g;Caribbean;null;null;null;null;null;null;null;null;
551127;Rajah Fish Seasoning 100g;£0.65;£0.65/100g;Caribbean;null;null;null;null;null;null;null;null;
4788408;Grace Chicken Hot Dog Sausages 400g;£1.50;£0.37/100g;Caribbean;null;10.7;2.5;null;14.3;4.8;2.0;1.76;
4775689;JF Pancake & Waffle Mix Buttermilk Recipe 500g;£1.89;£0.37/100g;Caribbean;null;7;72;null;11;null;null;null;
4788404;Grace Chicken Vienna Sausage 200g;£1.10;£0.55/100g;Caribbean;null;10.7;2.5;null;14.3;4.8;2.0;1.76;
4788406;Grace Vienna Sausages Hot & Spicy 200g;£1.10;£0.55/100g;Caribbean;null;null;null;null;null;null;null;null;
4764782;Grace Coconut Milk Powder 50g;£0.50;£1.00/100g;Caribbean;null;8;29;null;6;null;null;null;
4764764;Grace Instant Cornmeal Porridge 60g;£1.00;£1.67/100g;Caribbean;null;7.7;86.4;47.1;4.4;3.1;2.6;null;
4788414;Grace Hot Dog Sausages (Frankfurters) Hot & Spicy 400g;£1.50;£0.37/100g;Caribbean;null;12.2;0.6;null;15.7;3.1;2.0;0.92;
4775648;Big Up Fruit Punch Energy Drink;£0.60;£0.24/100ml;Caribbean;null;0.1;12.2;12.2;0.1;0;0.1;null;
4764766;Grace Aloe Vera Drink;£2.49;£0.16/100ml;Caribbean;null;null;9.6;9.5;null;null;null;null;
4775652;Big Up Power Energy Drink;£0.60;£0.24/100ml;Caribbean;null;0;10.8;10.8;0;null;0;null;
4764772;Bigga Pineapple Drink;£0.45;£0.13/100ml;Caribbean;null;null;null;null;null;null;null;null;
4764770;Bigga Grape Drink;£0.45;£0.13/100ml;Caribbean;null;null;null;null;null;null;null;null;
4764768;Bigga Fruit Punch Drink;£0.45;£0.13/100ml;Caribbean;null;null;null;null;null;null;null;null;
4775650;Big Up Wild Ginger Energy Drink;£0.60;£0.24/100ml;Caribbean;null;0.1;12.1;12.1;0;0;0.1;null;
3265528;Tropics Fish Seasoning 100g;£0.67;£0.67/100g;Caribbean;null;null;null;null;null;null;null;null;
550706;Cypressa Pistachio Nuts 300g;£3.99;£1.33/100g;Caribbean;null;17.9;8.2;5.7;55.4;7.4;7.9;1.3;
4526560;American Kola Kola Shampane Soda 330ml;£0.49;£0.14/100ml;Caribbean;null;0;15.1;15.0;0;0;null;0.01;
4762997;Banks Caribbean Lager;£1.39;£4.21/lt;Caribbean;null;null;null;null;null;null;null;null;
1858358;Brunswick Sardines in Lousiana Hot Sauce 106g;£0.95;£0.89/100g;Caribbean;null;14;1.0;0.5;12;4.5;0.3;null;
1858360;Brunswick Sardines in Soya Oil 106g;£0.95;£0.89/100g;Caribbean;null;17;0;0;23;11;0;null;
922730;Brunswick Sardines in Tabasco 106g;£0.95;£8.96/kg;Caribbean;null;17;0.2;0.2;22;10;0;null;
4796288;Cawoods Cawoods Salt Fish Cutlets 200g 200g;£2.35;£11.75/kg;Caribbean;null;null;null;null;null;null;null;null;
4796286;Cawoods Dried Salted Cod Skinless & Boneless 250g;£3.25;£13.00/kg;Caribbean;null;null;null;null;null;null;null;null;
1983045;Cawoods Dried Salted Skinless & Boneless Saltfish 250g;£1.98;£0.79/100g;Caribbean;null;null;null;null;null;null;null;null;
4843196;Dunn’s River Jamaican Jerk Seasoning 312g;£1.56;£0.50/100g;Caribbean;null;null;null;null;null;null;null;null;
2949569;Dunns River Caribbean Mild Curry Powder 100g;£0.87;£0.8/10g;Caribbean;null;null;null;null;null;null;null;null;
2949561;Dunns River Chicken Seasoning 100g;£0.87;£0.8/10g;Caribbean;null;null;null;null;null;null;null;null;
367541;Dunns River Creamed Coconut 200g;£0.94;£0.47/100g;Caribbean;null;null;null;null;null;null;null;null;
2949559;Dunns River Everyday seasoning 100g;£0.87;£0.8/10g;Caribbean;null;11.0;20.0;0;15.5;0;4.1;42.5;
544763;Dunns River Guava Jelly 340g;£1.68;£0.49/100g;Caribbean;null;null;null;null;null;null;null;null;
2949567;Dunns River Hot Carribbean Curry Powder 100g;£0.87;£0.8/10g;Caribbean;null;null;null;null;null;null;null;null;
2949571;Dunns River Jamaican Jerk Seasoning 100g;£0.87;£0.8/10g;Caribbean;null;null;null;null;null;null;null;null;
817123;Dunns River Jamaican Style Hot Sauce;£0.58;£0.68/100ml;Caribbean;null;null;null;null;null;null;null;null;
3930667;Dunns River Lamb Seasoning 100g;£0.87;£0.87/100g;Caribbean;null;null;null;null;null;null;null;null;
3929566;Encona African Peri Peri Sauce 150g;£1.19;£0.79/100g;Caribbean;null;null;null;null;null;null;null;null;
2307734;Excelcior Cream Crackers 125g;£0.68;£0.54/100g;Caribbean;null;null;null;null;null;null;null;null;
2949497;Ghana Best Shito Hot Chilli Sauce with Shrimp & Rish 160g;£2.63;£1.64/100g;Caribbean;null;null;null;null;null;null;null;null;
4001725;Grace Browning Caramel;£1.00;£0.70/100ml;Caribbean;null;null;null;null;null;null;null;null;
2577115;Grace Cock Soup Mix Spicy 50g;£0.48;£0.96/100g;Caribbean;null;9.6;59;11;2.5;1.1;null;9.2;
3929552;Grace Coconut Milk 400g;£1.00;£0.25/100g;Caribbean;null;0;3.3;1.2;13.6;11.9;null;0.04;
3929556;Grace Coconut Water Smooth;£0.88;£0.28/100ml;Caribbean;null;0;6.8;5.7;0.1;0.0;null;0.06;
2949539;Grace Jerk BBQ sauce 510g;£1.69;£0.33/100g;Caribbean;null;null;null;null;null;null;null;null;
4758352;Grace Pumpkin Soup Mix 60g;£0.48;£0.80/100g;Caribbean;null;10.4;64.7;null;1.3;null;null;null;
3718648;Grace Salted Green Banana Chips 85g;£0.88;£1.04/100g;Caribbean;null;1.0;19.8;0.4;15.9;6.6;2.8;null;
2949545;Grace Salted Plantain Chips 85g;£0.88;£1.04/100g;Caribbean;null;1.3;29.7;1.3;7.6;3.0;3.0;0.43;
3678283;Ahmed Banana Jelly 85g;£0.60;£0.70/100g;Halal;null;0;20;20;0;0;0;null;
3678287;Ahmed Halal Mango Jelly Crystals 85g;£0.60;£0.70/100g;Halal;null;0;20;20;0;0;0;null;
3678279;Ahmed Halal Raspberry Jelly Crystals 85g;£0.60;£0.70/100g;Halal;null;0;20;20;0;0;0;null;
3678285;Ahmed Halal Strawberry Jelly Crystals 85g;£0.60;£0.70/100g;Halal;null;0;20;20;0;0;0;null;
2294969;Easy Pop Halal Butter Popcorn 100g;£0.60;£0.60/100g;Halal;null;8.1;47.4;null;19.8;null;null;null;
2294967;Easy Pop Halal Salted Popcorn 100g;£0.60;£0.60/100g;Halal;null;7.9;46.7;null;20.7;null;null;null;
2294971;Easy Pop Halal Sweet Popcorn 100g;£0.60;£0.60/100g;Halal;null;7.7;46.2;null;20.9;null;null;null;
2303808;Exeter Halal Corned Beef 340g;£2.60;£0.76/100g;Halal;null;null;null;null;null;null;null;null;
3156576;Haribo Halal Gummie Bears 100g;£0.95;£0.95/100g;Halal;null;null;null;null;null;null;null;null;
3156580;Haribo Halal Happy Cola Sours 100g;£0.95;£0.95/100g;Halal;null;null;null;null;null;null;null;null;
2294977;Ko-Lee Hot & Spicy 65g;£0.60;£0.9/10g;Halal;null;null;null;null;null;null;null;null;
2294973;Ko-Lee Roast Chicken 65g;£0.60;£0.9/10g;Halal;null;null;null;null;null;null;null;null;
2304628;Robert Halal Chicken Luncheon Meat 340g;£1.78;£0.52/100g;Halal;null;null;null;null;null;null;null;null;
3134311;SweetZone Halal Jelly Pencil 400g;£1.00;£0.25/100g;Halal;null;null;null;null;null;null;null;null;
3742134;SweetZone Halal Mallow Twists 190g;£1.00;£0.52/100g;Halal;null;4.28;78.3;60.5;0;0;0.02;null;
2870589;Sweets 4 U Halal Jelly Beans 35g;£0.29;£0.82/100g;Halal;null;null;null;null;null;null;null;null;
3678281;Ahmed Halal Pineapple Jelly Crystals 85g;£0.60;£0.70/100g;Halal;null;0;20;20;0;0;0;null;
1320456;Boland Coconut Creams 200g;£1.50;£0.75/100g;Irish;null;null;null;null;null;null;null;null;
1881673;Boland Cream Crackers;£0.70;£0.35/100g;Irish;437;9.7;66.1;1.4;14.8;6.8;3.7;1.3;
1782253;Boland Fig Rolls 200g;£0.85;£0.42/100g;Irish;372;4.1;68.3;37.3;8.0;1.3;5.0;0.5;
419040;Boland Jam Mallows 250g;£1.50;£0.60/100g;Irish;397;4.2;67.7;41.4;12.1;7.5;2.5;0.3;
419041;Bolands Kimberley Biscuits 300g;£1.50;£0.50/100g;Irish;null;null;null;null;null;null;null;null;
3825415;Achva 12 Halva Snacks 300g;£3.28;£1.09/100g;Kosher;null;null;null;null;null;null;null;null;
1493085;Osem Kosher Chicken Soup 400g;£3.00;£0.75/100g;Kosher;null;null;null;null;null;null;null;null;
3136893;Gefen Kosher Light Mayo;£2.76;£0.29/100ml;Kosher;null;0;null;0;null;null;null;null;
3134406;Gefen Classic Marinara Sauce 795g;£2.68;£0.33/100g;Kosher;null;2;null;8;null;null;null;null;
1508185;Osem Kosher Marble Cake 400g;£2.48;£0.62/100g;Kosher;null;null;null;null;null;null;null;null;
3825223;Osem Apple Crumb Cake 400g;£2.48;£0.62/100g;Kosher;null;null;null;null;null;null;null;null;
2570176;Fluff Marshmallow Spread;£1.99;£0.93/100g;Kosher;null;1.0;81.0;49.0;0.3;0.0;null;0.1;
3817425;Kedem Kosher Grape Juice;£2.50;£0.38/100ml;Kosher;null;1;15;15;0;null;null;null;
3770198;Fluff Artificial Strawberry Flavour Marshmallow 213g;£1.99;£0.93/100g;Kosher;null;1.0;81.0;49.0;0.3;0.0;null;0.1;
3817427;Kedem Kosher Grape Juice;£2.50;£0.38/100ml;Kosher;null;0;17;17;0;null;null;null;
2961734;Beit Hashita Queen Green Olives;£2.00;£0.28/100g;Kosher;null;null;null;null;null;null;null;null;
3817429;Kedem Kosher Grape Juice;£2.50;£0.38/100ml;Kosher;null;1;null;34;null;null;null;null;
3825173;Gefen Fancy Pink Salmon 213g;£3.00;£2.14/100g;Kosher;null;null;null;0;null;null;null;null;
3825201;Beit Hashita Kosher Black Pitted Olives 560g;£1.98;£0.35/100g;Kosher;null;null;null;null;null;null;null;null;
1493083;Osem Kosher Crutons 400g;£1.89;£0.47/100g;Kosher;null;null;null;null;null;null;null;null;
1492191;Gefen Green Olives 283g;£1.78;£6.29/kg;Kosher;null;null;null;null;null;null;null;null;
617850;Telma Kosher Matzo Ball Soup 84g;£1.76;£2.10/100g;Kosher;null;null;null;null;null;null;null;null;
1354146;MayDew Extra Strong Horseradish with Beetroot (Kosher);£1.50;£0.69/100ml;Kosher;null;null;null;null;null;null;null;null;
1492476;Mrs Elswood Cucumbers - sweet sour 670g;£1.48;£0.41/100g;Kosher;null;null;null;null;null;null;null;null;
13570;Mrs E Cucumber spears with dill 670g;£1.35;£0.37/100g;Kosher;null;null;null;null;null;null;null;null;
1493095;Osem Kosher Prezel Sticks;£2.00;£0.50/100g;Kosher;null;null;null;null;null;null;null;null;
3825183;Osem Kosher Prezel Snacks 400g;£2.00;£0.50/100g;Kosher;null;null;null;null;null;null;null;null;
19350;Rakusen's Kosher Medium Mazo Meal 375g;£1.44;£3.84/kg;Kosher;null;9.1;83.0;1.3;1.2;0.25;4.4;null;
19351;Rakusen's Kosher Fine Mazo Meal 375g;£1.44;£3.84/kg;Kosher;null;9.1;83.0;1.3;1.2;0.25;4.4;null;
3825193;Osem Kosher Falafel Mix 180g;£1.43;£0.79/100g;Kosher;null;null;null;null;null;null;null;null;
3825217;Osem Heat & Serve Couscous & Vegetables 140g;£1.38;£0.98/100g;Kosher;null;null;null;null;null;null;null;null;
1492506;Mrs Elswood Haimisha Cucumbers;£1.36;£0.20/100g;Kosher;null;null;null;null;null;null;null;null;
192048;Mrs Elswood Whole Sweet Cucumbers;£1.36;£0.20/100g;Kosher;null;0.7;8.9;8.9;0.2;null;1.5;null;
3134398;Gefen Light Tuna Chunks 170g;£1.18;£0.98/100g;Kosher;null;null;null;null;null;null;null;null;
3825233;Osem Kosher Ketchup 750g;£2.78;£0.37/100g;Kosher;null;0;null;4;null;null;null;null;
3825211;Osem Perfecto Kosher Spirali Pasta Twists 500g;£1.18;£0.23/100g;Kosher;null;null;null;null;null;null;null;null;
3825203;Beit Hashita Large Cucumbers in Brine 560g;£1.14;£0.20/100g;Kosher;null;null;null;null;null;null;null;null;
3825413;Osem Kosher Wheaten Cracker 250g;£1.08;£0.43/100g;Kosher;null;null;null;null;null;null;null;null;
3825195;Osem Kosher Cream Cracker 250g;£1.08;£0.43/100g;Kosher;null;null;null;null;null;null;null;null;
17931;Rakusen's Kosher Chocolate Digestive Biscuits 200g;£1.60;£0.80/100g;Kosher;null;5.5;62.6;25.7;26.8;14.2;3.9;0.35;
1492253;Osem Kosher Chicken Noodle Soup 53g;£1.00;£1.89/100g;Kosher;null;null;null;null;null;null;null;null;
3825231;Osem Kosher Quick Jel Strawberry Dessert Mix 90g;£1.00;£1.11/100g;Kosher;null;0;96;90;0;null;null;1;
3825205;Osem Meals-on-the Go Kosher Spaghetti Bolognaise 65g;£1.00;£1.54/100g;Kosher;null;null;null;null;null;null;null;null;
3825207;Osem Meals on the Go Couscous & Vegetables 84g;£1.00;£1.19/100g;Kosher;null;null;null;null;null;null;null;null;
1493097;Osem Kosher Chocolate Wafers 250g;£0.87;£0.34/100g;Kosher;null;null;null;null;null;null;null;null;
2307652;Osem Cous Cous;£0.87;£0.34/100g;Kosher;null;null;null;null;null;null;null;null;
3825185;Osem Bamba Peanut Snack with Hazelnut Filling 60g;£1.00;£1.67/100g;Kosher;null;null;null;null;null;null;null;null;
3825225;Osem Kosher Vanilla Wafers 250g;£0.87;£0.34/100g;Kosher;null;null;null;null;null;null;null;null;
1492528;Rakusen's Kosher Fat Free Cracker Snacks 100g;£0.81;£0.54/100g;Kosher;null;9.4;84.5;null;1;null;null;null;
13854;Rakusen's Kosher Mazo Crackers 150g;£0.79;£0.52/100g;Kosher;null;0.49;4.2;0.15;0.04;0.01;0.19;0.0009;
1778685;Osem Bissli Barbeque Wheat Snacks 70g;£0.80;£1.14/100g;Kosher;null;null;null;null;null;null;null;null;
3825187;Osem Bissi Onion Wheat Snacks 70g;£0.80;£1.14/100g;Kosher;null;null;null;null;null;null;null;null;
19198;Rakusen's Kosher Baked Beans 400g;£0.75;£1.79/kg;Kosher;null;5.2;11.2;null;0.4;null;null;null;
2303744;Drumstick Products Marble Halva Bar 70g;£0.57;£0.81/100g;Kosher;null;null;null;null;null;null;null;null;
2303742;Drumstick Products Vanilla Halva 70g;£0.57;£0.81/100g;Kosher;null;null;null;null;null;null;null;null;
3502012;Haitoglou Bros Halva Bar with Chocolate 40g;£0.46;£1.15/100g;Kosher;null;null;null;null;null;null;null;null;
3502010;Haitoglou Bros Halva Vanilla Flavour Bar 40g;£0.46;£1.15/100g;Kosher;null;null;null;null;null;null;null;null;
2961718;Rakusen's Kosher Matzo Cheese Snacks 40g;£0.41;£1.02/100g;Kosher;null;3.9;32.6;0.8;0.4;0.11;1.8;null;
1493081;Osem Bamba Peanut Snack 25g;£0.50;£2.00/100g;Kosher;null;null;null;null;null;null;null;null;
4785006;Gefen Instant Noodle Soup Chicken Flavour 66g;£1.00;£1.52/100g;Kosher;null;null;null;null;null;null;null;null;
4785008;Gefen Instant Noodle Soup Vegetable Flavou 66g;£1.00;£1.52/100g;Kosher;null;null;null;null;null;null;null;null;
4785010;Gefen Whole Chestnuts Roasted & Peeled 150g;£2.25;£15.00/kg;Kosher;null;1.1;null;11;null;null;null;null;
4784998;Kedem Kids Animal Cookies 340g;£1.60;£0.47/100g;Kosher;null;2;null;7;null;null;null;null;
1970619;Gia Garlic Puree in Vegetable Oil 90g;£0.72;£8.00/kg;Mediterranean;null;null;null;null;null;null;null;null;
2307634;Nestlé Nido Milk Powder 900g;£6.99;£6.99/100g;Mediterranean;null;null;null;null;null;null;null;null;
2751838;Dimes Premium Apple Juice;£0.30;£1.50/lt;Mediterranean;null;null;null;null;null;null;null;null;
550706;Cypressa Pistachio Nuts 300g;£3.99;£1.33/100g;Mediterranean;null;17.9;8.2;5.7;55.4;7.4;7.9;1.3;
2294935;Puck Cream Cheese Spread 240g;£1.72;£0.71/100g;Mediterranean;null;8.8;1.5;1.5;31;18;null;2.6;
3923455;Napolina Green Pitted Olives with Italian Herbs with Olive Oil 190g;£1.99;£1.81/100g;Mediterranean;null;0.8;1.4;null;18.0;null;null;null;
3507853;Melis Pickled Jalapeno Pepper Slices;£1.83;£0.25/100g;Mediterranean;null;null;null;null;null;null;null;null;
2751772;Gama Coarse Bulgar Wheat;£1.92;£0.19/100g;Mediterranean;null;null;null;null;null;null;null;null;
2967138;Grissini Plain Breadsticks 125g;£0.68;£0.54/100g;Mediterranean;null;null;null;null;null;null;null;null;
2751836;Dimes Classic Orange Nectar;£0.30;£1.50/lt;Mediterranean;null;null;null;null;null;null;null;null;
2751834;Dimes Classic Peach Nectar;£0.30;£1.50/lt;Mediterranean;null;null;null;null;null;null;null;null;
2751842;Dimes Classic Fruitmix Nectar;£0.30;£1.50/lt;Mediterranean;null;null;null;null;null;null;null;null;
2304628;Robert Halal Chicken Luncheon Meat 340g;£1.78;£0.52/100g;Mediterranean;null;null;null;null;null;null;null;null;
3507833;Melis Roasted Red Peppers;£3.98;£0.23/100ml;Mediterranean;null;null;null;null;null;null;null;null;
2294929;Nestlé Cerelac Wheat with Milk 400g;£3.34;£0.83/100g;Mediterranean;null;null;null;null;null;null;null;null;
2751840;Dimes Classic Sour Cherry Nectar;£0.30;£1.50/lt;Mediterranean;null;null;null;null;null;null;null;null;
2967136;Nestlé Cerelac Mixed Fruit & Wheat with Milk 400g;£3.33;£0.83/100g;Mediterranean;null;null;null;null;null;null;null;null;
2307100;Ferrero Medium Couscous;£2.87;£2.87/kg;Mediterranean;null;null;null;null;null;null;null;null;
1612657;Tamtad Stuffed Vine Leaves;£1.43;£0.35/100g;Mediterranean;null;null;null;null;null;null;null;null;
3510088;Le Phare du Cap Bon Harissa Paste;£0.75;£1.07/100g;Mediterranean;null;null;null;null;null;null;null;null;
550807;Cypressa Sunflower seeds 100g;£0.60;£0.6/10g;Mediterranean;null;17.4;12.3;1.9;25.8;5.5;35.3;2.1;
2751832;Dimes Classic Apricot Nectar;£0.30;£1.50/lt;Mediterranean;null;null;null;null;null;null;null;null;
550809;Cypressa Pumpkin Seeds 100g;£0.60;£0.6/10g;Mediterranean;null;30.9;5.7;2.7;37.7;7.7;13.7;3.7;
3507841;Melis Pickled Peppers;£1.34;£0.18/100ml;Mediterranean;null;null;null;null;null;null;null;null;
2747099;Dimes Classic Pomegranate Nectar;£1.00;£1.00/lt;Mediterranean;null;4;2;2;2;05;null;02;
3507831;Melis Pickled Gherkins;£2.71;£0.15/100ml;Mediterranean;null;null;null;null;null;null;null;null;
3507847;Melis Pickled Gherkins;£1.28;£0.17/100ml;Mediterranean;null;null;null;null;null;null;null;null;
3507843;Melis Sun-Dried Tomatoes in Sunflower Oil;£1.78;£0.52/100ml;Mediterranean;null;null;null;null;null;null;null;null;
2304053;Cypressa Kalamata olives;£1.53;£0.44/100g;Mediterranean;null;1.3;0.2;0.0;25.3;3.7;3.5;4.0;
1884392;Gama Rose Turksih Delight;£1.50;£0.50/100g;Mediterranean;null;null;null;null;null;null;null;null;
3507849;Melis Pickled Hot Peppers;£1.63;£0.22/100ml;Mediterranean;null;null;null;null;null;null;null;null;
3507829;Melis Pickled Jalapeno Pepper Slices;£1.28;£0.34/100ml;Mediterranean;null;null;null;null;null;null;null;null;
3506979;Melis Pickled Garlic;£0.77;£0.40/100ml;Mediterranean;null;null;null;null;null;null;null;null;
4099971;Crunchips X Cut Cheese & Onion 150g;£1.50;£1.00/100g;Mediterranean;null;null;null;null;null;null;null;null;
3507837;Melis Mixed Pickled Vegetables;£1.28;£0.17/100ml;Mediterranean;null;null;null;null;null;null;null;null;
3507839;Melis Vine Leaves in Brine;£1.34;£0.18/100ml;Mediterranean;null;null;null;null;null;null;null;null;
2751822;Nuh'un Ankara Makarnasi Makaroni Dirsek Elbow 500g;£0.73;£1.46/kg;Mediterranean;null;null;null;null;null;null;null;null;
3277871;Ekoland Fruit Tea - Fruits of the Forest 300g;£0.98;£0.32/100g;Mediterranean;null;null;null;null;null;null;null;null;
3278065;Nestle Princessa White Chocolate Coconut Biscuits 48g;£0.63;£1.31/100g;Mediterranean;null;1;6;3;1;7;4;42;
3506977;Melis Pepper Paste;£2.98;£0.41/100ml;Mediterranean;null;null;null;null;null;null;null;null;
3992410;Knorr Potato Bacon & Onion 51g;£1.08;£2.12/100g;Mediterranean;null;3;12;null;3;null;null;null;
3507827;Melis Lemon Dressing;£0.47;£0.12/100ml;Mediterranean;null;null;null;null;null;null;null;null;
3688357;Sesame Snaps with Yogurt 30g;£0.80;£2.67/100g;Mediterranean;null;null;null;null;null;null;null;null;
2304059;Cypressa Mixed Nuts Bar 60g;£1.04;£1.73/100g;Mediterranean;null;null;null;null;null;null;null;null;
3507855;Melis Pickled Hot Peppers;£1.08;£0.29/100ml;Mediterranean;null;null;null;null;null;null;null;null;
3507865;Melis Roasted Aubergine Salad;£1.95;£0.33/100ml;Mediterranean;null;null;null;null;null;null;null;null;
2967403;Elmaha Halal Chicken Lucheon Meat 340g;£1.48;£0.43/100g;Mediterranean;null;null;null;null;null;null;null;null;
3501998;Onassis Greek Gigantes Baked Giant Beans 280g;£1.20;£0.42/100g;Mediterranean;null;8;null;3;null;null;null;null;
4182784;Knorr Chicken Soup;£0.50;£4.17/100g;Mediterranean;null;0.7;4;null;0.4;null;null;null;
2747067;Nuh'un Ankara Makarnasi Fusilli Pasta 500g;£0.78;£1.56/kg;Mediterranean;null;null;null;null;null;null;null;null;
2967381;Greenfields Zahter Blended Thyme 100g;£1.34;£0.13/10g;Mediterranean;null;null;null;null;null;null;null;null;
2747073;Nuh'un Ankara Makarnasi Makaroni Firin Bucati 500g;£0.78;£1.56/kg;Mediterranean;null;10.5;null;null;null;null;null;null;
2751826;Nuh'un Ankara Makarnasi Makaroni Spaghetti 500g;£0.78;£1.56/kg;Mediterranean;null;null;null;null;null;null;null;null;
4791735;Bodrum Baby Pepperoni 330g;£1.50;£0.83/100g;Mediterranean;null;1;9;null;1;null;null;null;
4788021;Bodrum Dried Mint 50g;£1.00;£0.20/10g;Mediterranean;null;null;null;null;null;null;null;null;
4788011;Bodrum Farm Selection Cauliflower Pickled 670g;£1.50;£0.40/100g;Mediterranean;null;45;24;null;42;null;null;null;
4791745;Bodrum Farm Selection Green Hot Pepper 630g;£1.50;£0.46/100g;Mediterranean;null;76;8;null;5;null;null;null;
4788015;Bodrum Farm Selection Jalapeno 680g;£1.50;£0.38/100g;Mediterranean;null;1;9;null;1;null;null;null;
4791707;Bodrum Farm Selection Tahini 300g;£2.48;£8.27/kg;Mediterranean;692;5;2;null;62;null;null;null;
4788013;Bodrum Gherkin 670g;£1.50;£0.41/100g;Mediterranean;null;44;43;null;18;null;null;null;
3276448;OKF Aloe Vera King Natural Drink;£2.00;£0.13/100ml;Oriental & Far East;null;null;9;8;null;null;null;0.02;
3059805;Mae Ploy Green Curry Paste 400g;£1.80;£0.45/100g;Oriental & Far East;null;null;null;null;null;null;null;null;
3059155;Heathy Boy Thai sweet chili sauce;£1.40;£0.20/100ml;Oriental & Far East;null;null;null;null;null;null;null;null;
3059779;Mekong Rice Vermicelli 400g;£1.70;£0.42/100g;Oriental & Far East;null;7;85;0;0;0;null;0;
3059149;Yeo's Satay Sauce;£1.28;£0.51/100ml;Oriental & Far East;null;null;null;null;null;null;null;null;
3051985;Nong Shim Big Bowl Noodle Spicy 114g;£1.00;£0.87/100g;Oriental & Far East;null;9.8;76.5;4.8;15.0;null;null;null;
3051989;Nong Shim Big Bowl Noodle Kimchi 112g;£1.00;£0.89/100g;Oriental & Far East;null;9.7;77.1;6.6;14.6;null;null;null;
3276410;Nong Shim Oolongmen Noodles with Chicken 75g;£0.74;£9.87/kg;Oriental & Far East;332;7.1;47.9;null;12.4;null;null;null;
3925992;Nong Shim OoLongmen Beef Flavour 75g;£0.74;£9.87/kg;Oriental & Far East;332;7.7;47.4;null;12.4;null;null;null;
3276412;Nong Shim Oolongmen Seafood Noodles 75g;£0.74;£9.87/kg;Oriental & Far East;340;8.3;49.3;null;12.1;null;null;null;
3051987;Nong Shim Noodle Soup Cup 75g;£0.72;£0.96/100g;Oriental & Far East;null;null;null;null;null;null;null;null;
3059159;Foco Coconut Juice;£0.80;£0.22/100ml;Oriental & Far East;null;null;null;null;null;null;null;null;
3051973;Nong Shim Shin Ramyun Hot and Spicy Noodle Soup 120g;£0.65;£0.54/100g;Oriental & Far East;null;null;null;null;null;null;null;null;
3051971;Nong Shim Seafood & Spicy Ramen 120g;£0.65;£0.54/100g;Oriental & Far East;null;null;null;null;null;null;null;null;
3051977;Nong Shim An Sung Tang Myun Ramyun Hot & Spicy 125g;£0.58;£0.46/100g;Oriental & Far East;540;11.4;81.3;5.9;18.5;8.7;null;null;
2949730;Nissin Demae Ramen Chicken 100g;£0.45;£4.50/kg;Oriental & Far East;null;null;null;null;null;null;null;null;
3059145;Nissin Demae Ramen Sesame Flavour 100g;£0.45;£0.45/100g;Oriental & Far East;null;null;null;null;null;null;null;null;
3059180;Nissin Demae Ramen Pork 100g;£0.45;£0.45/100g;Oriental & Far East;null;null;null;null;null;null;null;null;
3051983;Samlip Fresh Udong 200g;£0.42;£0.21/100g;Oriental & Far East;null;4;25.6;0.6;1;0.5;0.8;null;
3059143;Indo Mie Mi Goreng Halal Instant Fried Noodles 80g;£0.40;£0.50/100g;Oriental & Far East;null;7.7;49.0;9.2;17.3;null;2.0;null;
4788336;Flying Goose Sriracha Hot Chilli Sauce;£3.00;£0.65/100ml;Oriental & Far East;null;null;null;null;null;null;null;null;
4788366;Gilco Pocky Strawberry Flavour;£1.20;£2.67/100g;Oriental & Far East;null;null;null;null;null;null;null;null;
4796240;Goldfish Original Chinese Curry Sauce Concentrate 405g;£1.98;£0.49/100g;Oriental & Far East;null;null;null;null;null;null;null;null;
4791711;Kimchi Oriental Style Instant Noodle;£0.49;£5.44/kg;Oriental & Far East;null;1.5;11;0.7;2.8;1.5;0.3;1;
4791683;Kong Moon Rice Vermicelli Rice Stick;£1.70;£4.25/kg;Oriental & Far East;null;6.5;86.8;0;1.0;0.3;2.4;null;
4791703;Kongmoon Premium Dark Soy Sauce 500ml;£1.25;£0.25/100ml;Oriental & Far East;null;7.4;4.4;4.4;0;0;null;20.51;
4791705;Kongmoon Premium Light Soy Sauce;£1.25;£0.25/100ml;Oriental & Far East;null;5.1;3.9;3.9;0;0;null;15.79;
4791691;Mae Krua Oyster Sauce;£2.19;£0.36/100ml;Oriental & Far East;null;0.5;10.2;9.6;0.0;0.0;0.0;null;
4791721;Mama Cup Rice Noodles Tom Saab Flavour 50g;£0.75;£15.00/kg;Oriental & Far East;null;0.9;11;1.3;0.9;0.4;null;0.85;
4791709;Mama Hot & Spicy Flavour Oriental Style Instant Noodles;£0.49;£5.44/kg;Oriental & Far East;null;1.5;11;0.7;2.8;1.5;0.3;1;
4791717;Mama Instant Noodles Chicken Flavour 70g;£0.75;£10.71/kg;Oriental & Far East;null;null;null;null;null;null;null;null;
4791719;Mama Instant Noodles Shrimp Tom Yum Flavour 70g;£0.75;£10.71/kg;Oriental & Far East;null;null;null;null;null;null;null;null;
4792546;Orient Stir Fry Noodle Hokkien Style 350g;£1.35;£3.86/kg;Oriental & Far East;null;5;36.1;0.1;0.8;0.1;null;0.2;
4796274;Paldo Nature's Aloe Vera Green Tea Flavor;£1.00;£0.20/100ml;Oriental & Far East;null;null;null;null;null;null;null;null;
4788372;Samyang Korean Kimchi Flavour Noodle Soup 120g;£0.80;£6.67/kg;Oriental & Far East;null;null;null;null;null;null;null;null;
4788374;Samyang Seafood Flavour Noodle Soup 120g;£0.80;£6.67/kg;Oriental & Far East;null;null;null;null;null;null;null;null;
4788061;Sau Tao Hand Made Amoy Flour Vermicell 300g;£1.50;£5.00/kg;Oriental & Far East;null;12.9;73.9;0.0;0.8;0.0;null;3.8;
4788065;Sau Tao Shanghai Noodles 340g;£1.20;£3.53/kg;Oriental & Far East;null;12.7;73.3;2.0;0.0;0.0;null;1.3;
4788380;Squid Brand Fish Sauce;£1.98;£0.27/100ml;Oriental & Far East;null;null;null;null;null;null;null;null;
4785318;Vamino Soy Drink;£0.70;£0.23/100ml;Oriental & Far East;250;8;32;30;10;null;null;null;
4796270;Wai Wai Palo Duck Noodle;£0.60;£10.00/kg;Oriental & Far East;null;null;null;null;null;null;null;null;
3389026;Yutaka Tempura Batter Mix 150g;£1.89;£1.26/100g;Oriental & Far East;null;7.6;79;3;0.8;0.3;null;0.18;
2824152;7 Days Croissant with Caramel Filling 60g;£0.60;£1.00/100g;Polish;null;7;41;null;28;null;null;null;
4775832;7 Days Doub!e Max Cocoa & Vanilla Flavour Fillings 80g;£0.60;£7.50/kg;Polish;null;null;null;null;null;null;null;null;
4787842;Agrovita Hunter's Stew 500g;£1.59;£0.31/100g;Polish;null;null;null;null;null;null;null;null;
3277975;Artlex Brown Spaghetti;£0.35;£1.56/kg;Polish;null;null;null;null;null;null;null;null;
2801592;Baltonowski Polish white bread 800g;£1.00;£0.12/100g;Polish;null;null;null;null;null;null;null;null;
4784937;Black Mojito Energy Drink Can;£0.49;£0.19/100ml;Polish;null;null;null;null;null;null;null;null;
3277845;Caprio Multivitamin Juice;£1.00;£0.5/100ml;Polish;null;null;null;null;null;null;null;null;
4368074;Cheetos Cheese Big Bag 85g;£1.00;£1.18/100g;Polish;null;5.6;63.5;5.7;22.1;1.8;1.3;null;
4629353;Delecta Oetker Kopiec Kreta Instant Cake;£2.40;£6.15/kg;Polish;null;null;null;null;null;null;null;null;
4775834;Dobre Beetroots with Horseradish Puree 320g;£0.75;£2.34/kg;Polish;null;null;null;null;null;null;null;null;
3275368;Dobre Bell Pepper Salad;£1.00;£0.11/100ml;Polish;null;null;null;null;null;null;null;null;
3275382;Dobre Pickled Gherkins;£1.00;£0.11/100ml;Polish;null;null;null;null;null;null;null;null;
4775838;Dobre Pickled Red Pepper 370g;£0.75;£2.03/kg;Polish;null;null;null;null;null;null;null;null;
4775836;Dobre Pickled Whole Mushrooms 320g;£1.00;£3.12/kg;Polish;null;null;null;null;null;null;null;null;
4622447;Dobre Sour Cucumbers Puree;£0.90;£0.30/100ml;Polish;null;null;null;null;null;null;null;null;
3275384;Dobre Sour Pickled Cucumber;£1.00;£0.11/100ml;Polish;null;null;null;null;null;null;null;null;
4775842;Dobre Swedish Salad 370g;£0.75;£2.03/kg;Polish;null;null;null;null;null;null;null;null;
4718415;Dr. Oetker Cherry Soft Jelly 38g;£0.45;£11.84/kg;Polish;null;0;5;null;0;null;null;03;
4624816;Dr. Oetker Chocolate Pudding;£0.59;£7.38/kg;Polish;null;2;0;null;9;null;null;12;
4624812;Dr. Oetker Raspberry Soft Jelly 38g;£0.45;£1.18/100g;Polish;null;0;5;null;0;null;null;03;
4775878;E. Wedel Panna Cotta Milk Chocolate Bar;£2.10;£0.73/100g;Polish;505;0;4;4;5;2;null;25;
4775900;E. Wedel Peach and Cranberry Milk Chocolate Bar;£1.20;£1.20/100g;Polish;null;null;null;null;null;null;null;null;
4775880;E. Wedel Tiramisu Filled Chocolate Bar;£2.10;£0.71/100g;Polish;null;null;null;null;null;null;null;null;
2129948;E.Wedel Chocolate filled with Strawberry Milk;£0.95;£0.95/100g;Polish;null;null;null;null;null;null;null;null;
4775882;E.Wedel Dark Choc Covered Marshmallows;£3.49;£0.91/100g;Polish;null;8;57;48;22;14;null;06;
4634832;E.Wedel Dark Chocolate Covered Vanilla Marshmallo;£3.49;£0.91/100g;Polish;null;null;null;null;null;null;null;null;
4344428;E.Wedel Dark Chocolate with Cherry Filling;£0.95;£0.95/100g;Polish;null;null;null;null;null;null;null;null;
4775894;E.Wedel Doskonala harmonia mleka i wedlowskiej czekolady / Milk Chocolate;£0.95;£0.95/100g;Polish;null;null;null;null;null;null;null;null;
2129944;E.Wedel Sezamki AHA / Sesame snaps;£0.25;£0.91/100g;Polish;null;null;null;null;null;null;null;null;
4622482;E.Wedel Supreme Jaffa Cakes Orange;£0.80;£0.54/100g;Polish;null;null;null;null;null;null;null;null;
4622480;E.Wedel Supreme Jaffa Cakes Raspberry;£0.80;£0.54/100g;Polish;null;null;null;null;null;null;null;null;
3277871;Ekoland Fruit Tea - Fruits of the Forest 300g;£0.98;£0.32/100g;Polish;null;null;null;null;null;null;null;null;
3900086;Goplana Grzeski Chocolate Hazelnut Cream Wafer;£0.39;£1.08/100g;Polish;null;9.5;55.4;null;31.8;null;null;null;
3274325;Graal Mackerel Fillets in Tomato Sauce;£1.00;£0.58/100g;Polish;null;null;null;null;null;null;null;null;
3274323;Graal Sprats in Tomato;£1.00;£0.58/100g;Polish;null;null;null;null;null;null;null;null;
3265512;Island Sun Ground Rice 500g;£0.64;£0.12/100g;Polish;null;null;null;null;null;null;null;null;
3265510;Island Sun White Maize Meal;£0.57;£0.11/100g;Polish;null;null;null;null;null;null;null;null;
2278903;Jutrzenka Coconut Wafers;£0.78;£0.43/100g;Polish;null;4;9;null;35;null;null;null;
2278901;Jutrzenka Cream Wafers;£0.78;£0.43/100g;Polish;null;2;null;10;null;null;null;null;
3278033;Jutrzenka Familijne Chocolate Wafers;£0.78;£0.43/100g;Polish;null;3;6;null;7;null;null;null;
2278905;Jutrzenka Peanut Wafers;£0.78;£0.43/100g;Polish;null;2;null;7;null;null;0;null;
2278907;Jutrzenka Strawberry Wafers;£0.78;£0.43/100g;Polish;null;5;8;null;27;null;null;null;
4787599;Kamis Bay Leaves 6g;£0.50;£0.83/10g;Polish;null;null;null;null;null;null;null;null;
4787619;Kamis Fish Seasoning 20g;£0.50;£0.25/10g;Polish;null;null;null;null;null;null;null;null;
4787609;Kamis Gold Chicken Seasoning 30g;£0.50;£0.16/10g;Polish;null;null;null;null;null;null;null;null;
4787617;Kamis Grill - Spicy Seasoning 25g;£0.50;£0.20/10g;Polish;null;null;null;null;null;null;null;null;
4787603;Kamis Herbal Pepper 15g;£0.50;£0.33/10g;Polish;null;null;null;null;null;null;null;null;
4787605;Kamis Herbs Seasoning for Poultry 15g;£0.50;£0.33/10g;Polish;null;null;null;null;null;null;null;null;
4787623;Kamis Ketchup 300g;£1.25;£0.41/100g;Polish;null;null;null;null;null;null;null;null;
4787601;Kamis Majoram 9g;£0.50;£0.55/10g;Polish;null;null;null;null;null;null;null;null;
3278035;Kamis Mustard Saperska;£1.00;£0.35/100g;Polish;null;4;1;null;1;null;null;null;
4787613;Kamis Sparerib Seasoning 25g;£0.50;£0.20/10g;Polish;null;null;null;null;null;null;null;null;
4787611;Kamis Traditional Polish Chicken Seasoning 25g;£0.50;£0.20/10g;Polish;null;null;null;null;null;null;null;null;
4534328;Knorr Diabolo Pomidoro Instant Hot Tomato Soup with Noodles;£0.50;£0.79/100g;Polish;null;5;10;5;3;5;7;1;
4775852;Knorr Garlic Herbal Salad Sauce;£0.50;£55.56/kg;Polish;null;4;7;4;48;7;3;1;
3331347;Knorr Garlic Salad Sauce;£0.75;£83.33/kg;Polish;null;8;13;6;24;2;2;5;
3992410;Knorr Potato Bacon & Onion 51g;£1.08;£2.12/100g;Polish;null;3;12;null;3;null;null;null;
4775854;Knorr Salad Sauce For Cucumbers;£0.50;£55.56/kg;Polish;null;5;11;null;2;null;null;null;
4775856;Knorr Spices in Mini Cubes Garlic 35g;£0.75;£21.43/kg;Polish;null;14;39;3.5;14;9;0.6;24;
4534332;Knorr Tomato Noodles;£0.50;£0.76/100g;Polish;null;2;13;null;4;null;null;null;
4780950;BTM Jack Mackerel in Natural Juice with Salt Added 425g;£1.49;£3.51/kg;Sri Lankan;null;null;null;null;null;null;null;null;
4780952;BTM Jack Mackerel in Tomato Sauce 425g;£1.49;£3.51/kg;Sri Lankan;null;null;null;null;null;null;null;null;
4780946;BTM Mackerel in Brine 425g;£0.99;£2.33/kg;Sri Lankan;null;13;null;0;null;null;null;null;
4780948;BTM Mackerel in Tomato Sauce 425g;£0.99;£2.33/kg;Sri Lankan;null;10;null;1;null;null;null;null;
4781292;Elakkia Pakod 175g;£0.99;£5.66/kg;Sri Lankan;null;null;null;null;null;null;null;null;
4781294;Elakkia Sri Lankan Mixture 175g;£0.99;£5.66/kg;Sri Lankan;null;null;null;null;null;null;null;null;
4781304;Munchee Biscuits Chocolate Puff 200g;£0.70;£0.35/100g;Sri Lankan;null;null;null;null;null;null;null;null;
4781308;Munchee Chocolate Cream Biscuits 400g;£1.50;£0.37/100g;Sri Lankan;null;1.44;15.84;6.78;4.64;null;null;null;
4781310;Munchee Gem Biscuits 100g;£0.60;£0.60/100g;Sri Lankan;null;null;null;null;null;null;null;null;
4781300;Munchee Marie Biscuits 400g;£1.50;£0.37/100g;Sri Lankan;null;null;null;null;null;null;null;null;
4781306;Munchee Super Cream Cracker 500g;£1.50;£0.30/100g;Sri Lankan;null;null;null;null;null;null;null;null;
4781240;Niru Coconut Water;£0.70;£0.24/100ml;Sri Lankan;null;0.1;9;null;0.1;null;null;null;
4781264;Niru Dried Anchovy 100g;£1.59;£15.90/kg;Sri Lankan;null;null;null;null;null;null;null;null;
4781246;Niru Faluda Drink;£1.00;£0.34/100ml;Sri Lankan;null;null;null;null;null;null;null;null;
4781270;Niru Festival Instant Noodles with Vegetables Chicken Flavour 300g;£1.49;£4.97/kg;Sri Lankan;null;null;null;null;null;null;null;null;
4781258;Niru Golden Breadcrumb 500g;£1.49;£0.29/100g;Sri Lankan;null;null;null;null;null;null;null;null;
4781262;Niru Hot Chilli Sauce;£2.99;£0.68/100ml;Sri Lankan;null;null;null;null;null;null;null;null;
4781254;Niru Jack Fruit in Syru 565g;£1.20;£2.12/kg;Sri Lankan;null;null;null;null;null;null;null;null;
4781248;Niru Jaggery 400g;£1.20;£0.30/100g;Sri Lankan;null;null;null;null;null;null;null;null;
4781232;Niru Katta Sambol 350g;£2.99;£8.54/kg;Sri Lankan;null;2;10;3.3;0.2;0;1.7;null;
4781236;Niru Nelli Amla Flavour Drink 5l;£1.39;£0.9/100ml;Sri Lankan;61;0;15.87;15.87;0;0;0;null;
4781250;Niru Orange Soda 5l;£1.39;£0.9/100ml;Sri Lankan;null;null;null;null;null;null;null;null;
4781238;Niru Parboiled Country Rice;£1.69;£1.69/kg;Sri Lankan;null;null;null;null;null;null;null;null;
4781244;Niru Ponni Boiled Rice;£1.69;£1.69/kg;Sri Lankan;null;null;null;null;null;null;null;null;
4781252;Niru Quento 5l;£1.39;£0.9/100ml;Sri Lankan;null;null;null;null;null;null;null;null;
4781228;Niru Red Coconut Sambol 300g;£2.49;£8.30/kg;Sri Lankan;null;2.7;13.1;4.6;22.1;19.6;6.1;null;
4781230;Niru Seeni Sambol 350g;£2.99;£8.54/kg;Sri Lankan;null;2.7;16.5;12.2;5.05;3.4;1.5;null;
4781274;Niru Sesame Oil 375g;£2.99;£0.79/100g;Sri Lankan;null;null;null;null;null;null;null;null;
4781242;Niru Sri Lankan Cinnamon Sticks 50g;£1.49;£29.80/kg;Sri Lankan;null;null;null;null;null;null;null;null;
4781298;Samaposha Processed Cereal for Children & Adult 200g;£0.60;£0.30/100g;Sri Lankan;null;null;null;null;null;null;null;null;
4781280;Suryaa Puttu Flour Red;£1.69;£1.69/kg;Sri Lankan;null;null;null;null;null;null;null;null;
4781284;Suryaa Roasted Curry Powde 500g;£2.99;£5.98/kg;Sri Lankan;null;null;null;null;null;null;null;null;
4781286;Suryaa Roasted Curry Powder 500g;£2.99;£5.98/kg;Sri Lankan;null;null;null;null;null;null;null;null;
4781282;Suryaa Roasted Red Rice Flour;£1.69;£1.69/kg;Sri Lankan;null;null;null;null;null;null;null;null;
4781278;Suryaa String Hoppers Flour Red;£1.69;£1.69/kg;Sri Lankan;null;null;null;null;null;null;null;null;
4781276;Suryaa Wheat Flour;£1.69;£1.69/kg;Sri Lankan;null;null;null;null;null;null;null;null;
4780956;YumYum Chicken Flavour 60g;£0.25;£4.17/kg;Sri Lankan;null;null;null;null;null;null;null;null;
4780960;YumYum Shrimp Flavour 60g;£0.25;£4.17/kg;Sri Lankan;null;null;null;null;null;null;null;null;
4780962;YumYum Vegetable Flavour 60g;£0.25;£4.17/kg;Sri Lankan;null;null;null;null;null;null;null;null;
4796366;Butcher's Selection 4 Quarter Pounder Beef Burgers 454g;£2.50;£5.51/kg;Burgers & Grills;null;28.1;null;null;18.4;8.1;null;0.8;
4796364;Butcher's Selection 4 Aberdeen Angus Quarter Pounder Beef Burgers 454g;£3.00;£6.61/kg;Burgers & Grills;null;22.9;3.7;0.1;17.0;7.5;null;0.7;
2538208;ASDA Beef Burgers 227g;£1.25;£5.51/kg;Burgers & Grills;262;19.3;7.4;0.9;17.2;7.3;null;1.0;
4622325;ASDA Cook from Frozen Bacon & Cheese British Beef Quarter Pounders 454g;£2.50;£5.51/kg;Burgers & Grills;255;20.6;6.3;0.1;16.4;7.5;null;0.8;
4622327;ASDA Cook from Frozen Hot & Spicy British Beef Quarter Pounders 454g;£2.50;£5.51/kg;Burgers & Grills;275;18.6;7.2;1.2;19.1;8.3;null;0.6;
4571381;ASDA Chosen by You Cook From Frozen Minted Lamb Burgers 454g;£2.50;£5.51/kg;Burgers & Grills;null;19.6;8.6;2.2;11.0;5.5;null;0.8;
4796400;Dalepak Lamb Kebab Style Grills 292g;£1.50;£5.14/kg;Burgers & Grills;null;13.9;8.6;0.0;20.8;null;0.0;0.61;
1552738;ASDA Chosen by You Cook From Frozen Beef Quarter Pounders 454g;£2.25;£4.96/kg;Burgers & Grills;null;null;null;null;null;null;null;null;
415720;Birds Eye Original Beef Burgers with Onion 227g;£1.00;£4.41/kg;Burgers & Grills;null;null;null;null;null;null;null;null;
3840188;Birds Eye Original Beef Burgers with Onion 680g;£4.28;£6.29/kg;Burgers & Grills;null;14.6;2.7;1.1;24.8;8.4;0.4;0.73;
3169615;Birds Eye Original Beef Quarter Pounders with Onion 454g;£2.48;£5.46/kg;Burgers & Grills;null;14.6;2.7;1.1;24.8;8.4;0.4;0.73;
3169619;Birds Eye Premium Beef Quarter Pounders 454g;£3.59;£7.91/kg;Burgers & Grills;null;16.5;1.9;0.2;28.6;9.7;0.3;0.65;
4571395;Birds Eye Premium Smokey BBQ Quarter Pounders 454g;£3.29;£7.25/kg;Burgers & Grills;null;16.4;2.4;1.6;26.2;9.0;0.3;0.80;
2982907;Dalepak Gammon Grills 85g;£1.50;£4.41/kg;Burgers & Grills;null;13.3;5.0;0.6;26.6;11.5;0.3;1.3;
4624976;Dohertys Gluten Free Superior Beef Burgers 454g;£3.00;£6.61/kg;Burgers & Grills;null;null;null;null;null;null;null;null;
511179;ASDA Smartprice Beef Burgers 397g;£1.10;£2.77/kg;Burgers & Grills;null;null;null;null;null;null;null;null;
3835447;ASDA Chosen by You Butcher's Choice Pork Sausages 600g;£2.50;£4.17/kg;Sausages;248;15.8;7.2;0.3;17.1;6.1;0.9;1.0;
3222545;ASDA Chosen by You Cook from Frozen Thick Pork Sausages;£1.97;£1.97/kg;Sausages;225;16.7;13.4;0.6;11.4;4.2;0.9;1.3;
3371293;ASDA Chosen by You Cook From Frozen Irish Recipe Sausages 907g;£2.50;£2.76/kg;Sausages;230;13.3;12.2;0.5;13.9;4.5;1.5;1.2;
3387797;ASDA Chosen by You Butcher's Choice Cumberland Sausages 600g;£2.50;£4.17/kg;Sausages;245;15.1;8.1;0.9;16.7;5.8;1.0;1.2;
4518301;ASDA Chosen by You Pork & Beef Sausages 907g;£2.50;£2.76/kg;Sausages;236;9.3;15.4;0.6;15.0;5.8;1.2;1.3;
3387799;ASDA Chosen by You Butcher's Choice Lincolnshire Sausages 600g;£2.50;£4.17/kg;Sausages;234;15.6;8.5;0.3;14.8;5.3;2.4;1.0;
4406462;ASDA Chosen by You Battered Pork Sausages 560g;£1.50;£2.68/kg;Sausages;278;11.9;16.4;0.7;18.0;5.6;1.8;1.0;
1032861;Richmond Family Classic Thick Freshly Frozen Sausages 725g;£2.90;£4.00/kg;Sausages;null;12;16;0.9;16;8.1;null;2.2;
3840338;Richmond Skinless Freshly Frozen Sausages 479g;£1.78;£3.72/kg;Sausages;null;10.3;11.5;0.4;22.3;9.3;1.4;2.3;
3355332;Dohertys Gluten Free Sausages 454g;£2.00;£4.41/kg;Sausages;null;null;null;null;null;null;null;null;
4101902;ASDA Smartprice Sausages 907g;£0.99;£1.09/kg;Sausages;236;9.9;17.2;1.3;14.1;4.7;0.5;1.3;
4796358;Butcher's Selection Diced Beef 454g;£3.00;£6.61/kg;Beef;null;28.3;null;null;10.9;3.7;null;0.5;
4796354;Butcher's Selection Beef Mince 907g;£4.00;£4.41/kg;Beef;null;17.8;3.8;0.1;19.0;10.6;0.3;0.3;
4796352;Butcher's Selection Reduced Fat Beef Mince 454g;£3.00;£6.61/kg;Beef;null;25.5;0.4;null;12.7;4.9;null;0.4;
4725989;ASDA Chosen by You Cook from Frozen Minced Beef & Onions 500g;£2.35;£4.70/kg;Beef;228;12.3;1.1;1.0;18.4;8.0;4.3;0.2;
4725985;ASDA Chosen by You Cook From Frozen Bolognese Minced Beef 500g;£2.35;£4.70/kg;Beef;139;9.1;4.8;2.2;8.9;3.8;1.7;0.5;
1057572;ASDA Smartprice Mince 454g;£1.72;£3.79/kg;Beef;null;21.1;1.8;0.1;25.2;10.8;0.5;0.4;
4796362;Butcher's Selection Diced Pork 454g;£2.50;£5.51/kg;Lamb & Pork;null;22.6;0.4;null;12.8;4.6;null;0.2;
2944194;ASDA Chosen by You Pork Steaks 500g;£2.00;£4.00/kg;Lamb & Pork;190;30.0;null;null;7.8;2.9;null;0.2;
4809741;Butcher's Selection Pork Loin Chops 800g;£3.50;£4.38/kg;Lamb & Pork;257;30.1;0.1;0.1;15.0;6.1;0.5;0.2;
4796356;Butcher's Selection Lamb Mince 454g;£2.50;£5.51/kg;Lamb & Pork;null;23.1;2.2;0.1;25.9;13.0;0.5;0.3;
4809743;Butcher's Selection Lamb Chops 800g;£4.50;£5.62/kg;Lamb & Pork;308;24.7;null;null;23.2;10.8;null;0.2;
3835610;ASDA Chosen by You Minted Lamb Chops 400g;£3.00;£7.50/kg;Lamb & Pork;null;21.0;2.0;1.5;31.4;16.3;null;0.7;
455133;Bernard Matthews Turkey Breast Roast Easy Roast 450g;£2.50;£5.56/kg;Roasting Joints;null;18.6;1.0;0.4;5.1;1.7;0.0;null;
4796394;ASDA Chosen by You Chicken Breast Joint with Stuffing 550g;£3.00;£5.45/kg;Roasting Joints;null;22.3;5.1;1.2;6.0;2.0;0.5;0.6;
4796392;ASDA Chosen by You Chicken Breast Joint with Bacon Lattice 550g;£3.00;£5.45/kg;Roasting Joints;null;25.4;0.1;0.1;9.9;3.5;0.5;0.5;
4809751;Butcher's Selection Chicken Breast Fillets 750g;£5.50;£7.33/kg;Fillets;null;30.7;null;null;1.7;0.4;null;0.2;
4809749;Butcher's Selection Chicken Breast Mini Fillets 500g;£3.50;£7.00/kg;Fillets;null;30.7;null;null;1.7;0.4;null;0.2;
4406426;ASDA Chosen by You Chicken Breast Mini Fillets 400g;£1.97;£4.92/kg;Fillets;null;24.0;0.1;0.1;1.4;0.4;0.5;0.8;
4578126;ASDA Chosen by You Cook From Frozen Chicken Breast Chunks 850g;£4.00;£4.71/kg;Fillets;null;28.0;0.2;0.2;0.8;0.3;0.3;0.5;
2725330;ASDA Chosen by You Cook From Frozen Chicken Breast Fillets;£5.00;£5.00/kg;Fillets;null;23.3;0.1;0.1;2.5;0.8;0.3;0.6;
2825623;ASDA Chosen by You Cook From Frozen Chicken Breast Fillets 500g;£1.97;£3.94/kg;Fillets;null;26.5;0.1;0.1;2.7;0.8;0.3;0.6;
4796394;ASDA Chosen by You Chicken Breast Joint with Stuffing 550g;£3.00;£5.45/kg;Fillets;null;22.3;5.1;1.2;6.0;2.0;0.5;0.6;
4796392;ASDA Chosen by You Chicken Breast Joint with Bacon Lattice 550g;£3.00;£5.45/kg;Fillets;null;25.4;0.1;0.1;9.9;3.5;0.5;0.5;
2825625;ASDA Smartprice Chicken Breast Fillets;£3.95;£3.95/kg;Fillets;null;23.9;0.1;0.1;1.7;0.4;0.5;1.0;
2305665;ASDA Chosen by You Chicken Livers 227g;£0.50;£2.20/kg;Pieces;null;21.4;0.6;0.6;7.1;1.8;null;null;
2305667;ASDA Chosen by You Cook From Frozen Chicken Breast Chunks 400g;£1.97;£4.92/kg;Pieces;null;28.0;0.2;0.2;0.8;0.3;0.3;0.5;
2970534;ASDA Chosen by You Cooked Chicken Breast Strips 350g;£1.97;£5.63/kg;Pieces;114;24.5;0.4;0.1;1.5;0.5;0.5;0.6;
4370373;ASDA Chosen by You Cooked Diced Chicken Breast 350g;£2.50;£7.14/kg;Pieces;null;24.7;0.5;0.1;1.6;0.4;0.5;0.5;
4011455;ASDA Chosen by You Cooked Flame Grilled Chicken Breast Strips 350g;£2.50;£7.14/kg;Pieces;120;26.0;0.3;0.3;1.5;0.5;0.5;null;
4011457;ASDA Chosen by You Cooked Hot & Spicy Chicken Breast Strips 350g;£2.50;£7.14/kg;Pieces;114;22.8;1.7;1.0;1.7;0.5;0.5;0.7;
3967320;ASDA Chosen by You Cooked Tikka Chicken Breast Strips 350g;£2.20;£6.29/kg;Pieces;130;23.4;5.1;2.0;1.5;0.4;1.0;0.6;
4025099;ASDA Chosen by You Simply Cook Chicken Fajita Mix 454g;£2.35;£5.18/kg;Pieces;134;20.0;5.2;5.1;3.3;0.9;1.8;0.6;
4809745;Butcher's Selection Chicken Thighs 900g;£2.50;£2.78/kg;Thighs & Drumsticks;null;22.3;null;null;20.0;6.6;null;0.3;
4809747;Butcher's Selection Chicken Drumsticks 900g;£2.50;£2.78/kg;Thighs & Drumsticks;null;25.8;null;null;9.1;2.5;null;0.3;
2835464;ASDA Smartprice Chicken Portions;£1.89;£1.89/kg;Thighs & Drumsticks;null;24.7;null;null;17.9;4.7;0.5;0.3;
3535402;ASDA Hot & Spicy 100% Chicken Breast Fillets 400g;£2.50;£6.25/kg;Fillets, Grills & Portions;null;20.1;13.5;1.3;8.0;3.3;0.5;0.7;
3535400;ASDA Southern Fried 100% Chicken Breast Fillets 400g;£2.50;£6.25/kg;Fillets, Grills & Portions;null;18.8;14.3;0.3;8.8;3.7;0.5;0.6;
4175337;ASDA Chosen by You BBQ Chicken Breast Fillets 300g;£2.00;£6.67/kg;Fillets, Grills & Portions;null;27.0;4.7;3.6;2.0;0.9;0.5;0.7;
2722473;ASDA Chosen by You Battered Chicken Breast Steaks 380g;£1.50;£3.95/kg;Fillets, Grills & Portions;195;16.5;11.0;0.9;9.3;1.7;0.6;0.6;
3535398;ASDA Chosen by You Breaded 100% Chicken Breast Fillets 400g;£2.50;£6.25/kg;Fillets, Grills & Portions;null;18.2;13.0;0.4;9.8;4.0;0.5;0.6;
2722475;ASDA Chosen by You Breaded Chicken Breast Steaks 380g;£1.50;£3.95/kg;Fillets, Grills & Portions;217;16.7;11.2;0.9;11.5;1.9;0.9;0.6;
4175339;ASDA Chosen by You Hot & Spicy Chicken Breast Fillets 300g;£2.00;£6.67/kg;Fillets, Grills & Portions;null;24.0;4.6;3.1;2.6;1.0;0.5;0.7;
2722471;ASDA Chosen by You Southern Fried Chicken Breast Steaks 380g;£1.50;£3.95/kg;Fillets, Grills & Portions;205;16.8;11.0;0.9;10.3;1.8;0.7;0.4;
3541473;Birds Eye Crispy Chicken 170g;£1.68;£9.88/kg;Fillets, Grills & Portions;null;13.4;17.3;0.4;13.1;2.0;1.5;1.1;
3840190;Birds Eye Crispy Chicken Family Pack 510g;£2.77;£5.43/kg;Fillets, Grills & Portions;null;13.4;17.3;0.4;13.1;2.0;1.5;1.1;
4025947;Birds Eye Garlic & Herb Chicken 180g;£1.68;£9.33/kg;Fillets, Grills & Portions;null;15.2;20.6;0.5;13.2;1.5;1.0;1.1;
3541479;Birds Eye Hot & Spicy Chicken 180g;£1.00;£5.56/kg;Fillets, Grills & Portions;null;14.8;19.4;0.8;13.9;1.6;1.0;0.98;
4027210;Birds Eye Levi Roots Reggae Reggae Chicken Chargrills 174g;£1.68;£9.66/kg;Fillets, Grills & Portions;null;16.8;5.8;1.8;10.1;2.8;0.2;0.83;
4025945;Birds Eye Light & Crunchy Breaded Chicken 180g;£1.68;£9.33/kg;Fillets, Grills & Portions;null;15.0;21.8;0.7;12.8;1.5;0.9;0.96;
3840194;Birds Eye Original Chicken Chargrills 510g;£3.00;£5.88/kg;Fillets, Grills & Portions;null;17.3;4.5;0.5;9.6;2.3;0.2;0.93;
3541483;Birds Eye Original Chicken Chargrills 170g;£1.00;£5.88/kg;Fillets, Grills & Portions;null;17.3;4.5;0.5;9.6;2.3;0.2;0.93;
4027208;Birds Eye Peri Peri Chicken Chargrills;£1.00;£5.75/kg;Fillets, Grills & Portions;null;16.9;5.4;1.1;9.5;2.4;0.2;1.1;
3541489;Birds Eye Southern Fried Chicken 180g;£1.00;£5.56/kg;Fillets, Grills & Portions;null;15.3;19.7;1.0;13.3;1.6;1.2;1.2;
3840192;Birds Eye Southern Fried Chicken Big Family Pack 540g;£2.77;£5.13/kg;Fillets, Grills & Portions;null;15.3;19.7;1.0;13.3;1.6;1.2;1.2;
4025939;Birds Eye Sticky & Sweet BBQ Chicken Chargrills 174g;£1.68;£9.66/kg;Fillets, Grills & Portions;null;16.9;6.4;2.0;9.1;2.3;0.3;0.88;
4025949;Birds Eye Sweet & Smokey BBQ Chicken 180g;£1.68;£9.33/kg;Fillets, Grills & Portions;null;14.4;19.3;2.4;13.4;1.5;1.0;1.4;
4187266;Birds Eye Tikka Masala Chicken Chargrills 174g;£1.68;£9.66/kg;Fillets, Grills & Portions;null;17.0;5.3;1.3;9.8;2.6;0.3;0.85;
4796388;ASDA Chosen by You Chicken Breast Nuggets 600g;£2.00;£3.33/kg;Nuggets, Dippers & Shapes;269;13.4;14.2;3.3;17.5;2.9;0.5;0.6;
4796330;ASDA Chosen by You 34 Battered Chicken Breast Dippers 612g;£2.00;£3.27/kg;Nuggets, Dippers & Shapes;266;15.7;12.5;1.3;16.9;2.9;0.5;0.6;
4796332;ASDA Chosen by You 34 Breaded Chicken Breast Dippers 612g;£2.00;£3.27/kg;Nuggets, Dippers & Shapes;282;16.6;15.9;1.3;16.8;2.4;0.5;0.5;
4175335;ASDA Chosen by You Battered Chicken Breast Chunks 350g;£2.00;£5.71/kg;Nuggets, Dippers & Shapes;181;16.4;12.5;0.3;7.2;3.0;0.5;null;
3993188;ASDA Chosen by You Breaded Chicken Breast Chunks 350g;£2.00;£5.71/kg;Nuggets, Dippers & Shapes;210;15.9;17.8;0.3;8.0;3.2;1.4;0.5;
3814740;ASDA Chosen by You Breaded Chicken Nuggets 288g;£1.00;£3.47/kg;Nuggets, Dippers & Shapes;209;15.5;14.4;1.1;9.5;1.4;1.8;0.6;
4406424;ASDA Chosen by Kids Chicken Monster Feet 240g;£1.00;£4.17/kg;Nuggets, Dippers & Shapes;230;17.0;17.0;1.0;9.8;1.3;3.0;0.5;
4571375;ASDA Chosen by You Curry Chicken Breast Strips 350g;£2.00;£5.71/kg;Nuggets, Dippers & Shapes;242;17.5;19.9;1.2;10.2;3.8;0.5;0.5;
4571363;ASDA Chosen by You Garlic & Herb Chicken Breast Chunks 350g;£2.00;£5.71/kg;Nuggets, Dippers & Shapes;234;16.5;19.5;1.0;9.9;3.9;0.5;0.6;
3993196;ASDA Chosen by You Hot & Spicy Chicken Breast Strips 350g;£2.00;£5.71/kg;Nuggets, Dippers & Shapes;239;17.1;18.3;0.6;10.6;4.3;1.2;0.4;
3993198;ASDA Chosen by You Southern Fried Chicken Breast Strips 350g;£2.00;£5.71/kg;Nuggets, Dippers & Shapes;241;16.4;18.5;0.4;10.9;4.5;1.5;0.4;
1662241;ASDA Smartprice Breaded Chicken Nuggets 320g;£0.72;£2.25/kg;Nuggets, Dippers & Shapes;null;null;null;null;null;null;null;null;
3638410;Bernard Matthews Golden Drummers 500g;£2.00;£4.00/kg;Nuggets, Dippers & Shapes;null;13.7;11.9;1.1;13.7;2.4;0.4;0.5;
4406402;Bernard Matthews Kids' Favourites British Turkey Numbers 338g;£2.00;£5.92/kg;Nuggets, Dippers & Shapes;null;14.3;18.8;1.1;16.0;2.3;2.3;null;
3638414;Bernard Matthews Turkey Dinosaurs 500g;£2.00;£4.00/kg;Nuggets, Dippers & Shapes;null;12.3;17.6;1.7;17.8;2.9;2.2;0.8;
1714752;Birds Eye BBQ Mini Chicken Griddlers 204g;£1.00;£4.90/kg;Nuggets, Dippers & Shapes;null;13.4;7.8;1.3;11.4;2.8;3.0;0.70;
1962464;Birds Eye Breaded Chicken Dippers 440g;£1.89;£4.30/kg;Nuggets, Dippers & Shapes;null;14.0;21.9;0.4;10.7;1.3;0.9;1.0;
1714714;Birds Eye Chicken Fingers;£1.00;£4.00/kg;Nuggets, Dippers & Shapes;null;12.5;22.6;0.6;11.7;1.5;1.0;0.73;
2990495;Birds Eye Chicken Goujons 200g;£0.98;£4.90/kg;Nuggets, Dippers & Shapes;null;11.8;25.7;0.8;16.3;2.1;1.7;0.80;
3914765;Birds Eye Chicken Nuggets 630g;£4.25;£6.75/kg;Nuggets, Dippers & Shapes;null;14.3;22.1;0.5;11.9;1.5;1.0;1.0;
4406414;Birds Eye Chicken Space Shapes;£1.89;£5.40/kg;Nuggets, Dippers & Shapes;null;14.6;17.0;0.3;14.9;1.8;0.8;0.68;
1897350;Birds Eye Crispy Chicken Dippers 440g;£3.25;£7.39/kg;Nuggets, Dippers & Shapes;null;13.1;18.7;0.6;12.9;1.7;0.6;0.98;
1897356;Birds Eye Crispy Chicken Dippers 220g;£1.75;£7.95/kg;Nuggets, Dippers & Shapes;null;13.1;18.7;0.6;12.9;1.7;0.6;0.98;
2014072;Birds Eye Crispy Chicken Dippers Big Family Pack;£2.77;£3.60/kg;Nuggets, Dippers & Shapes;null;13.1;18.7;0.6;12.9;1.7;0.6;0.98;
4195772;Birds Eye Takeaway Feasts Barbecue Chicken Popstars 150g;£1.75;£11.67/kg;Nuggets, Dippers & Shapes;null;14.0;16.0;2.3;12.0;1.5;0.9;1.3;
4336821;Birds Eye Takeaway Feasts Southern Fried Chicken Popstars 150g;£1.00;£6.67/kg;Nuggets, Dippers & Shapes;null;17.0;19.0;1.4;14.0;1.9;1.1;1.7;
3029880;SFC Southern Fried Chicken Bargain Box 700g;£3.00;£4.29/kg;Nuggets, Dippers & Shapes;null;null;null;null;15.4;2.7;null;null;
4571437;SFC Take Home Boneless Bucket 650g;£3.00;£4.62/kg;Nuggets, Dippers & Shapes;null;null;null;null;null;null;null;null;
4848887;Gino's Golden Breaded Chicken Fingers 250g;£1.00;£4.00/kg;Nuggets, Dippers & Shapes;null;12.1;13.6;null;12;null;0.6;0.96;
4871593;ASDA Chosen by You Cheesy Garlic Mini Chicken Kievs 428g;£2.00;£4.67/kg;Kievs;273;11.5;17.5;3.2;17.1;4.0;1.7;0.6;
4871595;ASDA Chosen by You Chip Shop Curry Mini Chicken Kievs 428g;£2.00;£4.67/kg;Kievs;258;10.9;20.4;5.6;14.5;3.1;1.3;0.6;
1531373;ASDA Chosen by You Garlic Chicken Breast Kievs;£1.97;£3.94/kg;Kievs;null;12.2;16.1;1.1;18.2;6.2;3.2;0.6;
4871597;ASDA Chosen by You Tomato & Herb Mini Chicken Kievs 428g;£2.00;£4.67/kg;Kievs;259;11.5;18.2;4.9;15.1;3.3;2.0;0.6;
3638418;Bernard Matthews Turkey Mini Kievs 340g;£2.00;£5.88/kg;Kievs;null;14.2;12.6;0.6;10.8;3.0;2.4;null;
4571401;Birds Eye Inspirations Chicken with a Creamy Cheese & Ham Sauce 240g;£1.89;£7.88/kg;Kievs;null;13.0;19.0;0.8;12.0;2.1;0.7;0.99;
4571399;Birds Eye Inspirations Chicken with a Sizzling Peri Peri Sauce;£1.89;£7.88/kg;Kievs;null;13.0;19.0;1.1;11.0;1.3;0.9;1.0;
4571403;Birds Eye Inspirations Chicken with an Irresistible Garlic & Herb Sauce 240g;£2.50;£10.42/kg;Kievs;null;12.0;19.0;0.6;13.0;3.1;0.6;0.98;
4406442;ASDA Smartprice Garlic Chicken Kievs 250g;£0.88;£3.52/kg;Kievs;null;9.3;11.4;2.9;16.8;7.4;0.5;0.6;
4796398;ASDA Chosen by You 10 Golden Chicken Burgers 570g;£2.00;£3.33/kg;Burgers;263;14.0;14.2;1.2;16.6;2.6;0.5;0.6;
4571359;ASDA Chosen by You Breaded Chicken Quarter Pounders 454g;£1.50;£3.30/kg;Burgers;209;15.5;14.4;1.1;9.5;1.4;1.8;0.6;
1345786;Birds Eye Chicken Burgers 200g;£1.45;£7.25/kg;Burgers;null;12.9;20.4;0.7;12.4;1.6;0.9;0.53;
471142;Birds Eye Chicken Quarter Pounders 227g;£1.00;£4.41/kg;Burgers;null;12.2;16.7;0.6;21.2;2.7;0.5;1.2;
1755333;ASDA Smartprice Breaded Chicken Burgers 456g;£0.97;£2.13/kg;Burgers;null;null;null;null;null;null;null;null;
3535414;ASDA Chosen by You Omega-3 Fish Fingers 900g;£3.00;£3.33/kg;Fish Fingers & Shapes;229;13.4;17.5;1.0;11.5;6.8;0.8;0.6;
3535410;ASDA Chosen by You Cod Fish Fingers 480g;£2.00;£4.17/kg;Fish Fingers & Shapes;null;12.7;19.1;1.4;7.7;0.9;1.5;0.6;
2788908;ASDA Chosen by You Omega-3 Fish Fingers 300g;£1.00;£3.33/kg;Fish Fingers & Shapes;null;13.0;18.9;1.0;8.1;4.8;1.2;0.6;
3535412;ASDA Haddock Fish Fingers 480g;£2.50;£5.21/kg;Fish Fingers & Shapes;null;13.7;16.6;0.9;8.1;1.1;1.2;0.6;
3684090;Young's Omega 3 Fish Fingers 250g;£1.65;£6.60/kg;Fish Fingers & Shapes;205;12.9;19.2;1.9;8.2;1.0;1.3;0.9;
4451839;Birds Eye Omega 3 Fish Fingers 336g;£2.49;£7.41/kg;Fish Fingers & Shapes;null;12.7;20.3;1.1;9.4;2.8;1.0;0.88;
2717192;Birds Eye Omega 3 Fish Fingers Big Family Pack;£2.77;£3.30/kg;Fish Fingers & Shapes;null;12.7;20.3;1.1;9.4;2.8;1.0;0.88;
4451843;Birds Eye Cod Fish Fingers 336g;£2.49;£7.41/kg;Fish Fingers & Shapes;null;13.0;20.4;1.1;9.1;0.6;1.0;0.70;
4451841;Birds Eye Haddock Fish Fingers 336g;£2.75;£8.18/kg;Fish Fingers & Shapes;null;13.4;20.4;1.1;9.1;0.6;1.0;0.68;
2596688;Birds Eye Cod Fish Fingers Family Pack 840g;£4.99;£5.94/kg;Fish Fingers & Shapes;null;13.0;20.4;1.1;9.1;0.6;1.0;0.70;
3545116;Birds Eye Cod Fish Fingers 560g;£3.98;£7.11/kg;Fish Fingers & Shapes;null;13.0;20.4;1.1;9.1;0.6;1.0;0.70;
2948014;Birds Eye Crispy Batter Fish Fingers 224g;£1.00;£4.46/kg;Fish Fingers & Shapes;null;10.9;20.3;0.8;13.8;1.2;0.8;0.95;
3845419;Birds Eye Omega-3 Fish Fingers;£1.89;£3.38/kg;Fish Fingers & Shapes;null;12.7;20.3;1.1;9.4;2.8;1.0;0.88;
2800195;Birds Eye Value Fish Fingers 250g;£1.00;£4.00/kg;Fish Fingers & Shapes;null;13.9;18.5;1.0;8.2;0.6;0.9;0.68;
2851825;Young's Wheat & Dairy Free Fish Fingers 300g;£2.18;£7.27/kg;Fish Fingers & Shapes;194;12.1;14.7;0.1;9.4;4.6;1.0;1.4;
3587574;Young's Cod Fish Fingers 280g;£1.50;£5.36/kg;Fish Fingers & Shapes;207;11.8;20.0;1.2;8.6;1.0;0.9;1.0;
3840224;Young's Chip Shop Fish Fingers in Crisp Bubbly Batter;£0.98;£4.90/kg;Fish Fingers & Shapes;245;11.1;16.5;0.5;14.5;2.3;1.6;0.9;
2784891;Young's Flipper Dippers 250g;£0.98;£3.92/kg;Fish Fingers & Shapes;208;8.9;24.2;1.4;8.1;1.4;1.4;0.9;
4186251;Young's Flipper Dippers with Veg 250g;£1.78;£7.12/kg;Fish Fingers & Shapes;207;8.2;24.9;1.6;7.9;1.4;1.7;0.9;
3535408;ASDA Smartprice Fish Fingers 250g;£0.70;£2.80/kg;Fish Fingers & Shapes;null;11.7;19.4;1.2;8.3;1.0;1.4;0.8;
3184213;Birds Eye Extra Large Breaded Fish Fillets 320g;£2.00;£6.25/kg;Battered & Breaded;null;12.0;21.0;0.6;8.9;0.7;1.0;0.93;
4810360;Young's Chip Shop 2 Extra Large Haddock Fillets 320g;£2.98;£9.31/kg;Battered & Breaded;219;11.9;16.5;0.8;11.4;2.0;1.2;0.9;
4571453;Young's Chip Shop Extra Large Fish Fillets in Beer Batter 320g;£2.00;£6.25/kg;Battered & Breaded;226;11.8;15.2;0.7;12.9;2.4;0.8;1.2;
4810358;Young's Chip Shop Extra Large Cod Fillets in Batter 320g;£2.98;£9.31/kg;Battered & Breaded;247;12.8;14.7;0.5;15.0;2.5;1.1;0.8;
3844026;ASDA Chosen by You Breaded Cod Fillets 500g;£2.00;£4.00/kg;Battered & Breaded;225;11.0;26.7;1.3;7.9;0.6;1.5;0.6;
3844030;ASDA Chosen by You Breaded Haddock Fillets 500g;£2.00;£4.00/kg;Battered & Breaded;226;12.4;28.0;1.2;6.8;0.5;1.8;0.6;
3844022;ASDA Chosen by You Chunky Breaded Haddock Fillets 500g;£3.00;£6.00/kg;Battered & Breaded;null;13.8;21.1;0.8;6.6;0.5;1.2;0.5;
4257617;Hale & Hearty Deliciously Succulent Cod Fillets 240g;£3.00;£12.50/kg;Battered & Breaded;null;13.9;16.3;null;9.0;0.6;0.5;null;
3844024;ASDA Chosen by You Battered Cod Fillets 500g;£2.00;£4.00/kg;Battered & Breaded;239;12.2;22.1;0.9;11.1;0.8;1.0;0.6;
3844028;ASDA Chosen by You Battered Haddock Fillets 500g;£2.00;£4.00/kg;Battered & Breaded;262;13.3;25.2;0.9;11.6;0.8;1.7;0.6;
1896296;ASDA Chosen by You Breaded Plaice Fillets 500g;£3.00;£6.00/kg;Battered & Breaded;219;11;16;0.9;12;0.9;1.4;0.60;
4416958;Birds Eye Fish Fillets in Breadcrumbs 600g;£3.00;£5.00/kg;Battered & Breaded;null;11.8;24.6;0.7;7.6;0.6;1.2;1.0;
4416956;Birds Eye Battered Fish Fillets 600g;£3.00;£5.00/kg;Battered & Breaded;null;10.3;19.1;0.4;15.8;1.4;0.6;1.2;
4189771;Birds Eye Cod Fish Fillet Burgers 227g;£2.49;£10.97/kg;Battered & Breaded;null;12.6;20.6;0.6;6.9;0.5;1.0;0.75;
4406416;Birds Eye Crispy Fish Bites 350g;£2.50;£7.14/kg;Battered & Breaded;null;11.7;18.8;1.5;11.7;3.4;0.7;0.93;
4222938;ASDA Chosen by You Fish Fillet Burgers 170g;£1.00;£5.88/kg;Battered & Breaded;null;14.6;13.1;0.6;10.1;1.7;0.8;0.5;
3169605;Birds Eye Simply Cod in Breadcrumbs Cod Fillets 480g;£2.77;£5.77/kg;Battered & Breaded;null;12.4;21.1;0.6;9.8;0.7;1.0;0.75;
3184209;Birds Eye Simply Haddock in Breadcrumbs 480g;£3.98;£8.29/kg;Battered & Breaded;null;12.8;21.1;0.6;9.8;0.7;1.0;0.73;
3184211;Birds Eye Extra Large Battered Fish Fillets 320g;£1.89;£5.91/kg;Battered & Breaded;null;11.1;17.8;0.4;13.1;1.2;0.6;1.2;
3169607;Birds Eye Harry Ramsden's Famous Batter Large Cod Fillets 480g;£3.98;£8.29/kg;Battered & Breaded;null;11.4;17.2;0.5;15.4;1.3;0.6;1.1;
3184207;Birds Eye Harry Ramsden's Famous Batter Large Haddock Fillets 480g;£2.77;£5.77/kg;Battered & Breaded;null;11.8;17.2;0.5;15.4;1.3;0.6;1.1;
3840206;Young's Homestyle Breaded Fish Fillets in our Light Crispy Crumb 200g;£0.98;£4.90/kg;Battered & Breaded;253;10.5;18.2;0.6;14.9;2.5;1.9;1.1;
3840204;Young's Homestyle Breaded Fish Fillets 400g;£2.98;£7.45/kg;Battered & Breaded;194;10.1;19.3;2.9;8.3;1.5;1.2;null;
3684092;Young's Large Breaded Haddock Fillets in Crispy Breadcrumbs 480g;£4.28;£8.92/kg;Battered & Breaded;226;13.5;18.2;1.2;10.8;0.8;1.1;1.1;
3684094;Young's Large Breaded Cod Fillets in Crispy Breadcrumbs 480g;£2.77;£5.77/kg;Battered & Breaded;205;11.1;17.8;0.9;9.6;0.8;1.6;1.1;
2982879;Young's Chip Shop Fish Steaks in Crisp Bubbly Batter 200g;£0.98;£4.90/kg;Battered & Breaded;214;11.7;15.4;0.9;11.4;2.1;1.4;1.2;
2982875;Young's Chip Shop Fish Fillets In A Crisp Bubbly Batter;£1.89;£4.72/kg;Battered & Breaded;240;11.5;17.2;0.6;13.7;2.5;1.0;1.1;
3684096;Young's Chip Shop Large Cod Fillets in Crisp Bubbly Batter 480g;£2.77;£5.77/kg;Battered & Breaded;238;12.9;15.6;0.6;13.6;2.3;1.0;0.9;
3684100;Young's Chip Shop Large Haddock Fillets in Batter 480g;£3.98;£8.29/kg;Battered & Breaded;219;11.8;14.7;0.6;12.4;2.1;0.8;0.9;
4818999;Young's Extra Large Breaded Cod Fillets 320g;£2.00;£6.25/kg;Battered & Breaded;236;11.5;19.1;0.9;12.4;2.1;1.1;1.0;
4029730;Young's Calamari in Golden Batter 250g;£3.00;£12.00/kg;Battered & Breaded;254;7.7;24.3;0.4;13.7;1.6;1.3;1.9;
3841748;Young's Gastro Garlic & Herb Dusted Plaice Fillets 230g;£3.98;£17.30/kg;Battered & Breaded;189;13.4;11.5;0.4;9.8;1.0;0.7;0.9;
4571479;Young's Gastro Lightly Dusted Seeded Cod Fillets 230g;£3.98;£17.30/kg;Battered & Breaded;198;14.4;13.1;0.8;9.6;0.7;0.6;1.1;
4186257;Young's Chilli & Coriander Dusted Basa Fillets 320g;£3.98;£12.44/kg;Battered & Breaded;189;15.6;11.0;1.1;9.1;1.2;0.4;0.8;
2982871;Young's Gastro Sea Salt & Cracked Black Pepper Dusted Basa Fillets 320g;£3.98;£12.44/kg;Battered & Breaded;187;15.8;12.1;0.5;8.3;0.9;0.6;0.7;
2982869;Young's Gastro Crispy Lemon & Herb Tempura Battered Basa Fillets 320g;£3.98;£12.44/kg;Battered & Breaded;185;14.2;10.6;0.3;9.3;1.2;1.1;0.7;
2970370;ASDA Smartprice Battered Fish Portions 400g;£0.85;£2.12/kg;Battered & Breaded;216;11.8;16.7;0.6;11.0;2.0;1.5;0.8;
4571477;ASDA Chosen by You Battered Cod Fishcakes 360g;£1.00;£2.78/kg;Fish Cakes;null;9.8;16.3;1.2;12.2;2.0;2.1;0.6;
4803143;ASDA Chosen by You Breaded Thai Prawn Fishcakes 230g;£1.50;£6.52/kg;Fish Cakes;null;7.6;19.5;2.0;7.1;1.1;1.5;0.7;
4263890;ASDA Chosen by You Breaded Cod Fishcakes 400g;£1.00;£2.50/kg;Fish Cakes;null;11.0;15.0;0.9;10.0;1.8;1.6;0.6;
3670504;ASDA Chosen by You Smoked Haddock & Cheddar Fishcakes 230g;£1.50;£6.52/kg;Fish Cakes;null;9.5;17.9;1.4;8.3;2.1;2.2;0.8;
4028173;ASDA Chosen by You Salmon & Broccoli Fishcakes 230g;£1.50;£6.52/kg;Fish Cakes;null;10.6;16.6;1.2;11.2;1.3;1.4;0.6;
483633;Birds Eye Breaded Cod Cakes 198g;£0.75;£3.79/kg;Fish Cakes;null;10.0;15.7;0.5;8.6;0.6;1.0;0.88;
3367928;Young's Omega 3 Fish Cakes 600g;£2.00;£3.33/kg;Fish Cakes;192;8.0;18.9;0.6;9.1;1.6;1.2;1.1;
2982877;Young's Chip Shop Extra Large Fish Cakes in Bubbly Batter 210g;£0.98;£4.67/kg;Fish Cakes;210;7.5;20.0;0.8;10.7;1.8;1.6;0.9;
1467049;ASDA Chosen by You Breaded Scampi 280g;£2.30;£8.21/kg;Scampi;null;10.2;24.4;1.0;16.0;1.0;1.6;0.5;
4210865;Whitby Breaded Whole Scampi 225g;£2.50;£11.11/kg;Scampi;null;null;null;null;null;null;null;null;
4210867;Whitby Seashore Breaded Scampi 250g;£1.79;£7.16/kg;Scampi;null;null;null;null;null;null;null;null;
4022655;Young's Scampi 220g;£2.98;£13.55/kg;Scampi;213;8.8;23.4;1.3;8.9;0.7;2.0;1.3;
4186259;Young's Scampi Bites 220g;£2.00;£9.09/kg;Scampi;214;8.4;22.9;1.1;9.5;0.9;1.4;1.2;
3840218;Young's Whole Scampi 220g;£2.77;£12.59/kg;Scampi;228;9.6;23.9;1.2;10.1;0.7;1.5;1.1;
4803145;ISI Seafood Atlantic Salmon Fillets 500g;£6.50;£13.00/kg;Fillets, Steaks & Portions;192;23.3;1.0;0.1;10.4;1.3;0.6;0.18;
1896296;ASDA Chosen by You Breaded Plaice Fillets 500g;£3.00;£6.00/kg;Fillets, Steaks & Portions;219;11;16;0.9;12;0.9;1.4;0.60;
4763099;ASDA Chosen by You Atlantic Salmon Fillets 240g;£3.50;£14.58/kg;Fillets, Steaks & Portions;192;23.3;1.0;0.1;10.4;1.3;0.6;0.2;
4763101;ASDA Chosen by You 2 Yellowfin Tuna Steaks 300g;£3.50;£11.67/kg;Fillets, Steaks & Portions;140;32.0;1.0;0.1;0.7;0.3;0.6;0.1;
4776476;ASDA Chosen by You 2 Sea Bass Fillets 200g;£3.50;£18.42/kg;Fillets, Steaks & Portions;178;20.9;1.0;0.2;9.9;2.4;0.6;0.4;
4582376;ASDA Chosen by You Cook From Frozen Smoked Cod Fillets 400g;£3.50;£8.75/kg;Fillets, Steaks & Portions;83;18.5;1.3;0.1;0.3;0.2;0.6;0.9;
2988712;ASDA Chosen by You Cook From Frozen Cod Fillets 400g;£3.00;£7.50/kg;Fillets, Steaks & Portions;81;17.9;null;null;1.0;0.3;null;0.2;
2922020;ASDA Chosen by You Cook From Frozen White Fish Fillets 500g;£1.97;£3.94/kg;Fillets, Steaks & Portions;72;16.6;null;null;0.6;0.1;null;0.4;
2812901;ASDA Chosen by You Cook From Frozen Haddock Fillets 400g;£3.40;£8.50/kg;Fillets, Steaks & Portions;null;null;null;null;null;null;null;null;
2988710;ASDA Chosen by You Cook From Frozen Smoked Haddock Fillets 400g;£3.60;£9.00/kg;Fillets, Steaks & Portions;119;29.0;null;null;0.3;0.1;null;1.6;
3835441;ASDA Cook from Frozen Mackerel Fillets 400g;£3.00;£7.50/kg;Fillets, Steaks & Portions;null;26.5;1.0;0.4;11.0;2.9;0.6;0.1;
3541188;ASDA Cook from Frozen Tuna Steaks 400g;£3.00;£7.50/kg;Fillets, Steaks & Portions;136;23.7;null;null;4.6;1.2;null;0.1;
2862854;ASDA Chosen by You Cook from Frozen Salmon Fillets 400g;£3.50;£8.75/kg;Fillets, Steaks & Portions;162;22.0;0.5;0.4;7.9;1.6;0.6;0.2;
2988714;ASDA Cook from Frozen Salmon Fillets;£7.50;£7.50/kg;Fillets, Steaks & Portions;null;22.0;0.5;0.4;7.9;1.6;0.6;null;
3668353;ASDA Cook from Frozen Pollock Portions 368g;£1.75;£4.76/kg;Fillets, Steaks & Portions;73;17.2;null;null;0.5;0.2;null;null;
3684267;ASDA Cook from Frozen Pollock Fillets;£4.00;£4.00/kg;Fillets, Steaks & Portions;99;22.6;1.0;0.4;0.3;0.2;0.8;0.4;
3835606;ASDA Cook from Frozen Fish Pie Mix 300g;£3.00;£10.00/kg;Fillets, Steaks & Portions;105;22.8;1.0;0.4;0.9;0.2;0.6;0.7;
4406510;Young's Pacific Pink Salmon Chunky Fillets;£2.77;£7.69/kg;Fillets, Steaks & Portions;106;18.5;null;null;3.8;0.7;null;null;
3101854;Young's Scottish Kipper Fillets with Butter 170g;£1.25;£7.35/kg;Fillets, Steaks & Portions;250;15.2;1.0;1.0;20.5;5.3;0.5;2.1;
3535416;ASDA Boil in the Bag Cod Steaks in Butter Sauce 552g;£3.00;£5.43/kg;Fish in Sauce & Prepared Fish;null;10.5;3.6;1.9;4.3;2.6;0.6;0.6;
4022520;ASDA Garlic & Herb Cod Fillets 200g;£2.00;£10.00/kg;Fish in Sauce & Prepared Fish;null;18.6;3.7;0.9;0.5;0.3;0.5;0.5;
4022522;ASDA Sweet Chilli Cod Fillets 200g;£2.00;£10.00/kg;Fish in Sauce & Prepared Fish;null;18.5;5.5;2.2;0.5;0.2;0.7;0.6;
4571475;ASDA Chosen by You Thai Cod Portions 200g;£2.00;£10.00/kg;Fish in Sauce & Prepared Fish;null;24.9;3.8;2.8;0.7;0.4;0.6;0.6;
4406418;Birds Eye Inspirations Cod Fillets with Parsley & Thyme Sauce 280g;£3.98;£14.21/kg;Fish in Sauce & Prepared Fish;null;14.7;0.4;0.1;7.8;3.4;0.1;0.60;
3673189;Birds Eye Inspirations Cod Fillets with Tomato & Rosemary Sauce 280g;£3.98;£14.21/kg;Fish in Sauce & Prepared Fish;null;14.9;0.9;0.4;7.5;3.7;0.2;0.50;
2868294;Birds Eye Inspirations Haddock Fillets with Lemon & Chive Sauce 280g;£3.98;£14.21/kg;Fish in Sauce & Prepared Fish;null;15.4;0.3;0.1;8.0;3.6;0.1;0.53;
4571419;Birds Eye Inspirations King Prawns with a Scrumptious Sweet Chilli Sauce 250g;£3.99;£15.96/kg;Fish in Sauce & Prepared Fish;null;10.0;6.1;4.7;16.7;11.9;0.1;1.3;
2868342;Birds Eye Inspirations Pink Salmon Fillets with Lemon & Dill Sauce 280g;£3.98;£14.21/kg;Fish in Sauce & Prepared Fish;null;17.9;0.3;0.1;9.1;3.9;0.1;0.50;
4025953;Birds Eye Inspirations Pink Salmon Fillets with Sweet Chilli & Ginger Sauce 280g;£3.98;£14.21/kg;Fish in Sauce & Prepared Fish;null;17.9;1.8;0.9;6.8;2.9;0.1;0.80;
3673191;Birds Eye Mustard & Spring Onion Sauce;£2.77;£9.89/kg;Fish in Sauce & Prepared Fish;null;16.0;1.6;0.7;5.3;3.5;0.1;0.55;
4571411;Birds Eye Rosemary & Thyme 300g;£2.77;£9.23/kg;Fish in Sauce & Prepared Fish;null;14.3;0.8;0.3;1.3;0.3;0.2;0.83;
1906974;Young's Admirals Pie;£0.98;£2.88/kg;Fish in Sauce & Prepared Fish;128;5.6;12.4;1.9;6.0;2.7;1.0;0.6;
2788797;Young's Cod Steaks in Butter Sauce;£2.77;£4.95/kg;Fish in Sauce & Prepared Fish;81;9.8;5.1;2.6;2.3;1.5;0.2;0.6;
2788799;Young's Cod Steaks in Parsley Sauce;£2.77;£4.95/kg;Fish in Sauce & Prepared Fish;73;9.1;4.9;2.7;1.8;1.0;0.5;0.6;
2774187;Young's Mariner's Pie 340g;£1.29;£3.79/kg;Fish in Sauce & Prepared Fish;140;5.1;15.1;2.8;6.4;1.1;1.0;0.6;
4822106;ASDA Extra Special Freshly Frozen Lobster Tails 200g;£12.00;£60.00/kg;Prawns & Shellfish;68;14.9;0.4;0.1;0.6;0.1;0.5;0.8;
4836028;ASDA Extra Special Freshly Frozen Dressed Orkney Crab 140g;£5.00;£35.71/kg;Prawns & Shellfish;152;18.8;0.9;0.1;8.1;1.7;null;0.8;
4763105;ASDA Chosen by You Cooked & Peeled Jumbo King Prawns 220g;£3.98;£18.09/kg;Prawns & Shellfish;null;12.1;1.0;0.1;0.2;0.1;0.6;1.3;
4763103;ASDA Chosen by You Raw & Peeled Jumbo King Prawns 220g;£3.24;£14.73/kg;Prawns & Shellfish;null;18.8;1.0;0.3;2.5;0.2;0.6;1.4;
4829288;Young's Canadian Prawns 200g;£3.50;£17.50/kg;Prawns & Shellfish;79;16.5;0.1;0.0;1.4;0.3;0.0;1.1;
617905;ASDA Chosen by You Cooked & Peeled North Atlantic Prawns 300g;£4.00;£13.33/kg;Prawns & Shellfish;null;15.0;null;null;0.8;0.2;null;1.5;
3431622;ASDA Cooked & Peeled King Prawns 380g;£8.50;£22.37/kg;Prawns & Shellfish;null;22.0;null;null;0.9;0.3;null;1.5;
4370377;ASDA Cooked & Peeled King Prawns 440g;£5.98;£14.95/kg;Prawns & Shellfish;null;19.0;0.2;0.2;0.5;0.3;0.5;1.0;
4370375;ASDA Chosen by You Cooked & Peeled King Prawns 200g;£2.98;£16.56/kg;Prawns & Shellfish;81;19.0;0.2;0.2;0.5;0.3;0.5;1.0;
3431618;ASDA Cooked Whole Prawns 650g;£5.00;£7.69/kg;Prawns & Shellfish;null;19.8;0.4;0.4;0.9;0.2;null;1.5;
4145769;ASDA Extra Special Extra Large Jumbo King Prawns 180g;£3.50;£19.44/kg;Prawns & Shellfish;81;19.0;0.2;0.2;0.5;0.3;0.5;null;
4424364;ASDA Extra Special Indonesian Tiger Prawns 250g;£7.50;£3.00/100g;Prawns & Shellfish;null;19.0;0.2;0.2;0.3;0.3;null;1.0;
3431620;ASDA Raw King Prawns 380g;£7.50;£19.74/kg;Prawns & Shellfish;null;9.0;null;null;0.7;0.2;null;0.6;
4413114;ASDA Chosen by You Uncooked & Shelled Scallops 200g;£3.00;£16.67/kg;Prawns & Shellfish;79;15.1;2.7;null;0.9;null;null;0.4;
3673213;ASDA Mussel Meat 400g;£2.00;£5.00/kg;Prawns & Shellfish;null;null;null;null;null;null;null;null;
4412622;ASDA Cooked Crab Claws 350g;£5.00;£14.29/kg;Prawns & Shellfish;null;17.2;0.1;0.1;0.2;null;0.5;1.2;
4434745;ASDA Whole Lobster 350g;£8.00;£22.86/kg;Prawns & Shellfish;null;17.1;2.1;0.4;2;0.4;null;1.3;
1755341;ASDA Smartprice Prawns Cooked & Peeled 200g;£2.20;£11.00/kg;Prawns & Shellfish;null;14.0;null;null;0.4;0.1;0.5;1.3;
3668359;ASDA Chosen by You Seafood Cocktail 300g;£3.29;£10.97/kg;Prawns & Shellfish;null;15.3;1.0;0.3;0.5;0.2;0.6;null;
3729897;ASDA Chosen By You Chicken Style Pieces 300g;£1.58;£5,266.67/kg;Mince, Fillets & Pieces;null;20.9;5.0;0.5;4.0;0.4;4.8;0.7;
2664545;ASDA Chosen by You Meat Free Meat Balls 400g;£1.58;£3.95/kg;Mince, Fillets & Pieces;null;16.9;4.4;0.9;6.8;1.5;6.7;null;
3511344;ASDA Chosen By You Meat Free Mince 454g;£1.58;£3.48/kg;Mince, Fillets & Pieces;123;16.4;7.7;1.4;1.7;0.2;5.4;0.7;
4662890;Quorn BBQ Chicken Fillets 2 166g;£1.99;£11.99/kg;Mince, Fillets & Pieces;106;12.3;9.4;5.0;1.5;0.7;2.9;0.9;
521540;Quorn Chicken Style Pieces 300g;£1.99;£6.63/kg;Mince, Fillets & Pieces;null;14.0;1.0;0.4;1.4;0.4;8.3;0.8;
1896017;Quorn Meat Free Bacon Style Slices 150g;£1.99;£13.27/kg;Mince, Fillets & Pieces;null;12.1;3.0;2.1;16.1;1.8;7.0;2.3;
672166;Quorn Meat Free Fillets 312g;£1.99;£6.38/kg;Mince, Fillets & Pieces;null;11.5;4.0;0.2;1.5;0.5;5.0;0.8;
633775;Quorn Meat Free Mince 300g;£1.99;£6.63/kg;Mince, Fillets & Pieces;null;14.5;4.5;0.6;2.0;0.5;5.5;0.3;
4269787;Quorn Southern Fried Bites 300g;£1.99;£6.63/kg;Mince, Fillets & Pieces;null;11.9;17.7;1.1;7.9;1.0;4.4;1.5;
3141061;Quorn Swedish Balls 300g;£1.99;£6.63/kg;Mince, Fillets & Pieces;null;12.0;9.0;0.4;2.5;1.5;5.0;1.0;
3539030;Linda McCartney Cheese & Leek Plaits 340g;£2.00;£0.58/100g;Grills, Bakes & Pastries;null;6.5;24.6;2.2;17.7;9.5;3.3;1.1;
2304725;ASDA Chosen by You Vegetarian Cauliflower Cheese Crispy Grills 397g;£1.58;£3.98/kg;Grills, Bakes & Pastries;210;5.7;20.8;3.9;10.8;2.2;3.3;null;
3829544;ASDA Chosen by You Vegetarian Beetroot & Goats Cheese Roast 120g;£1.58;£6.58/kg;Grills, Bakes & Pastries;null;5.5;20.7;5.6;6.6;3.0;0.5;null;
4399008;Birds Eye Vegetable Fingers 397g;£2.00;£5.04/kg;Grills, Bakes & Pastries;null;3.8;23.0;2.7;8.2;0.6;2.5;0.93;
4042309;Quorn Garlic & Mushroom Escalopes 240g;£1.99;£8.29/kg;Grills, Bakes & Pastries;null;10.5;20.5;1.5;12.5;3.5;3.0;1.3;
1859091;Quorn Meat Free Chicken Nuggets 300g;£1.99;£6.63/kg;Grills, Bakes & Pastries;null;9.6;17.7;2.0;8.6;1.0;2.0;1.1;
3378116;Quorn Meat Free Family Roast 454g;£3.00;£6.61/kg;Grills, Bakes & Pastries;null;14.0;3.5;0.5;5.0;0.8;4.0;1.5;
4652726;ASDA Chosen by You Vegetarian Cheese & Spring Onion Crispbakes;£0.85;£3.54/kg;Grills, Bakes & Pastries;191;5.0;18.8;0.8;10.2;4.3;2.0;0.7;
4652728;ASDA Chosen by You Vegetarian Mushroom Crispbakes;£0.85;£3.54/kg;Grills, Bakes & Pastries;175;5.1;18.1;1.7;8.8;3.8;1.6;0.8;
4871599;ASDA Chosen by You Meat Free Mushroom & Spinach Loaves 100g;£1.58;£7.90/kg;Grills, Bakes & Pastries;229;15.0;7.7;0.2;14.3;1.1;4.7;0.9;
4826984;ASDA Chosen by You Vegetarian Beet Bourguignon 150g;£1.58;£5.27/kg;Grills, Bakes & Pastries;132;2.9;16.2;1.1;5.1;0.7;5.0;0.5;
4269769;ASDA Meat Free Lincolnshire Sausages 300g;£1.58;£5.27/kg;Meat Free Sausages & Burgers;null;16.0;4.8;1.7;10.2;0.8;2.9;1.1;
2038140;ASDA Vegetarian Glamorgan Sausages;£1.58;£5.27/kg;Meat Free Sausages & Burgers;null;5.3;21.8;2.6;12.4;2.6;2.8;null;
3829548;ASDA Vegetarian Spicy Bean & Nacho Burgers 454g;£1.58;£3.48/kg;Meat Free Sausages & Burgers;null;null;null;null;null;null;null;null;
2985962;ASDA Chosen by You Meat Free Burgers 454g;£1.58;£3.48/kg;Meat Free Sausages & Burgers;null;18.7;4.7;1.4;6.0;1.1;4.8;1.3;
4823687;ASDA Chosen by You Vegetarian Vegetable Sausages;£0.85;£2.83/kg;Meat Free Sausages & Burgers;138;1.0;23.0;5.8;4.0;0.4;3.0;0.8;
4437423;Birds Eye 2 Vegetable Burgers 250g;£2.00;£8.00/kg;Meat Free Sausages & Burgers;null;4.4;21.6;2.4;7.6;1.0;2.0;0.83;
3724966;Linda McCartney Mozzarella 1/4lb Burgers 227g;£1.75;£7.71/kg;Meat Free Sausages & Burgers;null;24.6;4.1;1.7;16.3;2.2;8.0;1.5;
3720853;Linda McCartney Red Onion and Rosemary Sausages 300g;£1.48;£4.93/kg;Meat Free Sausages & Burgers;null;18.0;6.9;3.5;3.4;0.4;6.4;1.6;
2865114;Linda McCartney Vegetarian Sausage 50g;£1.48;£4.93/kg;Meat Free Sausages & Burgers;null;22.5;8.3;2.6;8.8;3.6;1.6;1.8;
2863857;Quorn 8 Meat Free Sausages 336g;£1.99;£5.92/kg;Meat Free Sausages & Burgers;null;10.2;13.4;0.8;7.8;0.6;6.2;1.4;
4437425;Quorn Low Fat 6 Sausages 300g;£1.99;£6.63/kg;Meat Free Sausages & Burgers;null;13.6;10.5;0.9;2.7;0.3;3.2;1.0;
2863859;Quorn Meat Free Burgers 300g;£1.99;£6.63/kg;Meat Free Sausages & Burgers;null;14.1;8.1;2.9;7.3;2.6;2.4;1.0;
491401;Quorn Southern Style Burgers 252g;£1.99;£7.90/kg;Meat Free Sausages & Burgers;null;10.7;14.5;2.8;9.8;1.2;3.1;2.0;
3720843;Aunt Bessie's Vegetarian Toad in the Hole 190g;£1.70;£8.95/kg;Ready Meals;199;12;14;1.2;10;3.4;2.3;0.75;
3141059;Quorn Meat Free Lasagne 300g;£1.99;£6.63/kg;Ready Meals;91;4.0;13.5;1.8;2.0;1.0;1.5;0.5;
4806800;ASDA Chosen By You Chocolate Praline Cheesecake 450g;£2.00;£0.44/100g;Gateau & Cheesecake;314;6.6;31.2;21.2;17.6;6.4;2.2;0.3;
4806782;ASDA Chosen By You Toffee Apple Cheesecake 480g;£2.00;£0.41/100g;Gateau & Cheesecake;309;4.0;36.7;23.9;16.1;8.1;0.8;1.4;
4802881;ASDA Chosen By You Ice Cream Trifle 575g;£3.00;£0.52/100g;Gateau & Cheesecake;216;2.9;27.8;22.5;10.3;8.8;0.3;0.2;
4589564;ASDA Chosen By You Choc Chip Muffin Cheesecake 355g;£1.50;£0.42/100g;Gateau & Cheesecake;410;5.7;45.7;26.3;22.2;8.6;2.1;0.4;
4589562;ASDA Chosen By You Choc Fudge Brownie Cheesecake 425g;£2.00;£0.47/100g;Gateau & Cheesecake;308;6.2;33.2;24.7;16.4;9.2;1.5;0.3;
3668379;ASDA Chosen By You Strawberries & Cream Cheesecake;£3.00;£0.34/100g;Gateau & Cheesecake;322;5.0;39.6;24.2;15.8;5.4;0.8;0.3;
3668377;ASDA Chosen by You Triple Chocolate Cheesecake;£3.00;£0.34/100g;Gateau & Cheesecake;335;4.9;35.5;24.6;18.9;7.3;1.5;0.3;
4022678;ASDA Chosen By You Black Forest Gateu 620g;£2.00;£0.32/100g;Gateau & Cheesecake;221;3.2;32.3;18.2;8.5;5.1;1.4;0.2;
3371911;ASDA Chosen By You Chocolate Fudge Cake 450g;£1.50;£0.33/100g;Gateau & Cheesecake;385;5.5;43.3;31.3;20.4;9.5;2.9;0.7;
4022682;ASDA Chosen By You Chocolate Gateau 350g;£1.15;£0.32/100g;Gateau & Cheesecake;268;5.0;32.6;23.9;12.3;7.7;3.2;0.4;
1401451;ASDA Chosen By You Double Chocolate Gateau 600g;£2.00;£0.33/100g;Gateau & Cheesecake;292;4.9;32.5;25.2;15.3;8.4;2.5;0.4;
3817131;ASDA Chosen By You Lemon Cheesecake 470g;£1.50;£0.31/100g;Gateau & Cheesecake;317;4.6;43.1;28.3;13.8;5.0;0.9;0.3;
4022674;ASDA Chosen By You Profiterole Gateau 780g;£3.00;£0.38/100g;Gateau & Cheesecake;291;4.5;26.7;15.8;18.1;9.6;1.8;0.4;
4022688;ASDA Chosen By You Raspberry Cheesecake 445g;£1.15;£0.25/100g;Gateau & Cheesecake;315;4.9;38.4;23.7;15.6;5.5;0.8;0.3;
4022680;ASDA Chosen By You Strawberry Gateau 375g;£1.15;£0.30/100g;Gateau & Cheesecake;212;2.8;29.5;21.6;9.0;5.6;1.1;0.2;
4022690;ASDA Chosen By You Toffee Cheesecake 445g;£1.15;£0.25/100g;Gateau & Cheesecake;322;5.0;39.6;24.2;15.8;5.4;0.8;0.3;
4624990;Food Heaven Lemon Dairy Free Cheesecake 375g;£2.99;£0.79/100g;Gateau & Cheesecake;null;3.4;37;28.6;16.5;7.92;1;0.43;
4321205;ASDA Chocolate Sponge Pudding Twin Pack 130g;£1.15;£0.44/100g;Sponge Puddings;382;5.3;43.4;28.2;20.4;7.8;1.6;0.4;
4321203;ASDA Sticky Toffee Pudding Twin Pack 130g;£1.15;£0.44/100g;Sponge Puddings;357;4.0;46.3;32.9;17.0;9.5;1.3;0.3;
4380875;ASDA Chosen By You Syrup Sponge 240g;£1.15;£0.47/100g;Sponge Puddings;366;3.2;54.2;33.3;15.0;6.8;0.6;0.4;
4380908;ASDA Chosen By You Apple Strudel 600g;£1.00;£0.16/100g;Crumbles & Tarts & Strudel;null;2.7;31.6;14.6;12.0;6.7;1.7;0.2;
4380912;ASDA Chosen By You Forest Fruit Strudel 600g;£1.50;£0.25/100g;Crumbles & Tarts & Strudel;null;3.1;34.3;14.9;11.5;6.3;1.7;0.3;
3842038;ASDA Chosen By You Bramley Apple Crumble 500g;£1.15;£0.23/100g;Crumbles & Tarts & Strudel;201;2.0;36.2;21.1;4.9;2.9;1.8;0.2;
2621499;ASDA Chosen By You Lemon Tart;£1.00;£0.28/100g;Crumbles & Tarts & Strudel;321;4.2;43.2;27.6;14.2;8.0;1.9;0.2;
4633316;DS Gluten Free Apple Crumble 120g;£2.99;£1.25/100g;Crumbles & Tarts & Strudel;255;0.6;43;19;9.2;3.0;0.9;0.22;
4812226;ASDA Chosen By You Raspberry Ripple Pie 436g;£2.00;£0.45/100g;Pies;332;1.9;49.7;40.4;13.9;8.0;0.4;0.3;
4812228;ASDA Chosen By You Chocolate Pie 433g;£2.00;£0.46/100g;Pies;348;3.3;45.1;26.2;16.8;11.3;1.7;0.3;
4812236;Aunt Bessie's Toffee Apple Pie 550g;£1.50;£0.27/100g;Pies;278;2.2;44;21;11;4.1;0.7;0.32;
4078724;ASDA Chosen By You Apple Pie 550g;£1.15;£0.20/100g;Pies;302;3.8;41.9;17.4;12.8;4.4;1.8;0.2;
4380906;ASDA Chosen By You Banoffee Pie 500g;£1.50;£0.30/100g;Pies;280;2.7;35.1;23.5;14.0;7.2;1.5;0.5;
4267246;Aunt Bessie's Bramley Apple Pie Family Size 550g;£1.50;£0.27/100g;Pies;281;2.4;42;16;11;4.1;1.1;0.20;
4832874;Genius Gluten Free Apple Pies 320g;£3.50;£1.09/100g;Pies;null;1.0;38;11.0;11.1;5.5;3.3;0.47;
937102;Weight Watchers Banoffee Desserts;£0.98;£0.61/100g;Healthy Desserts;null;4.9;37.7;26.6;4.4;3.1;1.4;0.3;
2027203;Weight Watchers Caramel Crunch Desserts;£0.98;£0.57/100g;Healthy Desserts;199;4.6;37.9;26.4;2.9;1.8;1.7;0.3;
1630996;Weight Watchers Double Chocolate Brownies;£0.98;£0.59/100g;Healthy Desserts;null;5.1;33.7;25.5;3.8;2.6;2.4;0.3;
3458377;Weight Watchers Honeycomb Sundae;£2.00;£0.55/100ml;Healthy Desserts;122;1.7;18.1;13.3;1.8;1.3;5.9;0.1;
3362790;Weight Watchers Toffee Minipots;£2.00;£0.50/100ml;Healthy Desserts;163;3.1;28.1;26.0;2.7;1.1;8.4;0.1;
4442000;ASDA Chosen by You Billionaires Meringue Stack 498g;£4.00;£0.80/100g;Roulades & Meringue;377;3.5;39.9;36.9;22.3;13.7;1.4;0.2;
4813992;ASDA Chosen by You Toffee Pecan Roulade 422g;£4.00;£0.94/100g;Roulades & Meringue;367;3.5;49.6;44.9;16.7;9.6;2.0;0.1;
2845548;ASDA Chosen By You Lemon Meringue Pie 475g;£1.50;£0.31/100g;Roulades & Meringue;280;3.2;50.5;36.0;7.1;3.2;0.8;0.2;
2512280;ASDA Chosen by You Raspberry Pavlova;£2.00;£0.63/100g;Roulades & Meringue;241;2.1;43.8;41.3;6.0;3.8;1.8;0.3;
4043047;ASDA Chosen By You Raspberry Roulade 420g;£3.00;£0.71/100g;Roulades & Meringue;318;2.6;48.2;42.3;12.5;8.2;1.3;0.1;
3371921;ASDA Chosen By You Toffee Pavlova 280g;£2.00;£0.71/100g;Roulades & Meringue;347;2.7;58.0;57.0;11.3;6.5;1.4;0.3;
2512407;ASDA Chosen by You Profiteroles with Chocolate Sauce;£1.00;£0.42/100g;Party & Individual;null;5.5;17.2;7.4;28;18.3;0.8;0.3;
4055060;ASDA Chosen by You Chocolate Éclairs 160g;£1.00;£0.62/100g;Party & Individual;411;5.6;24.1;15.3;32.2;21.7;1.2;0.2;
3542614;ASDA Chosen By You Ice Cream Roll 250g;£1.00;£0.40/100g;Ice Cream Desserts & Rolls;207;3.2;34.4;24.8;6.2;3.7;0.5;null;
4597367;Asda Chosen By You Cookies & Cream Ice Cream Roll;£1.50;£0.60/100ml;Ice Cream Desserts & Rolls;243;3.9;39.8;26.4;7.4;4.1;0.9;0.2;
2471289;ASDA Blackberries 350g;£1.97;£0.56/100g;Fruit;null;0.9;5.1;5.1;0.2;null;3.1;null;
2471291;ASDA Cherries 350g;£1.89;£0.54/100g;Fruit;null;0.9;11.5;11.5;0.1;null;0.9;null;
2471287;ASDA Freshly Frozen Blueberries 350g;£1.89;£0.54/100g;Fruit;null;0.6;6.9;6.9;0.2;null;1.8;null;
2471297;ASDA Frozen for Freshness Summer Fruits 500g;£1.89;£0.37/100g;Fruit;null;0.9;6.0;6.0;null;null;2.5;null;
2471293;ASDA Raspberries 350g;£1.97;£0.56/100g;Fruit;null;1.4;4.6;4.6;0.3;0.1;2.5;null;
2471305;ASDA Sliced Rhubarb 500g;£1.97;£0.39/100g;Fruit;null;null;null;null;null;null;null;null;
3838054;ASDA Chosen By You Black Forest Fruits 500g;£1.89;£0.37/100g;Fruit;44;0.9;8.7;8.7;0.1;null;2.1;null;
3598785;The Ice Co. Ice Crush;£1.00;£0.50/kg;Ice;null;null;null;null;null;null;null;null;
595429;The Ice Co. Ice Cubes;£1.00;£0.50/kg;Ice;null;null;null;null;null;null;null;null;
4552213;Genius Free from Shortcrust Pastry 400g;£2.50;£0.62/100g;Shortcrust Pastry;null;0.9;44.2;4.3;29.3;11.7;2.3;0.5;
3639947;Jus Rol Shortcrust Pastry Blocks;£2.50;£2.50/kg;Shortcrust Pastry;469;6.4;40.1;1.8;31.1;11.8;1.7;0.58;
4043223;Jus Rol Shortcrust Sheets;£1.89;£2.95/kg;Shortcrust Pastry;450;6.2;39.1;1.7;29.5;11.2;1.6;0.55;
4552209;Genius Gluten Free Puff Pastry 400g;£2.50;£0.62/100g;Filo & Puff Pastry;null;2.4;37.7;0.1;20.8;9.4;3.8;1.1;
3639945;Jus Rol Frozen Puff Pastry Blocks;£2.50;£2.50/kg;Filo & Puff Pastry;378;5.7;33.9;0.7;24.0;12.0;2.0;0.88;
4437395;Jus Rol Frozen Ready Rolled Filo Pastry Sheets 270g;£2.00;£7.41/kg;Filo & Puff Pastry;274;7.5;54.2;1.2;2.6;0.3;1.9;0.50;
4043221;Jus Rol Puff Pastry Sheets;£1.89;£2.95/kg;Filo & Puff Pastry;371;5.5;32.6;0.7;23.9;12.0;1.9;0.88;
4888890;Taj Original Paratha;£2.50;£1.74/kg;Filo & Puff Pastry;null;null;null;null;null;null;null;null;
4849762;Chicago Town The Takeaway Four Cheese Melt Classic Crust 340g;£3.00;£8.82/kg;Takeaway & Sharing Pizza;null;13;31;2.2;13;8;null;1.2;
4849764;Chicago Town The Takeaway Pepperoni Plus Classic Crust 335g;£3.00;£8.96/kg;Takeaway & Sharing Pizza;null;13;31;2.4;14;8;null;1.4;
4849766;Chicago Town The Takeaway Hawaiian Classic Crust 365g;£3.00;£8.22/kg;Takeaway & Sharing Pizza;null;12;30;3.4;9.7;5.7;null;1.2;
2874923;Chicago Town Four Cheese Pizza Takeaway Sauce Stuffed Crust;£2.47;£3.92/kg;Takeaway & Sharing Pizza;null;12;33;2.6;12;7.0;null;1.2;
2874925;Chicago Town Pepperoni Pizza Takeaway Sauce Stuffed Crust;£2.47;£3.83/kg;Takeaway & Sharing Pizza;null;11;34;2.8;13;6.7;null;1.4;
4043306;Chicago Town Takeaway Chicken & Bacon Melt Classic Thin Crust;£2.47;£4.99/kg;Takeaway & Sharing Pizza;null;13;32;2.1;12;6.4;null;1.3;
4665068;Chicago Town The Takeaway Sloppy Joe Classic Crust;£2.47;£3.77/kg;Takeaway & Sharing Pizza;null;11;32;2.7;9.9;5.6;null;1.2;
4665084;Goodfella's Takeaway Slice n' Share Fully Loaded Pepperoni Pizza 553g;£3.95;£7.14/kg;Takeaway & Sharing Pizza;null;12;28;2.5;13;5.3;null;1.7;
4665086;Goodfella's Takeaway Slice n' Share Mighty Meat Feast Pizza 596g;£3.95;£6.63/kg;Takeaway & Sharing Pizza;null;11;26;2.8;12;4.6;null;1.6;
4665082;Goodfella's Takeaway Slice n' Share The Big Cheese Pizza 555g;£3.95;£7.12/kg;Takeaway & Sharing Pizza;null;null;null;null;null;null;null;null;
4849758;Dr Oetker Ristorante Pizza Margherita 330g;£2.98;£9.03/kg;Thin Pizza;null;null;null;null;null;null;null;null;
4849760;Dr Oetker Ristorante Pizza Pollo Arrabiata 370g;£2.98;£8.05/kg;Thin Pizza;null;null;null;null;null;null;null;null;
880705;Dr Oetker Mozzarella Ristorante Pizza 335g;£2.98;£8.90/kg;Thin Pizza;null;null;null;null;null;null;null;null;
1846155;Dr Oetker Ristorante Funghi Pizza 365g;£2.98;£8.16/kg;Thin Pizza;null;null;null;null;null;null;null;null;
2838486;Dr Oetker Hawaii Ristorante Pizza 355g;£2.98;£8.39/kg;Thin Pizza;null;null;null;null;null;null;null;null;
3540294;Dr Oetker Pepperoni & Salame Ristorante Pizza;£2.98;£9.31/kg;Thin Pizza;null;null;null;null;null;null;null;null;
3845707;Dr Oetker Ristorante Pizza Speciale 330g;£2.98;£9.03/kg;Thin Pizza;null;null;null;null;null;null;null;null;
1201089;Dr Oetker Ristorante Pollo Pizza 355g;£2.98;£8.39/kg;Thin Pizza;null;null;null;null;null;null;null;null;
4665066;Dr Oetker Ristorante Limited Edition Pizza Spinaci 390g;£2.98;£7.64/kg;Thin Pizza;null;null;null;null;null;null;null;null;
4346329;Goodfella's Superiore Pepperoni Speciale Pizza 433g;£3.49;£8.06/kg;Thin Pizza;null;null;null;null;null;null;null;null;
4346327;Goodfella's Superiore Chicken Arrabiata Pizza 441g;£3.49;£7.91/kg;Thin Pizza;null;null;null;null;null;null;null;null;
4437435;Goodfella's Stonebaked Extra Thin Vegetable & Goats Cheese Pizza;£1.35;£4.31/kg;Thin Pizza;null;null;null;null;null;null;null;null;
4437433;Goodfella's Stonebaked Extra Thin Pepperoni & Chorizo Pizza;£1.35;£4.12/kg;Thin Pizza;null;null;null;null;null;null;null;null;
4437431;Goodfella's Stonebaked Extra Thin Mozzarella & Pesto Pizza;£1.35;£4.23/kg;Thin Pizza;258;12;27;3.4;12;5.3;null;1.0;
3145395;Goodfella's Margherita Pizza;£1.35;£3.91/kg;Thin Pizza;null;null;null;null;null;null;null;null;
3846012;Goodfella's Ham & Pineapple Pizza;£1.35;£3.70/kg;Thin Pizza;null;null;null;null;null;null;null;null;
3720815;Goodfella's Roast Chicken Pizza;£1.35;£3.70/kg;Thin Pizza;null;null;null;null;null;null;null;null;
3145393;Goodfella's Pepperoni Pizza;£1.35;£3.97/kg;Thin Pizza;null;null;null;null;null;null;null;null;
4166614;ASDA Chosen by You Thin & Crispy Four Cheese Pizza;£0.85;£2.58/kg;Thin Pizza;260;11.9;27.8;3.0;10.5;5.5;3.2;null;
4166586;ASDA Chosen by You Thin & Crispy Pepperoni Pizza;£0.85;£2.58/kg;Thin Pizza;268;12.0;25.6;3.3;12.4;4.9;2.9;null;
4166616;ASDA Chosen by You Thin & Crispy Ham Pizza;£0.85;£2.58/kg;Thin Pizza;233;12.6;27.6;3.5;7.4;3.4;3.0;null;
4168480;ASDA Garlic Chicken Pizza 365g;£1.50;£4.11/kg;Thin Pizza;277;11.2;23.8;3.3;14.7;4.6;2.2;0.7;
3715871;ASDA Extra Thin & Crispy Mediterranean Vegetable Pizza 375g;£1.50;£4.00/kg;Thin Pizza;227;8.3;24.2;3.9;10.4;3.6;1.8;1.0;
3715867;ASDA Extra Thin & Crispy Sweet Chilli Chicken Pizza 375g;£1.50;£4.00/kg;Thin Pizza;225;10.9;24.4;5.2;8.8;2.4;2.2;0.9;
4652750;ASDA Extra Thin & Crispy Ham & Mushroom Pizza 380g;£1.50;£3.95/kg;Thin Pizza;230;11.0;22.3;3.0;10.3;3.0;2.0;0.9;
4439794;ASDA Stonebaked Mozzarella, Tomato & Pesto Pizza 400g;£1.50;£3.75/kg;Thin Pizza;228;9.9;28.3;10.1;7.9;3.4;2.2;0.6;
4439792;ASDA Stonebaked Meat Speciale Pizza 355g;£1.50;£4.23/kg;Thin Pizza;250;12.4;30.2;5.2;8.4;3.8;2.2;0.9;
3715861;ASDA BBQ Chicken Pizza 425g;£1.50;£3.53/kg;Thin Pizza;204;11.6;26.8;4.5;5.2;2.5;1.8;0.6;
3715865;ASDA Double Pepperoni & Chorizo Pizza 450g;£1.50;£3.33/kg;Thin Pizza;238;11.3;23.1;2.5;10.7;5.0;2.2;1.1;
4652742;ASDA Cheese & Tomato Pizzas Triple Pack 300g;£2.69;£2.99/kg;Thin Pizza;241;10.1;33.4;5.2;6.8;3.7;2.9;0.8;
4662894;ASDA Chicken & Sweetcorn Pizza;£0.85;£2.58/kg;Thin Pizza;271;9.8;40.7;3.0;7.3;1.8;1.6;0.7;
4257623;ASDA Gluten Free Pepperoni Pizza 390g;£2.50;£6.41/kg;Thin Pizza;245;7.1;27.3;2.1;11.1;4.5;3.5;1.1;
2360600;ASDA Smartprice Cheese & Tomato Pizza 268g;£0.60;£2.24/kg;Thin Pizza;255;9.5;37.2;4.2;6.8;2.3;3.4;0.7;
3720807;Goodfella's Deep Pan Deliciously Cheesy Pizza;£2.50;£6.00/kg;Deep Pan Pizza;null;15;35;3.5;13;6.6;null;0.9;
3720809;Goodfella's Pepperoni Pizza;£2.50;£5.97/kg;Deep Pan Pizza;null;12;32;3.7;12;6;null;1.1;
3720811;Goodfella's Meat Feast Pizza;£2.50;£6.04/kg;Deep Pan Pizza;null;13;33;3.6;13;5.4;null;1.2;
3845719;Chicago Town Four Cheese Pizzas 155g;£2.18;£7.03/kg;Deep Pan Pizza;null;12;33;1.6;12;4.8;null;0.9;
3845715;Chicago Town Ham & Pineapple Pizzas 165g;£2.18;£6.61/kg;Deep Pan Pizza;null;10;32;2.3;8.9;2.8;null;0.85;
3845713;Chicago Town Pepperoni Pizzas 160g;£2.18;£6.81/kg;Deep Pan Pizza;null;12;32;1.6;13;5.2;null;1.2;
4042232;Goodfella's The Hotfella 395g;£2.50;£6.33/kg;Deep Pan Pizza;null;null;null;null;null;null;null;null;
4042234;Goodfella's The Meaty Fella Pizza 414g;£2.50;£6.04/kg;Deep Pan Pizza;null;null;null;null;null;null;null;null;
4652708;ASDA Deep Dish Four Cheese Pizzas 283g;£1.50;£5.30/kg;Deep Pan Pizza;266;9.9;38.0;3.4;7.8;3.3;2.0;0.9;
4652710;ASDA Deep Dish Pepperoni Pizzas 289g;£1.50;£5.19/kg;Deep Pan Pizza;282;11.0;36.0;3.5;10.0;3.8;2.2;1.2;
4652706;ASDA Deep Pan Chicken & Mushroom Pizza 436g;£1.50;£3.44/kg;Deep Pan Pizza;230;11.0;31.0;3.0;6.4;2.6;2.0;0.9;
4652704;ASDA Deep Pan Chilli Beef Pizza 432g;£1.50;£3.47/kg;Deep Pan Pizza;237;11.0;31.0;2.9;7.2;3.5;2.1;0.8;
4652746;ASDA Deep Pan Ham & Pineapple Pizza;£0.85;£2.10/kg;Deep Pan Pizza;223;9.1;31.3;4.8;6.3;2.3;2.5;1.0;
4652702;ASDA Deep Pan Meat Feast Pizza 403g;£1.50;£3.72/kg;Deep Pan Pizza;263;12.0;33.0;2.7;8.9;4.0;1.6;1.2;
4652744;ASDA Chosen by You Deep Pan Four Cheese Pizza;£0.85;£2.17/kg;Deep Pan Pizza;263;11.4;33.1;4.3;9.0;4.4;2.2;1.1;
4849796;ASDA Chosen by You The Carolina BBQ Pulled Pork Pizza 446g;£2.00;£4.48/kg;Deep Pan Pizza;273;10.6;32.8;6.7;10.3;5.0;3.2;0.8;
4849802;ASDA Chosen by You The Chicago Sausage American Pizza 420g;£2.00;£4.76/kg;Deep Pan Pizza;295;12.3;29.1;3.4;13.6;7.1;3.3;0.9;
4849800;ASDA Chosen by You The Louisiana Cajun Chicken Pizza 443g;£2.00;£4.51/kg;Deep Pan Pizza;257;10.5;29.6;3.0;10.2;5.0;2.5;0.8;
4849798;ASDA Chosen by You The New York Pulled Beef Pizza 411g;£2.00;£4.87/kg;Deep Pan Pizza;293;11.3;32.3;6.9;12.4;6.5;3.3;0.7;
4652748;ASDA Chosen by you Deep Pan BBQ Chicken Pizza;£0.85;£2.11/kg;Deep Pan Pizza;230;10.2;32.5;5.1;6.0;2.0;2.4;1.0;
4665070;Chicago Town The Deep Pan Double Pepperoni 415g;£2.00;£4.82/kg;Deep Pan Pizza;null;12;31;1.6;13;6.6;null;1.2;
4665072;Chicago Town The Deep Pan Triple Cheese 405g;£2.00;£4.94/kg;Deep Pan Pizza;null;13;32;1.2;13;7.6;null;1.2;
4665078;Goodfella's Nacho Fella Pizza 419g;£2.50;£5.97/kg;Deep Pan Pizza;255;11;32;3.6;9;4.3;null;1.2;
4665092;Hungry Joe's BBQ Chicken & Bacon Pizza 535g;£2.00;£3.74/kg;Deep Pan Pizza;null;11;28;2.9;9.2;2.6;null;1.0;
4665096;Hungry Joe's Doner Kebab Pizza 555g;£2.00;£3.60/kg;Deep Pan Pizza;null;8.9;27;2.9;7.0;2.5;null;0.75;
4665098;Hungry Joe's Hot Dog Pizza 530g;£2.00;£3.77/kg;Deep Pan Pizza;null;9.3;28;2.4;9.3;3.5;null;0.89;
4665094;Hungry Joe's Sizzlin' Hot Pepperoni Pizza 530g;£2.00;£3.77/kg;Deep Pan Pizza;null;10;27;2.8;12;4.2;null;1.2;
4355216;ASDA Baguette Cheese & Tomato Pizzas;£0.85;£0.32/100g;Kids Pizza;218;9.4;32.7;3.7;4.9;2.7;2.8;0.9;
4355218;ASDA Baguette Spicy Pepperoni Pizzas;£0.85;£0.32/100g;Kids Pizza;230;10.5;30.0;3.5;6.9;3.1;2.8;1.1;
4439790;ASDA Chosen by Kids Cheese & Ham Pizzas 89g;£2.00;£5.62/kg;Kids Pizza;259;11.1;33.3;4.6;8.5;3.9;2.4;0.7;
4439788;ASDA Chosen by Kids Cheese & Tomato Pizzas 89g;£2.00;£5.62/kg;Kids Pizza;269;12.6;31.9;4.9;9.3;4.5;3.4;0.5;
3142825;Fullers Foods Cheese & Tomato Mini Pizza's 850g;£2.00;£2.35/kg;Kids Pizza;null;6.8;43.3;5.8;1.9;0.5;1.5;1.3;
3716741;ASDA Chosen By You Garlic Bread with Cheese;£0.85;£4.05/kg;Garlic Bread;363;8.9;41.5;2.8;17.6;6.3;1.7;null;
1991466;ASDA Chosen By You Garlic Baguette Slices;£0.85;£3.27/kg;Garlic Bread;355;8.2;38.3;2.9;18.1;4.7;2.8;0.7;
4114530;ASDA Chosen By You Garlic Baguettes 170g;£1.50;£2.94/kg;Garlic Bread;362;9.1;40.4;2.7;17.5;8.3;3.1;null;
1246850;ASDA Reduced Fat Garlic Baguettes 340g;£1.00;£2.63/kg;Garlic Bread;279;7.8;42.9;2.9;7.9;2.4;2.4;0.7;
3540283;Goodfella's Garlic Bread With Cheese 223g;£1.50;£6.73/kg;Garlic Bread;null;null;null;null;null;null;null;null;
1991464;ASDA Smartprice Garlic Baguette 170g;£0.28;£1.65/kg;Garlic Bread;354;9.8;43.4;2.5;15.0;4.3;3.2;0.8;
4849770;Chicago Town The Takeaway Cheese Dough Balls 145g;£2.00;£13.79/kg;Garlic Bread;null;11.3;46.7;2.7;10;5.6;null;1.07;
4849768;Chicago Town The Takeaway Garlic Dough Balls 145g;£2.00;£13.79/kg;Garlic Bread;null;8.4;42.3;2.7;18.9;10.3;null;0.87;
4652670;ASDA Garlic & Cheese Flatbreads 150g;£1.50;£0.50/100g;Garlic Bread;299;8.8;39.9;2.2;11.3;3.4;4.5;1.0;
4652668;ASDA Garlic Bread 270g;£1.50;£0.55/100g;Garlic Bread;313;7.8;37.8;3.0;13.7;5.3;3.6;1.0;
4849770;Chicago Town The Takeaway Cheese Dough Balls 145g;£2.00;£13.79/kg;Snacks;null;11.3;46.7;2.7;10;5.6;null;1.07;
4849768;Chicago Town The Takeaway Garlic Dough Balls 145g;£2.00;£13.79/kg;Snacks;null;8.4;42.3;2.7;18.9;10.3;null;0.87;
4849752;Hungry Joe's Double BBQ Ranch Burger 244g;£2.00;£8.20/kg;Snacks;256;16.4;23.2;4.2;10.4;4.5;2.1;1.2;
4849756;Hungry Joe's Southern Fried Chicken Stacker 221g;£2.00;£9.05/kg;Snacks;223;11.4;26.0;1.8;7.8;1.7;1.9;1.4;
4849754;Hungry Joe's Double Chilli Fire Burger 237g;£2.00;£8.44/kg;Snacks;263;15.7;21.5;4.6;12.0;6.0;2.9;1.3;
4274214;SFC Micro Meal Chicken & Chips 230g;£1.00;£4.35/kg;Snacks;null;null;null;null;null;null;null;null;
4274216;SFC Micro Meal Jumbo Sausage and Chips 230g;£1.00;£4.35/kg;Snacks;null;null;null;null;null;null;null;null;
4437399;Chicago Town Subs Cheese & Tomato 250g;£1.50;£6.00/kg;Snacks;null;7.3;29;3.3;8.7;2.6;null;1.3;
4437401;Chicago Town Subs Meat Supreme 250g;£1.50;£6.00/kg;Snacks;null;8.5;29;3.2;8.5;2.8;null;1.5;
2139208;Findus Crispy Pancakes Minced Beef 230g;£1.00;£4.35/kg;Snacks;157;5.7;25.3;2.9;3.3;0.6;1.7;null;
2942113;Findus Bacon & Sweetcorn 230g;£1.00;£4.35/kg;Snacks;153;5.6;24.9;3.0;3.0;0.5;1.9;null;
4271546;Findus Crispy Pancakes Cheese 220g;£1.00;£4.55/kg;Snacks;171;6.5;28;3.7;3.4;1.0;1.4;null;
3845948;Snacksters Quarter Pounder With Cheese 180g;£1.00;£5.56/kg;Snacks;null;12.8;26.2;2.7;11.8;5.2;1.4;null;
4662882;Snacksters Super Subs Southern Fried Chicken Sub 156g;£1.00;£6.41/kg;Snacks;null;13.6;35.3;3.8;6.8;0.6;2.8;1.4;
4662880;Snacksters Super Subs Chip Shop Style Sausage Sub 200g;£1.00;£5.00/kg;Snacks;null;10.5;30.7;4.7;9.9;3.9;2.0;1.6;
3845441;Snacksters King Kebab Doner Kebab 167g;£1.00;£5.99/kg;Snacks;null;8.9;32.7;2.6;7.8;2.8;1.8;null;
3845445;Snacksters Ham & Cheese Ciabatta 146g;£1.00;£6.85/kg;Snacks;null;12.6;35.6;2.6;4.5;2.4;3.5;null;
4274220;Snacksters BBQ Chicken Melt Ciabatta 165g;£1.00;£6.06/kg;Snacks;null;12.0;35.4;5.5;3.7;1.9;4.0;null;
4852343;ASDA Chosen by You Pizwich Pepperoni 160g;£1.00;£6.25/kg;Snacks;202;6.9;25.0;5.0;7.5;2.7;3.6;0.9;
4852341;ASDA Chosen by You Pizwich Spicy Garlic Chicken 160g;£1.00;£6.25/kg;Snacks;205;7.3;27.6;6.1;6.5;2.3;3.3;0.9;
4946846;ASDA Chosen by You Pizza Straws 168g;£1.00;£5.95/kg;Snacks;359;6.3;39.0;3.9;19.2;9.7;2.7;1.2;
4809791;ASDA Chosen by You Cocktail Sausages 390g;£1.00;£2.56/kg;Savoury;287;13.5;11.8;0.6;19.9;7.8;3.1;1.1;
4414357;ASDA Chosen by You 36 Mini Pastry Bites 306g;£2.00;£6.54/kg;Savoury;355;6.4;33.0;2.6;21.9;11.8;null;1.1;
4413274;ASDA Chosen by You 20 Chilli Cheese Bites 300g;£2.00;£6.67/kg;Savoury;274;8.0;26.7;1.3;14.7;5.7;1.6;0.9;
4377026;ASDA Chosen by You Chicken Satay 190g;£2.00;£10.53/kg;Savoury;159;20.9;8.3;5.4;4.3;1.8;1.8;0.6;
4383484;ASDA Chosen by You Assorted Chicken Skewers 196g;£2.00;£10.20/kg;Savoury;169;24.8;7.4;2.8;4.0;1.3;1.9;0.8;
4414355;ASDA Chosen by You 24 Mini Hot Dogs with Ketchup 312g;£2.00;£6.41/kg;Savoury;379;9.1;28.0;1.9;25.6;11.7;null;1.2;
4377028;ASDA Chosen by You Chicken Goujons 156g;£1.00;£6.41/kg;Savoury;240;16.3;22.3;1.8;9.1;3.8;1.7;0.6;
4010338;ASDA Chosen by You Vegetable Spring Rolls 216g;£1.00;£4.63/kg;Savoury;258;5.4;30.1;3.4;12.1;5.6;2.8;0.7;
3661600;ASDA Chosen by You 14 Pigs In Blankets 350g;£2.00;£5.71/kg;Savoury;null;16.8;6.9;0.7;16.3;6.5;2.1;1.9;
4622319;ASDA Chosen by You Filo King Prawns 100g;£1.00;£10.00/kg;Savoury;297;11.4;25.3;5.8;16.6;6.6;0.3;0.6;
3657398;ASDA Chosen by You Cheese & Jalape??o Crisp Bites 20g;£2.00;£5.00/kg;Savoury;267;6.6;26.4;4.2;14.1;2.5;3.9;0.9;
4946846;ASDA Chosen by You Pizza Straws 168g;£1.00;£5.95/kg;Savoury;359;6.3;39.0;3.9;19.2;9.7;2.7;1.2;
4849810;ASDA Chosen by You Mozzarella Sticks 180g;£1.00;£5.56/kg;Savoury;301;10.1;28.6;3.8;15.9;5.1;1.4;0.5;
2512407;ASDA Chosen by You Profiteroles with Chocolate Sauce;£1.00;£0.42/100g;Desserts;null;5.5;17.2;7.4;28;18.3;0.8;0.3;
4055060;ASDA Chosen by You Chocolate Éclairs 160g;£1.00;£0.62/100g;Desserts;411;5.6;24.1;15.3;32.2;21.7;1.2;0.2;
4920086;ASDA Good & Counted Straight Cut Oven Chips;£1.14;£1.14/kg;Oven Bake Chips;163;3.5;29.5;0.5;2.5;0.4;4.0;null;
4823410;ASDA Chosen by You Chipper Dippers 500g;£1.00;£2.00/kg;Oven Bake Chips;183;2.8;28.8;0.5;5.5;0.7;3.5;0.4;
4865190;McCain Home Chips Straight Cut;£3.75;£1.67/kg;Oven Bake Chips;null;null;null;null;null;null;null;null;
4615068;ASDA Chosen By You Crinkle Cut Oven Chips;£1.95;£0.97/kg;Oven Bake Chips;144;2.5;23.6;0.7;4.0;0.5;2.0;0.1;
2146530;ASDA Chosen By You Crispy Homestyle Chips;£1.78;£1.19/kg;Oven Bake Chips;190;3.3;28.9;0.5;6.2;3.3;2.9;null;
3843333;ASDA Chosen By You French Fries;£1.11;£1.11/kg;Oven Bake Chips;234;3.9;34.6;0.6;8.0;0.9;4.0;null;
4615066;ASDA Chosen By You French Fries Oven Cook;£1.95;£0.97/kg;Oven Bake Chips;212;3.2;33.5;0.5;6.2;0.7;4.8;0.1;
3843265;ASDA Chosen By You Steak Cut Oven Chips;£0.85;£0.68/kg;Oven Bake Chips;186;3.6;29.4;0.7;5.6;0.8;2.0;null;
4615064;ASDA Chosen by You Straight Cut Oven Chips;£1.78;£0.89/kg;Oven Bake Chips;192;3.4;35.8;0.4;4.2;0.5;1.3;0.1;
2343391;ASDA Chosen by You Curly Fries Oven Cook 750g;£1.25;£1.67/kg;Oven Bake Chips;226;3.4;27.9;0.9;10.5;1.3;3.1;null;
4428584;ASDA Chosen by You Seasoned French Fries 750g;£1.00;£1.33/kg;Oven Bake Chips;232;3.1;26.3;0.9;12.0;1.4;3.0;0.5;
2294184;ASDA Extra Special Chunky Oven Chips;£2.48;£1.65/kg;Oven Bake Chips;169;2.0;31.0;0.5;3.5;0.5;2.7;0.4;
3845846;Aunt Bessie's Crinkle Chips;£1.97;£2.17/kg;Oven Bake Chips;148;2.2;24;0.5;4.5;2.1;1.7;0.20;
3998590;Aunt Bessie's Homestyle Chips;£2.18;£1.36/kg;Oven Bake Chips;135;2.2;17.6;1.0;5.6;2.9;2.7;0.2;
4461649;Aunt Bessie's Homestyle Chips;£0.98;£1.40/kg;Oven Bake Chips;146;2.4;24;0.5;4.0;1.9;1.7;0.16;
4693874;McCain 5% Fat Crinkle Cut Oven Chips;£2.50;£1.67/kg;Oven Bake Chips;null;null;null;null;null;null;null;null;
4776631;McCain 5% Fat Straight Cut Oven Chips;£1.97;£1.31/kg;Oven Bake Chips;null;null;null;null;null;null;null;null;
3363997;McCain Crinkle Cut Oven Chips 907g;£1.75;£1.93/kg;Oven Bake Chips;null;null;null;null;null;null;null;null;
4693893;McCain Curly Fries 750g;£2.75;£3.67/kg;Oven Bake Chips;null;null;null;null;null;null;null;null;
4776623;McCain French Fries;£2.80;£2.00/kg;Oven Bake Chips;null;null;null;null;null;null;null;null;
4776625;McCain French Fries 900g;£1.97;£2.19/kg;Oven Bake Chips;null;null;null;null;null;null;null;null;
4202776;McCain Gorgeous Chips;£2.47;£4.49/kg;Oven Bake Chips;null;null;null;null;null;null;null;null;
4776627;McCain Home Chips Crinkle Cut 900g;£1.75;£1.94/kg;Oven Bake Chips;null;null;null;null;null;null;null;null;
4693876;McCain Home Crinkle Cut Chips;£2.50;£1.67/kg;Oven Bake Chips;null;null;null;null;null;null;null;null;
4757969;McCain Home Straight Cut Chips;£2.50;£1.67/kg;Oven Bake Chips;null;null;null;null;null;null;null;null;
4776629;McCain Home Straight Cut Chips 900g;£1.75;£1.94/kg;Oven Bake Chips;null;null;null;null;null;null;null;null;
4428588;McCain Quick Cook French Fries 750g;£2.50;£3.33/kg;Oven Bake Chips;null;null;null;null;null;null;null;null;
2127737;McCain Rustic Oven Chips Skins On;£1.75;£1.75/kg;Oven Bake Chips;null;null;null;null;null;null;null;null;
4202782;McCain Southern Fries 750g;£2.00;£2.67/kg;Oven Bake Chips;null;null;null;null;null;null;null;null;
2127735;McCain Straight Cut Oven Chips 907g;£1.75;£1.93/kg;Oven Bake Chips;null;null;null;null;null;null;null;null;
2343401;ASDA Smartprice Chips;£0.82;£0.54/kg;Oven Bake Chips;153;2.1;26.9;0.5;3.4;0.4;3.3;null;
4615070;ASDA Chosen By You Crinkle Cut Frying Chips;£1.95;£0.97/kg;Frying Chips;220;3.4;28.0;0.7;10.0;1.2;2.1;0.1;
4022068;McCain French Fries for Frying;£2.80;£1.87/kg;Frying Chips;null;null;null;null;null;null;null;null;
3135054;McCain Crinkle Cut Micro Chips 100g;£1.79;£4.48/kg;Microwaveable Chips;null;null;null;null;null;null;null;null;
478092;McCain Microwave Chips 270g;£2.00;£7.41/kg;Microwaveable Chips;null;null;null;null;null;null;null;null;
3139551;McCain Straight Cut Micro Chips 100g;£1.79;£4.48/kg;Microwaveable Chips;null;null;null;null;null;null;null;null;
3843269;ASDA Chosen by You Oven Cook Crispy Potatoes 900g;£1.00;£1.11/kg;Roast Potatoes;182;3.4;29.6;0.5;4.6;0.6;4.5;null;
4430841;ASDA Chosen By You Roast Potatoes;£1.00;£0.90/kg;Roast Potatoes;113;2.0;18.7;0.1;2.8;0.4;2.6;null;
3998592;Aunt Bessie's Homestyle Roast Potatoes Big Family Bag;£2.00;£1.25/kg;Roast Potatoes;138;1.8;20;0.5;5.0;2.2;2.2;0.40;
4622419;Aunt Bessie's Homestyle Roast Potatoes;£1.48;£2.11/kg;Roast Potatoes;138;1.8;20;0.5;5.0;2.2;2.2;0.40;
3587229;Aunt Bessie's Midweek Mini Roasties;£1.65;£2.36/kg;Roast Potatoes;129;2.1;23.0;0.5;2.7;1.3;2.0;0.4;
3673199;Aunt Bessie's Midweek Mini Roasties Garlic & Herb 615g;£1.87;£3.04/kg;Roast Potatoes;110;2.5;19;0.8;2.4;1.0;2.2;0.50;
3689604;Aunt Bessie's Special Roast Potatoes;£2.00;£2.86/kg;Roast Potatoes;120;0.9;19;0.5;4.2;1.6;1.5;0.40;
4614855;McCain Home Roast Potatoes 750g;£2.00;£2.67/kg;Roast Potatoes;null;null;null;null;null;null;null;null;
4614851;McCain Special Roast Potatoes 700g;£2.75;£3.93/kg;Roast Potatoes;null;null;null;null;null;null;null;null;
4025169;ASDA Chosen By You Cheddar Mash 600g;£1.00;£1.67/kg;Mash Potatoes;98;2.7;10.7;0.7;4.4;2.8;2.3;null;
3843283;ASDA Chosen by You Simply Mash Microwave Cook 900g;£1.00;£1.11/kg;Mash Potatoes;100;2.2;18.2;0.9;1.6;0.9;2.2;null;
1051724;Aunt Bessie's Homestyle Mashed Potato 650g;£1.50;£2.31/kg;Mash Potatoes;90;1.9;14;0.5;2.6;1.8;1.5;0.60;
3843259;ASDA Chosen by You Southern Fried Potato Wedges;£1.00;£1.00/kg;Potato Wedges;199;3.3;26.9;1.3;8.0;1.0;3.0;null;
2042537;McCain Lightly Spiced Wedges 750g;£2.00;£2.67/kg;Potato Wedges;null;null;null;null;null;null;null;null;
4614849;McCain Limited Edition Roasted Garlic Wedges 750g;£2.00;£2.67/kg;Potato Wedges;null;null;null;null;null;null;null;null;
3541982;McCain Mexican Wedges 750g;£2.00;£2.67/kg;Potato Wedges;null;null;null;null;null;null;null;null;
3001192;McCain Sea Salt & Black Pepper Wedges 750g;£2.00;£2.67/kg;Potato Wedges;null;null;null;null;null;null;null;null;
3843263;ASDA Chosen by Kids Mini Potato & Carrot Waffles 500g;£1.00;£2.00/kg;Potato Waffles & Shapes;205;2.7;27.0;0.7;8.7;1.7;3.8;0.4;
3843287;ASDA Chosen By Kids Happy Stars Oven Cook 907g;£1.00;£1.10/kg;Potato Waffles & Shapes;203;2.6;27.1;1.0;8.4;1.0;4.2;0.4;
3137940;ASDA Chosen By Kids Potato Letters 650g;£1.00;£1.54/kg;Potato Waffles & Shapes;175;2.2;24.1;0.2;7.1;1.3;2.2;0.4;
2051859;ASDA Chosen By You Potato Waffles 680g;£1.00;£1.47/kg;Potato Waffles & Shapes;171;2.5;22.1;0.3;7.4;1.1;2.9;null;
4614833;Birds Eye Mashtags 456g;£1.75;£3.84/kg;Potato Waffles & Shapes;null;2.5;22.0;0.7;6.6;0.4;1.7;0.74;
4288128;Birds Eye Mini Potato Waffles 456g;£2.00;£4.39/kg;Potato Waffles & Shapes;null;2.5;22.0;0.7;8.7;0.6;1.7;0.75;
4201614;Birds Eye Potato Waffles;£1.89;£1.85/kg;Potato Waffles & Shapes;null;2.5;22.0;0.7;8.7;0.6;1.7;0.75;
4201612;Birds Eye Potato Waffles 567g;£1.50;£2.65/kg;Potato Waffles & Shapes;null;2.5;22.0;0.7;8.7;0.6;1.7;0.75;
478142;McCain Potato Smiles 454g;£1.60;£3.52/kg;Potato Waffles & Shapes;null;null;null;null;null;null;null;null;
4823420;McCain Hash Browns 625g;£1.65;£2.64/kg;Hash Browns;null;null;null;null;null;null;null;null;
3843261;ASDA Chosen by You Hash Browns Oven Cook 800g;£1.00;£1.25/kg;Hash Browns;191;2.4;21.9;0.4;9.7;1.1;3.3;null;
4210871;Birds Eye Hash Brown Waffles 459g;£1.00;£2.18/kg;Hash Browns;null;2.9;22.9;1.0;10.1;1.2;1.8;1.2;
3816558;McCain Ready Baked Jackets 400g;£1.65;£4.12/kg;Jacket Potatoes;null;null;null;null;null;null;null;null;
3816556;McCain Ready Baked Jackets;£1.89;£2.36/kg;Jacket Potatoes;null;null;null;null;null;null;null;null;
4201610;McCain Jacket Smiles 400g;£1.50;£3.75/kg;Jacket Potatoes;null;null;null;null;null;null;null;null;
4438045;ASDA Chosen By You Baked 4 Jacket Potatoes 200g;£2.00;£2.50/kg;Jacket Potatoes;96;2.1;19.4;1.8;0.5;null;2.5;0.1;
4615074;Bannisters Bannisters' Farm 4 Potato Skins Baked & Filled Cheese & Smokey Bacon 260g;£1.39;£5.35/kg;Jacket Potatoes;null;7.0;12.9;1.5;10.1;4.0;2.2;0.57;
4615072;Bannisters Potato Skins Baked & Filled Cheese & Roasted Onion 4 260g;£1.39;£5.35/kg;Jacket Potatoes;null;5.3;13.4;1.8;8.8;3.6;2.4;0.35;
4025171;ASDA Chosen By You Bubble & Squeak 600g;£1.00;£1.67/kg;Croquettes, Gratin & Rosti;150;2.4;22.3;1.0;4.8;0.8;4.1;null;
4029740;ASDA Chosen By You Potato Gratin 240g;£1.50;£6.25/kg;Croquettes, Gratin & Rosti;155;3.1;13.7;2.3;9.2;6.2;2.5;null;
4428592;ASDA Chosen By You Potato Lattice 600g;£1.00;£1.67/kg;Croquettes, Gratin & Rosti;249;3.5;32.0;1.1;11.2;1.9;3.3;null;
3843285;ASDA Chosen by You Potato Croquettes Oven Cook 900g;£1.00;£1.11/kg;Croquettes, Gratin & Rosti;194;2.9;25.6;1.1;8.1;1.2;3.5;null;
3141003;Aunt Bessie's Chunky Croquettes;£1.48;£2.69/kg;Croquettes, Gratin & Rosti;164;1.8;24;0.5;6.2;2.8;2.4;0.80;
4201616;Aunt Bessie's Creamy Cheese & Onion Potato Bake 425g;£2.00;£4.71/kg;Croquettes, Gratin & Rosti;132;null;16;0.7;5.4;2.8;null;4.1;
3673201;Aunt Bessie's Rustic Mini Rosti;£1.48;£2.11/kg;Croquettes, Gratin & Rosti;162;1.4;23;0.5;6.6;3.1;2.7;0.50;
2027121;ASDA Chosen by You Frozen for Freshness Baby Carrots;£0.98;£0.98/kg;Vegetables;28;0.6;4.4;4.2;0.4;0.1;2.3;null;
2027529;ASDA Chosen by You Frozen for Freshness Button Sprouts;£0.99;£0.99/kg;Vegetables;44;3.5;2.5;2.4;1.3;0.3;4.3;null;
3392797;ASDA Chosen by You Whole Leaf Spinach;£1.25;£1.25/kg;Vegetables;26;3.1;0.5;0.3;0.8;0.1;2.1;null;
3843279;ASDA Chosen by You Frozen for Freshness Whole Green Beans 750g;£1.00;£1.33/kg;Vegetables;35;1.7;4.7;2.1;0.1;null;4.1;null;
3101848;Aunt Bessie's Honey Glazed Roast Parsnips 600g;£1.69;£2.82/kg;Vegetables;180;1.4;15;5.5;12;5.7;4.4;0.26;
498538;ASDA Frozen for Freshness Mini Corn Cobs 900g;£1.33;£1.48/kg;Vegetables;120;4.2;19.6;2.3;2.3;0.2;2.2;null;
477347;ASDA Frozen for Freshness Sliced Green Beans 750g;£0.75;£1.00/kg;Vegetables;null;null;null;null;null;null;null;null;
2054356;ASDA Chosen by You Frozen for Freshness Parsnips 680g;£0.91;£1.34/kg;Vegetables;164;2.1;19.1;10.4;7.3;1.0;6.7;null;
2623435;ASDA Chosen By You Cauliflower Cheese 750g;£2.00;£2.67/kg;Vegetables;82;3.4;3.9;2.3;5.4;3.4;1.9;null;
1760365;ASDA Chosen By You Freshly Frozen Broad Beans 750g;£1.15;£1.53/kg;Vegetables;97;7.9;11.7;1.3;0.6;0.1;6.5;null;
2027109;ASDA Chosen By You Freshly Frozen Broccoli Florets;£1.22;£1.22/kg;Vegetables;29;3.1;1.1;0.9;0.8;0.2;2.3;null;
2027111;ASDA Chosen By You Freshly Frozen Cauliflower Florets;£1.22;£1.22/kg;Vegetables;31;2.9;2.1;1.8;0.9;0.2;1.6;null;
2027521;ASDA Chosen By You Freshly Frozen Garden Peas;£1.50;£1.50/kg;Vegetables;null;6.0;9.7;2.7;0.9;0.2;5.1;null;
2312486;ASDA Chosen By You Freshly Frozen Garden Peas;£2.40;£1.33/kg;Vegetables;null;null;null;null;null;null;null;null;
2027523;ASDA Chosen By You Freshly Frozen Petits Pois;£1.75;£1.75/kg;Vegetables;59;5.0;5.5;3.0;0.9;0.2;4.5;null;
2027119;ASDA Chosen By You Freshly Frozen Sweetcorn;£1.25;£1.25/kg;Vegetables;120;4.2;19.6;2.3;2.3;0.2;2.2;null;
2333137;ASDA Chosen By You Frozen Mushy Peas;£1.00;£1.00/kg;Vegetables;null;null;null;null;null;null;null;null;
4133622;Birds Eye Field Fresh Garden Peas;£3.00;£2.19/kg;Vegetables;null;4.9;7.5;4.9;0.7;0.1;6.0;0.01;
4154955;Birds Eye Field Fresh Garden Peas 400g;£1.50;£3.75/kg;Vegetables;null;4.9;7.5;4.9;0.7;0.1;6.0;0.01;
4428578;Birds Eye Field Fresh Garden Peas 800g;£2.19;£2.74/kg;Vegetables;null;4.9;7.5;4.9;0.7;0.1;6.0;0.01;
4133620;Birds Eye Field Fresh Petit Pois 545g;£2.00;£3.67/kg;Vegetables;null;5.4;6.8;4.1;0.6;0.1;6.0;0.01;
4133628;Birds Eye Field Fresh Petit Pois;£2.77;£2.59/kg;Vegetables;null;5.4;6.8;4.1;0.6;0.1;6.0;0.01;
3810254;ASDA Smartprice Peas;£0.98;£0.98/kg;Vegetables;81;6.0;9.7;2.7;0.9;0.2;5.1;null;
3810258;ASDA Smartprice Cauliflower;£0.97;£0.97/kg;Vegetables;31;2.9;2.1;1.8;0.9;0.2;1.6;null;
3810256;ASDA Smartprice Sweetcorn;£0.99;£0.99/kg;Vegetables;120;4.2;19.6;2.3;2.3;0.2;2.2;null;
3810260;ASDA Smartprice Broccoli;£0.90;£0.90/kg;Vegetables;38;4.4;1.8;1.5;0.9;0.2;2.6;null;
4823426;Aunt Bessie's Casserole Vegetable Mix with Dumplings 700g;£1.79;£2.56/kg;Mixed Vegetables;123;2.3;17;5.0;4.5;2.2;2.7;0.34;
4823422;Aunt Bessie's Chunky Roast Vegetables 500g;£1.69;£3.38/kg;Mixed Vegetables;143;1.9;18;7.2;5.6;0.7;6.5;0.08;
1614367;Aunt Bessie's Carrot & Swede Mash 500g;£1.69;£3.38/kg;Mixed Vegetables;36;0.9;3.5;3.5;1.3;0.8;3.8;0.53;
2479459;ASDA Chosen by You Frozen for Freshness Shredded Mixed Cabbage 750g;£1.00;£1.33/kg;Mixed Vegetables;20;1.0;2.2;2.0;0.4;0.1;1.8;null;
2027511;ASDA Chosen By You Freshly Frozen Carrot & Swede Juliennne;£1.25;£1.25/kg;Mixed Vegetables;24;0.5;3.9;3.6;0.3;0.1;1.8;null;
2027525;ASDA Chosen By You Freshly Frozen Mixed Vegetables;£0.98;£0.98/kg;Mixed Vegetables;59;2.6;8.5;2.7;1.0;0.1;2.8;null;
2027117;ASDA Chosen by You Frozen for Freshness Broccoli & Cauliflower Florets;£1.22;£1.22/kg;Mixed Vegetables;31;3.0;1.6;1.5;0.9;0.2;2.4;null;
2027113;ASDA Chosen by You Frozen for Freshness Broccoli, Cauliflower & Baby Carrots;£1.50;£1.50/kg;Mixed Vegetables;31;2.2;2.5;2.3;0.7;0.2;2.9;null;
4614839;Birds Eye Field Fresh Garden Peas & Supersweet Sweetcorn 690g;£2.00;£2.90/kg;Mixed Vegetables;null;4.2;10.3;4.4;0.7;0.1;4.9;0.01;
4614843;Birds Eye Field Fresh Select Mixed Vegetables 690g;£2.00;£2.90/kg;Mixed Vegetables;null;2.5;8.1;3.7;0.6;0.1;3.3;0.036;
3810262;ASDA Smartprice Mixed Vegetables;£0.77;£0.77/kg;Mixed Vegetables;62;2.9;9.5;3.7;0.6;0.1;3.4;null;
4920084;ASDA Good & Balanced Casserole Mix;£0.98;£0.98/kg;Mixed Vegetables;24;0.6;3.9;3.4;0.3;0.1;1.7;0.1;
4920082;ASDA Good & Balanced Mediterranean Vegetables with Cherry Tomatoes 500g;£1.50;£3.00/kg;Mixed Vegetables;51;1.6;5.3;2.3;1.8;0.3;3.4;0.1;
4920080;ASDA Good & Balanced Stir-Fry Vegetable Mix 500g;£1.00;£2.00/kg;Mixed Vegetables;26;1.1;3.5;2.8;0.2;0.1;3.0;null;
4823416;Birds Eye Steamfresh Green Medley with Garlic & Herbs 300g;£1.79;£5.97/kg;Steam Packs;null;2.8;4.2;2.6;3.9;2.2;3.2;0.33;
4823418;Birds Eye Steamfresh Mediterranean Vegetable Penne Pasta 350g;£1.79;£5.11/kg;Steam Packs;null;3.4;15.3;3.0;3.7;0.5;1.8;0.40;
4823412;Birds Eye Steamfresh Italian Vegetables 300g;£1.79;£5.97/kg;Steam Packs;null;1.7;3.5;2.3;3.1;1.8;1.9;0.28;
4823414;Birds Eye Steamfresh Creamy Cheese Penne Pasta 350g;£1.79;£5.11/kg;Steam Packs;null;5.0;15.9;1.8;3.8;1.0;2.4;0.43;
2875420;Birds Eye Chunky Carrots & Green Beans 540g;;;Steam Packs;null;2.2;5.2;4.1;0.5;0.1;3.5;0.05;
4428574;Birds Eye Veg Fusions Green Medley with a Hint of Garlic & Herbs 300g;£1.75;£5.83/kg;Steam Packs;null;2.8;4.2;2.6;3.9;2.2;3.2;0.33;
4428576;Birds Eye Veg Fusions Italian Vegetables with Basil & Rosemary;£1.00;£3.33/kg;Steam Packs;null;1.7;3.5;2.3;3.1;1.8;1.9;0.28;
4920078;ASDA Good & Balanced Carrot 160g;£1.50;£2.34/kg;Steam Packs;63;2.6;10.3;3.8;0.8;0.2;2.1;null;
4920076;ASDA Good & Balanced Carrot, Broccoli & Cauliflower Steam Bags 160g;£1.50;£2.34/kg;Steam Packs;29;2.0;2.7;2.5;0.7;0.2;2.1;null;
4920074;ASDA Good & Balanced Carrot, Broccoli & Sweetcorn Steam Bags 160g;£1.50;£2.34/kg;Steam Packs;75;2.6;12.8;5.9;1.0;0.2;2.4;null;
3843277;ASDA Quick & Easy Diced Onions;£0.85;£1.70/kg;Ingredients;19;0.6;3.5;2.5;0.1;null;0.7;null;
2654588;ASDA Quick & Easy Sliced Mushrooms;£0.85;£1.70/kg;Ingredients;16;1.8;0.4;0.2;0.5;0.1;1.1;null;
3843275;ASDA Chosen By You Sliced Mixed Peppers;£0.85;£1.70/kg;Ingredients;21;1.0;2.6;2.3;0.5;0.1;1.2;null;
2478005;Taj Chopped Spinach 450g;£0.97;£2.16/kg;Ingredients;null;2.3;null;0;null;0;null;null;
1951213;Taj Crushed Garlic 400g;£0.97;£9.70/10g;Ingredients;null;7.5;14;1.6;0.6;0.1;4.0;0.01;
1951215;Taj Crushed Ginger 400g;£0.97;£9.70/10g;Ingredients;null;1.7;6.4;3.0;0.7;0.0;0.1;0.01;
3825867;Taj Peeled Garlic Cloves 400g;£0.97;£9.70/10g;Ingredients;null;7.5;14;1.6;0.6;0.1;4.0;0.01;
4232494;Birds Eye Rice Fusions Mexican Rice;£1.00;£2.63/kg;Frozen Rice & Noodles;null;2.9;21.8;1.5;1.6;0.4;1.1;0.60;
2303115;ASDA Freshly Frozen Golden Vegetable Rice 800g;£2.00;£2.50/kg;Frozen Rice & Noodles;117;2.9;22.3;0.7;1.3;0.2;2.4;null;
4232492;Birds Eye Rice Fusions Mediterranean Vegetable Rice 380g;£1.75;£4.61/kg;Frozen Rice & Noodles;null;2.4;21.3;2.5;2.6;0.4;1.1;0.60;
4232500;Birds Eye Rice Fusions Fragrant Golden Vegetable Rice;£1.00;£2.63/kg;Frozen Rice & Noodles;null;2.7;20.3;2.2;1.4;0.3;1.9;0.60;
4232496;Birds Eye Rice Fusions Egg Fried with Peas 380g;£1.75;£4.61/kg;Frozen Rice & Noodles;null;4.3;24.1;0.8;1.9;0.6;0.7;0.45;
4248703;Birds Eye Rice Fusions Tender Green Vegetable Rice with a Herb Seasoning 380g;£1.75;£4.61/kg;Frozen Rice & Noodles;null;3.0;16.6;1.1;3.4;2.1;1.6;0.60;
4194956;ASDA Egg Fried Rice 380g;£1.00;£2.63/kg;Frozen Rice & Noodles;145;4.1;21.9;1.0;4.3;0.8;1.3;0.4;
4194952;ASDA Mexican Rice 380g;£1.00;£2.63/kg;Frozen Rice & Noodles;105;2.7;17.1;2.0;2.2;0.3;3.2;0.4;
1736869;ASDA Quick & Easy Steam Bags White Rice 800g;£1.50;£1.88/kg;Frozen Rice & Noodles;null;null;null;null;null;null;null;null;
4861474;Aunt Bessie's Perfect for Sausage Boat Shaped Yorkshires 290g;£1.50;£5.17/kg;Yorkshire Puddings;252;8.0;37;1.9;7.5;0.8;2.3;0.56;
4274230;ASDA Large Yorkshire Puddings 230g;£1.00;£4.35/kg;Yorkshire Puddings;249;9.0;34.3;2.1;8.0;0.7;2.1;0.6;
2322120;ASDA Yorkshire Puddings 230g;£1.00;£4.35/kg;Yorkshire Puddings;273;8.4;40.0;2.5;8.2;0.7;2.7;0.6;
2997698;ASDA Chosen By You 24 Yorkshire puddings 460g;£1.50;£3.26/kg;Yorkshire Puddings;273;8.4;40.0;2.5;8.2;0.7;2.7;0.6;
1160874;ASDA Chosen By You Giant Yorkshire Pudding 110g;£0.40;£3.64/kg;Yorkshire Puddings;256;8.9;42.4;3.4;5.0;0.4;2.9;null;
4042874;ASDA Chosen by You Beef Dripping Yorkshire Puddings 160g;£1.00;£6.25/kg;Yorkshire Puddings;310;10.0;33.8;3.1;14.3;4.2;2.9;0.6;
1158974;Aunt Bessie's 12 Golden Yorkshire Puddings 220g;£1.50;£6.82/kg;Yorkshire Puddings;247;8.4;38;1.7;6.3;0.7;2.4;0.69;
3373733;Aunt Bessie's 12 Perfect for Chicken Yorkshire Puddings 220g;£1.25;£5.68/kg;Yorkshire Puddings;252;9.2;38;2.7;6.5;0.8;2.9;0.68;
4437387;Aunt Bessie's 2 Giant Yorkshires 230g;£1.50;£6.52/kg;Yorkshire Puddings;253;9.1;39;1.7;6.3;0.6;2.3;0.58;
4521417;Aunt Bessie's 22 Golden Yorkshires;£1.89;£0.47/100g;Yorkshire Puddings;247;8.4;38;1.7;6.3;0.7;2.4;0.69;
1508409;Aunt Bessie's Home Bake Yorkshires 370g;£1.50;£4.05/kg;Yorkshire Puddings;165;6.1;25;2.2;4.4;2.5;1.0;0.48;
2714521;Aunt Bessie's Large Baked Yorkshire Puddings 165g;£1.50;£9.09/kg;Yorkshire Puddings;264;8.8;35;1.9;7.7;0.8;2.4;0.67;
2015878;Dietary Specials Gluten Free Yorkshire Puddings 124g;£1.98;£15.97/kg;Yorkshire Puddings;302;11;33;1.6;14;1.3;0.7;0.40;
4042876;ASDA Smartprice 15 Yorkshire Puddings 230g;£0.49;£2.13/kg;Yorkshire Puddings;254;7.6;37.1;3.8;7.6;0.6;3.5;0.6;
4079572;Aunt Bessie's Sage & Onion Stuffing Balls 310g;£1.49;£4.81/kg;Dumplings & Stuffing;219;5.1;34;3.0;6.4;2.3;3.1;1.3;
4428554;Aunt Bessie's Sage & Onion Stuffing Balls 250g;£1.49;£5.96/kg;Dumplings & Stuffing;217;7.7;22;3.0;10;3.6;1.9;1.4;
3719856;Aunt Bessie's Dumplings 490g;£1.79;£3.65/kg;Dumplings & Stuffing;323;5.5;43;2.5;14;6.5;2.5;0.75;
5045035;Paxo Sage & Onion Stuffing Balls 300g;£0.98;£0.32/100g;Dumplings & Stuffing;156;4.0;31.1;1.4;2.4;1.0;3.1;0.80;
3843335;ASDA Chosen By You Beer Batter Onion Rings 500g;£1.50;£3.00/kg;Onion Rings;266;5.4;38.8;4.4;9.1;0.6;3.5;null;
3545415;Aunt Bessie's Onion Rings 375g;£1.75;£4.67/kg;Onion Rings;217;2.4;22;4.8;13;1.1;2.5;1.1;
4823440;ASDA Chosen by You Battered Onion Rings 750g;£1.00;£1.33/kg;Onion Rings;233;9.5;23.8;3.2;10.5;2.1;2.7;0.1;
4826974;ASDA Chosen by You Breaded Onion Rings 750g;£1.00;£1.33/kg;Onion Rings;252;4.1;27.4;2.7;13.1;2.0;4.2;0.9;
4823442;ASDA Chosen by You Breaded Garlic Mushrooms 400g;£1.00;£2.50/kg;Garlic Mushrooms;171;4.2;23.5;1.1;6.2;0.7;2.0;0.9;
4041571;ASDA Chicken in Red Wine with Creamy Garlic Potatoes 450g;£2.00;£4.44/kg;Classic Meals;114;8.6;7.8;1.9;5.0;1.9;1.9;null;
4041569;ASDA Hunter's Chicken with Wedges 450g;£2.00;£4.44/kg;Classic Meals;136;8.1;13.8;4.7;5.0;1.7;1.6;0.6;
4083187;ASDA Liver & Bacon with Colcannon Mash 400g;£1.50;£3.75/kg;Classic Meals;93;7.9;10.3;1.1;2.0;1.0;0.9;0.5;
4041575;ASDA Chosen by You Pub Classics Peppercorn Chicken with Sautéed Potatoes 450g;£2.00;£4.44/kg;Classic Meals;118;7.7;10.5;1.5;4.5;2.2;2.1;0.6;
4114528;ASDA Chosen By You Cheese Omelettes;£0.85;£4.25/kg;Classic Meals;null;11.8;2.4;0.7;15.4;7.4;1.0;null;
4041543;ASDA Chosen By You Chicken Hotpot;£0.85;£2.12/kg;Classic Meals;121;5.8;12.7;1.9;4.9;1.5;1.5;0.6;
4271421;ASDA Chosen By You Chicken Supreme;£0.85;£2.12/kg;Classic Meals;null;null;null;null;null;null;null;null;
4083193;ASDA Chosen By You Classic Sausages & Mash 400g;£1.50;£3.75/kg;Classic Meals;97;4.1;8.8;1.5;4.7;1.8;1.4;0.5;
4083191;ASDA Chosen By You Classic Shepherd's Pie 400g;£1.50;£3.75/kg;Classic Meals;115;5.3;10.5;1.1;5.5;2.9;1.1;0.5;
1919323;ASDA Chosen By You Cottage Pie;£0.85;£2.12/kg;Classic Meals;111;5.7;11.4;0.6;4.5;1.8;1.2;0.6;
4041607;ASDA Chosen by You Family Favourites Cottage Pie 1400g;£3.00;£2.14/kg;Classic Meals;92;3.5;11.7;0.7;3.3;1.4;0.7;0.5;
1623790;ASDA Chosen By You Minced Beef Hotpot;£0.85;£2.12/kg;Classic Meals;112;4.8;12.2;1.3;4.5;1.6;1.8;0.5;
3723649;Bisto Bangers & Mash 375g;£0.98;£2.61/kg;Classic Meals;null;3.3;13.1;1.0;3.6;1.3;1.4;0.63;
4441926;Bisto Chicken Hotpot 375g;£1.00;£2.67/kg;Classic Meals;null;4.6;10.7;1.1;2.3;0.4;1.2;0.5;
3149609;Bisto Cottage Pie 375g;£0.98;£2.61/kg;Classic Meals;null;4.0;10.9;0.6;2.6;0.9;0.8;0.55;
3723651;Bisto Minced Beef Hotpot 375g;£1.00;£2.67/kg;Classic Meals;null;4.1;11.3;1.2;3.6;1.0;1.4;0.55;
3149615;Bisto Shepherds Pie 375g;£0.98;£2.61/kg;Classic Meals;null;4.5;9.8;0.8;3.5;1.7;1.1;0.38;
4043059;Heinz Big Beef Hotpot with Chunky Veg 450g;£2.00;£4.44/kg;Classic Meals;null;4.9;10.8;2.6;2.7;0.8;1.0;0.6;
4271500;Heinz Big Chicken Casserole with Chunky Potatoes 450g;£2.00;£4.44/kg;Classic Meals;null;3.9;10.3;1.5;2.4;0.4;0.9;0.6;
4437455;Mr Brains Pork Faggots 656g;£1.50;£2.29/kg;Classic Meals;87;6.0;10;0.9;2.2;0.9;null;1.3;
4437453;Mr Brains Pork Faggots 439g;£0.98;£2.23/kg;Classic Meals;87;6.0;10;0.9;2.2;0.9;null;1.3;
2876842;ASDA Chosen by You Classic All Day Breakfast 300g;£1.50;£5.00/kg;Classic Meals;156;7.6;12.6;3.0;7.9;3.0;2.0;0.9;
4916533;ASDA Good & Counted Cottage Pie 350g;£1.00;£2.86/kg;Classic Meals;70;3.4;12.0;2.0;0.7;0.3;1.2;0.4;
4916527;ASDA Good & Counted Chicken Hotpot 350g;£1.00;£2.86/kg;Classic Meals;83;5.1;10.0;2.1;2.2;0.6;1.4;0.4;
4916513;ASDA Good & Balanced Braised Beef & Sweet Potato Hotpot 375g;£1.88;£5.01/kg;Classic Meals;null;7.0;9.5;4.1;2.7;0.7;2.9;0.3;
4957760;ASDA Chosen by You Classic Beef & Ale Stew with Dumplings 375g;£1.50;£4.00/kg;Classic Meals;97;5.1;10.9;2.2;3.4;1.3;1.3;0.6;
4849788;ASDA Chosen by You Pub Classics Boozy Beef Pie 450g;£2.00;£4.44/kg;Classic Meals;118;4.3;10.8;1.7;6.1;3.1;1.3;0.6;
4849790;ASDA Chosen by You Pub Classics Gammon & Mash 450g;£2.00;£4.44/kg;Classic Meals;85;4.9;9.7;1.8;2.7;1.3;1.3;0.5;
4852347;ASDA Chosen by You Pub Classics Pie & Mash 361g;£1.50;£4.16/kg;Classic Meals;460;18.0;50.8;3.7;18.0;8.9;11.6;1.5;
4849792;ASDA Chosen by You Pub Classics Sausage & Mash 400g;£2.00;£5.00/kg;Classic Meals;120;4.3;12.7;0.9;5.5;1.6;1.0;0.6;
4849780;Bisto Cauliflower Cheese 375g;£1.00;£2.67/kg;Classic Meals;null;1.5;6.1;2.9;1.0;0.5;1.0;0.62;
4836209;Young's Gastro Cod Spinach & Cheese Gratin 380g;£2.48;£6.53/kg;Fish Dishes;146;7.4;12.3;0.7;7.1;2.7;1.4;0.4;
4836207;Young's Gastro Pink Salmon, Alaska Pollock & Cherry Tomato Bake 380g;£2.48;£6.53/kg;Fish Dishes;133;7.7;11.6;1.3;5.9;2.0;1.2;0.4;
4836213;Young's Salmon Crumble 340g;£1.29;£3.79/kg;Fish Dishes;117;5.1;14.5;2.2;4.1;1.2;0.8;0.6;
2770233;ASDA Chosen By You Fish Pie;£0.85;£2.36/kg;Fish Dishes;null;6.6;12.6;1.9;6.6;2.2;1.0;0.6;
3839315;Young's Fish Fillet Dinner 380g;£2.00;£5.26/kg;Fish Dishes;120;6.7;12.4;2.3;4.4;1.5;1.8;0.3;
2997708;Young's Low Fat Ocean Crumble;£0.98;£3.27/kg;Fish Dishes;103;5.1;15.4;2.5;2.1;0.9;1.2;0.8;
2776341;Young's Original Ocean Pie;£2.00;£5.00/kg;Fish Dishes;127;6.2;11.6;2.0;6.0;3.0;0.9;0.5;
2714289;Young's Salmon Fillet Dinner 380g;£2.00;£5.26/kg;Fish Dishes;105;7.4;11.9;2.6;2.7;1.1;1.9;0.4;
2866402;Young's Chip Shop Fish Steak & Chips 300g;£1.00;£3.33/kg;Fish Dishes;151;6.2;18.2;0.6;5.4;0.9;2.4;0.6;
4271554;Young's Chip Shop Large Cod Fillet & Chips 300g;£1.50;£5.00/kg;Fish Dishes;204;6.5;26.3;1.0;7.6;1.2;2.1;0.5;
4665102;Young's Fish Fillet Quarter Pounder & Chips 300g;£1.50;£5.00/kg;Fish Dishes;201;7.5;26.9;0.7;6.6;0.9;2.2;0.5;
4041658;Young's Admiral's Pie Family Pack;£2.50;£2.50/kg;Fish Dishes;90;4.6;11.3;1.7;2.8;1.2;0.6;null;
4665104;Young's Scampi Bites & Chips 290g;£1.50;£5.17/kg;Fish Dishes;171;5.1;24.8;0.8;5.2;0.6;2.2;0.5;
4980352;ASDA Good & Counted Fish Pie 360g;£1.00;£2.78/kg;Fish Dishes;86;4.6;14.0;1.5;1.1;0.4;1.0;0.4;
4975875;ASDA Good & Counted Tuna Pasta Bake 350g;£1.00;£2.86/kg;Fish Dishes;81;5.2;13.0;1.6;0.7;0.3;1.0;0.3;
4980354;ASDA Good & Balanced Seafood Paella 340g;£1.88;£5.53/kg;Fish Dishes;null;5.3;12.3;1.6;1.4;0.1;1.7;0.3;
1906974;Young's Admirals Pie;£0.98;£2.88/kg;Fish Dishes;128;5.6;12.4;1.9;6.0;2.7;1.0;0.6;
2774187;Young's Mariner's Pie 340g;£1.29;£3.79/kg;Fish Dishes;140;5.1;15.1;2.8;6.4;1.1;1.0;0.6;
2878776;ASDA Chicken Filled Yorkshire Pudding 385g;£1.50;£3.90/kg;Roasts & Filled Yorkshires;103;6.0;15.5;1.3;1.5;0.5;1.7;null;
4031768;ASDA Roast Pork Dinner with Crackling 375g;£1.50;£4.00/kg;Roasts & Filled Yorkshires;102;5.6;11.2;0.4;3.5;1.2;1.5;0.6;
4031770;ASDA Chosen By You Beef in Gravy;£0.85;£4.05/kg;Roasts & Filled Yorkshires;null;8.7;0.8;0.8;1.8;0.6;2.2;0.6;
4031778;ASDA Chosen By You Classic Gammon Dinner 375g;£1.50;£4.00/kg;Roasts & Filled Yorkshires;108;5.8;15.0;0.2;2.1;0.6;3.0;0.6;
2995723;ASDA Chosen By You Roast Chicken Dinner 375g;£1.50;£4.00/kg;Roasts & Filled Yorkshires;93;8.1;8.7;0.8;2.4;0.9;2.1;0.6;
2995725;ASDA Chosen by You Classic Roast Beef Dinner 375g;£1.50;£4.00/kg;Roasts & Filled Yorkshires;84;4.8;11.5;1.4;1.6;0.6;2.2;0.6;
4852349;ASDA Chosen by You Classic Toad in the Hole with Bacon 300g;£1.50;£5.00/kg;Roasts & Filled Yorkshires;190;8.6;25.1;2.6;5.6;1.7;2.6;1.0;
4852351;ASDA Chosen by You Toad in the Hole;£0.85;£2.83/kg;Roasts & Filled Yorkshires;204;8.4;23.7;2.6;7.9;2.6;2.1;1.0;
4052387;Aunt Bessie's Large Toad in the Hole;£1.89;£6.30/kg;Roasts & Filled Yorkshires;208;9.3;15;1.8;12;3.3;2.8;0.59;
1622347;Aunt Bessie's Toad In The Hole 190g;£1.50;£7.89/kg;Roasts & Filled Yorkshires;206;9.1;17;2.0;11;3.4;1.4;0.83;
3869719;Bisto Roast Beef Dinner 400g;£2.00;£5.00/kg;Roasts & Filled Yorkshires;null;6.0;10.7;1.5;2.1;0.7;2.1;0.49;
3869721;Bisto Roast Chicken Dinner 400g;£2.00;£5.00/kg;Roasts & Filled Yorkshires;null;8.0;9.8;1.5;3.3;0.8;2.2;0.60;
3869723;Bisto Roast Lamb Dinner 400g;£2.00;£5.00/kg;Roasts & Filled Yorkshires;null;5.0;11.7;1.4;3.7;1.5;2.3;0.55;
4441930;Bisto Roast Turkey Dinner 400g;£2.00;£5.00/kg;Roasts & Filled Yorkshires;null;4.0;11.3;1.9;1.9;0.6;1.9;0.58;
4441942;Bisto Toad In The Hole 300g;£1.00;£3.33/kg;Roasts & Filled Yorkshires;null;9.6;23.2;2.1;7.0;2.2;3.0;0.63;
4044076;ASDA Chosen by You Family Favourites Beef Lasagne 1400g;£3.00;£2.14/kg;Italian;135;5.3;11.6;2.1;7.1;2.2;1.9;null;
4083197;ASDA Italian Spaghetti Carbonara 400g;£1.50;£3.75/kg;Italian;129;4.7;13.9;0.9;5.9;2.6;0.8;0.6;
4044074;ASDA Italian Spinach & Ricotta Cannelloni 400g;£1.50;£3.75/kg;Italian;139;6.4;10.4;2.8;7.3;3.9;3.2;null;
3716753;ASDA Chosen By You Beef Lasagne;£0.85;£2.12/kg;Italian;null;5.1;9.5;2.3;5.6;2.1;2.2;null;
4439772;ASDA Chosen By You Family Carbonara 1400g;£3.00;£2.14/kg;Italian;142;4.7;20.9;2.7;4.1;1.9;1.3;0.5;
4044072;ASDA Chosen By You Italian Beef Cannelloni 400g;£1.50;£3.75/kg;Italian;136;6.4;14.6;3.5;5.2;2.1;2.6;null;
4652666;ASDA Chosen By You Italian Penne Arrabiatta 400g;£1.50;£3.75/kg;Italian;137;3.4;20.4;4.1;4.4;0.6;1.3;0.2;
491475;ASDA Chosen By You Spaghetti Bolognese;£0.85;£2.12/kg;Italian;123;6.8;14.5;0.5;3.9;1.8;1.5;0.4;
4271490;Birds Eye Four Cheese Penne Pasta 400g;£1.50;£3.75/kg;Italian;null;5.7;16.0;1.4;6.0;2.8;1.6;0.48;
4271488;Birds Eye Macaroni with Cheese & Ham 400g;£1.50;£3.75/kg;Italian;null;6.4;16.0;2.0;5.2;2.3;0.5;0.43;
4337649;Bisto Beef Lasagne 375g;£0.98;£2.61/kg;Italian;null;4.2;12.2;1.9;2.5;1.1;0.8;0.53;
4441928;Bisto Spaghetti Bolognese 375g;£1.00;£2.67/kg;Italian;null;15.4;47.3;9.0;6.8;2.6;4.5;1.5;
4043057;Heinz Big Pasta Bolognese with Chunky Pasta 440g;£2.00;£4.55/kg;Italian;null;8.0;13.8;1.9;3.3;1.6;1.2;0.6;
3723296;Hungry Joe's Mighty Meatball Pasta Feast 550g;£2.00;£3.64/kg;Italian;126;6.1;16.1;2.8;3.7;1.4;1.7;0.5;
3723298;Hungry Joe's Triple Cheese & Pepperoni Lasagne 550g;£2.00;£3.64/kg;Italian;141;6.7;14.2;3.3;6.1;2.6;1.2;0.6;
4271508;Weight Watchers from Heinz Signature Recipes Chicken and Lemon Risotto 320g;£2.00;£6.25/kg;Italian;null;6.3;13.8;0.8;1.6;0.6;0.6;0.5;
4975877;ASDA Good & Counted Chicken 350g;£1.00;£2.86/kg;Italian;109;6.5;18.0;4.1;0.7;0.3;2.2;0.4;
4916517;ASDA Good & Balanced Turkey Meatballs & Pasta 375g;£1.88;£5.01/kg;Italian;null;5.4;12.0;2.5;1.9;0.5;2.3;0.4;
4980356;ASDA Good & Balanced Chicken & Roasted Butternut Squash Pasta 350g;£1.88;£5.37/kg;Italian;null;7.8;13.0;2.2;2.5;0.7;1.8;0.5;
4957831;ASDA Good & Counted Beef Lasagne 400g;£1.00;£2.50/kg;Italian;89;5.4;10.0;2.4;2.6;0.9;1.9;0.5;
4439778;ASDA Indian Chicken Balti with Pilau Rice 375g;£1.50;£4.00/kg;Indian;137;5.9;13.1;1.1;6.3;0.5;2.3;0.5;
4652682;ASDA Indian Chicken Bhuna with Pilau Rice 375g;£1.50;£4.00/kg;Indian;119;6.0;12.0;1.1;4.7;0.4;2.3;0.5;
4037590;ASDA Indian Chicken Tikka Masala with Pilau Rice 375g;£1.50;£4.00/kg;Indian;161;7.7;20.9;2.2;4.9;1.4;1.4;0.5;
4652686;ASDA Indian Scorching Hot Chicken Vindaloo with Pilau Rice 375g;£1.50;£4.00/kg;Indian;120;6.4;13.7;1.7;3.8;0.7;2.6;0.5;
490808;ASDA Chosen By You Chicken Curry With Rice;£0.85;£2.12/kg;Indian;148;5.6;19.4;2.3;4.9;2.1;2.1;0.5;
618557;ASDA Chosen By You Chips & Curry Sauce;£0.85;£2.12/kg;Indian;124;1.8;14.7;3.1;5.9;2.3;2.5;0.6;
4439776;ASDA Chosen By You Indian Chicken Biryani 350g;£1.50;£4.29/kg;Indian;138;6.6;14.5;2.5;5.4;1.1;2.5;0.6;
4041535;ASDA Chosen By You Prawn Curry & Rice;£0.85;£2.12/kg;Indian;122;3.5;20.1;0.8;2.7;1.7;1.7;0.5;
4852339;ASDA Chosen by You Pub Classics Chicken Jalfrezi with Lemon Rice 450g;£2.00;£4.44/kg;Indian;151;7.0;19.5;2.9;4.7;0.4;1.1;0.6;
3723290;Hungry Joe's Chicken Curry with Rice & Naan 600g;£2.00;£3.33/kg;Indian;103;5.1;16.2;2.3;1.6;1.1;1.5;0.55;
4271464;Hungry Joe's Tandoori Chicken Sizzler 550g;£2.00;£3.64/kg;Indian;111;5.1;9.7;3.1;5.4;1.6;1.5;0.6;
4122263;Hungry Joe's Vindaloo with Rice & Naan 600g;£2.00;£3.33/kg;Indian;138;6.0;17.0;3.5;4.7;2.2;1.9;0.60;
3723653;Sharwood's Chicken Curry with Rice 375g;£0.98;£2.61/kg;Indian;null;6.0;21.3;1.0;4.0;1.6;2.2;0.43;
2866842;Sharwood's Chicken Korma with Rice 375g;£0.98;£2.61/kg;Indian;null;5.7;24.5;2.0;4.4;2.8;1.7;0.40;
2866832;Sharwood's Chicken Tikka Masala with Rice 375g;£0.98;£2.61/kg;Indian;null;5.3;20.1;3.0;2.7;1.0;1.0;0.51;
3149605;Sharwood's Lamb Biryani 360g;£0.98;£2.72/kg;Indian;null;5.4;18.3;1.7;3.7;1.8;2.3;0.55;
4271514;Weight Watchers from Heinz Signature Recipes Chicken Tikka Masala 320g;£2.00;£6.25/kg;Indian;111;5.9;16.6;3.3;2.2;0.9;0.6;0.3;
4916515;ASDA Good & Balanced Chicken Tikka & Aubergine Dahl 375g;£1.88;£5.01/kg;Indian;null;7.9;5.4;1.6;2.7;0.5;7.9;0.3;
4037608;ASDA Chinese Battered Sweet & Sour Chicken with Egg Fried Rice 375g;£1.50;£4.00/kg;Chinese;143;5.0;21.4;5.5;3.9;1.5;1.3;0.4;
4652696;ASDA Chinese Char Sui Pork with Egg Fried Rice 375g;£1.50;£4.00/kg;Chinese;144;5.3;21.4;7.2;3.8;0.5;1.7;0.5;
4652678;ASDA Chinese Chicken Chop Suey with Egg Fried Rice 375g;£1.50;£4.00/kg;Chinese;112;6.7;13.7;1.4;2.9;0.3;2.2;0.5;
4037604;ASDA Chinese Chicken Chow Mein 375g;£1.50;£4.00/kg;Chinese;101;6.5;13.1;1.8;2.4;0.4;0.5;0.6;
4439784;ASDA Chinese Chicken in Blackbean Sauce 375g;£1.50;£4.00/kg;Chinese;118;6.6;14.6;1.8;3.4;0.3;1.5;0.5;
4439782;ASDA Chinese Lemon Chicken & Egg Fried Rice 375g;£1.50;£4.00/kg;Chinese;138;17.3;22.6;8.0;3.0;0.3;1.2;0.4;
4439768;ASDA Chinese Szechuan Chicken Noodles 400g;£1.50;£3.75/kg;Chinese;101;6.7;14.1;6.2;1.7;0.2;1.3;0.4;
491439;ASDA Sweet & Sour Chicken With Rice;£0.85;£2.12/kg;Chinese;117;5.4;22.3;3.4;0.6;0.3;0.6;0.6;
4652676;ASDA Sweet Chilli Chicken Rice;£0.85;£2.62/kg;Chinese;149;5.3;27.7;9.5;1.6;0.2;1.5;0.4;
4652674;ASDA Chosen By You Chicken Curried Rice;£0.85;£2.62/kg;Chinese;160;5.9;19.4;2.0;6.2;0.5;1.3;0.5;
4041583;ASDA Chosen By You Hoisin Duck Noodles 450g;£2.00;£4.44/kg;Chinese;99;6.1;13.8;3.9;1.9;0.5;1.2;0.6;
3845433;Hungry Joe's Kickin' Chicken Noodles 550g;£2.00;£3.64/kg;Chinese;null;5.5;15.3;3.5;1.9;0.3;1.1;1.4;
4852355;Hungry Joe's Sticky Chicken Noodles 550g;£2.00;£3.64/kg;Chinese;121;5.5;15.2;3.4;4.1;0.5;0.7;0.47;
4849782;Sharwood's Chicken Chow Mein 340g;£0.98;£2.88/kg;Chinese;null;4.9;13.1;2.1;1.6;0.3;1.2;0.60;
3368185;Sharwood's Chinese Chicken Curry with Rice 375g;£1.00;£2.67/kg;Chinese;null;5.0;16.1;1.5;2.7;1.5;1.5;0.51;
3149607;Sharwood's Chinese Chicken Rice 340g;£1.00;£2.94/kg;Chinese;null;5.7;18.0;0.8;3.9;0.6;1.0;0.78;
2866840;Sharwood's Sweet & Sour Chicken With Rice 375g;£0.98;£2.61/kg;Chinese;null;5.7;27.7;5.8;0.5;0.1;1.2;0.33;
3368181;Sharwood's Sweet Chilli Chicken with Rice 375g;£1.00;£2.67/kg;Chinese;null;4.9;24.2;9.1;2.4;0.3;0.9;0.75;
4916531;ASDA Good & Counted Chinese Chicken Curry & Rice 350g;£1.00;£2.86/kg;Chinese;105;5.2;17.0;1.2;1.4;0.9;1.7;0.2;
4652688;ASDA American BBQ Chicken Wedges & Cheese 375g;£1.50;£4.00/kg;Tex Mex & Thai;167;7.2;18.0;6.5;6.9;1.0;1.8;0.5;
4652694;ASDA American Pulled Pork & Boston Beans 375g;£1.50;£4.00/kg;Tex Mex & Thai;141;8.4;18.6;8.3;2.7;0.3;4.2;0.4;
4916529;ASDA Good & Counted Beef Chilli & Wedges 350g;£1.00;£2.86/kg;Tex Mex & Thai;83;5.4;9.2;2.5;2.0;0.8;3.2;0.3;
4043063;Heinz Big Chilli Con Carne with Chunky Wedges 440g;£2.00;£4.55/kg;Tex Mex & Thai;null;4.3;11.5;1.9;2.5;1.0;2.3;0.6;
4852359;Hungry Joe's BBQ Burgers & Beans 550g;£2.00;£3.64/kg;Tex Mex & Thai;112;4.2;12.0;4.0;4.7;1.8;2.7;0.55;
4271466;Hungry Joe's BBQ Chilli Beef & Wedges 550g;£2.00;£3.64/kg;Tex Mex & Thai;null;5.2;15.7;6.4;4.8;1.7;1.3;0.5;
4852357;Hungry Joe's Blazin' Beef Chilli & Spicy Rice 550g;£2.00;£3.64/kg;Tex Mex & Thai;124;5.2;15.8;1.7;4.1;1.5;1.5;0.44;
4852353;Hungry Joe's Cajun Chicken & Spicy Rice 550g;£2.00;£3.64/kg;Tex Mex & Thai;112;4.6;16.8;2.8;2.7;0.9;0.9;0.46;
3723288;Hungry Joe's Chicken & Bacon BBQ Melt with Wedges 550g;£2.00;£3.64/kg;Tex Mex & Thai;133;6.2;19.9;13.8;3.0;0.8;0.6;0.58;
4041567;ASDA Chicken, Chorizo & King Prawn Paella 450g;£2.00;£4.44/kg;International;104;5.6;15.7;3.1;1.7;0.4;1.7;0.6;
4980354;ASDA Good & Balanced Seafood Paella 340g;£1.88;£5.53/kg;International;null;5.3;12.3;1.6;1.4;0.1;1.7;0.3;
4916511;ASDA Good & Balanced Moroccan Chicken with Bulgur Wheat 375g;£1.88;£5.01/kg;International;null;7.4;13.3;1.7;0.9;0.2;3.4;0.4;
4916529;ASDA Good & Counted Beef Chilli & Wedges 350g;£1.00;£2.86/kg;Healthy Choice;83;5.4;9.2;2.5;2.0;0.8;3.2;0.3;
4916533;ASDA Good & Counted Cottage Pie 350g;£1.00;£2.86/kg;Healthy Choice;70;3.4;12.0;2.0;0.7;0.3;1.2;0.4;
4980352;ASDA Good & Counted Fish Pie 360g;£1.00;£2.78/kg;Healthy Choice;86;4.6;14.0;1.5;1.1;0.4;1.0;0.4;
4975875;ASDA Good & Counted Tuna Pasta Bake 350g;£1.00;£2.86/kg;Healthy Choice;81;5.2;13.0;1.6;0.7;0.3;1.0;0.3;
4916527;ASDA Good & Counted Chicken Hotpot 350g;£1.00;£2.86/kg;Healthy Choice;83;5.1;10.0;2.1;2.2;0.6;1.4;0.4;
4916531;ASDA Good & Counted Chinese Chicken Curry & Rice 350g;£1.00;£2.86/kg;Healthy Choice;105;5.2;17.0;1.2;1.4;0.9;1.7;0.2;
4975877;ASDA Good & Counted Chicken 350g;£1.00;£2.86/kg;Healthy Choice;109;6.5;18.0;4.1;0.7;0.3;2.2;0.4;
4957831;ASDA Good & Counted Beef Lasagne 400g;£1.00;£2.50/kg;Healthy Choice;89;5.4;10.0;2.4;2.6;0.9;1.9;0.5;
4916513;ASDA Good & Balanced Braised Beef & Sweet Potato Hotpot 375g;£1.88;£5.01/kg;Healthy Choice;null;7.0;9.5;4.1;2.7;0.7;2.9;0.3;
4980354;ASDA Good & Balanced Seafood Paella 340g;£1.88;£5.53/kg;Healthy Choice;null;5.3;12.3;1.6;1.4;0.1;1.7;0.3;
4916511;ASDA Good & Balanced Moroccan Chicken with Bulgur Wheat 375g;£1.88;£5.01/kg;Healthy Choice;null;7.4;13.3;1.7;0.9;0.2;3.4;0.4;
4916517;ASDA Good & Balanced Turkey Meatballs & Pasta 375g;£1.88;£5.01/kg;Healthy Choice;null;5.4;12.0;2.5;1.9;0.5;2.3;0.4;
4916515;ASDA Good & Balanced Chicken Tikka & Aubergine Dahl 375g;£1.88;£5.01/kg;Healthy Choice;null;7.9;5.4;1.6;2.7;0.5;7.9;0.3;
4980356;ASDA Good & Balanced Chicken & Roasted Butternut Squash Pasta 350g;£1.88;£5.37/kg;Healthy Choice;null;7.8;13.0;2.2;2.5;0.7;1.8;0.5;
4537086;Low Low Chicken Tikka Masala with Rice;£0.98;£3.06/kg;Healthy Choice;102;4.8;17.1;3.3;1.4;0.7;0.9;0.4;
4537088;Low Low Chicken Tomato & Basil Pasta;£0.98;£3.06/kg;Healthy Choice;92;5.3;15.7;3.0;0.7;0.3;0.8;0.5;
4537100;Low Low Chicken in White Wine Sauce with Pasta 320g;£2.00;£6.25/kg;Healthy Choice;103;5.8;14.4;2.1;2.1;0.9;1.7;0.4;
4537096;Low Low Sweet Chilli Chicken Noodles 320g;£2.00;£6.25/kg;Healthy Choice;77;5.2;12.4;4.6;0.5;0.2;0.9;0.5;
4537090;Low Low Sweet and Sour Chicken with Rice;£0.98;£3.06/kg;Healthy Choice;86;4.3;15.7;3.6;0.5;0.2;0.5;0.5;
4537092;LowLow Beef Hotpot;£0.98;£3.06/kg;Healthy Choice;73;3.8;8.1;1.3;2.5;0.9;1.4;0.6;
4537094;LowLow Chicken & Chorizo Paella 320g;£2.00;£6.25/kg;Healthy Choice;104;5.6;17.1;2.9;1.2;0.4;1.2;0.5;
4537098;LowLow Chicken Biryani 320g;£2.00;£6.25/kg;Healthy Choice;93;5.4;13.8;2.4;1.4;0.5;2.0;0.6;
2120488;Weight Watchers Beef Hotpot;£0.98;£3.06/kg;Healthy Choice;82;3.9;10.3;1.7;2.5;0.6;1.3;0.6;
2120492;Weight Watchers Beef Lasagne;£0.98;£3.27/kg;Healthy Choice;null;6.1;9.3;1.2;2.6;1.2;0.4;0.6;
2120486;Weight Watchers Chicken Curry;£0.98;£3.06/kg;Healthy Choice;null;5.1;15.6;0.6;1.1;0.2;0.4;0.5;
2120490;Weight Watchers Chicken Hotpot;£0.98;£3.06/kg;Healthy Choice;83;5.4;10.5;2.6;1.9;0.5;1.0;0.6;
4665050;Weight Watchers Classic Range Cottage Pie;£0.98;£3.06/kg;Healthy Choice;null;3.2;8.6;1.4;1.4;0.6;0.9;0.6;
3145463;Weight Watchers Mexican Chilli;£0.98;£3.06/kg;Healthy Choice;null;4.2;10.5;2.5;2.1;0.9;1.6;0.5;
2120479;Weight Watchers Ocean Pie;£0.98;£3.27/kg;Healthy Choice;null;4.7;9.4;1.9;0.8;0.5;0.8;0.6;
4665046;Weight Watchers Signature Recipes Chicken in White Wine Sauce with Penne Pasta 320g;£2.00;£6.25/kg;Healthy Choice;null;6.0;11.2;1.7;2.7;1.4;1.1;0.6;
4665048;Weight Watchers Signature Recipes Thai Green Chicken Curry with White Rice 320g;£2.00;£6.25/kg;Healthy Choice;null;5.5;14.8;2.0;2.3;1.6;0.4;0.6;
2120494;Weight Watchers Spaghetti Bolognese;£0.98;£3.06/kg;Healthy Choice;null;5.2;14.3;2.4;1.6;0.7;1.0;0.5;
4271518;Weight Watchers from Heinz Signature Recipes Salmon and Broccoli Wedge Melt 320g;£2.00;£6.25/kg;Healthy Choice;88;5.8;11.1;2.3;2.0;1.0;1.1;0.5;
4555093;Genius Gluten Free Denby Dale Chicken & Gravy Pies 160g;£3.50;£1.09/100g;Free From Meals;null;8.3;25;1.9;11.2;4.4;1.6;0.74;
4555091;Genius Gluten Free Steak Pies 160g;£3.50;£1.09/100g;Free From Meals;null;8.9;24;1.6;12.7;5.4;2.4;0.63;
4256342;Georgia's Choice Gluten Free Beef Lasagne 350g;£3.00;£8.57/kg;Free From Meals;null;8.1;11.6;0.5;6.5;3.3;1.3;0.46;
4242125;Dietary Specials Gluten Free Quiche Lorraine 260g;£3.50;£1.35/100g;Free From Meals;312;9.0;24;2.5;19;9.0;1.3;0.90;
4668427;Smart GF Kids Kooky Korma Gluten Free 250g;£2.99;£11.96/kg;Free From Meals;null;14.3;14.3;1.6;3.3;null;null;0.2;
4668425;Smart-GF Kids Brilliant Bolognese Gluten Free 250g;£2.99;£11.96/kg;Free From Meals;null;16.3;31.4;0.8;7.8;null;null;0.5;
4256338;Georgia's Choice Gluten Free Mexican Bake 115g;£2.00;£8.70/kg;Free From Meals;null;4.3;28.9;2.3;11.2;1.2;3.8;0.7;
4560686;Amy's Gluten Free Thai Red Curry 285g;£3.50;£12.28/kg;Free From Meals;null;3.2;15;3.2;8.1;3.9;1.2;0.7;
3520089;Amy's Gluten meat free Bean & Cheese Burrito;£2.00;£11.76/kg;Free From Meals;null;5.8;24;1.9;5.1;1.3;3.2;null;
3520091;Amy's Gluten meat free Rice Macaroni & Cheese;£2.50;£11.01/kg;Free From Meals;null;null;null;null;null;null;null;null;
2969768;Dietary Specials Gluten Free Sausage Rolls 200g;£2.00;£10.00/kg;Free From Meals;null;10.7;17.1;0.5;12.7;5.8;1.7;1.13;
4257617;Hale & Hearty Deliciously Succulent Cod Fillets 240g;£3.00;£12.50/kg;Free From Meals;null;13.9;16.3;null;9.0;0.6;0.5;null;
4832874;Genius Gluten Free Apple Pies 320g;£3.50;£1.09/100g;Free From Meals;null;1.0;38;11.0;11.1;5.5;3.3;0.47;
4832870;Genius Gluten Free Vegetable Curry Pies 320g;£3.50;£1.09/100g;Free From Meals;null;1.9;30;2.8;12.3;6.4;4.8;0.75;
4823727;Aunt Bessie's Deep Filled Chicken Pie in Shortcrust Pastry;£2.47;£0.38/100g;Family Pies;305;10;25;1.8;19;7.1;2.0;0.61;
4823725;Aunt Bessie's Deep Filled Steak Pie;£2.47;£0.38/100g;Family Pies;319;9.6;25;2.0;20;7.7;1.2;0.58;
4652664;ASDA Chosen by You Family Size Deep Filled Chicken & Vegetable Pie 900g;£3.00;£0.33/100g;Family Pies;263;9.0;24.8;0.8;13.9;6.0;1.4;0.5;
4652662;ASDA Chosen by You Family Size Deep Filled Slow-Cooked Steak & Gravy Pie 900g;£3.00;£0.33/100g;Family Pies;273;9.6;25.4;1.6;14.5;6.5;1.4;0.5;
4652660;ASDA Chosen by You Deep Filled Roast Chicken Pie 600g;£2.25;£0.37/100g;Family Pies;238;6.7;24.9;1.9;12.2;5.3;1.0;0.8;
4652658;ASDA Deep Filled Slow-Cooked Steak & Gravy Pie 600g;£2.25;£0.37/100g;Family Pies;276;7.7;28.6;1.0;14.2;7.0;1.5;0.6;
1906974;Young's Admirals Pie;£0.98;£2.88/kg;Family Pies;128;5.6;12.4;1.9;6.0;2.7;1.0;0.6;
2774187;Young's Mariner's Pie 340g;£1.29;£3.79/kg;Family Pies;140;5.1;15.1;2.8;6.4;1.1;1.0;0.6;
4823721;Aunt Bessie's Deep Filled Steak Pies in Suet Pastry;£1.89;£0.47/100g;Individual Pies;305;9.8;23;2.2;19;8.0;1.6;0.61;
4823729;Holland's Guinness Steak Puddings 173g;£1.89;£0.54/100g;Individual Pies;199;8.8;22;3.3;8.7;3.7;14;0.72;
3136702;Stobart Pork Pies 480g;£1.50;£0.31/100g;Individual Pies;null;null;null;null;null;null;null;null;
2706119;ASDA Puff Pastry Steak Pies 156g;£2.00;£0.32/100g;Individual Pies;244;8.8;23.7;2.4;12.3;6.5;1.6;null;
2998336;ASDA Chicken & Mushroom Pies;£1.89;£0.30/100g;Individual Pies;271;8.9;23.3;1.9;15.6;7.1;1.1;null;
4652672;ASDA Vegetable & Cheese Pies;£1.89;£0.30/100g;Individual Pies;238;5.5;25.0;1.7;12.5;6.0;1.6;0.6;
2706117;ASDA Chosen by You Chicken & Vegetable Pies 156g;£2.00;£0.32/100g;Individual Pies;239;8.4;23.8;2.2;11.8;5.4;1.8;null;
4274204;ASDA Chosen by You Chicken Curry Pies;£1.89;£0.30/100g;Individual Pies;248;9.8;24.4;1.5;12.0;4.9;1.6;0.7;
4036538;ASDA Chosen by You Meat & Potato Pies;£1.89;£0.30/100g;Individual Pies;236;8.7;23.1;3.8;11.8;5.5;1.4;null;
4441769;ASDA Chosen by You Slow Cooked Steak & Kidney Pies;£1.89;£0.30/100g;Individual Pies;239;9.0;26.7;3.9;10.4;4.0;1.1;0.7;
3719726;Birds Eye 4 Shortcut Steak Pies 620g;£2.50;£0.40/100g;Individual Pies;null;12.0;41.0;2.3;31.0;12.0;1.6;null;
913919;Birds Eye Chicken Pies 620g;£2.50;£0.40/100g;Individual Pies;null;8.2;25.0;1.7;16.0;6.4;1.1;0.83;
4437421;Birds Eye Shortcrust Meat & Potato Pies 620g;£2.50;£0.40/100g;Individual Pies;null;5.8;28.4;1.5;17.9;7.2;1.5;0.8;
2998150;Holland's Cheese & Onion Pies 185g;£3.20;£0.43/100g;Individual Pies;256;6.4;27.9;3.3;13.1;5.4;5.0;null;
2998152;Holland's Lancashire Hotpots 240g;£3.20;£0.33/100g;Individual Pies;126;3.6;16.7;2.2;6.7;3.1;1.7;null;
2998142;Holland's Meat & Potato Pie's 188g;£3.20;£0.42/100g;Individual Pies;214;5.7;23.5;2.4;10.8;4.2;1.3;null;
2998144;Holland's Meat Pies 145g;£3.20;£0.55/100g;Individual Pies;279;8.1;27.5;1.5;15.3;5.8;1.4;null;
2998154;Holland's Minced Beef & Onion Pies 182g;£3.20;£0.44/100g;Individual Pies;246;6.4;28.7;2.7;11.7;4.0;2.3;null;
2998146;Holland's Steak & Kidney Pies 182g;£3.20;£0.44/100g;Individual Pies;311;9.1;38.4;2.6;14.0;4.5;2.8;null;
2998148;Holland's Steak & Kidney Puddings 179g;£3.20;£0.44/100g;Individual Pies;195;8.9;19.0;2.3;9.3;4.0;2.1;null;
3021421;Pooles Pies 4 Potato & Meat Pies 800g;£2.50;£0.31/100g;Individual Pies;null;null;null;null;null;null;null;null;
4441992;Pooles Pies Cheese & Onion Pies 780g;£2.50;£0.31/100g;Individual Pies;null;null;null;null;null;null;null;null;
3021425;Pooles Pies Minced Beef & Onion Pies 800g;£2.50;£0.31/100g;Individual Pies;null;null;null;null;null;null;null;null;
4665074;Pukka Pies Chicken & Vegetable Pies 152g;£2.00;£0.65/100g;Individual Pies;null;8.1;23.5;1.8;11.6;3.7;2.5;0.9;
4665076;Pukka Pies Minced Steak & Onion Pies 152g;£2.00;£0.65/100g;Individual Pies;null;7.3;23.4;1.6;13.8;4.7;2.1;0.80;
4555091;Genius Gluten Free Steak Pies 160g;£3.50;£1.09/100g;Individual Pies;null;8.9;24;1.6;12.7;5.4;2.4;0.63;
4274202;ASDA Smartprice Minced Beef & Onion Pies 120g;£1.00;£0.20/100g;Individual Pies;254;5.8;29.3;2.8;12.2;6.1;1.9;0.7;
4849788;ASDA Chosen by You Pub Classics Boozy Beef Pie 450g;£2.00;£4.44/kg;Individual Pies;118;4.3;10.8;1.7;6.1;3.1;1.3;0.6;
4832870;Genius Gluten Free Vegetable Curry Pies 320g;£3.50;£1.09/100g;Individual Pies;null;1.9;30;2.8;12.3;6.4;4.8;0.75;
2969768;Dietary Specials Gluten Free Sausage Rolls 200g;£2.00;£10.00/kg;Slices, Pasties & Rolls;null;10.7;17.1;0.5;12.7;5.8;1.7;1.13;
4655883;ASDA Chosen by You Chicken & Ham Bakes 140g;£1.00;£0.35/100g;Slices, Pasties & Rolls;290;9.7;23.6;0.1;16.8;7.8;2.8;0.8;
2013703;ASDA Chosen by You Cook from Frozen Sausage Rolls;£2.00;£0.20/100g;Slices, Pasties & Rolls;326;6.3;28.7;2.1;20.2;9.2;2.0;1.1;
4271538;ASDA Chosen by You Chicken Curry Bakes 280g;£1.00;£0.35/100g;Slices, Pasties & Rolls;249;9.5;26.8;2.2;11.0;4.4;2.5;0.7;
4271540;ASDA Chosen by You Steak Bakes 280g;£1.00;£0.35/100g;Slices, Pasties & Rolls;249;9.2;25.2;4.0;11.8;5.4;2.4;0.8;
4271534;ASDA Chosen by You Cheese & Onion Bakes 260g;£1.00;£0.38/100g;Slices, Pasties & Rolls;null;7.2;29.0;1.9;14.0;6.7;3.5;0.7;
4665058;Birds Eye Homebake Cheese & Onion Rolls 360g;£1.50;£0.41/100g;Slices, Pasties & Rolls;null;5.2;22.5;0.6;19.7;11.0;1.4;1.0;
4665060;Birds Eye Homebake Sausage & Bean Rolls 360g;£1.50;£0.41/100g;Slices, Pasties & Rolls;null;5.5;25.9;1.3;21.1;10.9;1.7;0.80;
1526731;ASDA 36 Cheddar Cheese & Onion Rolls 540g;£1.50;£0.27/100g;Slices, Pasties & Rolls;395;8.2;33.2;3.1;24.6;13.4;3.8;null;
4271532;ASDA Chosen By You 2 Beef Pasties 450g;£1.00;£0.22/100g;Slices, Pasties & Rolls;null;6.9;22.1;5.0;13.5;5.7;2.3;0.8;
4271536;ASDA Chosen By You 2 Sausage & Bean Bakes 280g;£1.00;£0.35/100g;Slices, Pasties & Rolls;null;8.3;28.4;2.3;13.5;6.0;4.0;0.9;
1001463;ASDA Chosen by You 50 Mini Sausage Rolls 800g;£1.00;£1.25/kg;Slices, Pasties & Rolls;382;6.5;34.6;2.8;23.5;10.7;3.1;0.9;
4274200;ASDA Chosen By You Large Sausage Rolls 440g;£1.00;£0.22/100g;Slices, Pasties & Rolls;null;6.7;29.5;2.1;25.0;11.3;1.7;0.9;
4437413;Birds Eye Birds Eye 4 Homebake Sausage Rolls 360g;£1.50;£0.41/100g;Slices, Pasties & Rolls;null;6.1;21.0;0.3;22.0;11.0;0.9;null;
1001597;ASDA Smartprice 50 Cocktail Sausage Rolls 700g;£0.88;£0.12/100g;Slices, Pasties & Rolls;387;7.0;38.2;2.9;22.1;10.5;3.4;1.1;
3539030;Linda McCartney Cheese & Leek Plaits 340g;£2.00;£0.58/100g;Slices, Pasties & Rolls;null;6.5;24.6;2.2;17.7;9.5;3.3;1.1;
4802873;ASDA Chosen by You Really Creamy Chocolate Orange Ice Cream;£1.95;£0.21/100ml;Ice Cream Tubs;null;1.8;17.7;13.4;4.6;3.8;0.4;0.1;
4806784;ASDA Chosen by You Lovely Bubbly Chocolate Frozen Mousse;£1.95;£0.21/100ml;Ice Cream Tubs;null;2.0;16.9;14.1;6.7;5.1;1.0;0.1;
4018847;ASDA Vanilla Ice Cream;£1.00;£0.10/100ml;Ice Cream Tubs;null;3.3;25.4;20.5;6.9;4.2;0.2;0.1;
443462;ASDA Vanilla Cornish Soft Scoop Ice Cream 2l;£2.50;£0.12/100ml;Ice Cream Tubs;null;1.6;13.3;10.4;5.2;3.6;0.1;null;
443464;ASDA Vanilla Soft Scoop Ice Cream 2l;£1.30;£0.6/100ml;Ice Cream Tubs;null;1.4;9.1;9.1;3.2;1.9;0.1;0.1;
443541;ASDA Neapolitan Soft Scoop Ice Cream 2l;£1.70;£0.8/100ml;Ice Cream Tubs;null;1.5;9.7;9.6;3.0;1.9;0.3;0.1;
443548;ASDA Chocolate Soft Scoop Ice Cream 2l;£1.70;£0.8/100ml;Ice Cream Tubs;null;1.8;10.2;10.0;3.3;2.0;0.6;0.1;
443540;ASDA Raspberry Ripple Soft Scoop Ice Cream 2l;£1.70;£0.8/100ml;Ice Cream Tubs;null;1.4;11.1;10.7;3.1;1.9;0.1;0.1;
3736233;ASDA Chosen by You Really Creamy Vanilla Ice Cream;£1.95;£0.21/100ml;Ice Cream Tubs;null;1.5;12.5;9.7;4.7;4.2;0.1;0.1;
4175545;ASDA Really Creamy Caramel Fudge Ice Cream;£1.95;£0.21/100ml;Ice Cream Tubs;null;1.9;17.5;15.0;4.8;4.2;0.1;0.1;
4175549;ASDA Really Creamy Chocolate Truffle Ice Cream;£1.95;£0.21/100ml;Ice Cream Tubs;null;1.9;16.5;13.1;4.9;4.0;0.8;0.1;
3736237;ASDA Really Creamy Raspberry Pavlova Ice Cream;£1.95;£0.21/100ml;Ice Cream Tubs;null;1.5;16.3;13.4;4.2;3.7;0.3;0.1;
3669989;Wall's Soft Scoop Vanilla Ice Cream;£2.00;£0.11/100ml;Ice Cream Tubs;null;null;null;null;null;null;null;null;
964430;Kelly's Clotted Cream Cornish Ice Cream;£3.00;£0.30/100ml;Ice Cream Tubs;227;2.9;20.1;20.1;14.9;9.5;0.2;0.1;
3620112;Kelly's Honey Ice Cream;£3.00;£0.30/100ml;Ice Cream Tubs;217;3.5;28.4;27.6;9.9;6.3;0.1;0.2;
4170122;Kelly's Clotted Cream & Raspberry Real Cornish Ice Cream;£3.00;£0.30/100ml;Ice Cream Tubs;200;3.4;24.7;22.6;9.6;6.1;0.5;0.2;
2492777;Kelly's Vanilla Cornish Ice Cream;£3.97;£0.19/100ml;Ice Cream Tubs;212;3.8;22.3;22.3;11.9;7.6;0.1;0.2;
3927385;Granelli Chocolate Dairy Ice Cream;£2.50;£0.25/100ml;Ice Cream Tubs;null;null;null;null;null;null;null;null;
3927383;Granelli Rum & Raisin Dairy Ice Cream;£2.50;£0.25/100ml;Ice Cream Tubs;null;3.7;22.6;22.3;6.7;4.2;null;null;
3927381;Granelli Vanilla Dairy Ice Cream;£2.50;£0.25/100ml;Ice Cream Tubs;null;3.9;19.7;19.5;7.3;4.5;null;null;
4584809;Wall's Cream of Cornish Vanilla Ice Cream Dessert 1l;£3.00;£0.30/100ml;Ice Cream Tubs;null;5;null;null;null;null;null;null;
443371;Mackies Traditional Luxury Dairy Ice Cream 1l;£3.00;£0.30/100ml;Ice Cream Tubs;null;3.6;23.2;19.3;10.8;6.8;null;0.2;
443499;ASDA Smartprice Vanilla Soft Scoop Ice Cream 2l;£0.89;£0.4/100ml;Ice Cream Tubs;null;1.3;7.9;7.9;2.2;1.3;0.1;null;
4802875;ASDA Chosen by You Loaded Gingerbread Fudge;£2.00;£0.41/100ml;Luxury Ice Cream;null;2.2;24.9;18.7;8.6;6.2;0.4;0.2;
4848845;ASDA Chosen by You Loaded Chewy Peanut Butter Ice Cream;£2.00;£0.41/100ml;Luxury Ice Cream;null;4.9;16.7;13.9;11.4;6.3;1.1;0.3;
4802863;Cadbury Flake Ice Cream;£3.00;£0.62/100ml;Luxury Ice Cream;null;3.0;22.8;18.6;11.1;6.8;0.1;0.10;
1524533;Ben & Jerry's Cookie Dough Ice Cream;£4.49;£0.89/100ml;Luxury Ice Cream;null;null;null;null;null;null;null;null;
1778901;Ben & Jerry's Chocolate Fudge Brownie Ice Cream;£4.49;£0.89/100ml;Luxury Ice Cream;null;null;null;null;null;null;null;null;
537638;Ben & Jerry's Phish Food Ice Cream;£4.49;£0.89/100ml;Luxury Ice Cream;null;null;null;null;null;null;null;null;
4380918;Ben & Jerry's Peanut Butter Cup Ice Cream;£4.49;£0.89/100ml;Luxury Ice Cream;null;null;null;null;null;null;null;null;
915986;Ben & Jerry's Half Baked Ice Cream;£4.49;£0.89/100ml;Luxury Ice Cream;null;null;null;null;null;null;null;null;
2488782;Ben & Jerry's Baked Alaska Ice Cream;£4.49;£0.89/100ml;Luxury Ice Cream;null;null;null;null;null;null;null;null;
1840615;Ben & Jerry's Caramel Chew Chew Ice Cream;£4.49;£0.89/100ml;Luxury Ice Cream;null;null;null;null;null;null;null;null;
4175529;ASDA Chosen by You Loaded Chewy Chewy Caramel;£2.00;£0.41/100ml;Luxury Ice Cream;null;2.1;21.7;20.5;9.0;7.3;0.2;0.2;
4386344;ASDA Chosen by You Loaded Choc Fudge Brownie;£2.00;£0.41/100ml;Luxury Ice Cream;null;2.4;20.7;16.7;7.7;5.8;1.0;0.1;
3829494;ASDA Chosen By You Loaded Cookie Dough;£2.00;£0.41/100ml;Luxury Ice Cream;null;2.1;23.6;18.8;7.4;5.9;0.4;0.1;
4386346;ASDA Chosen by You Loaded Mint Choc Chip Cookie Dough;£2.00;£0.41/100ml;Luxury Ice Cream;null;2.3;22.3;18.2;7.3;5.8;0.6;0.1;
4597357;ASDA Chosen by You Really Creamy Rocky Road;£1.95;£0.21/100ml;Luxury Ice Cream;null;1.8;16.8;12.1;5.1;4.1;0.5;0.1;
4584821;Ben & Jerry's Core All or Nut-ting Ice Cream;£2.47;£0.49/100ml;Luxury Ice Cream;null;null;null;null;null;null;null;null;
4175581;Ben & Jerry's Core Blondie Brownie Ice Cream;£2.47;£0.49/100ml;Luxury Ice Cream;null;null;null;null;null;null;null;null;
4584825;Ben & Jerry's Core Dough-ble Impact Ice Cream;£2.47;£0.49/100ml;Luxury Ice Cream;null;null;null;null;null;null;null;null;
3842088;Ben & Jerry's Core Karamel Sutra Ice Cream;£2.47;£0.49/100ml;Luxury Ice Cream;null;null;null;null;null;null;null;null;
4584765;Cadbury Creme Egg Ice Cream;£1.89;£0.39/100ml;Luxury Ice Cream;null;2.9;27.5;27.5;8.0;6.6;0.2;0.08;
4584787;Carte D'or Gelateria Chocolate Ice Cream Dessert;£3.47;£0.38/100ml;Luxury Ice Cream;null;null;null;null;null;null;null;null;
4584791;Carte D'or Gelateria Eton Mess Ice Cream Dessert;£3.47;£0.38/100ml;Luxury Ice Cream;null;null;null;null;null;null;null;null;
3842098;Carte D'or Vanilla Ice Cream Dessert;£3.29;£0.36/100ml;Luxury Ice Cream;null;null;null;null;null;null;null;null;
3842094;Carte D'or Strawberry Ice Cream Dessert;£3.29;£0.36/100ml;Luxury Ice Cream;null;null;null;null;null;null;null;null;
3842102;Carte D'or Rum & Raisin Ice Cream Dessert;£3.29;£0.36/100ml;Luxury Ice Cream;null;null;null;null;null;null;null;null;
2310599;Haagen-Dazs Belgian Chocolate Ice Cream;£4.45;£0.89/100ml;Luxury Ice Cream;null;null;null;null;null;null;null;null;
2310597;Haagen-Dazs Cookie Dough Chip Ice Cream;£4.45;£0.89/100ml;Luxury Ice Cream;null;null;null;null;null;null;null;null;
1891178;Haagen-Dazs Cookies & Cream Ice Cream;£4.45;£0.89/100ml;Luxury Ice Cream;null;null;null;null;null;null;null;null;
443385;Haagen-Dazs Pralines & Cream Ice Cream;£4.45;£0.89/100ml;Luxury Ice Cream;null;null;null;null;null;null;null;null;
1497738;Haagen-Dazs Strawberry Cheesecake Ice Cream;£4.45;£0.89/100ml;Luxury Ice Cream;null;null;null;null;null;null;null;null;
1497734;Haagen-Dazs Vanilla Ice Cream;£4.45;£0.89/100ml;Luxury Ice Cream;null;null;null;null;null;null;null;null;
4174548;Oreo Ice Cream;£3.00;£0.62/100ml;Luxury Ice Cream;null;3.8;29.5;18.8;11.4;9.4;0.7;0.35;
4386350;ASDA My Really Creamy Caramel Fudge Ice Cream;£0.98;£0.54/100ml;Mini Ice Cream Tubs;null;1.9;17.7;15.3;4.9;3.8;0.1;0.1;
4386348;ASDA My Really Creamy Chocolate Truffle Ice Cream;£0.98;£0.54/100ml;Mini Ice Cream Tubs;null;1.9;18.1;15.2;5.2;4.1;0.8;0.1;
4386354;ASDA My Really Creamy Vanilla Ice Cream;£0.98;£0.54/100ml;Mini Ice Cream Tubs;null;1.5;12.5;9.7;4.7;4.2;0.1;0.1;
4597363;ASDA Really Creamy Coconut & Chocolate Ice Cream;£0.98;£0.54/100ml;Mini Ice Cream Tubs;null;1.8;17.2;14.0;5.9;4.9;0.6;0.1;
3669981;Carte D'or My Caramel Ice Cream Mini;£1.50;£0.75/100ml;Mini Ice Cream Tubs;null;null;null;null;null;null;null;null;
3669985;Carte D'Or My Cherry Ice Cream Mini;£1.50;£0.75/100ml;Mini Ice Cream Tubs;null;null;null;null;null;null;null;null;
3669983;Carte D'or My Chocolate Ice Cream Mini;£1.50;£0.75/100ml;Mini Ice Cream Tubs;null;null;null;null;null;null;null;null;
4175640;Haagen-Dazs Belgian Chocolate;£1.50;£1.50/100ml;Mini Ice Cream Tubs;null;null;null;null;null;null;null;null;
2476555;Haagen-Dazs Vanilla Ice Cream;£1.50;£1.50/100ml;Mini Ice Cream Tubs;null;null;null;null;null;null;null;null;
4058467;Nestle Rolo Potz;£0.98;£0.61/100ml;Mini Ice Cream Tubs;null;null;null;null;null;null;null;null;
4058465;Nestle Smarties Potz;£0.98;£0.61/100ml;Mini Ice Cream Tubs;null;null;null;null;null;null;null;null;
4508217;ASDA Smartprice Raspberry Ripple Mousse;£0.67;£0.11/100ml;Mini Ice Cream Tubs;160;2.9;21.2;20.0;7.0;4.3;0.2;0.2;
1037119;Wall's Twister Mini Pineapple, Strawberry & Lemon Ice Cream Lolly;£2.25;£0.56/100ml;Ice Lollies & Kids;112;0.6;23;18;1.7;1.5;null;0.04;
1895014;Wall's Calippo Mini Orange & Lemon-Lime Ice Lolly;£2.25;£0.46/100ml;Ice Lollies & Kids;95;0.5;23;19;0.5;0.5;null;0.013;
4417639;Wall's Funny Feet Strawberry Ice Cream Lolly;£2.00;£0.63/100ml;Ice Lollies & Kids;null;null;null;null;null;null;null;null;
1340482;Nestle Nobbly Bobbly;£2.00;£0.71/100ml;Ice Lollies & Kids;null;2.7;38.5;31.3;16.7;7.5;0.6;0.10;
613559;Wall's Strawberry & Chocolate Ice Cream Lolly;£2.00;£0.47/100ml;Ice Lollies & Kids;null;null;null;null;null;null;null;null;
1630811;Rowntrees Fruit Pastilles Lollies;£2.00;£0.76/100ml;Ice Lollies & Kids;null;null;null;null;null;null;null;null;
4584843;Star Wars Lightsaber Strawberry and Lemon & Lime Flavour Lollies;£2.00;£0.47/100ml;Ice Lollies & Kids;null;null;null;null;null;null;null;null;
4170136;Nestle Toffee Crumble Ice Creams;£2.00;£0.71/100ml;Ice Lollies & Kids;307;3.1;28.7;21.9;19.8;9.2;0.7;0.16;
4386358;ASDA Chosen by Kids Assorted Mini Milk Lollies;£1.00;£0.35/100ml;Ice Lollies & Kids;null;3.5;17.7;15.5;2.9;1.8;1.8;0.2;
3675350;ASDA Chosen by You Assorted Real Fruit Splits;£1.00;£0.22/100ml;Ice Lollies & Kids;null;1.1;18.0;16.5;3.1;1.9;0.1;0.1;
4597373;ASDA Chosen by Kids Chosen by Kids Monster Lollies;£1.00;£0.31/100ml;Ice Lollies & Kids;99;2.3;13.5;10.2;3.6;2.2;1.7;0.1;
4589544;ASDA Chosen By You Crazy Pop Push Ups;£1.00;£0.23/100ml;Ice Lollies & Kids;64;0.1;15.6;15.6;null;null;0.4;null;
3672211;ASDA Chosen By You Mini Vanilla Cones;£1.00;£0.50/100ml;Ice Lollies & Kids;null;2.0;26.2;18.5;14.0;11.5;0.8;null;
3675348;ASDA Chosen By You Orange Juice Lollies;£1.00;£0.22/100ml;Ice Lollies & Kids;null;0.5;16.3;16.2;0.2;null;0.1;null;
3542598;ASDA Chosen By You Rocket Lollies;£1.00;£0.21/100ml;Ice Lollies & Kids;null;null;17.8;15.6;null;null;null;null;
3590221;Vimto Mixed Fruit Ices;£1.00;£0.37/100ml;Ice Lollies & Kids;null;null;21.0;null;null;null;null;null;
4170130;Nestle Milkybar Minis;£1.89;£0.63/100ml;Ice Lollies & Kids;null;null;null;null;null;null;null;null;
4170128;Nestle Fab Minis;£1.89;£0.49/100ml;Ice Lollies & Kids;null;null;null;null;null;null;null;null;
4170132;Nestle Nobbly Bobbly Minis;£1.89;£0.47/100ml;Ice Lollies & Kids;283;2.5;31.7;28.8;16.1;7.2;0.7;0.13;
3817278;Del Monte Orange Juice Lollies;£2.00;£0.88/100ml;Ice Lollies & Kids;92;1.2;21.5;19.5;0.1;0.1;0.2;0.01;
3817286;R Whites Premium Lemonade Ice Lollies;£2.00;£0.88/100ml;Ice Lollies & Kids;null;null;null;null;null;null;null;null;
3829500;ASDA Smartprice Fruit Flavoured Lollies;£0.63;£0.22/100ml;Ice Lollies & Kids;71;null;17.7;16.6;null;null;0.1;null;
4802885;ASDA Chosen by You Raspberry Ripple Screwballs;£1.00;£0.16/100ml;Ice Lollies & Kids;null;1.4;14.3;13.6;3.9;2.4;0.1;0.1;
4802869;Cadbury Dairy Milk Minis & Crispies Minis;£2.50;£0.83/100ml;Ice Cream Bars, Cones & Sticks;null;3.6;25.9;22.6;17.3;12.4;0.6;0.13;
4584783;Cadbury Dairy Milk & Caramel Minis;£1.89;£0.63/100ml;Ice Cream Bars, Cones & Sticks;null;3.6;25.9;22.6;17.3;12.4;0.6;0.13;
4802871;Oreo Chocolate Ice Cream with Oreo Biscuit Pieces;£2.00;£0.50/100ml;Ice Cream Bars, Cones & Sticks;null;3.4;28.0;15.9;8.3;6.4;1.4;0.29;
3842072;Magnum Classic Ice Cream;£2.25;£0.68/100ml;Ice Cream Bars, Cones & Sticks;null;null;null;null;null;null;null;null;
3842074;Magnum White Ice Cream;£2.25;£0.68/100ml;Ice Cream Bars, Cones & Sticks;null;null;null;null;null;null;null;null;
3842076;Magnum Almond Ice Cream;£2.25;£0.68/100ml;Ice Cream Bars, Cones & Sticks;null;null;null;null;null;null;null;null;
4584805;Cornetto Chocolate Intense Ice Cream Cone;£2.50;£0.55/100ml;Ice Cream Bars, Cones & Sticks;null;null;null;null;null;null;null;null;
4584803;Cornetto Classico Ice Cream Cone;£2.50;£0.55/100ml;Ice Cream Bars, Cones & Sticks;null;null;null;null;null;null;null;null;
4589536;Cornetto Strawberry Ice Cream Cone;£2.50;£0.55/100ml;Ice Cream Bars, Cones & Sticks;null;null;null;null;null;null;null;null;
4175587;Solero Exotic Ice Cream Lolly;£2.25;£0.83/100ml;Ice Cream Bars, Cones & Sticks;null;null;null;null;null;null;null;null;
3373349;Cadbury Crunchie Blast;£2.50;£0.83/100ml;Ice Cream Bars, Cones & Sticks;null;2.8;23.4;23.0;13.3;9.6;0.4;0.11;
4584763;Cadbury Dairy Milk Ice Creams;£2.50;£0.83/100ml;Ice Cream Bars, Cones & Sticks;null;3.2;24.6;21.9;17.5;12.6;0.5;0.12;
3545417;Cadbury Dairy Milk Caramel Cones;£2.00;£0.50/100ml;Ice Cream Bars, Cones & Sticks;null;2.2;24.3;null;8.5;null;null;null;
4177307;Mars Ice Cream;£2.00;£0.98/100ml;Ice Cream Bars, Cones & Sticks;null;null;null;null;null;null;null;null;
4177309;Snickers Ice Cream Bars;£2.00;£0.94/100ml;Ice Cream Bars, Cones & Sticks;null;null;null;null;null;null;null;null;
4174552;Oreo Vanilla Flavour Ice Cream with Oreo Biscuit Pieces;£2.00;£0.50/100ml;Ice Cream Bars, Cones & Sticks;null;3.0;27.1;15.5;8.7;6.8;0.9;0.28;
4584847;Mr Swirly 4 Soft Whipped Ice Creams;£2.00;£0.41/100ml;Ice Cream Bars, Cones & Sticks;null;3.4;35.8;22.3;8.2;6.9;0.7;0.2;
4175531;ASDA Assorted Mini Moments;£2.00;£0.50/100ml;Ice Cream Bars, Cones & Sticks;null;3.3;20.1;19.4;16.1;10.1;1.4;null;
4175537;ASDA Mini Fruity Yogurt Moments;£2.00;£0.50/100ml;Ice Cream Bars, Cones & Sticks;null;1.1;18.3;14.1;1.1;0.9;0.4;null;
4628698;ASDA Milk Chocolate Moments;£1.00;£0.27/100ml;Ice Cream Bars, Cones & Sticks;null;2.2;24.2;22.2;16.1;11.5;0.4;0.1;
4628696;ASDA Chocolate Orange Moments;£1.00;£0.27/100ml;Ice Cream Bars, Cones & Sticks;null;3.0;24.9;22.3;14.2;9.8;1.1;0.1;
4628692;ASDA Milk Chocolate Almond Moments;£1.00;£0.27/100ml;Ice Cream Bars, Cones & Sticks;null;3.0;23.1;21.1;18.0;11.1;1.1;0.1;
4628690;ASDA White Chocolate Moments;£1.00;£0.27/100ml;Ice Cream Bars, Cones & Sticks;null;2.3;23.1;21.2;17.5;12.3;0.1;0.1;
4175543;ASDA Fruity Tropical Moments;£1.00;£0.37/100ml;Ice Cream Bars, Cones & Sticks;null;1.6;17.6;15.0;2.6;1.7;1.9;0.1;
3830410;ASDA Chocolate & Hazelnut Cones;£1.00;£0.22/100ml;Ice Cream Bars, Cones & Sticks;176;2.2;23.1;14.4;8.0;6.3;1.0;0.1;
3830414;ASDA Chosen By You Mint Cones;£1.00;£0.22/100ml;Ice Cream Bars, Cones & Sticks;163;2.1;23.8;15.4;6.4;5.4;0.7;0.1;
4175519;ASDA Chosen By You Toffee Cones;£1.00;£0.22/100ml;Ice Cream Bars, Cones & Sticks;174;2.1;23.8;16.0;7.6;6.1;0.5;0.1;
3830408;ASDA Strawberry & Vanilla Cones;£1.00;£0.22/100ml;Ice Cream Bars, Cones & Sticks;153;1.9;22.6;13.9;5.9;5.1;0.5;0.1;
4175517;ASDA Chosen By You Cookies & Cream Cones;£1.00;£0.22/100ml;Ice Cream Bars, Cones & Sticks;179;2.3;26.2;15.5;7.0;5.9;0.9;0.1;
3542612;ASDA Chosen By You Milk Choc Ices;£1.00;£0.17/100ml;Ice Cream Bars, Cones & Sticks;198;1.8;16.5;15.8;13.6;10.9;0.4;0.1;
3542632;ASDA Chosen By You Dark Choc Ices;£1.00;£0.17/100ml;Ice Cream Bars, Cones & Sticks;185;1.8;15.3;14.2;12.6;10.0;0.7;0.1;
4584755;Cadbury Creme Egg Mini Ice Creams;£1.89;£0.94/100ml;Ice Cream Bars, Cones & Sticks;null;2.8;31.6;23.6;16.4;12.8;0.8;0.12;
3887164;Magnum Classic Ice Cream;£1.50;£1.25/100ml;Ice Cream Bars, Cones & Sticks;null;null;null;null;null;null;null;null;
1069942;Magnum White Ice Cream;£1.50;£1.25/100ml;Ice Cream Bars, Cones & Sticks;null;null;null;null;null;null;null;null;
4736755;Oreo Vanilla Flavour Ice Cream with Oreo Biscuit Pieces;£1.20;£0.92/100ml;Ice Cream Bars, Cones & Sticks;null;2.6;23.5;15.0;8.2;6.7;0.7;0.20;
660307;Cadbury Flake Cones;£1.89;£0.37/100ml;Ice Cream Bars, Cones & Sticks;null;3.0;23.9;null;9.7;null;null;null;
4584761;Oreo Ice Cream Sandwich;£1.89;£0.57/100ml;Ice Cream Bars, Cones & Sticks;null;3.5;29.6;16.5;7.6;4.7;0.5;0.09;
4447610;Magnum Strawberry & White Ice Cream;£2.50;£0.56/100ml;Ice Cream Bars, Cones & Sticks;null;null;null;null;null;null;null;null;
3842066;Magnum Infinity Chocolate & Caramel Ice Cream;£1.89;£0.63/100ml;Ice Cream Bars, Cones & Sticks;null;null;null;null;null;null;null;null;
2487851;Magnum Almond & White Ice Cream;£3.89;£1.08/100ml;Ice Cream Bars, Cones & Sticks;null;null;null;null;null;null;null;null;
3842070;Magnum Dark & Mint Ice Cream;£3.89;£1.08/100ml;Ice Cream Bars, Cones & Sticks;null;null;null;null;null;null;null;null;
2993090;Magnum Mini Double Caramel & Double Chocolate Ice Cream;£3.89;£1.08/100ml;Ice Cream Bars, Cones & Sticks;null;null;null;null;null;null;null;null;
4584833;Magnum Pistachio Ice Cream;£1.89;£0.57/100ml;Ice Cream Bars, Cones & Sticks;null;null;null;null;null;null;null;null;
3829520;ASDA Smartprice Vanilla Cones;£0.50;£0.12/100ml;Ice Cream Bars, Cones & Sticks;269;3.8;34.5;23.5;12.6;9.3;1.0;0.2;
3598198;ASDA Smartprice Choc Ices;£0.70;£0.15/100ml;Ice Cream Bars, Cones & Sticks;null;2.3;26.7;24.0;19.9;17.4;1.0;0.3;
4802861;Cadbury Creme Egg Ice Creams;£1.89;£0.63/100ml;Ice Cream Bars, Cones & Sticks;null;2.9;27.6;23.8;13.7;9.4;0.5;0.14;
4992477;Cadbury Dairy Milk Buttons Ice Creams;£2.00;£0.50/100ml;Ice Cream Bars, Cones & Sticks;null;2.0;20.0;13.7;8.5;6.7;0.6;0.13;
4802867;Smarties Ice Cream Cones;£2.48;£0.59/100ml;Ice Cream Bars, Cones & Sticks;293;3.7;43.1;28.0;11.6;9.2;0.8;0.12;
3842100;Carte D'or Vanilla Light Frozen Dessert;£3.29;£0.36/100ml;Light & Dietary Ice Cream;null;null;null;null;null;null;null;null;
2065827;Frank's Vanilla Diabetic Ice Cream;£2.00;£0.20/100ml;Light & Dietary Ice Cream;null;3.4;17.9;null;7.7;null;null;null;
4341729;Swedish Glace Vanilla Non Dairy Frozen Dessert;£2.00;£0.26/100ml;Light & Dietary Ice Cream;null;3;25;24;11;6;null;25;
3669987;Wall's Soft Scoop Vanilla Light Ice Cream;£2.00;£0.11/100ml;Light & Dietary Ice Cream;null;null;null;null;null;null;null;null;
3458377;Weight Watchers Honeycomb Sundae;£2.00;£0.55/100ml;Light & Dietary Ice Cream;122;1.7;18.1;13.3;1.8;1.3;5.9;0.1;
3362790;Weight Watchers Toffee Minipots;£2.00;£0.50/100ml;Light & Dietary Ice Cream;163;3.1;28.1;26.0;2.7;1.1;8.4;0.1;
4912209;ASDA Good & Counted Strawberry Greek Style Frozen Yoghurt;£2.00;£0.40/100ml;Frozen Yogurt & Sorbet;null;3.1;14.4;14.4;1.5;1.0;0.3;0.1;
4912205;ASDA Good & Counted Chocolate Greek Style Frozen Yoghurt;£2.00;£0.40/100ml;Frozen Yogurt & Sorbet;null;4.1;13.0;13.0;1.7;1.0;0.3;0.1;
4912207;ASDA Good & Counted Black Cherry Greek Style Frozen Yoghurt;£2.00;£0.40/100ml;Frozen Yogurt & Sorbet;null;3.1;16.1;16.1;1.5;1.0;0.3;0.1;
4589576;ASDA Chosen by You Zesty Lemon Sorbet;£2.00;£0.40/100ml;Frozen Yogurt & Sorbet;77;0.3;18.6;16.7;0.1;0.1;0.3;0.1;
4589574;ASDA Refreshingly Tropical Mango Sorbet;£2.00;£0.40/100ml;Frozen Yogurt & Sorbet;71;0.5;16.3;16.3;0.3;0.2;0.3;null;
4584813;Ben & Jerry's Greek Style Strawberry Shortcake Frozen Yogurt;£4.45;£0.89/100ml;Frozen Yogurt & Sorbet;null;null;null;null;null;null;null;null;
4584811;Ben & Jerry's Greek Style Vanilla Honey Caramel Frozen Yogurt;£4.45;£0.89/100ml;Frozen Yogurt & Sorbet;null;null;null;null;null;null;null;null;
4043251;Yoo Moo Frozen Yogurt Strawberry Swirl;£0.98;£0.57/100ml;Frozen Yogurt & Sorbet;145;2.9;28.6;23.8;1.3;0.7;3.8;0.1;
4043255;YooMoo Frozen Yogurt Tropicoolmoo;£0.98;£0.57/100ml;Frozen Yogurt & Sorbet;146;2.9;28.9;22.2;1.3;0.7;3.6;0.10;
4043253;Yoomoo Frozen Yogurt Chocolate Heaven;£0.98;£0.57/100ml;Frozen Yogurt & Sorbet;160;3.5;29.9;24.8;2.1;1.2;3.8;0.1;
4845145;Gafoor Pure Halal Skinless Chicken Breast Fillets 700g;£3.00;£4.29/kg;Asian Halal;null;null;null;null;null;null;null;null;
4812373;Easy Chef Chicken Sausages 600g;£2.75;£4.58/kg;Asian Halal;null;null;null;null;null;null;null;null;
4631836;Gino's Spicy Chicken Deep Pan Pizza 310g;£1.00;£3.23/kg;Asian Halal;null;9.7;29.9;4.5;6.4;3.2;null;1.3;
3826083;Gino's Battered Chicken Nuggets 500g;£2.00;£4.00/kg;Asian Halal;null;14;11;null;10;null;1;1.2;
3826081;Gino's Popcorn Style Chicken 500g;£2.00;£4.00/kg;Asian Halal;null;11;14;null;14;null;2.2;1.4;
1924662;Kulfi Ice Malai Milk Ice Lollies with Almonds & Pistachios;£2.50;£2.50/each;Asian Halal;null;null;null;null;null;null;null;null;
1924664;Kulfi Ice Mango Ice Lollies with Real Mangoes;£2.50;£2.50/each;Asian Halal;null;null;null;null;null;null;null;null;
1924666;Kulfi Ice Pistachio Milk Lollies with Real Pistachos;£2.50;£2.50/each;Asian Halal;null;null;null;null;null;null;null;null;
1592632;Shana Onion Paratha;£1.00;£0.25/100g;Asian Halal;null;null;null;null;null;null;null;null;
1596700;Shana Original Paratha;£1.00;£0.25/100g;Asian Halal;null;null;null;null;null;null;null;null;
1951961;Shana Wholemeal Chapatti 320g;£1.30;£0.40/100g;Asian Halal;null;null;null;null;null;null;null;null;
3139593;Shazans Breaded Chicken Patties;£4.95;£0.41/each;Asian Halal;null;11.3;22.3;null;13.0;null;null;null;
2184966;Shazans Chicken Samosas;£4.25;£0.21/each;Asian Halal;null;3.7;29.6;null;2.4;null;null;null;
3868838;Shazans Lamb Sausages 840g;£4.67;£0.55/100g;Asian Halal;null;null;null;null;null;null;null;null;
2184964;Shazans Meat Samosas;£4.25;£0.21/each;Asian Halal;null;10.9;27.9;null;3.3;null;null;null;
2837591;Shazans Vegetable Samosas;£4.00;£0.20/each;Asian Halal;null;11.1;27.5;null;4.7;null;null;null;
556581;Tahira Chicken & Beef Burgers Halal 780g;£3.50;£4.49/kg;Asian Halal;236;12.2;8.1;1.0;17.0;null;null;2.2;
556579;Tahira Chicken Frankfurters 340g;£1.20;£0.35/100g;Asian Halal;null;null;null;null;null;null;null;null;
3539435;Taj Bhindi Whole Baby Okra 900g;£2.35;£2.61/kg;Asian Halal;null;null;null;null;null;null;null;null;
3539433;Taj Karela Bitter Gourd;£2.00;£2.00/kg;Asian Halal;null;null;null;null;null;null;null;null;
2475886;Taj Mogo Chips Frozen Cassava Fries;£1.50;£1.50/kg;Asian Halal;null;null;null;null;null;null;null;null;
1951217;Taj Tropica Cassava Yuca;£1.29;£1.29/kg;Asian Halal;null;null;null;null;null;null;null;null;
4845155;Ibco Brand Pangasius Fillets 800g;£3.00;£3.75/kg;Authentic Asian;null;null;null;null;null;null;null;null;
3776568;Ibco Brand Tilapia Fillet s 500g;£3.50;£7.01/kg;Authentic Asian;null;null;null;null;null;null;null;null;
4615947;Aisha's Pre-Cooked Chicken Nuggets 500g;£2.25;£4.50/kg;Authentic Asian;null;null;null;null;null;null;null;null;
4616019;Cofresh Vegetarian Punjabi Samosas 500g;£2.00;£0.40/100g;Authentic Asian;81;1;8;1;5;2.5;2;null;
4615923;Jilani's 100% Halal 6 Lamb Burgers 330g;£2.25;£6.82/kg;Authentic Asian;182;8;3;0;16;7;1;0.8;
4615945;Jilani's 100% Halal 6 Microwavable Lamb Seekh Kebabs 270g;£2.25;£8.33/kg;Authentic Asian;162;5;3;0;14;7;1;0.7;
4615921;Jilani's Chicken Burgers 330g;£2.25;£6.82/kg;Authentic Asian;110;8;4;0;7;2;2;1.0;
3390525;Taj Mixed Puree Garlic & Ginger 400g;£0.97;£9.70/10g;Authentic Asian;null;5.18;10.96;2.16;0.64;0.06;2.44;0.01;
3825869;Taj Wholemeal Chapatti Pieces;£2.50;£0.27/100g;Authentic Asian;null;null;null;null;null;null;null;null;
4888890;Taj Original Paratha;£2.50;£1.74/kg;Authentic Asian;null;null;null;null;null;null;null;null;
