%C2%A31-donation-to-sport-relief;-£1 Donation to Comic Relief;£1.00/unit;£1.00/ea;Chicken;chicken;null;null;null;null;null;null;null;null;
%C2%A31-donation-to-sport-relief;-£1 Donation to Comic Relief;£1.00/unit;£1.00/ea;Crisps, nuts & snacking fruit;crisps;null;null;null;null;null;null;null;null;
%C2%A31-donation-to-sport-relief;-£1 Donation to Comic Relief;£1.00/unit;£1.00/ea;Fresh milk & eggs;fresh-milk;null;null;null;null;null;null;null;null;
12-snack-sausage-rolls-360g;Sainsbury's Snack Sausage Rolls x12 360g;£1.90/unit;£0.53/100g;Pies, pasties & quiche;sausage-rolls-savouries;336;9.6;29.6;1.6;19.4;8.3;2.3;1.05;
12-snack-sausage-rolls-360g;Sainsbury's Snack Sausage Rolls x12 360g;£1.90/unit;£0.53/100g;Pies, pasties & quiche;slices-pasties;336;9.6;29.6;1.6;19.4;8.3;2.3;1.05;
1kg-chopped-tomatoes;Sainsbury's Chopped Tomatoes Carton 1kg;£1.20/unit;£1.20/kg;Canned, tinned & packaged foods;canned-tinned-packaged-tomatoes;20;1.0;3.0;2.8;0.5;0.1;0.8;0.03;
30-peacock-orchids;Sainsbury's Peacock Orchids x30;£3.00/unit;£3.00/ea;Flowers & seeds;flowers---seeds;null;null;null;null;null;null;null;null;
60-cocktail-sausages-600g;Sainsbury's Pork Cocktail Sausages x60 600g;£3.00/unit;£0.50/100g;Cooked meats & snacking;mfp-snacking-cooked-sausage;301;10.9;11.5;1.0;23.1;7.9;1.6;1.08;
60-cocktail-sausages-600g;Sainsbury's Pork Cocktail Sausages x60 600g;£3.00/unit;£0.50/100g;Cooked meats, pate & sandwich fillers;snacking-cooked-sausage;301;10.9;11.5;1.0;23.1;7.9;1.6;1.08;
60-cocktail-sausages-600g;Sainsbury's Pork Cocktail Sausages x60 600g;£3.00/unit;£0.50/100g;Pies, pasties & quiche;sausage-rolls-savouries;301;10.9;11.5;1.0;23.1;7.9;1.6;1.08;
9-bar-flax-seed-bars-4x40g;9 Bar Flax Seed Bars 4x40g;£2.00/unit;£1.25/100g;Biscuits & crackers;cereal-bars-breakfast-biscuits;523;17.4;33.5;30.0;35.5;10.0;null;null;
9-bar-flax-seed-bars-4x40g;9 Bar Flax Seed Bars 4x40g;£2.00/unit;£1.25/100g;Breakfast cereals;breakfast-cereal-bars-breakfast-biscuits;523;17.4;33.5;30.0;35.5;10.0;null;null;
9-bar-pumpkin-bars-4x40g;9 Bar Pumpkin Bars 4x40g;£2.00/unit;£1.25/100g;Biscuits & crackers;cereal-bars-breakfast-biscuits;510;21.5;28.4;23.5;34.6;6.6;null;null;
9-bar-pumpkin-bars-4x40g;9 Bar Pumpkin Bars 4x40g;£2.00/unit;£1.25/100g;Breakfast cereals;breakfast-cereal-bars-breakfast-biscuits;510;21.5;28.4;23.5;34.6;6.6;null;null;
ProductDisplay?storeId=10151&productId=100512&urlRequestType=Base&categoryId=12430&catalogId=10214&langId=44;Maryland Chocolate Chip Cookies 230g;£1.30/unit;£0.57/100g;Biscuits & crackers;everyday-biscuits-shortbread;511;6.2;68.0;34.8;23.9;13.1;1.3;0.58;
ProductDisplay?storeId=10151&productId=100512&urlRequestType=Base&categoryId=12435&catalogId=10122&langId=44;Maryland Chocolate Chip Cookies 230g;£1.30/unit;£0.57/100g;Biscuits & crackers;cookies;511;6.2;68.0;34.8;23.9;13.1;1.3;0.58;
ProductDisplay?storeId=10151&productId=10164&urlRequestType=Base&categoryId=172271&catalogId=10198&langId=44;Sainsbury's Glace Cherries, Halves 200g;£1.40/unit;£7.00/kg;Sugar & home baking;dried-fruit---peel;326;0.5;80.5;61.2;0.5;0.1;0.5;0.02;
ProductDisplay?storeId=10151&productId=102784&urlRequestType=Base&categoryId=12487&catalogId=10162&langId=44;Rolo Mulitpack x4 52g;£1.00/unit;£0.48/100g;Confectionery;chocolate;477;4.4;68.4;58.7;20.4;11.7;1.2;0.30;
ProductDisplay?storeId=10151&productId=102786&urlRequestType=Base&categoryId=12487&catalogId=10162&langId=44;Toffee Crisp Multipack x4 43.2g;£1.00/unit;£0.58/100g;Confectionery;chocolate;null;null;null;null;null;null;null;null;
ProductDisplay?storeId=10151&productId=102790&urlRequestType=Base&categoryId=12487&catalogId=10162&langId=44;Kit Kat Milk Chocolate 4 Finger 4x45g;£1.00/unit;£0.55/100g;Confectionery;chocolate;510;5.8;64.6;52.2;24.8;14.1;2.0;0.20;
ProductDisplay?storeId=10151&productId=10382&urlRequestType=Base&categoryId=172271&catalogId=10198&langId=44;Sainsbury's Cut Mixed Peel 200g;£1.00/unit;£5.00/kg;Sugar & home baking;dried-fruit---peel;305;0.5;71.2;52.8;0.8;0.3;6.2;0.28;
ProductDisplay?storeId=10151&productId=10394&urlRequestType=Base&categoryId=172272&catalogId=10177&langId=44;Sainsbury's Almonds, Flakes 100g;£1.25/unit;£1.25/100g;Sugar & home baking;nuts---seeds;645;25.5;6.5;4.0;55.8;4.4;7.4;0.04;
ProductDisplay?storeId=10151&productId=110678&urlRequestType=Base&categoryId=12524&catalogId=10166&langId=44;Sainsbury's Onions 1kg;£0.60/unit;£0.60/kg;In season;new-in-season;38;1.0;7.6;5.9;0.5;0.1;1.4;0.01;
ProductDisplay?storeId=10151&productId=110678&urlRequestType=Base&categoryId=13247&catalogId=10113&langId=44;Sainsbury's Onions 1kg;£0.60/unit;£0.60/kg;Fresh vegetables;onions-leeks-garlic;38;1.0;7.6;5.9;0.5;0.1;1.4;0.01;
ProductDisplay?storeId=10151&productId=11238&urlRequestType=Base&categoryId=172271&catalogId=10198&langId=44;Sainsbury's Mixed Dried Fruit 500g;£1.70/unit;£3.40/kg;Sugar & home baking;dried-fruit---peel;292;2.2;67.0;67.0;1.1;0.2;2.4;0.16;
ProductDisplay?storeId=10151&productId=113034&urlRequestType=Base&categoryId=13358&catalogId=10230&langId=44;Sainsbury's British Whole Chicken with Pork, Sage & Onion Stuffing 1.45kg;£5.50/unit;£3.93/kg;Chicken;chicken;196;24.3;2.1;0.5;10.0;3.0;0.5;0.45;
ProductDisplay?storeId=10151&productId=113034&urlRequestType=Base&categoryId=135656&catalogId=10162&langId=44;Sainsbury's British Whole Chicken with Pork, Sage & Onion Stuffing 1.45kg;£5.50/unit;£3.93/kg;Just Cook, prepared & sauces;prepared-joints;196;24.3;2.1;0.5;10.0;3.0;0.5;0.45;
ProductDisplay?storeId=10151&productId=115678&urlRequestType=Base&categoryId=13358&catalogId=10230&langId=44;Sainsbury's British Whole Chicken, Garlic & Herb 1.35kg;£5.50/unit;£4.00/kg;Chicken;chicken;168;23.7;0.7;0.5;7.8;1.7;0.5;0.47;
ProductDisplay?storeId=10151&productId=115678&urlRequestType=Base&categoryId=135656&catalogId=10162&langId=44;Sainsbury's British Whole Chicken, Garlic & Herb 1.35kg;£5.50/unit;£4.00/kg;Just Cook, prepared & sauces;prepared-joints;168;23.7;0.7;0.5;7.8;1.7;0.5;0.47;
ProductDisplay?storeId=10151&productId=116222&urlRequestType=Base&categoryId=12436&catalogId=10056&langId=44;McVitie's Victoria Biscuits Carton 300g;£6.00/unit;£2.00/100g;Biscuits & crackers;luxury-continental-biscuits;510;6.0;61.8;35.1;25.9;14.0;2.6;0.7;
ProductDisplay?storeId=10151&productId=116222&urlRequestType=Base&categoryId=12445&catalogId=10176&langId=44;McVitie's Victoria Biscuits Carton 300g;£6.00/unit;£2.00/100g;Biscuits & crackers;biscuits-crackers-sharing-bags-assortments;510;6.0;61.8;35.1;25.9;14.0;2.6;0.7;
ProductDisplay?storeId=10151&productId=11760&urlRequestType=Base&categoryId=172272&catalogId=10167&langId=44;Sainsbury's Almonds, Chopped 100g;£1.25/unit;£1.25/100g;Sugar & home baking;nuts---seeds;645;25.5;6.5;4.0;55.8;4.4;7.4;0.04;
ProductDisplay?storeId=10151&productId=121522&urlRequestType=Base&categoryId=12445&catalogId=10176&langId=44;McVitie's Family Circle 400g;£2.50/unit;£0.63/100g;Biscuits & crackers;biscuits-crackers-sharing-bags-assortments;493;5.9;63.8;26.2;23.2;12.3;2.8;0.7;
ProductDisplay?storeId=10151&productId=12546&urlRequestType=Base&categoryId=172271&catalogId=10220&langId=44;Sainsbury's Raisins, Seedless 500g;£1.70/unit;£3.40/kg;Sugar & home baking;dried-fruit---peel;293;2.1;69.3;69.3;0.5;0.1;2.0;0.15;
ProductDisplay?storeId=10151&productId=125808&urlRequestType=Base&categoryId=12181&catalogId=10091&langId=44;Sainsbury's Butlers Farmhouse Red Leicester, Taste the Difference 240g;£2.50/unit;£10.42/kg;Cheese;cheddar-british-regional-cheese;411;24.9;0.5;0.5;34.5;21.6;0.5;1.72;
ProductDisplay?storeId=10151&productId=125808&urlRequestType=Base&categoryId=12206&catalogId=10214&langId=44;Sainsbury's Butlers Farmhouse Red Leicester, Taste the Difference 240g;£2.50/unit;£10.42/kg;Cheese;organic-taste-the-difference-cheese;411;24.9;0.5;0.5;34.5;21.6;0.5;1.72;
ProductDisplay?storeId=10151&productId=125808&urlRequestType=Base&categoryId=89716&catalogId=10214&langId=44;Sainsbury's Butlers Farmhouse Red Leicester, Taste the Difference 240g;£2.50/unit;£10.42/kg;Cheese;cheeseboard-delights;411;24.9;0.5;0.5;34.5;21.6;0.5;1.72;
ProductDisplay?storeId=10151&productId=125810&urlRequestType=Base&categoryId=12181&catalogId=10091&langId=44;Sainsbury's Butlers Farmhouse Gloucester, Taste the Difference 240g;£2.50/unit;£10.42/kg;Cheese;cheddar-british-regional-cheese;411;24.9;0.5;0.5;34.5;21.6;0.5;1.72;
ProductDisplay?storeId=10151&productId=125810&urlRequestType=Base&categoryId=12206&catalogId=10184&langId=44;Sainsbury's Butlers Farmhouse Gloucester, Taste the Difference 240g;£2.50/unit;£10.42/kg;Cheese;organic-taste-the-difference-cheese;411;24.9;0.5;0.5;34.5;21.6;0.5;1.72;
ProductDisplay?storeId=10151&productId=125810&urlRequestType=Base&categoryId=89716&catalogId=10184&langId=44;Sainsbury's Butlers Farmhouse Gloucester, Taste the Difference 240g;£2.50/unit;£10.42/kg;Cheese;cheeseboard-delights;411;24.9;0.5;0.5;34.5;21.6;0.5;1.72;
ProductDisplay?storeId=10151&productId=126550&urlRequestType=Base&categoryId=12181&catalogId=10174&langId=44;Sainsbury's Shropshire Red Cheese, Taste the Difference 200g;£2.75/unit;£13.75/kg;Cheese;cheddar-british-regional-cheese;399;23.8;0.5;0.5;33.7;21.1;0.5;1.90;
ProductDisplay?storeId=10151&productId=126550&urlRequestType=Base&categoryId=12206&catalogId=10184&langId=44;Sainsbury's Shropshire Red Cheese, Taste the Difference 200g;£2.75/unit;£13.75/kg;Cheese;organic-taste-the-difference-cheese;399;23.8;0.5;0.5;33.7;21.1;0.5;1.90;
ProductDisplay?storeId=10151&productId=126550&urlRequestType=Base&categoryId=89716&catalogId=10214&langId=44;Sainsbury's Shropshire Red Cheese, Taste the Difference 200g;£2.75/unit;£13.75/kg;Cheese;cheeseboard-delights;399;23.8;0.5;0.5;33.7;21.1;0.5;1.90;
ProductDisplay?storeId=10151&productId=12690&urlRequestType=Base&categoryId=172271&catalogId=10206&langId=44;Sainsbury's Sultanas 500g;£1.70/unit;£3.40/kg;Sugar & home baking;dried-fruit---peel;296;2.7;69.5;69.5;0.5;0.1;2.0;0.05;
ProductDisplay?storeId=10151&productId=12832&urlRequestType=Base&categoryId=12499&catalogId=10198&langId=44;The Natural Confectionery Co Jelly Snakes 200g;£1.50/unit;£0.75/100g;Confectionery;sweets;320;3.7;74.5;64.5;0.2;0.1;null;0.03;
ProductDisplay?storeId=10151&productId=129426&urlRequestType=Base&categoryId=13358&catalogId=10230&langId=44;Sainsbury's British Whole Chicken, Piri Piri Seasoned 1.326kg;£5.50/unit;£3.97/kg;Chicken;chicken;175;23.5;1.6;0.5;8.2;2.5;0.5;0.60;
ProductDisplay?storeId=10151&productId=129426&urlRequestType=Base&categoryId=135656&catalogId=10162&langId=44;Sainsbury's British Whole Chicken, Piri Piri Seasoned 1.326kg;£5.50/unit;£3.97/kg;Just Cook, prepared & sauces;prepared-joints;175;23.5;1.6;0.5;8.2;2.5;0.5;0.60;
ProductDisplay?storeId=10151&productId=130096&urlRequestType=Base&categoryId=13243&catalogId=10172&langId=44;Sainsbury's Fine Beans 200g;£1.50/unit;£7.50/kg;Fresh vegetables;peas-beans-sweetcorn-asparagus;29;1.9;3.2;2.3;0.5;null;2.2;0.00;
ProductDisplay?storeId=10151&productId=130222&urlRequestType=Base&categoryId=12551&catalogId=10119&langId=44;Sainsbury's White Seedless Grapes 500g;£2.00/unit;£4.00/kg;Fresh fruit;bananas-grapes;66;0.5;15;15;0.5;0.1;0.7;0.5;
ProductDisplay?storeId=10151&productId=130382&urlRequestType=Base&categoryId=12648&catalogId=10315&langId=44;Sainsbury's Easy Peelers, Taste the Difference x6 (minimum);£2.00/unit;£2.00/ea;Fresh fruit;citrus-fruit;42;0.9;8.7;8.7;0.5;0.1;1.2;0.01;
ProductDisplay?storeId=10151&productId=130382&urlRequestType=Base&categoryId=185761&catalogId=10147&langId=44;Sainsbury's Easy Peelers, Taste the Difference x6 (minimum);£2.00/unit;£2.00/ea;Taste the Difference;taste-the-difference-185761-44;42;0.9;8.7;8.7;0.5;0.1;1.2;0.01;
ProductDisplay?storeId=10151&productId=130386&urlRequestType=Base&categoryId=12553&catalogId=10122&langId=44;Sainsbury's Conference Pears x4 (minimum);£1.00/unit;£1.00/ea;Fresh fruit;apples-pears-rhubarb;40;0.5;10;10;0.5;0.1;2.2;0.5;
ProductDisplay?storeId=10151&productId=132170&urlRequestType=Base&categoryId=12289&catalogId=10122&langId=44;Ben & Jerry's Ice Cream Phish Food 500ml;£3.00/unit;£0.60/100ml;Ice cream & desserts;ice-cream-tubs;230;3;31;24;10;7;null;0.15;
ProductDisplay?storeId=10151&productId=132266&urlRequestType=Base&categoryId=12553&catalogId=10122&langId=44;Sainsbury's Royal Gala Apples x5 (minimum);£1.00/unit;£1.00/ea;Fresh fruit;apples-pears-rhubarb;47;0.4;11.8;11.8;0.1;0;1.8;null;
ProductDisplay?storeId=10151&productId=132384&urlRequestType=Base&categoryId=12289&catalogId=10122&langId=44;Ben & Jerry's Ice Cream Cookie Dough 500ml;£3.00/unit;£0.60/100ml;Ice cream & desserts;ice-cream-tubs;230;3.5;26;21;13;8;null;0.14;
ProductDisplay?storeId=10151&productId=132386&urlRequestType=Base&categoryId=12289&catalogId=10122&langId=44;Ben & Jerry's Ice Cream Chocolate Fudge Brownie 500ml;£3.00/unit;£0.60/100ml;Ice cream & desserts;ice-cream-tubs;220;4;26;22;10;7;null;0.19;
ProductDisplay?storeId=10151&productId=133196&urlRequestType=Base&categoryId=12253&catalogId=10122&langId=44;Dr. Oetker Ristorante Pizza Funghi 365g;£2.00/unit;£5.48/kg;Pizza & garlic bread;frozen-pizza-garlic-bread;246;8.0;25;1.8;12.3;3.3;null;1.01;
ProductDisplay?storeId=10151&productId=133198&urlRequestType=Base&categoryId=12253&catalogId=10122&langId=44;Dr. Oetker Ristorante Pizza Pollo 355g;£2.00/unit;£5.63/kg;Pizza & garlic bread;frozen-pizza-garlic-bread;223;8.8;25.7;2.5;9.0;3.1;null;1.08;
ProductDisplay?storeId=10151&productId=133200&urlRequestType=Base&categoryId=12253&catalogId=10122&langId=44;Dr. Oetker Ristorante Pizza Speciale 330g;£2.00/unit;£6.06/kg;Pizza & garlic bread;frozen-pizza-garlic-bread;282;10.2;27.9;2.6;14.0;5.0;null;1.55;
ProductDisplay?storeId=10151&productId=133202&urlRequestType=Base&categoryId=12253&catalogId=10122&langId=44;Dr. Oetker Ristorante Pizza Mozzarella 335g;£2.00/unit;£5.97/kg;Pizza & garlic bread;frozen-pizza-garlic-bread;272;10.7;26.1;2.1;13.5;4.8;null;1.05;
ProductDisplay?storeId=10151&productId=133204&urlRequestType=Base&categoryId=12253&catalogId=10122&langId=44;Dr. Oetker Ristorante Pizza Hawaii 355g;£2.00/unit;£5.63/kg;Pizza & garlic bread;frozen-pizza-garlic-bread;226;8.8;27.6;4.9;8.5;2.9;null;1.13;
ProductDisplay?storeId=10151&productId=133596&urlRequestType=Base&categoryId=13240&catalogId=10353&langId=44;Sainsbury's Carrots 1kg;£0.55/unit;£0.55/kg;Fresh vegetables;carrots-root-vegetables;41;0.5;7.7;7.2;0.5;0.1;2.1;0.07;
ProductDisplay?storeId=10151&productId=133748&urlRequestType=Base&categoryId=12551&catalogId=10119&langId=44;Sainsbury's Red Seedless Grapes 500g;£2.00/unit;£4.00/kg;Fresh fruit;bananas-grapes;66;0.4;15.4;15.4;0.1;0.0;0.7;0;
ProductDisplay?storeId=10151&productId=134288&urlRequestType=Base&categoryId=13246&catalogId=10196&langId=44;Sainsbury's Cucumber Whole;£0.45/unit;£0.45/ea;Fresh vegetables;peppers-salad-vegetables;11;0.7;1.4;1.3;0.5;0.1;0.6;0.5;
ProductDisplay?storeId=10151&productId=134288&urlRequestType=Base&categoryId=13321&catalogId=10184&langId=44;Sainsbury's Cucumber Whole;£0.45/unit;£0.45/ea;Fresh salad;cucumber-celery;11;0.7;1.4;1.3;0.5;0.1;0.6;0.5;
ProductDisplay?storeId=10151&productId=140642&urlRequestType=Base&categoryId=13244&catalogId=10310&langId=44;Sainsbury's Closed Cup White Mushrooms 300g;£0.90/unit;£3.00/kg;Fresh vegetables;mushrooms;16;1.8;0.5;0.5;0.5;0.1;1.1;0.5;
ProductDisplay?storeId=10151&productId=143682&urlRequestType=Base&categoryId=12253&catalogId=10122&langId=44;Dr. Oetker Ristorante Pizza Pepperoni-Salame 320g;£2.00/unit;£6.25/kg;Pizza & garlic bread;frozen-pizza-garlic-bread;null;null;null;null;null;null;null;null;
ProductDisplay?storeId=10151&productId=148176&urlRequestType=Base&categoryId=12455&catalogId=10158&langId=44;Sensations Californian Honey & Salted Peanuts 145g;£1.75/unit;£1.21/100g;Crisps, nuts & snacking fruit;nuts;561;19.0;31.0;25.0;40.0;5.8;5.0;1.40;
ProductDisplay?storeId=10151&productId=149798&urlRequestType=Base&categoryId=12524&catalogId=10166&langId=44;Sainsbury's Cauliflower (each);£1.00/unit;£1.00/ea;In season;new-in-season;34;2.5;4.2;2.8;0.5;0.2;1.8;0.02;
ProductDisplay?storeId=10151&productId=149798&urlRequestType=Base&categoryId=13242&catalogId=10180&langId=44;Sainsbury's Cauliflower (each);£1.00/unit;£1.00/ea;Fresh vegetables;broccoli-cauliflower-cabbage-greens;34;2.5;4.2;2.8;0.5;0.2;1.8;0.02;
ProductDisplay?storeId=10151&productId=15092&urlRequestType=Base&categoryId=12487&catalogId=10217&langId=44;Cadbury Eclairs 180g;£1.50/unit;£0.83/100g;Confectionery;chocolate;455;4.3;69.5;47.0;17.5;9.7;null;0.48;
ProductDisplay?storeId=10151&productId=153008&urlRequestType=Base&categoryId=12455&catalogId=10138&langId=44;Sensations Thai Sweet Chili Peanuts 165g;£1.75/unit;£1.17/100g;Crisps, nuts & snacking fruit;nuts;null;null;null;null;null;null;null;null;
ProductDisplay?storeId=10151&productId=153012&urlRequestType=Base&categoryId=12455&catalogId=10138&langId=44;Walkers Salt & Vinegar Tiger Nuts 130g;£1.50/unit;£1.15/100g;Crisps, nuts & snacking fruit;nuts;540;15.0;43.0;6.1;34.0;5.1;5.6;2.30;
ProductDisplay?storeId=10151&productId=153018&urlRequestType=Base&categoryId=12455&catalogId=10138&langId=44;Walkers Sweet Chilli Tiger Nuts 130g;£1.50/unit;£1.15/100g;Crisps, nuts & snacking fruit;nuts;541;15.0;43.0;6.8;34.0;5.1;5.7;2.20;
ProductDisplay?storeId=10151&productId=153222&urlRequestType=Base&categoryId=13242&catalogId=10180&langId=44;Sainsbury's Broccoli 335g;£0.45/unit;£1.34/kg;Fresh vegetables;broccoli-cauliflower-cabbage-greens;40;4.3;3.1;1.8;0.6;0.2;2.5;0.02;
ProductDisplay?storeId=10151&productId=15428&urlRequestType=Base&categoryId=12499&catalogId=10198&langId=44;Maynards Wine Gums Bag 190g;£1.50/unit;£0.79/100g;Confectionery;sweets;325;5.7;75.4;57.3;0.2;0.2;0.0;0.05;
ProductDisplay?storeId=10151&productId=15432&urlRequestType=Base&categoryId=12499&catalogId=10198&langId=44;Bassetts Jelly Babies Bag 190g;£1.50/unit;£0.79/100g;Confectionery;sweets;335;3.5;79.7;75.4;0;0;0;0.03;
ProductDisplay?storeId=10151&productId=15434&urlRequestType=Base&categoryId=12499&catalogId=10198&langId=44;Bassetts Liquorice Allsorts Bag 190g;£1.50/unit;£0.79/100g;Confectionery;sweets;380;5.6;77.8;62.2;4.2;3.5;1.2;0.10;
ProductDisplay?storeId=10151&productId=15458&urlRequestType=Base&categoryId=12499&catalogId=10198&langId=44;Rowntree's Randoms 160g;£1.00/unit;£0.63/100g;Confectionery;sweets;326;4.9;75.7;59.1;0.3;0.3;0.6;0.10;
ProductDisplay?storeId=10151&productId=15538&urlRequestType=Base&categoryId=12499&catalogId=10198&langId=44;Rowntree's Fruit Pastilles Bag 170g;£1.00/unit;£0.59/100g;Confectionery;sweets;351;4.1;82.2;55.8;0.1;0.0;0.1;0.30;
ProductDisplay?storeId=10151&productId=15540&urlRequestType=Base&categoryId=12499&catalogId=10198&langId=44;Rowntree's Fruit Gums Bag 170g;£1.00/unit;£0.59/100g;Confectionery;sweets;343;4.3;79.0;45.0;0.2;0;0.1;0.48;
ProductDisplay?storeId=10151&productId=16086&urlRequestType=Base&categoryId=172270&catalogId=10177&langId=44;Sainsbury's Apricot Glaze 220g;£1.00/unit;£0.45/100g;Sugar & home baking;baking-ingredients---colourings;244;0.3;59.7;44.6;0;0;0.8;0;
ProductDisplay?storeId=10151&productId=16722&urlRequestType=Base&categoryId=12582&catalogId=10172&langId=44;Sainsbury's Ready to Roll White Icing 1kg;£2.70/unit;£2.70/kg;Sugar & home baking;icing---marzipan;410;0.5;88.1;83.5;6.3;3.6;0.5;0.02;
ProductDisplay?storeId=10151&productId=17482&urlRequestType=Base&categoryId=13158&catalogId=10198&langId=44;Oxo Stock Cubes, Chicken x12 71g;£1.25/unit;£1.76/100g;Cooking ingredients & oils;stock;9;0.5;1.5;0.5;0.5;0.1;0.5;0.77;
ProductDisplay?storeId=10151&productId=17484&urlRequestType=Base&categoryId=13158&catalogId=10198&langId=44;Oxo Stock Cubes, Beef x12 71g;£1.25/unit;£1.76/100g;Cooking ingredients & oils;stock;8;0.5;1.1;0.5;0.5;0.1;0.5;0.95;
ProductDisplay?storeId=10151&productId=18354&urlRequestType=Base&categoryId=13158&catalogId=10122&langId=44;Oxo Stock Cubes, Vegetable x12 71g;£1.25/unit;£1.76/100g;Cooking ingredients & oils;stock;8;0.5;1.3;0.5;0.5;0.1;0.5;1.06;
ProductDisplay?storeId=10151&productId=24078&urlRequestType=Base&categoryId=13158&catalogId=10198&langId=44;Oxo Stock Cubes, Lamb x12 71g;£1.25/unit;£1.76/100g;Cooking ingredients & oils;stock;9;0.5;1.6;0.7;0.5;0.1;0.5;0.68;
ProductDisplay?storeId=10151&productId=30264&urlRequestType=Base&categoryId=13158&catalogId=10122&langId=44;Oxo Stock Cubes, Reduced Salt Vegetable x12 71g;£1.25/unit;£1.76/100g;Cooking ingredients & oils;stock;9;0.5;1.6;0.5;0.5;0.1;0.5;0.72;
ProductDisplay?storeId=10151&productId=30266&urlRequestType=Base&categoryId=13158&catalogId=10198&langId=44;Oxo Stock Cubes, Reduced Salt Beef x12  71g;£1.25/unit;£1.76/100g;Cooking ingredients & oils;stock;9;0.6;1.3;0.5;0.5;0.1;0.5;0.66;
ProductDisplay?storeId=10151&productId=30268&urlRequestType=Base&categoryId=13158&catalogId=10198&langId=44;Oxo Stock Cubes, Reduced Salt Chicken x12 71g;£1.25/unit;£1.76/100g;Cooking ingredients & oils;stock;10;0.5;1.7;0.7;0.5;0.1;0.5;0.54;
ProductDisplay?storeId=10151&productId=38638&urlRequestType=Base&categoryId=12436&catalogId=10056&langId=44;Bahlsen Choco Leibniz Biscuits, Dark Chocolate 125g;£1.50/unit;£1.20/100g;Biscuits & crackers;luxury-continental-biscuits;null;null;null;null;null;null;null;null;
ProductDisplay?storeId=10151&productId=38744&urlRequestType=Base&categoryId=12436&catalogId=10056&langId=44;Bahlsen Choco Leibniz Biscuits, Milk Chocolate 125g;£1.50/unit;£1.20/100g;Biscuits & crackers;luxury-continental-biscuits;null;null;null;null;null;null;null;null;
ProductDisplay?storeId=10151&productId=45108&urlRequestType=Base&categoryId=12565&catalogId=10172&langId=44;Billington's Light Muscovado Sugar 500g;£1.00/unit;£2.00/kg;Sugar & home baking;sugar-sweeteners;392;0;98.1;null;0.0;null;null;null;
ProductDisplay?storeId=10151&productId=45110&urlRequestType=Base&categoryId=12565&catalogId=10172&langId=44;Billington's Dark Muscovado Sugar 500g;£1.00/unit;£2.00/kg;Sugar & home baking;sugar-sweeteners;383;0.3;95.3;null;0.0;null;null;null;
ProductDisplay?storeId=10151&productId=48258&urlRequestType=Base&categoryId=12487&catalogId=10196&langId=44;Galaxy Milk Chocolate 114g;£1.40/unit;£1.23/100g;Confectionery;chocolate;546;6.7;56.0;55.4;32.4;19.6;null;0.25;
ProductDisplay?storeId=10151&productId=48558&urlRequestType=Base&categoryId=12487&catalogId=10111&langId=44;Galaxy Cookie Crumble 114g;£1.40/unit;£1.23/100g;Confectionery;chocolate;550;6.2;56.0;53.2;33.0;20.5;null;0.24;
ProductDisplay?storeId=10151&productId=497622&urlRequestType=Base&categoryId=12253&catalogId=10122&langId=44;Dr. Oetker Ristorante Spinaci Pizza 390g;£2.00/unit;£5.13/kg;Pizza & garlic bread;frozen-pizza-garlic-bread;230;7.4;23.1;2.0;11.5;2.9;null;1.05;
ProductDisplay?storeId=10151&productId=51280&urlRequestType=Base&categoryId=12565&catalogId=10198&langId=44;Billington's Natural Golden Caster, Unrefined Cane Sugar 1kg;£1.40/unit;£1.40/kg;Sugar & home baking;sugar-sweeteners;399;0;99.8;null;0.0;null;null;null;
ProductDisplay?storeId=10151&productId=581888&urlRequestType=Base&categoryId=12568&catalogId=10177&langId=44;McDougall's Self Raising Flour 1.25kg;£1.40/unit;£1.12/kg;Sugar & home baking;flour;330;9.9;67.9;1.3;1.4;0.2;3.0;0.75;
ProductDisplay?storeId=10151&productId=581890&urlRequestType=Base&categoryId=12568&catalogId=10177&langId=44;McDougall's Plain Flour 1.25kg;£1.40/unit;£1.12/kg;Sugar & home baking;flour;340;10.4;70.1;1.4;1.3;0.2;3.2;0;
ProductDisplay?storeId=10151&productId=584548&urlRequestType=Base&categoryId=172270&catalogId=10177&langId=44;Lyle's Golden Syrup 600g;£1.90/unit;£0.32/100g;Sugar & home baking;baking-ingredients---colourings;310;0.5;77.5;77.5;0;0;null;0.8;
ProductDisplay?storeId=10151&productId=639436&urlRequestType=Base&categoryId=12499&catalogId=10196&langId=44;Rowntree's Fruit Pastilles Froosions 160g;£1.00/unit;£0.63/100g;Confectionery;sweets;351;4.1;82.1;58.2;0;0;0.1;0.30;
ProductDisplay?storeId=10151&productId=642180&urlRequestType=Base&categoryId=12253&catalogId=10122&langId=44;Dr. Oetker Ristorante Margherita 330g;£2.00/unit;£6.06/kg;Pizza & garlic bread;frozen-pizza-garlic-bread;258;10.1;28;3.6;11.3;3.7;null;1.23;
ProductDisplay?storeId=10151&productId=642692&urlRequestType=Base&categoryId=12430&catalogId=10214&langId=44;Jammie Dodgers Biscuits 210g;£1.30/unit;£0.62/100g;Biscuits & crackers;everyday-biscuits-shortbread;420;5.7;72.4;32.0;11.7;5.5;1.6;0.30;
ProductDisplay?storeId=10151&productId=642692&urlRequestType=Base&categoryId=12446&catalogId=10076&langId=44;Jammie Dodgers Biscuits 210g;£1.30/unit;£0.62/100g;Biscuits & crackers;biscuits-crackers-kids-lunchbox;420;5.7;72.4;32.0;11.7;5.5;1.6;0.30;
ProductDisplay?storeId=10151&productId=643260&urlRequestType=Base&categoryId=12648&catalogId=10315&langId=44;Sainsbury's Easy Peeler Family Size 1kg;£2.00/unit;£2.00/kg;Fresh fruit;citrus-fruit;42;0.9;8.7;8.7;0.5;0.1;1.2;0.01;
ProductDisplay?storeId=10151&productId=651620&urlRequestType=Base&categoryId=12213&catalogId=10200&langId=44;Sainsbury's Pollock Fish Fingers x20 600g;£2.00/unit;£3.33/kg;Fish & seafood;frozen-fish-seafood;188;13.0;15.9;0.9;7.9;0.9;0.8;0.78;
ProductDisplay?storeId=10151&productId=651622&urlRequestType=Base&categoryId=12213&catalogId=10241&langId=44;Sainsbury's Pollock Fish Fingers x30 900g;£2.75/unit;£3.06/kg;Fish & seafood;frozen-fish-seafood;188;13.0;15.9;0.9;7.9;0.9;0.8;0.78;
ProductDisplay?storeId=10151&productId=651626&urlRequestType=Base&categoryId=12213&catalogId=10241&langId=44;Sainsbury's Paella Mix 300g;£4.00/unit;£13.33/kg;Fish & seafood;frozen-fish-seafood;275;25.8;1.6;0.5;18.3;4.7;0.5;2.05;
ProductDisplay?storeId=10151&productId=657392&urlRequestType=Base&categoryId=12213&catalogId=10241&langId=44;Sainsbury's Salmon In Cheese Sauce x2 300g;£3.25/unit;£10.83/kg;Fish & seafood;frozen-fish-seafood;202;16.3;6.2;0.6;12.4;6.5;0.5;0.79;
ProductDisplay?storeId=10151&productId=657640&urlRequestType=Base&categoryId=13162&catalogId=10172&langId=44;Paxo Sage & Onion Stuffing 190g;£1.20/unit;£6.32/kg;Cooking ingredients & oils;stuffing;478;3.5;21.8;2.0;1.3;0.6;2.0;1.08;
ProductDisplay?storeId=10151&productId=658314&urlRequestType=Base&categoryId=12453&catalogId=10250&langId=44;Walkers Extra Crunchy BBQ Ribs Crisps 150g;£1.50/unit;£1.00/100g;Crisps, nuts & snacking fruit;crisps;434;6.5;57.6;3.8;19.7;1.6;4.6;1.19;
ProductDisplay?storeId=10151&productId=658316&urlRequestType=Base&categoryId=12453&catalogId=10250&langId=44;Walkers Extra Crunchy Salt & Vinegar 150g;£1.50/unit;£1.00/100g;Crisps, nuts & snacking fruit;crisps;463;6.6;59.9;2.9;20.8;1.7;4.8;1.30;
ProductDisplay?storeId=10151&productId=658318&urlRequestType=Base&categoryId=12453&catalogId=10250&langId=44;Walkers Extra Crunchy Salted Crisps 150g;£1.50/unit;£1.00/100g;Crisps, nuts & snacking fruit;crisps;473;6.8;59.8;0.5;21.8;1.8;5.0;1.22;
ProductDisplay?storeId=10151&productId=660956&urlRequestType=Base&categoryId=12213&catalogId=10118&langId=44;Sainsbury's Pacific Salmon Fishcakes x2 170g;£1.20/unit;£7.06/kg;Fish & seafood;frozen-fish-seafood;211;11.2;17.7;1.2;10.3;1.3;1.4;0.50;
ProductDisplay?storeId=10151&productId=660962&urlRequestType=Base&categoryId=12213&catalogId=10241&langId=44;Sainsbury's Smoked Cod Fishcakes x2 170g;£1.20/unit;£7.06/kg;Fish & seafood;frozen-fish-seafood;190;9.3;16.2;1.3;9.6;1.0;1.2;0.57;
ProductDisplay?storeId=10151&productId=660964&urlRequestType=Base&categoryId=12213&catalogId=10122&langId=44;Sainsbury's Cod Fishcakes x2 170g;£1.20/unit;£7.06/kg;Fish & seafood;frozen-fish-seafood;194;9.6;17.5;1.2;9.2;0.9;1.6;0.49;
ProductDisplay?storeId=10151&productId=660966&urlRequestType=Base&categoryId=12213&catalogId=10122&langId=44;Sainsbury's Raw Patagonian Scallops 200g;£4.00/unit;£20.00/kg;Fish & seafood;frozen-fish-seafood;120;22.5;1.2;0.5;2.7;0.9;0.5;0.83;
ProductDisplay?storeId=10151&productId=660970&urlRequestType=Base&categoryId=12213&catalogId=10241&langId=44;Sainsbury's Salmon Fillets in a Sweet Chilli Sauce x2 300g;£3.25/unit;£10.83/kg;Fish & seafood;frozen-fish-seafood;121;21.3;2.2;2.2;3.0;1.5;0.5;0.54;
ProductDisplay?storeId=10151&productId=661052&urlRequestType=Base&categoryId=12213&catalogId=10122&langId=44;Sainsbury's Breaded Pollock Fillets x4 500g;£2.00/unit;£4.00/kg;Fish & seafood;frozen-fish-seafood;219;13.6;18.7;1.3;9.8;0.7;1.0;0.57;
ProductDisplay?storeId=10151&productId=666238&urlRequestType=Base&categoryId=12213&catalogId=10136&langId=44;Sainsbury's Breaded Msc Scottish Haddock x4 500g;£3.00/unit;£6.00/kg;Fish & seafood;frozen-fish-seafood;252;16.0;20.2;1.3;11.7;0.8;1.3;0.62;
ProductDisplay?storeId=10151&productId=666248&urlRequestType=Base&categoryId=12213&catalogId=10122&langId=44;Sainsbury's Battered Msc Scottish Haddock x4 500g;£3.00/unit;£6.00/kg;Fish & seafood;frozen-fish-seafood;239;13.4;17.4;0.6;12.6;0.9;1.1;0.83;
ProductDisplay?storeId=10151&productId=684716&urlRequestType=Base&categoryId=12213&catalogId=10122&langId=44;Sainsbury's Canadian Whole Raw Lobster, Taste the Difference 380g;£10.00/unit;£26.32/kg;Fish & seafood;frozen-fish-seafood;106;22.2;0.5;0.5;1.8;0.4;0.5;1.32;
ProductDisplay?storeId=10151&productId=686954&urlRequestType=Base&categoryId=12213&catalogId=10122&langId=44;Sainsbury's Cod Loins, Taste the Difference 266g;£3.75/unit;£14.10/kg;Fish & seafood;frozen-fish-seafood;100;22.6;0.5;0.5;1.0;0.2;0.5;0.35;
ProductDisplay?storeId=10151&productId=687848&urlRequestType=Base&categoryId=13242&catalogId=10065&langId=44;Sainsbury's Red Cabbage 300g;£2.00/unit;£6.67/kg;Fresh vegetables;broccoli-cauliflower-cabbage-greens;108;2.1;15.1;14.2;3.6;2.3;3.4;0.65;
ProductDisplay?storeId=10151&productId=687848&urlRequestType=Base&categoryId=13337&catalogId=10122&langId=44;Sainsbury's Red Cabbage 300g;£2.00/unit;£6.67/kg;Prepared & ready to eat;prepared-vegetables;108;2.1;15.1;14.2;3.6;2.3;3.4;0.65;
ProductDisplay?storeId=10151&productId=697206&urlRequestType=Base&categoryId=12213&catalogId=10122&langId=44;Sainsbury's Wild Pink Salmon Side 480g;£5.00/unit;£10.42/kg;Fish & seafood;frozen-fish-seafood;161;18.5;1.0;0.8;9.1;4.5;0.5;0.45;
ProductDisplay?storeId=10151&productId=80604&urlRequestType=Base&categoryId=12432&catalogId=10111&langId=44;McVitie's Jaffa Cakes x12 141g;£1.25/unit;£0.83/100g;Biscuits & crackers;chocolate-biscuits;380;4.9;70.8;52.5;8.0;4.1;2.2;0.24;
ProductDisplay?storeId=10151&productId=80604&urlRequestType=Base&categoryId=12446&catalogId=10076&langId=44;McVitie's Jaffa Cakes x12 141g;£1.25/unit;£0.83/100g;Biscuits & crackers;biscuits-crackers-kids-lunchbox;380;4.9;70.8;52.5;8.0;4.1;2.2;0.24;
ProductDisplay?storeId=10151&productId=811180&urlRequestType=Base&categoryId=12563&catalogId=10315&langId=44;Sainsbury's Strawberries 400g;£2.00/unit;£5.00/kg;Fresh fruit;berries-cherries-currants;33;0.6;6.1;6.1;0.5;0.1;1.0;0.01;
ProductDisplay?storeId=10151&productId=811182&urlRequestType=Base&categoryId=13238&catalogId=10120&langId=44;Sainsbury's Gem Potatoes, Taste the Difference 1kg;£2.00/unit;£2.00/kg;Fresh vegetables;potatoes;76;1.8;14.9;1.1;0.6;0.1;1.8;0.01;
ProductDisplay?storeId=10151&productId=811566&urlRequestType=Base&categoryId=12648&catalogId=10315&langId=44;Sainsbury's Easy Peeler With Leaves, Taste the Difference 500g;£2.00/unit;£4.00/kg;Fresh fruit;citrus-fruit;42;0.9;8.7;8.7;0.5;0.1;1.2;0.01;
ProductDisplay?storeId=10151&productId=817246&urlRequestType=Base&categoryId=13205&catalogId=10122&langId=44;Sainsbury's Kiwi Fruit x6;£1.00/unit;£0.17/ea;Fresh fruit;melon-pineapple-kiwi;55;1.1;11;10;0.5;0.1;1.9;0.5;
ProductDisplay?storeId=10151&productId=84970&urlRequestType=Base&categoryId=12440&catalogId=10856&langId=44;Tracker Chocolate Chip x6 208g;£1.75/unit;£1.12/100g;Biscuits & crackers;cereal-bars-breakfast-biscuits;483;6.7;57.2;30.8;23.7;10.2;null;0.43;
ProductDisplay?storeId=10151&productId=84970&urlRequestType=Base&categoryId=12442&catalogId=10111&langId=44;Tracker Chocolate Chip x6 208g;£1.75/unit;£1.12/100g;Biscuits & crackers;healthier-biscuits-crackers;483;6.7;57.2;30.8;23.7;10.2;null;0.43;
ProductDisplay?storeId=10151&productId=84970&urlRequestType=Base&categoryId=12446&catalogId=10186&langId=44;Tracker Chocolate Chip x6 208g;£1.75/unit;£1.12/100g;Biscuits & crackers;biscuits-crackers-kids-lunchbox;483;6.7;57.2;30.8;23.7;10.2;null;0.43;
ProductDisplay?storeId=10151&productId=84970&urlRequestType=Base&categoryId=12523&catalogId=10856&langId=44;Tracker Chocolate Chip x6 208g;£1.75/unit;£1.12/100g;Breakfast cereals;breakfast-cereal-bars-breakfast-biscuits;483;6.7;57.2;30.8;23.7;10.2;null;0.43;
ProductDisplay?storeId=10151&productId=84972&urlRequestType=Base&categoryId=12440&catalogId=10856&langId=44;Tracker Roast Nut x6 208g;£1.75/unit;£1.12/100g;Biscuits & crackers;cereal-bars-breakfast-biscuits;489;7.8;54.0;28.1;25.1;9.4;null;0.43;
ProductDisplay?storeId=10151&productId=84972&urlRequestType=Base&categoryId=12442&catalogId=10111&langId=44;Tracker Roast Nut x6 208g;£1.75/unit;£1.12/100g;Biscuits & crackers;healthier-biscuits-crackers;489;7.8;54.0;28.1;25.1;9.4;null;0.43;
ProductDisplay?storeId=10151&productId=84972&urlRequestType=Base&categoryId=12446&catalogId=10186&langId=44;Tracker Roast Nut x6 208g;£1.75/unit;£1.12/100g;Biscuits & crackers;biscuits-crackers-kids-lunchbox;489;7.8;54.0;28.1;25.1;9.4;null;0.43;
ProductDisplay?storeId=10151&productId=84972&urlRequestType=Base&categoryId=12523&catalogId=10856&langId=44;Tracker Roast Nut x6 208g;£1.75/unit;£1.12/100g;Breakfast cereals;breakfast-cereal-bars-breakfast-biscuits;489;7.8;54.0;28.1;25.1;9.4;null;0.43;
ProductDisplay?storeId=10151&productId=850952&urlRequestType=Base&categoryId=13361&catalogId=10122&langId=44;Sainsbury's BBQ Pork Ribs 460g;£3.50/unit;£7.61/kg;Pork;pork;254;21.1;13.9;13.6;12.6;5.1;0.5;0.90;
ProductDisplay?storeId=10151&productId=850952&urlRequestType=Base&categoryId=13380&catalogId=10119&langId=44;Sainsbury's BBQ Pork Ribs 460g;£3.50/unit;£7.61/kg;Burgers & BBQ;burgers-bbq;254;21.1;13.9;13.6;12.6;5.1;0.5;0.90;
ProductDisplay?storeId=10151&productId=859722&urlRequestType=Base&categoryId=12214&catalogId=10214&langId=44;Onken Cherry Yogurt 450g;£1.40/unit;£0.31/100g;Yogurts;big-pots-pouring-yogurts;null;null;null;null;null;null;null;null;
ProductDisplay?storeId=10151&productId=859722&urlRequestType=Base&categoryId=12227&catalogId=10138&langId=44;Onken Cherry Yogurt 450g;£1.40/unit;£0.31/100g;Yogurts;diet-low-fat-yogurts;null;null;null;null;null;null;null;null;
ProductDisplay?storeId=10151&productId=87706&urlRequestType=Base&categoryId=12432&catalogId=10111&langId=44;McVitie's Penguin x9 216g;£1.40/unit;£0.65/100g;Biscuits & crackers;chocolate-biscuits;514;5.1;61.1;39.9;27.1;15.4;2.4;0.23;
ProductDisplay?storeId=10151&productId=87706&urlRequestType=Base&categoryId=12446&catalogId=10312&langId=44;McVitie's Penguin x9 216g;£1.40/unit;£0.65/100g;Biscuits & crackers;biscuits-crackers-kids-lunchbox;514;5.1;61.1;39.9;27.1;15.4;2.4;0.23;
ProductDisplay?storeId=10151&productId=94534&urlRequestType=Base&categoryId=12442&catalogId=10138&langId=44;Ryvita Thins Multi Seed 125g;£1.90/unit;£1.52/100g;Biscuits & crackers;healthier-biscuits-crackers;434;16.4;56.2;2.9;14.1;3.3;8.1;1.54;
ProductDisplay?storeId=10151&productId=94534&urlRequestType=Base&categoryId=12444&catalogId=10176&langId=44;Ryvita Thins Multi Seed 125g;£1.90/unit;£1.52/100g;Biscuits & crackers;crackers-savoury-biscuits;434;16.4;56.2;2.9;14.1;3.3;8.1;1.54;
ProductDisplay?storeId=10151&productId=94970&urlRequestType=Base&categoryId=12487&catalogId=10856&langId=44;Maltesers Box 120g;£1.50/unit;£1.25/100g;Confectionery;chocolate;505;8.1;61.7;51.9;24.8;15.2;null;0.41;
ProductDisplay?storeId=10151&productId=94970&urlRequestType=Base&categoryId=12495&catalogId=10198&langId=44;Maltesers Box 120g;£1.50/unit;£1.25/100g;Confectionery;gifting-boxed-chocolate;505;8.1;61.7;51.9;24.8;15.2;null;0.41;
ProductDisplay?storeId=10151&productId=96652&urlRequestType=Base&categoryId=12442&catalogId=10138&langId=44;Ryvita Flatbread Sweet Chilli Thins 125g;£1.90/unit;£1.52/100g;Biscuits & crackers;healthier-biscuits-crackers;405;12.2;73.7;8.9;5.7;0.9;4.8;1.68;
ProductDisplay?storeId=10151&productId=96652&urlRequestType=Base&categoryId=12444&catalogId=10176&langId=44;Ryvita Flatbread Sweet Chilli Thins 125g;£1.90/unit;£1.52/100g;Biscuits & crackers;crackers-savoury-biscuits;405;12.2;73.7;8.9;5.7;0.9;4.8;1.68;
ProductDisplay?storeId=10151&productId=99404&urlRequestType=Base&categoryId=12442&catalogId=10138&langId=44;Ryvita Thins Mature Cheddar & Pepper 125g;£1.90/unit;£1.52/100g;Biscuits & crackers;healthier-biscuits-crackers;418;18.2;62.0;2.4;9.8;5.8;4.6;2.18;
ProductDisplay?storeId=10151&productId=99404&urlRequestType=Base&categoryId=12444&catalogId=10090&langId=44;Ryvita Thins Mature Cheddar & Pepper 125g;£1.90/unit;£1.52/100g;Biscuits & crackers;crackers-savoury-biscuits;418;18.2;62.0;2.4;9.8;5.8;4.6;2.18;
a2-milk-semi-skimmed-1l;a2 Semi Skimmed Milk 1L;£1.35/unit;£1.35/ltr;Fresh milk & eggs;fresh-milk;47;3.4;4.8;4.8;1.7;1.1;null;0.11;
a2-milk-semi-skimmed-1l;a2 Semi Skimmed Milk 1L;£1.35/unit;£1.35/ltr;Fresh milk & eggs;soya---dietary-needs;47;3.4;4.8;4.8;1.7;1.1;null;0.11;
abra-ca-debora-diddy-pancakes-200g;Abra Ca Debora Diddy Pancakes 200g;£1.49/unit;£0.75/100g;Desserts & cream;desserts;375;6.1;40.1;18.2;20.6;9.1;0.9;0.94;
actimel-blueberry-yogurt-8x100g;Actimel Yogurt Drink Blueberry 8x100g;£3.00/unit;£0.38/100g;Yogurts;active-health-yogurts-drinks;4;5;5;13;2;5;0;2;
actimel-blueberry-yogurt-8x100g;Actimel Yogurt Drink Blueberry 8x100g;£3.00/unit;£0.38/100g;Yogurts;breakfast-yogurts;4;5;5;13;2;5;0;2;
actimel-coconut-yogurt-8x100g;Actimel Yogurt Drink Coconut 8x100g;£3.00/unit;£0.38/100g;Yogurts;active-health-yogurts-drinks;81;2.7;12.2;12;1.9;1.3;0.6;0.1;
actimel-coconut-yogurt-8x100g;Actimel Yogurt Drink Coconut 8x100g;£3.00/unit;£0.38/100g;Yogurts;breakfast-yogurts;81;2.7;12.2;12;1.9;1.3;0.6;0.1;
actimel-multi-fruit-12x100g;Actimel Yogurt Drink Multifruit 12x100g;£3.90/unit;£0.33/100g;Yogurts;active-health-yogurts-drinks;null;2.6;12.4;12.2;1.5;1.0;0.5;0.10;
actimel-multi-fruit-12x100g;Actimel Yogurt Drink Multifruit 12x100g;£3.90/unit;£0.33/100g;Yogurts;breakfast-yogurts;null;2.6;12.4;12.2;1.5;1.0;0.5;0.10;
actimel-original-8x100g;Actimel Yogurt Drink Original 8x100g;£3.00/unit;£0.38/100g;Yogurts;active-health-yogurts-drinks;4;6;4;12;2;6;0;2;
actimel-original-8x100g;Actimel Yogurt Drink Original 8x100g;£3.00/unit;£0.38/100g;Yogurts;breakfast-yogurts;4;6;4;12;2;6;0;2;
actimel-rapsberry-yogurt-8x100g;Actimel Yogurt Drink Raspberry 8x100g;£3.00/unit;£0.38/100g;Yogurts;active-health-yogurts-drinks;4;5;5;13;2;5;0;2;
actimel-rapsberry-yogurt-8x100g;Actimel Yogurt Drink Raspberry 8x100g;£3.00/unit;£0.38/100g;Yogurts;breakfast-yogurts;4;5;5;13;2;5;0;2;
actimel-strawberry-yogurt-12x100g;Actimel Yogurt Drink Strawberry 12x100g;£3.90/unit;£0.33/100g;Yogurts;active-health-yogurts-drinks;4;5;5;13;2;5;0;2;
actimel-strawberry-yogurt-12x100g;Actimel Yogurt Drink Strawberry 12x100g;£3.90/unit;£0.33/100g;Yogurts;breakfast-yogurts;4;5;5;13;2;5;0;2;
actimel-vanilla-yogurt-8x100g;Actimel Yogurt Drink Vanilla 8x100g;£3.00/unit;£0.38/100g;Yogurts;active-health-yogurts-drinks;79;2.6;13;12.9;1.5;1.1;0.5;0.1;
actimel-vanilla-yogurt-8x100g;Actimel Yogurt Drink Vanilla 8x100g;£3.00/unit;£0.38/100g;Yogurts;breakfast-yogurts;79;2.6;13;12.9;1.5;1.1;0.5;0.1;
actimel-yogurt-drink--multi-fruits-8x100g;Actimel Yogurt Drink Multifruit 8x100g;£3.00/unit;£0.38/100g;Yogurts;active-health-yogurts-drinks;77;2.6;12.4;12.2;1.5;1.0;0.5;0.1;
actimel-yogurt-drink--multi-fruits-8x100g;Actimel Yogurt Drink Multifruit 8x100g;£3.00/unit;£0.38/100g;Yogurts;breakfast-yogurts;77;2.6;12.4;12.2;1.5;1.0;0.5;0.1;
actimel-yogurt-drink-kids-strawberry---raspberry-6x100g;Actimel Yogurt Drink Kids Strawberry & Raspberry 6x100g;£1.50/unit;£0.25/100g;Yogurts;active-health-yogurts-drinks;74;3.3;11.4;11.2;1.3;0.9;0.5;0.1;
actimel-yogurt-drink-kids-strawberry---raspberry-6x100g;Actimel Yogurt Drink Kids Strawberry & Raspberry 6x100g;£1.50/unit;£0.25/100g;Yogurts;breakfast-yogurts;74;3.3;11.4;11.2;1.3;0.9;0.5;0.1;
actimel-yogurt-drink-kids-strawberry---raspberry-6x100g;Actimel Yogurt Drink Kids Strawberry & Raspberry 6x100g;£1.50/unit;£0.25/100g;Yogurts;kids-yogurts;74;3.3;11.4;11.2;1.3;0.9;0.5;0.1;
actimel-yogurt-drink-kids-strawberry---vanilla-yoghurt-6x100g;Actimel Yogurt Drink Kids Strawberry & Vanilla Yoghurt 6x100g;£1.50/unit;£0.25/100g;Yogurts;active-health-yogurts-drinks;74;3.3;11.5;11.2;1.3;0.9;0.5;0.1;
actimel-yogurt-drink-kids-strawberry---vanilla-yoghurt-6x100g;Actimel Yogurt Drink Kids Strawberry & Vanilla Yoghurt 6x100g;£1.50/unit;£0.25/100g;Yogurts;breakfast-yogurts;74;3.3;11.5;11.2;1.3;0.9;0.5;0.1;
actimel-yogurt-drink-kids-strawberry---vanilla-yoghurt-6x100g;Actimel Yogurt Drink Kids Strawberry & Vanilla Yoghurt 6x100g;£1.50/unit;£0.25/100g;Yogurts;kids-yogurts;74;3.3;11.5;11.2;1.3;0.9;0.5;0.1;
actimel-yogurt-drink-kids-strawberry-6x100g;Actimel Yogurt Drink Kids Strawberry 6x100g;£1.50/unit;£0.25/100g;Yogurts;active-health-yogurts-drinks;74;3.3;11.4;11.2;1.3;0.9;0.5;0.1;
actimel-yogurt-drink-kids-strawberry-6x100g;Actimel Yogurt Drink Kids Strawberry 6x100g;£1.50/unit;£0.25/100g;Yogurts;breakfast-yogurts;74;3.3;11.4;11.2;1.3;0.9;0.5;0.1;
actimel-yogurt-drink-kids-strawberry-6x100g;Actimel Yogurt Drink Kids Strawberry 6x100g;£1.50/unit;£0.25/100g;Yogurts;kids-yogurts;74;3.3;11.4;11.2;1.3;0.9;0.5;0.1;
actimel-yogurt-drink-ltd-edition-%28flavour-may-vary%29-8x100g;Actimel Yogurt Drink Ltd Edition, Honey and Lemon 8x100g;£3.00/unit;£0.38/100g;Yogurts;active-health-yogurts-drinks;4;5;5;13;2;5;0;2;
actimel-yogurt-drink-ltd-edition-%28flavour-may-vary%29-8x100g;Actimel Yogurt Drink Ltd Edition, Honey and Lemon 8x100g;£3.00/unit;£0.38/100g;Yogurts;breakfast-yogurts;4;5;5;13;2;5;0;2;
actimel-yogurt-drink-strawberry---blueberry-12x100g;Actimel Yogurt Drink Strawberry & Blueberry 12x100g;£3.90/unit;£0.33/100g;Yogurts;active-health-yogurts-drinks;4;5;5;13;2;5;0;2;
actimel-yogurt-drink-strawberry-8x100g;Actimel Yogurt Drink Strawberry 8x100g;£3.00/unit;£0.38/100g;Yogurts;active-health-yogurts-drinks;4;5;5;13;2;5;0;2;
actimel-yogurt-drink-strawberry-8x100g;Actimel Yogurt Drink Strawberry 8x100g;£3.00/unit;£0.38/100g;Yogurts;breakfast-yogurts;4;5;5;13;2;5;0;2;
activia-bio-yogurt-fig-4x125g;Activia Fig Yogurt 4x125g;£2.00/unit;£0.40/100g;Yogurts;active-health-yogurts-drinks;99;3.6;13.4;13.3;3.4;2.3;0.2;0.1;
activia-bio-yogurt-prunes-fruit-layer-4x125g;Activia Prune Fruit Layer Yogurt 4x125g;£2.30/unit;£0.46/100g;Yogurts;active-health-yogurts-drinks;100;3.6;13.2;12.3;3.4;2.3;null;0.1;
activia-bio-yogurt-prunes-fruit-layer-4x125g;Activia Prune Fruit Layer Yogurt 4x125g;£2.30/unit;£0.46/100g;Yogurts;diet-low-fat-yogurts;100;3.6;13.2;12.3;3.4;2.3;null;0.1;
activia-bio-yogurt-rhubarb-4x125g;Activia Rhubarb Yogurt 4x125g;£2.00/unit;£0.40/100g;Yogurts;active-health-yogurts-drinks;97;3.5;13.2;12.8;3.3;2.3;0.3;0.2;
activia-bio-yogurt-strawberry-4x125g;Activia Strawberry Yogurt 4x125g;£2.00/unit;£0.40/100g;Yogurts;active-health-yogurts-drinks;99;3.6;13.6;13.3;3.3;2.3;0.2;0.1;
activia-bio-yogurt-with-cereal-4x120g;Activia With Cereal Yogurt 4x120g;£2.00/unit;£0.42/100g;Yogurts;active-health-yogurts-drinks;104;3.7;14.2;13.4;3.5;2.4;0.3;0.2;
activia-bio-yogurt-with-cereal-4x120g;Activia With Cereal Yogurt 4x120g;£2.00/unit;£0.42/100g;Yogurts;breakfast-yogurts;104;3.7;14.2;13.4;3.5;2.4;0.3;0.2;
activia-fat-free-red-fruit-yogurt-8x125g;Activia 0% Fat Mixed Red Fruits Yogurt 8x125g;£2.00/unit;£0.20/100g;Yogurts;active-health-yogurts-drinks;56;4.7;9;8.6;0.1;0;0.4;0.2;
activia-fat-free-red-fruit-yogurt-8x125g;Activia 0% Fat Mixed Red Fruits Yogurt 8x125g;£2.00/unit;£0.20/100g;Yogurts;diet-low-fat-yogurts;56;4.7;9;8.6;0.1;0;0.4;0.2;
activia-fat-free-vanilla-4x125g;Activia 0% Fat Vanilla Yogurt 4x125g;£2.00/unit;£0.40/100g;Yogurts;active-health-yogurts-drinks;54;4.9;7.9;7.6;0.1;0;0.9;0.2;
activia-fat-free-vanilla-4x125g;Activia 0% Fat Vanilla Yogurt 4x125g;£2.00/unit;£0.40/100g;Yogurts;diet-low-fat-yogurts;54;4.9;7.9;7.6;0.1;0;0.9;0.2;
activia-fat-free-yellow-fruits-8x125g;Activia 0% Fat Mixed Yellow Fruits Yogurt 8x125g;£2.00/unit;£0.20/100g;Yogurts;active-health-yogurts-drinks;54;4.6;8.7;8.5;0.1;0;0.1;0.2;
activia-fat-free-yellow-fruits-8x125g;Activia 0% Fat Mixed Yellow Fruits Yogurt 8x125g;£2.00/unit;£0.20/100g;Yogurts;diet-low-fat-yogurts;54;4.6;8.7;8.5;0.1;0;0.1;0.2;
activia-fat-free-yogurt-cherry-4x125g;Activia 0% Fat Cherry Yogurt 4x125g;£2.00/unit;£0.40/100g;Yogurts;active-health-yogurts-drinks;59;4.7;9.7;9.2;0.1;0.1;null;0.1;
activia-fat-free-yogurt-cherry-4x125g;Activia 0% Fat Cherry Yogurt 4x125g;£2.00/unit;£0.40/100g;Yogurts;diet-low-fat-yogurts;59;4.7;9.7;9.2;0.1;0.1;null;0.1;
activia-fat-free-yogurt-peach-4x125g;Activia 0% Fat Peach Yogurt 4x125g;£2.00/unit;£0.40/100g;Yogurts;active-health-yogurts-drinks;56;4.7;9.0;8.7;0.1;0;null;0.2;
activia-fat-free-yogurt-peach-4x125g;Activia 0% Fat Peach Yogurt 4x125g;£2.00/unit;£0.40/100g;Yogurts;diet-low-fat-yogurts;56;4.7;9.0;8.7;0.1;0;null;0.2;
activia-fibre-yogurt-171g;Activia Natural Yogurt with Fibre Topper 171g;£1.00/unit;£0.58/100g;Yogurts;active-health-yogurts-drinks;101;64;155;117;07;02;37;027;
activia-fibre-yogurt-171g;Activia Natural Yogurt with Fibre Topper 171g;£1.00/unit;£0.58/100g;Yogurts;breakfast-yogurts;101;64;155;117;07;02;37;027;
activia-fibre-yogurt-171g;Activia Natural Yogurt with Fibre Topper 171g;£1.00/unit;£0.58/100g;Yogurts;diet-low-fat-yogurts;101;64;155;117;07;02;37;027;
activia-fusions-blueberry---acai-yogurt-4x125g;Activia Fusions Blueberry & Acai Yogurt 4x125g;£2.30/unit;£0.46/100g;Yogurts;active-health-yogurts-drinks;100;3.5;13.3;12.8;3.5;2.3;null;0.1;
activia-fusions-mango---passionfruit-yogurt-4x125g;Activia Fusions Mango & Passionfruit Yogurt 4x125g;£2.30/unit;£0.46/100g;Yogurts;active-health-yogurts-drinks;101;3.6;13.6;13.1;3.4;2.3;null;0.1;
activia-fusions-raspbery---lychee-yogurt-4x125g;Activia Fusions Raspbery & Lychee Yogurt 4x125g;£2.30/unit;£0.46/100g;Yogurts;active-health-yogurts-drinks;102;3.6;13.7;13.1;3.4;2.3;null;0.1;
activia-garden-fruits-yogurts-8x125g;Activia Garden Fruits Yogurts 8x125g;£2.00/unit;£0.20/100g;Yogurts;active-health-yogurts-drinks;98;3.6;13.3;13.0;3.4;2.4;0.4;0.2;
activia-intensely-creamy-apricot---nectarine-yoghurt-4x110g;Activia Intensely Creamy Apricot & Nectarine Yoghurt 4x110g;£2.40/unit;£0.55/100g;Yogurts;diet-low-fat-yogurts;99;5.0;12.8;12.5;3.0;2.1;0.2;0.1;
activia-intensely-creamy-apricot---nectarine-yoghurt-4x110g;Activia Intensely Creamy Apricot & Nectarine Yoghurt 4x110g;£2.40/unit;£0.55/100g;Yogurts;luxury-yogurts;99;5.0;12.8;12.5;3.0;2.1;0.2;0.1;
activia-intensely-creamy-bluebrry-4x110g;Activia Intensely Creamy Blueberry Yogurt 4x110g;£2.40/unit;£0.55/100g;Yogurts;diet-low-fat-yogurts;102;5.0;13.4;13.2;3.0;2.1;0.5;0.1;
activia-intensely-creamy-bluebrry-4x110g;Activia Intensely Creamy Blueberry Yogurt 4x110g;£2.40/unit;£0.55/100g;Yogurts;luxury-yogurts;102;5.0;13.4;13.2;3.0;2.1;0.5;0.1;
activia-intensely-creamy-orange---passionfruit-yogurt-4x110g;Activia Intensely Creamy Orange & Passionfruit Yogurt 4x110g;£2.40/unit;£0.55/100g;Yogurts;diet-low-fat-yogurts;99;5.0;12.8;12.5;3.0;2.1;0.2;0.1;
activia-intensely-creamy-orange---passionfruit-yogurt-4x110g;Activia Intensely Creamy Orange & Passionfruit Yogurt 4x110g;£2.40/unit;£0.55/100g;Yogurts;luxury-yogurts;99;5.0;12.8;12.5;3.0;2.1;0.2;0.1;
activia-intensely-creamy-peach-4x110g;Activia Intensely Creamy Peach & Cream Yogurt 4x110g;£2.40/unit;£240.00/100g;Yogurts;diet-low-fat-yogurts;98;5.0;12.7;12.4;3.0;2.1;0.3;0.1;
activia-intensely-creamy-peach-4x110g;Activia Intensely Creamy Peach & Cream Yogurt 4x110g;£2.40/unit;£240.00/100g;Yogurts;luxury-yogurts;98;5.0;12.7;12.4;3.0;2.1;0.3;0.1;
activia-intensely-creamy-pear-apple-yoghurt-4x110g;Activia Intensely Creamy Pear Apple Yoghurt 4x110g;£2.40/unit;£0.55/100g;Yogurts;diet-low-fat-yogurts;100;5.0;13.0;12.7;3.0;2.1;0.3;0.1;
activia-intensely-creamy-pear-apple-yoghurt-4x110g;Activia Intensely Creamy Pear Apple Yoghurt 4x110g;£2.40/unit;£0.55/100g;Yogurts;luxury-yogurts;100;5.0;13.0;12.7;3.0;2.1;0.3;0.1;
activia-intensely-creamy-raspberry-4x110g;Activia Intensely Creamy Raspberries & Cream Yogurt  4x110g;£2.40/unit;£0.55/100g;Yogurts;diet-low-fat-yogurts;99;5.0;12.7;12.5;3.0;2.1;0.7;0.1;
activia-intensely-creamy-raspberry-4x110g;Activia Intensely Creamy Raspberries & Cream Yogurt  4x110g;£2.40/unit;£0.55/100g;Yogurts;luxury-yogurts;99;5.0;12.7;12.5;3.0;2.1;0.7;0.1;
activia-intensely-creamy-strawberry-4x110g;Activia Intensely Creamy Strawberry Yogurt 4x110g;£2.40/unit;£0.55/100g;Yogurts;diet-low-fat-yogurts;109;5.5;14.3;14.0;3.3;2.3;0.2;0.1;
activia-intensely-creamy-strawberry-4x110g;Activia Intensely Creamy Strawberry Yogurt 4x110g;£2.40/unit;£0.55/100g;Yogurts;luxury-yogurts;109;5.5;14.3;14.0;3.3;2.3;0.2;0.1;
activia-intensely-creamy-vanilla-4x110g;Activia Intensely Creamy Vanilla Yogurt 4x110g;£2.40/unit;£0.55/100g;Yogurts;diet-low-fat-yogurts;98;5.0;12.8;12.4;3.0;2.1;0.1;0.1;
activia-intensely-creamy-vanilla-4x110g;Activia Intensely Creamy Vanilla Yogurt 4x110g;£2.40/unit;£0.55/100g;Yogurts;luxury-yogurts;98;5.0;12.8;12.4;3.0;2.1;0.1;0.1;
activia-lemon---lime-yogurts-4x125g;Activia Lemon & Lime Yogurts 4x125g;£1.85/unit;£0.37/100g;Yogurts;active-health-yogurts-drinks;55;4.9;8.5;8.3;0.1;0;0.1;0.2;
activia-mango-4x125g;Activia Mango Yogurt 4x125g;£2.00/unit;£0.40/100g;Yogurts;active-health-yogurts-drinks;99;3.5;13.5;13.3;3.4;2.3;0.2;0.2;
activia-mango-4x125g;Activia Mango Yogurt 4x125g;£2.00/unit;£0.40/100g;Yogurts;diet-low-fat-yogurts;99;3.5;13.5;13.3;3.4;2.3;0.2;0.2;
activia-natural-yogurt-low-fat-500g;Activia Low Fat Natural Yogurt 500g;£1.20/unit;£0.24/100g;Yogurts;active-health-yogurts-drinks;62;3.6;6.1;6.1;1.9;1.3;0.0;0.2;
activia-natural-yogurt-low-fat-500g;Activia Low Fat Natural Yogurt 500g;£1.20/unit;£0.24/100g;Yogurts;big-pots-pouring-yogurts;62;3.6;6.1;6.1;1.9;1.3;0.0;0.2;
activia-natural-yogurt-low-fat-500g;Activia Low Fat Natural Yogurt 500g;£1.20/unit;£0.24/100g;Yogurts;diet-low-fat-yogurts;62;3.6;6.1;6.1;1.9;1.3;0.0;0.2;
activia-natural-yogurt-low-fat-500g;Activia Low Fat Natural Yogurt 500g;£1.20/unit;£0.24/100g;Yogurts;natural-greek-yogurts;62;3.6;6.1;6.1;1.9;1.3;0.0;0.2;
activia-pear-yogurts-4x125g;Activia Pear Yogurt 4x125g;£2.00/unit;£0.40/100g;Yogurts;active-health-yogurts-drinks;100;3.5;13.9;13.6;3.3;2.3;0.3;2.0;
activia-weekly-red-fruits-yogurt-8x125g;Activia Mixed Red Fruits Yogurt 8x125g;£2.00/unit;£0.20/100g;Yogurts;active-health-yogurts-drinks;98;3.6;13.1;12.6;3.3;2.3;0.8;0.1;
activia-weekly-yellow-fruits-8x125g;Activia Mixed Yellow Fruits Yogurt 8x125g;£2.00/unit;£0.20/100g;Yogurts;active-health-yogurts-drinks;99;3.5;13.5;13.3;3.4;2.3;0.2;0.2;
admiral-anchovy-paste-56g;Admiral Anchovy Paste 56g;£1.10/unit;£1.96/100g;Canned, tinned & packaged foods;canned-tinned-packaged-fish;150;21.9;1.8;null;5.3;null;null;null;
admiral-anchovy-paste-56g;Admiral Anchovy Paste 56g;£1.10/unit;£1.96/100g;Cooking ingredients & oils;cooking-pastes;150;21.9;1.8;null;5.3;null;null;null;
aero-biscuit-peppermint-x7-179g;Aero Biscuit Peppermint 7x17.9g;£1.40/unit;£1.12/100g;Biscuits & crackers;biscuits-crackers-kids-lunchbox;534;6.0;60.5;54.9;29.3;16.9;1.7;0.30;
aero-biscuit-peppermint-x7-179g;Aero Biscuit Peppermint 7x17.9g;£1.40/unit;£1.12/100g;Biscuits & crackers;chocolate-biscuits;534;6.0;60.5;54.9;29.3;16.9;1.7;0.30;
aero-biscuits-7-pack;Aero Biscuits 7x17.9g;£1.40/unit;£1.12/100g;Biscuits & crackers;biscuits-crackers-kids-lunchbox;null;null;null;null;null;null;null;null;
aero-biscuits-7-pack;Aero Biscuits 7x17.9g;£1.40/unit;£1.12/100g;Biscuits & crackers;chocolate-biscuits;null;null;null;null;null;null;null;null;
aero-bubbly-egg-24g;Aero Bubbly Egg 24g;£0.60/unit;£2.50/100g;Confectionery;chocolate;541;6.5;57.8;56.2;30.8;18.0;2.2;0.21;
aero-bubbly-egg-24g;Aero Bubbly Egg 24g;£0.60/unit;£2.50/100g;Confectionery;easter-eggs;541;6.5;57.8;56.2;30.8;18.0;2.2;0.21;
aero-bubbly-minty-chocolate-mouse-4x59g;Aero Mousse Mint Chocolate 4x59g;£1.40/unit;£0.59/100g;Yogurts;rice-dessert-style-yogurts;null;null;null;null;null;null;null;null;
aero-collection-extra-large-egg-320g-7609348-p-44;Aero Collection Extra Large Egg 320g;£6.00/unit;£1.88/100g;Confectionery;easter-eggs;538;5.1;61.9;61.0;29.5;17.2;1.4;0.18;
aero-finesse-milk-chocolate-mousse-4x57g;Aero Finesse Mousse Milk Chocolate 4x57g;£1.00/unit;£0.44/100g;Yogurts;rice-dessert-style-yogurts;null;null;null;null;null;null;null;null;
aero-milk-120g;Aero Milk 120g;£1.00/unit;£0.84/100g;Confectionery;chocolate;null;null;null;null;null;null;null;null;
aero-milk-chocolate--4x27g;Aero Milk Chocolate  4x27g;£1.50/unit;£1.39/100g;Confectionery;chocolate;539;6.5;57.8;56.2;30.8;17.6;2.2;0.21;
aero-milk-chocolate-mousse-4x59g;Aero Mousse, Milk Chocolate 4x59g;£1.40/unit;£0.59/100g;Yogurts;rice-dessert-style-yogurts;null;null;null;null;null;null;null;null;
aero-mint-120g;Aero Mint 120g;£1.00/unit;£0.84/100g;Confectionery;chocolate;null;null;null;null;null;null;null;null;
aero-mint-chocolate-4x27g;Aero Mint Chocolate 4x27g;£1.50/unit;£1.39/100g;Confectionery;chocolate;539;5.4;60.8;60.0;30.1;17.9;1.1;0.28;
aero-mousse-ltd-edition-4x58g;Aero Mousse Ltd Edition 4x58g;£1.40/unit;£0.60/100g;Yogurts;rice-dessert-style-yogurts;null;null;null;null;null;null;null;null;
aero-peppermint-bubbles-pouch-113g;Aero Peppermint Bubbles Pouch 113g;£1.00/unit;£0.89/100g;Confectionery;chocolate;538;4.8;62.2;61.8;29.7;18.2;0.8;0.28;
aero-peppermint-bubbly-bar-40g;Aero Peppermint Bubbly Bar 40g;£0.60/unit;£1.50/100g;Confectionery;chocolate;539;5.2;61.3;60.6;30.0;18.1;1.0;0.28;
aero-split-pots-4x115g;Aero Split Pots 4x115g;£2.19/unit;£0.48/100g;Yogurts;rice-dessert-style-yogurts;162;4.6;18.1;17.6;7.9;5.1;null;0.2;
after-eight-giant-egg-500g;After Eight Giant Easter Egg 500g;£8.00/unit;£1.60/100g;Confectionery;easter-eggs;547;5.5;51.8;46.7;33.8;19.0;7.1;0.08;
after-eight-mousse-4x57g;After Eight Mousse 4x57g;£1.00/unit;£0.44/100g;Yogurts;rice-dessert-style-yogurts;null;null;null;null;null;null;null;null;
agapanthus-alba;Sainsbury's Agapanthus White;£3.00/unit;£3.00/ea;Flowers & seeds;flowers---seeds;null;null;null;null;null;null;null;null;
agapanthus-blue;Sainsbury's Agapanthus Blue x2;£3.00/unit;£3.00/ea;Flowers & seeds;flowers---seeds;null;null;null;null;null;null;null;null;
ainsley-harriott-aromatic-thai-chicken---lemongrass-cup-soup-x3-69g;Ainsley Harriott Aromatic Thai Chicken & Lemongrass Cup Soup x3 69g;£0.90/unit;£1.30/100g;Canned, tinned & packaged foods;soups;41;0.5;7.2;1.4;1.1;0.9;0.2;0.63;
ainsley-harriott-broccoli---stilton-cup-soup-x3-70g;Ainsley Harriott Broccoli & Stilton Cup Soup x3 70g;£0.90/unit;£1.25/100g;Canned, tinned & packaged foods;soups;null;null;null;null;null;null;null;null;
ainsley-harriott-cream-of-garden-vegetable-cup-soup-x3-72g;Ainsley Harriott Cream Of Garden Vegetable Cup Soup x3 72g;£0.90/unit;£1.25/100g;Canned, tinned & packaged foods;soups;39;0.6;4.9;1.2;1.5;0.8;1.7;0.77;
ainsley-harriott-cream-of-mushrooms-cup-soup-x3-75g;Ainsley Harriott Cream Of Mushrooms Cup Soup x3 75g;£0.90/unit;£1.20/100g;Canned, tinned & packaged foods;soups;45;0.3;7.5;1.5;1.3;0.7;0.6;0.63;
ainsley-harriott-east-indian-mulligatawny-cup-soup-x3-87g;Ainsley Harriott East Indian Mulligatawny Cup Soup x3 87g;£0.90/unit;£1.03/100g;Canned, tinned & packaged foods;soups;48;0.7;9.7;2.2;0.6;0.3;0.3;0.48;
ainsley-harriott-everyday-classics-wild-mushroom-risotto-120g;Ainsley Harriott Wild Mushroom Risotto 120g;£1.00/unit;£8.33/kg;Rice, pasta & noodles;rice-12592-44;164;3.0;26.8;0.8;4.6;2.7;1.6;null;
ainsley-harriott-moroccan-medley-cous-cous-100g-7432030-p-44;Ainsley Harriott Moroccan Medley Cous Cous 100g;£0.50/unit;£5.00/kg;Rice, pasta & noodles;couscous-grains;137;5.4;25.4;2.6;1.5;0.3;2.2;null;
ainsley-harriott-red-onion-cous-cous-100g;Ainsley Harriott Red Onion Cous Cous 100g;£0.50/unit;£5.00/kg;Rice, pasta & noodles;couscous-grains;139;4.4;27.1;3.5;1.0;0.3;2.2;0.70;
ainsley-harriott-roast-vegetable-cous-cous-100g;Ainsley Harriott Roast Vegetable Cous Cous 100g;£0.50/unit;£5.00/kg;Rice, pasta & noodles;couscous-grains;144;5.3;27.4;3.4;1.2;0.3;1.5;null;
ainsley-harriott-scottish-chicken---leek-cup-soup-x3-60g;Ainsley Harriott Scottish Chicken & Leek Cup Soup x3 60g;£0.90/unit;£1.50/100g;Canned, tinned & packaged foods;soups;31;0.4;6.8;1.7;0.2;0.1;0.4;0.53;
ainsley-harriott-shropshire-pea-cup-soup-x3-81g;Ainsley Harriott Shropshire Pea Cup Soup x3 81g;£0.90/unit;£1.11/100g;Canned, tinned & packaged foods;soups;54;0.8;9.7;3.2;1.2;1.0;0.8;0.62;
ainsley-harriott-spice-sensation-cous-cous-100g;Ainsley Harriott Spice Sensation Cous Cous 100g;£0.50/unit;£5.00/kg;Canned, tinned & packaged foods;pulses-beans;138;5.1;25.4;3.4;1.1;0.2;2.7;null;
ainsley-harriott-spice-sensation-cous-cous-100g;Ainsley Harriott Spice Sensation Cous Cous 100g;£0.50/unit;£5.00/kg;Rice, pasta & noodles;couscous-grains;138;5.1;25.4;3.4;1.1;0.2;2.7;null;
ainsley-harriott-szechuan-hot---sour-cup-soup-x3-60g;Ainsley Harriott Szechuan Hot & Sour Cup Soup x3 60g;£0.90/unit;£1.50/100g;Canned, tinned & packaged foods;soups;30;0.4;6.7;4.4;0.1;0.1;0.4;0.72;
ainsley-harriott-tabbouleh-cous-cous-100g;Ainsley Harriott Tabbouleh Cous Cous 100g;£0.50/unit;£5.00/kg;Rice, pasta & noodles;couscous-grains;133;4.7;25.4;0.6;1.0;0.2;1.8;0.25;
ainsley-harriott-tomato---garlic-cous-cous-100g;Ainsley Harriott Tomato & Garlic Cous Cous 100g;£0.50/unit;£5.00/kg;Rice, pasta & noodles;couscous-grains;141;5.1;26.9;3.2;0.9;0.3;2.2;0.67;
ainsley-harriott-tomato---mascarpone-risotto-120g;Ainsley Harriott Tomato & Mascarpone Risotto 120g;£1.00/unit;£8.33/kg;Rice, pasta & noodles;rice-12592-44;163;2.5;25.3;1.9;5.4;3.3;1.6;null;
ainsley-harriott-tomato-chilli-cous-cous-100g;Ainsley Harriott Tomato Chilli Cous Cous 100g;£0.50/unit;£5.00/kg;Rice, pasta & noodles;couscous-grains;145;5.1;28.3;2.7;1.0;0.3;1.3;0.64;
ainsley-harriott-vegetable-chowder-cup-soup-x3-75g;Ainsley Harriott Vegetable Chowder Cup Soup x3 75g;£0.90/unit;£1.20/100g;Canned, tinned & packaged foods;soups;41;0.5;7.3;1.7;1.0;0.5;0.6;0.85;
airwaves-blackcurrant-gum;Airwaves Blackcurrant Gum;£0.45/unit;£3.21/100g;Confectionery;mints-chewing-gum;null;null;null;null;null;null;null;null;
airwaves-chewing-gum--menthol---eucalyptus-x46;Airwaves Menthol & Eucalyptus Gum 64g;£2.00/unit;£0.04/ea;Confectionery;mints-chewing-gum;null;null;null;null;null;null;null;null;
alf-turner-dragons-scotch-egg-120g;Alf Turner Dragons Scotch Egg 120g;£1.00/unit;£0.83/100g;Pies, pasties & quiche;sausage-rolls-savouries;246;15.0;11.0;0.4;15.6;4.4;1.0;1.18;
alf-turner-dragons-scotch-egg-120g;Alf Turner Dragons Scotch Egg 120g;£1.00/unit;£0.83/100g;Soup & lunchtime snacks;lunchtime-snacks;246;15.0;11.0;0.4;15.6;4.4;1.0;1.18;
alf-turners-best-of-british-sausages-x8-400g;Alf Turner Best of British Premium Pork Sausages x6 400g;£2.50/unit;£6.25/kg;Sausages;sausages;208;12.5;10.7;4.6;12.1;4.6;1.7;1.50;
alf-turners-hair-of-the-hog-sausages-x8-400g;Alf Turner Hair of the Hog Premium Pork Sausages x6 400g;£2.50/unit;£6.25/kg;Sausages;sausages;198;14.9;12.1;1.8;10.4;3.8;1.7;1.40;
alfa-1-rice-bran-oil-500ml;Alfa One Rice Bran Oil 500ml;£2.00/unit;£0.40/100ml;Cooking ingredients & oils;oils;813;null;null;null;92;21;null;null;
allinson-country-grain-bread-flour-1kg;Allinson Country Grain Bread Flour 1kg;£1.40/unit;£1.40/kg;Sugar & home baking;flour;357;12;70;0;1.8;0.4;4.9;0.03;
allinson-dried-active-baking-yeast-125g;Allinson Dried Active Baking Yeast 125g;£0.65/unit;£5.20/kg;Sugar & home baking;baking-ingredients---colourings;null;null;null;null;null;null;null;null;
allinson-dried-active-baking-yeast-125g;Allinson Dried Active Baking Yeast 125g;£0.65/unit;£5.20/kg;Sugar & home baking;flour;null;null;null;null;null;null;null;null;
allinson-easy-bake-yeast-100g;Allinson Easy Bake Yeast 100g;£1.00/unit;£10.00/kg;Sugar & home baking;baking-ingredients---colourings;null;null;null;null;null;null;null;null;
allinson-easy-bake-yeast-100g;Allinson Easy Bake Yeast 100g;£1.00/unit;£10.00/kg;Sugar & home baking;flour;null;null;null;null;null;null;null;null;
allinson-nature-friendly-plain-white-flour-1kg;Allinson Nature Friendly Plain White Flour 1kg;£1.50/unit;£1.50/kg;Sugar & home baking;flour;357;9.9;74;0;1.7;0.3;3.8;0.03;
allinson-nature-friendly-self-raising-white-flour-1kg;Allinson Nature Friendly Self-Raising White Flour 1kg;£1.50/unit;£1.50/kg;Sugar & home baking;flour;352;9.8;73;0.5;1.6;0.3;3.2;0.66;
allinson-premium-very-strong-white-bread-flour-15kg;Allinson Premium Very Strong White Bread Flour 1.5kg;£1.80/unit;£1.20/kg;Sugar & home baking;flour;351;14;67;0.2;2.1;0.4;3.6;0.03;
allinson-seed---grain-bread-flour-1kg;Allinson Seed & Grain Bread Flour 1kg;£1.40/unit;£1.40/kg;Sugar & home baking;flour;344;11.5;66.7;1.4;2.3;0.4;5.2;0;
allinson-strong-white-bread-flour-15kg;Allinson Strong White Bread Flour 1.5kg;£1.80/unit;£1.20/kg;Sugar & home baking;flour;348;12;70;0;1.7;0.3;3.3;0.03;
allinson-wholemeal-bread-400g;Allinson Wholemeal Bread 400g;£0.80/unit;£0.20/100g;Bread;small-loaves;231;10.6;37.2;2.8;2.8;0.5;7.2;1.00;
allinson-wholemeal-bread-400g;Allinson Wholemeal Bread 400g;£0.80/unit;£0.20/100g;Bread;wholemeal-brown-bread;231;10.6;37.2;2.8;2.8;0.5;7.2;1.00;
allinson-wholemeal-medium-batch-bread-800g;Allinson Wholemeal Batch Bread, Medium Sliced 800g;£1.50/unit;£0.19/100g;Bread;wholemeal-brown-bread;233;10.5;37.0;2.9;3.2;0.6;7.1;1.00;
allinson-wholemeal-plain-flour-1kg;Allinson Wholemeal Plain Flour 1kg;£1.50/unit;£1.50/kg;Sugar & home baking;flour;350;12;65;0.8;2.6;0.5;10;0.03;
allinson-wholemeal-self-raising-flour-1kg;Allinson Wholemeal Self Raising Flour 1kg;£1.50/unit;£1.50/kg;Sugar & home baking;flour;326;11;60;0.5;2.4;0.4;10;1.1;
allinsons-premium-very-strong-wholemeal-bread-flour-15kg;Allinson Premium Very Strong Wholemeal Bread Flour 1.5kg;£1.80/unit;£1.20/kg;Sugar & home baking;flour;333;13;59;0.7;2.5;0.5;11;0.03;
almondy-daim-tarta-400g-%28serves-6%29;Almondy Almond Tarta With Daim 400g (Serves 6);£3.00/unit;£0.75/100g;Ice cream & desserts;frozen-cold-desserts;460;9.5;44;35;27;11;null;0.5;
alpen--no-added-sugar-11kg;Alpen, No Added Sugar 1.1kg;£4.00/unit;£0.36/100g;Breakfast cereals;bigger-packs;375;11;65;16;6.2;0.9;7.8;0.29;
alpen--no-added-sugar-11kg;Alpen, No Added Sugar 1.1kg;£4.00/unit;£0.36/100g;Breakfast cereals;muesli-granola-clusters;375;11;65;16;6.2;0.9;7.8;0.29;
alpen-bbry--cran--yog-bar-5x29g;Alpen B'bry, Cran, Yog Bar 5x29g;£2.00/unit;£1.38/100g;Biscuits & crackers;cereal-bars-breakfast-biscuits;422;4.8;74.7;34.9;11.0;6.3;2.5;0.15;
alpen-bbry--cran--yog-bar-5x29g;Alpen B'bry, Cran, Yog Bar 5x29g;£2.00/unit;£1.38/100g;Breakfast cereals;breakfast-cereal-bars-breakfast-biscuits;422;4.8;74.7;34.9;11.0;6.3;2.5;0.15;
alpen-coconut---milk-bars-5x29g;Alpen Coconut & Chocolate Bars 5x29g;£2.00/unit;£1.38/100g;Biscuits & crackers;cereal-bars-breakfast-biscuits;432;6.9;66.0;28.0;15.6;7.9;3.9;0.17;
alpen-coconut---milk-bars-5x29g;Alpen Coconut & Chocolate Bars 5x29g;£2.00/unit;£1.38/100g;Breakfast cereals;breakfast-cereal-bars-breakfast-biscuits;432;6.9;66.0;28.0;15.6;7.9;3.9;0.17;
alpen-fruit---nut-bar-multipack-135g;Alpen Fruit & Nut Bars 5x28g;£2.00/unit;£1.43/100g;Biscuits & crackers;cereal-bars-breakfast-biscuits;389;7.1;72.7;31.8;7.7;1.5;2.4;0.28;
alpen-fruit---nut-bar-multipack-135g;Alpen Fruit & Nut Bars 5x28g;£2.00/unit;£1.43/100g;Breakfast cereals;breakfast-cereal-bars-breakfast-biscuits;389;7.1;72.7;31.8;7.7;1.5;2.4;0.28;
alpen-fruit---nut-with-milk-chocolate-bar-multipack-145g;Alpen Fruit & Nut with Milk Chocolate Bars 5x29g;£2.00/unit;£1.38/100g;Biscuits & crackers;cereal-bars-breakfast-biscuits;431;6.4;71;36;13;5.1;2.2;0.20;
alpen-fruit---nut-with-milk-chocolate-bar-multipack-145g;Alpen Fruit & Nut with Milk Chocolate Bars 5x29g;£2.00/unit;£1.38/100g;Breakfast cereals;breakfast-cereal-bars-breakfast-biscuits;431;6.4;71;36;13;5.1;2.2;0.20;
alpen-light-cherry-bakewell-bars-5x19g;Alpen Light Cherry Bakewell Bars 5x19g;£2.00/unit;£2.11/100g;Biscuits & crackers;cereal-bars-breakfast-biscuits;342;5.1;56.4;18.4;5.6;1.7;22.8;0.16;
alpen-light-cherry-bakewell-bars-5x19g;Alpen Light Cherry Bakewell Bars 5x19g;£2.00/unit;£2.11/100g;Breakfast cereals;breakfast-cereal-bars-breakfast-biscuits;342;5.1;56.4;18.4;5.6;1.7;22.8;0.16;
alpen-light-chocolate---fudge-bars-5x19g;Alpen Light Chocolate & Fudge Bars 5x19g;£2.00/unit;£2.11/100g;Biscuits & crackers;cereal-bars-breakfast-biscuits;342;4.9;55;21;6.5;2.7;22;0.17;
alpen-light-chocolate---fudge-bars-5x19g;Alpen Light Chocolate & Fudge Bars 5x19g;£2.00/unit;£2.11/100g;Breakfast cereals;breakfast-cereal-bars-breakfast-biscuits;342;4.9;55;21;6.5;2.7;22;0.17;
alpen-light-double-chocolate-bars-5x19g;Alpen Light Double Chocolate Bars 5x19g;£2.00/unit;£2.11/100g;Biscuits & crackers;cereal-bars-breakfast-biscuits;344;5.0;56;21;6.2;2.6;22;0.21;
alpen-light-double-chocolate-bars-5x19g;Alpen Light Double Chocolate Bars 5x19g;£2.00/unit;£2.11/100g;Breakfast cereals;breakfast-cereal-bars-breakfast-biscuits;344;5.0;56;21;6.2;2.6;22;0.21;
alpen-light-lemon-drizzle-bar-5x19g;Alpen Light Lemon Drizzle Bar 5x19g;£2.00/unit;£2.11/100g;Biscuits & crackers;cereal-bars-breakfast-biscuits;328;4.4;57;22;4.0;1.5;23;0.13;
alpen-light-lemon-drizzle-bar-5x19g;Alpen Light Lemon Drizzle Bar 5x19g;£2.00/unit;£2.11/100g;Breakfast cereals;breakfast-cereal-bars-breakfast-biscuits;328;4.4;57;22;4.0;1.5;23;0.13;
alpen-light-sultana---apple-bars-5x19g;Alpen Light Sultana & Apple Bars 5x19g;£2.00/unit;£2.11/100g;Biscuits & crackers;cereal-bars-breakfast-biscuits;329;4.1;59;25;3.6;1.5;22;0.17;
alpen-light-sultana---apple-bars-5x19g;Alpen Light Sultana & Apple Bars 5x19g;£2.00/unit;£2.11/100g;Breakfast cereals;breakfast-cereal-bars-breakfast-biscuits;329;4.1;59;25;3.6;1.5;22;0.17;
alpen-light-summer-fruit-bars-5x19g;Alpen Light Summer Fruit Bars 5x19g;£2.00/unit;£2.11/100g;Biscuits & crackers;cereal-bars-breakfast-biscuits;335;4.4;59;23;4.1;1.5;22;0.20;
alpen-light-summer-fruit-bars-5x19g;Alpen Light Summer Fruit Bars 5x19g;£2.00/unit;£2.11/100g;Breakfast cereals;breakfast-cereal-bars-breakfast-biscuits;335;4.4;59;23;4.1;1.5;22;0.20;
alpen-original-13kg;Alpen Original 1.3kg;£4.00/unit;£0.31/100g;Breakfast cereals;bigger-packs;378;11;67;23;5.8;0.8;7.0;0.28;
alpen-original-13kg;Alpen Original 1.3kg;£4.00/unit;£0.31/100g;Breakfast cereals;muesli-granola-clusters;378;11;67;23;5.8;0.8;7.0;0.28;
alpen-original-recipe-sachets-7x50g;Alpen Original Recipe Sachets 7x50g;£2.00/unit;£0.57/100g;Breakfast cereals;muesli-granola-clusters;378;11;67;23;5.8;0.8;7.0;0.28;
alpen-porrdge-cranberry---blueberry-pots-60g;Alpen Creamy Porridge Pot Cranberry & Blueberry 60g;£1.20/unit;£2.00/100g;Breakfast cereals;on-the-go;399;11.4;63.9;28.8;9.6;3.5;5.7;0.24;
alpen-porrdge-cranberry---blueberry-pots-60g;Alpen Creamy Porridge Pot Cranberry & Blueberry 60g;£1.20/unit;£2.00/100g;Breakfast cereals;porridge-oats;399;11.4;63.9;28.8;9.6;3.5;5.7;0.24;
alpen-porridge-fruit---nut-pots-60g;Alpen Creamy Porridge Pot Fruit & Nut 60g;£1.20/unit;£2.00/100g;Breakfast cereals;on-the-go;399;11.6;62.8;26.8;10.0;3.5;5.7;0.25;
alpen-porridge-fruit---nut-pots-60g;Alpen Creamy Porridge Pot Fruit & Nut 60g;£1.20/unit;£2.00/100g;Breakfast cereals;porridge-oats;399;11.6;62.8;26.8;10.0;3.5;5.7;0.25;
alpen-porridge-raspberry---apple-pots-60g;Alpen Creamy Porridge Pot Raspberry & Apple 60g;£1.20/unit;£2.00/100g;Breakfast cereals;on-the-go;394;11.1;64.9;29.6;8.7;3.3;5.8;0.25;
alpen-porridge-raspberry---apple-pots-60g;Alpen Creamy Porridge Pot Raspberry & Apple 60g;£1.20/unit;£2.00/100g;Breakfast cereals;porridge-oats;394;11.1;64.9;29.6;8.7;3.3;5.8;0.25;
alpen-raspberry---apple-muesli-560g;Alpen Raspberry & Apple Muesli 560g;£2.80/unit;£0.50/100g;Breakfast cereals;muesli-granola-clusters;372;11;69;25;4.1;0.8;7.5;0.23;
alpen-raspberry---yogurt-bar-145g;Alpen Raspberry & Yogurt Bar 145g;£2.00/unit;£1.38/100g;Biscuits & crackers;cereal-bars-breakfast-biscuits;425;4.3;76;37;11;6.1;2.2;0.19;
alpen-raspberry---yogurt-bar-145g;Alpen Raspberry & Yogurt Bar 145g;£2.00/unit;£1.38/100g;Breakfast cereals;breakfast-cereal-bars-breakfast-biscuits;425;4.3;76;37;11;6.1;2.2;0.19;
alpen-strawberry---yogurt-bar-145g;Alpen Strawberry & Yogurt Bar 145g;£2.00/unit;£1.38/100g;Biscuits & crackers;cereal-bars-breakfast-biscuits;415;4.8;75;35;10;5.4;2.7;0.18;
alpen-strawberry---yogurt-bar-145g;Alpen Strawberry & Yogurt Bar 145g;£2.00/unit;£1.38/100g;Breakfast cereals;breakfast-cereal-bars-breakfast-biscuits;415;4.8;75;35;10;5.4;2.7;0.18;
alpen-the-original-swiss-recipe-750g;Alpen Original Swiss Recipe 750g;£2.80/unit;£0.37/100g;Breakfast cereals;bigger-packs;377;11.0;66.8;23.1;5.8;0.8;7.0;0.28;
alpen-the-original-swiss-recipe-750g;Alpen Original Swiss Recipe 750g;£2.80/unit;£0.37/100g;Breakfast cereals;muesli-granola-clusters;377;11.0;66.8;23.1;5.8;0.8;7.0;0.28;
alpen-the-swiss-recipe--no-added-sugar-560g;Alpen No Added Sugar Swiss Recipe 560g;£2.80/unit;£0.50/100g;Breakfast cereals;muesli-granola-clusters;375;11;65;16;6.2;0.9;7.8;0.29;
alpro-blueberry-cherry-yogurt-alternative-4x125g;Alpro Yogurt Alternative Blueberry/Cherry 4x125g;£1.85/unit;£0.37/100g;Yogurts;soya-dairy-alternatives-yogurts;null;null;null;null;null;null;null;null;
alpro-chilled-almond-milk-1l;Alpro Almond Milk Alternative to Dairy 1L;£1.70/unit;£1.70/ltr;Fresh milk & eggs;soya---dietary-needs;null;null;null;null;null;null;null;null;
alpro-chilled-alternative-to-cream-250ml;Alpro Cream Dairy Free Soya 250ml;£1.00/unit;£0.40/100ml;Desserts & cream;fresh-cream-custard;null;null;null;null;null;null;null;null;
alpro-chilled-alternative-to-cream-250ml;Alpro Cream Dairy Free Soya 250ml;£1.00/unit;£0.40/100ml;Fresh milk & eggs;soya---dietary-needs;null;null;null;null;null;null;null;null;
alpro-chilled-chocolate-soya-milk-alternative-drink-1l;Alpro Soya Milk Alternative to Dairy Chocolate  1L;£1.70/unit;£1.70/ltr;Fresh milk & eggs;soya---dietary-needs;null;null;null;null;null;null;null;null;
alpro-chilled-hazelnut-milk-1l;Alpro Hazelnut Milk Alternative to Dairy 1L;£1.70/unit;£1.70/ltr;Fresh milk & eggs;soya---dietary-needs;null;null;null;null;null;null;null;null;
alpro-chilled-mild-soya-drink-1l;Alpro Chilled Mild Soya Milk Alternative 1L;£1.40/unit;£1.40/ltr;Fresh milk & eggs;soya---dietary-needs;35;3.0;1.5;1.4;1.8;0.3;0.5;0.09;
alpro-forest-fruits-yogurt-alternative-4x125g;Alpro Yogurt Alternative Forest Fruits 4x125g;£1.85/unit;£0.37/100g;Yogurts;soya-dairy-alternatives-yogurts;null;null;null;null;null;null;null;null;
alpro-fresh-almond-unsweetened-1l;Alpro Almond Milk Alternative to Dairy Unsweetened 1L;£1.70/unit;£1.70/ltr;Fresh milk & eggs;soya---dietary-needs;null;null;null;null;null;null;null;null;
alpro-fresh-coconut-drink-1l;Alpro Fresh Coconut Drink 1L;£1.70/unit;£1.70/ltr;Chilled fruit juice & smoothies;coconut-water;null;null;null;null;null;null;null;null;
alpro-junior-1-soya-milk-alternative-1l;Alpro Soya Junior Milk Alternative to Dairy 1L;£1.35/unit;£1.35/ltr;Fresh milk & eggs;soya---dietary-needs;null;null;null;null;null;null;null;null;
alpro-light-chilled-soya-milk-alternative-1l;Alpro Soya Light Milk Alternative to Dairy 1L;£1.40/unit;£1.40/ltr;Fresh milk & eggs;soya---dietary-needs;null;null;null;null;null;null;null;null;
alpro-light-long-life-soya-milk-alternative-1l;Alpro Soya Light Milk Alternative to Dairy 1L;£1.35/unit;£1.35/ltr;Fresh milk & eggs;soya---dietary-needs;null;null;null;null;null;null;null;null;
alpro-long-life-almond-milk-alternative--chocolate-1l;Alpro Almond Milk Alternative to Dairy Chocolate 1L;£1.50/unit;£1.50/ltr;Fresh milk & eggs;soya---dietary-needs;null;null;null;null;null;null;null;null;
alpro-long-life-almond-milk-alternative-1l;Alpro Almond Milk Alternative to Dairy Sweetened 1L;£1.50/unit;£1.50/ltr;Fresh milk & eggs;soya---dietary-needs;24;0.5;3.0;3.0;1.1;0.1;0.2;0.13;
alpro-long-life-coconut-rice-drink-1l;Alpro Coconut & Rice Milk Alternative to Dairy 1L;£1.50/unit;£1.50/ltr;Fresh milk & eggs;soya---dietary-needs;null;null;null;null;null;null;null;null;
alpro-long-life-milk-alternative--hazelnut-1l;Alpro Hazelnut Milk Alternative to Dairy 1L;£1.60/unit;£1.60/ltr;Fresh milk & eggs;soya---dietary-needs;29;0.4;3.1;3.1;1.6;0.2;0.3;0.13;
alpro-long-life-rice-milk-alternative--light-1l;Alpro Rice Milk Light Alternative to Dairy 1L;£1.35/unit;£1.35/ltr;Fresh milk & eggs;soya---dietary-needs;null;null;null;null;null;null;null;null;
alpro-long-life-rice-milk-alternative-1l;Alpro Rice Milk Alternative to Dairy 1L;£1.35/unit;£1.35/ltr;Fresh milk & eggs;soya---dietary-needs;null;null;null;null;null;null;null;null;
alpro-long-life-soya-milk-alternative--chocolate-1l;Alpro Soya Alternative to Dairy Milk Chocolate 1L;£1.35/unit;£1.35/ltr;Fresh milk & eggs;soya---dietary-needs;63;3.0;8.3;8.1;1.8;0.4;0.8;0.14;
alpro-long-life-soya-milk-alternative--chocolate-3x250ml;Alpro Soya Milk Alternative to Dairy Chocolate 3x250ml;£1.30/unit;£1.73/ltr;Fresh milk & eggs;soya---dietary-needs;null;null;null;null;null;null;null;null;
alpro-long-life-soya-milk-alternative--oat-1l;Alpro Oat Milk Alternative to Dairy 1L;£1.35/unit;£1.35/ltr;Fresh milk & eggs;soya---dietary-needs;null;null;null;null;null;null;null;null;
alpro-long-life-soya-milk-alternative--organic-1l;Alpro Soya Milk Alternative to Dairy Organic 1L;£1.35/unit;£1.35/ltr;Fresh milk & eggs;soya---dietary-needs;null;null;null;null;null;null;null;null;
alpro-long-life-soya-milk-alternative--original-1l;Alpro Soya Milk Alternative to Dairy Sweetened 1L;£1.35/unit;£1.35/ltr;Fresh milk & eggs;soya---dietary-needs;null;null;null;null;null;null;null;null;
alpro-long-life-soya-milk-alternative--strawberry-3x250ml;Alpro Soya Milk Alternative to Dairy Strawberry 3x250ml;£1.30/unit;£1.73/ltr;Fresh milk & eggs;soya---dietary-needs;null;null;null;null;null;null;null;null;
alpro-long-life-soya-milk-alternative--unsweetened-1l;Alpro Soya Milk Alternative to Dairy Unsweetened 1L;£1.35/unit;£1.35/ltr;Fresh milk & eggs;soya---dietary-needs;32;3.3;0.2;0.1;1.8;0.3;0.6;0.03;
alpro-long-life-soya-milk-alternative--unsweetened-6x1ltr;Alpro Soya Milk Alternative to Dairy Unsweetened 6x1L;£7.50/unit;£1.25/ltr;Fresh milk & eggs;soya---dietary-needs;null;null;null;null;null;null;null;null;
alpro-long-life-soya-milk-alternative--vanilla-3x250ml;Alpro Soya Milk Alternative to Dairy Vanilla 3x250ml;£1.30/unit;£1.73/ltr;Fresh milk & eggs;soya---dietary-needs;null;null;null;null;null;null;null;null;
alpro-original-chilled-milk-alternative-1l;Alpro Soya Milk Alternative to Dairy 1L;£1.40/unit;£1.40/ltr;Fresh milk & eggs;soya---dietary-needs;null;null;null;null;null;null;null;null;
alpro-raspberry---blackberry-yogurt-alternative-4x125g;Alpro Yogurt Alternative Raspberry & Blackberry 4x125g;£1.85/unit;£0.37/100g;Yogurts;soya-dairy-alternatives-yogurts;null;null;null;null;null;null;null;null;
alpro-simply-plain-yogurt-alternative-500g;Alpro Yogurt Alternative Simply Plain 500g;£1.40/unit;£0.28/100g;Yogurts;big-pots-pouring-yogurts;null;null;null;null;null;null;null;null;
alpro-simply-plain-yogurt-alternative-500g;Alpro Yogurt Alternative Simply Plain 500g;£1.40/unit;£0.28/100g;Yogurts;natural-greek-yogurts;null;null;null;null;null;null;null;null;
alpro-simply-plain-yogurt-alternative-500g;Alpro Yogurt Alternative Simply Plain 500g;£1.40/unit;£0.28/100g;Yogurts;soya-dairy-alternatives-yogurts;null;null;null;null;null;null;null;null;
alpro-smooth-yogurt-alternative-4x125g;Alpro Yogurt Alternative Smooth 4x125g;£1.85/unit;£0.37/100g;Yogurts;soya-dairy-alternatives-yogurts;79;3.7;10.7;10.3;2.0;0.4;1.0;0.09;
alpro-soya-drink--organic-1l;Alpro Soya Milk Alternative to Dairy Organic 1L;£1.70/unit;£1.70/ltr;Fresh milk & eggs;soya---dietary-needs;null;null;null;null;null;null;null;null;
alpro-soya-simply-mild-1l;Alpro Soya Milk Alternative to Dairy Simply Mild 1L;£1.35/unit;£1.35/ltr;Fresh milk & eggs;soya---dietary-needs;null;null;null;null;null;null;null;null;
alpro-soya-vanilla-yogurt--500g;Alpro Yogurt Alternative Vanilla 500g;£1.40/unit;£0.28/100g;Yogurts;big-pots-pouring-yogurts;null;null;null;null;null;null;null;null;
alpro-soya-vanilla-yogurt--500g;Alpro Yogurt Alternative Vanilla 500g;£1.40/unit;£0.28/100g;Yogurts;soya-dairy-alternatives-yogurts;null;null;null;null;null;null;null;null;
alpro-unsweetened-chilled-milk-alternative-1l;Alpro Soya Milk Alternative to Dairy Unsweetened 1L;£1.40/unit;£1.40/ltr;Fresh milk & eggs;soya---dietary-needs;null;null;null;null;null;null;null;null;
alpro-yogurt-alternative-almond-yogurt-500g;Alpro Yogurt Alternative Almond Yogurt 500g;£1.00/unit;£0.20/100g;Yogurts;big-pots-pouring-yogurts;null;null;null;null;null;null;null;null;
alpro-yogurt-alternative-almond-yogurt-500g;Alpro Yogurt Alternative Almond Yogurt 500g;£1.00/unit;£0.20/100g;Yogurts;soya-dairy-alternatives-yogurts;null;null;null;null;null;null;null;null;
alpro-yogurt-alternative-coconut-yogurt-500g;Alpro Yogurt Alternative Coconut Yogurt 500g;£1.00/unit;£0.20/100g;Yogurts;big-pots-pouring-yogurts;null;null;null;null;null;null;null;null;
alpro-yogurt-alternative-coconut-yogurt-500g;Alpro Yogurt Alternative Coconut Yogurt 500g;£1.00/unit;£0.20/100g;Yogurts;soya-dairy-alternatives-yogurts;null;null;null;null;null;null;null;null;
alpro-yogurt-alternative-lemon---lime-500g;Alpro Yogurt Alternative Lemon & Lime 500g;£1.40/unit;£0.28/100g;Yogurts;big-pots-pouring-yogurts;null;null;null;null;null;null;null;null;
alpro-yogurt-alternative-lemon---lime-500g;Alpro Yogurt Alternative Lemon & Lime 500g;£1.40/unit;£0.28/100g;Yogurts;soya-dairy-alternatives-yogurts;null;null;null;null;null;null;null;null;
alpro-yogurt-alternative-strawberry---rhubarb-500g;Alpro Yogurt Alternative Strawberry & Rhubarb 500g;£1.40/unit;£0.28/100g;Yogurts;big-pots-pouring-yogurts;null;null;null;null;null;null;null;null;
alpro-yogurt-alternative-strawberry---rhubarb-500g;Alpro Yogurt Alternative Strawberry & Rhubarb 500g;£1.40/unit;£0.28/100g;Yogurts;soya-dairy-alternatives-yogurts;null;null;null;null;null;null;null;null;
amaizin-gluten-free-corn-chips-150g;Amaizin Corn Chips Gluten Free 150g;£1.50/unit;£1.00/100g;Biscuits & crackers;biscuits-crackers-freefrom;null;null;null;null;null;null;null;null;
amaizin-gluten-free-corn-chips-150g;Amaizin Corn Chips Gluten Free 150g;£1.50/unit;£1.00/100g;Crisps, nuts & snacking fruit;crisps;null;null;null;null;null;null;null;null;
amb-rice-chocolate-120g;Ambrosia Rice Pudding Kids Pot, Chocolate 120g;£0.50/unit;£0.42/100g;Fruit & desserts;dessert-pots;105;3.1;17.4;10.4;2.4;1.5;0.1;0.12;
amb-rice-chocolate-120g;Ambrosia Rice Pudding Kids Pot, Chocolate 120g;£0.50/unit;£0.42/100g;Fruit & desserts;kids-lunchbox-fruit-desserts;105;3.1;17.4;10.4;2.4;1.5;0.1;0.12;
amb-rice-chocolate-120g;Ambrosia Rice Pudding Kids Pot, Chocolate 120g;£0.50/unit;£0.42/100g;Fruit & desserts;rice-sponge-pudding;105;3.1;17.4;10.4;2.4;1.5;0.1;0.12;
ambrosia-banana-custard-120g;Ambrosia Devon Custard  Kids Pot, Banana 120g;£0.50/unit;£0.42/100g;Fruit & desserts;custard;102;2.8;16.1;12.4;2.9;1.7;0;0.10;
ambrosia-banana-custard-120g;Ambrosia Devon Custard  Kids Pot, Banana 120g;£0.50/unit;£0.42/100g;Fruit & desserts;kids-lunchbox-fruit-desserts;102;2.8;16.1;12.4;2.9;1.7;0;0.10;
ambrosia-chocolate-custard-120g;Ambrosia Devon Custard  Kids Pot, Chocolate 120g;£0.50/unit;£0.42/100g;Fruit & desserts;custard;112;3.0;18.2;14.2;2.9;1.7;0.5;0.10;
ambrosia-chocolate-custard-120g;Ambrosia Devon Custard  Kids Pot, Chocolate 120g;£0.50/unit;£0.42/100g;Fruit & desserts;kids-lunchbox-fruit-desserts;112;3.0;18.2;14.2;2.9;1.7;0.5;0.10;
ambrosia-creamy-rice-with-real-strawberry-compote-135g;Ambrosia Creamy Rice with Real Strawberry Compote 135g;£0.75/unit;£0.56/100g;Fruit & desserts;dessert-pots;96;2.6;20.1;13.2;2.0;1.2;0.2;0.10;
ambrosia-creamy-rice-with-real-strawberry-compote-135g;Ambrosia Creamy Rice with Real Strawberry Compote 135g;£0.75/unit;£0.56/100g;Fruit & desserts;rice-sponge-pudding;96;2.6;20.1;13.2;2.0;1.2;0.2;0.10;
ambrosia-devon-custard--can-400g;Ambrosia Devon Custard 400g;£1.00/unit;£0.25/100g;Fruit & desserts;custard;99;2.9;15.5;11.4;2.8;1.6;0.0;0.13;
ambrosia-devon-custard--carton-500g;Ambrosia Devon Custard 500g;£1.10/unit;£0.22/100g;Fruit & desserts;custard;99;2.9;15.5;11.4;2.8;1.6;0.0;0.13;
ambrosia-devon-custard--low-fat--carton-500g;Ambrosia Low Fat Devon Custard 500g;£1.10/unit;£0.22/100g;Fruit & desserts;custard;89;2.9;15.4;11.0;1.8;1.1;0.0;0.13;
ambrosia-devon-custard--low-fat-400g;Ambrosia Low Fat Devon Custard 400g;£1.00/unit;£0.25/100g;Fruit & desserts;custard;89;2.9;15.4;11.0;1.8;1.1;0.0;0.13;
ambrosia-devon-custard-120g;Ambrosia Devon Custard  Kids Pot 120g;£0.50/unit;£0.42/100g;Fruit & desserts;custard;99;2.9;15.5;11.4;2.8;1.6;0;0.13;
ambrosia-devon-custard-120g;Ambrosia Devon Custard  Kids Pot 120g;£0.50/unit;£0.42/100g;Fruit & desserts;kids-lunchbox-fruit-desserts;99;2.9;15.5;11.4;2.8;1.6;0;0.13;
ambrosia-devon-custard-190g;Ambrosia Devon Custard Pot 190g;£0.70/unit;£0.37/100g;Fruit & desserts;custard;99;2.9;15.5;11.4;2.8;1.6;0.0;0.13;
ambrosia-devon-custard-190g;Ambrosia Devon Custard Pot 190g;£0.70/unit;£0.37/100g;Fruit & desserts;dessert-pots;99;2.9;15.5;11.4;2.8;1.6;0.0;0.13;
ambrosia-devon-custard-1kg;Ambrosia Devon Custard 1kg;£1.85/unit;£0.19/100g;Fruit & desserts;custard;99;2.9;15.5;11.4;2.8;1.6;0.0;0.13;
ambrosia-devon-custard-pots-4x125g;Ambrosia Devon Custard Pots 4x125g;£1.45/unit;£0.29/100g;Fruit & desserts;custard;100;2.9;15.5;11.5;2.9;1.6;0.0;0.10;
ambrosia-devon-custard-pots-4x125g;Ambrosia Devon Custard Pots 4x125g;£1.45/unit;£0.29/100g;Fruit & desserts;dessert-pots;100;2.9;15.5;11.5;2.9;1.6;0.0;0.10;
ambrosia-devon-custard-pots-4x125g;Ambrosia Devon Custard Pots 4x125g;£1.45/unit;£0.29/100g;Fruit & desserts;kids-lunchbox-fruit-desserts;100;2.9;15.5;11.5;2.9;1.6;0.0;0.10;
ambrosia-devon-custard-with-rhubarb-compote-135g;Ambrosia Devon Custard with Rhubarb Compote 135g;£0.75/unit;£0.56/100g;Fruit & desserts;custard;98;2.3;18.6;14.0;1.4;0.9;0.1;0.12;
ambrosia-devon-custard-with-rhubarb-compote-135g;Ambrosia Devon Custard with Rhubarb Compote 135g;£0.75/unit;£0.56/100g;Fruit & desserts;dessert-pots;98;2.3;18.6;14.0;1.4;0.9;0.1;0.12;
ambrosia-devon-custard-with-sticky-toffee-crunch-clusters-117g;Ambrosia Devon Custard with Sticky Toffee Crunch Clusters 117g;£0.75/unit;£0.64/100g;Fruit & desserts;custard;125;3.0;21.8;13.9;2.8;1.5;0.1;0.12;
ambrosia-devon-custard-with-sticky-toffee-crunch-clusters-117g;Ambrosia Devon Custard with Sticky Toffee Crunch Clusters 117g;£0.75/unit;£0.64/100g;Fruit & desserts;dessert-pots;125;3.0;21.8;13.9;2.8;1.5;0.1;0.12;
ambrosia-devon-custard-with-summer-fruits-crumble-clusters-117g;Ambrosia Devon Custard with Summer Fruits Crumble Clusters 117g;£0.75/unit;£0.64/100g;Fruit & desserts;custard;123;3.1;22.7;14.0;2.2;1.2;0.2;0.16;
ambrosia-devon-custard-with-summer-fruits-crumble-clusters-117g;Ambrosia Devon Custard with Summer Fruits Crumble Clusters 117g;£0.75/unit;£0.64/100g;Fruit & desserts;dessert-pots;123;3.1;22.7;14.0;2.2;1.2;0.2;0.16;
ambrosia-devon-dream-260ml;Ambrosia Devon Dream 260ml;£1.00/unit;£0.38/100ml;Fruit & desserts;custard;102;3.1;15.4;11.9;3.1;1.8;0.0;0.13;
ambrosia-devon-low-fat-custard-120g;Ambrosia Devon Custard  Kids Pot, Low Fat 120g;£0.50/unit;£0.42/100g;Fruit & desserts;custard;90;2.9;15.4;11.0;1.8;1.1;0;0.13;
ambrosia-devon-low-fat-custard-120g;Ambrosia Devon Custard  Kids Pot, Low Fat 120g;£0.50/unit;£0.42/100g;Fruit & desserts;kids-lunchbox-fruit-desserts;90;2.9;15.4;11.0;1.8;1.1;0;0.13;
ambrosia-light-rice-115g;Ambrosia Light Rice Pot 115g;£0.50/unit;£0.43/100g;Fruit & desserts;dessert-pots;83;3.4;15.2;7.9;0.9;0.5;0.1;0.13;
ambrosia-light-rice-115g;Ambrosia Light Rice Pot 115g;£0.50/unit;£0.43/100g;Fruit & desserts;kids-lunchbox-fruit-desserts;83;3.4;15.2;7.9;0.9;0.5;0.1;0.13;
ambrosia-light-rice-115g;Ambrosia Light Rice Pot 115g;£0.50/unit;£0.43/100g;Fruit & desserts;rice-sponge-pudding;83;3.4;15.2;7.9;0.9;0.5;0.1;0.13;
ambrosia-low-fat-devon-custard-1kg;Ambrosia Low Fat Devon Custard 1kg;£1.85/unit;£0.19/100g;Fruit & desserts;custard;89;2.9;15.4;11.0;1.8;1.1;0.0;0.13;
ambrosia-low-fat-devon-custard-pots-4x125g;Ambrosia Low Fat Devon Custard Pots 4x125g;£1.45/unit;£0.29/100g;Fruit & desserts;custard;90;2.9;15.4;11.0;1.8;1.1;0.0;0.13;
ambrosia-low-fat-devon-custard-pots-4x125g;Ambrosia Low Fat Devon Custard Pots 4x125g;£1.45/unit;£0.29/100g;Fruit & desserts;dessert-pots;90;2.9;15.4;11.0;1.8;1.1;0.0;0.13;
ambrosia-low-fat-devon-custard-pots-4x125g;Ambrosia Low Fat Devon Custard Pots 4x125g;£1.45/unit;£0.29/100g;Fruit & desserts;kids-lunchbox-fruit-desserts;90;2.9;15.4;11.0;1.8;1.1;0.0;0.13;
ambrosia-macaroni-pudding-425g;Ambrosia Macaroni Pudding 400g;£1.00/unit;£0.25/100g;Fruit & desserts;dessert-milk-cream;88;3.7;14.4;8.7;1.7;1.0;0.3;0.15;
ambrosia-macaroni-pudding-425g;Ambrosia Macaroni Pudding 400g;£1.00/unit;£0.25/100g;Fruit & desserts;rice-sponge-pudding;88;3.7;14.4;8.7;1.7;1.0;0.3;0.15;
ambrosia-my-mini-custard-x6-55g;Ambrosia My Mini Custard 6x55g;£1.50/unit;£0.45/100g;Fruit & desserts;custard;100;2.9;15.4;11.5;2.9;1.7;0.0;0.13;
ambrosia-my-mini-custard-x6-55g;Ambrosia My Mini Custard 6x55g;£1.50/unit;£0.45/100g;Fruit & desserts;dessert-pots;100;2.9;15.4;11.5;2.9;1.7;0.0;0.13;
ambrosia-my-mini-rice-x6-330g;Ambrosia My Mini Rice 6x55g;£1.50/unit;£0.45/100g;Fruit & desserts;dessert-pots;101;3.3;16.3;9.0;2.5;1.5;0.0;0.13;
ambrosia-my-mini-rice-x6-330g;Ambrosia My Mini Rice 6x55g;£1.50/unit;£0.45/100g;Fruit & desserts;rice-sponge-pudding;101;3.3;16.3;9.0;2.5;1.5;0.0;0.13;
ambrosia-pudding--rice-with-apple-190g;Ambrosia Rice Pudding Pot, Apple 190g;£0.70/unit;£0.37/100g;Fruit & desserts;dessert-pots;107;3.0;18.8;null;2.2;null;null;null;
ambrosia-pudding--rice-with-apple-190g;Ambrosia Rice Pudding Pot, Apple 190g;£0.70/unit;£0.37/100g;Fruit & desserts;kids-lunchbox-fruit-desserts;107;3.0;18.8;null;2.2;null;null;null;
ambrosia-pudding--rice-with-apple-190g;Ambrosia Rice Pudding Pot, Apple 190g;£0.70/unit;£0.37/100g;Fruit & desserts;rice-sponge-pudding;107;3.0;18.8;null;2.2;null;null;null;
ambrosia-rice-devon-custard-190g;Ambrosia Rice Pudding Pot, Devon Custard 190g;£0.70/unit;£0.37/100g;Fruit & desserts;dessert-pots;104;3.2;17.1;null;2.5;null;null;null;
ambrosia-rice-devon-custard-190g;Ambrosia Rice Pudding Pot, Devon Custard 190g;£0.70/unit;£0.37/100g;Fruit & desserts;kids-lunchbox-fruit-desserts;104;3.2;17.1;null;2.5;null;null;null;
ambrosia-rice-devon-custard-190g;Ambrosia Rice Pudding Pot, Devon Custard 190g;£0.70/unit;£0.37/100g;Fruit & desserts;rice-sponge-pudding;104;3.2;17.1;null;2.5;null;null;null;
ambrosia-rice-pudding--apple-120g;Ambrosia Rice Pudding Kids Pot, Apple 120g;£0.50/unit;£0.42/100g;Fruit & desserts;dessert-pots;107;3.0;18.7;null;2.3;null;null;null;
ambrosia-rice-pudding--apple-120g;Ambrosia Rice Pudding Kids Pot, Apple 120g;£0.50/unit;£0.42/100g;Fruit & desserts;kids-lunchbox-fruit-desserts;107;3.0;18.7;null;2.3;null;null;null;
ambrosia-rice-pudding--apple-120g;Ambrosia Rice Pudding Kids Pot, Apple 120g;£0.50/unit;£0.42/100g;Fruit & desserts;rice-sponge-pudding;107;3.0;18.7;null;2.3;null;null;null;
ambrosia-rice-pudding--creamed-400g;Ambrosia Rice Pudding, Creamed 400g;£1.00/unit;£0.25/100g;Fruit & desserts;rice-sponge-pudding;96;3.2;15.8;8.9;2.2;1.3;0.0;0.13;
ambrosia-rice-pudding--low-fat-425g;Ambrosia Rice Pudding, Low Fat 425g;£1.00/unit;£0.25/100g;Fruit & desserts;rice-sponge-pudding;88;3.2;15.8;8.9;1.3;0.7;0.0;0.13;
ambrosia-rice-pudding--original-120g;Ambrosia Rice Pudding Kids Pot, Original 120g;£0.50/unit;£0.42/100g;Fruit & desserts;dessert-pots;101;3.3;16.3;9.0;2.5;1.5;0.0;0.13;
ambrosia-rice-pudding--original-120g;Ambrosia Rice Pudding Kids Pot, Original 120g;£0.50/unit;£0.42/100g;Fruit & desserts;kids-lunchbox-fruit-desserts;101;3.3;16.3;9.0;2.5;1.5;0.0;0.13;
ambrosia-rice-pudding--original-120g;Ambrosia Rice Pudding Kids Pot, Original 120g;£0.50/unit;£0.42/100g;Fruit & desserts;rice-sponge-pudding;101;3.3;16.3;9.0;2.5;1.5;0.0;0.13;
ambrosia-rice-pudding--original-190g;Ambrosia Rice Pudding Pot, Original 190g;£0.70/unit;£0.37/100g;Fruit & desserts;dessert-pots;104;3.3;17.1;null;2.5;null;null;null;
ambrosia-rice-pudding--original-190g;Ambrosia Rice Pudding Pot, Original 190g;£0.70/unit;£0.37/100g;Fruit & desserts;kids-lunchbox-fruit-desserts;104;3.3;17.1;null;2.5;null;null;null;
ambrosia-rice-pudding--original-190g;Ambrosia Rice Pudding Pot, Original 190g;£0.70/unit;£0.37/100g;Fruit & desserts;rice-sponge-pudding;104;3.3;17.1;null;2.5;null;null;null;
ambrosia-rice-pudding--strawberry-120g;Ambrosia Rice Pudding Kids Pot, Strawberry 120g;£0.50/unit;£0.42/100g;Fruit & desserts;dessert-pots;101;2.9;17.1;10.2;2.2;1.3;0.2;0.14;
ambrosia-rice-pudding--strawberry-120g;Ambrosia Rice Pudding Kids Pot, Strawberry 120g;£0.50/unit;£0.42/100g;Fruit & desserts;kids-lunchbox-fruit-desserts;101;2.9;17.1;10.2;2.2;1.3;0.2;0.14;
ambrosia-rice-pudding--strawberry-120g;Ambrosia Rice Pudding Kids Pot, Strawberry 120g;£0.50/unit;£0.42/100g;Fruit & desserts;rice-sponge-pudding;101;2.9;17.1;10.2;2.2;1.3;0.2;0.14;
ambrosia-rice-pudding--traditional-400g;Ambrosia Rice Pudding, Traditional 400g;£1.00/unit;£0.25/100g;Fruit & desserts;rice-sponge-pudding;107;3.4;16.7;10.2;2.9;1.7;0.1;0.10;
ambrosia-rice-pudding-pots-4x125g;Ambrosia Rice Pudding Pots 4x125g;£1.45/unit;£0.29/100g;Fruit & desserts;dessert-pots;104;3.3;17.1;9.0;2.5;1.5;0;0.13;
ambrosia-rice-pudding-pots-4x125g;Ambrosia Rice Pudding Pots 4x125g;£1.45/unit;£0.29/100g;Fruit & desserts;kids-lunchbox-fruit-desserts;104;3.3;17.1;9.0;2.5;1.5;0;0.13;
ambrosia-rice-pudding-pots-4x125g;Ambrosia Rice Pudding Pots 4x125g;£1.45/unit;£0.29/100g;Fruit & desserts;rice-sponge-pudding;104;3.3;17.1;9.0;2.5;1.5;0;0.13;
ambrosia-semolina-400g;Ambrosia Semolina 400g;£1.00/unit;£0.25/100g;Fruit & desserts;dessert-milk-cream;80;3.3;12.7;8.8;1.7;1.1;0.1;0.15;
ambrosia-semolina-400g;Ambrosia Semolina 400g;£1.00/unit;£0.25/100g;Fruit & desserts;rice-sponge-pudding;80;3.3;12.7;8.8;1.7;1.1;0.1;0.15;
ambrosia-strawberry-custard-120g;Ambrosia Devon Custard  Kids Pot, Strawberry 120g;£0.50/unit;£0.42/100g;Fruit & desserts;custard;101;2.8;16.1;12.3;2.8;1.6;0;0.10;
ambrosia-strawberry-custard-120g;Ambrosia Devon Custard  Kids Pot, Strawberry 120g;£0.50/unit;£0.42/100g;Fruit & desserts;kids-lunchbox-fruit-desserts;101;2.8;16.1;12.3;2.8;1.6;0;0.10;
ambrosia-tapioca-385g;Ambrosia Tapioca 385g;£1.00/unit;£0.26/100g;Fruit & desserts;dessert-milk-cream;75;2.7;12.4;8.5;1.6;1.1;0.0;0.18;
ambrosia-tapioca-385g;Ambrosia Tapioca 385g;£1.00/unit;£0.26/100g;Fruit & desserts;rice-sponge-pudding;75;2.7;12.4;8.5;1.6;1.1;0.0;0.18;
american-hot-dogs-350g;Gilbert's American Hot Dogs 350g;£3.50/unit;£1.00/100g;Cooked meats & snacking;mfp-snacking-cooked-sausage;null;14;0.1;null;12.5;null;null;null;
american-hot-dogs-350g;Gilbert's American Hot Dogs 350g;£3.50/unit;£1.00/100g;Cooked meats, pate & sandwich fillers;snacking-cooked-sausage;null;14;0.1;null;12.5;null;null;null;
american-hot-dogs-350g;Gilbert's American Hot Dogs 350g;£3.50/unit;£1.00/100g;World foods, kosher & halal;kosher-chilled-foods;null;14;0.1;null;12.5;null;null;null;
amoy-noodles-straight-to-wok--medium-300g;Amoy Straight To Wok Noodles, Medium 300g;£1.79/unit;£5.97/kg;Cooking sauces & world foods;chinese-cooking-sauces;147;4.0;29.9;0.9;0.8;0;2.1;0.3;
amoy-noodles-straight-to-wok--medium-300g;Amoy Straight To Wok Noodles, Medium 300g;£1.79/unit;£5.97/kg;Rice, pasta & noodles;noodles;147;4.0;29.9;0.9;0.8;0;2.1;0.3;
amoy-straight-to-wok-new-udon-noodles-300g;Amoy Straight to Wok Udon Thick Noodles 2x150g;£1.79/unit;£5.97/kg;Cooking sauces & world foods;chinese-cooking-sauces;127;4.9;25.7;0.5;0;0;2.1;0.3;
amoy-straight-to-wok-new-udon-noodles-300g;Amoy Straight to Wok Udon Thick Noodles 2x150g;£1.79/unit;£5.97/kg;Cooking sauces & world foods;japanese;127;4.9;25.7;0.5;0;0;2.1;0.3;
amoy-straight-to-wok-new-udon-noodles-300g;Amoy Straight to Wok Udon Thick Noodles 2x150g;£1.79/unit;£5.97/kg;Rice, pasta & noodles;noodles;127;4.9;25.7;0.5;0;0;2.1;0.3;
amoy-straight-to-wok-singapore-noodles-300g;Amoy Straight To Wok Singapore Noodles 300g;£1.79/unit;£5.97/kg;Cooking sauces & world foods;chinese-cooking-sauces;156;4.9;28.4;0.5;2.0;0.3;2.5;0.2;
amoy-straight-to-wok-singapore-noodles-300g;Amoy Straight To Wok Singapore Noodles 300g;£1.79/unit;£5.97/kg;Rice, pasta & noodles;noodles;156;4.9;28.4;0.5;2.0;0.3;2.5;0.2;
amys-kitchen-broccoli---cheddar-bake-270g;Amy's Kitchen Gluten Free Broccoli & Cheddar Bake 270g;£3.50/unit;£12.96/kg;Freefrom;frozen-freefrom;160;5.9;16;2.1;7.4;4.5;0.7;null;
amys-kitchen-broccoli---cheddar-bake-270g;Amy's Kitchen Gluten Free Broccoli & Cheddar Bake 270g;£3.50/unit;£12.96/kg;Ready meals & pies;frozen-ready-meals;160;5.9;16;2.1;7.4;4.5;0.7;null;
amys-kitchen-chunky-tomato-soup-400g;Amy's Kitchen Gluten Free Chunky Tomato Soup 400g;£1.69/unit;£0.42/100g;Canned, tinned & packaged foods;soups;53;1.2;8.6;5.7;1.4;0.8;1.2;null;
amys-kitchen-gluten-free-chinese-noodles-270g;Amy's Kitchen Gluten Free Chinese Noodles & Veggies in a Cashew Cream Sauce 270g;£3.50/unit;£12.96/kg;Freefrom;frozen-freefrom;181;6.0;21;4.1;8.1;1.0;2.0;0.7;
amys-kitchen-gluten-free-chinese-noodles-270g;Amy's Kitchen Gluten Free Chinese Noodles & Veggies in a Cashew Cream Sauce 270g;£3.50/unit;£12.96/kg;Fruit, vegetables & rice;frozen-rice;181;6.0;21;4.1;8.1;1.0;2.0;0.7;
amys-kitchen-gluten-free-rice-mac---cheese;Amy's Kitchen Gluten Free Rice Mac & Cheese;£2.20/unit;£8.63/kg;Freefrom;frozen-freefrom;157;6.3;18;2.4;6.3;3.9;0.4;null;
amys-kitchen-gluten-free-rice-mac---cheese;Amy's Kitchen Gluten Free Rice Mac & Cheese;£2.20/unit;£8.63/kg;Ready meals & pies;frozen-ready-meals;157;6.3;18;2.4;6.3;3.9;0.4;null;
amys-kitchen-lentil-soup-400g;Amy's Kitchen Gluten Free Lentil Soup 400g;£1.69/unit;£0.41/100g;Canned, tinned & packaged foods;soups;74;3.3;10;1.2;2.0;0.4;2.4;null;
amys-kitchen-thai-red-curry-285g;Amy's Kitchen Gluten Free Thai red curry 285g;£3.50/unit;£12.28/kg;Freefrom;frozen-freefrom;147;3.2;15;3.2;8.1;3.9;1.2;0.7;
amys-kitchen-thai-red-curry-285g;Amy's Kitchen Gluten Free Thai red curry 285g;£3.50/unit;£12.28/kg;Ready meals & pies;frozen-ready-meals;147;3.2;15;3.2;8.1;3.9;1.2;0.7;
anchor-aerosol-cream-250g;Anchor Squirty Cream 250g;£1.35/unit;£0.54/100g;Desserts & cream;fresh-cream-custard;345;2.3;7.3;7.3;34;23;null;0.06;
anchor-aerosol-cream-light-250g;Anchor Squirty Cream Light 250g;£1.35/unit;£0.54/100g;Desserts & cream;fresh-cream-custard;195;2.8;7.8;7.5;17;12;null;0.1;
anchor-block-unsalted-250g;Anchor Unsalted Butter 250g;£1.80/unit;£7.20/kg;Butter, spreads & baking;block-butter;744;0.6;0.6;0.6;82.2;52.1;null;0.02;
anchor-block-unsalted-250g;Anchor Unsalted Butter 250g;£1.80/unit;£7.20/kg;Sugar & home baking;fats-spreads;744;0.6;0.6;0.6;82.2;52.1;null;0.02;
anchor-butter--original-250g;Anchor Butter 250g;£1.80/unit;£7.20/kg;Butter, spreads & baking;block-butter;744;0.6;0.6;0.6;82.2;52.1;null;1.7;
anchor-butter-500g;Anchor Butter 500g;£3.25/unit;£6.50/kg;Butter, spreads & baking;block-butter;744;0.6;0.6;0.6;82.2;52.1;null;1.7;
anchor-cheddar-grated-200g;Anchor Cheddar Grated 200g;£1.50/unit;£7.50/kg;Cheese;cheddar-british-regional-cheese;389;25.5;1.7;25.5;31.4;20.4;null;1.80;
anchor-cheddar-grated-200g;Anchor Cheddar Grated 200g;£1.50/unit;£7.50/kg;Cheese;sliced-grated-cheese;389;25.5;1.7;25.5;31.4;20.4;null;1.80;
anchor-cheddar-mature-slices-x8-160g;Anchor Cheddar Mature Slices x8 160g;£1.50/unit;£9.38/kg;Cheese;cheddar-british-regional-cheese;390;25.5;0.1;0.1;32.0;20.8;null;1.80;
anchor-cheddar-mature-slices-x8-160g;Anchor Cheddar Mature Slices x8 160g;£1.50/unit;£9.38/kg;Cheese;sliced-grated-cheese;390;25.5;0.1;0.1;32.0;20.8;null;1.80;
anchor-extra-mature-cheddar-350g;Anchor Extra Mature Cheddar 350g;£3.50/unit;£10.00/kg;Cheese;cheddar-british-regional-cheese;390;25.5;0.1;0.1;32.0;20.8;null;1.80;
anchor-lighter-spreadable-500g;Anchor Lighter Spreadable 500g;£3.25/unit;£6.50/kg;Butter, spreads & baking;spreadable-butter;516;0.3;0.3;0.3;57;21.4;null;1.1;
anchor-mature-cheddar-350g;Anchor Mature Cheddar 350g;£3.50/unit;£10.00/kg;Cheese;cheddar-british-regional-cheese;390;25.5;0.1;0.1;32.0;20.8;null;1.80;
anchor-mature-lighter-cheddar-350g;Anchor Mature Lighter Cheddar 350g;£3.50/unit;£10.00/kg;Cheese;cheddar-british-regional-cheese;324;27.7;3.0;0;22.3;14.6;null;1.6;
anchor-mature-lighter-cheddar-350g;Anchor Mature Lighter Cheddar 350g;£3.50/unit;£10.00/kg;Cheese;cottage-cheese---healthier-choice;324;27.7;3.0;0;22.3;14.6;null;1.6;
anchor-spreadable-250g;Anchor Spreadable 250g;£1.80/unit;£7.20/kg;Butter, spreads & baking;spreadable-butter;696;0.3;0.3;0.3;77;30.8;null;1.1;
anchor-spreadable-500g;Anchor Spreadable 500g;£3.25/unit;£6.50/kg;Butter, spreads & baking;spreadable-butter;696;0.3;0.3;0.3;77;30.8;null;1.1;
anchor-squirty-cream-swirls--extra-thick-250g;Anchor Squirty Cream Swirls, Extra Thick 250g;£1.50/unit;£0.60/100g;Desserts & cream;fresh-cream-custard;418;2.1;2.6;2.6;44;31;null;0.05;
anchor-unsalted-spreadable-500g;Anchor Unsalted Spreadable 500g;£3.25/unit;£6.50/kg;Butter, spreads & baking;spreadable-butter;723;0.3;0.3;0.3;80;32.8;null;0.01;
anemone-de-caen;Sainsbury's Anemone Mixed x30;£3.00/unit;£3.00/ea;Flowers & seeds;flowers---seeds;null;null;null;null;null;null;null;null;
anemone-royal;Sainsbury's Anemone Purple x30;£3.00/unit;£3.00/ea;Flowers & seeds;flowers---seeds;null;null;null;null;null;null;null;null;
anemone-sylphide;Sainsbury's Anemone Pink x30;£3.00/unit;£3.00/ea;Flowers & seeds;flowers---seeds;null;null;null;null;null;null;null;null;
angel-delight-butterscotch--no-added-sugar-47g;Angel Delight Butterscotch, No Added Sugar 47g;£0.45/unit;£0.96/100g;Fruit & desserts;dessert-mixes;104;3.4;12.4;6.1;4.6;3.6;0.0;0.48;
angel-delight-butterscotch--no-added-sugar-47g;Angel Delight Butterscotch, No Added Sugar 47g;£0.45/unit;£0.96/100g;Sugar & home baking;cake-sweet-mixes;104;3.4;12.4;6.1;4.6;3.6;0.0;0.48;
angel-delight-chocolate--no-added-sugar-47g;Angel Delight Chocolate, No Added Sugar 47g;£0.45/unit;£0.96/100g;Fruit & desserts;dessert-mixes;455;5.6;58.9;8.3;21.2;17.5;3.2;2.63;
angel-delight-chocolate--no-added-sugar-47g;Angel Delight Chocolate, No Added Sugar 47g;£0.45/unit;£0.96/100g;Sugar & home baking;cake-sweet-mixes;455;5.6;58.9;8.3;21.2;17.5;3.2;2.63;
angel-delight-strawberry-59g;Angel Delight Strawberry 59g;£0.45/unit;£0.76/100g;Fruit & desserts;dessert-mixes;483;2.3;71.6;55.9;20.8;17.4;0;2.38;
angel-delight-strawberry-59g;Angel Delight Strawberry 59g;£0.45/unit;£0.76/100g;Sugar & home baking;cake-sweet-mixes;483;2.3;71.6;55.9;20.8;17.4;0;2.38;
angel-delight-strawberry-dessert-47g;Angel Delight Strawberry Dessert 47g;£0.45/unit;£0.96/100g;Fruit & desserts;dessert-mixes;445;4.7;67.3;14.1;17.4;14.5;0;2.95;
angel-delight-strawberry-dessert-47g;Angel Delight Strawberry Dessert 47g;£0.45/unit;£0.96/100g;Sugar & home baking;cake-sweet-mixes;445;4.7;67.3;14.1;17.4;14.5;0;2.95;
annabel-karmel-beef-cottage-pie-200g;Annabel Karmel Beef Cottage Pie 200g;£2.00/unit;£10.00/kg;Ready meals;kids-ready-meals;98;3.8;7.7;1.5;3.8;1.9;1.5;0.1;
annabel-karmel-beef-lasagne-200g;Annabel Karmel Beef Lasagne 200g;£2.00/unit;£10.00/kg;Ready meals;kids-ready-meals;116;10.4;5.9;2.7;5.2;3.2;1.5;0.3;
annabel-karmel-chicken---potato-pie-200g;Annabel Karmel Chicken & Potato Pie 200g;£2.00/unit;£10.00/kg;Ready meals;kids-ready-meals;114;4.1;7.7;1.4;4.8;2.2;1.0;0.1;
annabel-karmel-chicken-korma---rice-300g;Annabel Karmel Chicken Korma & Rice 300g;£3.00/unit;£10.00/kg;Ready meals;kids-ready-meals;119;6.1;17.5;2.9;2.2;0.8;2.6;0.4;
annabel-karmel-chicken-tikka-200g;Annabel Karmel Chicken Tikka 200g;£2.00/unit;£10.00/kg;Ready meals;kids-ready-meals;103;5.6;14.4;2.7;2.5;0.8;0.5;0.3;
annabel-karmel-chicken-with-rice-200g;Annabel Karmel Chicken With Rice 200g;£2.00/unit;£10.00/kg;Ready meals;kids-ready-meals;125;8.8;13.7;3.9;3.8;2.0;0.5;0.3;
annabel-karmel-eat-fussy-bolognese-pasta-bake-200g;Annabel Karmel Eat Fussy Bolognese Pasta Bake 200g;£2.00/unit;£10.00/kg;Ready meals;kids-ready-meals;109;10;9.1;3.5;3.2;2.8;1.9;0.38;
annabel-karmel-meatball-tagine-with-coucous-300g;Annabel Karmel Meatball Tagine With Coucous 300g;£3.00/unit;£10.00/kg;Ready meals;kids-ready-meals;114;5.1;14.8;4.2;3.5;1.1;1.7;0.1;
annabel-karmel-orient-pork-meatballs---noodles-300g;Annabel Karmel Orient Pork Meatballs & Noodles 300g;£3.00/unit;£10.00/kg;Ready meals;kids-ready-meals;122;4.9;14.8;2.0;4.4;0.9;1.5;0.7;
annabel-karmel-salmon---cod-pie-200g;Annabel Karmel Salmon & Cod Pie 200g;£2.00/unit;£10.00/kg;Ready meals;kids-ready-meals;93;6.1;7.2;2.4;4.1;2.4;1.4;0.7;
annabel-karmel-spaghetti-with-meatballs-200g;Annabel Karmel Spaghetti With Meatballs 200g;£2.00/unit;£10.00/kg;Ready meals;kids-ready-meals;120;5.4;15.6;4.5;3.5;1.6;1.5;0.1;
annabel-karmel-vegetable-pasta-bake-with-butternut-squash-200g;Annabel Karmel Vegetable Pasta Bake With Butternut Squash 200g;£2.00/unit;£10.00/kg;Ready meals;kids-ready-meals;114;4.1;12.5;4.4;4.8;2.2;1.8;0.1;
anzac-biscuits-175g;Anzac Biscuits 175g;£0.85/unit;£0.49/100g;Biscuits & crackers;everyday-biscuits-shortbread;null;5.2;67.6;32.2;20.6;14.2;null;null;
apna-long-grain-basmati-rice-5kg;Apna Long Grain Basmati Rice 5kg;£6.00/unit;£1.20/kg;Rice, pasta & noodles;rice-12592-44;null;8.9;77.0;null;1.6;null;null;null;
applewood-cheese-snacking-net-75g;Applewood Cheese Snacking Net 75g;£1.00/unit;£13.33/kg;Cheese;snacking-lunchbox-cheese;416;25.4;0.1;0.1;34.9;21.6;null;1.8;
applewood-cheese-spreadable-175g;Applewood Cheese Spreadable 175g;£1.50/unit;£8.57/kg;Cheese;snacking-lunchbox-cheese;291;11.0;5.2;5.2;25.1;16.3;null;2.5;
applewood-cheese-spreadable-175g;Applewood Cheese Spreadable 175g;£1.50/unit;£8.57/kg;Cheese;soft---spreadable;291;11.0;5.2;5.2;25.1;16.3;null;2.5;
applewood-slices-160g;Applewood Slices 160g;£1.50/unit;£9.37/kg;Cheese;cheddar-british-regional-cheese;1700410;25;0.1;null;34.4;null;null;null;
applewood-slices-160g;Applewood Slices 160g;£1.50/unit;£9.37/kg;Cheese;sliced-grated-cheese;1700410;25;0.1;null;34.4;null;null;null;
askeys-chocolate-chunk-crackin-225g;Askeys Chocolate Chunk Crackin Ice Cream Topping 225g;£1.45/unit;£0.64/100g;Fruit & desserts;sauces-toppings;622;3.2;49.1;40.8;45.8;14.5;null;0.13;
askeys-chocolate-chunk-crackin-225g;Askeys Chocolate Chunk Crackin Ice Cream Topping 225g;£1.45/unit;£0.64/100g;Ice cream & desserts;wafers-sauces-toppings;622;3.2;49.1;40.8;45.8;14.5;null;0.13;
askeys-deluxe-caf%C3%A9-curls-x20;Askeys Deluxe Ice Cream Café Curls x20;£1.30/unit;£0.07/ea;Fruit & desserts;ice-cream-cones-wafers;456;8.2;73.1;41.6;14.0;10.2;2.4;0.43;
askeys-deluxe-caf%C3%A9-curls-x20;Askeys Deluxe Ice Cream Café Curls x20;£1.30/unit;£0.07/ea;Fruit & desserts;sauces-toppings;456;8.2;73.1;41.6;14.0;10.2;2.4;0.43;
askeys-deluxe-caf%C3%A9-curls-x20;Askeys Deluxe Ice Cream Café Curls x20;£1.30/unit;£0.07/ea;Ice cream & desserts;wafers-sauces-toppings;456;8.2;73.1;41.6;14.0;10.2;2.4;0.43;
askeys-ice-cream-cornets---cones-round-x21;Askeys Ice Cream Cones x21;£1.10/unit;£0.05/ea;Fruit & desserts;ice-cream-cones-wafers;390;14.0;76.0;1.0;2.6;0.4;3.0;0.45;
askeys-ice-cream-cornets---cones-round-x21;Askeys Ice Cream Cones x21;£1.10/unit;£0.05/ea;Ice cream & desserts;wafers-sauces-toppings;390;14.0;76.0;1.0;2.6;0.4;3.0;0.45;
askeys-ice-cream-cornets--cup-x21;Askeys Ice Cream Cup Cornets x21;£1.30/unit;£0.06/ea;Fruit & desserts;ice-cream-cones-wafers;390;14.0;76.0;1.0;2.6;0.4;3.0;0.45;
askeys-ice-cream-cornets--cup-x21;Askeys Ice Cream Cup Cornets x21;£1.30/unit;£0.06/ea;Ice cream & desserts;wafers-sauces-toppings;390;14.0;76.0;1.0;2.6;0.4;3.0;0.45;
askeys-ice-cream-wafers-x48-75g;Askeys Ice Cream Wafers x48 75g;£0.65/unit;£0.01/unit;Fruit & desserts;ice-cream-cones-wafers;388;13.1;76.5;0.5;2.7;0.6;2.4;0.5;
askeys-ice-cream-wafers-x48-75g;Askeys Ice Cream Wafers x48 75g;£0.65/unit;£0.01/unit;Ice cream & desserts;wafers-sauces-toppings;388;13.1;76.5;0.5;2.7;0.6;2.4;0.5;
askeys-treat-limited-edition-raspberry-325g;Askeys Treat Raspberry Dessert Sauce 325g;£1.30/unit;£0.40/100g;Fruit & desserts;sauces-toppings;317;0.5;79;79;0.5;0.1;null;0.1;
askeys-treat-limited-edition-raspberry-325g;Askeys Treat Raspberry Dessert Sauce 325g;£1.30/unit;£0.40/100g;Ice cream & desserts;wafers-sauces-toppings;317;0.5;79;79;0.5;0.1;null;0.1;
askeys-treat-maple-syrup-dessert-sauce-325g;Askeys Treat Maple Syrup Dessert Sauce 325g;£1.30/unit;£0.40/100g;Fruit & desserts;sauces-toppings;312;0.5;77.6;70.6;0.5;0.1;null;0.08;
askeys-treat-syrup--milk-chocolate-flavour-325g;Askeys Treat Milk Chocolate Dessert Sauce 325g;£1.30/unit;£0.40/100g;Fruit & desserts;sauces-toppings;417;0.8;65;62;17;7.7;null;0.1;
askeys-treat-syrup--milk-chocolate-flavour-325g;Askeys Treat Milk Chocolate Dessert Sauce 325g;£1.30/unit;£0.40/100g;Ice cream & desserts;wafers-sauces-toppings;417;0.8;65;62;17;7.7;null;0.1;
askeys-treat-syrup--strawberry-flavour-325g;Askeys Treat Strawberry Dessert Sauce 325g;£1.30/unit;£0.40/100g;Fruit & desserts;sauces-toppings;316;0.5;79;75;0.5;0.1;null;0.1;
askeys-treat-syrup--strawberry-flavour-325g;Askeys Treat Strawberry Dessert Sauce 325g;£1.30/unit;£0.40/100g;Ice cream & desserts;wafers-sauces-toppings;316;0.5;79;75;0.5;0.1;null;0.1;
askeys-treat-syrup--toffee-flavour-325g;Askeys Treat Toffee Dessert Sauce 325g;£1.30/unit;£0.40/100g;Fruit & desserts;sauces-toppings;331;1.4;77;73;2.0;1.3;null;0.12;
askeys-treat-syrup--toffee-flavour-325g;Askeys Treat Toffee Dessert Sauce 325g;£1.30/unit;£0.40/100g;Ice cream & desserts;wafers-sauces-toppings;331;1.4;77;73;2.0;1.3;null;0.12;
aspall-cabernet-sauvignon-red-wine-vinegar-350ml;Aspall Cabernet Sauvignon Red Wine Vinegar 350ml;£2.25/unit;£6.43/ltr;Vinegar, pickles, olives & antipasti;vinegar;null;0.1;1.0;0.4;0.1;0.1;0.5;null;
aspall-cider-vinegar-350ml;Aspall Cider Vinegar 350ml;£1.50/unit;£4.29/ltr;Vinegar, pickles, olives & antipasti;vinegar;null;0.0;0.1;0.0;0.0;0.0;0.0;null;
aspall-organic-cyder-vinegar-350ml;Aspall Organic Cyder Vinegar 350ml;£1.60/unit;£4.57/ltr;Vinegar, pickles, olives & antipasti;vinegar;19;0;0.7;0.4;0;0;0;0.01;
aspall-red-wine-vinegar-350ml;Aspall Red Wine Vinegar 350ml;£1.50/unit;£4.29/ltr;Vinegar, pickles, olives & antipasti;vinegar;null;0.4;0.6;0.6;0.0;0.0;0.0;null;
aspall-sauvignon-blanc-white-wine-vinegar-350ml;Aspall Sauvignon Blanc White Wine Vinegar 350ml;£2.25/unit;£6.43/ltr;Vinegar, pickles, olives & antipasti;vinegar;null;0.0;0.1;0.1;0.0;0.0;0.0;0.0;
aspall-white-wine-vinegar-350ml;Aspall White Wine Vinegar 350ml;£1.50/unit;£4.29/ltr;Vinegar, pickles, olives & antipasti;vinegar;23;0;0.9;0.4;0;0;0;0.03;
atora-beef-suet-200g;Atora Beef Suet 200g;£1.10/unit;£5.50/kg;Cooking ingredients & oils;cooking-ingredients-pastry-savoury-mixes;800;1.2;15.3;0.7;81.5;35.2;0.2;0;
atora-beef-suet-200g;Atora Beef Suet 200g;£1.10/unit;£5.50/kg;Sugar & home baking;pastry-savoury-mixes;800;1.2;15.3;0.7;81.5;35.2;0.2;0;
atora-light-vegetable-suet-200g;Atora Light Vegetable Suet 200g;£1.10/unit;£5.50/kg;Cooking ingredients & oils;cooking-ingredients-pastry-savoury-mixes;718;2.5;28.4;1.4;65.7;32.8;1.3;0;
atora-light-vegetable-suet-200g;Atora Light Vegetable Suet 200g;£1.10/unit;£5.50/kg;Sugar & home baking;pastry-savoury-mixes;718;2.5;28.4;1.4;65.7;32.8;1.3;0;
attack-a-snak-ham-99g;Attack A Snak Ham & Cheese Wrap 99g;£1.75/unit;£17.68/kg;Cheese;snacking-lunchbox-cheese;232;13.4;25.2;3.2;8.2;4.4;1.9;1.59;
aunt-bessies-boat-shaped-yorkshire-puddings-perfect-for-sausage-290g;Aunt Bessie's Boat Shaped Yorkshire Puddings Perfect For Sausage 290g;£1.65/unit;£5.69/kg;Yorkshire puddings;frozen-yorkshire-puddings;252;8.0;37;1.9;7.5;0.8;2.3;0.56;
aunt-bessies-chunky-croquettes-550g;Aunt Bessie's Chunky Croquettes 550g;£1.50/unit;£2.73/kg;Chips & potatoes;chips-potatoes;164;1.8;24;0.5;6.2;2.8;2.4;0.80;
aunt-bessies-crinkle-cut-chips-907g;Aunt Bessie's Crinkle Cut Chips 907g;£2.20/unit;£2.43/kg;Chips & potatoes;chips-potatoes;200;3.9;31;0.5;6.1;2.9;3.7;0.28;
aunt-bessies-duck-fat-roast-potatoes-700g;Aunt Bessie's Duck Fat Roast Potatoes 700g;£2.00/unit;£2.86/kg;Chips & potatoes;chips-potatoes;162;1.2;26;0.5;5.6;2.3;2.4;0.50;
aunt-bessies-dumpling-mix-140g;Aunt Bessie's Dumpling Mix 140g;£0.80/unit;£5.71/kg;Cooking ingredients & oils;cooking-ingredients-pastry-savoury-mixes;296;4.6;40.4;1.9;12.3;6.9;2.8;0.73;
aunt-bessies-dumpling-mix-140g;Aunt Bessie's Dumpling Mix 140g;£0.80/unit;£5.71/kg;Sugar & home baking;pastry-savoury-mixes;296;4.6;40.4;1.9;12.3;6.9;2.8;0.73;
aunt-bessies-giant-yorkshire-puddings-x2-230g;Aunt Bessie's Giant Yorkshire Puddings x2 230g;£1.75/unit;£7.61/kg;Yorkshire puddings;frozen-yorkshire-puddings;253;9.1;39;1.7;6.3;0.6;2.3;0.58;
aunt-bessies-home-bake-yorkshire-puddings-x16-490g;Aunt Bessie's Home Bake Yorkshire Puddings x16 490g;£1.50/unit;£3.06/kg;Yorkshire puddings;frozen-yorkshire-puddings;165;6.1;25;2.2;4.4;2.5;1.0;0.48;
aunt-bessies-homestyle-chips-16kg;Aunt Bessie's Homestyle Chips 1.6kg;£2.00/unit;£1.25/kg;Chips & potatoes;chips-potatoes;196;3.1;27.0;1.0;7.8;4.4;2.9;0.3;
aunt-bessies-homestyle-chips-1kg;Aunt Bessie's Homestyle Chips 1kg;£2.20/unit;£2.20/kg;Chips & potatoes;chips-potatoes;198;3.4;33;0.5;5.0;2.4;3.1;0.21;
aunt-bessies-homestyle-mashed-potato-650g;Aunt Bessie's Homestyle Mashed Potato 650g;£1.50/unit;£2.31/kg;Chips & potatoes;chips-potatoes;90;1.9;14;0.5;2.6;1.8;1.5;0.60;
aunt-bessies-homestyle-roast-potatoes-907g;Aunt Bessie's Homestyle Roast Potatoes 907g;£2.00/unit;£2.21/kg;Chips & potatoes;chips-potatoes;167;2.7;25;0.6;5.8;2.7;2.7;0.50;
aunt-bessies-homestyle-roasts-16kg;Aunt Bessie's Homestyle Roasts 1.6kg;£2.70/unit;£1.69/kg;Chips & potatoes;chips-potatoes;167;2.7;25;0.6;5.8;2.7;2.7;0.50;
aunt-bessies-honey-glazed-roast-parsnips-600g;Aunt Bessie's Honey Glazed Roast Parsnips 600g;£1.75/unit;£2.92/kg;Fruit, vegetables & rice;frozen-vegetables;180;1.4;15;5.5;12;5.7;4.4;0.26;
aunt-bessies-light---fluffy-dumplings-x8-390g;Aunt Bessie's Light & Fluffy Dumplings x8 390g;£1.50/unit;£3.85/kg;Yorkshire puddings;frozen-yorkshire-puddings;323;5.5;43;2.5;14;6.5;2.5;0.75;
aunt-bessies-mashed-carrot---swede-500g;Aunt Bessie's Mashed Carrot & Swede 500g;£1.75/unit;£3.50/kg;Fruit, vegetables & rice;frozen-vegetables;36;0.9;3.5;3.5;1.3;0.8;3.8;0.53;
aunt-bessies-sage---onion-stuff-balls-310g;Aunt Bessie's Sage & Onion Stuffing Balls 310g;£1.65/unit;£5.32/kg;Yorkshire puddings;frozen-yorkshire-puddings;219;5.1;34;3.0;6.4;2.3;3.1;1.3;
aunt-bessies-sage---red-onion-stuffing-280g;Aunt Bessie's Sage & Red Onion Stuffing 280g;£1.60/unit;£5.71/kg;Cooking ingredients & oils;stuffing;136;4.0;25.5;3.7;1.3;0.6;3.2;1.15;
aunt-bessies-sage-onion---apple-stuffing-280g;Aunt Bessie's Sage Onion & Apple Stuffing 280g;£1.60/unit;£5.71/kg;Cooking ingredients & oils;stuffing;142;3.8;24.8;5.0;2.4;1.1;3.2;0.95;
aunt-bessies-tidgy-toads-240g;Aunt Bessie's Mini Toads 240g;£1.60/unit;£6.67/kg;Ready meals & pies;frozen-ready-meals;191;11;12;1.4;11;3.4;3.6;0.73;
aunt-bessies-toad-in-the-hole-190g;Aunt Bessie's Toad In The Hole 190g;£1.00/unit;£5.26/kg;Ready meals & pies;frozen-ready-meals;206;9.1;17;2.0;11;3.4;1.4;0.83;
aunt-bessies-vegetarian-toad-in-the-hole-190g;Aunt Bessie's Vegetarian Toad In The Hole 190g;£1.70/unit;£8.95/kg;Meat free & vegetarian;meat-free-vegetarian;199;12;14;1.2;10;3.4;2.3;0.75;
aunt-bessies-yorkshire-pudding-mix-128g;Aunt Bessie's Yorkshire Pudding Mix 128g;£0.80/unit;£6.25/kg;Cooking ingredients & oils;cooking-ingredients-pastry-savoury-mixes;305;8.8;33.1;1.5;15.6;1.1;1.4;0.58;
aunt-bessies-yorkshire-pudding-mix-128g;Aunt Bessie's Yorkshire Pudding Mix 128g;£0.80/unit;£6.25/kg;Sugar & home baking;pastry-savoury-mixes;305;8.8;33.1;1.5;15.6;1.1;1.4;0.58;
aunt-bessies-yorkshire-puddings-perfect-for-chicken-220g;Aunt Bessie's Yorkshire Puddings, Sage & Onion x12 220g;£1.00/unit;£4.54/kg;Yorkshire puddings;frozen-yorkshire-puddings;252;9.2;38;2.7;6.5;0.8;2.9;0.68;
aunt-bessies-yorkshire-puddings-x12-220g;Aunt Bessie's Yorkshire Puddings x12 220g;£1.75/unit;£7.95/kg;Yorkshire puddings;frozen-yorkshire-puddings;247;8.4;38;1.7;6.3;0.7;2.4;0.69;
auntys-butterscotch---pecan-pudding-190g;Aunty's Butterscotch & Pecan Pudding 190g;£1.50/unit;£0.79/100g;Fruit & desserts;rice-sponge-pudding;308;3.8;53.2;34.9;7.2;1.9;1.0;0.6;
auntys-chocolate-fudge-steam-pudding-2x110g;Aunty's Chocolate Fudge Steam Pudding 2x100g;£1.50/unit;£0.75/100g;Fruit & desserts;rice-sponge-pudding;null;0;0;41;13;26;0;10;
auntys-ginger-syrup-steamed-pudding-2x110g;Aunty's Ginger Syrup Steamed Pudding 2x100g;£1.50/unit;£0.75/100g;Fruit & desserts;rice-sponge-pudding;null;0;0;47;6;6;0;10;
auntys-sticky-toffee-puddings-200g;Aunty's Sticky Toffee Puddings 200g;£1.50/unit;£0.75/100g;Fruit & desserts;rice-sponge-pudding;null;0;0;41;7;9;0;10;
auntys-strawberry-steamed-puddings-200g;Aunty's Strawberry Steamed Puddings 200g;£1.50/unit;£0.75/100g;Fruit & desserts;rice-sponge-pudding;null;0;0;44;6;7;0;11;
avengers-celebration-cake;Avengers Celebration Cake;£9.00/unit;£11.25/kg;Celebration cakes;celebration-cakes;405;2.5;68.4;54.3;13.4;2.9;null;0.39;
babybel-cheddar-net-of-6-120g;Mini Babybel Cheddar 6x20g;£1.00/unit;£8.34/kg;Cheese;snacking-lunchbox-cheese;null;null;null;null;null;null;null;null;
babybel-family-pack-12x20g;Mini Babybel 12x20g;£3.15/unit;£13.13/kg;Cheese;snacking-lunchbox-cheese;null;null;null;null;null;null;null;null;
babybel-light-240g-12-pack;Mini Babybel Light 12x20g;£3.15/unit;£13.13/kg;Cheese;healthier-choice-special-diet-cheese;null;25;0;0;12;8;null;1.8;
babybel-light-240g-12-pack;Mini Babybel Light 12x20g;£3.15/unit;£13.13/kg;Cheese;snacking-lunchbox-cheese;null;25;0;0;12;8;null;1.8;
babybel-light-6x20g;Mini Babybel Light 6x20g;£1.00/unit;£8.34/kg;Cheese;healthier-choice-special-diet-cheese;null;null;null;null;null;null;null;null;
babybel-light-6x20g;Mini Babybel Light 6x20g;£1.00/unit;£8.34/kg;Cheese;snacking-lunchbox-cheese;null;null;null;null;null;null;null;null;
baco-foil-sheets-x25;Baco Foil Sheets x25;£2.00/unit;£0.08/ea;Bread;sandwich-bags-food-storage;null;null;null;null;null;null;null;null;
baco-foil-sheets-x25;Baco Foil Sheets x25;£2.00/unit;£0.08/ea;Sugar & home baking;cake-cases---baking-accessories;null;null;null;null;null;null;null;null;
baco-non-stick-foil-10m;Baco Non-stick Foil 10m;£2.80/unit;£0.28/mtr;Bread;sandwich-bags-food-storage;null;null;null;null;null;null;null;null;
baco-non-stick-foil-10m;Baco Non-stick Foil 10m;£2.80/unit;£0.28/mtr;Sugar & home baking;cake-cases---baking-accessories;null;null;null;null;null;null;null;null;
bacofoil-300mm-x-10m;Baco Foil 300mmx10m;£2.30/unit;£0.23/mtr;Bread;sandwich-bags-food-storage;null;null;null;null;null;null;null;null;
bacofoil-300mm-x-10m;Baco Foil 300mmx10m;£2.30/unit;£0.23/mtr;Sugar & home baking;cake-cases---baking-accessories;null;null;null;null;null;null;null;null;
bacofoil-non-stick-450mm-x-5m;Baco Non-stick Foil 450mmx5m;£2.60/unit;£0.52/mtr;Bread;sandwich-bags-food-storage;null;null;null;null;null;null;null;null;
bacofoil-non-stick-450mm-x-5m;Baco Non-stick Foil 450mmx5m;£2.60/unit;£0.52/mtr;Sugar & home baking;cake-cases---baking-accessories;null;null;null;null;null;null;null;null;
bahlsen-chocolate-leibniz-caramel-135g;Bahlsen Chocolate Leibniz Caramel 135g;£1.50/unit;£1.11/100g;Biscuits & crackers;luxury-continental-biscuits;null;null;null;null;null;null;null;null;
bahlsen-chocolate-leibniz-white-125g;Bahlsen Chocolate Leibniz White 125g;£1.50/unit;£1.20/100g;Biscuits & crackers;chocolate-biscuits;null;null;null;null;null;null;null;null;
bahlsen-chocolate-leibniz-white-125g;Bahlsen Chocolate Leibniz White 125g;£1.50/unit;£1.20/100g;Biscuits & crackers;luxury-continental-biscuits;null;null;null;null;null;null;null;null;
bahlsen-first-class-milk-125g;Bahlsen First Class Milk 125g;£1.50/unit;£1.20/100g;Biscuits & crackers;luxury-continental-biscuits;null;null;null;null;null;null;null;null;
bahlsen-first-class-plainchoco-late-125g;Bahlsen First Class Plainchoco Late 125g;£1.50/unit;£1.20/100g;Biscuits & crackers;luxury-continental-biscuits;560;72;47;32;37;22;null;012;
bahlsen-hit-chocolate-creme-sandwich-biscuit-250g;Bahlsen Hit Chocolate Creme Sandwich Biscuit 220g;£1.00/unit;£0.45/100g;Biscuits & crackers;luxury-continental-biscuits;508;67;63;29;25;17;null;051;
bahlsen-orange-chocolate-leibniz-biscuit-125g;Bahlsen Choco Leibniz Biscuits, Orange Chocolate 125g;£1.50/unit;£1.20/100g;Biscuits & crackers;luxury-continental-biscuits;null;null;null;null;null;null;null;null;
bahlsen-pick-up%21-140g;Bahlsen Pick Up! 140g;£1.60/unit;£1.14/100g;Biscuits & crackers;luxury-continental-biscuits;511;6.9;61;35;26;15;null;0.49;
bahlsen-pick-up%21-black-n-white-x5-140g;Bahlsen Pick Up! Black N White x5 140g;£1.60/unit;£1.14/100g;Biscuits & crackers;biscuits-crackers-kids-lunchbox;null;null;null;null;null;null;null;null;
bahlsen-pick-up%21-black-n-white-x5-140g;Bahlsen Pick Up! Black N White x5 140g;£1.60/unit;£1.14/100g;Biscuits & crackers;chocolate-biscuits;null;null;null;null;null;null;null;null;
bahlsen-pick-up%21-black-n-white-x5-140g;Bahlsen Pick Up! Black N White x5 140g;£1.60/unit;£1.14/100g;Biscuits & crackers;luxury-continental-biscuits;null;null;null;null;null;null;null;null;
barny-bear-biscuits-chocolate-150g;Barny Bear Biscuits Chocolate 150g;£1.00/unit;£0.66/100g;Biscuits & crackers;biscuits-crackers-kids-lunchbox;390;5.9;59;32;15.5;4.5;1.3;0.83;
barny-bear-biscuits-chocolate-150g;Barny Bear Biscuits Chocolate 150g;£1.00/unit;£0.66/100g;Biscuits & crackers;chocolate-biscuits;390;5.9;59;32;15.5;4.5;1.3;0.83;
barny-bear-biscuits-milk-150g;Barny Bear Biscuits Milk 150g;£1.00/unit;£0.66/100g;Biscuits & crackers;biscuits-crackers-kids-lunchbox;390;6.1;58;29;15;2.2;1.3;0.83;
barny-bear-biscuits-milk-150g;Barny Bear Biscuits Milk 150g;£1.00/unit;£0.66/100g;Biscuits & crackers;everyday-biscuits-shortbread;390;6.1;58;29;15;2.2;1.3;0.83;
barny-bear-biscuits-strawberry-150g;Barny Bear Biscuits Strawberry 150g;£1.00/unit;£0.66/100g;Biscuits & crackers;biscuits-crackers-kids-lunchbox;355;4.6;64;30;11;1.5;1.3;0.78;
barratt-flumps-marshmallow-twist;Candyland Flumps Twist;£0.10/unit;£0.10/ea;Confectionery;sweets;null;null;null;null;null;null;null;null;
barratt-refreshers-roll;Candyland Refreshers Roll;£0.35/unit;£0.35/ea;Confectionery;sweets;380;0;89.1;88.7;1.4;0.7;0;2.76;
barratt-sherbet-dip-dab-23g;Candyland Sherbet Dip Dab 23g;£0.35/unit;£1.52/100g;Confectionery;sweets;386;0;95.2;81.4;0.6;0.3;0.5;2.19;
barratt-sherbet-fountain;Candyland Sherbet Fountain;£0.35/unit;£0.35/ea;Confectionery;sweets;373;1.0;91.0;82.6;0.4;0.2;null;3.25;
bartletts-rooster-potatoes-2kg;Albert Bartlett Rooster Potatoes 2kg;£2.00/unit;£1.00/kg;Fresh vegetables;potatoes;81;1.8;17.5;0.8;0.1;0;1.6;0;
bassetts-jelly-babies-460g;Bassetts Jelly Babies 460g;£2.00/unit;£0.37/100g;Confectionery;gifting-boxed-chocolate;335;3.5;79.7;75.4;0;0;0;0.03;
bassetts-jelly-babies-460g;Bassetts Jelly Babies 460g;£2.00/unit;£0.37/100g;Confectionery;sweets;335;3.5;79.7;75.4;0;0;0;0.03;
bassetts-jelly-babies-berry-mix-sweets-bag-190g;Bassetts Jelly Babies Berry Mix Sweets Bag 190g;£1.50/unit;£0.79/100g;Confectionery;sweets;340;3.6;80;76;0;0;null;0.03;
bassetts-jelly-bunnies-sweets-bag-190g;Bassetts Jelly Bunnies Sweets Bag 190g;£1.00/unit;£0.53/100g;Confectionery;easter-eggs;330;3.5;78.5;74;0;0;null;0.03;
bassetts-jelly-bunnies-sweets-bag-190g;Bassetts Jelly Bunnies Sweets Bag 190g;£1.00/unit;£0.53/100g;Confectionery;sweets;330;3.5;78.5;74;0;0;null;0.03;
bassetts-liquorice-allsorts-460g;Bassetts Liquorice Allsorts 460g;£2.00/unit;£0.43/100g;Confectionery;sweets;380;5.6;77.8;62.2;4.2;3.5;1.2;0.10;
bassetts-mint-creams-200g;Bassetts Mint Creams 200g;£1.50/unit;£0.75/100g;Confectionery;mints-chewing-gum;365;0;91.8;null;0;null;null;null;
bassetts-mint-creams-200g;Bassetts Mint Creams 200g;£1.50/unit;£0.75/100g;Confectionery;sweets;365;0;91.8;null;0;null;null;null;
bassetts-murray-mints-200g;Bassetts Murray Mints 200g;£1.50/unit;£0.75/100g;Confectionery;mints-chewing-gum;410;0;90;90;5.5;2.6;null;0.33;
bassetts-murray-mints-200g;Bassetts Murray Mints 200g;£1.50/unit;£0.75/100g;Confectionery;sweets;410;0;90;90;5.5;2.6;null;0.33;
bastides-french-saucisson-sec-200g;Bastides French Saucisson Sec 200g;£3.00/unit;£1.50/100g;Cooked meats & snacking;mfp-continental-meats;448;316;14;04;351;132;30;509;
bastides-french-saucisson-sec-200g;Bastides French Saucisson Sec 200g;£3.00/unit;£1.50/100g;Cooked meats & snacking;mfp-snacking-cooked-sausage;448;316;14;04;351;132;30;509;
bastides-french-saucisson-sec-200g;Bastides French Saucisson Sec 200g;£3.00/unit;£1.50/100g;Cooked meats, pate & sandwich fillers;continental-meats;448;316;14;04;351;132;30;509;
bastides-french-saucisson-sec-200g;Bastides French Saucisson Sec 200g;£3.00/unit;£1.50/100g;Cooked meats, pate & sandwich fillers;snacking-cooked-sausage;448;316;14;04;351;132;30;509;
batchelors-bigga-dried-marrowfat-peas-250g;Batchelors Bigga Dried Marrowfat Peas 250g;£0.55/unit;£2.20/kg;Canned, tinned & packaged foods;pulses-beans;115;6.3;18.9;0.7;0.7;0.1;3.8;1.00;
batchelors-bigga-morrowfat-peas-300g;Batchelors Bigga Marrowfat Peas 300g (180g*);£0.50/unit;£2.78/kg;Canned, tinned & packaged foods;canned-tinned-packaged-vegetables;85;5.6;11.8;1.7;0.6;0.1;5.0;0.45;
batchelors-chicken-mushroom-supnood-100g;Batchelors Super Noodles, Chicken & Mushroom  100g;£0.80/unit;£8.00/kg;Cooking sauces & world foods;world-foods-instant-snack-meals;178;3.2;23.1;1.5;8.0;4.0;0.5;0.44;
batchelors-chicken-mushroom-supnood-100g;Batchelors Super Noodles, Chicken & Mushroom  100g;£0.80/unit;£8.00/kg;Rice, pasta & noodles;instant-snack-meals;178;3.2;23.1;1.5;8.0;4.0;0.5;0.44;
batchelors-chicken-mushroom-supnood-100g;Batchelors Super Noodles, Chicken & Mushroom  100g;£0.80/unit;£8.00/kg;Rice, pasta & noodles;noodles;178;3.2;23.1;1.5;8.0;4.0;0.5;0.44;
batchelors-cup-a-soup--broccoli---cauliflower-x4-101g;Batchelors Cup a Soup, Broccoli & Cauliflower x4 101g;£1.20/unit;£1.19/100g;Canned, tinned & packaged foods;soups;42;0.7;5.0;1.2;2.0;1.4;0.8;0.53;
batchelors-cup-a-soup--chicken---leek-x4-86g;Batchelors Cup a Soup, Chicken & Leek x4 86g;£1.20/unit;£1.40/100g;Canned, tinned & packaged foods;soups;37;0.4;5.1;1.1;1.6;0.9;0.4;0.55;
batchelors-cup-a-soup--chicken---vegetable-with-croutons-x4-110g;Batchelors Cup a Soup, Chicken & Vegetable With Croutons x4 110g;£1.20/unit;£1.09/100g;Canned, tinned & packaged foods;soups;51;0.5;6.6;1.1;2.4;1.4;0.6;0.55;
batchelors-cup-a-soup--chicken-x4-81g;Batchelors Cup a Soup, Chicken x4 81g;£1.20/unit;£1.48/100g;Canned, tinned & packaged foods;soups;40;0.6;4.5;0.8;2.1;1.3;0.2;0.53;
batchelors-cup-a-soup--golden-vegetable-x4-82g;Batchelors Cup a Soup, Golden Vegetable x4 82g;£1.20/unit;£1.46/100g;Canned, tinned & packaged foods;soups;33;0.4;5.5;1.3;0.9;0.5;0.5;0.55;
batchelors-cup-a-soup--tomato-x4-93g;Batchelors Cup a Soup, Tomato x4 93g;£1.20/unit;£1.29/100g;Canned, tinned & packaged foods;soups;35;0.4;6.5;3.5;0.8;0.4;0.3;0.50;
batchelors-cup-a-soup-creamy-potato---leek;Batchelors Cup a Soup, Creamy Potato & Leek x4 107g;£1.20/unit;£1.12/100g;Canned, tinned & packaged foods;soups;44;0.8;6.0;1.5;1.7;1.0;0.8;0.53;
batchelors-cup-a-soup-original--cream-of-asparagus-x4-117g;Batchelors Cup a Soup Original, Cream of Asparagus x4 117g;£1.20/unit;£1.03/100g;Canned, tinned & packaged foods;soups;53;0.4;7.0;1.5;2.5;1.5;0.6;0.55;
batchelors-cup-a-soup-original--cream-of-mushroom-x4-99g;Batchelors Cup a Soup Original, Cream of Mushroom x4 99g;£1.20/unit;£1.21/100g;Canned, tinned & packaged foods;soups;47;0.4;5.9;1.0;2.5;1.4;0.2;0.58;
batchelors-cup-a-soup-special--chicken-noodle-x4-94g;Batchelors Cup a Soup Special, Chicken Noodle x4 94g;£1.20/unit;£1.28/100g;Canned, tinned & packaged foods;soups;37;1.4;6.6;0.8;0.5;0.1;0.2;0.53;
batchelors-cup-a-soup-special--cream-of-vegetable-x4-120g;Batchelors Cup a Soup Special, Cream of Vegetable x4 120g;£1.20/unit;£1.00/100g;Canned, tinned & packaged foods;soups;54;0.7;6.6;1.4;2.5;1.3;1.0;0.48;
batchelors-cup-a-soup-special--minestrone-x4-94g;Batchelors Cup a Soup Special, Minestrone x4 94g;£1.20/unit;£1.28/100g;Canned, tinned & packaged foods;soups;36;0.7;6.5;1.9;0.7;0.3;0.5;0.20;
batchelors-cup-a-soup-special--tomato---vegetable-x4-104g;Batchelors Cup a Soup Special, Tomato & Vegetable x4 104g;£1.20/unit;£1.15/100g;Canned, tinned & packaged foods;soups;43;1.1;7.1;2.8;1.0;0.5;0.6;0.50;
batchelors-deli-box--bolognese-pasta-75g;Batchelors Deli Box, Bolognese Pasta 75g;£1.20/unit;£16.00/kg;Cooking sauces & world foods;world-foods-instant-snack-meals;100;3.3;20.0;3.2;0.5;0.1;1.0;0.40;
batchelors-deli-box--bolognese-pasta-75g;Batchelors Deli Box, Bolognese Pasta 75g;£1.20/unit;£16.00/kg;Rice, pasta & noodles;instant-snack-meals;100;3.3;20.0;3.2;0.5;0.1;1.0;0.40;
batchelors-deli-box--chicken-cous-cous-75g;Batchelors Deli Box, Chicken Cous Cous 98g;£1.20/unit;£12.24/kg;Cooking sauces & world foods;world-foods-instant-snack-meals;119;4.7;21.7;2.2;1.1;0.3;1.6;0.40;
batchelors-deli-box--chicken-cous-cous-75g;Batchelors Deli Box, Chicken Cous Cous 98g;£1.20/unit;£12.24/kg;Rice, pasta & noodles;couscous-grains;119;4.7;21.7;2.2;1.1;0.3;1.6;0.40;
batchelors-deli-box--chicken-cous-cous-75g;Batchelors Deli Box, Chicken Cous Cous 98g;£1.20/unit;£12.24/kg;Rice, pasta & noodles;instant-snack-meals;119;4.7;21.7;2.2;1.1;0.3;1.6;0.40;
batchelors-deli-box--roasted-vegetable-cous-cous-75g;Batchelors Deli Box, Roasted Vegetable Cous Cous 98g;£1.20/unit;£12.24/kg;Cooking sauces & world foods;world-foods-instant-snack-meals;116;4.0;22.1;2.4;0.9;0.2;1.7;0.20;
batchelors-deli-box--roasted-vegetable-cous-cous-75g;Batchelors Deli Box, Roasted Vegetable Cous Cous 98g;£1.20/unit;£12.24/kg;Rice, pasta & noodles;couscous-grains;116;4.0;22.1;2.4;0.9;0.2;1.7;0.20;
batchelors-deli-box--roasted-vegetable-cous-cous-75g;Batchelors Deli Box, Roasted Vegetable Cous Cous 98g;£1.20/unit;£12.24/kg;Rice, pasta & noodles;instant-snack-meals;116;4.0;22.1;2.4;0.9;0.2;1.7;0.20;
batchelors-deli-box-pasta-cheese---broccoli-75g;Batchelors Deli Box, Cheese & Broccoli Pasta 75g;£1.20/unit;£16.00/kg;Cooking sauces & world foods;world-foods-instant-snack-meals;106;3.5;18.5;0.8;1.8;1.1;1.0;0.40;
batchelors-deli-box-pasta-cheese---broccoli-75g;Batchelors Deli Box, Cheese & Broccoli Pasta 75g;£1.20/unit;£16.00/kg;Rice, pasta & noodles;instant-snack-meals;106;3.5;18.5;0.8;1.8;1.1;1.0;0.40;
batchelors-delibox-bbq-beef-noodles-75g;Batchelors Deli Box, BBQ Beef Noodles 75g;£1.20/unit;£16.00/kg;Cooking sauces & world foods;world-foods-instant-snack-meals;109;4.0;20.6;2.2;2.2;0.9;1.0;0.40;
batchelors-delibox-bbq-beef-noodles-75g;Batchelors Deli Box, BBQ Beef Noodles 75g;£1.20/unit;£16.00/kg;Rice, pasta & noodles;instant-snack-meals;109;4.0;20.6;2.2;2.2;0.9;1.0;0.40;
batchelors-delibox-bbq-beef-noodles-75g;Batchelors Deli Box, BBQ Beef Noodles 75g;£1.20/unit;£16.00/kg;Rice, pasta & noodles;noodles;109;4.0;20.6;2.2;2.2;0.9;1.0;0.40;
batchelors-delibox-chicken-noodles-75g;Batchelors Deli Box, Chicken Noodles 75g;£1.20/unit;£16.00/kg;Cooking sauces & world foods;world-foods-instant-snack-meals;102;3.8;19.1;1.3;1.0;0.4;1.0;0.37;
batchelors-delibox-chicken-noodles-75g;Batchelors Deli Box, Chicken Noodles 75g;£1.20/unit;£16.00/kg;Rice, pasta & noodles;instant-snack-meals;102;3.8;19.1;1.3;1.0;0.4;1.0;0.37;
batchelors-delibox-chicken-noodles-75g;Batchelors Deli Box, Chicken Noodles 75g;£1.20/unit;£16.00/kg;Rice, pasta & noodles;noodles;102;3.8;19.1;1.3;1.0;0.4;1.0;0.37;
batchelors-delibox-curry-noodles-75g;Batchelors Deli Box, Curry Noodles 75g;£1.20/unit;£16.00/kg;Cooking sauces & world foods;world-foods-instant-snack-meals;108;3.9;20.2;2.2;0.9;0.4;1.5;0.50;
batchelors-delibox-curry-noodles-75g;Batchelors Deli Box, Curry Noodles 75g;£1.20/unit;£16.00/kg;Rice, pasta & noodles;instant-snack-meals;108;3.9;20.2;2.2;0.9;0.4;1.5;0.50;
batchelors-delibox-curry-noodles-75g;Batchelors Deli Box, Curry Noodles 75g;£1.20/unit;£16.00/kg;Rice, pasta & noodles;noodles;108;3.9;20.2;2.2;0.9;0.4;1.5;0.50;
batchelors-mushy-processed-peas-300g;Batchelors Original Mushy Peas 300g;£0.50/unit;£1.67/kg;Canned, tinned & packaged foods;canned-tinned-packaged-vegetables;87;5.9;13.1;1.4;0.4;0.2;3.9;0.45;
batchelors-noodle-pot-shot-chicken-46g;Batchelors Cup-a-Noodle, Chicken 46g;£0.80/unit;£16.67/kg;Cooking sauces & world foods;world-foods-instant-snack-meals;78;2.3;14.2;1.0;1.2;0.7;0.5;0.36;
batchelors-noodle-pot-shot-chicken-46g;Batchelors Cup-a-Noodle, Chicken 46g;£0.80/unit;£16.67/kg;Rice, pasta & noodles;instant-snack-meals;78;2.3;14.2;1.0;1.2;0.7;0.5;0.36;
batchelors-noodle-pot-shot-chicken-46g;Batchelors Cup-a-Noodle, Chicken 46g;£0.80/unit;£16.67/kg;Rice, pasta & noodles;noodles;78;2.3;14.2;1.0;1.2;0.7;0.5;0.36;
batchelors-noodle-pot-shot-curry-46g;Batchelors Cup-a-Noodle, Curry 46g;£0.80/unit;£16.67/kg;Cooking sauces & world foods;world-foods-instant-snack-meals;73;2.2;14.4;1.3;0.6;0.3;0.5;0.37;
batchelors-noodle-pot-shot-curry-46g;Batchelors Cup-a-Noodle, Curry 46g;£0.80/unit;£16.67/kg;Rice, pasta & noodles;instant-snack-meals;73;2.2;14.4;1.3;0.6;0.3;0.5;0.37;
batchelors-noodle-pot-shot-curry-46g;Batchelors Cup-a-Noodle, Curry 46g;£0.80/unit;£16.67/kg;Rice, pasta & noodles;noodles;73;2.2;14.4;1.3;0.6;0.3;0.5;0.37;
batchelors-pasta---sauce--cheese---broccoli-123g;Batchelors Pasta & Sauce, Cheese & Broccoli 110g;£1.00/unit;£9.09/kg;Cooking sauces & world foods;world-foods-instant-snack-meals;138;5.4;24.3;2.5;2.0;1.0;1.0;0.39;
batchelors-pasta---sauce--cheese---broccoli-123g;Batchelors Pasta & Sauce, Cheese & Broccoli 110g;£1.00/unit;£9.09/kg;Rice, pasta & noodles;instant-snack-meals;138;5.4;24.3;2.5;2.0;1.0;1.0;0.39;
batchelors-pasta---sauce--cheese--leek---ham-120g;Batchelors Pasta N Sauce Cheese, Leek & Ham 110g;£1.00/unit;£9.09/kg;Cooking sauces & world foods;world-foods-instant-snack-meals;134;5.5;22.6;2.6;2.3;1.2;0.8;0.39;
batchelors-pasta---sauce--cheese--leek---ham-120g;Batchelors Pasta N Sauce Cheese, Leek & Ham 110g;£1.00/unit;£9.09/kg;Rice, pasta & noodles;instant-snack-meals;134;5.5;22.6;2.6;2.3;1.2;0.8;0.39;
batchelors-pasta---sauce--chicken---mushroom-122g;Batchelors Pasta N Sauce Chicken & Mushroom 110g;£1.00/unit;£9.09/kg;Cooking sauces & world foods;world-foods-instant-snack-meals;115;4.4;21.8;2.2;1.0;0.4;0.7;0.38;
batchelors-pasta---sauce--chicken---mushroom-122g;Batchelors Pasta N Sauce Chicken & Mushroom 110g;£1.00/unit;£9.09/kg;Rice, pasta & noodles;instant-snack-meals;115;4.4;21.8;2.2;1.0;0.4;0.7;0.38;
batchelors-pasta---sauce--tomato--onion---herb-128g;Batchelors Pasta N Sauce Tomato, Onion & Herb 110g;£1.00/unit;£9.09/kg;Cooking sauces & world foods;world-foods-instant-snack-meals;132;5.2;24.5;5.3;1.2;0.4;1.3;0.50;
batchelors-pasta---sauce--tomato--onion---herb-128g;Batchelors Pasta N Sauce Tomato, Onion & Herb 110g;£1.00/unit;£9.09/kg;Rice, pasta & noodles;instant-snack-meals;132;5.2;24.5;5.3;1.2;0.4;1.3;0.50;
batchelors-pasta---serve-macaroni;Batchelors Pasta N Sauce Macaroni 108g;£1.00/unit;£9.26/kg;Cooking sauces & world foods;world-foods-instant-snack-meals;124;5.6;19.8;2.7;2.3;1.9;0.7;0.37;
batchelors-pasta---serve-macaroni;Batchelors Pasta N Sauce Macaroni 108g;£1.00/unit;£9.26/kg;Rice, pasta & noodles;instant-snack-meals;124;5.6;19.8;2.7;2.3;1.9;0.7;0.37;
batchelors-pasta-pot-shots-chicken-flavour-46g;Batchelors Cup-a-Pasta, Roast Chicken 43g;£0.80/unit;£18.60/kg;Cooking sauces & world foods;world-foods-instant-snack-meals;73;2.2;14.2;0.4;0.7;0.4;0.5;0.38;
batchelors-pasta-pot-shots-chicken-flavour-46g;Batchelors Cup-a-Pasta, Roast Chicken 43g;£0.80/unit;£18.60/kg;Rice, pasta & noodles;instant-snack-meals;73;2.2;14.2;0.4;0.7;0.4;0.5;0.38;
batchelors-pasta-pot-shots-creamy-cheese-43g;Batchelors Cup-a-Pasta, Creamy Cheese 45g;£0.80/unit;£17.78/kg;Cooking sauces & world foods;world-foods-instant-snack-meals;76;2.5;12.9;0.5;1.5;0.9;0.4;0.36;
batchelors-pasta-pot-shots-creamy-cheese-43g;Batchelors Cup-a-Pasta, Creamy Cheese 45g;£0.80/unit;£17.78/kg;Rice, pasta & noodles;instant-snack-meals;76;2.5;12.9;0.5;1.5;0.9;0.4;0.36;
batchelors-pasta-pot-shots-tomato---herb-48g;Batchelors Cup-a-Pasta, Tomato & Herb 49g;£0.80/unit;£16.33/kg;Cooking sauces & world foods;world-foods-instant-snack-meals;78;2.6;15.6;2.8;0.4;0.1;0.9;0.38;
batchelors-pasta-pot-shots-tomato---herb-48g;Batchelors Cup-a-Pasta, Tomato & Herb 49g;£0.80/unit;£16.33/kg;Rice, pasta & noodles;instant-snack-meals;78;2.6;15.6;2.8;0.4;0.1;0.9;0.38;
batchelors-roast-beef-super-noodles-100g;Batchelors Super Noodles, Roast Beef Super 100g;£0.80/unit;£8.00/kg;Cooking sauces & world foods;world-foods-instant-snack-meals;178;3.2;23.2;1.3;7.9;4.0;0.4;0.44;
batchelors-roast-beef-super-noodles-100g;Batchelors Super Noodles, Roast Beef Super 100g;£0.80/unit;£8.00/kg;Rice, pasta & noodles;instant-snack-meals;178;3.2;23.2;1.3;7.9;4.0;0.4;0.44;
batchelors-roast-beef-super-noodles-100g;Batchelors Super Noodles, Roast Beef Super 100g;£0.80/unit;£8.00/kg;Rice, pasta & noodles;noodles;178;3.2;23.2;1.3;7.9;4.0;0.4;0.44;
batchelors-slim-a-soup--chicken---leek-x4-44g-7506108-p-44;Batchelors Slim a Soup, Chicken & Leek x4 44g;£1.20/unit;£2.73/100g;Canned, tinned & packaged foods;soups;25;0.5;3.8;0.3;0.8;0.5;0.2;0.58;
batchelors-slim-a-soup--minestrone-x4-61g;Batchelors Slim a Soup, Minestrone x4 61g;£1.20/unit;£0.49/100g;Canned, tinned & packaged foods;soups;29;0.8;4.9;1.8;0.6;0.3;0.6;0.58;
batchelors-super-rice-beef-100g;Batchelors Super Rice Beef 100g;£0.80/unit;£8.00/kg;Cooking sauces & world foods;world-foods-instant-snack-meals;156;5.0;30.9;2.2;1.1;0.3;1.5;0.47;
batchelors-super-rice-beef-100g;Batchelors Super Rice Beef 100g;£0.80/unit;£8.00/kg;Rice, pasta & noodles;instant-snack-meals;156;5.0;30.9;2.2;1.1;0.3;1.5;0.47;
batchelors-super-rice-beef-100g;Batchelors Super Rice Beef 100g;£0.80/unit;£8.00/kg;Rice, pasta & noodles;rice-12592-44;156;5.0;30.9;2.2;1.1;0.3;1.5;0.47;
batchelors-super-rice-chicken-100g;Batchelors Super Rice Chicken 100g;£0.80/unit;£8.00/kg;Cooking sauces & world foods;world-foods-instant-snack-meals;155;4.3;32.1;1.1;0.9;0.2;1.3;0.38;
batchelors-super-rice-chicken-100g;Batchelors Super Rice Chicken 100g;£0.80/unit;£8.00/kg;Rice, pasta & noodles;instant-snack-meals;155;4.3;32.1;1.1;0.9;0.2;1.3;0.38;
batchelors-super-rice-chicken-100g;Batchelors Super Rice Chicken 100g;£0.80/unit;£8.00/kg;Rice, pasta & noodles;rice-12592-44;155;4.3;32.1;1.1;0.9;0.2;1.3;0.38;
batchelors-super-rice-chinese-100g;Batchelors Super Rice Chinese 100g;£0.80/unit;£8.00/kg;Cooking sauces & world foods;world-foods-instant-snack-meals;157;3.9;32.4;2.9;1.0;0.2;1.1;0.19;
batchelors-super-rice-chinese-100g;Batchelors Super Rice Chinese 100g;£0.80/unit;£8.00/kg;Rice, pasta & noodles;instant-snack-meals;157;3.9;32.4;2.9;1.0;0.2;1.1;0.19;
batchelors-super-rice-chinese-100g;Batchelors Super Rice Chinese 100g;£0.80/unit;£8.00/kg;Rice, pasta & noodles;rice-12592-44;157;3.9;32.4;2.9;1.0;0.2;1.1;0.19;
batchelors-super-rice-curry-100g;Batchelors Super Rice Curry 100g;£0.80/unit;£8.00/kg;Cooking sauces & world foods;world-foods-instant-snack-meals;156;4.3;32.3;2.3;0.9;0.3;0.9;0.47;
batchelors-super-rice-curry-100g;Batchelors Super Rice Curry 100g;£0.80/unit;£8.00/kg;Rice, pasta & noodles;instant-snack-meals;156;4.3;32.3;2.3;0.9;0.3;0.9;0.47;
batchelors-super-rice-curry-100g;Batchelors Super Rice Curry 100g;£0.80/unit;£8.00/kg;Rice, pasta & noodles;rice-12592-44;156;4.3;32.3;2.3;0.9;0.3;0.9;0.47;
batchelors-super-rice-golden-vegetable-100g;Batchelors Super Rice Golden Vegetable 100g;£0.80/unit;£8.00/kg;Cooking sauces & world foods;world-foods-instant-snack-meals;155;4.5;31.7;1.2;0.9;0.2;1.3;0.42;
batchelors-super-rice-golden-vegetable-100g;Batchelors Super Rice Golden Vegetable 100g;£0.80/unit;£8.00/kg;Rice, pasta & noodles;instant-snack-meals;155;4.5;31.7;1.2;0.9;0.2;1.3;0.42;
batchelors-super-rice-golden-vegetable-100g;Batchelors Super Rice Golden Vegetable 100g;£0.80/unit;£8.00/kg;Rice, pasta & noodles;rice-12592-44;155;4.5;31.7;1.2;0.9;0.2;1.3;0.42;
batchelors-supernoodles--bacon-100g;Batchelors Super Noodles, Bacon 100g;£0.80/unit;£8.00/kg;Cooking sauces & world foods;world-foods-instant-snack-meals;176;3.2;22.8;1.2;7.9;3.9;0.5;0.44;
batchelors-supernoodles--bacon-100g;Batchelors Super Noodles, Bacon 100g;£0.80/unit;£8.00/kg;Rice, pasta & noodles;instant-snack-meals;176;3.2;22.8;1.2;7.9;3.9;0.5;0.44;
batchelors-supernoodles--bacon-100g;Batchelors Super Noodles, Bacon 100g;£0.80/unit;£8.00/kg;Rice, pasta & noodles;noodles;176;3.2;22.8;1.2;7.9;3.9;0.5;0.44;
batchelors-supernoodles--barbecue-100g;Batchelors Super Noodles, Barbecue 100g;£0.80/unit;£8.00/kg;Cooking sauces & world foods;world-foods-instant-snack-meals;176;3.2;22.9;1.0;7.9;3.9;0.5;0.44;
batchelors-supernoodles--barbecue-100g;Batchelors Super Noodles, Barbecue 100g;£0.80/unit;£8.00/kg;Rice, pasta & noodles;instant-snack-meals;176;3.2;22.9;1.0;7.9;3.9;0.5;0.44;
batchelors-supernoodles--barbecue-100g;Batchelors Super Noodles, Barbecue 100g;£0.80/unit;£8.00/kg;Rice, pasta & noodles;noodles;176;3.2;22.9;1.0;7.9;3.9;0.5;0.44;
batchelors-supernoodles--chicken-100g;Batchelors Super Noodles, Chicken 100g;£0.80/unit;£8.00/kg;Cooking sauces & world foods;world-foods-instant-snack-meals;176;3.1;22.8;1.1;7.9;3.9;0.5;0.43;
batchelors-supernoodles--chicken-100g;Batchelors Super Noodles, Chicken 100g;£0.80/unit;£8.00/kg;Rice, pasta & noodles;instant-snack-meals;176;3.1;22.8;1.1;7.9;3.9;0.5;0.43;
batchelors-supernoodles--chicken-100g;Batchelors Super Noodles, Chicken 100g;£0.80/unit;£8.00/kg;Rice, pasta & noodles;noodles;176;3.1;22.8;1.1;7.9;3.9;0.5;0.43;
batchelors-supernoodles--chinese-chow-mein-100g;Batchelors Super Noodles, Chinese Chow Mein 100g;£0.80/unit;£8.00/kg;Cooking sauces & world foods;world-foods-instant-snack-meals;177;3.1;23.2;1.5;7.9;3.9;0.4;0.43;
batchelors-supernoodles--chinese-chow-mein-100g;Batchelors Super Noodles, Chinese Chow Mein 100g;£0.80/unit;£8.00/kg;Rice, pasta & noodles;instant-snack-meals;177;3.1;23.2;1.5;7.9;3.9;0.4;0.43;
batchelors-supernoodles--chinese-chow-mein-100g;Batchelors Super Noodles, Chinese Chow Mein 100g;£0.80/unit;£8.00/kg;Rice, pasta & noodles;noodles;177;3.1;23.2;1.5;7.9;3.9;0.4;0.43;
batchelors-supernoodles--mild-curry-100g;Batchelors Super Noodles, Mild Curry 100g;£0.80/unit;£8.00/kg;Cooking sauces & world foods;world-foods-instant-snack-meals;176;3.2;22.9;1.2;7.9;3.9;0.4;0.43;
batchelors-supernoodles--mild-curry-100g;Batchelors Super Noodles, Mild Curry 100g;£0.80/unit;£8.00/kg;Rice, pasta & noodles;instant-snack-meals;176;3.2;22.9;1.2;7.9;3.9;0.4;0.43;
batchelors-supernoodles--mild-curry-100g;Batchelors Super Noodles, Mild Curry 100g;£0.80/unit;£8.00/kg;Rice, pasta & noodles;noodles;176;3.2;22.9;1.2;7.9;3.9;0.4;0.43;
batchelors-supernoodles-chicken---herb-85g;Batchelors Super Noodles, Chicken & Herb 85g;£0.80/unit;£9.41/kg;Cooking sauces & world foods;world-foods-instant-snack-meals;103;3.6;20.9;1.6;0.4;0.1;0.1;0.51;
batchelors-supernoodles-chicken---herb-85g;Batchelors Super Noodles, Chicken & Herb 85g;£0.80/unit;£9.41/kg;Rice, pasta & noodles;instant-snack-meals;103;3.6;20.9;1.6;0.4;0.1;0.1;0.51;
batchelors-supernoodles-chicken---herb-85g;Batchelors Super Noodles, Chicken & Herb 85g;£0.80/unit;£9.41/kg;Rice, pasta & noodles;noodles;103;3.6;20.9;1.6;0.4;0.1;0.1;0.51;
batchelors-supernoodles-chilli-chicken-85g;Batchelors Super Noodles, Chilli Chicken 85g;£0.80/unit;£9.41/kg;Cooking sauces & world foods;world-foods-instant-snack-meals;103;3.5;21.1;1.8;0.4;0.1;0.1;0.51;
batchelors-supernoodles-chilli-chicken-85g;Batchelors Super Noodles, Chilli Chicken 85g;£0.80/unit;£9.41/kg;Rice, pasta & noodles;instant-snack-meals;103;3.5;21.1;1.8;0.4;0.1;0.1;0.51;
batchelors-supernoodles-chilli-chicken-85g;Batchelors Super Noodles, Chilli Chicken 85g;£0.80/unit;£9.41/kg;Rice, pasta & noodles;noodles;103;3.5;21.1;1.8;0.4;0.1;0.1;0.51;
batchelors-supernoodles-sweet-thai-85g;Batchelors Super Noodles, Sweet Thai 85g;£0.80/unit;£9.41/kg;Cooking sauces & world foods;world-foods-instant-snack-meals;327;11.5;74.3;7.7;1.5;0.5;0.3;1.43;
batchelors-supernoodles-sweet-thai-85g;Batchelors Super Noodles, Sweet Thai 85g;£0.80/unit;£9.41/kg;Rice, pasta & noodles;instant-snack-meals;327;11.5;74.3;7.7;1.5;0.5;0.3;1.43;
batchelors-supernoodles-sweet-thai-85g;Batchelors Super Noodles, Sweet Thai 85g;£0.80/unit;£9.41/kg;Rice, pasta & noodles;noodles;327;11.5;74.3;7.7;1.5;0.5;0.3;1.43;
batchelors-thick---creamy-cup-a-soup-tomato---basil-x4-104g;Batchelors Cup a Soup, Tomato & Basil x4 104g;£1.20/unit;£1.15/100g;Canned, tinned & packaged foods;soups;36;0.6;6.6;2.6;0.7;0.5;0.4;0.58;
batman-cake-913g;Batman Cake 913g;£9.00/unit;£9.86/kg;Celebration cakes;celebration-cakes;359;2.5;65.1;50.0;9.7;2.7;0.5;0.45;
baxters-alberts-victorian-chutney-312g;Baxters Alberts Victorian Chutney 312g;£1.60/unit;£0.51/100g;Table sauces, dressings & condiments;chutney-pickle-relishes;156;1.0;35.9;32.9;0.3;0.1;1.9;2.1;
baxters-alberts-victorian-chutney-312g;Baxters Alberts Victorian Chutney 312g;£1.60/unit;£0.51/100g;Vinegar, pickles, olives & antipasti;chutneys-pickle-relishes;156;1.0;35.9;32.9;0.3;0.1;1.9;2.1;
baxters-baby-beetroot-567g-%28410g*%29;Baxters Baby Beetroot 567g (410g*);£1.50/unit;£0.37/100g;Vinegar, pickles, olives & antipasti;pickled-food;26;0.9;5.0;4.6;0.5;0.1;1.2;0.2;
baxters-baby-beetroot-in-sweet-vinegar-340g;Baxters Baby Beetroot In Sweet Vinegar 340g (230g*);£1.20/unit;£0.52/100g;Vinegar, pickles, olives & antipasti;beetroot;26;0.9;5.0;4.6;0.5;0.1;1.2;0.2;
baxters-baby-beetroot-in-sweet-vinegar-340g;Baxters Baby Beetroot In Sweet Vinegar 340g (230g*);£1.20/unit;£0.52/100g;Vinegar, pickles, olives & antipasti;pickled-food;26;0.9;5.0;4.6;0.5;0.1;1.2;0.2;
baxters-caramelised-onion-chutney-320g;Baxters Caramelised Onion Chutney 320g;£1.60/unit;£0.50/100g;Table sauces, dressings & condiments;chutney-pickle-relishes;206;0.7;49.6;47.9;0.4;0.2;0.9;0.4;
baxters-caramelised-onion-chutney-320g;Baxters Caramelised Onion Chutney 320g;£1.60/unit;£0.50/100g;Vinegar, pickles, olives & antipasti;chutneys-pickle-relishes;206;0.7;49.6;47.9;0.4;0.2;0.9;0.4;
baxters-carrot---butterbean-soup-400g;Baxters Carrot & Butterbean Soup 400g;£1.10/unit;£0.28/100g;Canned, tinned & packaged foods;soups;58;1.7;7.2;2.7;1.9;0.2;2.2;0.7;
baxters-carrot---coriander-soup-400g;Baxters Carrot & Coriander Soup 400g;£1.10/unit;£0.28/100g;Canned, tinned & packaged foods;soups;42;0.7;5.9;3.3;1.4;0.4;1.1;0.8;
baxters-chunky--country-vegetable-soup-400g;Baxters Hearty Country Vegetable Soup 400g;£1.00/unit;£0.25/100g;Canned, tinned & packaged foods;soups;48;1.9;7.5;2.8;0.6;0.3;1.9;0.6;
baxters-chunky--smokey-bacon---3-bean-soup-400g;Baxters Hearty Smoked Bacon and Three Bean Soup 400g;£1.00/unit;£0.25/100g;Canned, tinned & packaged foods;soups;52;2.5;7.3;2.9;0.7;0.2;1.8;0.6;
baxters-chunky-beef---vegetable-soup-400g;Baxters Hearty Beef & Vegetable Soup 400g;£1.00/unit;£0.25/100g;Canned, tinned & packaged foods;soups;47;2.4;6.9;2.2;0.5;0.1;0.9;0.6;
baxters-chunky-vegetable-with-chicken-400g;Baxters Hearty Chicken & Vegetable Soup 400g;£1.00/unit;£0.25/100g;Canned, tinned & packaged foods;soups;45;2.1;7.6;2.6;0.4;0.1;1.4;0.5;
baxters-crinkle-cut-beetroot-567g-%28405g*%29;Baxters Crinkle Cut Beetroot 567g (405g*);£1.50/unit;£0.37/100g;Vinegar, pickles, olives & antipasti;pickled-food;26;0.9;5.0;4.6;0.5;0.1;1.2;0.2;
baxters-crinkled-beetroot-in-sweet-vinegar-340g;Baxters Crinkled Beetroot In Sweet Vinegar 340g (230g*);£1.20/unit;£0.52/100g;Vinegar, pickles, olives & antipasti;beetroot;26;0.9;5.0;4.6;0.5;0.1;1.2;0.2;
baxters-crinkled-beetroot-in-sweet-vinegar-340g;Baxters Crinkled Beetroot In Sweet Vinegar 340g (230g*);£1.20/unit;£0.52/100g;Vinegar, pickles, olives & antipasti;pickled-food;26;0.9;5.0;4.6;0.5;0.1;1.2;0.2;
baxters-favorites--chicken---vegetable-soup-400g;Baxters Favorites, Chicken & Vegetable Soup 400g;£1.10/unit;£0.28/100g;Canned, tinned & packaged foods;soups;41;1.9;6.3;1.8;0.5;0.1;1.8;0.7;
baxters-favorites--potato---leek-soup-400g;Baxters Favorites, Potato & Leek Soup 400g;£1.10/unit;£0.28/100g;Canned, tinned & packaged foods;soups;52;1.4;7.2;1.7;1.8;0.3;0.9;0.6;
baxters-favourites--chicken-broth-soup-400g;Baxters Favourites, Chicken Broth Soup 400g;£1.10/unit;£0.28/100g;Canned, tinned & packaged foods;soups;35;1.7;5.9;1.3;0.3;0.1;1.0;0.6;
baxters-favourites--cock-a-leekie-soup-400g;Baxters Favourites, Cock-a-leekie Soup 400g;£1.10/unit;£0.28/100g;Canned, tinned & packaged foods;soups;31;1.2;4.8;1.7;0.6;0.2;0.3;0.6;
baxters-favourites--cream-of-chicken-soup-400g;Baxters Favourites, Cream Of Chicken Soup 400g;£1.10/unit;£0.28/100g;Canned, tinned & packaged foods;soups;58;2.1;5.8;1.1;2.9;1.2;0.1;0.7;
baxters-favourites--cream-of-mushroom-soup-400g;Baxters Favourites, Cream Of Mushroom Soup 400g;£1.10/unit;£0.28/100g;Canned, tinned & packaged foods;soups;61;1.1;5.5;1.6;3.8;1.8;0.2;0.7;
baxters-favourites--cream-of-tomato-soup-400g;Baxters Favourites, Cream Of Tomato Soup 400g;£1.10/unit;£0.28/100g;Canned, tinned & packaged foods;soups;66;1.1;6.9;5.4;2.7;1.0;0.4;0.7;
baxters-favourites--french-onion-soup-400g;Baxters Favourites, French Onion Soup 400g;£1.10/unit;£0.28/100g;Canned, tinned & packaged foods;soups;33;0.7;5.8;3.1;0.6;0.3;0.6;0.6;
baxters-favourites--highlanders-broth-soup-400g;Baxters Favourites, Highlanders Broth Soup 400g;£1.10/unit;£0.28/100g;Canned, tinned & packaged foods;soups;45;1.8;6.2;1.0;1.2;0.6;0.9;0.6;
baxters-favourites--lentil---bacon-soup-400g;Baxters Favourites, Lentil & Bacon Soup 400g;£1.10/unit;£0.28/100g;Canned, tinned & packaged foods;soups;52;3.4;7.3;1.1;0.7;0.3;0.8;0.6;
baxters-favourites--minestrone-soup-400g;Baxters Favourites, Minestrone Soup 400g;£1.10/unit;£0.28/100g;Canned, tinned & packaged foods;soups;42;1.6;6.2;1.8;0.6;0.2;1.2;0.6;
baxters-favourites--oxtail-soup-400g;Baxters Favourites, Oxtail Soup 400g;£1.10/unit;£0.28/100g;Canned, tinned & packaged foods;soups;49;1.8;6.8;2.3;1.2;0.2;0.5;0.7;
baxters-favourites--pea---ham-soup-400g;Baxters Favourites, Pea & Ham Soup 400g;£1.10/unit;£0.28/100g;Canned, tinned & packaged foods;soups;54;3.4;7.2;0.7;0.8;0.2;2.0;0.6;
baxters-favourites--royal-game-soup-400g;Baxters Favourites, Royal Game Soup 400g;£1.10/unit;£0.28/100g;Canned, tinned & packaged foods;soups;38;2.2;6.6;1.3;0.2;0.1;0.3;0.6;
baxters-favourites--scotch-broth-soup-400g;Baxters Favourites, Scotch Broth Soup 400g;£1.10/unit;£0.28/100g;Canned, tinned & packaged foods;soups;49;1.9;7.1;1.1;1.6;0.7;1.5;0.7;
baxters-healthy--lentil---vegetable-soup-400g;Baxters Healthy, Lentil & Vegetable Soup 400g;£1.10/unit;£0.28/100g;Canned, tinned & packaged foods;soups;42;1.9;7.4;2.1;0.3;0.0;1.2;0.5;
baxters-healthy--minestrone-pasta-soup-400g;Baxters Healthy, Minestrone Pasta Soup 400g;£1.10/unit;£0.28/100g;Canned, tinned & packaged foods;soups;39;1.2;6.7;2.6;0.2;0.0;1.5;0.6;
baxters-healthy--spicy-tomato---rice-soup-400g;Baxters Healthy, Spicy Tomato & Rice Soup 400g;£1.10/unit;£0.28/100g;Canned, tinned & packaged foods;soups;51;1.9;10.2;2.5;0.3;0;0.8;0.6;
baxters-hearty-chicken---black-eyed-pea-gumbo-soup-400g;Baxters Hearty Chicken & Black Eyed Pea Gumbo Soup 400g;£1.00/unit;£0.25/100g;Canned, tinned & packaged foods;soups;46;2.6;6.7;2.2;0.5;0.1;1.5;0.7;
baxters-hearty-spiced-red-lentil---smoked-bacon-soup-400g;Baxters Hearty Spiced Red Lentil & Smoked Bacon Soup 400g;£1.00/unit;£0.25/100g;Canned, tinned & packaged foods;soups;68;3.7;8.3;2.1;1.7;0.8;1.0;0.5;
baxters-hearty-tuscan-style-bean--bacon---pecorino-soup-400g;Baxters Hearty Tuscan Style Bean, Bacon & Pecorino Soup 400g;£1.00/unit;£0.25/100g;Canned, tinned & packaged foods;soups;61;3.4;7.3;3.1;1.0;0.5;2.5;0.6;
baxters-luxury--beef-consomme-soup-400g;Baxters Luxury, Beef Consomme Soup 400g;£1.90/unit;£0.48/100g;Canned, tinned & packaged foods;soups;17;3.0;1.2;0.8;0.0;0.0;0.1;0.7;
baxters-luxury--broccoli--stilton---bacon-soup-400g;Baxters Luxury, Broccoli, Stilton & Bacon Soup 400g;£1.90/unit;£0.48/100g;Canned, tinned & packaged foods;soups;78;2.4;5.7;1.8;5.0;1.7;0.6;0.7;
baxters-luxury--cream-of-asparagus-soup-400g;Baxters Luxury, Cream Of Asparagus Soup 400g;£1.90/unit;£0.48/100g;Canned, tinned & packaged foods;soups;59;1.1;6.5;1.7;3.1;1.9;0.4;0.8;
baxters-luxury--cullen-skink-soup-400g;Baxters Luxury, Cullen Skink Soup 400g;£1.90/unit;£0.48/100g;Canned, tinned & packaged foods;soups;84;5.3;7.9;3.5;3.3;2.0;0.5;1.1;
baxters-luxury--lobster-bisque-soup-400g;Baxters Luxury, Lobster Bisque Soup 400g;£1.90/unit;£0.48/100g;Canned, tinned & packaged foods;soups;75;3.3;4.2;2.4;4.3;2.6;0.2;0.6;
baxters-luxury--mushroom-potage-soup-400g;Baxters Luxury, Mushroom Potage Soup 400g;£1.90/unit;£0.48/100g;Canned, tinned & packaged foods;soups;77;1.8;6.2;2.1;4.9;1.1;0.4;0.6;
baxters-sliced-beetroot-340g;Baxters Sliced Beetroot 340g (230g*);£1.20/unit;£0.52/100g;Vinegar, pickles, olives & antipasti;beetroot;22;0.7;4.4;3.8;0.5;0.1;0.8;0.4;
baxters-sliced-beetroot-340g;Baxters Sliced Beetroot 340g (230g*);£1.20/unit;£0.52/100g;Vinegar, pickles, olives & antipasti;pickled-food;22;0.7;4.4;3.8;0.5;0.1;0.8;0.4;
baxters-sliced-beetroot-454g-%28310*%29;Baxters Sliced Beetroot 454g (310*);£1.04/unit;£0.23/100g;Vinegar, pickles, olives & antipasti;beetroot;22;0.7;4.4;3.8;0.5;0.1;0.8;0.4;
baxters-sliced-beetroot-454g-%28310*%29;Baxters Sliced Beetroot 454g (310*);£1.04/unit;£0.23/100g;Vinegar, pickles, olives & antipasti;pickled-food;22;0.7;4.4;3.8;0.5;0.1;0.8;0.4;
baxters-sliced-pickled-beetroot-567g-%28410g*%29;Baxters Sliced Pickled Beetroot 567g (410g*);£1.50/unit;£0.37/100g;Vinegar, pickles, olives & antipasti;pickled-food;22;0.7;4.4;3.8;0.5;0.1;0.8;0.4;
baxters-stay-full-broccoli---salmon-soup-400g;Baxters Hearty Broccoli Salmon and Watercress Soup 400g;£1.00/unit;£0.25/100g;Canned, tinned & packaged foods;soups;67;3.8;7.1;2.1;2.2;0.6;2.4;0.6;
baxters-stayfull-butternut-squash-soup-400g;Baxters Hearty Butternut Squash & Sweet Potato with Chilli & Lime Soup 400g;£1.00/unit;£0.25/100g;Canned, tinned & packaged foods;soups;58;2.6;9.4;2.7;0.7;0.3;3.0;0.6;
baxters-stayfull-tomato---chorizo-soup-400g;Baxters Hearty Tomato and Chorizo Soup 400g;£1.00/unit;£0.25/100g;Canned, tinned & packaged foods;soups;57;3.0;6.8;2.9;1.1;0.1;2.7;0.6;
baxters-tomato-chutney--handmade-312g;Baxters Tomato Chutney, Handmade 312g;£1.60/unit;£0.51/100g;Table sauces, dressings & condiments;chutney-pickle-relishes;146;1.2;33.3;30.7;0.4;0.0;1.3;1.6;
baxters-tomato-chutney--handmade-312g;Baxters Tomato Chutney, Handmade 312g;£1.60/unit;£0.51/100g;Vinegar, pickles, olives & antipasti;chutneys-pickle-relishes;146;1.2;33.3;30.7;0.4;0.0;1.3;1.6;
baxters-vegetable-garden-pea---mint-soup-400g;Baxters Vegetarian Garden Pea & Mint Soup 400g;£1.10/unit;£0.28/100g;Canned, tinned & packaged foods;soups;50;2.5;7.3;1.4;0.8;0.3;1.9;0.6;
baxters-vegetarian--country-garden-soup-400g;Baxters Vegetarian, Country Garden Soup 400g;£1.10/unit;£0.28/100g;Canned, tinned & packaged foods;soups;36;1.0;6.3;2.1;0.6;0.3;0.9;0.6;
baxters-vegetarian--italian-tomato---basil-soup-400g;Baxters Vegetarian, Italian Tomato & Basil Soup 400g;£1.10/unit;£0.28/100g;Canned, tinned & packaged foods;soups;43;1.7;6.2;2.9;0.9;0.2;0.6;0.9;
baxters-vegetarian--mediterranean-tomato-soup-400g;Baxters Vegetarian, Mediterranean Tomato Soup 400g;£1.10/unit;£0.28/100g;Canned, tinned & packaged foods;soups;32;0.9;5.7;3.0;0.2;0.1;0.8;0.6;
baxters-vegetarian--spicy-parsnip-soup-400g;Baxters Vegetarian, Spicy Parsnip Soup 400g;£1.10/unit;£0.28/100g;Canned, tinned & packaged foods;soups;54;1.2;5.9;2.9;2.5;1.0;1.7;0.8;
baxters-vegetarian-puy-lentil---tomato-soup-400g;Baxters Vegetarian Puy Lentil & Tomato Soup 400g;£1.10/unit;£0.28/100g;Canned, tinned & packaged foods;soups;59;2.9;9.3;2.8;0.3;0.0;2.1;0.6;
bean-feast-vegetarian-meal--bolognese-120g;Batchelors Bean Feast Vegetarian Meal, Bolognese 120g;£1.00/unit;£8.33/kg;Canned, tinned & packaged foods;canned-tinned-packaged-vegetarian;310;25.6;38.2;11.4;6.1;1.0;13.5;2.18;
bear-alphabites-cocoa-375g;Bear Alphabites Cocoa 375g;£2.80/unit;£0.75/100g;Breakfast cereals;kids-cereals;375;8.8;77.9;15;1.8;0.5;6.5;0;
bear-alphabites-multigrain-375g;Bear Alphabites Multigrain 375g;£2.80/unit;£0.75/100g;Breakfast cereals;kids-cereals;373;8.7;77.4;15;1.5;0.3;6.5;0;
bear-yo-yos-blackcurrant-snacking-fruit-5x20g;Bear Yo Yo's Blackcurrant Snacking Fruit 5x20g;£2.30/unit;£2.30/100g;Crisps, nuts & snacking fruit;snacking-fruit-seeds;275;1.9;63.4;49;0.2;0;8;0;
bear-yo-yos-blackcurrant-snacking-fruit-5x20g;Bear Yo Yo's Blackcurrant Snacking Fruit 5x20g;£2.30/unit;£2.30/100g;Fruit & desserts;dessert-fruit;275;1.9;63.4;49;0.2;0;8;0;
bear-yo-yos-blackcurrant-snacking-fruit-5x20g;Bear Yo Yo's Blackcurrant Snacking Fruit 5x20g;£2.30/unit;£2.30/100g;Fruit & desserts;snacking-fruit-nuts;275;1.9;63.4;49;0.2;0;8;0;
bear-yo-yos-raspberry-snacking-fruit-5x20g;Bear Yo Yo's Raspberry Snacking Fruit 5x20g;£2.30/unit;£2.30/100g;Crisps, nuts & snacking fruit;snacking-fruit-seeds;275;1.9;63.4;49;0.2;0;8;0;
bear-yo-yos-raspberry-snacking-fruit-5x20g;Bear Yo Yo's Raspberry Snacking Fruit 5x20g;£2.30/unit;£2.30/100g;Fruit & desserts;dessert-fruit;275;1.9;63.4;49;0.2;0;8;0;
bear-yo-yos-raspberry-snacking-fruit-5x20g;Bear Yo Yo's Raspberry Snacking Fruit 5x20g;£2.30/unit;£2.30/100g;Fruit & desserts;snacking-fruit-nuts;275;1.9;63.4;49;0.2;0;8;0;
bear-yo-yos-snacking-fruit--mango-2x10g;Bear Yo Yo's Mango Snacking Fruit 20g;£0.60/unit;£3.00/100g;Canned, tinned & packaged foods;canned-tinned-packaged-fruit;275;1.9;62.2;48;0.2;0;8;0;
bear-yo-yos-snacking-fruit--mango-2x10g;Bear Yo Yo's Mango Snacking Fruit 20g;£0.60/unit;£3.00/100g;Crisps, nuts & snacking fruit;snacking-fruit-seeds;275;1.9;62.2;48;0.2;0;8;0;
bear-yo-yos-snacking-fruit--mango-2x10g;Bear Yo Yo's Mango Snacking Fruit 20g;£0.60/unit;£3.00/100g;Fruit & desserts;dessert-fruit;275;1.9;62.2;48;0.2;0;8;0;
bear-yo-yos-snacking-fruit--mango-2x10g;Bear Yo Yo's Mango Snacking Fruit 20g;£0.60/unit;£3.00/100g;Fruit & desserts;snacking-fruit-nuts;275;1.9;62.2;48;0.2;0;8;0;
bear-yo-yos-snacking-fruit--pineapple-20g;Bear Yo Yo's Pineapple Snacking Fruit 20g;£0.60/unit;£3.00/100g;Crisps, nuts & snacking fruit;snacking-fruit-seeds;275;1.9;62.2;48;0.2;0;8;0;
bear-yo-yos-snacking-fruit--pineapple-20g;Bear Yo Yo's Pineapple Snacking Fruit 20g;£0.60/unit;£3.00/100g;Fruit & desserts;dessert-fruit;275;1.9;62.2;48;0.2;0;8;0;
bear-yo-yos-snacking-fruit--pineapple-20g;Bear Yo Yo's Pineapple Snacking Fruit 20g;£0.60/unit;£3.00/100g;Fruit & desserts;snacking-fruit-nuts;275;1.9;62.2;48;0.2;0;8;0;
bear-yo-yos-snacking-fruit--raspberry-20g;Bear Yo Yo's Snacking Fruit, Raspberry 20g;£0.60/unit;£3.00/100g;Crisps, nuts & snacking fruit;snacking-fruit-seeds;275;1.9;63.4;49;0.2;0;8;0;
bear-yo-yos-snacking-fruit--raspberry-20g;Bear Yo Yo's Snacking Fruit, Raspberry 20g;£0.60/unit;£3.00/100g;Fruit & desserts;dessert-fruit;275;1.9;63.4;49;0.2;0;8;0;
bear-yo-yos-snacking-fruit--raspberry-20g;Bear Yo Yo's Snacking Fruit, Raspberry 20g;£0.60/unit;£3.00/100g;Fruit & desserts;snacking-fruit-nuts;275;1.9;63.4;49;0.2;0;8;0;
bear-yo-yos-snacking-fruit--strawberry-20g;Bear Yo Yo's Strawberry Snacking Fruit 20g;£0.60/unit;£3.00/100g;Crisps, nuts & snacking fruit;snacking-fruit-seeds;275;1.9;63.4;49;0.2;0;8;0;
bear-yo-yos-snacking-fruit--strawberry-20g;Bear Yo Yo's Strawberry Snacking Fruit 20g;£0.60/unit;£3.00/100g;Fruit & desserts;dessert-fruit;275;1.9;63.4;49;0.2;0;8;0;
bear-yo-yos-snacking-fruit--strawberry-20g;Bear Yo Yo's Strawberry Snacking Fruit 20g;£0.60/unit;£3.00/100g;Fruit & desserts;snacking-fruit-nuts;275;1.9;63.4;49;0.2;0;8;0;
bear-yo-yos-strawberry-snacking-fruit-5x20g;Bear Yo Yo's Strawberry Snacking Fruit 5x20g;£2.30/unit;£2.30/100g;Canned, tinned & packaged foods;canned-tinned-packaged-fruit;275;1.9;63.4;49;0.2;0;8;0;
bear-yo-yos-strawberry-snacking-fruit-5x20g;Bear Yo Yo's Strawberry Snacking Fruit 5x20g;£2.30/unit;£2.30/100g;Crisps, nuts & snacking fruit;snacking-fruit-seeds;275;1.9;63.4;49;0.2;0;8;0;
bear-yo-yos-strawberry-snacking-fruit-5x20g;Bear Yo Yo's Strawberry Snacking Fruit 5x20g;£2.30/unit;£2.30/100g;Fruit & desserts;dessert-fruit;275;1.9;63.4;49;0.2;0;8;0;
bear-yo-yos-strawberry-snacking-fruit-5x20g;Bear Yo Yo's Strawberry Snacking Fruit 5x20g;£2.30/unit;£2.30/100g;Fruit & desserts;snacking-fruit-nuts;275;1.9;63.4;49;0.2;0;8;0;
bear-yoyos-pure-fruit-rolls-apple-20g;Bear Yo Yo's Apple Snacking Fruit 20g;£0.60/unit;£3.00/100g;Crisps, nuts & snacking fruit;snacking-fruit-seeds;275;1.9;62.2;48;0.2;0;8;0;
bear-yoyos-pure-fruit-rolls-apple-20g;Bear Yo Yo's Apple Snacking Fruit 20g;£0.60/unit;£3.00/100g;Fruit & desserts;dessert-fruit;275;1.9;62.2;48;0.2;0;8;0;
bear-yoyos-pure-fruit-rolls-apple-20g;Bear Yo Yo's Apple Snacking Fruit 20g;£0.60/unit;£3.00/100g;Fruit & desserts;snacking-fruit-nuts;275;1.9;62.2;48;0.2;0;8;0;
bear-yoyos-pure-fruit-rolls-blackcurrant-20g;Bear Yo Yo's Blackcurrant Snacking Fruit 20g;£0.60/unit;£3.00/100g;Crisps, nuts & snacking fruit;snacking-fruit-seeds;275;1.9;63.4;49;0.2;0;8;0;
bear-yoyos-pure-fruit-rolls-blackcurrant-20g;Bear Yo Yo's Blackcurrant Snacking Fruit 20g;£0.60/unit;£3.00/100g;Fruit & desserts;dessert-fruit;275;1.9;63.4;49;0.2;0;8;0;
bear-yoyos-pure-fruit-rolls-blackcurrant-20g;Bear Yo Yo's Blackcurrant Snacking Fruit 20g;£0.60/unit;£3.00/100g;Fruit & desserts;snacking-fruit-nuts;275;1.9;63.4;49;0.2;0;8;0;
bear-yoyos-pure-fruit-rolls-strawberry-9x20g;Bear Yo Yo's Strawberry Snacking Fruit 9x20g;£3.80/unit;£2.11/100g;Canned, tinned & packaged foods;canned-tinned-packaged-fruit;275;1.9;63.4;49;0.2;0;8;0;
bear-yoyos-pure-fruit-rolls-strawberry-9x20g;Bear Yo Yo's Strawberry Snacking Fruit 9x20g;£3.80/unit;£2.11/100g;Crisps, nuts & snacking fruit;snacking-fruit-seeds;275;1.9;63.4;49;0.2;0;8;0;
bear-yoyos-pure-fruit-rolls-strawberry-9x20g;Bear Yo Yo's Strawberry Snacking Fruit 9x20g;£3.80/unit;£2.11/100g;Fruit & desserts;dessert-fruit;275;1.9;63.4;49;0.2;0;8;0;
bear-yoyos-pure-fruit-rolls-strawberry-9x20g;Bear Yo Yo's Strawberry Snacking Fruit 9x20g;£3.80/unit;£2.11/100g;Fruit & desserts;snacking-fruit-nuts;275;1.9;63.4;49;0.2;0;8;0;
bee-attracting-flower-seeds;Sainsbury's Bee Attracting Garden Seeds;£3.00/unit;£3.00/ea;Flowers & seeds;flowers---seeds;null;null;null;null;null;null;null;null;
beet-it-drink-750ml;Beet It Beetroot Juice Drink 750ml;£2.70/unit;£0.36/100ml;Chilled fruit juice & smoothies;chilled-fruit-juice;41;0.9;9.2;9.0;0.1;0.1;null;0.1;
belazu-balsamic-vinegar-250ml;Belazu Balsamic Vinegar of Modena 250ml;£12.99/unit;£51.96/ltr;Vinegar, pickles, olives & antipasti;vinegar;null;null;null;null;null;null;null;null;
belazu-black-tapenade-90g;Belazu Black Olive Paste 90g;£2.19/unit;£2.43/100g;Cooking ingredients & oils;cooking-pastes;420;1.9;3.6;3.5;43.0;5.1;null;3.3;
belazu-green-chermoula-90g;Belazu Coriander & Cumin Paste 90g;£2.19/unit;£2.43/100g;Cooking ingredients & oils;cooking-pastes;314;2.0;6.1;2.8;38.2;3.5;null;2.5;
belazu-red-tagine-paste-90g;Belazu Tomato & Smoked Paprika Paste 90g;£2.19/unit;£2.43/100g;Cooking ingredients & oils;cooking-pastes;361;3.1;9.5;5.3;33.4;3.8;null;3.5;
belgian-double-chocolate--limited-edition-1l;Sainsbury's Belgian Double Chocolate Milkshake, Ltd Edition 1L;£1.20/unit;£1.20/ltr;Fresh milk & eggs;flavoured-milk-92153-44;100;4.0;11.9;10.5;3.9;2.7;0.5;0.11;
belvita-biscuit-crunchy-oats-300g;Belvita Breakfast Biscuits, Crunchy Oats 300g;£2.00/unit;£0.67/100g;Biscuits & crackers;biscuits-crackers-kids-lunchbox;null;null;null;null;null;null;null;null;
belvita-biscuit-crunchy-oats-300g;Belvita Breakfast Biscuits, Crunchy Oats 300g;£2.00/unit;£0.67/100g;Biscuits & crackers;cereal-bars-breakfast-biscuits;null;null;null;null;null;null;null;null;
belvita-biscuit-crunchy-oats-300g;Belvita Breakfast Biscuits, Crunchy Oats 300g;£2.00/unit;£0.67/100g;Biscuits & crackers;healthier-biscuits-crackers;null;null;null;null;null;null;null;null;
belvita-biscuit-crunchy-oats-300g;Belvita Breakfast Biscuits, Crunchy Oats 300g;£2.00/unit;£0.67/100g;Breakfast cereals;breakfast-cereal-bars-breakfast-biscuits;null;null;null;null;null;null;null;null;
belvita-biscuit-honey---nut-300g;Belvita Breakfast Biscuits, Honey & Nut 300g;£2.00/unit;£0.67/100g;Biscuits & crackers;biscuits-crackers-kids-lunchbox;450;7.4;68.0;27.0;15.5;1.7;4.3;0.90;
belvita-biscuit-honey---nut-300g;Belvita Breakfast Biscuits, Honey & Nut 300g;£2.00/unit;£0.67/100g;Biscuits & crackers;cereal-bars-breakfast-biscuits;450;7.4;68.0;27.0;15.5;1.7;4.3;0.90;
belvita-biscuit-honey---nut-300g;Belvita Breakfast Biscuits, Honey & Nut 300g;£2.00/unit;£0.67/100g;Biscuits & crackers;healthier-biscuits-crackers;450;7.4;68.0;27.0;15.5;1.7;4.3;0.90;
belvita-breakfast-biscuits--crunchy-apricot-300g;Belvita Breakfast Biscuits, Crunchy Apricot 300g;£2.50/unit;£0.83/100g;Biscuits & crackers;biscuits-crackers-kids-lunchbox;null;null;null;null;null;null;null;null;
belvita-breakfast-biscuits--crunchy-apricot-300g;Belvita Breakfast Biscuits, Crunchy Apricot 300g;£2.50/unit;£0.83/100g;Biscuits & crackers;cereal-bars-breakfast-biscuits;null;null;null;null;null;null;null;null;
belvita-breakfast-biscuits--crunchy-apricot-300g;Belvita Breakfast Biscuits, Crunchy Apricot 300g;£2.50/unit;£0.83/100g;Biscuits & crackers;healthier-biscuits-crackers;null;null;null;null;null;null;null;null;
belvita-breakfast-biscuits--crunchy-apricot-300g;Belvita Breakfast Biscuits, Crunchy Apricot 300g;£2.50/unit;£0.83/100g;Breakfast cereals;breakfast-cereal-bars-breakfast-biscuits;null;null;null;null;null;null;null;null;
belvita-breakfast-biscuits--crunchy-hazelnut-300g;Belvita Breakfast Biscuits, Crunchy Hazelnut 300g;£2.50/unit;£0.83/100g;Biscuits & crackers;biscuits-crackers-kids-lunchbox;null;null;null;null;null;null;null;null;
belvita-breakfast-biscuits--crunchy-hazelnut-300g;Belvita Breakfast Biscuits, Crunchy Hazelnut 300g;£2.50/unit;£0.83/100g;Biscuits & crackers;cereal-bars-breakfast-biscuits;null;null;null;null;null;null;null;null;
belvita-breakfast-biscuits--crunchy-hazelnut-300g;Belvita Breakfast Biscuits, Crunchy Hazelnut 300g;£2.50/unit;£0.83/100g;Biscuits & crackers;healthier-biscuits-crackers;null;null;null;null;null;null;null;null;
belvita-breakfast-biscuits--crunchy-hazelnut-300g;Belvita Breakfast Biscuits, Crunchy Hazelnut 300g;£2.50/unit;£0.83/100g;Breakfast cereals;breakfast-cereal-bars-breakfast-biscuits;null;null;null;null;null;null;null;null;
belvita-breakfast-biscuits--forest-fruit-300g;Belvita Breakfast Biscuits, Forest Fruit 300g;£2.00/unit;£0.67/100g;Biscuits & crackers;biscuits-crackers-kids-lunchbox;null;null;null;null;null;null;null;null;
belvita-breakfast-biscuits--forest-fruit-300g;Belvita Breakfast Biscuits, Forest Fruit 300g;£2.00/unit;£0.67/100g;Biscuits & crackers;cereal-bars-breakfast-biscuits;null;null;null;null;null;null;null;null;
belvita-breakfast-biscuits--forest-fruit-300g;Belvita Breakfast Biscuits, Forest Fruit 300g;£2.00/unit;£0.67/100g;Biscuits & crackers;healthier-biscuits-crackers;null;null;null;null;null;null;null;null;
belvita-breakfast-biscuits--forest-fruit-300g;Belvita Breakfast Biscuits, Forest Fruit 300g;£2.00/unit;£0.67/100g;Breakfast cereals;breakfast-cereal-bars-breakfast-biscuits;null;null;null;null;null;null;null;null;
belvita-breakfast-biscuits--honey-yogurt-x5;Belvita Breakfast Biscuits, Honey Yogurt x5;£2.50/unit;£0.99/100g;Biscuits & crackers;biscuits-crackers-kids-lunchbox;null;null;null;null;null;null;null;null;
belvita-breakfast-biscuits--honey-yogurt-x5;Belvita Breakfast Biscuits, Honey Yogurt x5;£2.50/unit;£0.99/100g;Biscuits & crackers;cereal-bars-breakfast-biscuits;null;null;null;null;null;null;null;null;
belvita-breakfast-biscuits--honey-yogurt-x5;Belvita Breakfast Biscuits, Honey Yogurt x5;£2.50/unit;£0.99/100g;Biscuits & crackers;healthier-biscuits-crackers;null;null;null;null;null;null;null;null;
belvita-breakfast-biscuits--honey-yogurt-x5;Belvita Breakfast Biscuits, Honey Yogurt x5;£2.50/unit;£0.99/100g;Breakfast cereals;breakfast-cereal-bars-breakfast-biscuits;null;null;null;null;null;null;null;null;
belvita-breakfast-biscuits--yogurt-crunch-cocoa-253g;Belvita Breakfast Biscuits, Yogurt Crunch Cocoa 253g;£2.50/unit;£0.99/100g;Biscuits & crackers;biscuits-crackers-kids-lunchbox;null;null;null;null;null;null;null;null;
belvita-breakfast-biscuits--yogurt-crunch-cocoa-253g;Belvita Breakfast Biscuits, Yogurt Crunch Cocoa 253g;£2.50/unit;£0.99/100g;Biscuits & crackers;cereal-bars-breakfast-biscuits;null;null;null;null;null;null;null;null;
belvita-breakfast-biscuits--yogurt-crunch-cocoa-253g;Belvita Breakfast Biscuits, Yogurt Crunch Cocoa 253g;£2.50/unit;£0.99/100g;Biscuits & crackers;healthier-biscuits-crackers;null;null;null;null;null;null;null;null;
belvita-breakfast-biscuits--yogurt-crunch-cocoa-253g;Belvita Breakfast Biscuits, Yogurt Crunch Cocoa 253g;£2.50/unit;£0.99/100g;Breakfast cereals;breakfast-cereal-bars-breakfast-biscuits;null;null;null;null;null;null;null;null;
belvita-breakfast-biscuits--yogurt-crunch-x5-253g;Belvita Breakfast Biscuits, Yogurt Crunch x5 253g;£2.50/unit;£0.99/100g;Biscuits & crackers;biscuits-crackers-kids-lunchbox;null;null;null;null;null;null;null;null;
belvita-breakfast-biscuits--yogurt-crunch-x5-253g;Belvita Breakfast Biscuits, Yogurt Crunch x5 253g;£2.50/unit;£0.99/100g;Biscuits & crackers;cereal-bars-breakfast-biscuits;null;null;null;null;null;null;null;null;
belvita-breakfast-biscuits--yogurt-crunch-x5-253g;Belvita Breakfast Biscuits, Yogurt Crunch x5 253g;£2.50/unit;£0.99/100g;Biscuits & crackers;healthier-biscuits-crackers;null;null;null;null;null;null;null;null;
belvita-breakfast-biscuits--yogurt-crunch-x5-253g;Belvita Breakfast Biscuits, Yogurt Crunch x5 253g;£2.50/unit;£0.99/100g;Breakfast cereals;breakfast-cereal-bars-breakfast-biscuits;null;null;null;null;null;null;null;null;
belvita-breakfast-biscuits-crunchy-chocolate-chip-300g;Belvita Breakfast Biscuits Crunchy Chocolate Chip 300g;£2.40/unit;£0.80/100g;Biscuits & crackers;cereal-bars-breakfast-biscuits;null;null;null;null;null;null;null;null;
belvita-breakfast-biscuits-crunchy-chocolate-chip-300g;Belvita Breakfast Biscuits Crunchy Chocolate Chip 300g;£2.40/unit;£0.80/100g;Biscuits & crackers;chocolate-biscuits;null;null;null;null;null;null;null;null;
belvita-breakfast-biscuits-crunchy-chocolate-chip-300g;Belvita Breakfast Biscuits Crunchy Chocolate Chip 300g;£2.40/unit;£0.80/100g;Breakfast cereals;breakfast-cereal-bars-breakfast-biscuits;null;null;null;null;null;null;null;null;
belvita-breakfast-biscuits-fruit---fibre-300g;Belvita Breakfast Biscuits, Fruit & Fibre 300g;£2.00/unit;£0.67/100g;Biscuits & crackers;biscuits-crackers-kids-lunchbox;null;null;null;null;null;null;null;null;
belvita-breakfast-biscuits-fruit---fibre-300g;Belvita Breakfast Biscuits, Fruit & Fibre 300g;£2.00/unit;£0.67/100g;Biscuits & crackers;cereal-bars-breakfast-biscuits;null;null;null;null;null;null;null;null;
belvita-breakfast-biscuits-fruit---fibre-300g;Belvita Breakfast Biscuits, Fruit & Fibre 300g;£2.00/unit;£0.67/100g;Biscuits & crackers;healthier-biscuits-crackers;null;null;null;null;null;null;null;null;
belvita-breakfast-biscuits-fruit---fibre-300g;Belvita Breakfast Biscuits, Fruit & Fibre 300g;£2.00/unit;£0.67/100g;Breakfast cereals;breakfast-cereal-bars-breakfast-biscuits;null;null;null;null;null;null;null;null;
belvita-breakfast-biscuits-milk---cereal-300g;Belvita Breakfast Biscuits, Milk & Cereal 300g;£2.00/unit;£0.67/100g;Biscuits & crackers;biscuits-crackers-kids-lunchbox;440;7.6;67;20;14;1.4;4.2;0.98;
belvita-breakfast-biscuits-milk---cereal-300g;Belvita Breakfast Biscuits, Milk & Cereal 300g;£2.00/unit;£0.67/100g;Biscuits & crackers;cereal-bars-breakfast-biscuits;440;7.6;67;20;14;1.4;4.2;0.98;
belvita-breakfast-biscuits-milk---cereal-300g;Belvita Breakfast Biscuits, Milk & Cereal 300g;£2.00/unit;£0.67/100g;Biscuits & crackers;healthier-biscuits-crackers;440;7.6;67;20;14;1.4;4.2;0.98;
belvita-breakfast-biscuits-milk---cereal-300g;Belvita Breakfast Biscuits, Milk & Cereal 300g;£2.00/unit;£0.67/100g;Breakfast cereals;breakfast-cereal-bars-breakfast-biscuits;440;7.6;67;20;14;1.4;4.2;0.98;
belvita-breakfast-crunch-strawberry-253g;Belvita Breakfast Crunch Strawberry 253g;£2.50/unit;£0.99/100g;Biscuits & crackers;cereal-bars-breakfast-biscuits;445;6.9;69.5;25.5;15.0;2.9;4.3;0.55;
belvita-breakfast-crunch-strawberry-253g;Belvita Breakfast Crunch Strawberry 253g;£2.50/unit;£0.99/100g;Breakfast cereals;breakfast-cereal-bars-breakfast-biscuits;445;6.9;69.5;25.5;15.0;2.9;4.3;0.55;
belvita-cocoa---chocolate-chip-300g;Belvita Cocoa & Chocolate Chip 300g;£2.00/unit;£0.67/100g;Biscuits & crackers;cereal-bars-breakfast-biscuits;null;null;null;null;null;null;null;null;
belvita-cocoa---chocolate-chip-300g;Belvita Cocoa & Chocolate Chip 300g;£2.00/unit;£0.67/100g;Biscuits & crackers;healthier-biscuits-crackers;null;null;null;null;null;null;null;null;
belvita-cocoa---chocolate-chip-300g;Belvita Cocoa & Chocolate Chip 300g;£2.00/unit;£0.67/100g;Breakfast cereals;breakfast-cereal-bars-breakfast-biscuits;null;null;null;null;null;null;null;null;
belvita-cranberry-300g;Belvita Cranberry 300g;£2.00/unit;£0.67/100g;Biscuits & crackers;cereal-bars-breakfast-biscuits;null;null;null;null;null;null;null;null;
belvita-cranberry-300g;Belvita Cranberry 300g;£2.00/unit;£0.67/100g;Breakfast cereals;breakfast-cereal-bars-breakfast-biscuits;null;null;null;null;null;null;null;null;
belvita-honey---nuts-biscuit-x5;Belvita Breakfast Biscuits, Honey & Nuts x12;£3.60/unit;£0.60/100g;Biscuits & crackers;biscuits-crackers-kids-lunchbox;null;null;null;null;null;null;null;null;
belvita-honey---nuts-biscuit-x5;Belvita Breakfast Biscuits, Honey & Nuts x12;£3.60/unit;£0.60/100g;Biscuits & crackers;cereal-bars-breakfast-biscuits;null;null;null;null;null;null;null;null;
belvita-honey---nuts-biscuit-x5;Belvita Breakfast Biscuits, Honey & Nuts x12;£3.60/unit;£0.60/100g;Biscuits & crackers;healthier-biscuits-crackers;null;null;null;null;null;null;null;null;
belvita-honey---nuts-biscuit-x5;Belvita Breakfast Biscuits, Honey & Nuts x12;£3.60/unit;£0.60/100g;Breakfast cereals;breakfast-cereal-bars-breakfast-biscuits;null;null;null;null;null;null;null;null;
belvita-milk---cereal-biscuits-x5;Belvita Breakfast Biscuits, Milk & Cereal x12;£3.60/unit;£0.60/100g;Biscuits & crackers;biscuits-crackers-kids-lunchbox;null;null;null;null;null;null;null;null;
belvita-milk---cereal-biscuits-x5;Belvita Breakfast Biscuits, Milk & Cereal x12;£3.60/unit;£0.60/100g;Biscuits & crackers;cereal-bars-breakfast-biscuits;null;null;null;null;null;null;null;null;
belvita-milk---cereal-biscuits-x5;Belvita Breakfast Biscuits, Milk & Cereal x12;£3.60/unit;£0.60/100g;Biscuits & crackers;healthier-biscuits-crackers;null;null;null;null;null;null;null;null;
belvita-milk---cereal-biscuits-x5;Belvita Breakfast Biscuits, Milk & Cereal x12;£3.60/unit;£0.60/100g;Breakfast cereals;breakfast-cereal-bars-breakfast-biscuits;null;null;null;null;null;null;null;null;
belvita-tops-chocolate-hazelnut-biscuits-250g;Belvita Tops Chocolate Hazelnut Biscuits 250g;£2.50/unit;£1.00/100g;Biscuits & crackers;cereal-bars-breakfast-biscuits;455;7.2;68.5;26.0;16.0;3.4;4.9;0.55;
belvita-tops-strawberry-biscuits-250g;Belvita Tops Strawberry Biscuits 250g;£2.50/unit;£1.00/100g;Biscuits & crackers;cereal-bars-breakfast-biscuits;420;6.6;73.0;23.0;12.0;1.6;4.1;0.68;
ben---jerrys-caramel-chew-chew-ice-cream-500ml;Ben & Jerry's Ice Cream Caramel Chew Chew 500ml;£3.00/unit;£0.60/100ml;Ice cream & desserts;ice-cream-tubs;240;3.5;26;22;14;9;null;0.17;
ben---jerrys-cookie-core-speculoos--specu-love-500ml;Ben & Jerry's Cookie Core Ice Cream Speculoos? Specu-Love 500ml;£3.75/unit;£0.75/100ml;Ice cream & desserts;ice-cream-tubs;257;3.2;23;19;17;8.9;null;0.18;
ben---jerrys-cookie-core-utterpeanutbutter-clutter-500ml;Ben & Jerry's Cookie Core Ice Cream Utter Peanut Butter Clutter 500ml;£3.75/unit;£0.75/100ml;Ice cream & desserts;ice-cream-tubs;263;5;22;19;17;6.3;null;0.4;
ben---jerrys-cookie-core-whatalottachoc-500ml;Ben & Jerry's Cookie Core Ice Cream What-a-lotta Chocolate 500ml;£3.75/unit;£0.75/100ml;Ice cream & desserts;ice-cream-tubs;246;3.5;25;20;15;7.6;null;0.18;
ben---jerrys-core-all-or-nutting-500ml;Ben & Jerry's Core Ice Cream All Or Nut-ting 500ml;£3.75/unit;£0.75/100ml;Ice cream & desserts;ice-cream-tubs;250;4;23;21;15;9;null;0.14;
ben---jerrys-core-blondie-brownie-500ml;Ben & Jerry's Core Ice Cream Blondie Brownie 500ml;£3.75/unit;£0.75/100ml;Ice cream & desserts;ice-cream-tubs;230;4;26;23;12;8;null;0.15;
ben---jerrys-greek-strawberry-shortcake-500ml;Ben & Jerry's Frozen Yogurt Greek Strawberry Shortcake 500ml;£3.75/unit;£0.75/100ml;Ice cream & desserts;ice-cream-tubs;160;3;24;18;6;4;null;0.12;
ben---jerrys-greek-vanilla-honey-caramel-500ml;Ben & Jerry's Frozen Yogurt Greek Vanilla Honey Caramel 500ml;£3.75/unit;£0.75/100ml;Ice cream & desserts;ice-cream-tubs;160;3;25;19;6;3.5;null;0.15;
ben---jerrys-karamel-sutra-500ml;Ben & Jerry's Core Ice Cream Karamel Sutra 500ml;£3.75/unit;£0.75/100ml;Ice cream & desserts;ice-cream-tubs;230;3.5;24;23;13;9;null;0.095;
ben---jerrys-peanut-butter-cup-ice-cream-500ml;Ben & Jerry's Ice Cream Peanut Butter Cup 500ml;£3.00/unit;£0.60/100ml;Ice cream & desserts;ice-cream-tubs;280;6;22;21;19;11;null;0.38;
bendicks-bittermints-200g;Bendicks Bittermints 200g;£5.00/unit;£2.50/100g;Confectionery;gifting-boxed-chocolate;428;3.5;62.8;54.1;16.8;10.6;null;0.01;
bendicks-mint-collection-200g;Bendicks Mint Collection 200g;£5.00/unit;£2.50/100g;Confectionery;gifting-boxed-chocolate;null;null;null;null;null;null;null;null;
benecol-blueberry-6x675g;Benecol Yogurt Drink Blueberry 6x67.5g;£3.85/unit;£0.95/100g;Yogurts;active-health-yogurts-drinks;52;2.8;5.7;5.7;1.9;0.1;0.3;0;
benecol-bone-health-strawberry-drinks-6x675g;Benecol Plus Bone Health Strawberry Yogurt Drink 6x67.5g;£3.85/unit;£0.95/100g;Yogurts;active-health-yogurts-drinks;53;2.7;6.3;6.2;1.9;0.2;0;0.11;
benecol-buttery-spread-500g;Benecol Buttery Spread 500g;£3.65/unit;£7.30/kg;Butter, spreads & baking;buttery-taste-and-sunflower-spreads;542;0.5;0.8;0.8;60;12.7;0;1.3;
benecol-buttery-spread-500g;Benecol Buttery Spread 500g;£3.65/unit;£7.30/kg;Butter, spreads & baking;cholesterol-lowering-spreads;542;0.5;0.8;0.8;60;12.7;0;1.3;
benecol-fat-free-yogurts-4x125g;Benecol Fat Free Garden Fruits Yogurt 4x125g;£2.40/unit;£0.48/100g;Yogurts;active-health-yogurts-drinks;62;3;10.3;9.7;0.5;0.1;2.1;0.1;
benecol-fat-free-yogurts-4x125g;Benecol Fat Free Garden Fruits Yogurt 4x125g;£2.40/unit;£0.48/100g;Yogurts;diet-low-fat-yogurts;62;3;10.3;9.7;0.5;0.1;2.1;0.1;
benecol-fruit-medley-yogurts-4x120g;Benecol Fruit Medley Yogurt 4x120g;£2.40/unit;£0.50/100g;Yogurts;active-health-yogurts-drinks;87;3.7;14.1;13.9;1.7;0.8;0.1;0.13;
benecol-greek-style-yogurts-4x120g-7714252-p-44;Benecol Greek Style Yogurts 4x120g;£2.40/unit;£0.50/100g;Yogurts;active-health-yogurts-drinks;null;null;null;null;null;null;null;null;
benecol-greek-style-yogurts-4x120g-7714252-p-44;Benecol Greek Style Yogurts 4x120g;£2.40/unit;£0.50/100g;Yogurts;natural-greek-yogurts;null;null;null;null;null;null;null;null;
benecol-heathy-heart-drinks-6x675g;Benecol Plus Heart Vitamin Multifruit Yogurt Drink 6x67.5g;£3.85/unit;£0.95/100g;Yogurts;active-health-yogurts-drinks;54;2.8;6.2;6.0;1.9;0.1;0.2;0.02;
benecol-light-yogurt-drink-6x675g;Benecol Yogurt Drink Light 6x67.5g;£3.85/unit;£0.95/100g;Yogurts;active-health-yogurts-drinks;57;2.8;7.1;6.9;1.9;0.1;0.2;0.1;
benecol-olive-spread-500g;Benecol Olive Spread 500g;£3.65/unit;£7.30/kg;Butter, spreads & baking;cholesterol-lowering-spreads;496;0.4;0.6;0.6;55;10.8;0;1.0;
benecol-original-6x70g;Benecol Yogurt Drink Original 6x70g;£3.85/unit;£0.92/100g;Yogurts;active-health-yogurts-drinks;83;2.6;14.1;14.1;1.9;0.1;0;0.1;
benecol-raspberry-6x675g;Benecol Yogurt Drink Raspberry 6x67.5g;£3.85/unit;£0.95/100g;Yogurts;active-health-yogurts-drinks;null;null;null;null;null;null;null;null;
benecol-spread--light-500g;Benecol Light Spread 500g;£3.65/unit;£7.30/kg;Butter, spreads & baking;cholesterol-lowering-spreads;324;2.6;0.4;0.4;35;6.8;0;1.1;
benecol-strawberry-yogurt-drink-6x675g;Benecol Yogurt Drink Strawberry 6x67.5g;£3.85/unit;£0.95/100g;Yogurts;active-health-yogurts-drinks;53;2.8;6.0;6.0;1.9;0.1;2.2;0.1;
benecol-summer-fruits-yogurts-4x120g;Benecol Summer Fruits Yogurt 4x120g;£2.40/unit;£0.50/100g;Yogurts;active-health-yogurts-drinks;91;3.7;14.9;14.7;1.7;0.8;0.4;0.16;
benecol-tropical-fruit---soya-6x655g;Benecol Yogurt Drink Tropical Fruit & Soya (Dairy Free) 6x65.5g;£3.85/unit;£0.98/100g;Yogurts;active-health-yogurts-drinks;46;1.4;3.4;2.6;2.8;0.3;0.9;0.03;
benecol-tropical-fruit---soya-6x655g;Benecol Yogurt Drink Tropical Fruit & Soya (Dairy Free) 6x65.5g;£3.85/unit;£0.98/100g;Yogurts;soya-dairy-alternatives-yogurts;46;1.4;3.4;2.6;2.8;0.3;0.9;0.03;
benecol-yogurt-drink-peach---apricot-6x675g;Benecol Yogurt Drink Peach & Apricot 6x67.5g;£3.85/unit;£0.95/100g;Yogurts;active-health-yogurts-drinks;56;2.9;6.7;6.6;2;0.2;0.2;0.01;
bernard-matthew-roast-turkey-chunks-100g;Bernard Matthews Roast Turkey Chunks 100g;£1.00/unit;£1.00/100g;Cooked meats & snacking;mfp-cooked-chicken-turkey;107;22.3;2.6;1.3;0.8;0.3;0.5;0.93;
bernard-matthew-roast-turkey-chunks-100g;Bernard Matthews Roast Turkey Chunks 100g;£1.00/unit;£1.00/100g;Cooked meats & snacking;mfp-snacking-cooked-sausage;107;22.3;2.6;1.3;0.8;0.3;0.5;0.93;
bernard-matthew-roast-turkey-chunks-100g;Bernard Matthews Roast Turkey Chunks 100g;£1.00/unit;£1.00/100g;Cooked meats, pate & sandwich fillers;cooked-chicken-turkey;107;22.3;2.6;1.3;0.8;0.3;0.5;0.93;
bernard-matthew-roast-turkey-chunks-100g;Bernard Matthews Roast Turkey Chunks 100g;£1.00/unit;£1.00/100g;Cooked meats, pate & sandwich fillers;snacking-cooked-sausage;107;22.3;2.6;1.3;0.8;0.3;0.5;0.93;
bernard-matthew-tikka-turkey-chunks-100g;Bernard Matthews Tikka Turkey Chunks 100g;£1.00/unit;£1.00/100g;Cooked meats & snacking;mfp-cooked-chicken-turkey;116;23.4;1.4;1.4;1.9;0.6;1.5;0.80;
bernard-matthew-tikka-turkey-chunks-100g;Bernard Matthews Tikka Turkey Chunks 100g;£1.00/unit;£1.00/100g;Cooked meats & snacking;mfp-snacking-cooked-sausage;116;23.4;1.4;1.4;1.9;0.6;1.5;0.80;
bernard-matthew-tikka-turkey-chunks-100g;Bernard Matthews Tikka Turkey Chunks 100g;£1.00/unit;£1.00/100g;Cooked meats, pate & sandwich fillers;cooked-chicken-turkey;116;23.4;1.4;1.4;1.9;0.6;1.5;0.80;
bernard-matthew-tikka-turkey-chunks-100g;Bernard Matthews Tikka Turkey Chunks 100g;£1.00/unit;£1.00/100g;Cooked meats, pate & sandwich fillers;snacking-cooked-sausage;116;23.4;1.4;1.4;1.9;0.6;1.5;0.80;
bernard-matthew-turkey-bbq-chunks-100g;Bernard Matthews Turkey BBQ Chunks 100g;£1.00/unit;£1.00/100g;Cooked meats & snacking;mfp-cooked-chicken-turkey;117;19.8;6.4;5;1.3;0.4;0.4;1;
bernard-matthew-turkey-bbq-chunks-100g;Bernard Matthews Turkey BBQ Chunks 100g;£1.00/unit;£1.00/100g;Cooked meats & snacking;mfp-snacking-cooked-sausage;117;19.8;6.4;5;1.3;0.4;0.4;1;
bernard-matthew-turkey-bbq-chunks-100g;Bernard Matthews Turkey BBQ Chunks 100g;£1.00/unit;£1.00/100g;Cooked meats, pate & sandwich fillers;cooked-chicken-turkey;117;19.8;6.4;5;1.3;0.4;0.4;1;
bernard-matthew-turkey-bbq-chunks-100g;Bernard Matthews Turkey BBQ Chunks 100g;£1.00/unit;£1.00/100g;Cooked meats, pate & sandwich fillers;snacking-cooked-sausage;117;19.8;6.4;5;1.3;0.4;0.4;1;
bernard-matthews-breaded-crispy-chicken-260g;Bernard Matthews Breaded Crispy Chicken 260g;£2.00/unit;£7.69/kg;Breaded & coated;breaded-coated-chicken-turkey-pork;251;15.5;10.0;1.0;16.6;2.5;1.3;0.80;
bernard-matthews-breaded-crispy-chicken-260g;Bernard Matthews Breaded Crispy Chicken 260g;£2.00/unit;£7.69/kg;Chicken;chicken;251;15.5;10.0;1.0;16.6;2.5;1.3;0.80;
bernard-matthews-breaded-ham---cheese-chicken-escalope-285g;Bernard Matthews Breaded Ham & Cheese Chicken Escalope 285g;£2.00/unit;£7.02/kg;Breaded & coated;breaded-coated-chicken-turkey-pork;237;12.9;17.9;1.1;12.4;2.3;1.1;0.88;
bernard-matthews-breaded-ham---cheese-chicken-escalope-285g;Bernard Matthews Breaded Ham & Cheese Chicken Escalope 285g;£2.00/unit;£7.02/kg;Chicken;chicken;237;12.9;17.9;1.1;12.4;2.3;1.1;0.88;
bernard-matthews-breaded-turkey-escalope-260g;Bernard Matthews Breaded Turkey Escalope 260g;£2.00/unit;£7.69/kg;Breaded & coated;breaded-coated-chicken-turkey-pork;293;14.8;17.5;1.2;17.7;4.7;2.3;0.98;
bernard-matthews-breaded-turkey-escalope-260g;Bernard Matthews Breaded Turkey Escalope 260g;£2.00/unit;£7.69/kg;Turkey;turkey;293;14.8;17.5;1.2;17.7;4.7;2.3;0.98;
bernard-matthews-chicken-breast-140g;Bernard Matthews Chicken Breast Slices x7 140g;£2.00/unit;£1.43/100g;Cooked meats & snacking;mfp-cooked-chicken-turkey;103;19;1.3;0.8;2.3;0.7;0.7;1.7;
bernard-matthews-chicken-breast-140g;Bernard Matthews Chicken Breast Slices x7 140g;£2.00/unit;£1.43/100g;Cooked meats, pate & sandwich fillers;cooked-chicken-turkey;103;19;1.3;0.8;2.3;0.7;0.7;1.7;
bernard-matthews-chicken-chunks-100g;Bernard Matthews Chicken Chunks 100g;£1.00/unit;£1.00/100g;Cooked meats & snacking;mfp-cooked-chicken-turkey;112;22.9;2.1;0.9;1.3;0.4;0.0;0.8;
bernard-matthews-chicken-chunks-100g;Bernard Matthews Chicken Chunks 100g;£1.00/unit;£1.00/100g;Cooked meats & snacking;mfp-snacking-cooked-sausage;112;22.9;2.1;0.9;1.3;0.4;0.0;0.8;
bernard-matthews-chicken-chunks-100g;Bernard Matthews Chicken Chunks 100g;£1.00/unit;£1.00/100g;Cooked meats, pate & sandwich fillers;cooked-chicken-turkey;112;22.9;2.1;0.9;1.3;0.4;0.0;0.8;
bernard-matthews-chicken-chunks-100g;Bernard Matthews Chicken Chunks 100g;£1.00/unit;£1.00/100g;Cooked meats, pate & sandwich fillers;snacking-cooked-sausage;112;22.9;2.1;0.9;1.3;0.4;0.0;0.8;
bernard-matthews-chilli-turkey-chunks-100g;Bernard Matthews Chilli Turkey Chunks 100g;£1.00/unit;£1.00/100g;Cooked meats & snacking;mfp-cooked-chicken-turkey;120;19.7;6.8;4.7;1.5;0.4;0.5;1.02;
bernard-matthews-chilli-turkey-chunks-100g;Bernard Matthews Chilli Turkey Chunks 100g;£1.00/unit;£1.00/100g;Cooked meats & snacking;mfp-snacking-cooked-sausage;120;19.7;6.8;4.7;1.5;0.4;0.5;1.02;
bernard-matthews-chilli-turkey-chunks-100g;Bernard Matthews Chilli Turkey Chunks 100g;£1.00/unit;£1.00/100g;Cooked meats, pate & sandwich fillers;cooked-chicken-turkey;120;19.7;6.8;4.7;1.5;0.4;0.5;1.02;
bernard-matthews-chilli-turkey-chunks-100g;Bernard Matthews Chilli Turkey Chunks 100g;£1.00/unit;£1.00/100g;Cooked meats, pate & sandwich fillers;snacking-cooked-sausage;120;19.7;6.8;4.7;1.5;0.4;0.5;1.02;
bernard-matthews-golden-drummers-500g;Bernard Matthews Golden Drummers 500g;£2.00/unit;£4.00/kg;Meat & poultry;frozen-chicken;253;15.1;12.6;0.7;15.6;2.8;0.9;0.7;
bernard-matthews-golden-drummers-500g;Bernard Matthews Golden Drummers 500g;£2.00/unit;£4.00/kg;Meat & poultry;turkey-duck-game;253;15.1;12.6;0.7;15.6;2.8;0.9;0.7;
bernard-matthews-mini-kievs-340g;Bernard Matthews Mini Kievs 340g;£2.00/unit;£5.88/kg;Meat & poultry;frozen-chicken;232;18.7;13.6;1.3;11.4;3.3;1.3;0.75;
bernard-matthews-mini-kievs-340g;Bernard Matthews Mini Kievs 340g;£2.00/unit;£5.88/kg;Meat & poultry;turkey-duck-game;232;18.7;13.6;1.3;11.4;3.3;1.3;0.75;
bernard-matthews-turkey-breast-140g;Bernard Matthews Turkey Breast Slices x7 140g;£2.00/unit;£1.43/100g;Cooked meats & snacking;mfp-cooked-chicken-turkey;103;19.2;0.9;0.8;2.5;0.8;0.5;1.8;
bernard-matthews-turkey-breast-140g;Bernard Matthews Turkey Breast Slices x7 140g;£2.00/unit;£1.43/100g;Cooked meats, pate & sandwich fillers;cooked-chicken-turkey;103;19.2;0.9;0.8;2.5;0.8;0.5;1.8;
bernard-matthews-turkey-breast-roast--easy-roast-450g-%28serves-2---3%29;Bernard Matthews Turkey Breast Roast, Easy Roast 450g (serves 2-3);£2.50/unit;£5.56/kg;Meat & poultry;turkey-duck-game;143;24.9;1.0;0.4;4.8;1.9;0.0;0.5;
bernard-matthews-turkey-dinosaurs-500g;Bernard Matthews Turkey Dinosaurs 500g;£2.00/unit;£4.00/kg;Meat & poultry;frozen-chicken;306;13.3;17.7;2.2;19.8;4.0;1.7;0.8;
bernard-matthews-turkey-dinosaurs-500g;Bernard Matthews Turkey Dinosaurs 500g;£2.00/unit;£4.00/kg;Meat & poultry;turkey-duck-game;306;13.3;17.7;2.2;19.8;4.0;1.7;0.8;
bernard-matthews-turkey-ham-wafer-thin-120g;Bernard Matthews Turkey Ham Wafer Thin 120g;£1.00/unit;£0.83/100g;Cooked meats & snacking;mfp-cooked-chicken-turkey;104;null;3.0;1.0;4.1;1.2;0.5;2.5;
bernard-matthews-turkey-ham-wafer-thin-120g;Bernard Matthews Turkey Ham Wafer Thin 120g;£1.00/unit;£0.83/100g;Cooked meats, pate & sandwich fillers;cooked-chicken-turkey;104;null;3.0;1.0;4.1;1.2;0.5;2.5;
bernard-matthews-turkey-ham-wafer-thin-250g;Bernard Matthews Turkey Ham Wafer Thin 250g;£2.00/unit;£0.80/100g;Cooked meats & snacking;mfp-cooked-chicken-turkey;104;null;3.0;1.0;4.1;1.2;0.5;2.5;
bernard-matthews-turkey-ham-wafer-thin-250g;Bernard Matthews Turkey Ham Wafer Thin 250g;£2.00/unit;£0.80/100g;Cooked meats, pate & sandwich fillers;cooked-chicken-turkey;104;null;3.0;1.0;4.1;1.2;0.5;2.5;
bernard-matthews-turkey-numbers-338g;Bernard Matthews Turkey Numbers 338g;£2.00/unit;£5.92/kg;Meat & poultry;frozen-chicken;315;14.8;23.6;0.1;17.2;2.3;3.2;1.33;
bernard-matthews-turkey-numbers-338g;Bernard Matthews Turkey Numbers 338g;£2.00/unit;£5.92/kg;Meat & poultry;turkey-duck-game;315;14.8;23.6;0.1;17.2;2.3;3.2;1.33;
bero-plain-flour-125kg;BeRo Plain Flour 1.25kg;£1.40/unit;£1.12/kg;Sugar & home baking;flour;340;10.4;70.1;1.4;1.3;0.2;3.2;0;
bero-plain-flour-500g;BeRo Plain Flour 500g;£0.80/unit;£1.60/kg;Sugar & home baking;flour;340;10.4;70.1;1.4;1.3;0.2;3.2;null;
bero-self-raising-flour-125kg;BeRo Self Raising Flour 1.25kg;£1.40/unit;£1.12/kg;Sugar & home baking;flour;330;9.9;67.9;1.3;1.4;0.2;3.0;0.75;
bero-self-raising-flour-500g;BeRo Self Raising Flour 500g;£0.80/unit;£1.60/kg;Sugar & home baking;flour;330;9.9;67.9;1.3;1.4;0.2;3.0;null;
bertarini-cappelletti-with-ham-250g;Bertarini Cappelletti With Ham 250g;£1.25/unit;£5.00/kg;Pizza, pasta & garlic bread;fresh-pasta-sauces;null;null;null;null;null;null;null;null;
bertarini-lunette-with-cheese-250g;Bertarini Lunette With Cheese 250g;£1.25/unit;£5.00/kg;Pizza, pasta & garlic bread;fresh-pasta-sauces;null;null;null;null;null;null;null;null;
bertarini-lunette-with-cheese-250g;Bertarini Lunette With Cheese 250g;£1.25/unit;£5.00/kg;Vegetarian & meat free;vegetarian-meat-free-pizza-pasta;null;null;null;null;null;null;null;null;
bertarini-lunette-with-mushrooms-250g;Bertarini Lunette With Mushrooms 250g;£1.25/unit;£5.00/kg;Pizza, pasta & garlic bread;fresh-pasta-sauces;null;null;null;null;null;null;null;null;
bertarini-lunette-with-mushrooms-250g;Bertarini Lunette With Mushrooms 250g;£1.25/unit;£5.00/kg;Vegetarian & meat free;vegetarian-meat-free-pizza-pasta;null;null;null;null;null;null;null;null;
bertarini-tortelloni-chicken---bacon-250g;Bertarini Tortelloni Chicken & Bacon 250g;£1.25/unit;£5.00/kg;Pizza, pasta & garlic bread;fresh-pasta-sauces;null;null;null;null;null;null;null;null;
bertarini-tortelloni-spinach---ricotta-250g;Bertarini Tortelloni Spinach & Ricotta 250g;£1.25/unit;£5.00/kg;Pizza, pasta & garlic bread;fresh-pasta-sauces;null;null;null;null;null;null;null;null;
bertarini-tortelloni-spinach---ricotta-250g;Bertarini Tortelloni Spinach & Ricotta 250g;£1.25/unit;£5.00/kg;Vegetarian & meat free;vegetarian-meat-free-pizza-pasta;null;null;null;null;null;null;null;null;
bertolli-1kg;Bertolli Original Spread 1kg;£3.70/unit;£3.70/kg;Butter, spreads & baking;olive-spreads;536;0.5;0.9;0.9;59;13;null;1.2;
bertolli-250g;Bertolli Original Spread 250g;£1.20/unit;£4.80/kg;Butter, spreads & baking;olive-spreads;536;0.5;0.9;0.9;59;13;null;1.2;
bertolli-500g;Bertolli Original Spread 500g;£1.90/unit;£3.80/kg;Butter, spreads & baking;olive-spreads;536;0.5;0.9;0.9;59;13;null;1.2;
bertolli-light-500g;Bertolli Light Spread 500g;£1.90/unit;£3.80/kg;Butter, spreads & baking;olive-spreads;346;0.5;1.3;0.5;38;9.2;null;0.82;
bertolli-spread-with-butter-225g;Bertolli Spread With Butter 225g;£1.50/unit;£6.67/kg;Butter, spreads & baking;buttery-taste-and-sunflower-spreads;null;1;1;1;10;15;null;3;
bertolli-spread-with-butter-225g;Bertolli Spread With Butter 225g;£1.50/unit;£6.67/kg;Butter, spreads & baking;olive-spreads;null;1;1;1;10;15;null;3;
bertolli-spread-with-butter-225g;Bertolli Spread With Butter 225g;£1.50/unit;£6.67/kg;Butter, spreads & baking;spreadable-butter;null;1;1;1;10;15;null;3;
bertolli-spread-with-butter-400g;Bertolli Spread With Butter 400g;£2.50/unit;£6.25/kg;Butter, spreads & baking;buttery-taste-and-sunflower-spreads;615;0.5;0.6;0.6;70;30;null;1.5;
bertolli-spread-with-butter-400g;Bertolli Spread With Butter 400g;£2.50/unit;£6.25/kg;Butter, spreads & baking;olive-spreads;615;0.5;0.6;0.6;70;30;null;1.5;
bertolli-spread-with-butter-400g;Bertolli Spread With Butter 400g;£2.50/unit;£6.25/kg;Butter, spreads & baking;spreadable-butter;615;0.5;0.6;0.6;70;30;null;1.5;
besana-wasabi-peas-100g;Besana Wasabi Peas 100g;£1.10/unit;£1.10/100g;Cooking sauces & world foods;japanese;null;null;null;null;null;null;null;null;
betty-chocolate---orange-swirl-cake-435g;Betty Crocker Chocolate & Orange Swirl Cake 435g;£2.00/unit;£4.60/kg;Sugar & home baking;cake-sweet-mixes;411;5.6;78.8;47.0;7.6;4.0;2.7;1.4;
betty-crocker-american-pancake-shaker-155g;Betty Crocker American Pancake Shaker 155g;£2.00/unit;£12.90/kg;Sugar & home baking;cake-sweet-mixes;356;10.7;63.8;11.0;5.8;2.5;3.1;3.7;
betty-crocker-apple---cinnamon-tray-bake-mix-420g;Betty Crocker Apple & Cinnamon Tray Bake Mix 420g;£2.00/unit;£0.48/100g;Sugar & home baking;cake-sweet-mixes;393;5.1;77.0;46.3;6.6;3.2;2.7;0.75;
betty-crocker-caramel-cupcakes-302g;Betty Crocker Caramel Cupcakes 302g;£2.00/unit;£6.62/kg;Sugar & home baking;cake-sweet-mixes;404;2.8;84.7;66.6;5.8;3.1;0.9;0.9;
betty-crocker-carrot-cake-mix-500g;Betty Crocker Carrot Cake Mix 500g;£2.00/unit;£4.00/kg;Sugar & home baking;cake-sweet-mixes;390;4.4;77.0;46.1;6.6;3.5;2.7;1.3;
betty-crocker-chocolate-butter-cream-icing-450g;Betty Crocker Chocolate Butter Cream Icing 450g;£2.00/unit;£4.44/kg;Sugar & home baking;decorations;413;1.3;65.1;62.1;16.0;8.4;1.7;0.8;
betty-crocker-chocolate-butter-cream-icing-450g;Betty Crocker Chocolate Butter Cream Icing 450g;£2.00/unit;£4.44/kg;Sugar & home baking;icing---marzipan;413;1.3;65.1;62.1;16.0;8.4;1.7;0.8;
betty-crocker-chocolate-chip-cookie-pouch-200g;Betty Crocker Chocolate Chip Cookie Pouch 200g;£1.50/unit;£7.50/kg;Sugar & home baking;cake-sweet-mixes;473;5.2;65.2;43.5;20.9;10.9;1.8;1.0;
betty-crocker-chocolate-chunk-brownie-mix-415g;Betty Crocker Chocolate Chunk Brownie Mix 415g;£2.00/unit;£4.82/kg;Sugar & home baking;cake-sweet-mixes;415;4.8;80.8;59.8;7.2;3.8;3.8;0.6;
betty-crocker-chocolate-chunk-muffin-mix-335g;Betty Crocker Chocolate Chunk Muffin Mix 335g;£2.00/unit;£5.97/kg;Sugar & home baking;cake-sweet-mixes;421;6.4;71.0;45.4;11.7;6.5;3.1;1.82;
betty-crocker-chocolate-cookie-mix-453g;Betty Crocker Chocolate Cookie Mix 453g;£2.00/unit;£4.42/kg;Sugar & home baking;cake-sweet-mixes;429;4.7;75.8;44.3;11.4;6.1;2.0;1.1;
betty-crocker-chocolate-fudge-cupcake-mix-301g;Betty Crocker Chocolate Fudge Cupcake Mix 301g;£2.00/unit;£6.65/kg;Sugar & home baking;cake-sweet-mixes;402;3.9;79.3;62.1;7.0;3.9;3.1;1.5;
betty-crocker-chocolate-swirl-cake-500g;Betty Crocker Chocolate Swirl Cake 500g;£2.00/unit;£4.00/kg;Sugar & home baking;cake-sweet-mixes;400;4.6;77.5;47.4;7.5;4.0;2.2;1.2;
betty-crocker-cream-cheese-frosting-425g;Betty Crocker Cream Cheese Frosting 425g;£2.00/unit;£4.70/kg;Sugar & home baking;decorations;421;0.0;70.5;69.7;15.4;8.0;0.0;0.5;
betty-crocker-cream-cheese-frosting-425g;Betty Crocker Cream Cheese Frosting 425g;£2.00/unit;£4.70/kg;Sugar & home baking;icing---marzipan;421;0.0;70.5;69.7;15.4;8.0;0.0;0.5;
betty-crocker-devils-food-cake-mix-500g;Betty Crocker Devils Food Cake Mix 500g;£2.00/unit;£4.00/kg;Sugar & home baking;cake-sweet-mixes;416;4.9;74.4;46.3;10.2;5.5;3.4;2.0;
betty-crocker-double-chocolate-traybake-mix-420g;Betty Crocker Double Chocolate Traybake Mix 420g;£2.00/unit;£4.76/kg;Sugar & home baking;cake-sweet-mixes;401;5.6;74.7;45.6;8.2;4.2;3.1;0.77;
betty-crocker-frosting-mix--chocolate-fudge-450g;Betty Crocker Frosting Mix, Chocolate Fudge 450g;£2.00/unit;£4.44/kg;Sugar & home baking;decorations;408;2.2;61.4;56.8;16.4;8.6;2.9;0.8;
betty-crocker-frosting-mix--chocolate-fudge-450g;Betty Crocker Frosting Mix, Chocolate Fudge 450g;£2.00/unit;£4.44/kg;Sugar & home baking;icing---marzipan;408;2.2;61.4;56.8;16.4;8.6;2.9;0.8;
betty-crocker-frosting-mix--creamy-style-vanilla-flavour-450g;Betty Crocker Frosting Mix, Creamy Style Vanilla Flavour 450g;£2.00/unit;£4.44/kg;Sugar & home baking;decorations;421;0.0;70.5;69.9;15.4;8.0;0.0;0.5;
betty-crocker-frosting-mix--creamy-style-vanilla-flavour-450g;Betty Crocker Frosting Mix, Creamy Style Vanilla Flavour 450g;£2.00/unit;£4.44/kg;Sugar & home baking;icing---marzipan;421;0.0;70.5;69.9;15.4;8.0;0.0;0.5;
betty-crocker-fudge-brownie-mix-415g;Betty Crocker Fudge Brownie Mix 415g;£2.00/unit;£4.82/kg;Sugar & home baking;cake-sweet-mixes;409;4.4;83.3;61.2;5.7;2.9;3.4;0.9;
betty-crocker-lemon-cupcakes-301g;Betty Crocker Lemon Cupcakes 301g;£2.00/unit;£6.65/kg;Sugar & home baking;cake-sweet-mixes;402;2.7;84.5;66.3;5.7;3.1;0.7;0.9;
betty-crocker-muffin-mix--blueberry-375g;Betty Crocker Muffin Mix, Blueberry 375g;£2.00/unit;£5.33/kg;Sugar & home baking;cake-sweet-mixes;335;5.3;65.8;37.2;5.0;2.4;2.6;1.7;
betty-crocker-red-velvet-cake-450g;Betty Crocker Red Velvet Cake 450g;£2.00/unit;£4.44/kg;Sugar & home baking;cake-sweet-mixes;419;5.2;76.3;49.4;9.8;5.2;2.2;1.3;
betty-crocker-red-velvet-cupcakes-297g;Betty Crocker Red Velvet Cupcakes 297g;£2.00/unit;£6.74/kg;Sugar & home baking;cake-sweet-mixes;410;3.2;84.1;67.7;6.4;3.4;1.5;0.9;
betty-crocker-strawberry-icing-425g;Betty Crocker Strawberry Icing 425g;£2.00/unit;£0.44/100g;Sugar & home baking;decorations;421;0.0;70.4;69.7;15.4;8.0;0.0;1.5;
betty-crocker-strawberry-icing-425g;Betty Crocker Strawberry Icing 425g;£2.00/unit;£0.44/100g;Sugar & home baking;icing---marzipan;421;0.0;70.4;69.7;15.4;8.0;0.0;1.5;
betty-crocker-sunny-lemon-cake-mix-295g;Betty Crocker Sunny Lemon Cake Mix 295g;£2.00/unit;£6.78/kg;Sugar & home baking;cake-sweet-mixes;399;3.6;80.9;55.3;6.5;3.4;1.1;1.3;
betty-crocker-traditional-pancake-mix-155g;Betty Crocker Traditional Pancake Mix 155g;£1.50/unit;£9.68/kg;Sugar & home baking;cake-sweet-mixes;371;10.2;66.5;11.9;6.4;2.8;3.3;1.86;
betty-crocker-vanilla---cinnamon-swirl-cake-mix-450g;Betty Crocker Vanilla & Cinnamon Swirl Cake Mix 450g;£2.00/unit;£4.44/kg;Sugar & home baking;cake-sweet-mixes;410;4.7;79.9;50.4;7.5;3.9;1.9;1.5;
betty-crocker-vanilla-butter-cream-icing-450g;Betty Crocker Vanilla Butter Cream Icing 450g;£2.00/unit;£4.44/kg;Sugar & home baking;decorations;421;0.0;70.5;70.1;15.4;8.0;0.0;0.5;
betty-crocker-vanilla-butter-cream-icing-450g;Betty Crocker Vanilla Butter Cream Icing 450g;£2.00/unit;£4.44/kg;Sugar & home baking;icing---marzipan;421;0.0;70.5;70.1;15.4;8.0;0.0;0.5;
betty-crocker-vanilla-cake-450g;Betty Crocker Vanilla Cake 450g;£2.00/unit;£4.44/kg;Sugar & home baking;cake-sweet-mixes;411;5.1;79.3;47.1;7.8;4.1;1.4;1.6;
betty-crocker-vanilla-cupcakes-303g;Betty Crocker Vanilla Cupcakes 303g;£2.00/unit;£6.60/kg;Sugar & home baking;cake-sweet-mixes;408;3.2;85.8;66.7;5.6;3.1;0.8;0.94;
betty-crocker-vanilla-icing---rainbow-sprinkles-470g;Betty Crocker Vanilla Icing & Rainbow Sprinkles 470g;£2.00/unit;£0.42/100g;Sugar & home baking;decorations;419;0.0;71.6;69.7;14.7;7.7;0.0;0.48;
betty-crocker-vanilla-icing---rainbow-sprinkles-470g;Betty Crocker Vanilla Icing & Rainbow Sprinkles 470g;£2.00/unit;£0.42/100g;Sugar & home baking;icing---marzipan;419;0.0;71.6;69.7;14.7;7.7;0.0;0.48;
betty-crocker-white-chocolate-cookie-mix-200g;Betty Crocker White Chocolate Cookie Mix 200g;£1.50/unit;£7.50/kg;Sugar & home baking;cake-sweet-mixes;485;5.5;67.2;42.7;21.4;7.8;0.7;1.0;
beye-swt---stky-bbq-chicken-grills-348g;Birds Eye Sweet & Sticky BBQ Chicken Grills 348g;£1.75/unit;£5.03/kg;Meat & poultry;frozen-chicken;176;16.9;6.4;2.0;9.1;2.3;0.3;0.88;
big-hero-6-cake;Big Hero 6 Cake;£10.00/unit;£10.00/ea;Celebration cakes;celebration-cakes;400;2.1;69.4;50.3;12.5;2.9;null;0.41;
big-jakes-bbq-pulled-pork-380g;Big Jakes BBQ Pulled Pork 380g;£3.00/unit;£7.89/kg;Meat & poultry;frozen-pork;null;null;null;null;null;null;null;null;
billingtons-demerara-sugar-1kg;Billington's Demerara Sugar 1kg;£2.20/unit;£2.20/kg;Sugar & home baking;sugar-sweeteners;399;0.2;99.4;null;0.0;null;null;null;
billingtons-demerara-sugar-250g;Billington's Demerara Sugar 250g;£0.75/unit;£3.00/kg;Sugar & home baking;sugar-sweeteners;398;0;99;99;0;0;null;0.25;
billingtons-demerara-sugar-500g;Billington's Demerara Sugar 500g;£1.40/unit;£2.80/kg;Sugar & home baking;sugar-sweeteners;398;0;99;99;0;0;null;0.25;
billingtons-demerara-sugar-cubes-500g;Billington's Demerara Sugar Cubes 500g;£1.70/unit;£3.40/kg;Sugar & home baking;sugar-sweeteners;397;0.0;99.3;null;0.0;null;null;null;
billingtons-glac%C3%A9-cherries--natural-colour-200g;Billington's Glacé Cherries, Natural Colour 200g;£2.00/unit;£10.00/kg;Sugar & home baking;dried-fruit---peel;303;0.5;75;56;0.5;0.1;null;0.03;
billingtons-golden-caster-sugar-250g;Billington's Golden Caster Sugar 250g;£0.75/unit;£3.00/kg;Sugar & home baking;sugar-sweeteners;399;0;100;100;0;0;null;0.17;
billingtons-golden-granulated-sugar-1kg;Billington's Golden Granulated Sugar 1kg;£1.90/unit;£1.90/kg;Sugar & home baking;sugar-sweeteners;399;0.0;99.7;null;0.0;null;null;null;
billingtons-golden-icing-sugar-500g;Billington's Golden Icing Sugar 500g;£1.50/unit;£3.00/kg;Sugar & home baking;icing---marzipan;400;0;99;99;0;0;null;0.01;
billingtons-golden-icing-sugar-500g;Billington's Golden Icing Sugar 500g;£1.50/unit;£3.00/kg;Sugar & home baking;sugar-sweeteners;400;0;99;99;0;0;null;0.01;
billingtons-light-mscvdo-trial-pack-250g;Billington's Light Muscovado Sugar Trial Pack 250g;£0.85/unit;£3.40/kg;Sugar & home baking;sugar-sweeteners;392;0;98;98;0;0;null;0.18;
billingtons-molasses-sugar-500g;Billington's Molasses Sugar 500g;£1.50/unit;£3.00/kg;Sugar & home baking;sugar-sweeteners;379;0.7;94.1;null;0.0;null;null;null;
birds-angel-delight--banana-59g;Angel Delight, Banana 59g;£0.45/unit;£0.76/100g;Fruit & desserts;dessert-mixes;474;2.3;69.3;56.1;20.9;17.4;0.3;2.7;
birds-angel-delight--banana-59g;Angel Delight, Banana 59g;£0.45/unit;£0.76/100g;Sugar & home baking;cake-sweet-mixes;474;2.3;69.3;56.1;20.9;17.4;0.3;2.7;
birds-angel-delight--butterscotch-59g;Angel Delight, Butterscotch 59g;£0.45/unit;£0.76/100g;Fruit & desserts;dessert-mixes;472;2.0;75.4;55.8;18.0;15.0;0.0;2.14;
birds-angel-delight--butterscotch-59g;Angel Delight, Butterscotch 59g;£0.45/unit;£0.76/100g;Sugar & home baking;cake-sweet-mixes;472;2.0;75.4;55.8;18.0;15.0;0.0;2.14;
birds-angel-delight--chocolate-50g;Angel Delight, Chocolate 50g;£0.45/unit;£0.90/100g;Fruit & desserts;dessert-mixes;441;3.3;73.1;53.5;14.5;11.9;2.6;2.43;
birds-angel-delight--chocolate-50g;Angel Delight, Chocolate 50g;£0.45/unit;£0.90/100g;Sugar & home baking;cake-sweet-mixes;441;3.3;73.1;53.5;14.5;11.9;2.6;2.43;
birds-angel-delight--raspberry-59g;Angel Delight, Raspberry 59g;£0.45/unit;£0.76/100g;Fruit & desserts;dessert-mixes;476;2.4;69.3;55.2;21.0;17.6;0.2;2.7;
birds-angel-delight--raspberry-59g;Angel Delight, Raspberry 59g;£0.45/unit;£0.76/100g;Sugar & home baking;cake-sweet-mixes;476;2.4;69.3;55.2;21.0;17.6;0.2;2.7;
birds-custard-powder-300g;Bird's Custard Powder 300g;£1.10/unit;£0.37/100g;Fruit & desserts;custard;347;0.4;86.2;0;0.1;0;0;1.0;
birds-dream-topping--sugar-free-33g;Bird's Dream Topping, Sugar Free 33g;£0.70/unit;£2.12/100g;Fruit & desserts;dessert-mixes;675;6.2;29.1;2.0;59.3;57.6;0.4;0.5;
birds-dream-topping--sugar-free-33g;Bird's Dream Topping, Sugar Free 33g;£0.70/unit;£2.12/100g;Sugar & home baking;cake-sweet-mixes;675;6.2;29.1;2.0;59.3;57.6;0.4;0.5;
birds-eye-12-original-beef-burgers-680g;Birds Eye Original Beef Burgers x12 680g;£4.20/unit;£6.18/kg;Meat & poultry;frozen-beef;293;14.6;2.7;1.1;24.8;8.4;0.4;0.73;
birds-eye-12-original-beef-burgers-680g;Birds Eye Original Beef Burgers x12 680g;£4.20/unit;£6.18/kg;Meat & poultry;frozen-burgers-sausages;293;14.6;2.7;1.1;24.8;8.4;0.4;0.73;
birds-eye-18-breaded-nuggets-355g;Birds Eye Breaded Nuggets x18 355g;£3.00/unit;£8.45/kg;Meat & poultry;frozen-chicken;255;14.3;22.1;0.5;11.9;1.5;1.0;1.0;
birds-eye-bake-to-perfection-salmon-with-chilli---ginger-280g;Birds Eye Inspirations Salmon Fillets with Chilli & Ginger Sauce x2 280g;£4.00/unit;£14.29/kg;Fish & seafood;frozen-fish-seafood;140;17.9;1.8;0.9;6.8;2.9;0.1;0.80;
birds-eye-british-steak-puff-pies-x2-360g;Birds Eye British Steak Puff Pies x2 360g;£2.60/unit;£0.72/100g;Ready meals & pies;frozen-pies;283;8.5;28.0;1.2;15.0;6.7;1.1;0.70;
birds-eye-chicken-burgers-x4-200g;Birds Eye Chicken Burgers x4 200g;£1.00/unit;£5.00/kg;Meat & poultry;frozen-burgers-sausages;247;12.9;20.4;0.7;12.4;1.6;0.9;0.53;
birds-eye-chicken-burgers-x4-200g;Birds Eye Chicken Burgers x4 200g;£1.00/unit;£5.00/kg;Meat & poultry;frozen-chicken;247;12.9;20.4;0.7;12.4;1.6;0.9;0.53;
birds-eye-chicken-burgers-x8-400g;Birds Eye Chicken Burgers x8 400g;£2.70/unit;£6.75/kg;Meat & poultry;frozen-burgers-sausages;247;12.9;20.4;0.7;12.4;1.6;0.9;0.53;
birds-eye-chicken-burgers-x8-400g;Birds Eye Chicken Burgers x8 400g;£2.70/unit;£6.75/kg;Meat & poultry;frozen-chicken;247;12.9;20.4;0.7;12.4;1.6;0.9;0.53;
birds-eye-chicken-nuggets-x36-720g;Birds Eye Chicken Nuggets x36 720g;£4.00/unit;£5.56/kg;Meat & poultry;frozen-chicken;256;12.0;22.6;0.6;12.9;1.6;0.9;0.78;
birds-eye-chicken-pies-x4-620g;Birds Eye Chicken Pies x4 620g;£2.50/unit;£4.03/kg;Ready meals & pies;frozen-pies;279;8.2;25.0;1.7;16.0;6.4;1.1;0.83;
birds-eye-chicken-quarter-pounders-x2-227g;Birds Eye Chicken Quarter Pounders x2 227g;£1.45/unit;£6.39/kg;Meat & poultry;frozen-burgers-sausages;307;12.2;16.7;0.6;21.2;2.7;0.5;1.2;
birds-eye-chicken-quarter-pounders-x2-227g;Birds Eye Chicken Quarter Pounders x2 227g;£1.45/unit;£6.39/kg;Meat & poultry;frozen-chicken;307;12.2;16.7;0.6;21.2;2.7;0.5;1.2;
birds-eye-cod-fillet-fish-fingers-x20-560g;Birds Eye Cod Fillet Fish Fingers x20 560g;£4.00/unit;£7.14/kg;Fish & seafood;frozen-fish-seafood;218;13.0;20.4;1.1;9.1;0.6;1.0;0.70;
birds-eye-cod-fillet-fishcakes-in-crumb-x4-198g;Birds Eye Cod Fillet Fishcakes In Crumb x4 198g;£1.00/unit;£5.05/kg;Fish & seafood;frozen-fish-seafood;182;10.0;15.7;0.5;8.6;0.6;1.0;0.88;
birds-eye-cod-fish-burgers-x2-227g;Birds Eye Cod Fish Burgers x2 227g;£2.00/unit;£8.81/kg;Fish & seafood;frozen-fish-seafood;197;12.6;20.6;0.6;6.9;0.5;1.0;0.75;
birds-eye-cod-fish-fingers-x12-336g;Birds Eye Cod Fish Fingers x12 336g;£2.00/unit;£5.95/kg;Fish & seafood;frozen-fish-seafood;218;13.0;20.4;1.1;9.1;0.6;1.0;0.70;
birds-eye-country-mixed-vegetable-690g;Birds Eye Country Mixed Vegetable 690g;£2.00/unit;£2.90/kg;Fruit, vegetables & rice;frozen-vegetables;40;2.9;3.9;3.1;0.7;0.2;3.1;0.04;
birds-eye-creamy-chicken-pies-x4-620g;Birds Eye Creamy Chicken Pies x4 620g;£2.50/unit;£0.40/100g;Ready meals & pies;frozen-pies;302;8.2;26.1;2.0;18.1;7.6;1.0;0.80;
birds-eye-crispy-chicken-dippers-x24-440g;Birds Eye Crispy Chicken Dippers x24 440g;£3.00/unit;£6.82/kg;Meat & poultry;frozen-chicken;245;13.1;18.7;0.6;12.9;1.7;0.6;0.98;
birds-eye-crispy-chicken-dippers-x42-770g;Birds Eye Crispy Chicken Dippers x42 770g;£3.00/unit;£3.89/kg;Meat & poultry;frozen-chicken;245;13.1;18.7;0.6;12.9;1.7;0.6;0.98;
birds-eye-crispy-chicken-x2-170g;Birds Eye Crispy Chicken x2 170g;£1.00/unit;£5.88/kg;Meat & poultry;frozen-chicken;244;13.4;17.3;0.4;13.1;2.0;1.5;1.1;
birds-eye-crispy-chicken-x4-340g;Birds Eye Crispy Chicken x4 340g;£2.75/unit;£8.09/kg;Meat & poultry;frozen-chicken;244;13.4;17.3;0.4;13.1;2.0;1.5;1.1;
birds-eye-field-fresh-garden-mix-steambags-x4-540g;Birds Eye Steam Fresh Garden Mix Steambags 540g;£2.00/unit;£3.70/kg;Fruit, vegetables & rice;frozen-vegetables;41;2.2;5.2;4.1;0.5;0.1;3.5;0.05;
birds-eye-field-fresh-garden-peas-137kg;Birds Eye Field Fresh Garden Peas 1.37kg;£3.00/unit;£2.19/kg;Fruit, vegetables & rice;frozen-vegetables;68;4.9;7.5;4.9;0.7;0.1;6.0;0.01;
birds-eye-field-fresh-garden-peas-400g;Birds Eye Field Fresh Garden Peas 400g;£1.50/unit;£3.75/kg;Fruit, vegetables & rice;frozen-vegetables;68;4.9;7.5;4.9;0.7;0.1;6.0;0.01;
birds-eye-field-fresh-garden-peas-800g;Birds Eye Field Fresh Garden Peas 800g;£2.30/unit;£2.88/kg;Fruit, vegetables & rice;frozen-vegetables;68;4.9;7.5;4.9;0.7;0.1;6.0;0.01;
birds-eye-field-fresh-green-beans-750g;Birds Eye Field Fresh Green Beans 750g;£2.00/unit;£2.67/kg;Fruit, vegetables & rice;frozen-vegetables;28;1.8;2.9;2.1;0.5;0.1;2.4;0.01;
birds-eye-field-fresh-hearty-farmhouse-vegetable-steambags-x4-540g;Birds Eye Field Fresh Hearty Farmhouse Vegetable Steambags x4 540g;£2.00/unit;£3.70/kg;Fruit, vegetables & rice;frozen-vegetables;30;1.8;3.3;3.0;0.6;0.2;2.2;0.08;
birds-eye-field-fresh-petit-pois-107kg;Birds Eye Field Fresh Petit Pois 1.07kg;£3.50/unit;£3.27/kg;Fruit, vegetables & rice;frozen-vegetables;66;5.4;6.8;4.1;0.6;0.1;6.0;0.01;
birds-eye-field-fresh-petit-pois-545g;Birds Eye Field Fresh Petit Pois 545g;£2.00/unit;£3.67/kg;Fruit, vegetables & rice;frozen-vegetables;66;5.4;6.8;4.1;0.6;0.1;6.0;0.01;
birds-eye-fish---chips-dinner-395g;Birds Eye Fish & Chips Dinner 395g;£2.00/unit;£5.06/kg;Ready meals & pies;frozen-ready-meals;157;5.1;19.0;1.6;6.1;0.6;2.7;0.30;
birds-eye-fish-chargrills-lemon---thyme-x2-300g;Birds Eye Fish Chargrills Lemon & Thyme x2 300g;£2.00/unit;£6.67/kg;Fish & seafood;frozen-fish-seafood;73;14.3;0.8;0.3;1.3;0.3;0.2;0.83;
birds-eye-fish-chargrills-thai-coconut-x2-300g;Birds Eye Fish Chargrills Thai Coconut x2 300g;£3.50/unit;£11.67/kg;Fish & seafood;frozen-fish-seafood;78;14.4;1.3;0.5;1.6;1.1;0.4;0.80;
birds-eye-fish-chargrills-tomato--basil---oregano-x2-300g;Birds Eye Fish Chargrills Tomato, Basil & Oregano x2 300g;£3.50/unit;£11.67/kg;Fish & seafood;frozen-fish-seafood;76;14.4;1.1;0.9;1.5;0.4;0.3;0.90;
birds-eye-fish-fillets-in-batter-x4-400g-7306929-p-44;Birds Eye Fish Fillets In Batter x4 400g;£3.00/unit;£7.50/kg;Fish & seafood;frozen-fish-seafood;261;10.3;19.1;0.4;15.8;1.4;0.6;1.2;
birds-eye-fish-fillets-in-crumb-x4-400g-7306934-p-44;Birds Eye Fish Fillets In Crumb x4 400g;£3.00/unit;£7.50/kg;Fish & seafood;frozen-fish-seafood;216;11.8;24.6;0.7;7.6;0.6;1.2;1.0;
birds-eye-fish-fingers-wholegrain-x12-360g;Birds Eye Fish Fingers Wholegrain x12 360g;£2.50/unit;£6.94/kg;Fish & seafood;frozen-fish-seafood;193;14.0;15.0;1.0;8.0;0.6;2.3;0.87;
birds-eye-fish-fingers-x14-350g;Birds Eye Fish Fingers x14 350g;£2.25/unit;£6.43/kg;Fish & seafood;frozen-fish-seafood;205;13.0;19.0;1.0;8.2;0.6;0.9;0.90;
birds-eye-garden-peas---sweetcorn-690g;Birds Eye Garden Peas & Sweetcorn 690g;£2.00/unit;£2.90/kg;Fruit, vegetables & rice;frozen-vegetables;74;4.2;10.3;4.4;0.7;0.1;4.9;0.01;
birds-eye-garlic---herb-chicken-grills-x4-360g;Birds Eye Garlic & Herb Chicken Grills x4 360g;£2.75/unit;£7.64/kg;Meat & poultry;frozen-chicken;263;15.2;20.6;0.5;13.2;1.5;1.0;1.1;
birds-eye-green-medley-vegetable-fusions-300g;Birds Eye Steamfresh Green Medley Vegetables 2x150g;£1.75/unit;£5.83/kg;Fruit, vegetables & rice;frozen-vegetables;70;2.8;4.2;2.6;3.9;2.2;3.2;0.33;
birds-eye-harry-ramsden-simply-cod-in-batter-x4-480g;Birds Eye Harry Ramsden Simply Cod In Batter x4 480g;£3.00/unit;£6.25/kg;Fish & seafood;frozen-fish-seafood;254;11.4;17.2;0.5;15.4;1.3;0.6;1.1;
birds-eye-harry-ramsden-simply-haddock-fillets-in-batter-x4-480g;Birds Eye Harry Ramsden Simply Haddock Fillets In Batter x4 480g;£3.00/unit;£6.25/kg;Fish & seafood;frozen-fish-seafood;256;11.8;17.2;0.5;15.4;1.3;0.6;1.1;
birds-eye-hot---spicy-chicken-grills-x2-180g;Birds Eye Hot & Spicy Chicken Grills x2 180g;£1.65/unit;£9.71/kg;Meat & poultry;frozen-chicken;264;14.8;19.4;0.8;13.9;1.6;1.0;0.98;
birds-eye-inspirations-cheese---ham-chicken-240g;Birds Eye Inspirations Cheese & Ham Chicken 240g;£2.50/unit;£10.42/kg;Meat & poultry;frozen-chicken;237;13.0;19.0;0.8;12.0;2.1;0.7;0.99;
birds-eye-inspirations-garlic---herb-chicken-240g;Birds Eye Inspirations Garlic & Herb Chicken 240g;£2.50/unit;£10.42/kg;Meat & poultry;frozen-chicken;243;12.0;19.0;0.6;13.0;3.1;0.6;0.98;
birds-eye-inspirations-haddock-fillets-with-white-wine---mustard-sauce-x2-280g;Birds Eye Inspirations Haddock Fillets with White Wine & Mustard Sauce x2 280g;£4.00/unit;£14.29/kg;Fish & seafood;frozen-fish-seafood;118;16.0;1.6;0.7;5.3;3.5;0.1;0.55;
birds-eye-inspirations-peri-peri-chicken-240g;Birds Eye Inspirations Peri Peri Chicken 240g;£2.50/unit;£10.42/kg;Meat & poultry;frozen-chicken;229;13.0;19.0;1.1;11.0;1.3;0.9;1.0;
birds-eye-korma-chicken-chargrills-x2-174g;Birds Eye Korma Chicken Chargrills x2 174g;£1.65/unit;£9.48/kg;Meat & poultry;frozen-chicken;181;16.9;6.3;1.5;9.8;2.7;0.2;0.85;
birds-eye-light---crunchy-breaded-chicken-grills-x4-360g;Birds Eye Light & Crunchy Breaded Chicken Grills x4 360g;£2.75/unit;£7.64/kg;Meat & poultry;frozen-chicken;264;15.0;21.8;0.7;12.8;1.5;0.9;0.96;
birds-eye-lightly-dusted-cod-fillets-in-a-garlic---herb-crumb-x2-225g;Birds Eye Lightly Dusted Cod Fillets in a Garlic & Herb Crumb x2 225g;£3.00/unit;£13.33/kg;Fish & seafood;frozen-fish-seafood;204;14.0;14.0;0.6;10.0;0.8;0.8;0.84;
birds-eye-lightly-dusted-cod-fillets-in-a-lemon---black-pepper-crumb-x2-225g;Birds Eye Lightly Dusted Cod Fillets in a Lemon & Black Pepper Crumb x2 225g;£3.00/unit;£13.33/kg;Fish & seafood;frozen-fish-seafood;204;14.0;14.0;0.6;10.0;0.8;0.8;0.83;
birds-eye-lightly-dusted-cod-fillets-in-a-sea-salt---rosemary-crumb-x2-225g;Birds Eye Lightly Dusted Cod Fillets in a Sea Salt & Rosemary Crumb x2 225g;£3.00/unit;£13.33/kg;Fish & seafood;frozen-fish-seafood;204;14.0;14.0;0.6;10.0;0.8;0.8;0.78;
birds-eye-mash-tags-456g;Birds Eye Mash Tags 456g;£1.80/unit;£3.95/kg;Chips & potatoes;chips-potatoes;161;2.5;22.0;0.7;6.6;0.4;1.7;0.74;
birds-eye-mini-potato-waffles-456g;Birds Eye Mini Potato Waffles 456g;£2.00/unit;£4.39/kg;Chips & potatoes;chips-potatoes;180;2.5;22.0;0.7;8.7;0.6;1.7;0.75;
birds-eye-omega-3-fish-fingers-x12-336g;Birds Eye Omega 3 Fish Fingers x12 336g;£2.25/unit;£6.70/kg;Fish & seafood;frozen-fish-seafood;219;12.7;20.3;1.1;9.4;0.8;1.0;0.88;
birds-eye-omega-3-fish-fingers-x20-560g;Birds Eye Omega 3 Fish Fingers x20 560g;£3.00/unit;£5.36/kg;Fish & seafood;frozen-fish-seafood;219;12.7;20.3;1.1;9.4;0.8;1.0;0.88;
birds-eye-original-beef-quarter-pounders-x4-454g;Birds Eye Original Beef Quarter Pounders x4 454g;£2.50/unit;£5.51/kg;Meat & poultry;frozen-beef;293;14.6;2.7;1.1;24.8;8.4;0.4;0.73;
birds-eye-original-beef-quarter-pounders-x4-454g;Birds Eye Original Beef Quarter Pounders x4 454g;£2.50/unit;£5.51/kg;Meat & poultry;frozen-burgers-sausages;293;14.6;2.7;1.1;24.8;8.4;0.4;0.73;
birds-eye-original-chicken-chargrills-170g;Birds Eye Original Chicken Chargrills 170g;£1.00/unit;£5.88/kg;Meat & poultry;frozen-chicken;174;17.3;4.5;0.5;9.6;2.3;0.2;0.93;
birds-eye-original-chicken-popsters-150g;Birds Eye Original Chicken Popsters 150g;£2.00/unit;£13.33/kg;Meat & poultry;frozen-chicken;276;17.0;20.0;1.3;14.0;1.8;1.0;1.4;
birds-eye-pappardelle-bolognese-350g;Birds Eye Pappardelle Bolognese 350g;£3.00/unit;£8.57/kg;Ready meals & pies;frozen-ready-meals;175;6.8;21.0;1.9;6.5;1.8;2.4;0.79;
birds-eye-penne-arrabbiata-350g;Birds Eye Penne Arrabbiata 350g;£3.00/unit;£8.57/kg;Ready meals & pies;frozen-ready-meals;105;6.0;13.0;2.8;2.9;0.5;1.3;0.58;
birds-eye-potato-waffles-x10-567g;Birds Eye Potato Waffles x10 567g;£1.00/unit;£1.76/kg;Chips & potatoes;chips-potatoes;180;2.5;22.0;0.7;8.7;0.6;1.7;0.75;
birds-eye-premium-beef-quarterpounders-454g;Birds Eye Premium Beef Quarter Pounders 454g;£3.30/unit;£7.27/kg;Meat & poultry;frozen-beef;332;16.5;1.9;0.2;28.6;9.7;0.3;0.65;
birds-eye-premium-beef-quarterpounders-454g;Birds Eye Premium Beef Quarter Pounders 454g;£3.30/unit;£7.27/kg;Meat & poultry;frozen-burgers-sausages;332;16.5;1.9;0.2;28.6;9.7;0.3;0.65;
birds-eye-rice-fusions--cantonese-380g;Birds Eye Rice Fusions, Cantonese 380g;£1.75/unit;£4.61/kg;Fruit, vegetables & rice;frozen-rice;115;2.2;21.0;1.5;2.3;0.4;0.9;0.65;
birds-eye-rice-fusions-golden-vegetable-x2-400g;Birds Eye Rice Fusions, Golden Vegetable 380g;£1.00/unit;£2.63/kg;Fruit, vegetables & rice;frozen-rice;108;2.7;20.3;2.2;1.4;0.3;1.9;0.60;
birds-eye-rice-fusions-mediterranean-400g;Birds Eye Rice Fusions, Mediterranean 400g;£1.75/unit;£4.38/kg;Fruit, vegetables & rice;frozen-rice;120;2.4;21.3;2.5;2.6;0.4;1.1;0.60;
birds-eye-rigatoni-carbonara-350g;Birds Eye Rigatoni Carbonara 350g;£3.00/unit;£8.57/kg;Ready meals & pies;frozen-ready-meals;166;6.6;18.0;1.8;7.3;3.9;0.9;0.80;
birds-eye-roast-beef-in-gravy-227g;Birds Eye Roast Beef In Gravy 227g;£2.50/unit;£11.01/kg;Ready meals & pies;frozen-ready-meals;62;10.5;3.0;0.5;0.8;0.3;0.2;0.78;
birds-eye-sausage-rolls-x4-360g;Birds Eye Sausage Rolls x4 360g;£1.50/unit;£0.42/100g;Party food;frozen-party-food;336;6.6;23.1;0.3;23.9;11.9;1.0;0.7;
birds-eye-sausage-rolls-x4-360g;Birds Eye Sausage Rolls x4 360g;£1.50/unit;£0.42/100g;Ready meals & pies;frozen-snacks;336;6.6;23.1;0.3;23.9;11.9;1.0;0.7;
birds-eye-select-mixed-vegetable-690g;Birds Eye Select Mixed Vegetable 690g;£2.00/unit;£2.90/kg;Fruit, vegetables & rice;frozen-vegetables;54;2.5;8.1;3.7;0.6;0.1;3.3;0.036;
birds-eye-simply-bake-to-perfection-cod-fillets-with-tomato---rosmary-olive-oil-x2-280g;Birds Eye Inspirations Cod Fillets with Tomato & Rosemary Sauce x2 280g;£3.00/unit;£10.72/kg;Fish & seafood;frozen-fish-seafood;131;14.9;0.9;0.4;7.5;3.7;0.2;0.50;
birds-eye-simply-bake-to-perfection-king-prawns-in-sweet-chilli-250g;Birds Eye Simply Bake To Perfection King Prawns In Sweet Chilli 250g;£4.00/unit;£16.00/kg;Fish & seafood;frozen-fish-seafood;215;10.0;6.1;4.7;16.7;11.9;0.1;1.3;
birds-eye-simply-bake-to-perfection-north-atlantic-haddock-fillets-280g;Birds Eye Inspirations Haddock Fillets with Lemon & Chive Sauce x2 280g;£4.00/unit;£14.29/kg;Fish & seafood;frozen-fish-seafood;135;15.4;0.3;0.1;8.0;3.6;0.1;0.53;
birds-eye-simply-bake-to-perfection-wild-salmon-fillets-with-lemon---herb-280g;Birds Eye Simply Bake To Perfection Wild Salmon Fillets With Lemon & Herb 280g;£4.00/unit;£14.29/kg;Fish & seafood;frozen-fish-seafood;155;17.9;0.3;0.1;9.1;3.9;0.1;0.50;
birds-eye-simply-chicken-kiev-garlic---herb-300g;Birds Eye Simply Chicken Kiev Garlic & Herb 300g;£2.70/unit;£9.00/kg;Meat & poultry;frozen-chicken;213;17.3;12.9;1.3;10.1;3.6;0.6;1.1;
birds-eye-simply-cod-in-crumb-x4-480g;Birds Eye Simply Cod In Crumb x4 480g;£3.00/unit;£6.25/kg;Fish & seafood;frozen-fish-seafood;224;12.4;21.1;0.6;9.8;0.7;1.0;0.75;
birds-eye-simply-haddock-in-crumb-x4-480g;Birds Eye Simply Haddock In Crumb x4 480g;£3.00/unit;£6.25/kg;Fish & seafood;frozen-fish-seafood;226;12.8;21.1;0.6;9.8;0.7;1.0;0.73;
birds-eye-south-indian-curry-350g;Birds Eye South Indian Curry 350g;£3.00/unit;£8.57/kg;Ready meals & pies;frozen-ready-meals;132;5.9;13.0;1.5;6.0;3.1;1.4;0.68;
birds-eye-southern-fried-chicken-grills-x4-360g;Birds Eye Southern Fried Chicken Grills x4 360g;£1.75/unit;£4.86/kg;Meat & poultry;frozen-chicken;262;15.3;19.7;1.0;13.3;1.6;1.2;1.2;
birds-eye-southern-fried-chicken-x2-180g;Birds Eye Southern Fried Chicken x2 180g;£1.65/unit;£9.17/kg;Meat & poultry;frozen-chicken;262;15.3;19.7;1.0;13.3;1.6;1.2;1.2;
birds-eye-soya-beans-480g;Birds Eye Soya Beans 480g;£2.30/unit;£4.79/kg;Fruit, vegetables & rice;frozen-vegetables;132;12.4;4.0;0.9;6.4;0.7;4.2;0.03;
birds-eye-steak-pies-x4-620g;Birds Eye Steak Pies x4 620g;£2.50/unit;£0.40/100g;Ready meals & pies;frozen-pies;316;8.0;26.2;1.5;19.7;8.0;1.0;0.7;
birds-eye-steamfresh-creamy-cheese-pasta-350g;Birds Eye Steamfresh Creamy Cheese Pasta 350g;£1.75/unit;£5.00/kg;Fruit, vegetables & rice;frozen-rice;123;5.0;15.9;1.8;3.8;1.0;2.4;0.43;
birds-eye-steamfresh-creamy-cheese-pasta-350g;Birds Eye Steamfresh Creamy Cheese Pasta 350g;£1.75/unit;£5.00/kg;Ready meals & pies;frozen-ready-meals;123;5.0;15.9;1.8;3.8;1.0;2.4;0.43;
birds-eye-steamfresh-mediterranean-vegetable-pasta-350g;Birds Eye Steamfresh Mediterranean Vegetable Pasta 350g;£1.75/unit;£5.00/kg;Fruit, vegetables & rice;frozen-rice;112;3.4;15.3;3.0;3.7;0.5;1.8;0.40;
birds-eye-steamfresh-mediterranean-vegetable-pasta-350g;Birds Eye Steamfresh Mediterranean Vegetable Pasta 350g;£1.75/unit;£5.00/kg;Ready meals & pies;frozen-ready-meals;112;3.4;15.3;3.0;3.7;0.5;1.8;0.40;
birds-eye-supersweet-sweetcorn-690g;Birds Eye Supersweet Sweetcorn 690g;£2.00/unit;£2.90/kg;Fruit, vegetables & rice;frozen-vegetables;89;2.6;16.9;3.1;0.7;0.1;2.4;0.01;
birds-eye-sweet-chilli-chicken-grills-x2-180g;Birds Eye Sweet Chilli Chicken Grills x2 180g;£1.65/unit;£9.17/kg;Meat & poultry;frozen-chicken;258;14.2;20.7;3.6;13.0;1.5;0.8;1.1;
birds-eye-tagliatelle---mushroom-350g;Birds Eye Tagliatelle & Mushroom 350g;£3.00/unit;£8.57/kg;Ready meals & pies;frozen-ready-meals;177;4.8;19.6;1.5;8.3;3.2;2.4;0.83;
birds-eye-thai-chicken-rice-350g;Birds Eye Thai Chicken Rice 350g;£3.00/unit;£8.57/g;Ready meals & pies;frozen-ready-meals;103;5.3;13.0;1.5;3.0;1.5;1.5;0.34;
birds-eye-x4-original-beef-burgers-227g;Birds Eye Original Beef Burgers x4 227g;£1.50/unit;£6.61/kg;Meat & poultry;frozen-beef;293;14.6;2.7;1.1;24.8;8.4;0.4;0.73;
birds-eye-x4-original-beef-burgers-227g;Birds Eye Original Beef Burgers x4 227g;£1.50/unit;£6.61/kg;Meat & poultry;frozen-burgers-sausages;293;14.6;2.7;1.1;24.8;8.4;0.4;0.73;
birds-instant-custard--economy-pack-x3-75g;Bird's Instant Custard Powder 3x75g;£1.40/unit;£0.62/100g;Fruit & desserts;custard;424;4.2;76.7;50.2;11.2;8.5;0.4;0.8;
birds-instant-custard--low-fat--economy-pack-x3-75g;Bird's Instant Custard, Low Fat 3x75g;£1.40/unit;£0.62/100g;Fruit & desserts;custard;405;4.2;79.6;51.1;7.8;5.8;0.4;0.9;
birds-strawberry-trifle-mix-144g;Bird's Strawberry Trifle Mix 144g;£1.50/unit;£1.04/100g;Fruit & desserts;dessert-mixes;416;2.6;77.0;44.0;10.5;9.7;1.6;0.54;
birds-strawberry-trifle-mix-144g;Bird's Strawberry Trifle Mix 144g;£1.50/unit;£1.04/100g;Sugar & home baking;cake-sweet-mixes;416;2.6;77.0;44.0;10.5;9.7;1.6;0.54;
birdseye-fish-burgers-extra-hot-crumb-x2-227g;Birds Eye Fish Burgers Extra Hot Crumb x2 227g;£2.00/unit;£8.81/kg;Fish & seafood;frozen-fish-seafood;202;12.2;20.3;0.8;7.8;0.6;0.9;0.9;
birdseye-inspirations-jalapeno-fish-chargrills-300g;Birds Eye Inspirations Jalapeno Fish Chargrills 300g;£2.00/unit;£6.67/kg;Fish & seafood;frozen-fish-seafood;76;14.0;1.9;1.4;1.4;0.5;0.5;0.88;
birdseye-jumbo-pollock-in-batter-x2-400g;Birds Eye Jumbo Fish Fillets in Batter x2 400g;£3.00/unit;£7.50/kg;Fish & seafood;frozen-fish-seafood;245;10.7;18.9;0.4;13.9;1.2;0.6;1.2;
birdseye-jumbo-pollock-in-crumb-x2-400g;Birds Eye Jumbo Fish Fillets in Crumb x2 400g;£3.00/unit;£7.50/kg;Fish & seafood;frozen-fish-seafood;224;11.8;22.2;0.6;9.5;0.7;1.0;0.95;
bisto-bangers---mash-375g;Bisto Bangers & Mash 375g;£1.10/unit;£2.93/kg;Ready meals & pies;frozen-ready-meals;101;3.3;13.1;1.0;3.6;1.3;1.4;0.63;
bisto-best-chicken-gravy-granules-200g;Bisto Best Chicken Gravy Granules 200g;£2.00/unit;£1.00/100g;Cooking ingredients & oils;gravy;345;3.8;69.5;3.6;5.5;2.6;1.1;12.08;
bisto-best-gravy-granules--beef-200g;Bisto Best Gravy Granules, Beef 200g;£2.00/unit;£1.00/100g;Cooking ingredients & oils;gravy;350;4.2;68.1;2.1;6.5;3.4;0.9;12.59;
bisto-best-gravy-granules--beef-350g;Bisto Best Gravy Granules, Beef 350g;£2.85/unit;£0.81/100g;Cooking ingredients & oils;gravy;1477;4.2;68.1;2.1;6.5;3.4;0.9;12.59;
bisto-best-lamb-gravy-200g;Bisto Best Lamb Gravy Granules 200g;£2.00/unit;£1.00/100g;Cooking ingredients & oils;gravy;326;5.1;67.0;1.2;4.1;0.4;0.4;16.23;
bisto-best-onion-gravy-200g;Bisto Best Onion Gravy Granules 200g;£2.00/unit;£1.00/100g;Cooking ingredients & oils;gravy;337;3.8;68.7;11.6;4.8;0.9;2.0;14.12;
bisto-best-roast-pork-gravy-granules-200g;Bisto Best Roast Pork Gravy Granules 200g;£2.00/unit;£1.00/100g;Cooking ingredients & oils;gravy;330;5.9;67.0;1.4;4.1;0.4;0.6;15.30;
bisto-best-vegetable-gravy-200g;Bisto Best Vegetable Gravy Granules 200g;£2.00/unit;£1.00/100g;Cooking ingredients & oils;gravy;342;3.3;70.1;2.2;5.4;0.4;0.6;18.25;
bisto-cheese-sauce-300g;Bisto Cheese Sauce 300g;£1.85/unit;£0.62/100g;Cooking sauces & world foods;packet-sauces;493;7.3;51.9;7.3;28.3;20.0;0.9;6.15;
bisto-chefs-special-beef--cracked-pepper-gravy-25g;Bisto Chefs Special Beef & Cracked Pepper Gravy 25g;£0.95/unit;£3.80/100g;Cooking ingredients & oils;gravy;1330;4.9;61.9;3.9;5.0;2.5;1.0;14.80;
bisto-chefs-special-caramelised-onion-gravy-25g;Bisto Chefs Special Caramelised Onion Gravy 25g;£0.95/unit;£3.80/100g;Cooking ingredients & oils;gravy;1394;3.2;68.5;11.4;4.5;2.0;0.9;13.46;
bisto-chefs-special-chicken---sage-gravy-25g;Bisto Chefs Special Chicken & Sage Gravy 25g;£0.95/unit;£3.80/100g;Cooking ingredients & oils;gravy;1414;5.7;62.2;7.8;6.7;2.9;1.1;14.50;
bisto-chefs-special-lamb---mint-gravy-25g;Bisto Chefs Special Lamb & Mint Gravy 25g;£0.95/unit;£3.80/100g;Cooking ingredients & oils;gravy;1297;4.5;55.8;13.4;7.2;3.7;0.7;14.21;
bisto-gravy-granules--chicken-170g;Bisto Gravy Granules, Chicken 170g;£1.30/unit;£0.76/100g;Cooking ingredients & oils;gravy;1679;2.2;61.6;16.7;15.6;10.5;2.1;11.90;
bisto-gravy-granules--chicken-300g;Bisto Gravy Granules, Chicken 300g;£1.50/unit;£0.50/100g;Cooking ingredients & oils;gravy;1703;1.4;63.9;28.1;16.0;10.9;0.3;11.80;
bisto-gravy-granules--vegetarian-170g;Bisto Gravy Granules, Vegetable 170g;£1.30/unit;£0.76/100g;Cooking ingredients & oils;gravy;1629;1.5;65.2;27.6;13.3;9.0;0.4;14.07;
bisto-gravy-granules-170g;Bisto Gravy Granules 170g;£1.30/unit;£0.76/100g;Cooking ingredients & oils;gravy;1665;1.7;59.8;12.2;16.3;11.2;2.1;14.33;
bisto-gravy-granules-reduced-salt-170g;Bisto Gravy Granules Reduced Salt 170g;£1.30/unit;£0.76/100g;Cooking ingredients & oils;gravy;1662;2.1;62.6;25.2;14.5;10.2;3.2;10.30;
bisto-gravy-mix-454g;Bisto Gravy Mix 454g;£2.00/unit;£0.44/100g;Cooking ingredients & oils;gravy;244;1.3;59.5;0.5;0.5;0.1;1.2;25.73;
bisto-gravy-powder-227g;Bisto Gravy Powder 227g;£1.35/unit;£0.59/100g;Cooking ingredients & oils;gravy;244;1.3;59.5;0.5;0.5;0.1;1.2;25.73;
bisto-onion-gravy-granules-170g;Bisto Gravy Granules, Onion 170g;£1.30/unit;£0.76/100g;Cooking ingredients & oils;gravy;1672;2.1;64.0;24.6;14.6;10.0;0.8;11.28;
bisto-rich-beef-gravy-paste-50g;Bisto Rich Beef Gravy Paste 50g;£1.00/unit;£2.00/100g;Cooking ingredients & oils;gravy;34;0.5;4.9;0.5;1.4;0.1;0.5;1.04;
bisto-rich-chicken-gravy-paste-50g;Bisto Rich Chicken Gravy Paste 50g;£1.00/unit;£2.00/100g;Cooking ingredients & oils;gravy;35;0.5;4.9;0.5;1.5;0.1;0.5;1.02;
bisto-rich-gravy-granules-300g;Bisto Gravy Granules 300g;£1.50/unit;£0.50/100g;Cooking ingredients & oils;gravy;1665;1.7;59.8;12.2;16.3;11.2;2.1;14.33;
bisto-rich-gravy-granules-500g;Bisto Gravy Granules 500g;£3.00/unit;£0.60/100g;Cooking ingredients & oils;gravy;402;0.8;62.9;24.3;16.2;11.1;0.4;12.75;
bisto-roast-beef-dinner-400g;Bisto Roast Beef Dinner 400g;£2.00/unit;£5.00/kg;Ready meals & pies;frozen-ready-meals;90;6.0;10.7;1.5;2.1;0.7;2.1;0.49;
bisto-roast-chicken-dinner-400g;Bisto Roast Chicken Dinner 400g;£2.00/unit;£5.00/kg;Ready meals & pies;frozen-ready-meals;105;8.0;9.8;1.5;3.3;0.8;2.2;0.60;
bisto-roast-lamb-dinner-400g;Bisto Roast Lamb Dinner 400g;£2.00/unit;£5.00/kg;Ready meals & pies;frozen-ready-meals;104;5.0;11.7;1.4;3.7;1.5;2.3;0.55;
bisto-shepherds-pie-375g;Bisto Shepherd's Pie 375g;£1.10/unit;£2.93/kg;Ready meals & pies;frozen-ready-meals;91;4.5;9.8;0.8;3.5;1.7;1.1;0.38;
black-farmer-premium-pork-sausages-400g;The Black Farmer Gluten Free Premium Pork Sausages x6 400g;£3.00/unit;£7.50/kg;Sausages;sausages;null;14.8;1.0;0.5;19.7;8.6;null;1.3;
black-magic-classic-chocolate-favourites-188g;Black Magic Classic Chocolate Favourites 174g;£3.00/unit;£1.60/100g;Confectionery;gifting-boxed-chocolate;490;4.1;63.4;59.1;23.5;13.2;4.4;0.05;
blooms-frankfurters--american-340g;Bloom's Frankfurters, American 340g;£3.75/unit;£1.10/100g;Cooked meats & snacking;mfp-snacking-cooked-sausage;null;null;null;null;null;null;null;null;
blooms-frankfurters--american-340g;Bloom's Frankfurters, American 340g;£3.75/unit;£1.10/100g;Cooked meats, pate & sandwich fillers;snacking-cooked-sausage;null;null;null;null;null;null;null;null;
blooms-frankfurters--american-340g;Bloom's Frankfurters, American 340g;£3.75/unit;£1.10/100g;World foods, kosher & halal;kosher-chilled-foods;null;null;null;null;null;null;null;null;
blooms-viennas--cocktail-340g;Bloom's Vienna Cocktail Sausage 340g;£3.75/unit;£1.10/100g;Cooked meats & snacking;mfp-continental-meats;null;13.7;2.1;null;19.3;null;null;null;
blooms-viennas--cocktail-340g;Bloom's Vienna Cocktail Sausage 340g;£3.75/unit;£1.10/100g;Cooked meats & snacking;mfp-snacking-cooked-sausage;null;13.7;2.1;null;19.3;null;null;null;
blooms-viennas--cocktail-340g;Bloom's Vienna Cocktail Sausage 340g;£3.75/unit;£1.10/100g;Cooked meats, pate & sandwich fillers;continental-meats;null;13.7;2.1;null;19.3;null;null;null;
blooms-viennas--cocktail-340g;Bloom's Vienna Cocktail Sausage 340g;£3.75/unit;£1.10/100g;Cooked meats, pate & sandwich fillers;snacking-cooked-sausage;null;13.7;2.1;null;19.3;null;null;null;
blooms-viennas--cocktail-340g;Bloom's Vienna Cocktail Sausage 340g;£3.75/unit;£1.10/100g;World foods, kosher & halal;kosher-chilled-foods;null;13.7;2.1;null;19.3;null;null;null;
blooms-viennas-360g;Bloom's Vienna Sausage 360g;£3.00/unit;£0.83/100g;Cooked meats & snacking;mfp-continental-meats;null;12.6;1.6;null;14.2;null;null;null;
blooms-viennas-360g;Bloom's Vienna Sausage 360g;£3.00/unit;£0.83/100g;Cooked meats & snacking;mfp-snacking-cooked-sausage;null;12.6;1.6;null;14.2;null;null;null;
blooms-viennas-360g;Bloom's Vienna Sausage 360g;£3.00/unit;£0.83/100g;Cooked meats, pate & sandwich fillers;continental-meats;null;12.6;1.6;null;14.2;null;null;null;
blooms-viennas-360g;Bloom's Vienna Sausage 360g;£3.00/unit;£0.83/100g;Cooked meats, pate & sandwich fillers;snacking-cooked-sausage;null;12.6;1.6;null;14.2;null;null;null;
blooms-viennas-360g;Bloom's Vienna Sausage 360g;£3.00/unit;£0.83/100g;World foods, kosher & halal;kosher-chilled-foods;null;12.6;1.6;null;14.2;null;null;null;
blue-diamond-almond-breeze-original-1l;Blue Diamond Almond Milk Alternative to Dairy 1L;£1.50/unit;£1.50/ltr;Fresh milk & eggs;soya---dietary-needs;null;null;null;null;null;null;null;null;
blue-diamond-almond-krunchies-salt---vinegar-flavour-70g;Blue Diamond Almond Krunchies Salt & Vinegar Flavour 70g;£1.40/unit;£2.00/100g;Crisps, nuts & snacking fruit;nuts;2280548;11.6;40.3;4.5;36.6;2.9;5.3;2.69;
blue-diamond-almond-krunchies-salt---vinegar-flavour-70g;Blue Diamond Almond Krunchies Salt & Vinegar Flavour 70g;£1.40/unit;£2.00/100g;Crisps, nuts & snacking fruit;party-nibbles-bites;2280548;11.6;40.3;4.5;36.6;2.9;5.3;2.69;
blue-diamond-almond-krunchies-spicy-bbq-flavour-70g;Blue Diamond Almond Krunchies Spicy BBQ Flavour 70g;£1.40/unit;£2.00/100g;Crisps, nuts & snacking fruit;nuts;2231537;12.9;39.5;5.6;34.9;2.8;6.6;1.86;
blue-diamond-almond-krunchies-spicy-bbq-flavour-70g;Blue Diamond Almond Krunchies Spicy BBQ Flavour 70g;£1.40/unit;£2.00/100g;Crisps, nuts & snacking fruit;party-nibbles-bites;2231537;12.9;39.5;5.6;34.9;2.8;6.6;1.86;
blue-diamond-honey-roasted-almonds-70g;Blue Diamond Honey Roasted Almonds 70g;£1.50/unit;£2.14/100g;Crisps, nuts & snacking fruit;nuts;601;17.2;21.6;19.2;47.6;3.6;8.5;0.5;
blue-diamond-long-life-almond-milk--unsweetened-1l;Blue Diamond Almond Milk Alternative to Dairy Unsweetened 1L;£1.50/unit;£1.50/ltr;Fresh milk & eggs;soya---dietary-needs;null;null;null;null;null;null;null;null;
blue-diamond-roasted-sea-salt-almond-70g;Blue Diamond Roasted Sea Salt Almonds 70g;£1.50/unit;£2.14/100g;Crisps, nuts & snacking fruit;nuts;634;20.5;6.9;4.4;56.0;4.2;10.1;0.8;
blue-diamond-smokehouse-almonds-70g;Blue Diamond Smokehouse Almonds 70g;£1.50/unit;£2.14/100g;Crisps, nuts & snacking fruit;nuts;627;20.3;7.7;4.4;55.0;4.2;9.9;1.3;
blue-diamond-wasabi---soy-almonds-70g;Blue Diamond Wasabi & Soy Almonds 70g;£1.50/unit;£2.14/100g;Crisps, nuts & snacking fruit;nuts;627;19.6;9.6;5.5;54.5;4.3;9.7;1.1;
blue-dragon-black-bean-stir-fry-120g;Blue Dragon Black Bean Stir Fry 120g;£0.65/unit;£0.54/100g;Cooking sauces & world foods;chinese-cooking-sauces;null;null;null;null;null;null;null;null;
blue-dragon-chilli---ginger-dipping-sauce-190ml;Blue Dragon Chilli & Ginger Dipping Sauce 190ml;£1.49/unit;£0.78/100ml;Cooking sauces & world foods;chinese-cooking-sauces;188;0.5;45.4;38.3;0.1;0.0;0.4;null;
blue-dragon-chilli---ginger-dipping-sauce-190ml;Blue Dragon Chilli & Ginger Dipping Sauce 190ml;£1.49/unit;£0.78/100ml;Cooking sauces & world foods;thai-cooking-sauces;188;0.5;45.4;38.3;0.1;0.0;0.4;null;
blue-dragon-chow-mein-stir-fry-sauce-120g;Blue Dragon Chow Mein Stir Fry Sauce 120g;£0.65/unit;£0.54/100g;Cooking sauces & world foods;chinese-cooking-sauces;null;null;null;null;null;null;null;null;
blue-dragon-creamed-coconut--block-200g;Blue Dragon Creamed Coconut 200g;£1.35/unit;£0.68/100g;Cooking sauces & world foods;thai-cooking-sauces;666;7.1;7.7;6.9;63.6;57.1;null;0.1;
blue-dragon-dark-soy-sauce-150ml;Blue Dragon Dark Soy Sauce 150ml;£1.20/unit;£0.80/100ml;Cooking sauces & world foods;chinese-cooking-sauces;90;1.1;23.5;21.3;0.0;0.0;null;16.7;
blue-dragon-dark-soy-sauce-150ml;Blue Dragon Dark Soy Sauce 150ml;£1.20/unit;£0.80/100ml;Table sauces, dressings & condiments;worcester-soy-sauce;90;1.1;23.5;21.3;0.0;0.0;null;16.7;
blue-dragon-double-plum-dipping-sauce-190ml;Blue Dragon Double Plum Dipping Sauce 190ml;£1.49/unit;£0.78/100ml;Cooking sauces & world foods;chinese-cooking-sauces;306;0.5;76.0;32.0;0.2;0.0;0.0;null;
blue-dragon-fish-sauce-150ml;Blue Dragon Fish Sauce 150ml;£1.39/unit;£0.93/100ml;Cooking sauces & world foods;thai-cooking-sauces;57;7.8;6.5;6.3;0.1;0.1;null;26.2;
blue-dragon-hoi-sin---garlic-stir-fry-sauce-120g;Blue Dragon Hoi Sin & Garlic Stir Fry Sauce 120g;£0.65/unit;£0.54/100g;Cooking sauces & world foods;chinese-cooking-sauces;141;1.3;30.1;24.9;1.4;0.1;0.5;1.60;
blue-dragon-kung-po-stir-fry-sauce-120g;Blue Dragon Kung Po Stir Fry Sauce 120g;£0.99/unit;£0.83/100g;Cooking sauces & world foods;chinese-cooking-sauces;93;0.7;19.2;12.9;1.1;0.2;0.5;1.50;
blue-dragon-light-soy-sauce-150ml;Blue Dragon Light Soy Sauce 150ml;£1.20/unit;£0.80/100ml;Cooking sauces & world foods;chinese-cooking-sauces;51;1.5;11.2;11.0;0.0;0.0;null;11.4;
blue-dragon-light-soy-sauce-150ml;Blue Dragon Light Soy Sauce 150ml;£1.20/unit;£0.80/100ml;Table sauces, dressings & condiments;worcester-soy-sauce;51;1.5;11.2;11.0;0.0;0.0;null;11.4;
blue-dragon-mango-chilli-sauce-190ml;Blue Dragon Mango Chilli Dipping Sauce 190ml;£1.49/unit;£0.78/100ml;Cooking sauces & world foods;chinese-cooking-sauces;165;0.5;39.0;32.3;0.1;0.1;0.6;2.8;
blue-dragon-mango-chilli-sauce-190ml;Blue Dragon Mango Chilli Dipping Sauce 190ml;£1.49/unit;£0.78/100ml;Cooking sauces & world foods;thai-cooking-sauces;165;0.5;39.0;32.3;0.1;0.1;0.6;2.8;
blue-dragon-oyster---spring-onion-stir-fry-sauce-120g;Blue Dragon Oyster & Spring Onion Stir Fry Sauce 120g;£0.65/unit;£0.54/100g;Cooking sauces & world foods;chinese-cooking-sauces;null;null;null;null;null;null;null;null;
blue-dragon-panko-breadcrumbs-mix-120g;Blue Dragon Panko Breadcrumbs Mix 120g;£1.55/unit;£12.92/kg;Cooking ingredients & oils;breaded-batter-coatings;382;11.0;68.2;null;8.0;null;null;null;
blue-dragon-peking-lemon-stir-fry-sauce-120g;Blue Dragon Peking Lemon Stir Fry Sauce 120g;£0.65/unit;£0.54/100g;Cooking sauces & world foods;chinese-cooking-sauces;134;0;31.6;30.1;0.7;0;0.5;0.34;
blue-dragon-prawn-crackers-70g;Blue Dragon Prawn Crackers 70g;£1.39/unit;£1.99/100g;Cooking sauces & world foods;chinese-cooking-sauces;538;2.0;59.7;4.0;32.3;2.4;0.5;2.04;
blue-dragon-prawn-crackers-70g;Blue Dragon Prawn Crackers 70g;£1.39/unit;£1.99/100g;Cooking sauces & world foods;thai-cooking-sauces;538;2.0;59.7;4.0;32.3;2.4;0.5;2.04;
blue-dragon-recipe-special-crispy-beef-225g;Blue Dragon Restaurant Specials Cooking Sauce & Seasoning Crispy Chilli Beef 225g;£1.49/unit;£0.66/100g;Cooking sauces & world foods;chinese-cooking-sauces;187;1.1;44.9;29.0;0.1;0.0;null;1.83;
blue-dragon-reduced-salt-soy-sauce-150ml;Blue Dragon Reduced Salt Soy Sauce 150ml;£1.20/unit;£0.80/100ml;Cooking sauces & world foods;chinese-cooking-sauces;59;1.9;15.3;12.5;0.0;0.0;0.0;12.25;
blue-dragon-reduced-salt-soy-sauce-150ml;Blue Dragon Reduced Salt Soy Sauce 150ml;£1.20/unit;£0.80/100ml;Table sauces, dressings & condiments;worcester-soy-sauce;59;1.9;15.3;12.5;0.0;0.0;0.0;12.25;
blue-dragon-restaurant-specials-cantonese-stir-fry-sauce-120g;Blue Dragon Restaurant Specials Cantonese Stir Fry Sauce 120g;£0.99/unit;£0.83/100g;Cooking sauces & world foods;chinese-cooking-sauces;133;0.8;30.4;25.6;0.6;0.1;0.5;1.43;
blue-dragon-restaurant-specials-sweet---sour-battered-chicken-220g;Blue Dragon Restaurant Specials Cooking Sauce & Seasoning Sweet & Sour Battered Chicken 220g;£1.49/unit;£0.68/100g;Cooking sauces & world foods;chinese-cooking-sauces;150;0.8;36.0;19.6;0.1;0.0;null;1.50;
blue-dragon-rich-hoisin-dipping-sauce-190ml;Blue Dragon Rich Hoisin Dipping Sauce 190ml;£1.49/unit;£0.78/100ml;Cooking sauces & world foods;chinese-cooking-sauces;275;3.1;59.2;49.7;2.6;1.4;1.7;4.3;
blue-dragon-rich-hoisin-dipping-sauce-190ml;Blue Dragon Rich Hoisin Dipping Sauce 190ml;£1.49/unit;£0.78/100ml;Cooking sauces & world foods;thai-cooking-sauces;275;3.1;59.2;49.7;2.6;1.4;1.7;4.3;
blue-dragon-rich-hoisin-dipping-sauce-190ml;Blue Dragon Rich Hoisin Dipping Sauce 190ml;£1.49/unit;£0.78/100ml;Table sauces, dressings & condiments;tomato-ketchup-brown-bbq-other-sauces;275;3.1;59.2;49.7;2.6;1.4;1.7;4.3;
blue-dragon-soy-infusions-five-spice-soy-sauce-150g;Blue Dragon Soy Infusions Five Spice Soy Sauce 150g;£1.49/unit;£0.99/100ml;Cooking sauces & world foods;chinese-cooking-sauces;105;3.5;22.2;20.8;0.3;0.2;1.4;7.8;
blue-dragon-soy-infusions-five-spice-soy-sauce-150g;Blue Dragon Soy Infusions Five Spice Soy Sauce 150g;£1.49/unit;£0.99/100ml;Table sauces, dressings & condiments;worcester-soy-sauce;105;3.5;22.2;20.8;0.3;0.2;1.4;7.8;
blue-dragon-soy-infusions-sweet-chilli-soy-sauce-150ml;Blue Dragon Soy Infusions Sweet Chilli Soy Sauce 150ml;£1.49/unit;£0.99/100ml;Cooking sauces & world foods;chinese-cooking-sauces;120;2.2;27.3;16.8;0.1;0.1;null;8.0;
blue-dragon-soy-infusions-sweet-chilli-soy-sauce-150ml;Blue Dragon Soy Infusions Sweet Chilli Soy Sauce 150ml;£1.49/unit;£0.99/100ml;Cooking sauces & world foods;thai-cooking-sauces;120;2.2;27.3;16.8;0.1;0.1;null;8.0;
blue-dragon-soy-infusions-sweet-chilli-soy-sauce-150ml;Blue Dragon Soy Infusions Sweet Chilli Soy Sauce 150ml;£1.49/unit;£0.99/100ml;Table sauces, dressings & condiments;worcester-soy-sauce;120;2.2;27.3;16.8;0.1;0.1;null;8.0;
blue-dragon-sqz-sweet-chilli-sauce-380g;Blue Dragon Sweet Chilli Sauce 380g;£2.00/unit;£0.53/100g;Table sauces, dressings & condiments;tomato-ketchup-brown-bbq-other-sauces;184;0.5;43.6;43.2;0.6;0.1;1.3;3.3;
blue-dragon-sweet---sour-stir-fry-sauce-120g;Blue Dragon Sweet & Sour Stir Fry Sauce 120g;£0.65/unit;£0.54/100g;Cooking sauces & world foods;chinese-cooking-sauces;null;null;null;null;null;null;null;null;
blue-dragon-sweet-chill-garlic-sauce-120g;Blue Dragon Sweet Chilli & Garlic Stir Fry Sauce 120g;£0.65/unit;£0.54/100g;Cooking sauces & world foods;chinese-cooking-sauces;118;0.2;28.8;28.3;0.1;0;0.3;1.25;
blue-dragon-sweet-chilli-dipping-sauce-hot-190ml;Blue Dragon Sweet Chilli Dipping Sauce Hot 190ml;£1.49/unit;£0.78/100ml;Cooking sauces & world foods;chinese-cooking-sauces;230;0.6;55.1;54.7;0.7;0.1;1.6;4.3;
blue-dragon-sweet-chilli-dipping-sauce-hot-190ml;Blue Dragon Sweet Chilli Dipping Sauce Hot 190ml;£1.49/unit;£0.78/100ml;Cooking sauces & world foods;thai-cooking-sauces;230;0.6;55.1;54.7;0.7;0.1;1.6;4.3;
blue-dragon-sweet-chilli-dipping-sauce-hot-190ml;Blue Dragon Sweet Chilli Dipping Sauce Hot 190ml;£1.49/unit;£0.78/100ml;Table sauces, dressings & condiments;tomato-ketchup-brown-bbq-other-sauces;230;0.6;55.1;54.7;0.7;0.1;1.6;4.3;
blue-dragon-sweet-chilli-dipping-sauce-original-190ml;Blue Dragon Sweet Chilli Dipping Sauce Original 190ml;£1.49/unit;£0.78/100ml;Cooking sauces & world foods;chinese-cooking-sauces;230;0.6;55.1;54.7;0.7;0.1;1.6;4.3;
blue-dragon-sweet-chilli-dipping-sauce-original-190ml;Blue Dragon Sweet Chilli Dipping Sauce Original 190ml;£1.49/unit;£0.78/100ml;Cooking sauces & world foods;thai-cooking-sauces;230;0.6;55.1;54.7;0.7;0.1;1.6;4.3;
blue-dragon-sweet-chilli-dipping-sauce-original-190ml;Blue Dragon Sweet Chilli Dipping Sauce Original 190ml;£1.49/unit;£0.78/100ml;Table sauces, dressings & condiments;tomato-ketchup-brown-bbq-other-sauces;230;0.6;55.1;54.7;0.7;0.1;1.6;4.3;
blue-dragon-sweet-chilli-mild-190g;Blue Dragon Sweet Chilli Dipping Sauce Mild 190g;£1.49/unit;£0.78/100ml;Cooking sauces & world foods;chinese-cooking-sauces;225;1.0;54.1;37.1;0.1;0.1;1.6;3.8;
blue-dragon-sweet-chilli-mild-190g;Blue Dragon Sweet Chilli Dipping Sauce Mild 190g;£1.49/unit;£0.78/100ml;Table sauces, dressings & condiments;tomato-ketchup-brown-bbq-other-sauces;225;1.0;54.1;37.1;0.1;0.1;1.6;3.8;
blue-dragon-sweet-chilli-mild-squeezy-380g;Blue Dragon Sweet Chilli Mild Squeezy 380g;£2.00/unit;£0.53/100g;Table sauces, dressings & condiments;tomato-ketchup-brown-bbq-other-sauces;180;0.8;43.5;29.8;0.1;0.1;1.3;3.1;
blue-dragon-szechuan-tomato-stir-fry-sauce-120g;Blue Dragon Szechuan Tomato Stir Fry Sauce 120g;£0.65/unit;£0.54/100g;Cooking sauces & world foods;chinese-cooking-sauces;98;1.3;15.8;12.5;3.0;0.2;0.9;1.38;
blue-dragon-teriyaki-stir-fry-sauce-120g;Blue Dragon Teriyaki Stir Fry Sauce 120g;£0.65/unit;£0.54/100g;Cooking sauces & world foods;chinese-cooking-sauces;103;0.5;25.0;17.4;0;0;0;0.76;
blue-dragon-thai-green-cooking-sauce-410g-7428627-p-44;Blue Dragon Thai Green Sauce 410g;£1.75/unit;£0.43/100g;Cooking sauces & world foods;thai-cooking-sauces;null;null;null;null;null;null;null;null;
blue-dragon-thai-green-curry-paste-285g;Blue Dragon Thai Green Curry Paste 285g;£1.99/unit;£0.70/100g;Cooking ingredients & oils;cooking-pastes;128;1.1;10.8;3.7;8.6;0.8;null;1.3;
blue-dragon-thai-green-curry-paste-285g;Blue Dragon Thai Green Curry Paste 285g;£1.99/unit;£0.70/100g;Cooking sauces & world foods;thai-cooking-sauces;128;1.1;10.8;3.7;8.6;0.8;null;1.3;
blue-dragon-thai-green-curry-sauce-290g;Blue Dragon Thai Green Curry Sauce 280g;£1.69/unit;£0.60/100g;Cooking sauces & world foods;thai-cooking-sauces;100;0.8;9.6;5.0;6.4;3.2;null;0.92;
blue-dragon-thai-red-cooking-sauce-410g-7428609-p-44;Blue Dragon Thai Red Curry Sauce 410g;£1.75/unit;£0.43/100g;Cooking sauces & world foods;thai-cooking-sauces;112;0.8;10.4;6.7;6.8;4.7;0.6;1.01;
blue-dragon-thai-red-curry-paste-285g;Blue Dragon Thai Red Curry Paste 285g;£1.99/unit;£0.70/100g;Cooking ingredients & oils;cooking-pastes;206;1.4;13.2;4.4;16.0;1.5;null;3.2;
blue-dragon-thai-red-curry-paste-285g;Blue Dragon Thai Red Curry Paste 285g;£1.99/unit;£0.70/100g;Cooking sauces & world foods;thai-cooking-sauces;206;1.4;13.2;4.4;16.0;1.5;null;3.2;
blue-dragon-thai-red-curry-sauce-290g;Blue Dragon Thai Red Curry Sauce 280g;£1.69/unit;£0.60/100g;Cooking sauces & world foods;thai-cooking-sauces;121;1.0;10.3;5.7;8.3;4.7;null;0.91;
blue-dragon-yellow-bean---cashew-nuts-stir-fry-sauce-120g;Blue Dragon Yellow Bean & Cashew Nut Stir Fry Sauce 120g;£0.99/unit;£0.83/100g;Cooking sauces & world foods;chinese-cooking-sauces;149;2.2;25.8;19.2;3.8;0.6;0.6;1.63;
blue-riband-coffee---cream-biscuits-8x193g;Blue Riband Coffee & Cream Biscuits 8x19.3g;£1.60/unit;£1.04/100g;Biscuits & crackers;chocolate-biscuits;514;5.5;66.5;46.0;24.6;14.6;2.0;0.13;
blue-riband-original-8-pack;Blue Riband Original 8 Pack;£1.60/unit;£1.04/100g;Biscuits & crackers;biscuits-crackers-kids-lunchbox;null;null;null;null;null;null;null;null;
blue-riband-original-8-pack;Blue Riband Original 8 Pack;£1.60/unit;£1.04/100g;Biscuits & crackers;chocolate-biscuits;null;null;null;null;null;null;null;null;
bodega-fruity-olives-106g;Bodega Fruity Olives 106g;£1.80/unit;£1.70/100g;Coleslaw, olives, salads & dips;olives-tapas-antipasti;199;1.0;0.1;0.1;20.8;3.8;null;2.4;
bodega-lively-olives-98g;Bodega Lively Olives 98g;£1.80/unit;£1.84/100g;Coleslaw, olives, salads & dips;olives-tapas-antipasti;233;1.1;0.5;0.5;24.0;3.3;null;1.8;
bodega-mild-olives-100g;Bodega Mild Olives 100g;£1.80/unit;£1.80/100g;Coleslaw, olives, salads & dips;olives-tapas-antipasti;235;1.1;0.1;0.1;24.5;4.1;null;2.7;
bonne-maman-apricot-conserve-370g;Bonne Maman Apricot Conserve 370g;£2.20/unit;£0.59/100g;Jams, honey & spreads;jams---conserves;null;null;null;null;null;null;null;null;
bonne-maman-berries-cherries-conserve-370g;Bonne Maman Berries Cherries Conserve 370g;£2.20/unit;£0.59/100g;Jams, honey & spreads;jams---conserves;null;null;null;null;null;null;null;null;
bonne-maman-bitter-orange-marmalade-370g;Bonne Maman Bitter Orange Marmalade 370g;£1.50/unit;£0.40/100g;Jams, honey & spreads;marmalade;238;0.3;59;null;0.1;null;0.6;0;
bonne-maman-blackcurrant-conserve-370g;Bonne Maman Blackcurrant Conserve 370g;£2.20/unit;£0.59/100g;Jams, honey & spreads;jams---conserves;null;null;null;null;null;null;null;null;
bonne-maman-chocolate-butter-galette-140g;Bonne Maman Chocolate Butter Galette 140g;£1.50/unit;£1.07/100g;Biscuits & crackers;chocolate-biscuits;522;7.1;61;28;27;18;3;0.8;
bonne-maman-chocolate-caramel-135g;Bonne Maman Chocolate Caramel 135g;£1.50/unit;£1.11/100g;Cakes;slices-pies-tarts;490;6;64;36;23;13;null;0.6;
bonne-maman-chocolate-madeleines-210g;Bonne Maman Chocolate Madeleines 210g;£2.00/unit;£0.95/100g;Cakes;continental-cakes;null;null;null;null;null;null;null;null;
bonne-maman-cr%C3%A8me-br%C3%BBl%C3%A9e-2x100g;Bonne Maman Crème Brûlée 2x100g;£2.29/unit;£1.15/100g;Desserts & cream;desserts;null;null;null;null;null;null;null;null;
bonne-maman-cr%C3%A8me-caramel-4x100g;Bonne Maman Crème Caramel 4x100g;£2.50/unit;£0.63/100g;Desserts & cream;desserts;181;43;20;20;93;51;0;011;
bonne-maman-damson-conserve-370g;Bonne Maman Damson Conserve 370g;£2.20/unit;£0.59/100g;Jams, honey & spreads;jams---conserves;null;null;null;null;null;null;null;null;
bonne-maman-fig-conserve-370g;Bonne Maman Fig Conserve 370g;£2.20/unit;£0.59/100g;Jams, honey & spreads;jams---conserves;null;null;null;null;null;null;null;null;
bonne-maman-lemon---poppy-seed-cakes-175g;Bonne Maman Lemon & Poppy Seed Cakes 175g;£2.00/unit;£1.14/100g;Cakes;continental-cakes;null;null;null;null;null;null;null;null;
bonne-maman-lemon---poppy-seed-cakes-175g;Bonne Maman Lemon & Poppy Seed Cakes 175g;£2.00/unit;£1.14/100g;Easter treats;easter-treats;null;null;null;null;null;null;null;null;
bonne-maman-lemon-tartlets-125g;Bonne Maman Lemon Tartlets 125g;£1.50/unit;£1.20/100g;Cakes;slices-pies-tarts;439;5;66;40;17;9.5;null;0.30;
bonne-maman-madeleines-175g;Bonne Maman Madeleines 175g;£2.00/unit;£1.14/100g;Cakes;continental-cakes;null;null;null;null;null;null;null;null;
bonne-maman-mandarin-marmalade-370g;Bonne Maman Mandarin Marmalade 370g;£1.50/unit;£0.40/100g;Jams, honey & spreads;marmalade;null;null;null;null;null;null;null;null;
bonne-maman-raspberry-conserve-370g;Bonne Maman Raspberry Conserve 370g;£2.20/unit;£0.59/100g;Jams, honey & spreads;jams---conserves;null;null;null;null;null;null;null;null;
bonne-maman-rum-baba-2x140g;Bonne Maman Rum Baba 2x140g;£2.29/unit;£0.82/100g;Desserts & cream;desserts;null;null;null;null;null;null;null;null;
bonne-maman-strawberry-conserve-370g;Bonne Maman Strawberry Conserve 370g;£2.20/unit;£0.59/100g;Jams, honey & spreads;jams---conserves;null;null;null;null;null;null;null;null;
bonne-maman-traditional-french-butter-galette-140g;Bonne Maman Traditional French Butter Galette 140g;£1.50/unit;£1.07/100g;Biscuits & crackers;everyday-biscuits-shortbread;513;6;63;26;26;15;1.4;0.8;
bonne-maman-wild-blueberry-conserve-370g;Bonne Maman Wild Blueberry Conserve 370g;£2.60/unit;£0.70/100g;Jams, honey & spreads;jams---conserves;null;null;null;null;null;null;null;null;
bonne-maman-wild-strawberry-370g;Bonne Maman Wild Strawberry 370g;£2.60/unit;£0.70/100g;Jams, honey & spreads;jams---conserves;null;null;null;null;null;null;null;null;
borders-biscuits-dark-chocolate---ginger-175g;Borders Biscuits Dark Chocolate & Ginger 175g;£1.50/unit;£0.86/100g;Biscuits & crackers;chocolate-biscuits;470;4.4;61.4;42.5;22.3;6.1;null;0.8;
borders-biscuits-dark-chocolate---ginger-175g;Borders Biscuits Dark Chocolate & Ginger 175g;£1.50/unit;£0.86/100g;Biscuits & crackers;everyday-biscuits-shortbread;470;4.4;61.4;42.5;22.3;6.1;null;0.8;
borders-biscuits-dark-chocolate---ginger-175g;Borders Biscuits Dark Chocolate & Ginger 175g;£1.50/unit;£0.86/100g;Biscuits & crackers;luxury-continental-biscuits;470;4.4;61.4;42.5;22.3;6.1;null;0.8;
bounty-4x57g;Bounty 4x57g;£1.00/unit;£0.44/100g;Confectionery;chocolate;488;3.8;58.3;47.8;26.0;21.4;null;0.26;
bounty-7-pack-399g;Bounty 7x57g;£2.50/unit;£0.63/100g;Confectionery;chocolate;488;3.8;58.3;47.8;26.0;21.4;null;0.26;
bounty-funsize-285g;Bounty Funsize 303g;£1.85/unit;£0.61/100g;Confectionery;chocolate;488;3.8;58.5;47.9;26.0;21.4;null;0.26;
bounty-milk-57g;Bounty 57g;£0.60/unit;£1.05/100g;Confectionery;chocolate;488;3.8;58.3;47.8;26.0;21.4;null;0.26;
boursin-garlic---herb-150g;Boursin Garlic & Herb 150g;£2.35/unit;£15.67/kg;Cheese;soft---spreadable;null;null;null;null;null;null;null;null;
boursin-garlic---herb-portions-6pk;Boursin Garlic & Herb Portions x6;£1.00/unit;£10.42/kg;Cheese;snacking-lunchbox-cheese;null;null;null;null;null;null;null;null;
boursin-garlic---herb-portions-6pk;Boursin Garlic & Herb Portions x6;£1.00/unit;£10.42/kg;Cheese;soft---spreadable;null;null;null;null;null;null;null;null;
boursin-minis-120g-7282656-p-44;Boursin Minis 120g;£2.15/unit;£17.92/kg;Cheese;snacking-lunchbox-cheese;1680406;75;4;3;40;27;null;15;
boursin-minis-120g-7282656-p-44;Boursin Minis 120g;£2.15/unit;£17.92/kg;Cheese;soft---spreadable;1680406;75;4;3;40;27;null;15;
boursin-with-pepper-150g-6880040-p-44;Boursin With Pepper 150g;£2.35/unit;£15.67/kg;Cheese;soft---spreadable;null;null;null;null;null;null;null;null;
boursin-with-shallot---chive-150g;Boursin With Shallot & Chive 150g;£2.35/unit;£15.67/kg;Cheese;soft---spreadable;null;null;null;null;null;null;null;null;
bovril-beef-stock-cubes-x12-72g;Bovril Beef Stock Cubes 12x10g;£1.20/unit;£1.00/100g;Cooking ingredients & oils;stock;5;0.4;0.5;0.1;0.2;0.1;0.1;1.1;
bovril-chicken-stock-drink-125g;Bovril Chicken Extract 125g;£1.50/unit;£1.20/100g;Cooking ingredients & oils;stock;140;11;20;2;1.5;0.5;2;18;
bovril-meat-stock-drink-250g;Bovril Beef Extract 250g;£3.20/unit;£1.28/100g;Cooking ingredients & oils;stock;141;32;1.9;1.7;1.2;0.5;1.8;3.4;
bovril-squeezy-200g;Bovril Squeezy Beef Extract 200g;£3.00/unit;£1.50/100g;Cooking ingredients & oils;stock;null;null;null;null;null;null;null;null;
braham---murray-good-hemp-milk--original-1l;Braham & Murray Long Life Good Hemp Milk, Original 1L;£1.50/unit;£1.50/ltr;Fresh milk & eggs;soya---dietary-needs;39;0.1;3.4;1.6;2.5;0.2;0.1;0.05;
branston-baked-beans-220g;Branston Baked Beans 220g;£0.45/unit;£2.05/kg;Canned, tinned & packaged foods;baked-beans-canned-pasta;85;4.8;13.8;5.7;0.4;0.2;3.7;0.89;
branston-baked-beans-410g;Branston Baked Beans 410g;£0.65/unit;£1.59/kg;Canned, tinned & packaged foods;baked-beans-canned-pasta;85;4.8;13.8;5.7;0.4;0.2;3.7;0.90;
branston-baked-beans-4x410g;Branston Baked Beans 4x410g;£2.45/unit;£1.49/kg;Canned, tinned & packaged foods;baked-beans-canned-pasta;85;4.8;13.8;5.7;0.4;0.2;3.7;0.90;
branston-bean-meals-chorizo-390g;Branston Bean Meals Chorizo 390g;£1.00/unit;£2.56/kg;Canned, tinned & packaged foods;baked-beans-canned-pasta;100;6.6;11.4;4.9;2.0;1.2;4.8;0.60;
branston-bean-meals-linconshire-sausage-390g;Branston Bean Meals Linconshire Sausage 390g;£1.00/unit;£2.56/kg;Canned, tinned & packaged foods;baked-beans-canned-pasta;130;6.0;11.6;3.3;6.0;2.1;2.8;0.58;
branston-beans---chilli-bits-390g;Branston Beans & Chilli Bits 390g;£1.00/unit;£2.56/kg;Canned, tinned & packaged foods;baked-beans-canned-pasta;88;4.6;13.9;4.7;0.5;0.3;4.9;0.53;
branston-beef-ravioli-395g;Branston Beef Ravioli 395g;£0.95/unit;£2.41/kg;Canned, tinned & packaged foods;baked-beans-canned-pasta;80;2.1;14.3;4.1;1.4;0.6;1.0;0.63;
branston-beetroot-pickle-360g;Branston Beetroot Pickle 360g;£1.30/unit;£0.36/100g;Table sauces, dressings & condiments;chutney-pickle-relishes;106;0.8;22.0;18.0;0.6;0.2;2.3;0.8;
branston-beetroot-pickle-360g;Branston Beetroot Pickle 360g;£1.30/unit;£0.36/100g;Vinegar, pickles, olives & antipasti;chutneys-pickle-relishes;106;0.8;22.0;18.0;0.6;0.2;2.3;0.8;
branston-caramelised-onion-chutney-290g;Branston Caramelised Onion Chutney 290g;£1.50/unit;£0.52/100g;Table sauces, dressings & condiments;chutney-pickle-relishes;169;1.2;37.4;35.5;1.3;0.2;1.1;0.71;
branston-macaroni-cheese-395g;Branston Macaroni Cheese 395g;£0.95/unit;£2.41/kg;Canned, tinned & packaged foods;baked-beans-canned-pasta;86;2.2;9.9;1.5;4.0;1.3;0.6;0.78;
branston-mediterranean-tomato-chutney-290g;Branston Mediterranean Tomato Chutney 290g;£1.50/unit;£0.52/100g;Table sauces, dressings & condiments;chutney-pickle-relishes;155;1.5;34.6;33.1;0.6;0.2;1.75;0.76;
branston-mediterranean-tomato-chutney-290g;Branston Mediterranean Tomato Chutney 290g;£1.50/unit;£0.52/100g;Vinegar, pickles, olives & antipasti;chutneys-pickle-relishes;155;1.5;34.6;33.1;0.6;0.2;1.75;0.76;
branston-original-pickle-360g;Branston Original Pickle 360g;£1.30/unit;£0.36/100g;Table sauces, dressings & condiments;chutney-pickle-relishes;112;0.8;26;24;0.5;0;1.1;4;
branston-original-pickle-360g;Branston Original Pickle 360g;£1.30/unit;£0.36/100g;Vinegar, pickles, olives & antipasti;chutneys-pickle-relishes;112;0.8;26;24;0.5;0;1.1;4;
branston-original-pickle-520g;Branston Original Pickle 520g;£1.75/unit;£0.34/100g;Table sauces, dressings & condiments;chutney-pickle-relishes;157;0.5;34;29;0.7;0.2;1.8;3.5;
branston-original-pickle-520g;Branston Original Pickle 520g;£1.75/unit;£0.34/100g;Vinegar, pickles, olives & antipasti;chutneys-pickle-relishes;157;0.5;34;29;0.7;0.2;1.8;3.5;
branston-original-pickle-720g-6338378-p-44;Branston Original Pickle 720g;£2.30/unit;£0.32/100g;Table sauces, dressings & condiments;chutney-pickle-relishes;157;0.5;34;29;0.7;0.2;1.8;3.5;
branston-original-pickle-720g-6338378-p-44;Branston Original Pickle 720g;£2.30/unit;£0.32/100g;Vinegar, pickles, olives & antipasti;chutneys-pickle-relishes;157;0.5;34;29;0.7;0.2;1.8;3.5;
branston-reduced-sugar---salt-baked-beans-410g;Branston Reduced Sugar & Salt Baked Beans 410g;£0.65/unit;£1.59/kg;Canned, tinned & packaged foods;baked-beans-canned-pasta;82;4.6;12.8;3.0;0.3;0.1;5.0;0.50;
branston-relish-spicy-tomato-with-chilli---jalapeno-335g;Branston Relish Spicy Tomato with Chilli & Jalapeno 335g;£1.50/unit;£0.45/100g;Table sauces, dressings & condiments;chutney-pickle-relishes;125;1.6;28;24;0.7;0.1;0.7;1.3;
branston-relish-spicy-tomato-with-chilli---jalapeno-335g;Branston Relish Spicy Tomato with Chilli & Jalapeno 335g;£1.50/unit;£0.45/100g;Vinegar, pickles, olives & antipasti;chutneys-pickle-relishes;125;1.6;28;24;0.7;0.1;0.7;1.3;
branston-small-chunk-pickle-360g;Branston Small Chunk Pickle 360g;£1.30/unit;£0.36/100g;Table sauces, dressings & condiments;chutney-pickle-relishes;159;0.6;35;29;0.8;0.3;1.7;3.9;
branston-small-chunk-pickle-360g;Branston Small Chunk Pickle 360g;£1.30/unit;£0.36/100g;Vinegar, pickles, olives & antipasti;chutneys-pickle-relishes;159;0.6;35;29;0.8;0.3;1.7;3.9;
branston-small-chunk-pickle-520g;Branston Small Chunk Pickle 520g;£1.75/unit;£0.34/100g;Table sauces, dressings & condiments;chutney-pickle-relishes;159;0.6;35;29;0.8;0.3;1.7;3.9;
branston-small-chunk-pickle-520g;Branston Small Chunk Pickle 520g;£1.75/unit;£0.34/100g;Vinegar, pickles, olives & antipasti;chutneys-pickle-relishes;159;0.6;35;29;0.8;0.3;1.7;3.9;
branston-small-chunk-pickle-720g-6338391-p-44;Branston Small Chunk Pickle 720g;£2.30/unit;£0.32/100g;Table sauces, dressings & condiments;chutney-pickle-relishes;159;0.6;35;29;0.8;0.3;1.7;3.9;
branston-small-chunk-pickle-720g-6338391-p-44;Branston Small Chunk Pickle 720g;£2.30/unit;£0.32/100g;Vinegar, pickles, olives & antipasti;chutneys-pickle-relishes;159;0.6;35;29;0.8;0.3;1.7;3.9;
branston-spaghetti-395g;Branston Spaghetti 395g;£0.65/unit;£1.65/kg;Canned, tinned & packaged foods;baked-beans-canned-pasta;57;1.3;12.5;3.4;0.1;0;0.2;0.5;
branston-spaghetti-bolognese-395g;Branston Spaghetti Bolognese 395g;£0.95/unit;£2.41/kg;Canned, tinned & packaged foods;baked-beans-canned-pasta;64;4.1;9.1;2.4;1.2;0.2;0.3;0.8;
branston-spaghetti-loops-395g;Branston Spaghetti Loops 395g;£0.65/unit;£1.65/kg;Canned, tinned & packaged foods;baked-beans-canned-pasta;57;1.3;12.5;3.4;0.1;0;0.2;0.5;
branston-squeezy-small-chunk-pickle-350g;Branston Squeezy Small Chunk Pickle 350g;£1.70/unit;£0.49/100g;Table sauces, dressings & condiments;chutney-pickle-relishes;159;0.6;35;29;0.8;0.3;1.7;3.9;
branston-squeezy-small-chunk-pickle-350g;Branston Squeezy Small Chunk Pickle 350g;£1.70/unit;£0.49/100g;Vinegar, pickles, olives & antipasti;chutneys-pickle-relishes;159;0.6;35;29;0.8;0.3;1.7;3.9;
branston-squeezy-smooth-pickle-360g;Branston Squeezy Smooth Pickle 360g;£1.70/unit;£0.47/100g;Table sauces, dressings & condiments;chutney-pickle-relishes;165;1.0;35;28;0.5;0.2;1.2;2.5;
branston-squeezy-smooth-pickle-360g;Branston Squeezy Smooth Pickle 360g;£1.70/unit;£0.47/100g;Vinegar, pickles, olives & antipasti;chutneys-pickle-relishes;165;1.0;35;28;0.5;0.2;1.2;2.5;
branston-tomato---red-pepper-relish-355g;Branston Tomato & Red Pepper Relish 355g;£1.50/unit;£0.43/100g;Table sauces, dressings & condiments;chutney-pickle-relishes;160;1.3;37;35;0.5;0;0.7;1.2;
branston-tomato---red-pepper-relish-355g;Branston Tomato & Red Pepper Relish 355g;£1.50/unit;£0.43/100g;Vinegar, pickles, olives & antipasti;chutneys-pickle-relishes;160;1.3;37;35;0.5;0;0.7;1.2;
branston-tomato-sauce-squeezy-555g;Branston Tomato Sauce Squeezy 555g;£1.60/unit;£0.29/100g;Table sauces, dressings & condiments;tomato-ketchup-brown-bbq-other-sauces;119;1.4;28;19;0;0;0.6;2.2;
breadmaker-flour--course-brown-15kg;Carrs Breadmaker Course Brown Flour 1.5kg;£1.60/unit;£1.07/kg;Sugar & home baking;flour;325;15.1;62.2;1.7;1.8;0.3;6.4;0;
breadroll-ciabatta-rolls-x2;Breadroll Ciabatta Rolls x2;£0.70/unit;£0.35/ea;Naan, ciabatta & breads of the world;naan-ciabatta-breads-of-the-world;null;null;null;null;null;null;null;null;
breadroll-company-ciabatta-loaf-250g;Breadroll Company Ciabatta Loaf 250g;£1.50/unit;£0.60/100g;Naan, ciabatta & breads of the world;naan-ciabatta-breads-of-the-world;null;null;null;null;null;null;null;null;
breakaway-milk-8-pack;Breakaway Milk 8 Pack;£1.60/unit;£1.05/100g;Biscuits & crackers;biscuits-crackers-kids-lunchbox;null;null;null;null;null;null;null;null;
breakaway-milk-8-pack;Breakaway Milk 8 Pack;£1.60/unit;£1.05/100g;Biscuits & crackers;chocolate-biscuits;null;null;null;null;null;null;null;null;
brioche-pasquier-croissants-x8;Brioche Pasquier Croissants x8;£1.80/unit;£0.23/ea;Croissants, brioche & pastries;croissants-brioche-pastries;430;7.3;41.2;8.5;25.7;17.6;3.4;0.95;
brioche-pasquier-milk-brioche-rolls-x8;Brioche Pasquier Milk Brioche Rolls x8;£1.75/unit;£0.22/ea;Croissants, brioche & pastries;croissants-brioche-pastries;360;8.2;52;15;12.9;6.4;2.1;1.275;
brioche-pasquier-sliced-brioche-loaf-500g;Brioche Pasquier Sliced Brioche Loaf 500g;£1.60/unit;£0.32/100g;Croissants, brioche & pastries;croissants-brioche-pastries;363;8;55;15;12;4.5;2.4;0.95;
britannia-finest-beef-dripping-500g;Britannia Finest Beef Dripping 500g;£0.75/unit;£1.50/kg;Sugar & home baking;fats-spreads;900;0.0;0.0;0.0;100.0;57.0;0.0;null;
british-cold-pressed-rapeseed-oil-500ml;Borderfeilds British Cold Pressed Rapeseed Oil 500ml;£4.00/unit;£0.80/100ml;Cooking ingredients & oils;oils;824;0;0;0;92;5.8;null;0;
brodiaea;Sainsbury's Brodiaea x30;£3.00/unit;£3.00/ea;Flowers & seeds;flowers---seeds;null;null;null;null;null;null;null;null;
buckwud-maple-syrup-250g;Buckwud Maple Syrup 250g;£6.00/unit;£2.40/100g;Fruit & desserts;sauces-toppings;null;0.5;67;64;0.5;0.1;0.5;0.03;
buckwud-maple-syrup-250g;Buckwud Maple Syrup 250g;£6.00/unit;£2.40/100g;Ice cream & desserts;wafers-sauces-toppings;null;0.5;67;64;0.5;0.1;0.5;0.03;
buckwud-maple-syrup-250g;Buckwud Maple Syrup 250g;£6.00/unit;£2.40/100g;Sugar & home baking;baking-ingredients---colourings;null;0.5;67;64;0.5;0.1;0.5;0.03;
bundu-original-beef-biltong-85g;Bundu Original Beef Biltong 85g;£3.00/unit;£3.53/100g;Crisps, nuts & snacking fruit;meat-snacking;null;46.0;2.7;2.4;5.2;2.3;0.9;null;
burgen-soya---linseed-400g;Burgen Soya & Linseed Bread 400g;£0.80/unit;£0.20/100g;Bread;seeded-grains-bread;282;15.9;27.3;5.4;10.1;1.4;9.3;0.75;
burgen-soya---linseed-400g;Burgen Soya & Linseed Bread 400g;£0.80/unit;£0.20/100g;Bread;small-loaves;282;15.9;27.3;5.4;10.1;1.4;9.3;0.75;
burgen-soya---linseed-bread-800g;Burgen Soya & Linseed Bread 800g;£1.50/unit;£0.19/100g;Bread;seeded-grains-bread;282;15.9;27.3;5.4;10.1;1.4;9.3;0.75;
burtons-fish-n-chips-salt---vinegar-baked-snack-biscuits-125g;Burton's Fish 'n' Chips Salt & Vinegar Baked Snack Biscuits 125g;£1.60/unit;£1.28/100g;Biscuits & crackers;crackers-savoury-biscuits;495;8;59.5;9.2;24.4;5.9;2.7;2;
burtons-fish-n-chips-salt---vinegar-baked-snack-biscuits-5x125g;Burton's Fish 'n' Chips Salt & Vinegar Baked Snack Biscuits 5x125g;£1.60/unit;£1.28/100g;Biscuits & crackers;crackers-savoury-biscuits;495;8;59.5;9.2;24.4;5.9;2.7;2;
bury-black-pudding-4-slices-230g;The Bury Black Pudding Company Traditional Black Pudding Slices x4 230g;£1.25/unit;£5.43/kg;Sausages;sausages;121;7.6;18.6;0.77;2.5;0.89;null;1.47;
butterflies---bumblebees;Sainsbury's Bee & Butterfly Attracting Garden Seeds;£5.00/unit;£5.00/ea;Flowers & seeds;flowers---seeds;null;null;null;null;null;null;null;null;
butterfly-attracting-flowers-seeds;Sainsbury's Butterfly Attracting Flowers Seeds;£3.00/unit;£3.00/ea;Flowers & seeds;flowers---seeds;null;null;null;null;null;null;null;null;
butterkist-microwave-salt-3x70g;Butterkist Salted Microwave Popcorn 3x70g;£1.90/unit;£0.90/100g;Confectionery;confectionery-popcorn;458;8.7;51.6;1.1;21.2;9.8;13.1;1.85;
butterkist-microwave-salt-3x70g;Butterkist Salted Microwave Popcorn 3x70g;£1.90/unit;£0.90/100g;Crisps, nuts & snacking fruit;popcorn;458;8.7;51.6;1.1;21.2;9.8;13.1;1.85;
butterkist-microwave-sweet-3x70g;Butterkist Sweet Microwave Popcorn 3x70g;£1.90/unit;£0.90/100g;Confectionery;confectionery-popcorn;443;8.3;57.2;1.7;17.6;7.8;11.8;0;
butterkist-microwave-sweet-3x70g;Butterkist Sweet Microwave Popcorn 3x70g;£1.90/unit;£0.90/100g;Crisps, nuts & snacking fruit;popcorn;443;8.3;57.2;1.7;17.6;7.8;11.8;0;
butterkist-popcorn-toffee-x6-30g;Butterkist Toffee Popcorn 6x25g;£1.00/unit;£0.55/100g;Confectionery;confectionery-popcorn;419;1.8;80.3;55.6;9.3;2.8;3.4;1.42;
butterkist-popcorn-toffee-x6-30g;Butterkist Toffee Popcorn 6x25g;£1.00/unit;£0.55/100g;Crisps, nuts & snacking fruit;party-nibbles-bites;419;1.8;80.3;55.6;9.3;2.8;3.4;1.42;
butterkist-popcorn-toffee-x6-30g;Butterkist Toffee Popcorn 6x25g;£1.00/unit;£0.55/100g;Crisps, nuts & snacking fruit;popcorn;419;1.8;80.3;55.6;9.3;2.8;3.4;1.42;
butterkist-sweet---salted-microwave-popcorn-3x70g;Butterkist Sweet & Salted Microwave Popcorn 3x70g;£1.50/unit;£0.71/100g;Confectionery;confectionery-popcorn;398;9.0;48.1;0.8;13.9;6.3;22.1;1.12;
butterkist-sweet---salted-microwave-popcorn-3x70g;Butterkist Sweet & Salted Microwave Popcorn 3x70g;£1.50/unit;£0.71/100g;Crisps, nuts & snacking fruit;popcorn;398;9.0;48.1;0.8;13.9;6.3;22.1;1.12;
butterkist-sweet---salted-popcorn-100g;Butterkist Sweet & Salted Popcorn 100g;£1.00/unit;£1.00/100g;Confectionery;confectionery-popcorn;502;4.9;60.0;31.9;25.4;1.9;7.4;0.76;
butterkist-sweet---salted-popcorn-100g;Butterkist Sweet & Salted Popcorn 100g;£1.00/unit;£1.00/100g;Crisps, nuts & snacking fruit;popcorn;502;4.9;60.0;31.9;25.4;1.9;7.4;0.76;
butterkist-sweet-cinema-style-popcorn-120g;Butterkist Sweet Cinema Style Popcorn 120g;£1.00/unit;£0.83/100g;Confectionery;confectionery-popcorn;503;5.1;60.5;31.3;25.1;1.9;7.4;0.02;
butterkist-sweet-cinema-style-popcorn-120g;Butterkist Sweet Cinema Style Popcorn 120g;£1.00/unit;£0.83/100g;Crisps, nuts & snacking fruit;party-nibbles-bites;503;5.1;60.5;31.3;25.1;1.9;7.4;0.02;
butterkist-sweet-cinema-style-popcorn-120g;Butterkist Sweet Cinema Style Popcorn 120g;£1.00/unit;£0.83/100g;Crisps, nuts & snacking fruit;popcorn;503;5.1;60.5;31.3;25.1;1.9;7.4;0.02;
butterkist-toffee-popcorn-200g;Butterkist Toffee Popcorn 200g;£1.00/unit;£0.50/100g;Confectionery;confectionery-popcorn;419;1.8;80.3;55.6;9.3;2.8;3.4;1.42;
butterkist-toffee-popcorn-200g;Butterkist Toffee Popcorn 200g;£1.00/unit;£0.50/100g;Crisps, nuts & snacking fruit;party-nibbles-bites;419;1.8;80.3;55.6;9.3;2.8;3.4;1.42;
butterkist-toffee-popcorn-200g;Butterkist Toffee Popcorn 200g;£1.00/unit;£0.50/100g;Crisps, nuts & snacking fruit;popcorn;419;1.8;80.3;55.6;9.3;2.8;3.4;1.42;
c---b-4-kids-tom---jerry-with-sausages-213g;Crosse & Blackwell 4 Kids Tom & Jerry With Sausages 213g;£0.70/unit;£3.29/kg;Canned, tinned & packaged foods;baked-beans-canned-pasta;86;3.5;11.8;2.5;2.7;0.8;0.4;0.5;
cadbury-animals-chocolate-biscuits-10x22g;Cadbury Animals Chocolate Biscuits 10x22g;£2.00/unit;£0.91/100g;Biscuits & crackers;biscuits-crackers-kids-lunchbox;474;7.4;66.8;27.4;19.6;9.3;2.3;0.6;
cadbury-animals-chocolate-biscuits-6x22g;Cadbury Animals Chocolate Biscuits 6x22g;£1.00/unit;£0.76/100g;Biscuits & crackers;biscuits-crackers-kids-lunchbox;475;7.3;66.8;27.5;19.8;9.3;2.3;0.64;
cadbury-animals-dinosaurs-minipack-132g;Cadbury Animals Dinosaurs Minipack 132g;£1.00/unit;£0.76/100g;Biscuits & crackers;chocolate-biscuits;475;7.3;66.8;27.5;19.8;9.3;2.3;0.64;
cadbury-bitsa-wispa-pouch-130g;Cadbury Bitsa Wispa Pouch 110g;£1.50/unit;£1.36/100g;Confectionery;chocolate;550;7.3;53.0;52.5;34.0;20.5;0.9;0.23;
cadbury-boost-cake-bars-x5;Cadbury Boost Cake Bars x5;£1.45/unit;£0.29/ea;Cakes;cake-bars-mini-rolls;480;5.3;55.9;43.3;26.8;16.6;1.9;0.50;
cadbury-boost-cake-bars-x5;Cadbury Boost Cake Bars x5;£1.45/unit;£0.29/ea;Confectionery;cake-slices;480;5.3;55.9;43.3;26.8;16.6;1.9;0.50;
cadbury-boost-glucose;Cadbury Boost Glucose;£0.60/unit;£1.24/100g;Confectionery;chocolate;515;5.9;58.5;49.5;28.5;21.5;1.5;0.30;
cadbury-bournville-200g;Cadbury Bournville 180g;£2.00/unit;£1.11/100g;Confectionery;chocolate;505;4.7;58.8;57.7;27.3;16.6;2.0;0.01;
cadbury-bournville-biscuits-130g;Cadbury Bournville Biscuits 130g;£1.00/unit;£0.77/100g;Biscuits & crackers;chocolate-biscuits;520;6.0;54.9;37.3;30.7;18.0;1.4;0.45;
cadbury-brunch-bar--chocolate-chip-6x32g;Cadbury Brunch Bar, Chocolate Chip 6x32g;£1.75/unit;£0.91/100g;Biscuits & crackers;biscuits-crackers-kids-lunchbox;445;6.1;64.5;37.5;17.0;8.9;4.8;0.63;
cadbury-brunch-bar--chocolate-chip-6x32g;Cadbury Brunch Bar, Chocolate Chip 6x32g;£1.75/unit;£0.91/100g;Biscuits & crackers;cereal-bars-breakfast-biscuits;445;6.1;64.5;37.5;17.0;8.9;4.8;0.63;
cadbury-brunch-bar--chocolate-chip-6x32g;Cadbury Brunch Bar, Chocolate Chip 6x32g;£1.75/unit;£0.91/100g;Breakfast cereals;breakfast-cereal-bars-breakfast-biscuits;445;6.1;64.5;37.5;17.0;8.9;4.8;0.63;
cadbury-brunch-bar--raisin-x6-210g;Cadbury Brunch Bar, Raisin x6 210g;£1.75/unit;£0.91/100g;Biscuits & crackers;biscuits-crackers-kids-lunchbox;null;null;null;null;null;null;null;null;
cadbury-brunch-bar--raisin-x6-210g;Cadbury Brunch Bar, Raisin x6 210g;£1.75/unit;£0.91/100g;Biscuits & crackers;cereal-bars-breakfast-biscuits;null;null;null;null;null;null;null;null;
cadbury-brunch-bar--raisin-x6-210g;Cadbury Brunch Bar, Raisin x6 210g;£1.75/unit;£0.91/100g;Breakfast cereals;breakfast-cereal-bars-breakfast-biscuits;null;null;null;null;null;null;null;null;
cadbury-buttons-small-easter-egg-101g;Cadbury Buttons Small Easter Egg 101g;£1.25/unit;£1.24/100g;Confectionery;easter-eggs;530;7.6;56.5;56;30.5;18.5;0.7;0.23;
cadbury-buttons-treatsize-187g;Cadbury Buttons Treatsize 170g;£2.50/unit;£1.47/100g;Confectionery;chocolate;530;7.6;56.5;56.0;30.5;18.5;0.7;0.23;
cadbury-caramel-bar--single-45g;Cadbury Caramel 45g;£0.60/unit;£1.33/100g;Confectionery;chocolate;480;4.8;62.8;48.2;23.1;13.7;0.4;0.40;
cadbury-caramel-bunnies-xl-easter-egg--316g;Cadbury Caramel Extra Large Easter Egg 331g;£4.00/unit;£1.21/100g;Confectionery;easter-eggs;530;7.6;56.5;56.0;30.5;18.5;0.7;0.23;
cadbury-caramel-cake-bars-x10;Cadbury Caramel Cake Bars x10;£2.00/unit;£0.20/ea;Cakes;cake-bars-mini-rolls;435;5.4;58.5;40.9;19.5;11.7;2.3;0.78;
cadbury-caramel-cake-bars-x10;Cadbury Caramel Cake Bars x10;£2.00/unit;£0.20/ea;Confectionery;cake-slices;435;5.4;58.5;40.9;19.5;11.7;2.3;0.78;
cadbury-caramel-cake-bars-x5;Cadbury Caramel Cake Bars x5;£1.45/unit;£0.29/ea;Cakes;cake-bars-mini-rolls;435;5.4;58.5;40.9;19.5;11.7;2.3;0.78;
cadbury-caramel-cake-bars-x5;Cadbury Caramel Cake Bars x5;£1.45/unit;£0.29/ea;Confectionery;cake-slices;435;5.4;58.5;40.9;19.5;11.7;2.3;0.78;
cadbury-caramel-egg-medium-easter-egg-178g;Cadbury Caramel Medium Easter Egg 178g;£1.25/unit;£0.70/100g;Confectionery;easter-eggs;null;null;null;null;null;null;null;null;
cadbury-caramel-nibbles-160g;Cadbury Caramel Nibbles Pouch 120g;£1.50/unit;£1.25/100g;Confectionery;chocolate;500;5.9;60;53.5;26;15.5;0.5;0.33;
cadbury-chocolate-buttons-32g;Cadbury Chocolate Buttons 30g;£0.60/unit;£2.00/100g;Confectionery;chocolate;525;7.5;56.8;56.6;30;18.6;0.7;0.25;
cadbury-chocolate-cake-bars-x10;Cadbury Chocolate Cake Bars x10;£2.00/unit;£0.20/ea;Cakes;cake-bars-mini-rolls;450;4.7;52.8;40.3;24.1;12.0;2.4;0.63;
cadbury-chocolate-cake-bars-x10;Cadbury Chocolate Cake Bars x10;£2.00/unit;£0.20/ea;Confectionery;cake-slices;450;4.7;52.8;40.3;24.1;12.0;2.4;0.63;
cadbury-chocolate-hollow-chick-142g;Cadbury Buttons Chocolate Chick 142g;£2.00/unit;£1.41/100g;Confectionery;easter-eggs;null;null;null;null;null;null;null;null;
cadbury-chocolate-milk-tray-400g;Cadbury Chocolate Milk Tray 400g;£6.00/unit;£1.50/100g;Confectionery;gifting-boxed-chocolate;495;4.2;63.5;57.0;24.5;14.0;1.5;0.35;
cadbury-chocolate-mini-fingers-x5-110g;Cadbury Chocolate Mini Fingers x5 110g;£1.00/unit;£0.91/100g;Biscuits & crackers;biscuits-crackers-kids-lunchbox;515;6.8;60.8;34.9;27.1;10.8;1.7;0.50;
cadbury-chocolate-mini-fingers-x5-110g;Cadbury Chocolate Mini Fingers x5 110g;£1.00/unit;£0.91/100g;Biscuits & crackers;chocolate-biscuits;515;6.8;60.8;34.9;27.1;10.8;1.7;0.50;
cadbury-chocolate-mini-fingers-x5-110g;Cadbury Chocolate Mini Fingers x5 110g;£1.00/unit;£0.91/100g;Confectionery;chocolate;515;6.8;60.8;34.9;27.1;10.8;1.7;0.50;
cadbury-chocolate-mini-rolls-x12;Cadbury Chocolate Mini Rolls x12;£2.75/unit;£0.23/ea;Cakes;cake-bars-mini-rolls;450;4.7;55.4;42.2;23.0;11.3;2.3;0.68;
cadbury-chocolate-mini-rolls-x12;Cadbury Chocolate Mini Rolls x12;£2.75/unit;£0.23/ea;Confectionery;cake-slices;450;4.7;55.4;42.2;23.0;11.3;2.3;0.68;
cadbury-chocolate-mini-rolls-x5;Cadbury Chocolate Mini Rolls x5;£1.40/unit;£0.28/ea;Cakes;cake-bars-mini-rolls;450;4.7;55.4;42.2;23.0;11.3;2.3;0.68;
cadbury-chocolate-mini-rolls-x5;Cadbury Chocolate Mini Rolls x5;£1.40/unit;£0.28/ea;Confectionery;cake-slices;450;4.7;55.4;42.2;23.0;11.3;2.3;0.68;
cadbury-chocolate-pretzel-pouch-110g;Cadbury Chocolate Pretzels Pouch 110g;£1.50/unit;£1.36/100g;Confectionery;chocolate;455;7.7;62.0;35.0;19.0;13.0;2.9;0.93;
cadbury-chocolate-spread-400g;Cadbury Chocolate Spread 400g;£2.25/unit;£0.56/100g;Jams, honey & spreads;chocolate-sweet-spreads;570;3.9;53.9;null;37.8;null;null;null;
cadbury-cream-egg-desserts-2x70g;Cadbury Pot Of Joy Ltd Edition Desserts 2x70g;£1.30/unit;£0.93/100g;Yogurts;luxury-yogurts;230;3.3;33.0;32.9;9.5;6.4;0.7;0.1;
cadbury-cream-egg-desserts-2x70g;Cadbury Pot Of Joy Ltd Edition Desserts 2x70g;£1.30/unit;£0.93/100g;Yogurts;rice-dessert-style-yogurts;230;3.3;33.0;32.9;9.5;6.4;0.7;0.1;
cadbury-creme-egg-biscuits-106g;Cadbury Creme Egg Biscuits 106g;£1.00/unit;£0.94/100g;Biscuits & crackers;chocolate-biscuits;434;5.0;58.4;40.2;20.1;10.9;1.3;0.4;
cadbury-creme-egg-biscuits-106g;Cadbury Creme Egg Biscuits 106g;£1.00/unit;£0.94/100g;Confectionery;easter-eggs;434;5.0;58.4;40.2;20.1;10.9;1.3;0.4;
cadbury-creme-egg-giant-egg-532g;Cadbury Creme Egg Giant Easter Egg 495g;£8.00/unit;£1.61/100g;Confectionery;easter-eggs;530;7.6;56.5;56;30.5;18.5;0.7;0.23;
cadbury-creme-egg-medium-egg-178g;Cadbury Creme Egg Medium Egg 178g;£1.25/unit;£0.70/100g;Confectionery;easter-eggs;530;7.6;56.5;56.0;30.5;18.5;0.7;0.23;
cadbury-creme-egg-single;Cadbury Creme Egg 40g;£0.50/unit;£0.50/ea;Confectionery;chocolate;440;3.2;73;66.5;15;9.3;0.4;0.15;
cadbury-creme-egg-single;Cadbury Creme Egg 40g;£0.50/unit;£0.50/ea;Confectionery;easter-eggs;440;3.2;73;66.5;15;9.3;0.4;0.15;
cadbury-creme-egg-stick-x3-300ml;Cadbury Ice Cream Creme Egg x3 300ml;£2.50/unit;£0.83/100ml;Ice cream & desserts;lollies-bars-cones;247;2.9;27.6;23.8;13.7;9.4;0.5;0.14;
cadbury-creme-egg-tub-480ml;Cadbury Ice Cream Creme Egg 480ml;£3.00/unit;£0.67/100ml;Ice cream & desserts;ice-cream-tubs;200;2.9;27.5;27.5;8.0;6.6;0.2;0.08;
cadbury-creme-egg-tub-480ml;Cadbury Ice Cream Creme Egg 480ml;£3.00/unit;£0.67/100ml;Ice cream & desserts;lollies-bars-cones;200;2.9;27.5;27.5;8.0;6.6;0.2;0.08;
cadbury-creme-eggs-x12-475g;Cadbury Creme Eggs x12 475g;£4.00/unit;£0.84/100g;Confectionery;easter-eggs;440;3.2;73;66.5;15;9.3;0.4;0.15;
cadbury-creme-eggs-x6-237g;Cadbury Creme Eggs x5 197g;£1.80/unit;£0.91/100g;Confectionery;easter-eggs;440;3.2;73;66.5;15;9.3;0.4;0.15;
cadbury-crunchie-bar-40g;Cadbury Crunchie 40g;£0.60/unit;£1.50/100g;Confectionery;chocolate;465;3.5;73.5;65.0;17.5;10.5;1.3;0.73;
cadbury-crunchie-biscuits-130g;Cadbury Crunchie Biscuits 130g;£1.00/unit;£0.77/100g;Biscuits & crackers;chocolate-biscuits;495;4.8;65.7;50.3;23.6;14.1;0.9;0.47;
cadbury-crunchie-blast-stick-x3-100ml;Cadbury Ice Cream Crunchie Blast 3x100ml;£2.50/unit;£0.83/100ml;Ice cream & desserts;lollies-bars-cones;225;2.8;23.4;23.0;13.3;9.6;0.4;0.11;
cadbury-crunchie-mini-cones-200ml;Cadbury Mini Ice Cream Cones Crunchie 200ml;£2.00/unit;£0.83/100ml;Ice cream & desserts;lollies-bars-cones;280;2.8;29.2;21.2;16.8;13.2;0.8;0.2;
cadbury-crunchie-rocks-pouch-130g;Cadbury Crunchie Rocks Pouch 110g;£1.50/unit;£1.36/100g;Confectionery;chocolate;490;5.0;67.5;51.0;21.5;13.5;2.0;0.68;
cadbury-crunchie-treatsize-258g;Cadbury Crunchie Treatsize 210g;£2.50/unit;£1.19/100g;Confectionery;chocolate;465;3.4;74.0;65.0;17.0;10.0;1.3;0.75;
cadbury-crunchie-x3-120g;Cadbury Crunchie 3x32g;£1.50/unit;£1.56/100g;Confectionery;chocolate;null;null;null;null;null;null;null;null;
cadbury-crunchie-x7-224g;Cadbury Crunchie x7 224g;£2.50/unit;£1.12/100g;Confectionery;chocolate;470;3.5;73.5;64.5;17.5;10.5;1.3;0.73;
cadbury-curly-wurly-5x26g;Cadbury Curly Wurly 5x26g;£1.00/unit;£0.77/100g;Confectionery;chocolate;455;3.3;70.0;48.5;18.0;9.7;0.7;0.68;
cadbury-curly-wurly-x1;Cadbury Curly Wurly 26g;£0.25/unit;£0.25/ea;Confectionery;chocolate;455;3.3;70.0;48.5;18.0;9.7;0.7;0.68;
cadbury-dairy-milk-200g;Cadbury Dairy Milk Chocolate 200g;£2.00/unit;£1.00/100g;Confectionery;chocolate;530;7.5;56.5;56;30.5;18.5;0.7;0.23;
cadbury-dairy-milk-banana-caramel-crisp-chocolate-200g;Cadbury Dairy Milk Banana Caramel Crisp Chocolate 200g;£2.00/unit;£1.00/100g;Confectionery;chocolate;510;6.8;61.0;59.0;26.5;16.0;0.8;0.25;
cadbury-dairy-milk-banana-caramel-crisp-chocolate-47g;Cadbury Dairy Milk Banana Caramel Crisp Chocolate 47g;£0.60/unit;£1.28/100g;Confectionery;chocolate;510;6.8;61.0;59.0;26.5;16;0.8;0.25;
cadbury-dairy-milk-biscuit-100g;Cadbury Dairy Milk Biscuit 110g;£1.00/unit;£0.91/100g;Biscuits & crackers;chocolate-biscuits;460;6.7;51.3;30.7;25.3;14.3;1.6;0.48;
cadbury-dairy-milk-bubbly-chocolate-90g;Cadbury Dairy Milk Bubbly 90g;£1.40/unit;£1.56/100g;Confectionery;chocolate;530;7.5;56.0;56.0;30.5;18.5;0.7;0.23;
cadbury-dairy-milk-bunny-130g;Cadbury Dairy Milk Bunny 130g;£2.00/unit;£1.54/100g;Confectionery;easter-eggs;530;7.6;56.5;56.5;30.0;18.5;0.7;0.23;
cadbury-dairy-milk-caramel-120g;Cadbury Dairy Milk Caramel 120g;£1.40/unit;£1.17/100g;Confectionery;chocolate;475;4.8;62.0;47.8;23.0;13.6;0.4;0.40;
cadbury-dairy-milk-caramel-200g;Cadbury Dairy Milk Caramel 200g;£2.00/unit;£1.00/100g;Confectionery;chocolate;485;5.5;60.4;49.8;24.7;14.8;0.5;0.38;
cadbury-dairy-milk-caramel-x8-313g;Cadbury Dairy Milk Caramel x7 259g;£2.50/unit;£0.97/100g;Confectionery;chocolate;485;5.1;61.0;48.5;24.0;14.0;0.4;0.38;
cadbury-dairy-milk-chocolate-120g;Cadbury Dairy Milk Chocolate 120g;£1.40/unit;£1.27/100g;Confectionery;chocolate;530;7.5;57;56.7;29.8;18.4;0.7;0.23;
cadbury-dairy-milk-chocolate-45g;Cadbury Dairy Milk Chocolate 45g;£0.60/unit;£1.33/100g;Confectionery;chocolate;525;7.5;57.0;56.7;29.8;18.5;0.7;0.23;
cadbury-dairy-milk-chocolate-biscuit-bar-x3-105g;Cadbury Dairy Milk with Lu Biscuit Chocolate Bar x3 105g;£1.50/unit;£1.43/100g;Biscuits & crackers;biscuits-crackers-kids-lunchbox;515;7.2;60.5;48.0;26.5;16.0;1.2;0.48;
cadbury-dairy-milk-chocolate-biscuit-bar-x3-105g;Cadbury Dairy Milk with Lu Biscuit Chocolate Bar x3 105g;£1.50/unit;£1.43/100g;Biscuits & crackers;chocolate-biscuits;515;7.2;60.5;48.0;26.5;16.0;1.2;0.48;
cadbury-dairy-milk-chocolate-bubbly-white-100g;Cadbury Dairy Milk Bubbly White 100g;£1.40/unit;£1.40/100g;Confectionery;chocolate;535;6.3;59.0;59.0;30.0;18.0;0.4;0.25;
cadbury-dairy-milk-crunchie-200g;Cadbury Dairy Milk Crunchie 200g;£2.00/unit;£1.00/100g;Confectionery;chocolate;505;6.2;63.5;58.5;25.0;15.0;0.6;0.30;
cadbury-dairy-milk-daim-120g;Cadbury Dairy Milk Daim 120g;£1.40/unit;£1.17/100g;Confectionery;chocolate;525;6.4;57.0;56.5;30.5;17.5;0.7;0.43;
cadbury-dairy-milk-easter-bunny-block-100g;Cadbury Dairy Milk Easter Bunny Block 100g;£1.00/unit;£1.00/100g;Confectionery;chocolate;530;7.2;57;57;30;18.5;0.6;0.25;
cadbury-dairy-milk-easter-bunny-block-100g;Cadbury Dairy Milk Easter Bunny Block 100g;£1.00/unit;£1.00/100g;Confectionery;easter-eggs;530;7.2;57;57;30;18.5;0.6;0.25;
cadbury-dairy-milk-egg-heads-77g;Cadbury Eggheads Easter Egg 77g;£1.00/unit;£1.30/100g;Confectionery;easter-eggs;530;7.6;56.5;56;30.5;18.5;0.7;0.23;
cadbury-dairy-milk-fruit---nut-120g;Cadbury Dairy Milk Fruit & Nut 120g;£1.40/unit;£1.17/100g;Confectionery;chocolate;490;8.3;55.8;55.2;25.9;14.4;1.4;0.25;
cadbury-dairy-milk-fruit---nut-200g;Cadbury Dairy Milk Fruit & Nut 200g;£2.00/unit;£1.00/100g;Confectionery;chocolate;495;8.3;55.5;54.5;26;14.5;1.3;0.20;
cadbury-dairy-milk-giant-buttons-119g;Cadbury Dairy Milk Giant Buttons Pouch 119g;£1.50/unit;£1.26/100g;Confectionery;chocolate;530;7.6;56.5;56.0;30.5;18.5;0.7;0.23;
cadbury-dairy-milk-giant-egg-535g;Cadbury Dairy Milk Giant Easter Egg 515g;£8.00/unit;£1.55/100g;Confectionery;easter-eggs;530;7.6;56.5;56;30.5;18.5;0.7;0.23;
cadbury-dairy-milk-golden-biscuit-200g;Cadbury Dairy Milk Golden Biscuit 200g;£2.00/unit;£1.00/100g;Confectionery;chocolate;550;6.3;55.5;48.0;33.5;19.5;0.8;0.30;
cadbury-dairy-milk-kids-20g;Cadbury Dairy Milk Kids 20g;£0.25/unit;£1.25/100g;Confectionery;chocolate;530;7.5;56.5;56.0;30.5;18.5;0.7;0.23;
cadbury-dairy-milk-mini-cones-x8-200ml;Cadbury Mini Ice Cream Cones Dairy Milk x8 200ml;£2.00/unit;£1.00/100ml;Ice cream & desserts;lollies-bars-cones;295;2.9;30.6;22.9;17.6;13.7;0.9;0.15;
cadbury-dairy-milk-mini-eggs-96g;Cadbury Dairy Milk Mini Eggs 93g;£1.00/unit;£1.08/100g;Confectionery;chocolate;530;7.6;56.5;56.0;30.5;18.5;0.7;0.23;
cadbury-dairy-milk-mini-eggs-96g;Cadbury Dairy Milk Mini Eggs 93g;£1.00/unit;£1.08/100g;Confectionery;easter-eggs;530;7.6;56.5;56.0;30.5;18.5;0.7;0.23;
cadbury-dairy-milk-oat-crunch-30g;Cadbury Dairy Milk Oat Crunch 30g;£0.60/unit;£2.00/100g;Confectionery;chocolate;500;7.4;61.5;41.5;24.5;14.5;1.6;0.50;
cadbury-dairy-milk-oat-crunch-3x30g;Cadbury Dairy Milk Oat Crunch 3x30g;£1.50/unit;£1.67/100g;Confectionery;chocolate;500;7.4;61.5;41.5;24.5;14.5;1.6;0.50;
cadbury-dairy-milk-oreo-120g;Cadbury Dairy Milk Oreo 120g;£1.40/unit;£1.17/100g;Confectionery;chocolate;560;6.0;53.5;48.0;35.5;20.0;0.9;0.38;
cadbury-dairy-milk-oreo-41g;Cadbury Dairy Milk Oreo 41g;£0.60/unit;£1.46/100g;Confectionery;chocolate;555;6.1;54.5;47;34;19;0.9;0.48;
cadbury-dairy-milk-sandwich-lu-35g;Cadbury Dairy Milk Sandwich Lu 35g;£0.60/unit;£1.71/100g;Biscuits & crackers;biscuits-crackers-kids-lunchbox;515;7.2;60.5;48.0;26.5;16.0;1.2;0.48;
cadbury-dairy-milk-sandwich-lu-35g;Cadbury Dairy Milk Sandwich Lu 35g;£0.60/unit;£1.71/100g;Biscuits & crackers;chocolate-biscuits;515;7.2;60.5;48.0;26.5;16.0;1.2;0.48;
cadbury-dairy-milk-sandwich-lu-35g;Cadbury Dairy Milk Sandwich Lu 35g;£0.60/unit;£1.71/100g;Confectionery;chocolate;515;7.2;60.5;48.0;26.5;16.0;1.2;0.48;
cadbury-dairy-milk-sandwich-ritz-35g;Cadbury Dairy Milk Sandwich Ritz 35g;£0.60/unit;£1.71/100g;Biscuits & crackers;biscuits-crackers-kids-lunchbox;525;7.4;57.5;48.5;29.0;17.0;1.0;0.63;
cadbury-dairy-milk-sandwich-ritz-35g;Cadbury Dairy Milk Sandwich Ritz 35g;£0.60/unit;£1.71/100g;Biscuits & crackers;chocolate-biscuits;525;7.4;57.5;48.5;29.0;17.0;1.0;0.63;
cadbury-dairy-milk-sandwich-ritz-35g;Cadbury Dairy Milk Sandwich Ritz 35g;£0.60/unit;£1.71/100g;Confectionery;chocolate;525;7.4;57.5;48.5;29.0;17.0;1.0;0.63;
cadbury-dairy-milk-swirl-x3-300ml;Cadbury Ice Cream Dairy Milk Swirl x3 300ml;£2.50/unit;£0.83/100ml;Ice cream & desserts;lollies-bars-cones;270;3.2;24.6;21.9;17.5;12.6;0.5;0.12;
cadbury-dairy-milk-turkish-200g;Cadbury Dairy Milk Turkish Delight 200g;£2.00/unit;£1.00/100g;Confectionery;chocolate;465;5.3;63.8;58.5;20.8;12.9;0.7;0.18;
cadbury-dairy-milk-wholenut-120g;Cadbury Dairy Milk Wholenut 120g;£1.40/unit;£1.17/100g;Confectionery;chocolate;555;8.9;49.5;48.2;35.4;16.2;1.7;0.20;
cadbury-dairy-milk-wholenut-200g;Cadbury Dairy Milk Wholenut 200g;£2.00/unit;£1.00/100g;Confectionery;chocolate;550;8.8;49;48;35.5;16.5;1.7;0.20;
cadbury-dairy-milk-with-chips-ahoy-120g;Cadbury Dairy Milk Chips Ahoy 120g;£1.40/unit;£1.17/100g;Confectionery;chocolate;565;5.9;53;49;36;21;0.7;0.38;
cadbury-dairy-milk-with-ritz-biscuit-chocolate-bar-x3-105g;Cadbury Dairy Milk with Ritz Biscuit Chocolate Bar x3 105g;£1.50/unit;£1.43/100g;Biscuits & crackers;biscuits-crackers-kids-lunchbox;525;7.4;57.5;48.5;29.0;17.0;1.0;0.63;
cadbury-dairy-milk-with-ritz-biscuit-chocolate-bar-x3-105g;Cadbury Dairy Milk with Ritz Biscuit Chocolate Bar x3 105g;£1.50/unit;£1.43/100g;Biscuits & crackers;chocolate-biscuits;525;7.4;57.5;48.5;29.0;17.0;1.0;0.63;
cadbury-dairy-milk-x3-117g;Cadbury Dairy Milk 3x36g;£1.50/unit;£1.39/100g;Confectionery;chocolate;530;7.5;56.5;56.0;30.5;18.5;0.7;0.23;
cadbury-dairy-milk-x8-313g;Cadbury Dairy Milk x7 252g;£2.50/unit;£0.99/100g;Confectionery;chocolate;530;7.5;56.5;56.0;30.5;18.5;0.7;0.23;
cadbury-dairy-milk-xl-easter-egg-331g;Cadbury Dairy Milk Extra Large Easter Egg 331g;£4.00/unit;£1.21/100g;Confectionery;easter-eggs;530;7.6;56.5;56.0;30.5;18.5;0.7;0.23;
cadbury-dessert-pot-of-joy-hazelnut-2x70g;Cadbury Dessert Pot Of Joy Hazelnut 2x70g;£1.30/unit;£0.93/100g;Yogurts;rice-dessert-style-yogurts;220;3.9;25.2;25.2;11.5;6.8;1.4;0.1;
cadbury-double-chocolate-fingers-125g;Cadbury Double Chocolate Fingers 125g;£1.50/unit;£1.32/100g;Biscuits & crackers;chocolate-biscuits;514;7.3;59.2;45.8;27.4;14.9;0.7;0.3;
cadbury-double-chocolate-fingers-125g;Cadbury Double Chocolate Fingers 125g;£1.50/unit;£1.32/100g;Confectionery;chocolate;514;7.3;59.2;45.8;27.4;14.9;0.7;0.3;
cadbury-double-decker--bigger;Cadbury Double Decker 54.5g;£0.60/unit;£1.10/100g;Confectionery;chocolate;460;4.1;71;53.5;17;9.5;1.5;0.20;
cadbury-double-decker-x4-240g;Cadbury Double Decker 3x54.3g;£1.50/unit;£0.92/100g;Confectionery;chocolate;460;4.1;71.0;53.5;17.0;9.5;1.5;0.20;
cadbury-dream-fingers-114g;Cadbury Dream Fingers 114g;£1.50/unit;£1.32/100g;Biscuits & crackers;chocolate-biscuits;518;6.1;59.7;31.0;27.9;15.4;1.9;0.6;
cadbury-dream-fingers-114g;Cadbury Dream Fingers 114g;£1.50/unit;£1.32/100g;Confectionery;chocolate;518;6.1;59.7;31.0;27.9;15.4;1.9;0.6;
cadbury-easter-cake-selection-box-x10;Cadbury Easter Cake Selection Box x10;£3.00/unit;£0.30/ea;Celebration cakes;celebration-cakes;null;null;null;null;null;null;null;null;
cadbury-easter-cake-selection-box-x10;Cadbury Easter Cake Selection Box x10;£3.00/unit;£0.30/ea;Easter treats;easter-treats;null;null;null;null;null;null;null;null;
cadbury-easter-egg-trail-pack-229g;Cadbury Easter Egg Trail Pack 229g;£4.00/unit;£1.75/100g;Confectionery;easter-eggs;null;null;null;null;null;null;null;null;
cadbury-easter-mini-eggs-nests-x5;Cadbury Easter Mini Eggs Nests x5;£1.50/unit;£0.30/ea;Easter treats;easter-treats;480;4.8;56.9;45.8;25.4;15.4;2.1;0.46;
cadbury-egg---spoon-double-chocolate-136g;Cadbury Dairy Milk Egg & Spoon Double Chocolate 136g;£1.50/unit;£1.11/100g;Confectionery;easter-eggs;570;4.9;52.5;52;37.5;18;1.5;0.18;
cadbury-egg---spoon-vanilla-136g;Cadbury Dairy Milk Egg & Spoon Vanilla 136g;£1.50/unit;£1.11/100g;Confectionery;easter-eggs;570;7.4;51;50.5;37;18.5;0.4;0.25;
cadbury-fabulous-fingers-110g;Cadbury Fabulous Fingers 110g;£1.50/unit;£1.36/100g;Biscuits & crackers;chocolate-biscuits;495;6.1;52.9;38.8;28.6;17.1;0.8;0.38;
cadbury-fabulous-fingers-110g;Cadbury Fabulous Fingers 110g;£1.50/unit;£1.36/100g;Confectionery;chocolate;495;6.1;52.9;38.8;28.6;17.1;0.8;0.38;
cadbury-fingers-114g;Cadbury Fingers 114g;£1.50/unit;£1.32/100g;Biscuits & crackers;chocolate-biscuits;516;7.3;60.0;30.5;27.1;14.8;1.5;0.4;
cadbury-fingers-114g;Cadbury Fingers 114g;£1.50/unit;£1.32/100g;Confectionery;chocolate;516;7.3;60.0;30.5;27.1;14.8;1.5;0.4;
cadbury-flake--family-box-134g;Cadbury Flake 99 x16 134g;£2.00/unit;£1.49/100g;Fruit & desserts;sauces-toppings;530;8.1;55.6;55.2;30.8;19;0.7;0.28;
cadbury-flake--family-box-134g;Cadbury Flake 99 x16 134g;£2.00/unit;£1.49/100g;Ice cream & desserts;wafers-sauces-toppings;530;8.1;55.6;55.2;30.8;19;0.7;0.28;
cadbury-flake-32g;Cadbury Flake 32g;£0.60/unit;£1.88/100g;Confectionery;chocolate;535;8.1;56;55.5;30.5;19;0.7;0.28;
cadbury-flake-cake-%28-serves-10-%29;Cadbury Flake Cake ( Serves 10 );£8.00/unit;£8.00/ea;Celebration cakes;celebration-cakes;385;4.4;56.2;43.3;15.4;9.3;2.0;0.38;
cadbury-flake-ice-cream-cones-x4-125ml;Cadbury Ice Cream Flake 4x125ml;£3.00/unit;£0.60/100ml;Ice cream & desserts;lollies-bars-cones;195;3.0;23.9;null;9.7;null;null;null;
cadbury-flake-medium-easter-egg-153g;Cadbury Flake Medium Easter Egg 153g;£1.25/unit;£0.82/100g;Confectionery;easter-eggs;530;7.6;56.5;56;30.5;18.5;0.7;0.23;
cadbury-flake-x4-102g;Cadbury Flake 3x25g;£1.50/unit;£1.97/100g;Confectionery;chocolate;535;8.1;56.0;55.5;31.0;19.0;0.7;0.28;
cadbury-flake-x9-230g;Cadbury Flake x8 230g;£2.50/unit;£1.23/100g;Confectionery;chocolate;535;8.1;56.0;55.5;31.0;19.0;0.7;0.28;
cadbury-freddo-18g;Cadbury Freddo 18g;£0.25/unit;£1.39/100g;Confectionery;chocolate;530;7.5;56.5;56.0;30.5;18.5;0.7;0.23;
cadbury-freddo-faces-small-easter-egg-96g;Cadbury Freddo Faces Small Easter Egg 96g;£1.25/unit;£1.30/100g;Confectionery;easter-eggs;530;7.6;56.5;56;30.5;18.5;0.7;0.23;
cadbury-freddo-sprinkles-18g;Cadbury Freddo Sprinkles 18g;£0.25/unit;£1.39/100g;Confectionery;chocolate;515;6.8;60.5;58.0;27.5;16.5;0.7;0.23;
cadbury-freddo-sprinkles-18g;Cadbury Freddo Sprinkles 18g;£0.25/unit;£1.39/100g;Confectionery;easter-eggs;515;6.8;60.5;58.0;27.5;16.5;0.7;0.23;
cadbury-freddo-x6-108g;Cadbury Freddo x6 108g;£1.00/unit;£0.93/100g;Confectionery;chocolate;530;7.5;56.5;56.0;30.5;18.5;0.7;0.23;
cadbury-fudge-x6-147g;Cadbury Fudge x6 147g;£1.00/unit;£0.68/100g;Confectionery;chocolate;445;2.5;74.5;64.5;15;8.2;0.5;0.38;
cadbury-fudge-x6-147g;Cadbury Fudge x6 147g;£1.00/unit;£0.68/100g;Confectionery;sweets;445;2.5;74.5;64.5;15;8.2;0.5;0.38;
cadbury-giant-dairy-milk-buttons-bag-40g;Cadbury Giant Dairy Milk Buttons Bag 40g;£0.60/unit;£1.50/100g;Confectionery;chocolate;530;7.6;56.5;56;30.5;18.5;0.7;0.23;
cadbury-heroes-carton-321g;Cadbury Heroes Carton 321g;£4.00/unit;£1.24/100g;Confectionery;gifting-boxed-chocolate;480;4.8;65.1;57.1;22.4;13.2;0.4;0.33;
cadbury-marvellous-cookie-nut-200g;Cadbury Marvellous Creations Cookie Nut Crunch 200g;£2.00/unit;£1.00/100g;Confectionery;chocolate;525;7.2;58.0;53.5;29.0;16.5;0.9;0.43;
cadbury-marvellous-creations-easter-egg-360g;Cadbury Marvellous Creations Easter Egg 291g;£3.00/unit;£1.03/100g;Confectionery;easter-eggs;530;7.6;56.5;56.0;30.5;18.5;0.7;0.23;
cadbury-marvellous-jelly-pop-candy-200g;Cadbury Marvellous Creations Jelly Popping Candy Shells 200g;£2.00/unit;£1.00/100g;Confectionery;chocolate;510;6.5;60.5;59.0;26.5;16.0;0.7;0.23;
cadbury-marvellous-jelly-popping-candy-ice-cream-500ml;Cadbury Ice Cream Marvellous Jelly Popping Candy 500ml;£4.00/unit;£0.80/100ml;Ice cream & desserts;ice-cream-tubs;217;2.3;28.2;22.9;10.3;6.9;0.5;0.09;
cadbury-marvellous-maynards-pouch-124g;Cadbury Marvellous Maynards Pouch 124g;£1.50/unit;£1.21/100g;Confectionery;chocolate;410;2.1;73.5;55;12;6.7;0.4;0.04;
cadbury-marvellous-oreo-pouch-111g;Cadbury Marvellous Oreo Pouch 111g;£1.50/unit;£1.35/100g;Confectionery;chocolate;505;5.7;64.5;51;24.5;13.5;1.6;0.55;
cadbury-marvellous-salted-caramel-ice-cream-500ml;Cadbury Ice Cream Marvellous Salted Caramel 500ml;£4.00/unit;£0.80/100ml;Ice cream & desserts;ice-cream-tubs;223;2.9;25.7;20.2;11.8;7.2;0.8;0.27;
cadbury-marvellous-zingy-raspberry-brownie-ice-cream-500ml;Cadbury Ice Cream Marvellous Zingy Raspberry Brownie 500ml;£4.00/unit;£0.80/100ml;Ice cream & desserts;ice-cream-tubs;219;2.6;27.9;22.4;10.6;6.9;0.7;0.16;
cadbury-milk-choc-digestives-300g;Cadbury Milk Choc Digestives 300g;£1.00/unit;£0.33/100g;Biscuits & crackers;chocolate-biscuits;490;7.0;61;28.1;24.3;13;2.8;1.44;
cadbury-milk-chocolate-cake-bars-x5;Cadbury Milk Chocolate Cake Bars x5;£1.45/unit;£0.29/ea;Cakes;cake-bars-mini-rolls;450;4.7;52.8;40.3;24.1;12.0;2.4;0.63;
cadbury-milk-chocolate-cake-bars-x5;Cadbury Milk Chocolate Cake Bars x5;£1.45/unit;£0.29/ea;Confectionery;cake-slices;450;4.7;52.8;40.3;24.1;12.0;2.4;0.63;
cadbury-milk-chocolate-fingers-171g;Cadbury Milk Chocolate Fingers 171g;£2.00/unit;£1.17/100g;Biscuits & crackers;chocolate-biscuits;516;7.3;60.0;30.5;27.1;14.8;1.5;0.4;
cadbury-milk-chocolate-fingers-171g;Cadbury Milk Chocolate Fingers 171g;£2.00/unit;£1.17/100g;Confectionery;chocolate;516;7.3;60.0;30.5;27.1;14.8;1.5;0.4;
cadbury-milk-chocolate-fingers-4x35g;Cadbury Milk Chocolate Fingers 4x35g;£1.60/unit;£1.14/100g;Biscuits & crackers;biscuits-crackers-kids-lunchbox;470;6.7;53.7;28.5;25.3;13.2;1.5;0.50;
cadbury-milk-chocolate-fingers-4x35g;Cadbury Milk Chocolate Fingers 4x35g;£1.60/unit;£1.14/100g;Biscuits & crackers;chocolate-biscuits;470;6.7;53.7;28.5;25.3;13.2;1.5;0.50;
cadbury-milk-chocolate-fingers-4x35g;Cadbury Milk Chocolate Fingers 4x35g;£1.60/unit;£1.14/100g;Confectionery;chocolate;470;6.7;53.7;28.5;25.3;13.2;1.5;0.50;
cadbury-milk-chocolate-fingers-honeycomb-4x35g;Cadbury Milk Chocolate Fingers Honeycomb 4x35g;£1.60/unit;£1.14/100g;Biscuits & crackers;biscuits-crackers-kids-lunchbox;455;6.3;54.9;32.8;22.9;12.3;1.3;0.60;
cadbury-milk-chocolate-fingers-honeycomb-4x35g;Cadbury Milk Chocolate Fingers Honeycomb 4x35g;£1.60/unit;£1.14/100g;Biscuits & crackers;chocolate-biscuits;455;6.3;54.9;32.8;22.9;12.3;1.3;0.60;
cadbury-milk-chocolate-fingers-honeycomb-4x35g;Cadbury Milk Chocolate Fingers Honeycomb 4x35g;£1.60/unit;£1.14/100g;Confectionery;chocolate;455;6.3;54.9;32.8;22.9;12.3;1.3;0.60;
cadbury-milk-chocolate-rich-tea-300g;Cadbury Milk Chocolate Rich Tea 250g;£1.00/unit;£0.40/100g;Biscuits & crackers;chocolate-biscuits;480;7.3;68.5;33;19.7;10.2;2.1;0.55;
cadbury-mini-caramel-eggs-88g;Cadbury Caramel Egg Minis 86g;£1.00/unit;£1.16/100g;Confectionery;easter-eggs;490;4.4;60;49;25.5;14.5;0.4;0.35;
cadbury-mini-creme-eggs-89g;Cadbury Mini Creme Eggs 89g;£1.00/unit;£1.12/100g;Confectionery;easter-eggs;435;4.2;67.0;67.0;16.5;10.0;0.4;0.13;
cadbury-mini-eggs-bag-100g;Cadbury Mini Eggs 90g;£1.00/unit;£1.11/100g;Confectionery;chocolate;null;null;null;null;null;null;null;null;
cadbury-mini-eggs-bag-100g;Cadbury Mini Eggs 90g;£1.00/unit;£1.11/100g;Confectionery;easter-eggs;null;null;null;null;null;null;null;null;
cadbury-mini-eggs-chocolate-gateau-370g;Cadbury Mini Eggs Chocolate Gateau 370g;£3.50/unit;£3.50/ea;Cakes;sponge-slab-loaf-cakes;460;5.3;57.2;41.7;23.1;12.3;2.1;0.51;
cadbury-mini-eggs-chocolate-gateau-370g;Cadbury Mini Eggs Chocolate Gateau 370g;£3.50/unit;£3.50/ea;Easter treats;easter-treats;460;5.3;57.2;41.7;23.1;12.3;2.1;0.51;
cadbury-mini-eggs-family-pack-chocolate-bag-328g;Cadbury Mini Eggs Family Pack Chocolate Bag 328g;£3.00/unit;£0.91/100g;Confectionery;chocolate;495;4.6;69.5;68.5;21.5;13.0;1.3;0.20;
cadbury-mini-eggs-family-pack-chocolate-bag-328g;Cadbury Mini Eggs Family Pack Chocolate Bag 328g;£3.00/unit;£0.91/100g;Confectionery;easter-eggs;495;4.6;69.5;68.5;21.5;13.0;1.3;0.20;
cadbury-mini-eggs-gift-egg-231g;Cadbury Mini Eggs Plastic Gift Egg with Mini Egg Treat Bags 6x38.5g;£3.00/unit;£1.30/100g;Confectionery;chocolate;495;4.6;69.5;68.5;21.5;13.0;1.3;0.20;
cadbury-mini-eggs-gift-egg-231g;Cadbury Mini Eggs Plastic Gift Egg with Mini Egg Treat Bags 6x38.5g;£3.00/unit;£1.30/100g;Confectionery;easter-eggs;495;4.6;69.5;68.5;21.5;13.0;1.3;0.20;
cadbury-mini-eggs-individual-chocolate-cakes-x6;Cadbury Mini Eggs Individual Chocolate Cakes x6;£1.50/unit;£0.25/ea;Cakes;muffins-small-cakes;450;4.5;55.2;43.2;22.9;12.6;2.3;0.52;
cadbury-mini-eggs-individual-chocolate-cakes-x6;Cadbury Mini Eggs Individual Chocolate Cakes x6;£1.50/unit;£0.25/ea;Easter treats;easter-treats;450;4.5;55.2;43.2;22.9;12.6;2.3;0.52;
cadbury-mini-eggs-medium-easter-egg-149g;Cadbury Mini Eggs Medium Easter Egg 149g;£1.25/unit;£0.84/100g;Confectionery;easter-eggs;530;7.6;56.5;56;30.5;18.5;0.7;0.23;
cadbury-mini-eggs-tube-120g;Cadbury Mini Eggs Tube 103g;£1.25/unit;£1.21/100g;Confectionery;easter-eggs;495;4.6;69.5;68.5;21.5;13.0;1.3;0.20;
cadbury-mini-eggs-with-daim-86g;Cadbury Mini Eggs With Daim 86g;£1.00/unit;£1.16/100g;Confectionery;chocolate;530;7.3;56.5;56.0;30.5;18.5;0.7;0.28;
cadbury-mini-eggs-with-daim-86g;Cadbury Mini Eggs With Daim 86g;£1.00/unit;£1.16/100g;Confectionery;easter-eggs;530;7.3;56.5;56.0;30.5;18.5;0.7;0.28;
cadbury-mini-eggs-xl-easter-egg-296g;Cadbury Mini Eggs Extra Large Easter Egg 296g;£4.00/unit;£1.40/100g;Confectionery;easter-eggs;530;7.6;56.5;56.0;30.5;18.5;0.7;0.23;
cadbury-mini-fingers-40g;Cadbury Mini Fingers 40g;£0.55/unit;£1.38/100g;Biscuits & crackers;biscuits-crackers-kids-lunchbox;515;6.8;60.8;34.9;27.1;10.8;1.7;0.50;
cadbury-mini-fingers-40g;Cadbury Mini Fingers 40g;£0.55/unit;£1.38/100g;Biscuits & crackers;chocolate-biscuits;515;6.8;60.8;34.9;27.1;10.8;1.7;0.50;
cadbury-mini-fingers-40g;Cadbury Mini Fingers 40g;£0.55/unit;£1.38/100g;Confectionery;chocolate;515;6.8;60.8;34.9;27.1;10.8;1.7;0.50;
cadbury-mini-roll-selection-x12;Cadbury Mini Roll Selection x12;£2.75/unit;£0.23/ea;Cakes;cake-bars-mini-rolls;450;4.8;55.7;42.3;22.9;11.3;2.3;0.68;
cadbury-mini-roll-selection-x12;Cadbury Mini Roll Selection x12;£2.75/unit;£0.23/ea;Confectionery;cake-slices;450;4.8;55.7;42.3;22.9;11.3;2.3;0.68;
cadbury-orange-mini-rolls-x5;Cadbury Orange Mini Rolls x5;£1.00/unit;£0.20/ea;Easter treats;easter-treats;null;null;null;null;null;null;null;null;
cadbury-pebbles-pouch-140g;Cadbury Chocolate Pebbles Pouch 119g;£1.50/unit;£1.26/100g;Confectionery;chocolate;495;5.5;67.5;66.5;22.0;13.5;0.5;0.17;
cadbury-picnic-484g;Cadbury Picnic 48.4g;£0.60/unit;£1.24/100g;Confectionery;chocolate;485;7.7;61.0;46.5;22.5;10.0;2.3;0.53;
cadbury-picnic-x4-1936g;Cadbury Picnic 3x48.3g;£1.50/unit;£1.03/100g;Confectionery;chocolate;null;null;null;null;null;null;null;null;
cadbury-roses-carton-321g;Cadbury Roses Carton 321g;£4.00/unit;£1.25/100g;Confectionery;gifting-boxed-chocolate;535;6.2;56.5;56;31.5;18;0.7;0.20;
cadbury-roses-large-easter-egg-307g;Cadbury Roses Large Easter Egg 271g;£3.00/unit;£1.11/100g;Confectionery;easter-eggs;530;7.6;56.5;56.0;30.5;18.5;0.7;0.23;
cadbury-salted-caramel-biscuit-fingers-93g;Cadbury Salted Caramel Biscuit Fingers 93g;£1.50/unit;£1.61/100g;Biscuits & crackers;chocolate-biscuits;473;6.7;53.4;28.2;25.6;14.3;1.5;0.8;
cadbury-salted-peanut-biscuit-fingers-93g;Cadbury Salted Peanut Biscuit Fingers 93g;£1.50/unit;£1.61/100g;Biscuits & crackers;chocolate-biscuits;478;6.6;52.9;28.3;26.5;14.7;1.4;0.6;
cadbury-snack-shortcake-6x120g;Cadbury Snack Shortcake 6x120g;£1.40/unit;£1.17/100g;Biscuits & crackers;biscuits-crackers-kids-lunchbox;515;7.3;60.6;32.0;27.0;14.5;1.8;0.6;
cadbury-snack-shortcake-6x120g;Cadbury Snack Shortcake 6x120g;£1.40/unit;£1.17/100g;Biscuits & crackers;chocolate-biscuits;515;7.3;60.6;32.0;27.0;14.5;1.8;0.6;
cadbury-starbar-49g;Cadbury Starbar 49g;£0.60/unit;£1.22/100g;Confectionery;chocolate;510;10.0;53.0;44.0;28.5;12.5;2.3;0.33;
cadbury-sticky-puds--fudge--2x95g;Cadbury Sticky Puds, Fudge  2x95g;£1.70/unit;£0.89/100g;Fruit & desserts;dessert-pots;355;3.9;48.4;27.0;16.3;6.2;0.7;0.46;
cadbury-sticky-puds--milk-chocolate-2x95g;Cadbury Sticky Puds, Milk Chocolate 2x95g;£1.70/unit;£0.89/100g;Fruit & desserts;dessert-pots;360;4.2;48.9;27.1;16.0;6.0;0.8;0.50;
cadbury-strawberry-mini-rolls-x12;Cadbury Strawberry Mini Rolls x12;£2.75/unit;£0.23/ea;Cakes;cake-bars-mini-rolls;435;4.4;59.2;45.2;19.5;9.9;1.9;0.53;
cadbury-strawberry-mini-rolls-x12;Cadbury Strawberry Mini Rolls x12;£2.75/unit;£0.23/ea;Confectionery;cake-slices;435;4.4;59.2;45.2;19.5;9.9;1.9;0.53;
cadbury-strawberry-mini-rolls-x5;Cadbury Strawberry Mini Rolls x5;£1.40/unit;£0.28/ea;Cakes;cake-bars-mini-rolls;435;4.4;59.2;45.2;19.5;9.9;1.9;0.53;
cadbury-strawberry-mini-rolls-x5;Cadbury Strawberry Mini Rolls x5;£1.40/unit;£0.28/ea;Confectionery;cake-slices;435;4.4;59.2;45.2;19.5;9.9;1.9;0.53;
cadbury-swiss-gateau-340g;Cadbury Swiss Gateau 340g;£1.80/unit;£1.80/ea;Cakes;sponge-slab-loaf-cakes;425;5.3;60.5;42.3;17.5;10.2;1.9;0.60;
cadbury-time-out-x8;Cadbury Time Out x8;£1.60/unit;£1.25/100g;Biscuits & crackers;biscuits-crackers-kids-lunchbox;535;7.1;57.5;45.5;30.0;19.5;1.1;0.20;
cadbury-time-out-x8;Cadbury Time Out x8;£1.60/unit;£1.25/100g;Biscuits & crackers;chocolate-biscuits;535;7.1;57.5;45.5;30.0;19.5;1.1;0.20;
cadbury-trifle-twin-pack;Cadbury Trifle Twin Pack;£1.10/unit;£0.67/100g;Desserts & cream;desserts;260;4.8;22.5;18.7;15.3;10.0;0.7;0.25;
cadbury-triple-chocolate-roll;Cadbury Triple Chocolate Roll;£1.00/unit;£1.00/ea;Cakes;sponge-slab-loaf-cakes;405;4.6;59.7;43.9;15.7;9.6;2.3;0.50;
cadbury-twin-pot-buttons-90g;Cadbury Twin Pot Buttons 90g;£0.78/unit;£0.87/100g;Yogurts;rice-dessert-style-yogurts;245;4.4;27.5;26.6;13.0;8.3;0.6;0.25;
cadbury-twin-pot-dairy-milk-chunky-90g;Cadbury Twin Pot Dairy Milk Chunky 90g;£0.78/unit;£0.87/100g;Yogurts;rice-dessert-style-yogurts;250;4.4;27.1;26.3;13.5;8.6;0.6;0.25;
cadbury-twin-pot-flake-90g;Cadbury Twin Pot Flake 90g;£0.78/unit;£0.87/100g;Yogurts;rice-dessert-style-yogurts;240;4.4;26.6;22.9;12.6;8.0;0.6;0.25;
cadbury-twin-pot-limited-edition-90g;Cadbury Twin Pot Ltd Edition 90g;£0.78/unit;£0.87/100g;Yogurts;rice-dessert-style-yogurts;250;4.1;30.7;29.5;12.2;7.7;0.5;0.25;
cadbury-twirl-3pk-102g;Cadbury Twirl x3 102g;£1.50/unit;£1.47/100g;Confectionery;chocolate;535;7.6;56.5;56.0;31;19;0.8;0.25;
cadbury-twirl-43g;Cadbury Twirl 43g;£0.60/unit;£1.40/100g;Confectionery;chocolate;535;7.6;56.5;56.0;31.0;19.0;0.8;0.25;
cadbury-twirl-8x272g;Cadbury Twirl x7 272g;£2.50/unit;£1.05/100g;Confectionery;chocolate;535;7.6;56.5;56.0;31.0;19.0;0.8;0.25;
cadbury-twirl-bites-pouch-109g;Cadbury Twirl Bites Pouch 109g;£1.50/unit;£1.38/100g;Confectionery;chocolate;520;6.8;56.5;56.5;30.0;18.5;0.4;0.08;
cadbury-twirl-large-easter-egg-313g;Cadbury Twirl Large Easter Egg 313g;£3.00/unit;£1.06/100g;Confectionery;easter-eggs;530;7.6;56.5;56.0;30.5;18.5;0.7;0.23;
cadbury-twirl-treatsize-279g;Cadbury Twirl Treatsize 154g;£2.50/unit;£1.62/100g;Confectionery;chocolate;535;7.6;56.5;56.0;31.0;19.0;0.8;0.25;
cadbury-variety-large-easter-egg-277g;Cadbury Large Heroes Easter Egg 276g;£3.00/unit;£1.09/100g;Confectionery;easter-eggs;530;7.6;56.5;56.0;30.5;18.5;0.7;0.23;
cadbury-wispa-bar;Cadbury Wispa Bar;£0.60/unit;£0.60/ea;Confectionery;chocolate;550;7.3;52.5;52.5;34.0;21.0;1.0;0.23;
cadbury-wispa-biscuits-124g;Cadbury Wispa Biscuits 124g;£1.00/unit;£0.81/100g;Biscuits & crackers;chocolate-biscuits;505;7.6;59.1;38.3;26.0;13.8;2.6;0.4;
cadbury-wispa-gold-chocolate-bar-52g;Cadbury Wispa Gold Chocolate Bar 52g;£0.60/unit;£1.15/100g;Confectionery;chocolate;510;5.4;56;45.5;29.5;17;0.6;0.40;
cadbury-wispa-large-easter-egg-313g;Cadbury Wispa Large Easter Egg 313g;£3.00/unit;£1.09/100g;Confectionery;easter-eggs;530;7.6;56.5;56.0;30.5;18.5;0.7;0.23;
cadbury-wispa-x4-120g;Cadbury Wispa 3x30g;£1.50/unit;£1.67/100g;Confectionery;chocolate;550;7.3;52.5;52.5;34.0;21.0;1.0;0.23;
cadburys-boost-x3-145g;Cadbury's Boost x3 145g;£1.50/unit;£1.03/100g;Confectionery;chocolate;515;5.9;58.5;49.5;28.5;21.5;1.5;0.30;
cadburys-caramel-egg-single;Cadbury Caramel Egg 40g;£0.60/unit;£0.60/ea;Confectionery;chocolate;480;4.0;60;46.5;24.5;13.5;0.4;0.38;
cadburys-caramel-egg-single;Cadbury Caramel Egg 40g;£0.60/unit;£0.60/ea;Confectionery;easter-eggs;480;4.0;60;46.5;24.5;13.5;0.4;0.38;
cadburys-chocolate-mousse-4x45g;Cadbury Bubbles of Joy Mousse Chocolate 4x45g;£1.20/unit;£0.67/100g;Yogurts;rice-dessert-style-yogurts;200;6.0;25.6;21.4;8.1;5.7;0.1;0.1;
cadburys-creations-candy-shells-47g;Cadbury Marvellous Creations Jelly Popping Candy Shells 47g;£0.60/unit;£1.28/100g;Confectionery;chocolate;510;6.5;60.5;59.0;26.5;16.0;0.7;0.23;
cadburys-dairy-milk-caramel-x3-111g;Cadbury Dairy Milk Caramel 3x39g;£1.50/unit;£1.35/100g;Confectionery;chocolate;480;4.8;62.8;48.2;23.1;13.7;0.4;0.40;
cadburys-fab-fingers-honeycomb-110g;Cadbury Fab Fingers Honeycomb 110g;£1.50/unit;£1.36/100g;Biscuits & crackers;chocolate-biscuits;490;5.6;52.8;40.8;28.6;17.2;0.7;0.57;
cadburys-fab-fingers-honeycomb-110g;Cadbury Fab Fingers Honeycomb 110g;£1.50/unit;£1.36/100g;Confectionery;chocolate;490;5.6;52.8;40.8;28.6;17.2;0.7;0.57;
cadburys-mini-egg-carton-45g;Cadbury Mini Egg Carton 41g;£0.60/unit;£1.45/100g;Confectionery;chocolate;null;null;null;null;null;null;null;null;
cadburys-mini-egg-carton-45g;Cadbury Mini Egg Carton 41g;£0.60/unit;£1.45/100g;Confectionery;easter-eggs;null;null;null;null;null;null;null;null;
cadburys-mousse-ltd-edition-4x45g;Cadbury Bubbles of Joy Mousse Ltd Edition 4x45g;£1.20/unit;£0.67/100g;Yogurts;rice-dessert-style-yogurts;200;6.0;25.6;21.4;8.1;5.7;0.1;0.1;
cadburys-oreo-egg-278g;Cadbury's Oreo Egg 278g;£3.00/unit;£1.08/100g;Confectionery;easter-eggs;530;7.6;56.5;56;30.5;18.5;0.7;0.23;
cadburys-peanut-brunch-bar-192g;Cadbury Peanut Brunch Bar 192g;£1.75/unit;£0.91/100g;Biscuits & crackers;biscuits-crackers-kids-lunchbox;460;7.8;59.5;35.5;20.0;9.0;4.9;0.57;
cadburys-peanut-brunch-bar-192g;Cadbury Peanut Brunch Bar 192g;£1.75/unit;£0.91/100g;Biscuits & crackers;cereal-bars-breakfast-biscuits;460;7.8;59.5;35.5;20.0;9.0;4.9;0.57;
cadburys-peanut-brunch-bar-192g;Cadbury Peanut Brunch Bar 192g;£1.75/unit;£0.91/100g;Breakfast cereals;breakfast-cereal-bars-breakfast-biscuits;460;7.8;59.5;35.5;20.0;9.0;4.9;0.57;
cadburys-pot-of-joy-caramel-2x70g;Cadbury Dessert Milk Chocolate & Caramel 2x70g;£1.30/unit;£0.93/100g;Yogurts;luxury-yogurts;215;2.5;27.1;26;10.5;7.6;0.1;0.2;
cadburys-pot-of-joy-caramel-2x70g;Cadbury Dessert Milk Chocolate & Caramel 2x70g;£1.30/unit;£0.93/100g;Yogurts;rice-dessert-style-yogurts;215;2.5;27.1;26;10.5;7.6;0.1;0.2;
cadburys-pot-of-joy-dairymilk-2x70g;Cadbury Dessert Milk Chocolate 2x70g;£1.30/unit;£0.93/100g;Yogurts;luxury-yogurts;225;4.2;25.6;24.6;11.7;7.2;0.1;0.1;
cadburys-pot-of-joy-dairymilk-2x70g;Cadbury Dessert Milk Chocolate 2x70g;£1.30/unit;£0.93/100g;Yogurts;rice-dessert-style-yogurts;225;4.2;25.6;24.6;11.7;7.2;0.1;0.1;
calin--strawberry-yogurt-4x125g;Calin+ Strawberry Yogurt 4x125g;£1.75/unit;£0.35/100g;Yogurts;active-health-yogurts-drinks;90;3.0;12.9;12.5;2.5;1.7;0.2;0.12;
calin-apricot-yogurt-4x125g;Calin+ Apricot Yogurt 4x125g;£1.75/unit;£0.35/100g;Yogurts;active-health-yogurts-drinks;93;3.1;13.1;12.7;2.5;1.7;0.2;0.11;
calippo-mini-ice-lollies--orange--lemon---lime-6x80ml;Calippo Mini Ice Lollies, Orange, Lemon & Lime 6x80ml;£2.25/unit;£0.47/100ml;Ice cream & desserts;lollies-bars-cones;95;0.5;23;19;0.5;0.5;null;0.013;
camp-chicory---coffee-essence-liquid-241ml;Camp Chicory & Coffee Essence Liquid 241ml;£1.70/unit;£0.71/100ml;Sugar & home baking;baking-ingredients---colourings;null;null;null;null;null;null;null;null;
campbells-condensed-cream-of-chicken-soup-295g;Campbell's Condensed Cream Of Chicken Soup 295g;£0.90/unit;£0.31/100g;Canned, tinned & packaged foods;soups;48;0.9;3.4;0.4;3.4;0.4;0.1;0.58;
campbells-condensed-cream-of-mushroom-soup-294g;Campbell's Condensed Cream of Mushroom Soup 294g;£0.90/unit;£0.31/100g;Canned, tinned & packaged foods;soups;44;0.6;3.0;0.5;3.4;0.4;0.1;0.58;
campbells-condensed-cream-of-tomato-soup-294g;Campbell's Condensed Cream Of Tomato Soup 294g;£0.90/unit;£0.31/100g;Canned, tinned & packaged foods;soups;79;1.5;10.0;7.2;3.4;0.4;1.7;0.58;
canderel-artificial-sweetener-tablets--refill-pack-x500;Canderel Artificial Sweetener Tablets, Refill pack x500;£4.80/unit;£0.10/10tblt;Sugar & home baking;sugar-sweeteners;null;null;null;null;null;null;null;null;
canderel-artificial-sweetener-tablets-x100;Canderel Artificial Sweetener Tablets x100;£1.25/unit;£0.13/10tblt;Sugar & home baking;sugar-sweeteners;null;null;null;null;null;null;null;null;
canderel-artificial-sweetener-tablets-x300;Canderel Artificial Sweetener Tablets x300;£2.00/unit;£0.07/10tblt;Sugar & home baking;sugar-sweeteners;null;null;null;null;null;null;null;null;
canderel-spoonful-artificial-sweetener-40g;Canderel Spoonful Artificial Sweetener 40g;£1.40/unit;£35.00/kg;Sugar & home baking;sugar-sweeteners;null;null;null;null;null;null;null;null;
canderel-spoonful-artificial-sweetener-75g;Canderel Spoonful Artificial Sweetener 75g;£2.00/unit;£26.67/kg;Sugar & home baking;sugar-sweeteners;null;null;null;null;null;null;null;null;
carmans-original-fruit-cereal-bars-x4;Carman's Original Fruit Cereal Bars x4;£2.40/unit;£1.33/100g;Biscuits & crackers;cereal-bars-breakfast-biscuits;null;8.3;54.3;19.9;15.3;1.6;9.6;null;
carmans-original-fruit-cereal-bars-x4;Carman's Original Fruit Cereal Bars x4;£2.40/unit;£1.33/100g;Breakfast cereals;breakfast-cereal-bars-breakfast-biscuits;null;8.3;54.3;19.9;15.3;1.6;9.6;null;
carnation-caramel-397g;Carnation Caramel 397g;£1.60/unit;£0.40/100g;Fruit & desserts;dessert-milk-cream;301;5.5;56.2;56.2;6.0;3.5;0.0;0.15;
carnation-condensed-milk-397g;Carnation Condensed Milk 397g;£1.45/unit;£0.37/100g;Fruit & desserts;dessert-milk-cream;325;7.3;56.0;56.0;8.0;5.2;0.0;0.43;
carnation-cook-with-chocolate-filling---topping-363g;Carnation Cook with Chocolate Filling & Topping 363g;£1.50/unit;£0.41/100g;Fruit & desserts;sauces-toppings;353;4.9;50.6;48.9;14.1;8.5;2.0;0.08;
carnation-evaporated-milk--lite-410g;Carnation Evaporated Milk, Lite 410g;£1.20/unit;£0.29/100g;Fruit & desserts;dessert-milk-cream;108;6.9;11.0;11.0;4.0;2.7;0.0;0.30;
carnation-evaporated-milk-170g;Carnation Evaporated Milk 170g;£0.65/unit;£0.38/100g;Fruit & desserts;dessert-milk-cream;160;7.7;12.0;12.0;9.0;6.1;0.0;0.33;
carnation-evaporated-milk-410g;Carnation Evaporated Milk 410g;£1.20/unit;£0.29/100g;Fruit & desserts;dessert-milk-cream;160;7.7;12.0;12.0;9.0;6.1;0.0;0.33;
carnation-extra-thick-cream-170g;Carnation Extra Thick Cream 170g;£0.80/unit;£0.47/100g;Fruit & desserts;dessert-milk-cream;236;2.8;3.6;3.6;23.4;15.7;0.0;0.15;
carnation-light-condensed-milk-405g;Carnation Light Condensed Milk 405g;£1.45/unit;£0.36/100g;Fruit & desserts;dessert-milk-cream;279;8.9;60.5;60.5;0.2;0.1;0.0;0.33;
carotino-red-palm---canola-oil-500ml;Carotino Red Palm & Canola Oil 500ml;£2.00/unit;£0.40/100ml;Cooking ingredients & oils;oils;null;null;null;null;null;null;null;null;
carousel-21-ice-cream-cones-146g;Carousel Ice Cream Cones x21;£1.10/unit;£0.75/100g;Fruit & desserts;ice-cream-cones-wafers;null;9.3;80.7;1.8;3.7;1.8;1.7;0.4;
carousel-21-ice-cream-cones-146g;Carousel Ice Cream Cones x21;£1.10/unit;£0.75/100g;Ice cream & desserts;wafers-sauces-toppings;null;9.3;80.7;1.8;3.7;1.8;1.7;0.4;
carousel-continental-cornets-6x10;Carousel Waffle Ice Cream Cornets x10;£1.30/unit;£0.66/100g;Fruit & desserts;ice-cream-cones-wafers;null;6.6;84.4;null;3.5;null;null;null;
carousel-continental-cornets-6x10;Carousel Waffle Ice Cream Cornets x10;£1.30/unit;£0.66/100g;Ice cream & desserts;wafers-sauces-toppings;null;6.6;84.4;null;3.5;null;null;null;
carousel-dipped-waffle-cones-x6;Carousel Ice Cream Dipped Waffle Cones x6;£1.45/unit;£0.91/100g;Fruit & desserts;ice-cream-cones-wafers;null;6.2;70.6;null;14.8;null;null;null;
carousel-dipped-waffle-cones-x6;Carousel Ice Cream Dipped Waffle Cones x6;£1.45/unit;£0.91/100g;Ice cream & desserts;wafers-sauces-toppings;null;6.2;70.6;null;14.8;null;null;null;
carousel-fan-wafers-12x12;Carousel Ice Cream Double Fan Wafers x12;£1.10/unit;£1.15/100g;Fruit & desserts;ice-cream-cones-wafers;427;6.9;83.6;38.8;7.7;5.3;2.1;0.45;
carousel-fan-wafers-12x12;Carousel Ice Cream Double Fan Wafers x12;£1.10/unit;£1.15/100g;Ice cream & desserts;wafers-sauces-toppings;427;6.9;83.6;38.8;7.7;5.3;2.1;0.45;
carousel-ice-cream-wafers--nougat-x6;Carousel Ice Cream Nougat Wafers x6;£1.10/unit;£0.14/ea;Fruit & desserts;ice-cream-cones-wafers;398;4.7;69.3;50.0;11.1;9.1;1.2;0.2;
carousel-ice-cream-wafers--nougat-x6;Carousel Ice Cream Nougat Wafers x6;£1.10/unit;£0.14/ea;Ice cream & desserts;wafers-sauces-toppings;398;4.7;69.3;50.0;11.1;9.1;1.2;0.2;
carousel-ice-cream-wafers--oyster-delights-x6;Carousel Ice Cream Oyster Delight Wafers x6;£1.10/unit;£0.18/ea;Fruit & desserts;ice-cream-cones-wafers;null;4.7;61.5;null;21.1;null;null;null;
carousel-ice-cream-wafers--oyster-delights-x6;Carousel Ice Cream Oyster Delight Wafers x6;£1.10/unit;£0.18/ea;Ice cream & desserts;wafers-sauces-toppings;null;4.7;61.5;null;21.1;null;null;null;
carousel-little-bear-cones-12-100g;Carousel Ice Cream Little Bear Cones x12;£1.10/unit;£1.10/100g;Fruit & desserts;ice-cream-cones-wafers;null;null;null;null;null;null;null;null;
carousel-little-bear-cones-12-100g;Carousel Ice Cream Little Bear Cones x12;£1.10/unit;£1.10/100g;Ice cream & desserts;wafers-sauces-toppings;null;null;null;null;null;null;null;null;
carousel-sponge-cookies;Carousel Ice Cream Sponge Cookies x6;£1.45/unit;£1.23/100g;Fruit & desserts;ice-cream-cones-wafers;426;7.2;62.0;33.4;16.9;6.3;1.4;1.9;
carousel-sponge-cookies;Carousel Ice Cream Sponge Cookies x6;£1.45/unit;£1.23/100g;Ice cream & desserts;wafers-sauces-toppings;426;7.2;62.0;33.4;16.9;6.3;1.4;1.9;
carrs-breadmaker-flour--wholemeal-15kg;Carrs Breadmaker Wholemeal Flour 1.5kg;£1.60/unit;£1.07/kg;Sugar & home baking;flour;316;15.2;58.9;2.1;2.2;0.4;9.0;0;
carrs-breadmaker-flour-strong-white-15kg;Carrs Breadmaker Strong White Flour 1.5kg;£1.60/unit;£1.07/kg;Sugar & home baking;flour;340;13.2;68.7;1.4;1.4;0.3;3.0;0;
carrs-melts--cheese-150g;Carr's Melts, Cheese 150g;£1.50/unit;£1.00/100g;Biscuits & crackers;crackers-savoury-biscuits;493;10.8;59.6;8.0;22.9;16.2;2.5;2.2;
carrs-melts-150g;Carr's Melts 150g;£1.50/unit;£1.00/100g;Biscuits & crackers;crackers-savoury-biscuits;476;9.6;58.0;6.9;21.7;15.1;5.2;2.5;
carrs-table-water-black-pepper-125g;Carr's Table Water Black Pepper 125g;£1.00/unit;£0.80/100g;Biscuits & crackers;crackers-savoury-biscuits;417;10.1;74.7;1.6;7.6;3.3;4.2;1.5;
carrs-water-biscuits--large-200g;Carr's Water Biscuits, Large 200g;£1.50/unit;£0.75/100g;Biscuits & crackers;crackers-savoury-biscuits;412;10.0;73.9;1.6;7.6;3.3;4.2;1.5;
carrs-water-biscuits-125g;Carr's Water Biscuits 125g;£1.00/unit;£0.80/100g;Biscuits & crackers;crackers-savoury-biscuits;417;10.1;74.7;1.6;7.7;3.3;4.2;1.5;
carte-dor-chocolate-hazelnut-900ml;Carte D'Or Ice Cream Dessert Praline 900ml;£2.00/unit;£0.22/100ml;Ice cream & desserts;ice-cream-tubs;null;null;null;null;null;null;null;null;
carte-dor-classic-caramel-900ml;Carte D'or Ice Cream Classic Caramel 900ml;£2.00/unit;£0.22/100ml;Ice cream & desserts;ice-cream-tubs;null;null;null;null;null;null;null;null;
carte-dor-gelateria-caffe-latte-900ml;Carte D'or Ice Cream Gelateria Caffe Latte 900ml;£2.00/unit;£0.22/100ml;Ice cream & desserts;ice-cream-tubs;null;null;null;null;null;null;null;null;
carte-dor-gelateria-chocolate-inspiration-900ml;Carte D'or Ice Cream Gelateria Chocolate Inspiration 900ml;£2.00/unit;£0.22/100ml;Ice cream & desserts;ice-cream-tubs;130;2;17;16;5;4.5;null;0.087;
carte-dor-gelateria-eton-mess-900ml;Carte D'or Ice Cream Gelateria Eton Mess 900ml;£2.00/unit;£0.22/100ml;Ice cream & desserts;ice-cream-tubs;null;null;null;null;null;null;null;null;
carte-dor-gelateria-mascarpone-900ml;Carte D'or Ice Cream Gelateria Mascarpone 900ml;£2.00/unit;£0.22/100ml;Ice cream & desserts;ice-cream-tubs;null;null;null;null;null;null;null;null;
carte-dor-gelateria-salted-caramel-900ml;Carte D'or Ice Cream Gelateria Salted Caramel 900ml;£2.00/unit;£0.22/100ml;Ice cream & desserts;ice-cream-tubs;null;null;null;null;null;null;null;null;
carte-dor-ice-cream--vanilla-900ml;Carte D'Or Ice Cream Vanilla 900ml;£2.00/unit;£0.22/100ml;Ice cream & desserts;ice-cream-tubs;100;1.5;15;12;3.5;3.5;null;0.074;
carte-dor-rum---raisins-900ml;Carte D'Or Ice Cream Rum & Raisins 900ml;£2.00/unit;£0.22/100ml;Ice cream & desserts;ice-cream-tubs;100;1;12;11;4;2.5;null;0.068;
carte-dor-strawberry-900ml;Carte D'Or Ice Cream Strawberry 900ml;£2.00/unit;£0.22/100ml;Ice cream & desserts;ice-cream-tubs;100;1.5;14;13;4;3.5;null;0.081;
carte-dor-vanilla-light-900ml;Carte D'Or Ice Cream Vanilla Light 900ml;£2.00/unit;£0.22/100ml;Ice cream & desserts;ice-cream-tubs;70;1;11;11;2;2;null;0.081;
castle-maclellan-orkney-crab-p%C3%A2t%C3%A9-113g;Castle MacLellan Orkney Crab Pâté 113g;£1.65/unit;£1.46/100g;Cooked meats & snacking;mfp-pate;199;9.7;8.8;2.0;13.8;5.6;null;1.3;
castle-maclellan-orkney-crab-p%C3%A2t%C3%A9-113g;Castle MacLellan Orkney Crab Pâté 113g;£1.65/unit;£1.46/100g;Cooked meats, pate & sandwich fillers;pate;199;9.7;8.8;2.0;13.8;5.6;null;1.3;
castle-maclellan-orkney-crab-p%C3%A2t%C3%A9-113g;Castle MacLellan Orkney Crab Pâté 113g;£1.65/unit;£1.46/100g;Fish & seafood;canapes-snacking;199;9.7;8.8;2.0;13.8;5.6;null;1.3;
castle-maclellan-orkney-crab-p%C3%A2t%C3%A9-113g;Castle MacLellan Orkney Crab Pâté 113g;£1.65/unit;£1.46/100g;Fish & seafood;prawns-shellfish;199;9.7;8.8;2.0;13.8;5.6;null;1.3;
cathedral-city-baked-bites-mini-biscuits-x5-110g;Cathedral City Baked Bites Mini Biscuits x5 110g;£1.60/unit;£1.28/100g;Biscuits & crackers;biscuits-crackers-kids-lunchbox;495;13.7;49.3;4.9;26.0;10.1;4.6;2.15;
cathedral-city-baked-bites-mini-biscuits-x5-110g;Cathedral City Baked Bites Mini Biscuits x5 110g;£1.60/unit;£1.28/100g;Biscuits & crackers;crackers-savoury-biscuits;495;13.7;49.3;4.9;26.0;10.1;4.6;2.15;
cathedral-city-cheddar--wedge-200g;Cathedral City Cheddar, Wedge 200g;£2.75/unit;£13.75/kg;Cheese;cheddar-british-regional-cheese;416;25.4;0.1;0.1;34.9;21.7;null;1.8;
cathedral-city-chedds-nibbles-96g;Cathedral City Chedds Nibbles 96g;£2.00/unit;£20.83/kg;Cheese;snacking-lunchbox-cheese;416;25.4;0.1;0.1;34.9;21.7;null;1.8;
cathedral-city-chedds-shapes-80g;Cathedral City Chedds Shapes 80g;£2.00/unit;£25.00/kg;Cheese;snacking-lunchbox-cheese;416;25.4;0.1;0.1;34.9;21.7;null;1.8;
cathedral-city-chedds-towers-108g;Cathedral City Chedds Towers 108g;£2.00/unit;£18.52/kg;Cheese;snacking-lunchbox-cheese;416;25.4;0.1;0.1;34.9;21.7;null;1.8;
cathedral-city-cheese-toasties-87g;Cathedral City Chedds Cheese & Toasties 3x29g;£2.00/unit;£22.99/kg;Cheese;snacking-lunchbox-cheese;414;19.3;32.4;2.3;22.7;13.6;null;1.4;
cathedral-city-extra-mature-cheddar-350g;Cathedral City Extra Mature Cheddar 350g;£3.50/unit;£10.00/kg;Cheese;cheddar-british-regional-cheese;416;25.4;0.1;0.1;34.9;21.7;null;1.8;
cathedral-city-lighter-350g;Cathedral City Lighter Cheddar 350g;£3.50/unit;£10.00/kg;Cheese;cheddar-british-regional-cheese;311;28.6;0.1;0.1;21.8;14.9;null;1.8;
cathedral-city-lighter-350g;Cathedral City Lighter Cheddar 350g;£3.50/unit;£10.00/kg;Cheese;cottage-cheese---healthier-choice;311;28.6;0.1;0.1;21.8;14.9;null;1.8;
cathedral-city-lighter-cheddar-550g;Cathedral City Lighter Cheddar 550g;£4.00/unit;£7.27/kg;Cheese;cheddar-british-regional-cheese;311;28.6;0.1;0.1;21.8;14.9;null;1.8;
cathedral-city-lighter-cheddar-550g;Cathedral City Lighter Cheddar 550g;£4.00/unit;£7.27/kg;Cheese;cottage-cheese---healthier-choice;311;28.6;0.1;0.1;21.8;14.9;null;1.8;
cathedral-city-lunch-pack-with-jacobs-crackers---branstons-pickle-122g;Cathedral City Lunch Pack With Jacob's Crackers & Branstons Pickle 122g;£1.75/unit;£14.34/kg;Cheese;snacking-lunchbox-cheese;322;13.3;26.2;8.3;17.9;10;null;2.4;
cathedral-city-mature-350g;Cathedral City Mature Cheddar 350g;£3.50/unit;£10.00/kg;Cheese;cheddar-british-regional-cheese;416;25.4;0.1;0.1;34.9;21.7;null;1.8;
cathedral-city-mature-cheddar-family-pack-550g;Cathedral City Mature Cheddar 550g;£4.00/unit;£7.27/kg;Cheese;cheddar-british-regional-cheese;416;25.4;0.1;0.1;34.9;21.7;null;1.8;
cathedral-city-mature-minis-120g;Cathedral City Mature Cheddar Minis 120g;£1.65/unit;£13.75/kg;Cheese;cheddar-british-regional-cheese;416;25.4;0.1;0.1;34.9;21.7;null;1.8;
cathedral-city-mature-minis-120g;Cathedral City Mature Cheddar Minis 120g;£1.65/unit;£13.75/kg;Cheese;snacking-lunchbox-cheese;416;25.4;0.1;0.1;34.9;21.7;null;1.8;
cathedral-city-mature-slices-150g;Cathedral City Mature Cheddar Slices 150g;£2.00/unit;£13.33/kg;Cheese;cheddar-british-regional-cheese;416;25.4;0.1;0.1;34.9;21.7;null;1.8;
cathedral-city-mature-slices-150g;Cathedral City Mature Cheddar Slices 150g;£2.00/unit;£13.33/kg;Cheese;sliced-grated-cheese;416;25.4;0.1;0.1;34.9;21.7;null;1.8;
cathedral-city-mild-350g;Cathedral City Mild Cheddar 350g;£3.50/unit;£10.00/kg;Cheese;cheddar-british-regional-cheese;416;25.4;0.1;0.1;34.9;21.7;0;null;
cathedral-city-mild-cheddar-550g;Cathedral City Mild Cheddar 550g;£4.00/unit;£7.27/kg;Cheese;cheddar-british-regional-cheese;416;25.4;0.1;0.1;34.9;21.7;null;1.8;
cathedral-city-selections-variety-cheddar-168g;Cathedral City Selections Variety Cheddar 168g;£3.00/unit;£17.86/kg;Cheese;cheddar-british-regional-cheese;416;25.4;0.1;0.1;34.9;21.7;null;1.8;
cathedral-city-selections-variety-cheddar-168g;Cathedral City Selections Variety Cheddar 168g;£3.00/unit;£17.86/kg;Cheese;snacking-lunchbox-cheese;416;25.4;0.1;0.1;34.9;21.7;null;1.8;
cathedral-city-vintage-cheddar-300g;Cathedral City Vintage Cheddar 300g;£3.50/unit;£11.67/kg;Cheese;cheddar-british-regional-cheese;416;25.4;0.1;0.1;34.9;21.7;null;1.8;
cauldron-cumberland-sausages-x6-276g;Cauldron Cumberland Sausages x6 276g;£2.20/unit;£7.97/kg;Vegetarian & meat free;deli-meat-alternatives;163;14.0;6.5;1.0;8.6;0.8;2.0;1.3;
cauldron-falafels-200g;Cauldron Falafels 200g;£2.00/unit;£10.00/kg;Coleslaw, olives, salads & dips;olives-tapas-antipasti;268;7.5;25.0;4.0;14.0;1.7;6.0;0.4;
cauldron-falafels-200g;Cauldron Falafels 200g;£2.00/unit;£10.00/kg;Vegetarian & meat free;deli-meat-alternatives;268;7.5;25.0;4.0;14.0;1.7;6.0;0.4;
cauldron-lincolnshire-sausages-x6-276g;Cauldron Lincolnshire Sausages x6 276g;£2.20/unit;£7.97/kg;Vegetarian & meat free;deli-meat-alternatives;182;16.1;5.5;1.3;9.8;0.8;3.6;1.3;
cauldron-marinated-tofu-pieces-160g;Cauldron Marinated Tofu Pieces 160g;£2.20/unit;£13.75/kg;Vegetarian & meat free;deli-meat-alternatives;232;17.5;1.0;1.0;17.0;2.5;2.7;1.5;
cauldron-moroccan-falafels-180g;Cauldron Moroccan Falafels 180g;£2.20/unit;£12.22/kg;Coleslaw, olives, salads & dips;olives-tapas-antipasti;239;6.0;36.0;6.5;6.5;0.8;6.0;0.8;
cauldron-moroccan-falafels-180g;Cauldron Moroccan Falafels 180g;£2.20/unit;£12.22/kg;Vegetarian & meat free;deli-meat-alternatives;239;6.0;36.0;6.5;6.5;0.8;6.0;0.8;
cauldron-original-tofu-396g;Cauldron Original Tofu 396g;£2.00/unit;£5.05/kg;Vegetarian & meat free;deli-meat-alternatives;76;8.5;2.3;0.8;3.5;0.8;0.6;0;
cavendish---harvey-fruit-drops-tin-200g;Cavendish & Harvey Fruit Drops Tin 200g;£1.80/unit;£0.90/100g;Confectionery;sweets;null;null;null;null;null;null;null;null;
caxtons-pink---whites-85g;Caxton's Pink & Whites 85g;£0.50/unit;£0.59/100g;Biscuits & crackers;biscuits-crackers-kids-lunchbox;350;5.7;78.7;51.4;0.8;0.3;2.1;0.18;
caxtons-pink---whites-85g;Caxton's Pink & Whites 85g;£0.50/unit;£0.59/100g;Biscuits & crackers;everyday-biscuits-shortbread;350;5.7;78.7;51.4;0.8;0.3;2.1;0.18;
celebrations-8-famous-chocolate-brands-245g;Celebrations 245g;£3.00/unit;£1.22/100g;Confectionery;chocolate;497;5.6;61.7;54.7;25.0;14.6;null;0.39;
celebrations-8-famous-chocolate-brands-245g;Celebrations 245g;£3.00/unit;£1.22/100g;Confectionery;gifting-boxed-chocolate;497;5.6;61.7;54.7;25.0;14.6;null;0.39;
celebrations-large-egg-268g;Celebrations Large Egg 268g;£3.00/unit;£1.12/100g;Confectionery;easter-eggs;529;7.0;59.2;58.7;28.9;17.3;null;0.26;
celebrations-mini-pack-70g;Celebrations Mini Pack 70g;£1.50/unit;£2.14/100g;Confectionery;chocolate;497;5.6;61.7;54.7;24.9;14.6;null;0.39;
celebrations-mini-pack-70g;Celebrations Mini Pack 70g;£1.50/unit;£2.14/100g;Confectionery;gifting-boxed-chocolate;497;5.6;61.7;54.7;24.9;14.6;null;0.39;
cerebos-iodised-salt-400g;Cerebos Iodised Salt 400g;£0.75/unit;£1.88/kg;Cooking ingredients & oils;salt-pepper;null;null;null;null;null;null;null;null;
certo-apple-pectin-extract-250g;Certo Apple Pectin Extract 250g;£2.30/unit;£9.20/kg;Sugar & home baking;sugar-sweeteners;null;null;null;null;null;null;null;null;
charlie-bighams-chicken---mushroom-pie-600g;Charlie Bigham's Chicken & Mushroom Pie 600g;£7.00/unit;£11.67/kg;Ready meals;british-ready-meals;239;6.6;13.8;1.0;18.0;8.5;null;0.43;
charlie-bighams-chilli-con-carne-840g;Charlie Bigham's Chilli Con Carne 840g;£7.00/unit;£8.33/kg;Ready meals;mexican-caribbean-american-ready-meals;131;6.0;14.7;1.4;5.3;1.6;null;0.5;
charlie-bighams-cottage-pie-650g;Charlie Bigham's Cottage Pie 650g;£7.00/unit;£10.77/kg;Ready meals;british-ready-meals;155;8.8;8.6;1.4;9.0;3.9;null;0.58;
charlie-bighams-fish-pie-655g;Charlie Bigham's Fish Pie 655g;£7.00/unit;£10.53/kg;Ready meals;british-ready-meals;133;7.6;9.6;1.5;7.4;4.0;null;0.7;
charlie-bighams-korma-810g;Charlie Bigham's Chicken Korma 810g;£7.00/unit;£8.64/kg;Ready meals;indian-ready-meals;152;6.3;13.5;2.2;8.2;4.6;null;0.7;
charlie-bighams-lasagne-690g;Charlie Bigham's Lasagne 690g;£7.00/unit;£10.14/kg;Ready meals;italian-ready-meals;162;8.5;11.3;2.2;8.5;4.0;null;0.50;
charlie-bighams-macaroni-cheese-with-pancetta-670g;Charlie Bigham's Macaroni Cheese with Pancetta 670g;£7.00/unit;£10.45/kg;Ready meals;italian-ready-meals;202;9.5;15.3;2.0;11.2;7.1;null;0.85;
charlie-bighams-meatballs-al-forno-650g;Charlie Bigham's Meatballs Al Forno 650g;£7.00/unit;£10.77/kg;Ready meals;italian-ready-meals;164;7.0;11.5;4.1;10.0;2.6;null;1.18;
charlie-bighams-moussaka-655g;Charlie Bigham's Moussaka 655g;£7.00/unit;£10.69/kg;Ready meals;mediterranean-other-cuisine-ready-meals;121;7.0;7.0;2.2;7.4;2.8;null;0.34;
charlie-bighams-paella-700g;Charlie Bigham's Paella 700g;£7.00/unit;£10.00/kg;Ready meals;mediterranean-other-cuisine-ready-meals;107;6.9;7.1;2.5;5.1;0.9;null;0.90;
charlie-bighams-steak---ale-pies-x2;Charlie Bigham's Steak & Ale Pies x2 600g;£7.00/unit;£11.67/kg;Pies, pasties & quiche;hot-cold-pies;247;15.3;15.1;0.8;14.9;7.0;null;1.03;
charlie-bighams-tikka-masala-805g;Charlie Bigham's Chicken Tikka Masala 805g;£7.00/unit;£8.70/kg;Ready meals;indian-ready-meals;165;6.0;14.2;2.5;9.3;5.1;null;0.6;
cheese-twist;Sainsbury's Cheese Twist;£0.75/unit;£0.75/ea;From our in store bakery;rolls-bagels-from-our-bakery;null;null;null;null;null;null;null;null;
cheese-twist;Sainsbury's Cheese Twist;£0.75/unit;£0.75/ea;Rolls;rolls;null;null;null;null;null;null;null;null;
cheestrings-original-12x20g;Cheestrings Original 12x20g;£4.00/unit;£16.67/kg;Cheese;snacking-lunchbox-cheese;304;23;2.5;1;22.5;14.2;null;1.9;
cheestrings-original-4x20g;Cheestrings Original 4x20g;£1.65/unit;£20.63/kg;Cheese;snacking-lunchbox-cheese;304;23;2.5;1;22.5;14.2;null;1.9;
cheestrings-original-8x20g;Cheestrings Original 8x20g;£3.00/unit;£18.75/kg;Cheese;snacking-lunchbox-cheese;304;23;2.5;1;22.5;14.2;null;1.9;
cheestrings-spaghetti-4x17g;Cheestrings Spaghetti 4x17g;£1.77/unit;£26.03/kg;Cheese;snacking-lunchbox-cheese;328;28;0;0;24;14.8;0;1.9;
cheestrings-twisted-12x20g;Cheestrings Twisted 12x20g;£4.00/unit;£16.67/kg;Cheese;snacking-lunchbox-cheese;304;23;2.5;1;22.5;14.2;null;1.9;
cheestrings-twisted-4x20g;Cheestrings Twisted 4x20g;£1.65/unit;£20.63/kg;Cheese;snacking-lunchbox-cheese;304;23;2.5;1;22.5;14.2;null;1.9;
cheestrings-twisted-8x20g;Cheestrings Twisted 8x20g;£3.00/unit;£18.75/kg;Cheese;snacking-lunchbox-cheese;304;23;2.5;1;22.5;14.2;null;1.9;
cherrygood-juice-1l;Cherrygood Juice 1L;£2.60/unit;£0.26/100ml;Chilled fruit juice & smoothies;chilled-fruit-juice;43;0;10.4;10.4;0;0;null;0;
cherrygood-light-1-l;Cherrygood Juice Light 1 L;£1.40/unit;£0.14/100ml;Chilled fruit juice & smoothies;chilled-fruit-juice;24;0;5.7;5.7;0;0;null;0;
chesswood-creamed-mushrooms-283g;Chesswood Creamed Mushrooms 283g;£0.90/unit;£3.18/kg;Canned, tinned & packaged foods;canned-tinned-packaged-vegetables;83;1.0;7.2;0.8;5.6;1.7;0.5;0.6;
chevington-sliced-mild-cheddar-200g;Chevington Sliced Mild Cheddar 200g;£2.15/unit;£1.08/100g;Cheese;cheddar-british-regional-cheese;null;25.0;0.1;null;34.4;null;null;null;
chevington-sliced-mild-cheddar-200g;Chevington Sliced Mild Cheddar 200g;£2.15/unit;£1.08/100g;Cheese;healthier-choice-special-diet-cheese;null;25.0;0.1;null;34.4;null;null;null;
chevington-sliced-mild-cheddar-200g;Chevington Sliced Mild Cheddar 200g;£2.15/unit;£1.08/100g;Cheese;sliced-grated-cheese;null;25.0;0.1;null;34.4;null;null;null;
chevington-sliced-mild-cheddar-200g;Chevington Sliced Mild Cheddar 200g;£2.15/unit;£1.08/100g;World foods, kosher & halal;kosher-chilled-foods;null;25.0;0.1;null;34.4;null;null;null;
chewits-extreme-chewmix-bag-180g;Chewits Extreme Chewmix Bag 180g;£1.30/unit;£0.72/100g;Confectionery;sweets;380;0;86;49;3;1.9;null;0.2;
chewits-extreme-sour-apple-single;Chewits Extreme Sour Apple Single;£0.35/unit;£0.35/ea;Confectionery;sweets;380;0;86;49;3;1.9;null;0.2;
chewits-strawberry-stick-pack-30g;Chewits Strawberry Stick Pack 30g;£0.35/unit;£1.17/100g;Confectionery;sweets;383;0;88;50;3;2;null;0.2;
chicago-town-garlic-dough-balls-145g;Chicago Town Garlic Dough Balls 145g;£2.00/unit;£13.79/kg;Pizza & garlic bread;frozen-pizza-garlic-bread;378;8.4;42.3;2.7;18.9;10.3;null;0.87;
chicago-town-subs-cheese---tomato-250g;Chicago Town Subs Cheese & Tomato 250g;£1.60/unit;£6.40/kg;Pizza & garlic bread;frozen-pizza-garlic-bread;230;7.3;29;3.3;8.7;2.6;null;1.3;
chicago-town-subs-meat-feast-250g;Chicago Town Subs Meat Supreme 250g;£1.60/unit;£6.40/kg;Pizza & garlic bread;frozen-pizza-garlic-bread;232;8.5;29;3.2;8.5;2.8;null;1.5;
chicago-town-takeaway-four-cheese-pizza-630g;Chicago Town Takeaway Four Cheese Pizza 630g;£3.90/unit;£6.19/kg;Pizza & garlic bread;frozen-pizza-garlic-bread;292;12;33;2.6;12;7.0;null;1.2;
chicago-town-takeaway-ltd-edition-655g;Chicago Town Takeaway Ltd Edition 655g;£3.90/unit;£6.14/kg;Pizza & garlic bread;frozen-pizza-garlic-bread;275;12;35;3.0;9.3;5.1;null;1.1;
chicago-town-takeaway-pepperoni-pizza-645g;Chicago Town Takeaway Pepperoni Pizza 645g;£3.90/unit;£6.05/kg;Pizza & garlic bread;frozen-pizza-garlic-bread;300;11;34;2.8;13;6.7;null;1.4;
chicago-town-takeaway-sloppy-joe-525g;Chicago Town Takeaway Sloppy Joe 525g;£3.90/unit;£7.43/kg;Pizza & garlic bread;frozen-pizza-garlic-bread;267;11;32;2.7;9.9;5.6;null;1.2;
chicago-town-the-deep-dish-four-cheese-pizzas-2x155g;Chicago Town Deep Dish Four Cheese Pizzas 2x155g;£2.00/unit;£6.45/kg;Pizza & garlic bread;frozen-pizza-garlic-bread;292;12;33;1.6;12;4.8;null;0.9;
chicago-town-the-deep-dish-ham---pineapple-pizzas-2x165g;Chicago Town Deep Dish Ham & Pineapple Pizzas 2x165g;£2.00/unit;£6.06/kg;Pizza & garlic bread;frozen-pizza-garlic-bread;250;10;32;2.3;8.9;2.8;null;0.85;
chicago-town-the-deep-dish-pepperoni-pizzas-2x160g;Chicago Town Deep Dish Pepperoni Pizzas 2x160g;£2.00/unit;£6.25/kg;Pizza & garlic bread;frozen-pizza-garlic-bread;297;12;32;1.6;13;5.2;null;1.2;
chicken-tonight-country-french-sauce-500g;Chicken Tonight French Wine Sauce 500g;£1.75/unit;£0.35/100g;Cooking sauces & world foods;traditional-cooking-sauces;91;0.6;4.6;2.3;7.6;1.4;0.7;0.80;
chicken-tonight-honey---mustard-500g;Chicken Tonight Honey & Mustard 500g;£1.75/unit;£0.35/100g;Cooking sauces & world foods;traditional-cooking-sauces;104;1.0;12.3;9.9;5.4;0.8;1.3;1.20;
chicken-tonight-mushroom-sauce-500g;Chicken Tonight Mushroom Sauce 500g;£1.75/unit;£0.35/100g;Cooking sauces & world foods;traditional-cooking-sauces;null;0.8;5.7;1.7;5.9;1.6;0.6;0.84;
chicken-tonight-red-wine-sauce-500g;Chicken Tonight Red Wine Sauce 500g;£1.75/unit;£0.35/100g;Cooking sauces & world foods;traditional-cooking-sauces;51;0.8;4.6;3.0;3.0;0.4;1.1;0.65;
chicken-tonight-spanish-chicken-500g;Chicken Tonight Spanish Chicken 500g;£1.75/unit;£0.35/100g;Cooking sauces & world foods;traditional-cooking-sauces;43;1.1;6.9;5.5;0.9;0.1;1.3;0.77;
chilli-green-jalapeno-loose;Sainsbury's Chilli Green Jalapeno Loose;£10.00/kg;£10.00/kg;Fresh herbs & ingredients;afro-caribbean-ingredients;23;2.9;0.7;0.7;0.6;0.1;null;0.02;
chilli-green-jalapeno-loose;Sainsbury's Chilli Green Jalapeno Loose;£10.00/kg;£10.00/kg;Fresh herbs & ingredients;asian-ingredients;23;2.9;0.7;0.7;0.6;0.1;null;0.02;
chilli-green-jalapeno-loose;Sainsbury's Chilli Green Jalapeno Loose;£10.00/kg;£10.00/kg;Fresh herbs & ingredients;indian-ingredients;23;2.9;0.7;0.7;0.6;0.1;null;0.02;
chilli-green-jalapeno-loose;Sainsbury's Chilli Green Jalapeno Loose;£10.00/kg;£10.00/kg;Fresh vegetables;chillies-herbs-ingredients;23;2.9;0.7;0.7;0.6;0.1;null;0.02;
chilli-green-jalapeno-loose;Sainsbury's Chilli Green Jalapeno Loose;£10.00/kg;£10.00/kg;Fresh vegetables;fresh-vegetables-world-exotic;23;2.9;0.7;0.7;0.6;0.1;null;0.02;
chips-ahoy%21-crispy-choco-caramel-cookies-168g;Chips Ahoy! Crispy Choco Caramel Cookies 168g;£1.75/unit;£1.04/100g;Biscuits & crackers;cookies;495;5.0;63;32;24;12.5;2.7;1.38;
chips-ahoy%21-crispy-choco-caramel-cookies-168g;Chips Ahoy! Crispy Choco Caramel Cookies 168g;£1.75/unit;£1.04/100g;Biscuits & crackers;everyday-biscuits-shortbread;495;5.0;63;32;24;12.5;2.7;1.38;
chips-ahoy%21-popcorn-candy-chip-cookies-168g;Chips Ahoy! Popcorn Candy Chip Cookies 168g;£1.75/unit;£1.04/100g;Biscuits & crackers;cookies;505;4.5;63;35;25;13;2.2;1.27;
chips-ahoy%21-popcorn-candy-chip-cookies-168g;Chips Ahoy! Popcorn Candy Chip Cookies 168g;£1.75/unit;£1.04/100g;Biscuits & crackers;everyday-biscuits-shortbread;505;4.5;63;35;25;13;2.2;1.27;
choices-caramel-easter-egg-120g;Choices Dairy Free Caramel Easter Egg 120g;£3.49/unit;£2.79/100g;Confectionery;easter-eggs;575;2.1;62.1;45.4;34.7;21.5;null;0.05;
choices-choc-bunny-bar-40g;Choices Dairy Free Chocolate Bunny Bar 40g;£1.00/unit;£2.50/100g;Confectionery;easter-eggs;575;2.1;62.1;45.4;34.7;21.5;2.7;null;
choices-dairy-free-white-chocolate-bunny-bar-40g;Choices Dairy Free White Chocolate Bunny Bar 40g;£1.00/unit;£2.50/100g;Confectionery;easter-eggs;585;0.4;64.2;37.6;33.7;21.7;11.6;null;
choices-dark-chocolate-egg-125g;Choices Dark Chocolate Egg 125g;£3.49/unit;£2.79/100g;Confectionery;easter-eggs;null;null;null;null;null;null;null;null;
cholula-chipotle-hot-sauce-150ml;Cholula Original Hot Sauce 150ml;£1.50/unit;£1.00/100ml;Table sauces, dressings & condiments;tomato-ketchup-brown-bbq-other-sauces;null;null;null;null;null;null;null;null;
chorley-cakes-x4;Chorley Cakes x4;£1.00/unit;£1.00/ea;Cakes;muffins-small-cakes;420;5.1;55;28;19;6.6;null;0.22;
chupa-chups-mini-lollies-x20-bag-120g;Chupa Chups Mini Lollies x20 Bag 120g;£1.40/unit;£1.17/100g;Confectionery;sweets;null;null;null;null;null;null;null;null;
cirio-chopped-tomatoes-400g;Cirio Chopped Tomatoes 400g;£1.00/unit;£2.50/kg;Canned, tinned & packaged foods;canned-tinned-packaged-tomatoes;null;null;null;null;null;null;null;null;
cirio-chopped-tomatoes-4x400g;Cirio Chopped Tomatoes 4x400g;£3.50/unit;£2.19/kg;Canned, tinned & packaged foods;canned-tinned-packaged-tomatoes;29;13;47;null;01;null;null;null;
cirio-passata-classica-540g;Cirio Passata Classica 540g;£1.35/unit;£2.50/kg;Canned, tinned & packaged foods;canned-tinned-packaged-tomatoes;147;12;63;null;01;null;null;null;
cirio-passata-rustica-x2-350g;Cirio Passata Rustica x2 350g;£1.35/unit;£1.93/kg;Canned, tinned & packaged foods;canned-tinned-packaged-tomatoes;32;12;53;null;01;null;null;null;
cirio-peeled-plum-tomatoes-x4-400g;Cirio Peeled Plum Tomatoes x4 400g;£3.50/unit;£2.19/kg;Canned, tinned & packaged foods;canned-tinned-packaged-tomatoes;27;11;42;null;02;null;null;null;
cirio-plum-peeled-tomatoes-400g;Cirio Plum Peeled Tomatoes 400g;£1.00/unit;£2.50/kg;Canned, tinned & packaged foods;canned-tinned-packaged-tomatoes;null;null;null;null;null;null;null;null;
clarence-court-old-cotswold-legbar-eggs-x6;Clarence Court Old Cotswold Legbar Eggs x6;£2.25/unit;£0.38/ea;Fresh milk & eggs;eggs;131;12.4;0.0;0.0;9.0;2.5;0.0;0.39;
clarence-court-old-cotswold-legbar-eggs-x6;Clarence Court Old Cotswold Legbar Eggs x6;£2.25/unit;£0.38/ea;Sugar & home baking;home-baking-eggs;131;12.4;0.0;0.0;9.0;2.5;0.0;0.39;
clarks-original-maple-syrup-180ml;Clarks Maple Syrup 180ml;£2.00/unit;£1.11/100ml;Fruit & desserts;sauces-toppings;259;0.1;64.6;57.4;0.1;0.1;null;0.1;
clarks-original-maple-syrup-180ml;Clarks Maple Syrup 180ml;£2.00/unit;£1.11/100ml;Ice cream & desserts;wafers-sauces-toppings;259;0.1;64.6;57.4;0.1;0.1;null;0.1;
clarks-original-maple-syrup-180ml;Clarks Maple Syrup 180ml;£2.00/unit;£1.11/100ml;Sugar & home baking;baking-ingredients---colourings;259;0.1;64.6;57.4;0.1;0.1;null;0.1;
clarks-original-maple-syrup-706g;Clarks Maple Syrup 500ml;£5.00/unit;£1.00/100ml;Fruit & desserts;sauces-toppings;259;0.1;64.6;57.4;0.1;0.1;null;0.1;
clarks-original-maple-syrup-706g;Clarks Maple Syrup 500ml;£5.00/unit;£1.00/100ml;Sugar & home baking;baking-ingredients---colourings;259;0.1;64.6;57.4;0.1;0.1;null;0.1;
clarks-pure-maple-syrup-180ml;Clarks Pure Canadian Maple Syrup No. 2 Amber Grade 180ml;£3.50/unit;£1.94/100ml;Fruit & desserts;sauces-toppings;271;0.2;66.8;66.3;0;0;null;0.1;
clarks-pure-maple-syrup-180ml;Clarks Pure Canadian Maple Syrup No. 2 Amber Grade 180ml;£3.50/unit;£1.94/100ml;Ice cream & desserts;wafers-sauces-toppings;271;0.2;66.8;66.3;0;0;null;0.1;
clarks-pure-maple-syrup-180ml;Clarks Pure Canadian Maple Syrup No. 2 Amber Grade 180ml;£3.50/unit;£1.94/100ml;Sugar & home baking;baking-ingredients---colourings;271;0.2;66.8;66.3;0;0;null;0.1;
clarks-pure-maple-syrup-500ml;Clarks Pure Maple Syrup 500ml;£9.00/unit;£1.80/100ml;Fruit & desserts;sauces-toppings;271;0.2;66.8;66.3;0;0;null;0.1;
clarks-pure-maple-syrup-500ml;Clarks Pure Maple Syrup 500ml;£9.00/unit;£1.80/100ml;Ice cream & desserts;wafers-sauces-toppings;271;0.2;66.8;66.3;0;0;null;0.1;
clarks-pure-maple-syrup-500ml;Clarks Pure Maple Syrup 500ml;£9.00/unit;£1.80/100ml;Sugar & home baking;baking-ingredients---colourings;271;0.2;66.8;66.3;0;0;null;0.1;
claudi---fin-mango-frozen-yoghurt-220ml;Claudi & Fin Mango Frozen Yoghurt Lollies 4x55ml;£2.50/unit;£1.14/100ml;Ice cream & desserts;frozen-yogurt-sorbet;112;1.9;15.2;13.7;4.7;3;0.6;0.12;
claudi---fin-mango-frozen-yoghurt-220ml;Claudi & Fin Mango Frozen Yoghurt Lollies 4x55ml;£2.50/unit;£1.14/100ml;Ice cream & desserts;lollies-bars-cones;112;1.9;15.2;13.7;4.7;3;0.6;0.12;
claudi---fin-strawberry-frozen-yoghurt-220ml;Claudi & Fin Strawberry Frozen Yoghurt Lollies 4x55ml;£2.50/unit;£1.14/100ml;Ice cream & desserts;frozen-yogurt-sorbet;104;1.7;13.8;12.8;4.6;3.2;0.4;0.1;
claudi---fin-strawberry-frozen-yoghurt-220ml;Claudi & Fin Strawberry Frozen Yoghurt Lollies 4x55ml;£2.50/unit;£1.14/100ml;Ice cream & desserts;lollies-bars-cones;104;1.7;13.8;12.8;4.6;3.2;0.4;0.1;
clearspring-rice-cakes-double-sesame-150g;Clearspring Black Sesame Rice Cakes Wheat Free 150g;£2.69/unit;£1.79/100g;Freefrom;bakery-freefrom;385;7.4;82.2;null;2.9;null;null;null;
clover-daily-boost-spread-500g;Clover Daily Boost Spread 500g;£2.30/unit;£4.60/kg;Butter, spreads & baking;buttery-taste-and-sunflower-spreads;452;0.4;2.4;0.5;49;14;null;1.2;
clover-eggs-large-x6;Clover Eggs Large x6;£1.95/unit;£0.33/ea;Fresh milk & eggs;eggs;null;null;null;null;null;null;null;null;
clover-eggs-large-x6;Clover Eggs Large x6;£1.95/unit;£0.33/ea;Sugar & home baking;home-baking-eggs;null;null;null;null;null;null;null;null;
clover-eggs-medium-x6;Clover Eggs Medium x6;£1.70/unit;£0.28/ea;Fresh milk & eggs;eggs;null;null;null;null;null;null;null;null;
clover-eggs-medium-x6;Clover Eggs Medium x6;£1.70/unit;£0.28/ea;Sugar & home baking;home-baking-eggs;null;null;null;null;null;null;null;null;
clover-light-spread-1kg;Clover Light Spread 1kg;£3.80/unit;£3.80/kg;Butter, spreads & baking;buttery-taste-and-sunflower-spreads;454;0.6;2.7;0.8;49;21.3;null;1.5;
clover-lighter-than-light-500g;Clover Lighter Than Light Spread 500g;£2.00/unit;£4.00/kg;Butter, spreads & baking;buttery-taste-and-sunflower-spreads;355;0.3;2.8;0.5;38;10.9;null;1.5;
clover-spread-1kg;Clover Spread 1kg;£3.80/unit;£3.80/kg;Butter, spreads & baking;buttery-taste-and-sunflower-spreads;640;1;1.4;1.4;70;25.5;null;1.7;
clover-spread-500g;Clover Spread 500g;£2.00/unit;£4.00/kg;Butter, spreads & baking;buttery-taste-and-sunflower-spreads;597;1.2;1.6;1.6;65.1;24.8;null;1.7;
club-honeycomb-biscuits-x8-181g;McVitie's Club Honeycomb x8;£1.40/unit;£0.77/100g;Biscuits & crackers;biscuits-crackers-kids-lunchbox;510;5.7;61.2;39.5;26.3;16.3;2.3;0.7;
club-honeycomb-biscuits-x8-181g;McVitie's Club Honeycomb x8;£1.40/unit;£0.77/100g;Biscuits & crackers;chocolate-biscuits;510;5.7;61.2;39.5;26.3;16.3;2.3;0.7;
cocio-classic-chocolate-milk-270ml;Cocio Classic Chocolate Milk 270ml;£1.50/unit;£0.56/100ml;Fresh milk & eggs;flavoured-milk-92153-44;null;null;null;null;null;null;null;null;
coconut-co-chocolate-snowconut-fro-yo-500ml;Coconut Co Chocolate Snowconut Fro Yo 500ml;£4.00/unit;£0.80/100ml;Ice cream & desserts;frozen-yogurt-sorbet;174;1.4;19.2;71.2;10;8.3;1;0.5;
coconut-co-vanilla-snowconut-fro-yo-500ml;Coconut Co Vanilla Snowconut Fro Yo 500ml;£4.00/unit;£0.80/100ml;Ice cream & desserts;frozen-yogurt-sorbet;180;1.8;20.5;18;7.5;6.6;1.2;5;
coeur-de-lion-la-buche-goats-cheese-150g;Coeur De Lion La Buche Goats Cheese 150g;£1.95/unit;£13.00/kg;Cheese;healthier-choice-special-diet-cheese;319;14.0;0.5;0.5;29;20;null;1.5;
cofresh-caramel-nut-mix-80g;Cofresh Caramel Nut Mix 80g;£1.40/unit;£1.75/100g;Crisps, nuts & snacking fruit;nuts;null;null;null;null;null;null;null;null;
cofresh-salted-cashews-75g;Cofresh Salted Cashews 75g;£1.40/unit;£1.87/100g;Crisps, nuts & snacking fruit;nuts;null;null;null;null;null;null;null;null;
cofresh-salted-pistachios-70g;Cofresh Salted Pistachios 70g;£1.40/unit;£2.00/100g;Crisps, nuts & snacking fruit;nuts;null;null;null;null;null;null;null;null;
coldpress-apple---passionfruit-750ml;Coldpress Apple & Passionfruit 750ml;£2.80/unit;£0.37/100ml;Chilled fruit juice & smoothies;chilled-fruit-juice;41;0.2;9.9;9.9;0.1;0.1;null;0;
coldpress-pink-lady-750ml;Coldpress Pink Lady Juice 750ml;£2.80/unit;£0.37/100ml;Chilled fruit juice & smoothies;chilled-fruit-juice;42;0.1;10.6;10.6;0.1;0.1;null;0;
collective-dairy-mango-yogurt-500g;Collective Dairy Mango Yogurt 500g;£2.40/unit;£0.48/100g;Yogurts;big-pots-pouring-yogurts;128;4.7;16.0;15.5;5.0;3.1;null;0.23;
collective-dairy-mango-yogurt-500g;Collective Dairy Mango Yogurt 500g;£2.40/unit;£0.48/100g;Yogurts;luxury-yogurts;128;4.7;16.0;15.5;5.0;3.1;null;0.23;
collective-dairy-passionfruit-yogurt-500g;Collective Dairy Passionfruit Yogurt 500g;£2.40/unit;£0.48/100g;Yogurts;big-pots-pouring-yogurts;130;4.7;16.4;16.0;5.0;3.1;null;0.23;
collective-dairy-passionfruit-yogurt-500g;Collective Dairy Passionfruit Yogurt 500g;£2.40/unit;£0.48/100g;Yogurts;luxury-yogurts;130;4.7;16.4;16.0;5.0;3.1;null;0.23;
collective-limited-edition-yogurt-500g;Collective Dairy Limited Edition Yogurt 500g;£2.40/unit;£0.48/100g;Yogurts;big-pots-pouring-yogurts;140;4.8;16.6;16.1;6.0;3.7;null;0.25;
collective-limited-edition-yogurt-500g;Collective Dairy Limited Edition Yogurt 500g;£2.40/unit;£0.48/100g;Yogurts;luxury-yogurts;140;4.8;16.6;16.1;6.0;3.7;null;0.25;
colliers-powerful-welsh-cheddar-350g;Colliers Powerful Welsh Cheddar 350g;£3.00/unit;£8.57/kg;Cheese;cheddar-british-regional-cheese;416;25.4;0.1;0.1;34.9;21.7;0;1.7;
colmans-bbq-sauce-250ml;Colman's Smokey BBQ Sauce 250ml;£1.50/unit;£0.60/100ml;Table sauces, dressings & condiments;tomato-ketchup-brown-bbq-other-sauces;140;0.8;29.0;26.0;0.6;0.5;null;1.7;
colmans-beef-casserole-mix-40g;Colman's Recipe Mix Beef Casserole 40g;£0.80/unit;£2.00/100g;Cooking sauces & world foods;packet-sauces;340;9;70;12;1.5;0.6;4.5;7.8;
colmans-beef-stroganoff-39g;Colman's Recipe Mix Beef Stroganoff 39g;£0.80/unit;£2.05/100g;Cooking sauces & world foods;packet-sauces;410;11;51;4.5;17;10;6;12;
colmans-bramley-apple-sauce-250ml;Colman's Bramley Apple Sauce 250ml;£1.00/unit;£0.40/100ml;Table sauces, dressings & condiments;condiments;111;0.5;28;26;0.5;0;null;0.01;
colmans-bread-sauce-mix-40g;Colman's Sauce Mix Bread Sauce 40g;£0.80/unit;£2.00/100g;Cooking sauces & world foods;packet-sauces;95;5;14;6;2;1;0.6;0.98;
colmans-casserole-mixes--beef-bourguignon-40g;Colman's Recipe Mix Beef Bourguignon 40g;£0.80/unit;£2.00/100g;Cooking sauces & world foods;packet-sauces;340;7;72;15;2;0.9;3;7.7;
colmans-casserole-mixes--traditional-chicken-40g;Colman's Recipe Mix Chicken Casserole 40g;£0.80/unit;£2.00/100g;Cooking sauces & world foods;packet-sauces;330;6;71;10;1;0.4;4;11;
colmans-chicken-chasseur-43g;Colman's Recipe Mix Chicken Chasseur 43g;£0.80/unit;£1.86/100g;Cooking sauces & world foods;packet-sauces;330;10;66;15;1.5;0.5;6;11;
colmans-chicken-risotto-meal-kit-264g;Colman's Chicken Risotto Meal Kit 264g;£2.50/unit;£0.95/100g;Cooking sauces & world foods;italian-cooking-sauces;110;7;13;0.9;3.5;0.9;0.9;0.55;
colmans-chicken-risotto-meal-kit-264g;Colman's Chicken Risotto Meal Kit 264g;£2.50/unit;£0.95/100g;Cooking sauces & world foods;meal-kits;110;7;13;0.9;3.5;0.9;0.9;0.55;
colmans-chicken-supreme-sauce-38g;Colman's Recipe Mix Chicken Supreme 38g;£0.80/unit;£2.11/100g;Cooking sauces & world foods;packet-sauces;410;13;62;12;12;7;3.5;4.6;
colmans-chicken-tagine-meal-kit-287g;Colman's Chicken Tagine Meal Kit 287g;£2.50/unit;£0.87/100g;Cooking sauces & world foods;meal-kits;130;8;16;4.5;3.0;0.6;2.0;0.55;
colmans-chicken-tagine-meal-kit-287g;Colman's Chicken Tagine Meal Kit 287g;£2.50/unit;£0.87/100g;Cooking sauces & world foods;traditional-cooking-sauces;130;8;16;4.5;3.0;0.6;2.0;0.55;
colmans-chilli-con-carne-casserole-mix-50g;Colman's Recipe Mix Chilli Con Carne 50g;£0.80/unit;£1.60/100g;Cooking sauces & world foods;packet-sauces;330;11;63;21;2;0.5;8;7.8;
colmans-chilli-mango-sauce-250ml;Colman's Sweet Chilli Mango Sauce 250ml;£1.50/unit;£0.60/100ml;Table sauces, dressings & condiments;tomato-ketchup-brown-bbq-other-sauces;90;0.5;22.0;17.0;0.5;0.5;null;1.2;
colmans-chunky-burger-sauce-250ml;Colman's Chunky Burger Sauce 250ml;£1.50/unit;£0.60/100ml;Table sauces, dressings & condiments;tomato-ketchup-brown-bbq-other-sauces;230;1;10;7;21;1.5;null;1.9;
colmans-coq-au-vin-36g;Colman's Coq Au Vin Recipe Mix 36g;£0.80/unit;£2.22/100g;Cooking sauces & world foods;packet-sauces;330;8;66;18;2.5;1;4;9.7;
colmans-cottage-pie-mix-45g;Colman's Recipe Mix Cottage Pie 45g;£0.80/unit;£1.78/100g;Cooking sauces & world foods;packet-sauces;330;15;58;14;3;1.5;7;12;
colmans-cranberry-sauce-265g;Colman's Cranberry Sauce 265g;£1.00/unit;£0.38/100g;Table sauces, dressings & condiments;condiments;117;0.5;32;27;0.5;0.1;null;0.02;
colmans-english-mustard-100g;Colman's Original English Mustard 100;£1.00/unit;£1.00/100g;Table sauces, dressings & condiments;mustard;195;6.8;13;13;12;0.7;null;8.5;
colmans-english-mustard-170g;Colman's Original English Mustard 170g;£1.00/unit;£0.59/100g;Table sauces, dressings & condiments;mustard;195;6.8;13;13;12;0.7;null;8.5;
colmans-english-mustard-tube-50g;Colman's Original English Mustard Tube 50g;£0.80/unit;£1.60/100g;Table sauces, dressings & condiments;mustard;195;6.8;13;13;12;0.7;null;8.5;
colmans-fiery-bbq-chilli-sauce-250ml;Colman's Fiery BBQ Chilli Sauce 250ml;£1.50/unit;£0.60/100ml;Table sauces, dressings & condiments;tomato-ketchup-brown-bbq-other-sauces;95;0.5;20;16;0.5;0.5;null;1.5;
colmans-horseradish-sauce-250ml;Colman's Horseradish Sauce 250ml;£1.00/unit;£0.40/100ml;Table sauces, dressings & condiments;condiments;108;1.3;8;6.7;6.4;0.6;null;0.92;
colmans-hot-chilli-con-carne-37g;Colman's Recipe Mix Hot Chilli Con Carne 37g;£0.80/unit;£2.16/100g;Cooking sauces & world foods;packet-sauces;330;12;60;24;3;0.7;9;5.5;
colmans-lamb-hotpot-41g;Colman's Recipe Mix Lamb Hotpot 41g;£0.80/unit;£1.95/100g;Cooking sauces & world foods;packet-sauces;320;12;61;7;1.5;0.7;4;12;
colmans-mint-sauce--classic-250ml;Colman's Classic Mint Sauce 250ml;£1.00/unit;£0.40/100ml;Table sauces, dressings & condiments;condiments;131;1.9;27;25;0.5;0.1;null;2.7;
colmans-mint-sauce--fresh-garden-250ml;Colman's Fresh Garden Mint Concentrate 250ml;£1.00/unit;£0.40/100ml;Table sauces, dressings & condiments;condiments;46;2.8;3.9;0.5;0.5;0.1;null;5.3;
colmans-mustard-powder-57g;Colman's Original English Mustard Powder 57g;£1.35/unit;£2.37/100g;Table sauces, dressings & condiments;mustard;560;29;12;6.9;42;2.3;null;0.02;
colmans-pasta-pot-cheese---broccoli-69g;Colman's Pasta Pot Cheese & Broccoli 69g;£1.50/unit;£21.74/kg;Cooking sauces & world foods;world-foods-instant-snack-meals;112;3.4;14;1.8;4.4;2.6;0.8;0.9;
colmans-pasta-pot-cheese---broccoli-69g;Colman's Pasta Pot Cheese & Broccoli 69g;£1.50/unit;£21.74/kg;Rice, pasta & noodles;instant-snack-meals;112;3.4;14;1.8;4.4;2.6;0.8;0.9;
colmans-pasta-pot-spaghetti-carbona-85g;Colman's Pasta Pot Spaghetti Carbona 85g;£1.50/unit;£17.65/kg;Cooking sauces & world foods;world-foods-instant-snack-meals;130;3.5;17;0.8;5;3;1;0.76;
colmans-pasta-pot-spaghetti-carbona-85g;Colman's Pasta Pot Spaghetti Carbona 85g;£1.50/unit;£17.65/kg;Rice, pasta & noodles;instant-snack-meals;130;3.5;17;0.8;5;3;1;0.76;
colmans-pepper-sauce-40g;Colman's Sauce Mix Pepper Sauce 40g;£0.80/unit;£2.00/100g;Cooking sauces & world foods;packet-sauces;119;4.7;11;6;6.3;4;0.5;1;
colmans-pork-casserole-sauce-38g;Colman's Recipe Mix Pork Casserole 38g;£0.80/unit;£2.11/100g;Cooking sauces & world foods;packet-sauces;330;8;68;9;2;0.6;5;9.1;
colmans-s-s-sweet-chilli-chicken-45g;Colman's Season & Shake Mix Sweet Chilli Chicken 45g;£0.95/unit;£2.11/100g;Cooking sauces & world foods;packet-sauces;360;1.5;82;64;2;0.8;2;5.5;
colmans-sage---onion-stuffing-mix-200g;Colman's Sage & Onion Stuffing Mix 200g;£1.00/unit;£5.00/kg;Cooking ingredients & oils;stuffing;380;11;64;10;8;4;6;2.8;
colmans-sauce-mixes--cheddar-cheese-40g;Colman's Sauce Mix Cheddar Cheese Sauce 40g;£0.80/unit;£2.00/100g;Cooking sauces & world foods;packet-sauces;110;6;12;6;3.5;2;0.3;1.1;
colmans-sauce-mixes--parsley-20g;Colman's Sauce Mix Parsley Sauce 20g;£0.80/unit;£4.00/100g;Cooking sauces & world foods;packet-sauces;73;4.3;9.9;5.3;1.8;1;0.5;0.78;
colmans-sauce-mixes--savoury-white-25g;Colman's Sauce Mix White Sauce 25g;£0.80/unit;£3.20/100g;Cooking sauces & world foods;packet-sauces;85;4.5;10;6;3;1.5;0.1;0.75;
colmans-sausage---onion-casserole-mix-45g;Colman's Recipe Mix Sausage & Onion Casserole 45g;£0.80/unit;£1.78/100g;Cooking sauces & world foods;packet-sauces;350;10;73;14;1.5;0.4;5;4.1;
colmans-sausage-casserole-39g;Colman's Recipe Mix Sausage Casserole 39g;£0.80/unit;£2.05/100g;Cooking sauces & world foods;packet-sauces;350;10;70;24;2.5;0.5;6;3.8;
colmans-seafood-sauce-250ml;Colman's Seafood Sauce 250ml;£1.00/unit;£0.40/100ml;Table sauces, dressings & condiments;condiments;294;0.9;22;18;22;1.8;null;1.8;
colmans-season---shake--cajun-chicken---rice-sauce-47g;Colman's Season & Shake Mix Cajun Chicken 45g;£0.95/unit;£2.02/100g;Cooking sauces & world foods;packet-sauces;337;12;60;47;7.3;3;6.4;13.3;
colmans-season---shake--mediterranean-chicken-sauce-33g;Colman's Season & Shake Mix Mediterranean Chicken 33g;£0.95/unit;£2.88/100g;Cooking sauces & world foods;packet-sauces;296;10;57;24;2.1;0.7;5.9;15.2;
colmans-season---shake--paprika-chicken-sauce-24g;Colman's Season & Shake Mix Paprika Chicken 24g;£0.95/unit;£3.96/100g;Cooking sauces & world foods;packet-sauces;280;17;41;22;4;1;9;22;
colmans-season---shake--rustic-chicken-sauce-33g;Colman's Season & Shake Mix Rustic Chicken 33g;£0.95/unit;£2.88/100g;Cooking sauces & world foods;packet-sauces;302;8.9;55;27;4.2;0.8;6.6;16.4;
colmans-season---shake-bbq-chicken-seasoning-mix-19g;Colman's Season & Shake Mix BBQ Chicken 19g;£0.95/unit;£5.00/100g;Cooking sauces & world foods;packet-sauces;316;9.3;54;13;5.7;1;8.7;13;
colmans-season---shake-chicken-fajita-25g;Colman's Season & Shake Chicken Fajita 25g;£0.95/unit;£3.80/100g;Cooking sauces & world foods;packet-sauces;330;11;59;28;4;1;7;12;
colmans-season---shake-garlic---herb--roast-chicken-seasoning-mix-32g;Colman's Season & Shake Mix Garlic & Herb Roast Chicken 32g;£0.95/unit;£2.97/100g;Cooking sauces & world foods;packet-sauces;320;10;62;38;3;1;5;11;
colmans-season---shake-lemon---dill-salmon-18g;Colman's Season & Shake Mix Lemon & Dill Salmon 18g;£0.95/unit;£5.28/100g;Cooking sauces & world foods;packet-sauces;320;20;36;13;10;4.8;2.7;21.3;
colmans-season---shake-piri-piri-chicken-seasoning-mix-29g;Colman's Season & Shake Mix Piri Piri Chicken 29g;£0.95/unit;£3.28/100g;Cooking sauces & world foods;packet-sauces;300;9;50;32;5;2;9;19;
colmans-season---shake-rich-beef--casserole-seasoning-mix-40g;Colman's Season & Shake Mix Rich Beef Casserole 40g;£0.95/unit;£2.38/100g;Cooking sauces & world foods;packet-sauces;328;12;57;18;4.6;2.1;4.2;15.5;
colmans-season---shake-sauce--sausage---herb-40g;Colman's Season & Shake Mix Sausage & Herb Casserole 40g;£0.95/unit;£2.38/100g;Cooking sauces & world foods;packet-sauces;328;12;57;18;4.6;2.1;4.2;15.5;
colmans-season---shake-southern-style-chicken-nugget-48g;Colman's Season & Shake Mix Southern Style Chicken Nuggets 48g;£0.95/unit;£1.98/100g;Cooking sauces & world foods;packet-sauces;331;11;62;9;3.9;1.1;5.5;9.7;
colmans-season---shake-spanish-pork-casserole-seasoning-mix-48g;Colman's Season & Shake Mix Spanish Pork Casserole 48g;£0.95/unit;£1.98/100g;Cooking sauces & world foods;packet-sauces;325;11;53;10;6.6;3.2;5.9;17.5;
colmans-shepherds-pie-mix-50g;Colman's Recipe Mix Shepherd's Pie 50g;£0.80/unit;£1.60/100g;Cooking sauces & world foods;packet-sauces;340;13;60;15;2;0.7;5;9.6;
colmans-spaghetti-bolognese-44g;Colman's Recipe Mix Spaghetti Bolognese 44g;£0.80/unit;£1.82/100g;Cooking sauces & world foods;packet-sauces;310;12;60;33;2;0.6;7;10;
colmans-squeezy-english-mustard-150g;Colman's Original English Squeezy Mustard 150g;£1.65/unit;£1.10/100g;Table sauces, dressings & condiments;mustard;195;6.8;13;13;12;0.7;null;8.5;
colmans-tartare-sauce--rich-250ml;Colman's Sauce Mix Tartare Sauce 250ml;£1.00/unit;£0.40/100ml;Table sauces, dressings & condiments;condiments;291;1.3;17;15;24;2.1;null;3.2;
colmans-tuna-pasta-bake-sauce-44g;Colman's Recipe Mix Tuna Pasta Bake 44g;£0.80/unit;£1.82/100g;Cooking sauces & world foods;packet-sauces;340;12;63;29;3;1.5;6;8.4;
colmanss-onion-sauce-mix-35g;Colman's Sauce Mix Onion Sauce 35g;£0.80/unit;£2.29/100g;Cooking sauces & world foods;packet-sauces;90;5;13;7;2;1;0.8;0.85;
cookeen-cooking-fat-250g;Cookeen Cooking Fat 250g;£0.75/unit;£3.00/kg;Butter, spreads & baking;cooking-and-baking1;900;0;0;0;100;47;0;null;
cookeen-cooking-fat-250g;Cookeen Cooking Fat 250g;£0.75/unit;£3.00/kg;Sugar & home baking;fats-spreads;900;0;0;0;100;47;0;null;
cooks-pie-n-mash-with-liquor-346g;Cook's Pie 'n' Mash With Liquor 346g;£2.00/unit;£5.78/kg;Ready meals & pies;frozen-ready-meals;157;4.1;17.2;1.0;7.8;4.13;1.0;0.53;
copella-apple---elderflower-juice-125l;Copella Apple & Elderflower Juice 1.25L;£2.25/unit;£0.18/100ml;Chilled fruit juice & smoothies;chilled-fruit-juice;null;null;null;null;null;null;null;null;
copella-apple---elderflower-juice-750ml;Copella Apple & Elderflower Juice 750ml;£1.75/unit;£0.23/100ml;Chilled fruit juice & smoothies;chilled-fruit-juice;null;null;null;null;null;null;null;null;
copella-apple---mango-juice-750ml;Copella Apple & Mango Juice 750ml;£1.75/unit;£0.23/100ml;Chilled fruit juice & smoothies;chilled-fruit-juice;null;null;null;null;null;null;null;null;
copella-apple---pear-juice-750ml;Copella Apple & Pear Juice 750ml;£1.75/unit;£0.23/100ml;Chilled fruit juice & smoothies;chilled-fruit-juice;null;null;null;null;null;null;null;null;
copella-apple---raspberry-juice-750ml;Copella Apple & Raspberry Juice 750ml;£1.75/unit;£0.23/100ml;Chilled fruit juice & smoothies;chilled-fruit-juice;null;null;null;null;null;null;null;null;
copella-apple-juice-125l;Copella Apple Juice 1.25L;£2.25/unit;£0.18/100ml;Chilled fruit juice & smoothies;chilled-fruit-juice;null;null;null;null;null;null;null;null;
copella-apple-juice-750ml;Copella Apple Juice 750ml;£1.75/unit;£0.23/100ml;Chilled fruit juice & smoothies;chilled-fruit-juice;null;null;null;null;null;null;null;null;
copella-orange-juice-with-juicy-bits-125l;Copella Orange Juice with Juicy Bits 1.25L;£2.25/unit;£0.18/100ml;Chilled fruit juice & smoothies;chilled-fruit-juice;null;null;null;null;null;null;null;null;
copella-orange-juice-with-juicy-bits-750ml;Copella Orange Juice with Juicy Bits 750ml;£1.75/unit;£0.23/100ml;Chilled fruit juice & smoothies;chilled-fruit-juice;null;null;null;null;null;null;null;null;
copella-smooth-orange-juice-125l;Copella Smooth Orange Juice 1.25L;£2.25/unit;£0.18/100ml;Chilled fruit juice & smoothies;chilled-fruit-juice;null;null;null;null;null;null;null;null;
copella-smooth-orange-juice-750ml;Copella Smooth Orange Juice 750ml;£1.75/unit;£0.23/100ml;Chilled fruit juice & smoothies;chilled-fruit-juice;null;null;null;null;null;null;null;null;
cornetto-4pk-mint-360ml;Cornetto Ice Cream Cone Mint 4x90ml;£2.00/unit;£0.56/100ml;Ice cream & desserts;lollies-bars-cones;null;null;null;null;null;null;null;null;
cornetto-classic-x4-360ml;Cornetto Ice Cream Cone Classico 4x90ml;£2.00/unit;£0.56/100ml;Ice cream & desserts;lollies-bars-cones;190;2;20;16;11;88;null;013;
cornetto-cookie-dream-x4-360ml;Cornetto Ice Cream Cone Cookies 'n' Dream 4x90ml;£3.00/unit;£0.83/100ml;Ice cream & desserts;lollies-bars-cones;null;null;null;null;null;null;null;null;
cornetto-peanutbutter-x4-360ml;Cornetto Ice Cream Cone Peanut Butter Love 4x90ml;£3.00/unit;£0.83/100ml;Ice cream & desserts;lollies-bars-cones;null;null;null;null;null;null;null;null;
cornetto-strawberry-x4-360ml;Cornetto Ice Cream Cone Strawberry 4x90ml;£2.00/unit;£0.56/100ml;Ice cream & desserts;lollies-bars-cones;null;null;null;null;null;null;null;null;
cornish-sea-salt-225g;Cornish Sea Salt 225g;£1.65/unit;£7.33/kg;Cooking ingredients & oils;salt-pepper;null;null;null;null;null;null;null;null;
cosmos-chocolate-plant;Sainsbury's Cosmos Chocolate Plant;£3.00/unit;£3.00/ea;Flowers & seeds;flowers---seeds;null;null;null;null;null;null;null;null;
country-life-english-butter--salted-250g;Country Life British Butter 250g;£1.00/unit;£4.00/kg;Butter, spreads & baking;block-butter;737;0.5;0;0;81.7;54.0;0;null;
country-life-spreadable-500g;Country Life Spreadable 500g;£2.90/unit;£5.80/kg;Butter, spreads & baking;spreadable-butter;690;0.2;0.3;0.3;76.4;31.4;0;null;
country-life-spreadable-lighter-500g;Country Life Spreadable Lighter 500g;£2.90/unit;£5.80/kg;Butter, spreads & baking;spreadable-butter;514;0.9;1.3;1.3;56.1;21.5;0;null;
country-life-unsalted-butter-250g;Country Life British Unsalted Butter 250g;£1.00/unit;£4.00/kg;Butter, spreads & baking;block-butter;746;0.5;0;0;82.7;54.7;0;null;
country-life-unsalted-butter-250g;Country Life British Unsalted Butter 250g;£1.00/unit;£4.00/kg;Sugar & home baking;fats-spreads;746;0.5;0;0;82.7;54.7;0;null;
cracker-barrel-cheddar-200g;Cracker Barrel Cheddar 200g;£2.75/unit;£13.75/kg;Cheese;cheddar-british-regional-cheese;395;26.0;0.1;0.1;32.0;21.5;0;1.80;
cravendale-purefilter-semi-skimmed-1l;Cravendale Purefilter Semi Skimmed Milk 1L;£1.00/unit;£1.00/ltr;Fresh milk & eggs;fresh-milk;49;3.6;4.8;4.8;1.7;1.0;null;0.1;
cravendale-purefilter-semi-skimmed-milk-1l;Cravendale Purefilter Skimmed Milk 1L;£1.00/unit;£1.00/ltr;Fresh milk & eggs;fresh-milk;37;3.6;4.9;4.9;0.3;0.1;null;0.1;
cravendale-purefilter-semi-skimmed-milk-2l;Cravendale Purefilter Semi Skimmed Milk 2L;£2.00/unit;£1.00/ltr;Fresh milk & eggs;fresh-milk;49;3.6;4.8;4.8;1.7;1.0;null;0.1;
cravendale-purefilter-whole-milk-1l;Cravendale Purefilter Whole Milk 1L;£1.00/unit;£1.00/ltr;Fresh milk & eggs;fresh-milk;65;3.4;4.7;4.7;3.6;2.3;null;0.1;
cravendale-purefilter-whole-milk-2l;Cravendale Purefilter Whole Milk 2L;£2.00/unit;£1.00/ltr;Fresh milk & eggs;fresh-milk;65;3.4;4.7;4.7;3.6;2.3;null;0.1;
cravendale-skimmed-milk-2l;Cravendale Purefilter Skimmed Milk 2L;£2.00/unit;£1.00/ltr;Fresh milk & eggs;fresh-milk;37;3.6;4.9;4.9;0.3;0.1;null;0.1;
crawfords-thin-arrowroot-200g;Crawfords Thin Arrowroot 200g;£1.50/unit;£0.75/100g;Biscuits & crackers;everyday-biscuits-shortbread;448;6.9;69.4;20.0;15.2;7.2;2.8;1.1;
crawfords-thin-arrowroot-200g;Crawfords Thin Arrowroot 200g;£1.50/unit;£0.75/100g;Biscuits & crackers;healthier-biscuits-crackers;448;6.9;69.4;20.0;15.2;7.2;2.8;1.1;
crazy-jack-organic-green-lentils-250g;Crazy Jack Organic Green Lentils 250g;£0.90/unit;£3.60/kg;Canned, tinned & packaged foods;pulses-beans;331;24;50;1.2;1.9;0.2;8.9;null;
crazy-jacks-organic-red-split-lentils-250g;Crazy Jack's Organic Red Split Lentils 250g;£0.90/unit;£3.60/kg;Canned, tinned & packaged foods;pulses-beans;342;24;56;2.4;1.3;0.2;4.9;null;
crespo-capers-in-salted-water-198g;Crespo Capers in Salted Water 198g (125g*);£1.50/unit;£1.20/100g;Vinegar, pickles, olives & antipasti;olives-antipasti;null;null;null;null;null;null;null;null;
crespo-capers-in-salted-water-198g;Crespo Capers in Salted Water 198g (125g*);£1.50/unit;£1.20/100g;Vinegar, pickles, olives & antipasti;pickled-food;null;null;null;null;null;null;null;null;
crespo-green-olives-stuffed-with-minced-pimiento-907g;Crespo Green Olives Stuffed With Minced Pimiento 907g (550g*);£3.00/unit;£0.55/100g;Vinegar, pickles, olives & antipasti;olives-antipasti;null;null;null;null;null;null;null;null;
crespo-non-pareilles-capers-90g;Crespo Non Pareilles Capers 90g (60g*);£1.30/unit;£2.17/100g;Vinegar, pickles, olives & antipasti;olives-antipasti;null;null;null;null;null;null;null;null;
crespo-non-pareilles-capers-90g;Crespo Non Pareilles Capers 90g (60g*);£1.30/unit;£2.17/100g;Vinegar, pickles, olives & antipasti;pickled-food;null;null;null;null;null;null;null;null;
crespo-olives-du-marche-dumar-green-olives-herb-garlic-70g;Crespo Olives Du Marche Dumar Green Olives Herb Garlic 70g;£1.00/unit;£1.43/100g;Vinegar, pickles, olives & antipasti;olives-antipasti;null;null;null;null;null;null;null;null;
crespo-pimiento-stuffed-olives-354g;Crespo Pimiento Stuffed Olives 354g (200g*);£1.70/unit;£0.85/100g;Vinegar, pickles, olives & antipasti;olives-antipasti;null;null;null;null;null;null;null;null;
crespo-pitted-black-olives-354g;Crespo Pitted Black Olives 354g (160g*);£1.70/unit;£1.06/100g;Vinegar, pickles, olives & antipasti;olives-antipasti;133;05;0;0;136;22;3;25;
crespo-pitted-black-olives-820g;Crespo Pitted Black Olives 820g (380g*);£2.50/unit;£0.66/100g;Vinegar, pickles, olives & antipasti;olives-antipasti;null;null;null;null;null;null;null;null;
crespo-pitted-green-olives-907g;Crespo Pitted Green Olives 907g (440g*);£3.00/unit;£0.68/100g;Vinegar, pickles, olives & antipasti;olives-antipasti;169;1;0;0;18;3;2;4;
crespo-pitted-green-olives-with-chilli-peppers-70g;Crespo Pitted Green Olives With Chilli Peppers 70g;£1.00/unit;£1.43/100g;Vinegar, pickles, olives & antipasti;olives-antipasti;null;1.7;3.7;0.8;33.8;3.88;4.7;6.5;
crisp-n-dry-solid-vegetable-oil;Crisp 'N' Dry Solid Vegetable Oil;£1.10/unit;£2.20/kg;Butter, spreads & baking;cooking-and-baking1;900;0;0;0;100;41;0;null;
crisp-n-dry-solid-vegetable-oil;Crisp 'N' Dry Solid Vegetable Oil;£1.10/unit;£2.20/kg;Sugar & home baking;fats-spreads;900;0;0;0;100;41;0;null;
crisp-n-dry-vegetable-oil-1l;Crisp 'N' Dry Vegetable Oil 1L;£2.00/unit;£0.20/100ml;Cooking ingredients & oils;oils;828;0;0;0;92;7;0;null;
crisp-n-dry-vegetable-oil-2l;Crisp 'N' Dry Vegetable Oil 2L;£4.00/unit;£0.20/100ml;Cooking ingredients & oils;oils;828;0;0;0;92;7;0;null;
crofters-thick-vegetable-packet-soup-75g;Knorr Packet Soup Thick Vegetable 75g;£0.75/unit;£1.00/100g;Canned, tinned & packaged foods;soups;30;0.9;4.5;1;0.8;0.5;0.6;0.68;
crosse---blackwell-4-kids-disney-planes-pasta-shapes-213g;Crosse & Blackwell 4 kids Disney Planes Pasta Shapes 213g;£0.45/unit;£2.11/kg;Canned, tinned & packaged foods;baked-beans-canned-pasta;50;1.4;9.2;25;0.5;0;1.5;0.35;
crosse---blackwell-4-kids-disney-princess-pasta---sausages-213g;Crosse & Blackwell 4 kids Disney Princess Pasta & Sausages 213g;£0.70/unit;£3.29/kg;Canned, tinned & packaged foods;baked-beans-canned-pasta;86;3.5;11.8;2.5;2.7;0.8;0.4;0.5;
crosse---blackwell-4-kids-scoobydoo-pasta---sausages-213g;Crosse & Blackwell 4 kids Scoobydoo Pasta & Sausages 213g;£0.70/unit;£3.29/kg;Canned, tinned & packaged foods;baked-beans-canned-pasta;86;3.5;11.8;2.5;2.7;0.8;0.4;0.50;
crosse---blackwell-4-kids-sponge-bob-pasta---meatballs-205g;Crosse & Blackwell 4 kids Sponge Bob Pasta & Meatballs 205g;£0.70/unit;£3.41/kg;Canned, tinned & packaged foods;baked-beans-canned-pasta;71;4.5;9.0;3.1;1.5;0.3;1.8;0.23;
crosse---blackwell-4-kids-sponge-bob-squarepants-pasta-shapes-213g;Crosse & Blackwell 4 Kids Sponge Bob Squarepants Pasta Shapes 213g;£0.45/unit;£2.11/kg;Canned, tinned & packaged foods;baked-beans-canned-pasta;50;1.4;9.2;2.5;0.5;0;1.5;0.35;
crosse---blackwell-branston-rich---fruity-sauce-250g;Crosse & Blackwell Branston Rich & Fruity Sauce 250g;£0.80/unit;£0.32/100g;Table sauces, dressings & condiments;tomato-ketchup-brown-bbq-other-sauces;144;0.9;31;27;0.5;0.5;1.3;0.89;
crosse---blackwell-disney-princess-pasta-shapes-in-tomato-sauce-205g;Crosse & Blackwell Disney Princess Pasta Shapes In Tomato Sauce 205g;£0.45/unit;£2.11/kg;Canned, tinned & packaged foods;baked-beans-canned-pasta;50;1.4;9.2;2.5;0.5;0;1.5;0.35;
crosse---blackwell-new-potatoes-300g;Crosse & Blackwell New Potatoes 300g (165g*);£0.60/unit;£3.64/kg;Canned, tinned & packaged foods;canned-tinned-packaged-vegetables;59;1.4;12.2;0.5;0.3;0;0.8;0;
crosse---blackwell-petit-pois-290g;Crosse & Blackwell Petit Pois 290g (175g*);£0.70/unit;£4.38/kg;Canned, tinned & packaged foods;canned-tinned-packaged-vegetables;73;5.7;7.6;1.6;0.8;0.1;6.4;0;
crosse---blackwell-scooby-doo-pasta-shapes-213g;Crosse & Blackwell Scooby Doo Pasta Shapes 213g;£0.45/unit;£2.11/kg;Canned, tinned & packaged foods;baked-beans-canned-pasta;50;1.4;9.2;2.5;0.5;0;1.5;0.35;
crosse---blackwell-whole-carrots-300g;Crosse & Blackwell Whole Carrots 300g (160g*);£0.70/unit;£4.38/kg;Canned, tinned & packaged foods;canned-tinned-packaged-vegetables;24;0.5;4.0;2.5;0.3;0;1.8;0;
crunch-milk-chocolate-bar-120g;Crunch Milk Chocolate Bar 120g;£1.00/unit;£0.84/100g;Confectionery;chocolate;null;null;null;null;null;null;null;null;
d-a-perfect-pork-sausage-400g;Debbie & Andrews Perfect Pork Sausages x6 400g;£2.00/unit;£5.00/kg;Sausages;sausages;204;16.4;4.0;0.5;13.1;4.5;2.3;1.43;
daddies-brown-sauce-400g;Daddies Brown Sauce 400g;£1.45/unit;£0.36/100g;Table sauces, dressings & condiments;tomato-ketchup-brown-bbq-other-sauces;108;0.4;24.2;18.4;0;0;0.4;2.0;
daddies-brown-sauce-600g;Daddies Brown Sauce 600g;£1.80/unit;£0.30/100g;Table sauces, dressings & condiments;tomato-ketchup-brown-bbq-other-sauces;108;0.4;24.2;18.4;0;0;0.4;2.0;
daddies-tomato-ketchup-400g;Daddies Tomato Ketchup 400g;£1.60/unit;£0.40/100g;Table sauces, dressings & condiments;tomato-ketchup-brown-bbq-other-sauces;102;0.8;23.6;18.5;0;0;0;3.7;
daffodils;Sainsbury's Daffodils;£1.00/unit;£1.00/ea;Flowers & seeds;flowers---seeds;null;null;null;null;null;null;null;null;
daffodils;Sainsbury's Daffodils;£1.00/unit;£1.00/ea;In season;new-in-season;null;null;null;null;null;null;null;null;
dairylea-cheese-spread-180g;Dairylea Cheese Spread 180g;£1.55/unit;£8.61/kg;Cheese;snacking-lunchbox-cheese;230;12.0;5.5;5.5;17.5;11.5;0;1.48;
dairylea-cheese-spread-180g;Dairylea Cheese Spread 180g;£1.55/unit;£8.61/kg;Cheese;soft---spreadable;230;12.0;5.5;5.5;17.5;11.5;0;1.48;
dairylea-cheese-spread-270g;Dairylea Cheese Spread 270g;£1.50/unit;£5.55/kg;Cheese;snacking-lunchbox-cheese;230;12.0;5.5;5.5;17.5;11.5;0;1.48;
dairylea-cheese-spread-270g;Dairylea Cheese Spread 270g;£1.50/unit;£5.55/kg;Cheese;soft---spreadable;230;12.0;5.5;5.5;17.5;11.5;0;1.48;
dairylea-dunkers-breadsticks-4x47g;Dairylea Dunkers Breadsticks 4x47g;£2.25/unit;£11.97/kg;Cheese;snacking-lunchbox-cheese;245;10.0;30.5;6.1;8.4;6.0;2.0;1.30;
dairylea-dunkers-jumbo-47g;Dairylea Dunkers Jumbo 47g;£0.60/unit;£12.77/kg;Cheese;snacking-lunchbox-cheese;260;9.2;27.0;6.3;12.5;6.7;1.4;1.38;
dairylea-dunkers-jumbo-tubes-4x47g;Dairylea Dunkers Jumbo Tubes 4x47g;£2.25/unit;£11.97/kg;Cheese;snacking-lunchbox-cheese;null;null;null;null;null;null;null;null;
dairylea-dunkers-mighty-mature-ritz-4x46g;Dairylea Dunkers Mighty Mature Ritz 4x46g;£2.25/unit;£9.78/kg;Cheese;snacking-lunchbox-cheese;305;11.0;26.5;9.3;16.0;9.2;1.3;1.50;
dairylea-light-cheese-spread-180g;Dairylea Light Cheese Spread 180g;£1.55/unit;£8.61/kg;Cheese;snacking-lunchbox-cheese;159;16.5;5.4;5.4;7.2;4.7;0;1.53;
dairylea-light-cheese-spread-180g;Dairylea Light Cheese Spread 180g;£1.55/unit;£8.61/kg;Cheese;soft---spreadable;159;16.5;5.4;5.4;7.2;4.7;0;1.53;
dairylea-light-slices-x8-200g;Dairylea Light Slices 200g;£1.50/unit;£7.50/kg;Cheese;healthier-choice-special-diet-cheese;null;null;null;null;null;null;null;null;
dairylea-light-slices-x8-200g;Dairylea Light Slices 200g;£1.50/unit;£7.50/kg;Cheese;sliced-grated-cheese;null;null;null;null;null;null;null;null;
dairylea-light-slices-x8-200g;Dairylea Light Slices 200g;£1.50/unit;£7.50/kg;Cheese;snacking-lunchbox-cheese;null;null;null;null;null;null;null;null;
dairylea-light-triangles-x8-125g;Dairylea Light Triangles x8 125g;£1.35/unit;£10.80/kg;Cheese;snacking-lunchbox-cheese;200;15.5;6.0;6.0;12.0;8.0;0;1.55;
dairylea-ritz-dunkers-4x46g;Dairylea Ritz Dunkers 4x46g;£2.25/unit;£12.23/kg;Cheese;snacking-lunchbox-cheese;null;null;null;null;null;null;null;null;
dairylea-slices-x16-400g;Dairylea Slices x16 400g;£2.75/unit;£6.88/kg;Cheese;sliced-grated-cheese;null;null;null;null;null;null;null;null;
dairylea-slices-x16-400g;Dairylea Slices x16 400g;£2.75/unit;£6.88/kg;Cheese;snacking-lunchbox-cheese;null;null;null;null;null;null;null;null;
dairylea-slices-x8-200g;Dairylea Slices x8 200g;£1.50/unit;£7.50/kg;Cheese;sliced-grated-cheese;null;null;null;null;null;null;null;null;
dairylea-slices-x8-200g;Dairylea Slices x8 200g;£1.50/unit;£7.50/kg;Cheese;snacking-lunchbox-cheese;null;null;null;null;null;null;null;null;
dairylea-strip-cheese-x8-168g;Dairylea Strip Cheese x8 168g;£1.50/unit;£8.93/kg;Cheese;snacking-lunchbox-cheese;345;21.5;1.5;1.5;27.5;18.0;0;2.0;
dairylea-triangles-x16-250g;Dairylea Triangles x16 250g;£1.50/unit;£6.00/kg;Cheese;snacking-lunchbox-cheese;245;13.5;5.5;5.5;18.0;12.0;0;1.50;
dairylea-triangles-x8-125g;Dairylea Triangles x8 125g;£1.35/unit;£10.80/kg;Cheese;snacking-lunchbox-cheese;245;13.5;5.5;5.5;18.0;12.0;0;1.50;
danepak-breaded-ham-200g;Danepak Breaded Ham 200g;£2.00/unit;£1.00/100g;Cooked meats & snacking;ham-82654-44;110;19.0;1.1;1.1;3.3;1.2;0.5;2.0;
danepak-breaded-ham-200g;Danepak Breaded Ham 200g;£2.00/unit;£1.00/100g;Cooked meats, pate & sandwich fillers;ham;110;19.0;1.1;1.1;3.3;1.2;0.5;2.0;
danepak-honey-roast-ham-100g;Danepak Honey Roast Ham 100g;£1.00/unit;£1.00/100g;Cooked meats & snacking;ham-82654-44;107;19.4;0.7;0.7;3.0;1.2;0.5;2.2;
danepak-honey-roast-ham-100g;Danepak Honey Roast Ham 100g;£1.00/unit;£1.00/100g;Cooked meats, pate & sandwich fillers;ham;107;19.4;0.7;0.7;3.0;1.2;0.5;2.2;
danio-strained-blueberry-yogurt-150g;Danio Strained Blueberry Yogurt 150g;£0.85/unit;£0.57/100g;Yogurts;diet-low-fat-yogurts;100;7.3;12.1;11.7;2.4;1.7;0.6;0.1;
danio-strained-cherry-yogurt-150g;Danio Strained Cherry Yogurt 150g;£0.85/unit;£0.57/100g;Yogurts;diet-low-fat-yogurts;82;7.9;12.1;11.5;0.2;0.1;0.2;0.1;
danio-strained-mango-yogurt-150g;Danio Strained Mango Yogurt 150g;£0.85/unit;£0.57/100g;Yogurts;diet-low-fat-yogurts;80;7.9;11.6;11.3;0.2;0.1;0.2;0.1;
danio-strained-passionfruit-yogurt-150g;Danio Strained Passionfruit Yogurt 150g;£0.85/unit;£0.57/100g;Yogurts;diet-low-fat-yogurts;83;7.9;12.2;11.7;0.2;0.1;0.2;0.1;
danio-strained-peach-yogurt-150g;Danio Strained Peach Yogurt 150g;£0.85/unit;£0.57/100g;Yogurts;diet-low-fat-yogurts;99;7.3;12;11.5;2.3;1.6;0.3;0.1;
danio-strained-strawberry-yogurt-150g;Danio Strained Strawberry Yogurt 150g;£0.85/unit;£0.57/100g;Yogurts;diet-low-fat-yogurts;80;7.9;11.6;10.9;0.2;0.1;0.2;0.1;
danone-activia-honey-breakfast-pot-160g;Activia Breakfast Pot Honey Yogurt 160g;£1.00/unit;£0.63/100g;Yogurts;active-health-yogurts-drinks;118;4.9;18.8;14.0;2.5;1.1;0.6;0.1;
danone-activia-honey-breakfast-pot-160g;Activia Breakfast Pot Honey Yogurt 160g;£1.00/unit;£0.63/100g;Yogurts;breakfast-yogurts;118;4.9;18.8;14.0;2.5;1.1;0.6;0.1;
danone-activia-honey-breakfast-pot-160g;Activia Breakfast Pot Honey Yogurt 160g;£1.00/unit;£0.63/100g;Yogurts;diet-low-fat-yogurts;118;4.9;18.8;14.0;2.5;1.1;0.6;0.1;
danone-activia-pneapple---coconut-4x125g;Activia Pineapple & Coconut Yogurt 4x125g;£2.00/unit;£0.40/100g;Yogurts;active-health-yogurts-drinks;101;3.5;13.4;13.2;3.6;2.6;0.3;0.1;
danone-activia-pneapple---coconut-4x125g;Activia Pineapple & Coconut Yogurt 4x125g;£2.00/unit;£0.40/100g;Yogurts;diet-low-fat-yogurts;101;3.5;13.4;13.2;3.6;2.6;0.3;0.1;
danone-activia-vanlla-breakfast-pot-160g;Activia Breakfast Pot Vanilla Yogurt 160g;£1.00/unit;£0.63/100g;Yogurts;active-health-yogurts-drinks;115;4.9;18.0;13.3;2.5;1.1;0.6;0.1;
danone-activia-vanlla-breakfast-pot-160g;Activia Breakfast Pot Vanilla Yogurt 160g;£1.00/unit;£0.63/100g;Yogurts;breakfast-yogurts;115;4.9;18.0;13.3;2.5;1.1;0.6;0.1;
danone-activia-vanlla-breakfast-pot-160g;Activia Breakfast Pot Vanilla Yogurt 160g;£1.00/unit;£0.63/100g;Yogurts;diet-low-fat-yogurts;115;4.9;18.0;13.3;2.5;1.1;0.6;0.1;
danone-oykos-peach-yogurt-4x110g;Oykos Greek Style Peach Yogurt 4x110g;£2.20/unit;£0.50/100g;Yogurts;luxury-yogurts;140;2.8;14.1;13.3;8;5.2;0.2;0.1;
danone-oykos-peach-yogurt-4x110g;Oykos Greek Style Peach Yogurt 4x110g;£2.20/unit;£0.50/100g;Yogurts;natural-greek-yogurts;140;2.8;14.1;13.3;8;5.2;0.2;0.1;
danone-oykos-pear-yogurt-4x110g;Oykos Greek Style Pear Yogurt 4x110g;£2.20/unit;£0.50/100g;Yogurts;luxury-yogurts;143;2.8;14.6;14.6;8.0;5.2;0.5;0.1;
danone-oykos-pear-yogurt-4x110g;Oykos Greek Style Pear Yogurt 4x110g;£2.20/unit;£0.50/100g;Yogurts;natural-greek-yogurts;143;2.8;14.6;14.6;8.0;5.2;0.5;0.1;
danone-oykos-strawberry-yogurt-4x110g;Oykos Greek Style Strawberry Yogurt 4x110g;£2.20/unit;£0.50/100g;Yogurts;luxury-yogurts;146;2.9;14.7;14;8.3;5.3;0.3;0.1;
danone-oykos-strawberry-yogurt-4x110g;Oykos Greek Style Strawberry Yogurt 4x110g;£2.20/unit;£0.50/100g;Yogurts;natural-greek-yogurts;146;2.9;14.7;14;8.3;5.3;0.3;0.1;
darrell-lea-strawb-soft-liquorice-200g;Darrell Lea Strawberry Liquorice 200g;£1.40/unit;£0.70/100g;Confectionery;sweets;null;2.5;76.1;42.6;3.1;1.7;null;0;
darrell-lea-trad-soft-liquorice-200g;Darrell Lea Traditional Soft Liquorice 200g;£1.40/unit;£0.70/100g;Confectionery;sweets;null;3.2;72.2;37.1;1.9;1.0;null;0.1;
davidstow-classics-350g;Davidstow Cornish Classic, Mature Cheddar 350g;£4.00/unit;£11.43/kg;Cheese;cheddar-british-regional-cheese;416;25.4;0.1;0.1;34.9;21.7;null;1.8;
davidstow-cornish-classic--mature-200g;Davidstow Cornish Classic, Mature Cheddar 200g;£3.00/unit;£15.00/kg;Cheese;cheddar-british-regional-cheese;416;25.4;0.1;0.1;34.9;21.7;null;1.8;
davidstow-cornish-crackler-extra-mature-200g;Davidstow Cornish Crackler Extra Mature Cheddar 200g;£3.00/unit;£15.00/kg;Cheese;cheddar-british-regional-cheese;416;25.4;0.1;0.1;34.9;21.7;null;1.8;
davidstow-crackler-320g;Davidstow Crackler Extra Mature Cheddar 320g;£4.00/unit;£12.50/kg;Cheese;cheddar-british-regional-cheese;416;25.4;0.1;0.1;34.9;21.7;null;1.8;
davidstow-special-reserve-250g;Davidstow Special Reserve Cheddar 250g;£3.50/unit;£14.00/kg;Cheese;cheddar-british-regional-cheese;416;25.4;0.1;0.1;34.9;21.7;null;1.8;
de-cecco-egg-fettucine-250g;De Cecco Egg Fettucine 250g;£1.55/unit;£6.20/kg;Rice, pasta & noodles;pasta;379;16.5;66.3;2.0;4.7;1.4;2.8;null;
de-cecco-fusilli-500g;De Cecco Fusilli 500g;£1.00/unit;£2.00/kg;Rice, pasta & noodles;pasta;null;null;null;null;null;null;null;null;
de-cecco-gnocchi-di-patate-500g;De Cecco Gnocchi Di Patate 500g;£2.30/unit;£4.60/kg;Rice, pasta & noodles;pasta;155;3.5;34;0.3;0.5;0.3;1.7;null;
de-cecco-linguine-500g;De Cecco Linguine 500g;£1.00/unit;£2.00/kg;Rice, pasta & noodles;pasta;355;13.0;73.0;null;1.5;null;null;null;
de-cecco-penne-rigate-500g;De Cecco Penne Rigate 500g;£1.00/unit;£2.00/kg;Rice, pasta & noodles;pasta;null;null;null;null;null;null;null;null;
de-cecco-spaghetti-500g;De Cecco Spaghetti 500g;£1.00/unit;£2.00/kg;Rice, pasta & noodles;pasta;null;null;null;null;null;null;null;null;
de-cecco-tortiglioni-pasta-500g;De Cecco Tortiglioni Pasta 500g;£1.00/unit;£2.00/kg;Rice, pasta & noodles;pasta;null;null;null;null;null;null;null;null;
del-monte-fruit-cocktail-in-juice-415g;Del Monte Fruit Cocktail In Juice 415g;£0.80/unit;£1.93/kg;Canned, tinned & packaged foods;canned-tinned-packaged-fruit;null;null;null;null;null;null;null;null;
del-monte-fruit-cocktail-in-juice-415g;Del Monte Fruit Cocktail In Juice 415g;£0.80/unit;£1.93/kg;Fruit & desserts;dessert-fruit;null;null;null;null;null;null;null;null;
del-monte-mandarins-in-juice-298g;Del Monte Mandarins In Juice 298g;£0.80/unit;£2.69/kg;Canned, tinned & packaged foods;canned-tinned-packaged-fruit;null;null;null;null;null;null;null;null;
del-monte-mandarins-in-juice-298g;Del Monte Mandarins In Juice 298g;£0.80/unit;£2.69/kg;Fruit & desserts;dessert-fruit;null;null;null;null;null;null;null;null;
del-monte-peach-slices-in-juice-415g;Del Monte Peach Slices In Juice 415g;£0.80/unit;£1.93/kg;Canned, tinned & packaged foods;canned-tinned-packaged-fruit;null;null;null;null;null;null;null;null;
del-monte-peach-slices-in-juice-415g;Del Monte Peach Slices In Juice 415g;£0.80/unit;£1.93/kg;Fruit & desserts;dessert-fruit;null;null;null;null;null;null;null;null;
del-monte-peach-slices-light-syrup-420g;Del Monte Peach Slices Light Syrup 420g;£0.80/unit;£1.90/kg;Canned, tinned & packaged foods;canned-tinned-packaged-fruit;null;null;null;null;null;null;null;null;
del-monte-peach-slices-light-syrup-420g;Del Monte Peach Slices Light Syrup 420g;£0.80/unit;£1.90/kg;Fruit & desserts;dessert-fruit;null;null;null;null;null;null;null;null;
del-monte-pear-halves-in-juice-415g;Del Monte Pear Halves In Juice 415g;£0.80/unit;£1.93/kg;Fruit & desserts;dessert-fruit;null;null;null;null;null;null;null;null;
del-monte-pear-halves-in-syrup-420g;Del Monte Pear Halves In Syrup 420g;£0.80/unit;£1.90/kg;Fruit & desserts;dessert-fruit;58;0.2;14.0;null;0.1;null;null;null;
delamere-goats-yogurt-with-honey-450g;Delamere Goats Yogurt with Honey 450g;£2.20/unit;£0.49/100g;Yogurts;big-pots-pouring-yogurts;123;2.4;14.4;7.8;6.2;4.4;null;0.01;
delamere-goats-yogurt-with-honey-450g;Delamere Goats Yogurt with Honey 450g;£2.20/unit;£0.49/100g;Yogurts;soya-dairy-alternatives-yogurts;123;2.4;14.4;7.8;6.2;4.4;null;0.01;
delmonte-mango-smoothie-x3-270ml;Del Monte Iced Mango Smoothie 3x90ml;£1.50/unit;£0.56/100ml;Ice cream & desserts;lollies-bars-cones;111;0.3;26.5;25.0;0.3;0.1;0.5;0.05;
delmonte-raspberry-smoothie-x3-270ml;Del Monte Iced Raspberry Smoothie 3x90ml;£1.50/unit;£0.56/100ml;Ice cream & desserts;lollies-bars-cones;90;0.4;21.4;20.5;0.2;0.1;0.5;0.05;
delouis-mayonnaise-250g;Delouis Mayonnaise 250g;£1.80/unit;£0.72/100g;Table sauces, dressings & condiments;salad-cream-mayonnaise;null;null;null;null;null;null;null;null;
despicable-me-celebration-cake;Despicable Me Celebration Cake;£10.00/unit;£10.00/ea;Celebration cakes;celebration-cakes;415;2.1;73.4;61.4;12.4;2.9;null;0.24;
despicable-me-minion-cupcake-kit-225g;Despicable Me Minion Cupcake Kit 225g;£2.50/unit;£11.36/kg;Sugar & home baking;cake-sweet-mixes;315;3.9;59.5;46.2;6.6;2.6;0.8;0.41;
dicentra-spectabilis;Sainsbury's Bleeding Heart;£3.00/unit;£3.00/ea;Flowers & seeds;flowers---seeds;null;null;null;null;null;null;null;null;
dickinson---morris-melton-mowbray-pork-pie-140g;Dickinson & Morris Melton Mowbray Pork Pie 140g;£1.30/unit;£0.93/100g;Pies, pasties & quiche;hot-cold-pies;384;11.1;25.1;2.2;26.3;9.8;1.3;1.1;
dickinson---morris-melton-mowbray-pork-pie-140g;Dickinson & Morris Melton Mowbray Pork Pie 140g;£1.30/unit;£0.93/100g;Pies, pasties & quiche;sausage-rolls-savouries;384;11.1;25.1;2.2;26.3;9.8;1.3;1.1;
dickinson---morris-melton-mowbray-pork-pie-140g;Dickinson & Morris Melton Mowbray Pork Pie 140g;£1.30/unit;£0.93/100g;Soup & lunchtime snacks;lunchtime-snacks;384;11.1;25.1;2.2;26.3;9.8;1.3;1.1;
dickinson---morris-melton-mowbray-pork-pie-454g;Dickinson & Morris Melton Mowbray Pork Pie 454g;£3.25/unit;£0.72/100g;Pies, pasties & quiche;hot-cold-pies;369;11.0;19.4;1.6;27.2;9.9;1.1;1.2;
dickinson---morris-melton-mowbray-pork-pie-454g;Dickinson & Morris Melton Mowbray Pork Pie 454g;£3.25/unit;£0.72/100g;Pies, pasties & quiche;sausage-rolls-savouries;369;11.0;19.4;1.6;27.2;9.9;1.1;1.2;
dietary-special-8-yorkshire-pudding-124g;Dietary Special Gluten Free Yorkshire Puddings x8 124g;£1.95/unit;£15.73/1000g;Freefrom;frozen-freefrom;302;11;33;1.6;14;1.3;0.7;0.40;
dietary-special-8-yorkshire-pudding-124g;Dietary Special Gluten Free Yorkshire Puddings x8 124g;£1.95/unit;£15.73/1000g;Yorkshire puddings;frozen-yorkshire-puddings;302;11;33;1.6;14;1.3;0.7;0.40;
dietary-special-gluten-free-apple-crumble-2x120g;Dietary Special Gluten Free Apple Crumble 2x120g;£3.00/unit;£12.50/kg;Freefrom;frozen-freefrom;255;0.6;43;19;9.2;3.0;0.9;0.22;
dietary-special-gluten-free-apple-crumble-2x120g;Dietary Special Gluten Free Apple Crumble 2x120g;£3.00/unit;£12.50/kg;Ice cream & desserts;frozen-hot-desserts;255;0.6;43;19;9.2;3.0;0.9;0.22;
dietary-special-gluten-free-bourbon-biscuits-125g;Dietary Special Gluten Free Bourbon Biscuits 125g;£1.40/unit;£1.12/100g;Biscuits & crackers;biscuits-crackers-freefrom;507;4.6;67;29;24;14;2.3;0.48;
dietary-special-gluten-free-mini-os-biscuits-100g;Dietary Special Gluten Free Mini O's Biscuits 100g;£1.40/unit;£1.40/100g;Biscuits & crackers;biscuits-crackers-freefrom;508;5.8;66;33;24;14;2.5;0.75;
dietary-special-gluten-free-white-rolls-6x58g;Dietary Special Gluten Free White Rolls 6x58g;£2.50/unit;£7.18/kg;Freefrom;frozen-freefrom;259;1.7;53;2.4;3.3;0.5;5.0;1.6;
dietary-specials-light-crispbread-150g;Dietary Specials Gluten & Wheat Free Crispbread 150g;£1.20/unit;£0.80/100g;Freefrom;bakery-freefrom;380;6.0;84;6.0;1.7;0.3;2.3;1.4;
dietary-specials-salted-rice-cakes-130g;Dietary Specials Gluten & Wheat Free Salted Rice Cakes 130g;£0.99/unit;£0.76/100g;Freefrom;bakery-freefrom;384;8.3;79;0.7;3.2;0.6;3.4;0.30;
dietary-specials-sausage-rolls-200g;Dietary Special Gluten Free Sausage Rolls 200g;£2.00/unit;£10.00/kg;Freefrom;frozen-freefrom;228;10.7;17.1;0.5;12.7;5.8;1.7;1.13;
dietary-specials-sausage-rolls-200g;Dietary Special Gluten Free Sausage Rolls 200g;£2.00/unit;£10.00/kg;Party food;frozen-party-food;228;10.7;17.1;0.5;12.7;5.8;1.7;1.13;
dietary-specials-sausage-rolls-200g;Dietary Special Gluten Free Sausage Rolls 200g;£2.00/unit;£10.00/kg;Ready meals & pies;frozen-snacks;228;10.7;17.1;0.5;12.7;5.8;1.7;1.13;
dietary-specials-shortcrust-pastry-400g;Dietary Special Gluten Free Shortcrust Pastry 400g;£2.00/unit;£5.00/kg;Freefrom;frozen-freefrom;403;2.1;51.3;5.0;21.0;9.2;0;0.38;
dietary-specials-shortcrust-pastry-400g;Dietary Special Gluten Free Shortcrust Pastry 400g;£2.00/unit;£5.00/kg;Ice cream & desserts;frozen-pastry-baking;403;2.1;51.3;5.0;21.0;9.2;0;0.38;
dietary-specials-shortcrust-pastry-400g;Dietary Special Gluten Free Shortcrust Pastry 400g;£2.00/unit;£5.00/kg;Ready meals & pies;frozen-baking-pastry;403;2.1;51.3;5.0;21.0;9.2;0;0.38;
dina-hand-made-baklawa-snack-pack;Dina Hand Made Baklawa Snack Pack;£0.90/unit;£0.90/ea;Cakes;continental-cakes;509;6.5;62.8;25.8;30.6;11.3;2.2;0.32;
dina-luxury-baklawa-250g;Dina Luxury Baklawa 250g;£3.50/unit;£1.40/100g;Cakes;continental-cakes;486;8.1;48.7;26.5;28.7;11.5;4.6;0.46;
discovery-chilli---jalapeno-tortillas-320g;Santa Maria Soft Tortillas, Chilli & Jalapeno x8 320g;£1.50/unit;£0.47/100g;Cooking sauces & world foods;mexican-cooking-sauces;303;7.4;50.9;5.8;7.0;3.3;null;3.0;
discovery-chilli---jalapeno-tortillas-320g;Santa Maria Soft Tortillas, Chilli & Jalapeno x8 320g;£1.50/unit;£0.47/100g;Wraps, bagels & pittas;wraps-bagels-pittas;303;7.4;50.9;5.8;7.0;3.3;null;3.0;
discovery-fajita-season---sauce-382g;Santa Maria Fajita Seasoning & Sauce Medium 372g;£2.00/unit;£0.52/100g;Cooking sauces & world foods;mexican-cooking-sauces;63;1.3;10.0;6.9;1.5;0.1;null;1.5;
discovery-foods-fajitas-seasoning-mix-30g;Santa Maria Fajita Seasoning Mix, Medium 30g;£0.90/unit;£3.00/100g;Cooking sauces & world foods;mexican-cooking-sauces;258;8.8;33.6;13.4;6.0;1.4;null;24.4;
discovery-foods-spicy-refried-beans-215g;Santa Maria Spicy Refried Beans 215g;£0.95/unit;£0.44/100g;Cooking sauces & world foods;mexican-cooking-sauces;91;6.3;12.6;0.6;0.7;0.2;null;0.91;
discovery-hot-fajita-seasoning-mix-30g;Santa Maria Fajita Seasoning Mix, Hot 30g;£0.90/unit;£3.00/100g;Cooking sauces & world foods;mexican-cooking-sauces;280;9.8;41.5;22.0;4.5;0.8;null;14.2;
discovery-mexican-chilli-con-carne-seasoning-mix-30g;Santa Maria Hot Chilli Con Carne Seasoning Mix 30g;£0.90/unit;£3.00/100g;Cooking sauces & world foods;mexican-cooking-sauces;237;11.1;26.1;2.5;5.7;0.5;null;22.8;
discovery-mexican-plain-flour-large-tortillas-x6-312g;Santa Maria Tortillas, Plain Flour Large x6 312g;£1.50/unit;£0.48/100g;Cooking sauces & world foods;mexican-cooking-sauces;295;7.5;50.8;3.2;6.3;3.0;null;3.0;
discovery-mexican-plain-flour-large-tortillas-x6-312g;Santa Maria Tortillas, Plain Flour Large x6 312g;£1.50/unit;£0.48/100g;Wraps, bagels & pittas;wraps-bagels-pittas;295;7.5;50.8;3.2;6.3;3.0;null;3.0;
discovery-mild-fajita-seasoning-mix-30g;Santa Maria Fajita Seasoning Mix, Mild 30g;£0.90/unit;£3.00/100g;Cooking sauces & world foods;mexican-cooking-sauces;269;8.2;41.4;14.8;4.4;0.7;null;21.0;
discovery-preserve-free-tortillas-320g;Santa Maria Tortillas, Plain Flour Preservative Free 320g;£1.50/unit;£0.47/100g;Cooking sauces & world foods;mexican-cooking-sauces;301;7.3;50.4;7.5;7.2;3.5;null;2.7;
discovery-preserve-free-tortillas-320g;Santa Maria Tortillas, Plain Flour Preservative Free 320g;£1.50/unit;£0.47/100g;Wraps, bagels & pittas;wraps-bagels-pittas;301;7.3;50.4;7.5;7.2;3.5;null;2.7;
discovery-soft-corn-tortillas-x8-320g;Santa Maria Corn & Wheat Soft Tortillas x8 320g;£1.50/unit;£0.47/100g;Cooking sauces & world foods;mexican-cooking-sauces;284;7.4;52.3;2.0;4.3;2.0;null;1.5;
discovery-soft-corn-tortillas-x8-320g;Santa Maria Corn & Wheat Soft Tortillas x8 320g;£1.50/unit;£0.47/100g;Wraps, bagels & pittas;wraps-bagels-pittas;284;7.4;52.3;2.0;4.3;2.0;null;1.5;
discovery-squeezy-hot-salsa-300g;Santa Maria Salsa Hot 300g;£2.00/unit;£0.67/100g;Cooking sauces & world foods;mexican-cooking-sauces;42;1.2;8.3;6.3;0.1;0;null;1.9;
discovery-squeezy-medium-salsa-300g;Santa Maria Salsa Medium 300g;£2.00/unit;£0.67/100g;Cooking sauces & world foods;mexican-cooking-sauces;46;1.1;8.9;6.0;0.4;0.2;null;1.5;
discovery-squeezy-mild-salsa-300g;Santa Maria Salsa Mild 300g;£2.00/unit;£0.67/100g;Cooking sauces & world foods;mexican-cooking-sauces;96;1.3;21.8;17.1;0.1;0;null;1.7;
discovery-taco-seasoning-mix-30g;Santa Maria Taco Seasoning Mix 30g;£0.90/unit;£3.00/100g;Cooking sauces & world foods;mexican-cooking-sauces;245;12.1;10.8;3.3;10.6;1.2;null;23.3;
discovery-wholemeal-tortillas-320g;Santa Maria Tortillas, Wholemeal x8 320g;£1.50/unit;£0.47/100g;Cooking sauces & world foods;mexican-cooking-sauces;295;10.0;44.0;2.7;7.4;3.3;null;1.3;
discovery-wholemeal-tortillas-320g;Santa Maria Tortillas, Wholemeal x8 320g;£1.50/unit;£0.47/100g;Wraps, bagels & pittas;wraps-bagels-pittas;295;10.0;44.0;2.7;7.4;3.3;null;1.3;
disness-princess-carriage-cupcake-kit-208g;Disney Princess Carriage Cupcake Kit 208g;£2.50/unit;£12.76/kg;Sugar & home baking;cake-sweet-mixes;385;4.5;60.6;48.1;13.7;7.7;0.9;0.6;
disney-frozen-fromage-frais-9x40g;Disney Frozen Fromage Frais 9x40g;£1.50/unit;£0.42/100g;Yogurts;kids-yogurts;95;5.4;12.0;11.8;2.8;1.9;null;0.18;
disney-frozen-mealtime-set-45g;Disney Frozen Mealtime Set 45g;£5.00/unit;£11.11/100g;Confectionery;easter-eggs;525;5.4;60.6;59.7;28.6;525;null;0.28;
disney-frozen-mug---egg-45g;Disney Frozen Mug & Egg 45g;£5.00/unit;£11.11/100g;Confectionery;easter-eggs;525;5.4;60.6;59.7;28.6;17.1;null;0.28;
disney-mickey-mouse-dining-set-45g;Disney Mickey Mouse Dining Set 45g;£5.00/unit;£11.11/100g;Confectionery;easter-eggs;548;5.1;59.5;53.2;32.2;19.9;null;0.1;
disney-minnie-mouse-cake;Disney Minnie Mouse Cake;£10.00/unit;£10.00/ea;Celebration cakes;celebration-cakes;396;2.2;69.5;50.9;12.0;2.9;null;0.39;
disney-minnie-mouse-marshmallow-pops-kit-150g;Disney Minnie Mouse Marshmallow Pops Kit 150g;£2.50/unit;£1.67/100g;Sugar & home baking;cake-sweet-mixes;310;2.5;73.3;66.8;0.7;0.6;0.5;0.0;
disney-pixar-freezepops-40x20ml;Disney Pixar Freezepops 40x20ml;£1.10/unit;£0.14/100ml;Fruit & desserts;ice-cream-cones-wafers;1.2;0;0;0;0;0;0;null;
disney-pixar-freezepops-40x20ml;Disney Pixar Freezepops 40x20ml;£1.10/unit;£0.14/100ml;Fruit & desserts;kids-lunchbox-fruit-desserts;1.2;0;0;0;0;0;0;null;
disney-pixar-freezepops-40x20ml;Disney Pixar Freezepops 40x20ml;£1.10/unit;£0.14/100ml;Ice cream & desserts;lollies-bars-cones;1.2;0;0;0;0;0;0;null;
disney-princess-easy-squeezy-pink-sparkly-icing-180g;Disney Princess Easy Squeezy Pink Sparkly Icing 180g;£2.00/unit;£1.11/100g;Sugar & home baking;decorations;407;0.1;67.3;67.3;15.0;7.3;2.9;0.5;
disney-princess-easy-squeezy-pink-sparkly-icing-180g;Disney Princess Easy Squeezy Pink Sparkly Icing 180g;£2.00/unit;£1.11/100g;Sugar & home baking;icing---marzipan;407;0.1;67.3;67.3;15.0;7.3;2.9;0.5;
disney-princess-traybake;Disney Princess Traybake;£7.00/unit;£7.00/ea;Celebration cakes;celebration-cakes;373;3.1;63.9;45.0;11.2;4.3;1.9;0.45;
disney-snack-desserts-4x26g;Disney Snack Yogurt Desserts 4x26g;£1.00/unit;£0.96/100g;Yogurts;kids-yogurts;null;null;null;null;null;null;null;null;
do-not-range-sainsburys-sunflower-seed---honey-roll;Sainsbury's Sunflower Seed & Honey Roll;£0.40/unit;£0.40/ea;From our in store bakery;rolls-bagels-from-our-bakery;null;null;null;null;null;null;null;null;
do-not-range-sainsburys-sunflower-seed---honey-roll;Sainsbury's Sunflower Seed & Honey Roll;£0.40/unit;£0.40/ea;Rolls;rolls;null;null;null;null;null;null;null;null;
dobla-chocolate-dessert-cups-96g;Dobla Ice Cream Chocolate Dessert Cups x8 196g;£2.30/unit;£2.40/100g;Fruit & desserts;ice-cream-cones-wafers;null;null;null;null;null;null;null;null;
dobla-chocolate-dessert-cups-96g;Dobla Ice Cream Chocolate Dessert Cups x8 196g;£2.30/unit;£2.40/100g;Ice cream & desserts;wafers-sauces-toppings;null;null;null;null;null;null;null;null;
dole-fruit-festival-in-juice-4x113g;Dole Fruit Festival In Juice 4x113g;£2.45/unit;£5.42/kg;Canned, tinned & packaged foods;canned-tinned-packaged-fruit;null;null;null;null;null;null;null;null;
dole-fruit-festival-in-juice-4x113g;Dole Fruit Festival In Juice 4x113g;£2.45/unit;£5.42/kg;Fruit & desserts;dessert-fruit;null;null;null;null;null;null;null;null;
dole-mandarins-in-grape-juice-4x113g;Dole Mandarins In Grape Juice 4x113g;£2.45/unit;£5.42/kg;Canned, tinned & packaged foods;canned-tinned-packaged-fruit;null;null;null;null;null;null;null;null;
dole-mandarins-in-grape-juice-4x113g;Dole Mandarins In Grape Juice 4x113g;£2.45/unit;£5.42/kg;Fruit & desserts;dessert-fruit;null;null;null;null;null;null;null;null;
dole-mandarins-in-jelly-x4-113g;Dole Mandarins In Jelly x4 113g;£2.45/unit;£0.50/100g;Fruit & desserts;dessert-fruit;79;0.1;19.6;18;0.1;0.1;0.6;null;
dole-mandarins-in-jelly-x4-113g;Dole Mandarins In Jelly x4 113g;£2.45/unit;£0.50/100g;Fruit & desserts;dessert-pots;79;0.1;19.6;18;0.1;0.1;0.6;null;
dole-mandarins-in-jelly-x4-113g;Dole Mandarins In Jelly x4 113g;£2.45/unit;£0.50/100g;Fruit & desserts;jelly;79;0.1;19.6;18;0.1;0.1;0.6;null;
dole-mixed-fruit-in-peach-jelly-4x113g;Dole Mixed Fruit In Peach Jelly 4x113g;£2.45/unit;£0.54/100g;Fruit & desserts;dessert-fruit;78;0.1;19.3;18;0.1;0.1;0.8;null;
dole-mixed-fruit-in-peach-jelly-4x113g;Dole Mixed Fruit In Peach Jelly 4x113g;£2.45/unit;£0.54/100g;Fruit & desserts;dessert-pots;78;0.1;19.3;18;0.1;0.1;0.8;null;
dole-mixed-fruit-in-peach-jelly-4x113g;Dole Mixed Fruit In Peach Jelly 4x113g;£2.45/unit;£0.54/100g;Fruit & desserts;jelly;78;0.1;19.3;18;0.1;0.1;0.8;null;
dole-peaches-in-juice-4x113g;Dole Peaches In Juice 4x113g;£2.45/unit;£5.42/kg;Canned, tinned & packaged foods;canned-tinned-packaged-fruit;null;null;null;null;null;null;null;null;
dole-peaches-in-juice-4x113g;Dole Peaches In Juice 4x113g;£2.45/unit;£5.42/kg;Fruit & desserts;dessert-fruit;null;null;null;null;null;null;null;null;
dole-peaches-in-strawberry-jelly-4x113g;Dole Peaches In Strawberry Jelly 4x113g;£2.45/unit;£0.50/100g;Canned, tinned & packaged foods;canned-tinned-packaged-fruit;78;0.1;19.3;18;0.1;0.1;0.8;null;
dole-peaches-in-strawberry-jelly-4x113g;Dole Peaches In Strawberry Jelly 4x113g;£2.45/unit;£0.50/100g;Fruit & desserts;dessert-fruit;78;0.1;19.3;18;0.1;0.1;0.8;null;
dole-peaches-in-strawberry-jelly-4x113g;Dole Peaches In Strawberry Jelly 4x113g;£2.45/unit;£0.50/100g;Fruit & desserts;dessert-pots;78;0.1;19.3;18;0.1;0.1;0.8;null;
dole-peaches-in-strawberry-jelly-4x113g;Dole Peaches In Strawberry Jelly 4x113g;£2.45/unit;£0.50/100g;Fruit & desserts;jelly;78;0.1;19.3;18;0.1;0.1;0.8;null;
dole-pineapple-in-juice-4x113g;Dole Pineapple In Juice 4x113g;£2.45/unit;£5.42/kg;Fruit & desserts;dessert-fruit;null;null;null;null;null;null;null;null;
dole-tropical-fruit-in-juice-4x113g;Dole Tropical Fruit In Juice 4x113g;£2.45/unit;£5.42/kg;Canned, tinned & packaged foods;canned-tinned-packaged-fruit;null;null;null;null;null;null;null;null;
dole-tropical-fruit-in-juice-4x113g;Dole Tropical Fruit In Juice 4x113g;£2.45/unit;£5.42/kg;Fruit & desserts;dessert-fruit;null;null;null;null;null;null;null;null;
dole-tropical-fruitinjelly-%284x123g%29-492g;Dole Tropical Fruitinjelly (4x123g) 492g;£2.45/unit;£0.50/100g;Fruit & desserts;dessert-fruit;null;null;null;null;null;null;null;null;
dole-tropical-fruitinjelly-%284x123g%29-492g;Dole Tropical Fruitinjelly (4x123g) 492g;£2.45/unit;£0.50/100g;Fruit & desserts;dessert-pots;null;null;null;null;null;null;null;null;
dole-tropical-fruitinjelly-%284x123g%29-492g;Dole Tropical Fruitinjelly (4x123g) 492g;£2.45/unit;£0.50/100g;Fruit & desserts;jelly;null;null;null;null;null;null;null;null;
dole-tropical-gold-pineapple-chunks-in-juice-432g;Dole Tropical Gold Pineapple Chunks In Juice 432g;£1.00/unit;£2.31/kg;Canned, tinned & packaged foods;canned-tinned-packaged-fruit;null;null;null;null;null;null;null;null;
dole-tropical-gold-pineapple-chunks-in-juice-432g;Dole Tropical Gold Pineapple Chunks In Juice 432g;£1.00/unit;£2.31/kg;Fruit & desserts;dessert-fruit;null;null;null;null;null;null;null;null;
dole-tropical-gold-pineapple-slices-in-juice-227g;Dole Tropical Gold Pineapple Slices In Juice 227g;£0.80/unit;£3.52/kg;Canned, tinned & packaged foods;canned-tinned-packaged-fruit;65;0.4;15;12;0.1;0;1;null;
dole-tropical-gold-pineapple-slices-in-juice-227g;Dole Tropical Gold Pineapple Slices In Juice 227g;£0.80/unit;£3.52/kg;Fruit & desserts;dessert-fruit;65;0.4;15;12;0.1;0;1;null;
dole-tropical-gold-pineapple-slices-in-juice-432g;Dole Tropical Gold Pineapple Slices In Juice 432g;£1.00/unit;£2.31/kg;Canned, tinned & packaged foods;canned-tinned-packaged-fruit;null;null;null;null;null;null;null;null;
dole-tropical-gold-pineapple-slices-in-juice-432g;Dole Tropical Gold Pineapple Slices In Juice 432g;£1.00/unit;£2.31/kg;Fruit & desserts;dessert-fruit;null;null;null;null;null;null;null;null;
dolmio-bolgnese-sauce--light-320g;Dolmio Bolognese Sauce Low Fat 320g;£1.50/unit;£0.47/100g;Cooking sauces & world foods;italian-cooking-sauces;33;1.2;5.9;4.2;0.1;0.0;null;0.80;
dolmio-bolognese-extra-basil-500g;Dolmio Bolognese Extra Basil 500g;£1.80/unit;£0.36/100g;Cooking sauces & world foods;italian-cooking-sauces;42;1.4;7.0;6.5;0.6;0.1;null;0.70;
dolmio-bolognese-extra-mushroom-750g;Dolmio Bolognese Sauce Extra Mushroom 750g;£1.50/unit;£0.20/100g;Cooking sauces & world foods;italian-cooking-sauces;37;1.7;6.4;6.2;0.1;0.0;null;0.80;
dolmio-bolognese-light-pasta-sauce-750g;Dolmio Bolognese Sauce Low Fat 750g;£1.50/unit;£0.20/100g;Cooking sauces & world foods;italian-cooking-sauces;33;1.2;5.9;4.2;0.1;0.0;null;0.80;
dolmio-bolognese-sauce--extra-mushrooms-320g;Dolmio Bolognese Sauce Extra Mushrooms 320g;£1.50/unit;£0.47/100g;Cooking sauces & world foods;italian-cooking-sauces;37;1.7;6.4;6.2;0.1;0.0;null;0.80;
dolmio-bolognese-sauce--extra-spicy-500g;Dolmio Bolognese Sauce Extra Spicy 500g;£1.80/unit;£0.36/100g;Cooking sauces & world foods;italian-cooking-sauces;41;1.5;6.8;6.5;0.4;0.1;null;0.80;
dolmio-bolognese-sauce-with-extra-mushroom-500g;Dolmio Bolognese Sauce Extra Mushroom 500g;£1.80/unit;£0.36/100g;Cooking sauces & world foods;italian-cooking-sauces;37;1.7;6.4;6.2;0.1;0.0;null;0.80;
dolmio-bolognese-sauce-with-extra-onion---garlic-750g;Dolmio Bolognese Sauce Extra Onion & Garlic 750g;£1.50/unit;£0.20/100g;Cooking sauces & world foods;italian-cooking-sauces;42;1.6;6.9;6.6;0.5;0.1;null;0.80;
dolmio-bolognese-smooth-500g;Dolmio Bolognese Sauce Smooth 500g;£1.80/unit;£0.36/100g;Cooking sauces & world foods;italian-cooking-sauces;49;1.5;8.0;6.9;0.8;0.1;null;0.81;
dolmio-carbonara-microwaveable-pasta-sauce-150g;Dolmio Carbonara Pasta Sauce 150g;£1.50/unit;£1.00/100g;Cooking sauces & world foods;italian-cooking-sauces;92;2.4;5.6;1.3;6.6;4.2;null;0.69;
dolmio-cheesy-lasagne-sauce-470g;Dolmio Lasagne Cheese Sauce 470g;£1.80/unit;£0.38/100g;Cooking sauces & world foods;italian-cooking-sauces;102;1.1;5.8;2.3;8.1;3.3;null;0.77;
dolmio-chunky-mediterranean-vegetable-sauce-500g;Dolmio Bolognese Sauce Extra Mediterranean Vegetable 500g;£1.80/unit;£0.36/100g;Cooking sauces & world foods;italian-cooking-sauces;43;1.5;6.9;6.6;0.6;0.1;null;0.79;
dolmio-chunky-sweet-pepper-sauce-500g;Dolmio Bolognese Sauce Extra Sweet Pepper 500g;£1.80/unit;£0.36/100g;Cooking sauces & world foods;italian-cooking-sauces;44;1.4;7.4;7.0;0.5;0.1;null;0.80;
dolmio-express-bolognese-mushroom-170g;Dolmio Bolognese Sauce Extra Mushrooms Microwaveable 170g;£1.50/unit;£0.88/100g;Cooking sauces & world foods;italian-cooking-sauces;93;7.5;7.3;5.2;3.4;1.0;1.6;0.73;
dolmio-extra-onion---garlic-bolognese-sauce-500g;Dolmio Bolognese Sauce Extra Onion & Garlic 500g;£1.80/unit;£0.36/100g;Cooking sauces & world foods;italian-cooking-sauces;42;1.6;6.9;6.6;0.5;0.1;null;0.80;
dolmio-extra-spicy-bolognese-sauce-750g;Dolmio Bolognese Sauce Extra Spicy 750g;£1.50/unit;£0.20/100g;Cooking sauces & world foods;italian-cooking-sauces;41;1.5;6.8;6.5;0.4;0.1;null;0.80;
dolmio-italian-chilli-microwaveable-pasta-sauce-150g;Dolmio Tomato & Chilli Pasta Sauce 150g;£1.50/unit;£0.88/100g;Cooking sauces & world foods;italian-cooking-sauces;51;1.4;7.4;5.1;1.6;0.2;null;0.71;
dolmio-lasagne-cheese-sauce-710g;Dolmio Lasagne Cheese Sauce 710g;£1.50/unit;£0.21/100g;Cooking sauces & world foods;italian-cooking-sauces;102;1.1;5.8;2.3;8.1;3.3;null;0.77;
dolmio-lasagne-creamy-light-sauce-470g;Dolmio Lasagne Sauce Creamy Light 470g;£1.80/unit;£0.38/100g;Cooking sauces & world foods;italian-cooking-sauces;86;0.4;6.9;3.2;6.3;2.3;null;0.76;
dolmio-lasagne-creamy-white-sauce-470g;Dolmio Lasagne Creamy White Sauce 470g;£1.80/unit;£0.38/100g;Cooking sauces & world foods;italian-cooking-sauces;98;0.5;6.8;3.4;7.5;2.9;null;0.77;
dolmio-lasagne-kit-extra-onion---bacon-852g;Dolmio Lasagne Kit Extra Onion & Bacon 852g;£4.25/unit;£0.50/100g;Cooking sauces & world foods;italian-cooking-sauces;131;3.3;20.6;5.4;3.5;2.0;null;0.64;
dolmio-lasagne-kit-extra-onion---bacon-852g;Dolmio Lasagne Kit Extra Onion & Bacon 852g;£4.25/unit;£0.50/100g;Cooking sauces & world foods;meal-kits;131;3.3;20.6;5.4;3.5;2.0;null;0.64;
dolmio-lasagne-kit-light-garlic---herb-840g;Dolmio Lasagne Kit Light Garlic & Herb 807g;£4.25/unit;£0.51/100g;Cooking sauces & world foods;italian-cooking-sauces;114;3.2;18.2;3.3;2.8;1.6;null;0.51;
dolmio-lasagne-kit-light-garlic---herb-840g;Dolmio Lasagne Kit Light Garlic & Herb 807g;£4.25/unit;£0.51/100g;Cooking sauces & world foods;meal-kits;114;3.2;18.2;3.3;2.8;1.6;null;0.51;
dolmio-lasagne-onion---garlic-500g;Dolmio Lasagne Sauce Onion & Garlic 500g;£1.80/unit;£0.36/100g;Cooking sauces & world foods;italian-cooking-sauces;20849;1.43;9.43;6.77;0.21;0.00;null;0.8314;
dolmio-lasagne-onion---garlic-750g;Dolmio Lasagne Sauce Onion & Garlic 750g;£1.50/unit;£0.20/100g;Cooking sauces & world foods;italian-cooking-sauces;49;1.4;9.4;6.7;0.2;0.0;null;0.83;
dolmio-lasagne-sauce-light-500g;Dolmio Lasagne Sauce Light 500g;£1.80/unit;£0.36/100g;Cooking sauces & world foods;italian-cooking-sauces;16439;1.33;7.23;4.45;0.21;0.00;null;0.8214;
dolmio-lasagne-tomato-sauce-500g;Dolmio Lasagne Tomato Sauce 500g;£1.80/unit;£0.36/100g;Cooking sauces & world foods;italian-cooking-sauces;19947;1.33;9.23;6.47;0.21;0.00;null;0.8214;
dolmio-lasagne-white-sauce-710g;Dolmio Lasagne White Sauce 710g;£1.50/unit;£0.21/100g;Cooking sauces & world foods;italian-cooking-sauces;98;0.5;6.8;3.4;7.5;2.9;null;0.77;
dolmio-meatball-sauce-with-tomato---garlic-500g;Dolmio Tomato & Garlic Meatball Sauce 500g;£1.80/unit;£0.36/100g;Cooking sauces & world foods;italian-cooking-sauces;37;1.6;6.5;6.0;0.1;0.0;null;0.57;
dolmio-micrwaveable-express-bolognese-sauce-170g;Dolmio Bolognese Sauce Original 170g;£1.50/unit;£0.88/100g;Cooking sauces & world foods;italian-cooking-sauces;56;4.2;7.2;4.1;0.8;0.4;null;0.69;
dolmio-original-bolognese-pasta-sauce-750g;Dolmio Bolognese Sauce Original 750g;£1.50/unit;£0.20/100g;Cooking sauces & world foods;italian-cooking-sauces;44;1.3;7.6;5.9;0.6;0.1;null;0.80;
dolmio-original-bolognese-sauce--light-500g;Dolmio Bolognese Sauce Low Fat 500g;£1.80/unit;£0.36/100g;Cooking sauces & world foods;italian-cooking-sauces;33;1.2;5.9;4.2;0.1;0.0;null;0.80;
dolmio-original-bolognese-sauce-500g;Dolmio Bolognese Sauce Original 500g;£1.80/unit;£0.36/100g;Cooking sauces & world foods;italian-cooking-sauces;44;1.3;7.6;5.9;0.6;0.1;null;0.80;
dolmio-original-lasagne-kit-807g;Dolmio Lasagne Kit 4 Person Original 807g;£4.00/unit;£0.50/100g;Cooking sauces & world foods;italian-cooking-sauces;118;2.9;18.0;4.3;3.5;2.1;null;0.51;
dolmio-original-lasagne-kit-807g;Dolmio Lasagne Kit 4 Person Original 807g;£4.00/unit;£0.50/100g;Cooking sauces & world foods;meal-kits;118;2.9;18.0;4.3;3.5;2.1;null;0.51;
dolmio-original-sauce-for-bolognese-320g;Dolmio Bolognese Sauce Original 320g;£1.50/unit;£0.47/100g;Cooking sauces & world foods;italian-cooking-sauces;44;1.3;7.6;5.9;0.6;0.1;null;0.80;
dolmio-pasta-bake-carbonara-sauce-480g;Dolmio Pasta Bake Sauce, Carbonara 480g;£1.80/unit;£0.38/100g;Cooking sauces & world foods;italian-cooking-sauces;123;1.2;5.3;2.6;10.6;3.3;null;0.80;
dolmio-pasta-bake-roast-mediterranean-vegetables-sauce-500g;Dolmio Pasta Bake Sauce, Roast Mediterranean Vegetable 500g;£1.80/unit;£0.36/100g;Cooking sauces & world foods;italian-cooking-sauces;49;1.2;7.6;5.7;1.2;0.2;null;0.82;
dolmio-pasta-bake-sauce--creamy-tomato-500g;Dolmio Pasta Bake Creamy Tomato 500g;£1.80/unit;£0.36/100g;Cooking sauces & world foods;italian-cooking-sauces;89;1.1;8.6;5.8;5.3;1.8;null;0.80;
dolmio-pasta-bake-sauce--tomato---cheese-500g;Dolmio Pasta Bake Sauce, Tomato & Cheese 500g;£1.80/unit;£0.36/100g;Cooking sauces & world foods;italian-cooking-sauces;56;1.8;8.0;6.5;1.5;0.9;null;0.78;
dolmio-pasta-vita--fusilli-bolognese-300g;Dolmio Pasta Vita Microwaveable Ready Meal Fusilli Bolognese 300g;£1.00/unit;£3.34/kg;Canned, tinned & packaged foods;canned-tinned-packaged-hot-meat-meals;96;4.8;15.6;2.6;1.4;0.3;1.1;0.40;
dolmio-pasta-vita--fusilli-bolognese-300g;Dolmio Pasta Vita Microwaveable Ready Meal Fusilli Bolognese 300g;£1.00/unit;£3.34/kg;Cooking sauces & world foods;world-foods-instant-snack-meals;96;4.8;15.6;2.6;1.4;0.3;1.1;0.40;
dolmio-pasta-vita--fusilli-bolognese-300g;Dolmio Pasta Vita Microwaveable Ready Meal Fusilli Bolognese 300g;£1.00/unit;£3.34/kg;Rice, pasta & noodles;instant-snack-meals;96;4.8;15.6;2.6;1.4;0.3;1.1;0.40;
dolmio-pasta-vita--tomato---basil-300g;Dolmio Pasta Vita, Tomato & Basil 300g;£1.00/unit;£3.34/kg;Canned, tinned & packaged foods;canned-tinned-packaged-hot-meat-meals;95;4.0;16.1;2.9;1.3;0.2;1.2;0.40;
dolmio-pasta-vita--tomato---basil-300g;Dolmio Pasta Vita, Tomato & Basil 300g;£1.00/unit;£3.34/kg;Cooking sauces & world foods;world-foods-instant-snack-meals;95;4.0;16.1;2.9;1.3;0.2;1.2;0.40;
dolmio-pasta-vita--tomato---basil-300g;Dolmio Pasta Vita, Tomato & Basil 300g;£1.00/unit;£3.34/kg;Rice, pasta & noodles;instant-snack-meals;95;4.0;16.1;2.9;1.3;0.2;1.2;0.40;
dolmio-pastavita-carbonara-270g;Dolmio Pasta Vita Microwaveable Ready Meal Carbonara 270g;£1.00/unit;£3.70/kg;Canned, tinned & packaged foods;canned-tinned-packaged-hot-meat-meals;116;4.3;16.2;1.3;3.6;1.8;0.8;0.49;
dolmio-pastavita-carbonara-270g;Dolmio Pasta Vita Microwaveable Ready Meal Carbonara 270g;£1.00/unit;£3.70/kg;Cooking sauces & world foods;world-foods-instant-snack-meals;116;4.3;16.2;1.3;3.6;1.8;0.8;0.49;
dolmio-pastavita-creamy-mushroom-270g;Dolmio Pasta Vita, Creamy Mushroom 270g;£1.00/unit;£3.70/kg;Canned, tinned & packaged foods;canned-tinned-packaged-hot-meat-meals;110;3.9;16.2;1.3;3.1;1.6;0.9;0.41;
dolmio-pastavita-creamy-mushroom-270g;Dolmio Pasta Vita, Creamy Mushroom 270g;£1.00/unit;£3.70/kg;Cooking sauces & world foods;world-foods-instant-snack-meals;110;3.9;16.2;1.3;3.1;1.6;0.9;0.41;
dolmio-recipe-base-creamy-chicken-casserole-170g;Dolmio Recipe Base Creamy Chicken Casserole 170g;£1.00/unit;£0.59/100g;Cooking sauces & world foods;packet-sauces;58;1.3;10.2;2.5;1.1;0.7;null;1.48;
dolmio-recipe-base-italian-sausage-casserole-170g;Dolmio Recipe Base Italian Sausage Casserole 170g;£1.00/unit;£0.59/100g;Cooking sauces & world foods;packet-sauces;49;2.7;8.0;5.9;0.2;0.0;null;1.49;
dolmio-recipe-base-spaghetti-bolognese-sauce-170g;Dolmio Recipe Base Spaghetti Bolognese Sauce 170g;£1.00/unit;£0.59/100g;Cooking sauces & world foods;packet-sauces;50;2.3;9.0;6.7;0.1;0.0;null;1.50;
dolmio-red-lasagne-sauce-750g;Dolmio Lasagne Sauce Tomato 750g;£1.50/unit;£0.20/100g;Cooking sauces & world foods;italian-cooking-sauces;47;1.3;9.2;6.4;0.2;0.0;null;0.82;
dolmio-stir-in-pasta-sauce--creamy-carbonara-150g;Dolmio Stir In Pasta Sauce, Creamy Carbonara 150g;£1.00/unit;£0.67/100g;Cooking sauces & world foods;italian-cooking-sauces;131;3.0;5.1;1.4;10.8;6.7;null;1.30;
dolmio-stir-in-pasta-sauce--garlic---tomato-150g;Dolmio Stir In Pasta Sauce, Garlic & Tomato 150g;£1.00/unit;£0.67/100g;Cooking sauces & world foods;italian-cooking-sauces;109;1.7;10.8;6.4;6.1;0.8;null;1.40;
dolmio-stir-in-pasta-sauce--roasted-vegetables-150g;Dolmio Stir In Pasta Sauce, Roasted Vegetables 150g;£1.00/unit;£0.67/100g;Cooking sauces & world foods;italian-cooking-sauces;107;1.4;9.6;5.8;6.6;0.9;null;1.31;
dolmio-stir-in-pasta-sauce--smoked-bacon---tomato-150g;Dolmio Stir-in Pasta Sauce Smoked Bacon & Tomato 150g;£1.00/unit;£0.67/100g;Cooking sauces & world foods;italian-cooking-sauces;100;4.7;7.2;4.3;5.6;1.6;null;1.32;
dolmio-stir-in-pasta-sauce--spicy-pepperoni---tomato-150g;Dolmio Stir In Pasta Sauce, Spicy Pepperoni & Tomato 150g;£1.00/unit;£0.67/100g;Cooking sauces & world foods;italian-cooking-sauces;156;3.3;9.4;6.5;11.4;3.0;null;1.48;
dolmio-stir-in-pasta-sauce--sun-dried-tomato-150g;Dolmio Stir-in Pasta Sauce Sun-Dried Tomato 150g;£1.00/unit;£0.67/100g;Cooking sauces & world foods;italian-cooking-sauces;127;1.7;10.5;6.3;8.3;1.1;null;1.41;
dolmio-stir-in-pasta-sauce--sun-dried-tomato-light-150g;Dolmio Stir In Pasta Sauce, Sun Dried Tomato Light 150g;£1.00/unit;£0.67/100g;Cooking sauces & world foods;italian-cooking-sauces;88;1.8;10.5;5.7;3.9;0.6;null;1.39;
dolmio-stir-in-pasta-sauce--sweet-pepper-150g;Dolmio Stir In Pasta Sauce, Sweet Pepper 150g;£1.00/unit;£0.67/100g;Cooking sauces & world foods;italian-cooking-sauces;103;1.4;9.6;6.1;6.2;0.8;null;1.25;
dolmio-stir-in-tomato---basil-150g;Dolmio Stir In Pasta Sauce, Tomato & Basil 150g;£1.00/unit;£0.67/100g;Cooking sauces & world foods;italian-cooking-sauces;108;1.8;10.3;7.1;6.2;0.8;null;1.40;
dolmio-stir-in-tomato---chilli-150g;Dolmio Stir In Pasta Sauce, Tomato & Chilli 150g;£1.00/unit;£0.67/100g;Cooking sauces & world foods;italian-cooking-sauces;103;1.7;9.8;6.7;6.0;0.8;null;1.47;
dolmio-tomato---basil-meatball-sauce-500g;Dolmio Meatballs Pasta Sauce Tomato & Basil 500g;£1.80/unit;£0.36/100g;Cooking sauces & world foods;italian-cooking-sauces;34;1.5;6.2;5.9;0.1;0.0;null;0.56;
dolmio-tomato---basil-microwaveable-pasta-sauce-170g;Dolmio Tomato & Basil Pasta Sauce 170g;£1.50/unit;£0.88/100g;Cooking sauces & world foods;italian-cooking-sauces;51;1.5;8.4;5.8;1.0;0.1;null;0.63;
dolmio-tomato---chilli-meatball-sauce-500g;Dolmio Tomato & Chilli Meatball Sauce 500g;£1.80/unit;£0.36/100g;Cooking sauces & world foods;italian-cooking-sauces;36;1.5;6.3;6.0;0.1;0.0;null;0.57;
doria-amaretti-250g;Doria Amaretti 250g;£2.00/unit;£0.80/100g;Biscuits & crackers;luxury-continental-biscuits;414;63;79;74;75;07;null;032;
doria-doriano-italian-crackers-240g;Doria Doriano Italian Crackers 240g;£1.25/unit;£0.52/100g;Biscuits & crackers;crackers-savoury-biscuits;null;null;null;null;null;null;null;null;
doria-italian-ratafias-150g;Doria Italian Ratafias 150g;£1.50/unit;£1.00/100g;Biscuits & crackers;luxury-continental-biscuits;null;null;null;null;null;null;null;null;
doritos-bbq-rib-corn-chips-200g;Doritos BBQ Rib Corn Chips 200g;£1.00/unit;£0.50/100g;Crisps, nuts & snacking fruit;crisps;493;6.2;56.0;3.4;25.6;2.1;6.9;1.78;
doritos-chilli-heatwave-corn-chips-225g;Doritos Chilli Heatwave Corn Chips 200g;£1.00/unit;£0.50/100g;Crisps, nuts & snacking fruit;crisps;494;6.7;56.5;4.8;25.3;2.0;6.7;1.37;
doritos-chilli-heatwave-corn-chips-225g;Doritos Chilli Heatwave Corn Chips 200g;£1.00/unit;£0.50/100g;Crisps, nuts & snacking fruit;tortillas-dips;494;6.7;56.5;4.8;25.3;2.0;6.7;1.37;
doritos-chilli-heatwave-x6-30g;Doritos Chilli Heatwave Corn Chips 6x30g;£1.50/unit;£0.83/100g;Crisps, nuts & snacking fruit;crisps;494;6.7;56.5;4.8;25.3;2.0;6.7;1.37;
doritos-cool-original-40g;Doritos Cool Original Corn Chips 40g;£0.65/unit;£1.63/100g;Crisps, nuts & snacking fruit;crisps;497;7.0;54.8;3.9;26.3;2.5;6.7;1.91;
doritos-cool-original-corn-chips-225g;Doritos Cool Original Corn Chips 200g;£1.00/unit;£0.50/100g;Crisps, nuts & snacking fruit;crisps;497;7.0;54.8;3.9;26.3;2.5;6.7;1.91;
doritos-cool-original-corn-chips-225g;Doritos Cool Original Corn Chips 200g;£1.00/unit;£0.50/100g;Crisps, nuts & snacking fruit;tortillas-dips;497;7.0;54.8;3.9;26.3;2.5;6.7;1.91;
doritos-dip-nacho-cheese-300g;Doritos Nacho Cheese Dip 300g;£1.00/unit;£0.34/100g;Crisps, nuts & snacking fruit;tortillas-dips;231;3.4;8.5;3.3;20.2;3.3;0.6;1.03;
doritos-dip-sour-cream---chive-300g;Doritos Sour Cream & Chive Dip 300g;£1.00/unit;£0.34/100g;Crisps, nuts & snacking fruit;tortillas-dips;244;2.6;6.4;3.2;22.9;3.8;0.8;0.98;
doritos-hint-of-lime-225g;Doritos Hint of Lime Corn Chips 200g;£1.00/unit;£0.50/100g;Crisps, nuts & snacking fruit;crisps;498;6.2;56.5;1.8;25.9;2.2;7.0;1.25;
doritos-hint-of-lime-225g;Doritos Hint of Lime Corn Chips 200g;£1.00/unit;£0.50/100g;Crisps, nuts & snacking fruit;tortillas-dips;498;6.2;56.5;1.8;25.9;2.2;7.0;1.25;
doritos-hot-salsa-dip-326g;Doritos Hot Salsa Dip 300g;£1.00/unit;£0.34/100g;Crisps, nuts & snacking fruit;tortillas-dips;33;1.1;6.4;4;0.1;0.1;0.9;1.40;
doritos-lightly-salted-225g;Doritos Lightly Salted Corn Chips 200g;£1.00/unit;£0.50/100g;Crisps, nuts & snacking fruit;crisps;487;6.4;58.8;0.9;23.4;1.9;7.6;0.74;
doritos-lightly-salted-225g;Doritos Lightly Salted Corn Chips 200g;£1.00/unit;£0.50/100g;Crisps, nuts & snacking fruit;tortillas-dips;487;6.4;58.8;0.9;23.4;1.9;7.6;0.74;
doritos-mild-salsa-dip-326g;Doritos Mild Salsa Dip 326g;£1.00/unit;£0.34/100g;Crisps, nuts & snacking fruit;tortillas-dips;33;1.2;6.6;4.1;0.1;0.1;1;1.38;
doritos-tangy-cheese-132g;Doritos Tangy Cheese Corn Chips 102g;£1.50/unit;£1.47/100g;Crisps, nuts & snacking fruit;crisps;499;6.8;55.4;2.6;26.3;2.4;6.7;1.27;
doritos-tangy-cheese-132g;Doritos Tangy Cheese Corn Chips 102g;£1.50/unit;£1.47/100g;Crisps, nuts & snacking fruit;tortillas-dips;499;6.8;55.4;2.6;26.3;2.4;6.7;1.27;
doritos-tangy-cheese-40g;Doritos Tangy Cheese Corn Chips 40g;£0.65/unit;£1.63/100g;Crisps, nuts & snacking fruit;crisps;499;6.8;55.4;2.6;26.3;2.4;6.7;1.27;
doritos-tangy-cheese-corn-chips-225g;Doritos Tangy Cheese Corn Chips 200g;£1.00/unit;£0.50/100g;Crisps, nuts & snacking fruit;crisps;499;6.8;55.4;2.6;26.3;2.4;6.7;1.27;
doritos-tangy-cheese-corn-chips-225g;Doritos Tangy Cheese Corn Chips 200g;£1.00/unit;£0.50/100g;Crisps, nuts & snacking fruit;tortillas-dips;499;6.8;55.4;2.6;26.3;2.4;6.7;1.27;
doritos-tangy-cheese-x6-30g;Doritos Tangy Cheese Corn Chips 6x30g;£1.50/unit;£0.83/100g;Crisps, nuts & snacking fruit;crisps;507;8.2;57.1;3.4;26.5;3.0;3.0;1.80;
doritos-variety-x12-30g;Doritos Variety Pack Corn Chips 12x30g;£2.75/unit;£0.76/100g;Crisps, nuts & snacking fruit;crisps;497;7.0;54.8;3.9;26.3;2.5;6.7;1.91;
doritos-variety-x12-30g;Doritos Variety Pack Corn Chips 12x30g;£2.75/unit;£0.76/100g;Crisps, nuts & snacking fruit;tortillas-dips;497;7.0;54.8;3.9;26.3;2.5;6.7;1.91;
dorset-berries---cherries-800g;Dorset Cereals Berries & Cherries 800g;£3.80/unit;£0.48/100g;Breakfast cereals;bigger-packs;332;7;67;36;2.1;0.3;8.3;0.02;
dorset-berries---cherries-800g;Dorset Cereals Berries & Cherries 800g;£3.80/unit;£0.48/100g;Breakfast cereals;muesli-granola-clusters;332;7;67;36;2.1;0.3;8.3;0.02;
dorset-cereals-gloriously-nutty-600g;Dorset Cereals Gloriously Nutty 600g;£3.80/unit;£0.63/100g;Breakfast cereals;muesli-granola-clusters;388;11;53;24;13;1.7;9.3;0.02;
dorset-cereals-oat-granola-550g;Dorset Cereals Oat Granola 550g;£3.00/unit;£0.55/100g;Breakfast cereals;muesli-granola-clusters;443;8.8;60;15;17;2.1;7.4;0.2;
dorset-cereals-simply-fruity-muesli-820g;Dorset Cereals Simply Fruity Muesli 820g;£2.80/unit;£0.34/100g;Breakfast cereals;bigger-packs;337;7.3;68;26;2.4;0.4;6.8;0.06;
dorset-cereals-simply-fruity-muesli-820g;Dorset Cereals Simply Fruity Muesli 820g;£2.80/unit;£0.34/100g;Breakfast cereals;muesli-granola-clusters;337;7.3;68;26;2.4;0.4;6.8;0.06;
dorset-cereals-simply-nut-granola-550g;Dorset Cereals Simply Nut Granola 550g;£3.00/unit;£0.55/100g;Breakfast cereals;muesli-granola-clusters;500;11;48;13;27;5.6;8.3;0.1;
dorset-cereals-simply-nutty-700g;Dorset Cereals Simply Nutty 700g;£2.80/unit;£0.40/100g;Breakfast cereals;muesli-granola-clusters;378;11;58;14;9.2;1.5;11;0.02;
dorset-honey-granola-550g;Dorset Cereals Honey Granola 550g;£3.80/unit;£0.69/100g;Breakfast cereals;muesli-granola-clusters;484;13;51;13;25;2.8;5.6;0.04;
dorset-muesli-variety-pack-510g-%286x85g%29;Dorset Cereals Muesli Variety Pack 510g (6x85g);£4.30/unit;£0.84/100g;Breakfast cereals;muesli-granola-clusters;337;7.3;68;26;2.4;0.4;6.8;0.06;
dorset-roasted-hazelnut---raisins-700g;Dorset Cereals Roasted Nuts & Seeds 700g;£3.80/unit;£0.54/100g;Breakfast cereals;muesli-granola-clusters;383;10;58;23;8.9;1.1;8.6;0.02;
dorset-simply-delicious-muesli-850g;Dorset Cereals Simply Delicious Muesli 850g;£2.80/unit;£0.33/100g;Breakfast cereals;bigger-packs;356;9.9;58;17;7.4;1.1;8.9;0.02;
dorset-simply-delicious-muesli-850g;Dorset Cereals Simply Delicious Muesli 850g;£2.80/unit;£0.33/100g;Breakfast cereals;muesli-granola-clusters;356;9.9;58;17;7.4;1.1;8.9;0.02;
dorset-tasty-brazil---hazelnut-muesli-650g;Dorset Cereals Toasted Hazelnut & Brazil Muesli 650g;£3.80/unit;£0.58/100g;Breakfast cereals;muesli-granola-clusters;409;9.8;56;15;14;5.5;9;0.4;
dorset-tasty-toasted-spelt--fruit---nut-museli-690g;Dorset Cereals Toasted Spelt, Fruit & Nut Muesli 690g;£3.80/unit;£0.58/100g;Breakfast cereals;muesli-granola-clusters;380;9.2;62;27;9.2;1.1;7.4;0.72;
dorset-tasty-toasty-berry-muesli-650g;Dorset Cereals Toasted Raspberry & Apple Muesli 650g;£3.80/unit;£0.58/100g;Breakfast cereals;muesli-granola-clusters;365;8.5;67;19;5.2;0.9;9.2;0.5;
dorst-cereal-chocolate---macadamia-granola-550g;Dorset Cereals Chocolate, Macadamia & Almond Granola 550g;£3.80/unit;£0.69/100g;Breakfast cereals;muesli-granola-clusters;456;8.6;54;24;22;4.1;7.2;0.15;
double-freesia;Sainsbury's Double Freesia x20;£3.00/unit;£3.00/ea;Flowers & seeds;flowers---seeds;null;null;null;null;null;null;null;null;
doves-farm-corn-flour-110g;Doves Farm Gluten Free Organic Corn Flour 110g;£1.59/unit;£1.45/100g;Sugar & home baking;flour;385;0.4;87.0;0.0;0.1;0.0;0.9;0.08;
doves-farm-gluten-free-self-raising-flour-1kg;Doves Farm Gluten Free Self Raising Flour 1kg;£1.70/unit;£1.70/kg;Sugar & home baking;flour;344;5.5;78.1;0.1;1.0;0.3;1.4;null;
doves-farm-malthouse-flour-1kg;Doves Farm Organic Malthouse Flour 1kg;£1.60/unit;£1.60/kg;Sugar & home baking;flour;325;12.3;64.5;1.2;2.0;0.3;7.6;0.13;
doves-farm-organic-white-flour--farm-1kg;Doves Farm Organic White Flour 1kg;£1.75/unit;£1.75/kg;Sugar & home baking;flour;339;10.0;71.3;0.9;1.6;0.3;4.5;0.13;
doves-farm-quick-yeast-125g;Doves Farm Gluten Free Quick Yeast 125g;£1.15/unit;£0.92/100g;Sugar & home baking;baking-ingredients---colourings;null;null;null;null;null;null;null;null;
doves-farm-quick-yeast-125g;Doves Farm Gluten Free Quick Yeast 125g;£1.15/unit;£0.92/100g;Sugar & home baking;flour;null;null;null;null;null;null;null;null;
doves-farm-spelt-flour--organic-1kg;Doves Farm Organic Spelt Flour 1kg;£2.00/unit;£2.00/kg;Sugar & home baking;flour;330;13.3;63.6;1.3;2.5;0.4;8.5;0.03;
doves-farm-strong-white-flour--organic-15kg;Doves Farm Organic Strong White Flour 1.5kg;£2.00/unit;£1.33/kg;Sugar & home baking;flour;335;12.6;67.4;1.5;1.7;0.3;4.6;0.13;
doves-farm-strong-wholemeal-flour--organic-15kg;Doves Farm Organic Strong Wholemeal Flour 1.5kg;£2.00/unit;£1.33/kg;Sugar & home baking;flour;311;12.6;62.6;1.6;2.5;0.4;11.2;0.13;
doves-farm-white-self-raising-flour--organic-1kg;Doves Farm Organic White Self Raising Flour 1kg;£1.75/unit;£1.75/kg;Sugar & home baking;flour;333;10.0;69.7;0.6;1.6;0.3;3.8;0.6;
doves-farm-xanthan-gum-100g;Doves Farm Gluten Free Xanthan Gum 100g;£2.35/unit;£23.50/kg;Sugar & home baking;baking-ingredients---colourings;null;null;null;null;null;null;null;null;
doves-organic-fine-plain-wholemeal-flour-1kg;Doves Farm Organic Fine Plain Wholemeal Flour 1kg;£1.75/unit;£1.75/kg;Sugar & home baking;flour;319;9.9;64.3;1.5;2.4;0.4;10.6;0.13;
doves-organic-pasta-flour-1kg;Doves Farm Organic Pasta Flour 1kg;£1.60/unit;£1.60/kg;Sugar & home baking;flour;350;14.3;66.9;0.9;1.8;0.3;3.5;0.25;
doves-organic-self-raising-wholemeal-flour-1kg;Doves Farm Organic Self Raising Wholemeal Flour 1kg;£1.75/unit;£1.75/kg;Sugar & home baking;flour;329;12.2;60.2;0.9;2.0;0.3;10.6;0.6;
doves-organic-white-spelt-flour-1kg;Doves Farm Organic White Spelt Flour 1kg;£2.00/unit;£2.00/kg;Sugar & home baking;flour;342;13.8;67.2;0.5;2.0;0.4;4.4;0.13;
doves-organic-wholegrain-rye-flour-1kg;Doves Farm Organic Wholegrain Rye Flour 1kg;£1.60/unit;£1.60/kg;Sugar & home baking;flour;304;7.8;64.1;1.6;1.9;0.3;13.4;0.13;
dr-karg-organic-emmental-crispbreads-200g;Dr Karg Organic Emmental Crispbreads 200g;£2.00/unit;£1.00/100g;Biscuits & crackers;crackers-savoury-biscuits;456;19.6;41.1;1.8;20.9;5.5;12.4;2.0;
dr-karg-organic-emmental-crispbreads-200g;Dr Karg Organic Emmental Crispbreads 200g;£2.00/unit;£1.00/100g;Biscuits & crackers;healthier-biscuits-crackers;456;19.6;41.1;1.8;20.9;5.5;12.4;2.0;
dr-karg-organic-seeded-crispbread--3-grains--3-seeds-200g;Dr Karg Organic Seeded Crispbread, 3 Grains + 3 Seeds 200g;£2.00/unit;£1.00/100g;Biscuits & crackers;crackers-savoury-biscuits;465;17.1;46.4;1.4;21.2;3.5;9.9;1.7;
dr-oetker-bicarbonate-of-soda-200g-7601667-p-44;Dr. Oetker Bicarbonate of Soda 200g;£1.35/unit;£6.75/kg;Sugar & home baking;baking-ingredients---colourings;null;null;null;null;null;null;null;null;
dr-oetker-bicarbonate-of-soda-sachets-6x7g;Dr. Oetker Bicarbonate of Soda Sachets 6x7g;£1.00/unit;£23.81/kg;Sugar & home baking;baking-ingredients---colourings;null;null;null;null;null;null;null;null;
dr-oetker-bright-red-food-colour-gel-10g;Dr. Oetker Gel Food Colour, Bright Red 10g;£1.30/unit;£1.30/10g;Sugar & home baking;baking-ingredients---colourings;null;null;null;null;null;null;null;null;
dr-oetker-cake-decorations-ocean-pearls-50g;Dr. Oetker Cake Decorations Ocean Pearls 50g;£1.30/unit;£2.60/100g;Sugar & home baking;decorations;378;0.4;93;87;0.3;0.1;null;0.11;
dr-oetker-cake-release-spray-125g;Dr. Oetker Cake Release Spray 125g;£2.30/unit;£1.84/100g;Sugar & home baking;baking-ingredients---colourings;null;null;null;null;null;null;null;null;
dr-oetker-cake-release-spray-125g;Dr. Oetker Cake Release Spray 125g;£2.30/unit;£1.84/100g;Sugar & home baking;cake-cases---baking-accessories;null;null;null;null;null;null;null;null;
dr-oetker-celebration-candles;Dr. Oetker Celebration Candles;£1.70/unit;£1.70/unit;Sugar & home baking;cake-cases---baking-accessories;null;null;null;null;null;null;null;null;
dr-oetker-chocolate-chunks--milk-100g;Dr. Oetker Chocolate Chunks Milk 100g;£1.00/unit;£1.00/100g;Sugar & home baking;cooking-chocolate;null;null;null;null;null;null;null;null;
dr-oetker-chocolate-chunks--white-100g;Dr. Oetker Chocolate Chunks White 100g;£1.50/unit;£1.50/100g;Sugar & home baking;cooking-chocolate;null;null;null;null;null;null;null;null;
dr-oetker-chocolate-cupcake-icing-180g;Dr. Oetker Easy Swirl Cupcake Icing Chocolate 180g;£3.50/unit;£1.94/100g;Sugar & home baking;decorations;393;1.6;64;56;16;4.4;null;0.24;
dr-oetker-chocolate-cupcake-icing-180g;Dr. Oetker Easy Swirl Cupcake Icing Chocolate 180g;£3.50/unit;£1.94/100g;Sugar & home baking;icing---marzipan;393;1.6;64;56;16;4.4;null;0.24;
dr-oetker-chocolatey-cake-covering-bar-150g;Dr. Oetker Chocolatey Cake Covering Bar 150g;£1.00/unit;£0.67/100g;Sugar & home baking;cooking-chocolate;null;null;null;null;null;null;null;null;
dr-oetker-chocolatey-cake-covering-bar-150g;Dr. Oetker Chocolatey Cake Covering Bar 150g;£1.00/unit;£0.67/100g;Sugar & home baking;icing---marzipan;null;null;null;null;null;null;null;null;
dr-oetker-cream-of-tartar-sachets-x6-56g;Dr. Oetker Cream of Tartar Sachets x6 56g;£1.00/unit;£33.33/kg;Sugar & home baking;baking-ingredients---colourings;null;null;null;null;null;null;null;null;
dr-oetker-edible-wafer-cupcake-cases-5g;Dr. Oetker Edible Wafer Cupcake Cases 5g;£1.75/unit;£35.00/100g;Sugar & home baking;cake-cases---baking-accessories;null;null;null;null;null;null;null;null;
dr-oetker-egg-white-powder-sachet-20g;Dr. Oetker Free Range Egg White Powder Sachets 4x5g;£1.10/unit;£5.50/100g;Butter, spreads & baking;cooking-and-baking1;367;84;6.8;0;0.2;0;null;0.8;
dr-oetker-egg-white-powder-sachet-20g;Dr. Oetker Free Range Egg White Powder Sachets 4x5g;£1.10/unit;£5.50/100g;Sugar & home baking;baking-ingredients---colourings;367;84;6.8;0;0.2;0;null;0.8;
dr-oetker-extra-dark-chocolate-chunks-100g;Dr. Oetker Extra Dark Chocolate Chunks 100g;£1.50/unit;£1.50/100g;Sugar & home baking;cooking-chocolate;null;null;null;null;null;null;null;null;
dr-oetker-fine-cooks-milk-chocolate-bar-150g;Dr. Oetker Fine Cooks Chocolate Milk 150g;£1.60/unit;£10.67/kg;Sugar & home baking;cooking-chocolate;null;null;null;null;null;null;null;null;
dr-oetker-fine-cooks-white-chocolate-bar-150g;Dr. Oetker Fine Cooks Chocolate White 150g;£1.60/unit;£10.67/kg;Sugar & home baking;cooking-chocolate;null;null;null;null;null;null;null;null;
dr-oetker-fine-dark-cocoa-powder-3x25g;Dr. Oetker Fine Dark Cocoa Powder 3x25g;£1.50/unit;£2.00/100g;Sugar & home baking;baking-ingredients---colourings;null;null;null;null;null;null;null;null;
dr-oetker-fine-plain-cooks-chocolate-bar-150g;Dr. Oetker Fine Cooks Chocolate Dark 150g;£1.60/unit;£10.67/kg;Sugar & home baking;cooking-chocolate;null;null;null;null;null;null;null;null;
dr-oetker-gel-food-colour--lime-green-10g;Dr. Oetker Gel Food Colour, Lime Green 10g;£1.30/unit;£1.30/10g;Sugar & home baking;baking-ingredients---colourings;null;null;null;null;null;null;null;null;
dr-oetker-gel-food-colour--ultra-violet-10g;Dr. Oetker Gel Food Colour, Ultra Violet 10g;£1.30/unit;£1.30/10g;Sugar & home baking;baking-ingredients---colourings;null;null;null;null;null;null;null;null;
dr-oetker-gelatine-sachet-36g;Dr. Oetker Gelatine Sachets 3x12g;£1.10/unit;£3.06/100g;Sugar & home baking;baking-ingredients---colourings;null;null;null;null;null;null;null;null;
dr-oetker-giant-chocolate-stars-12g;Dr. Oetker Giant Chocolate Stars 12g;£1.50/unit;£12.50/100g;Sugar & home baking;decorations;null;null;null;null;null;null;null;null;
dr-oetker-gluten-free-baking-powder-170g;Dr. Oetker Gluten Free Baking Powder 170g;£1.35/unit;£7.94/kg;Sugar & home baking;baking-ingredients---colourings;null;null;null;null;null;null;null;null;
dr-oetker-gluten-free-baking-powder-sachets-6x5g;Dr. Oetker Gluten Free Baking Powder Sachets 6x5g;£1.00/unit;£33.33/kg;Sugar & home baking;baking-ingredients---colourings;null;null;null;null;null;null;null;null;
dr-oetker-gold-shimmer-spray-100g;Dr. Oetker Gold Shimmer Spray 100g;£4.00/unit;£4.00/100g;Sugar & home baking;decorations;487;0;0;0;5.0;4.5;null;0;
dr-oetker-ground-arrowroot-6x8g;Dr. Oetker Ground Arrowroot 6x8g;£1.00/unit;£20.83/kg;Sugar & home baking;baking-ingredients---colourings;355;0;85;0;0;0;null;0;
dr-oetker-happy-birthday-candles;Dr. Oetker Happy Birthday Pickstick Candles;£1.50/unit;£1.50/unit;Sugar & home baking;cake-cases---baking-accessories;null;null;null;null;null;null;null;null;
dr-oetker-heart-marshmallows-white---pink-100g;Dr. Oetker Heart Marshmallows White & Pink 100g;£1.90/unit;£1.90/100g;Sugar & home baking;decorations;null;null;null;null;null;null;null;null;
dr-oetker-leaf-gelatine-13g;Dr. Oetker Leaf Gelatine 13g;£1.30/unit;£10.00/100g;Sugar & home baking;baking-ingredients---colourings;null;null;null;null;null;null;null;null;
dr-oetker-madagascan-vanilla-grinder-12g;Dr. Oetker Madagascan Vanilla Grinder 12g;£5.00/unit;£41.67/100g;Sugar & home baking;baking-ingredients---colourings;323;5.1;38;15;9.0;1.2;36;0.01;
dr-oetker-neon-sugar-100g;Dr. Oetker Neon Sugar 100g;£2.50/unit;£2.50/100g;Sugar & home baking;decorations;404;0;99;99;0.1;0;null;0;
dr-oetker-party-candles-x18;Dr. Oetker Party Candles x18;£0.70/unit;£0.70/ea;Sugar & home baking;cake-cases---baking-accessories;null;null;null;null;null;null;null;null;
dr-oetker-pink-cupcake-icing-180g;Dr. Oetker Easy Swirl Cupcake Icing Pink Vanilla 180g;£3.50/unit;£1.94/100g;Sugar & home baking;decorations;425;0;67;62;17;5.0;null;0.24;
dr-oetker-pink-cupcake-icing-180g;Dr. Oetker Easy Swirl Cupcake Icing Pink Vanilla 180g;£3.50/unit;£1.94/100g;Sugar & home baking;icing---marzipan;425;0;67;62;17;5.0;null;0.24;
dr-oetker-silver-shimmer-spray-100g;Dr. Oetker Silver Shimmer Spray 100g;£4.00/unit;£4.00/100g;Sugar & home baking;decorations;487;0;0;0;5.0;4.5;null;0;
dr-oetker-sky-blue-colour-gel-10g;Dr. Oetker Gel Food Colour, Sky Blue 10g;£1.30/unit;£1.30/10g;Sugar & home baking;baking-ingredients---colourings;null;null;null;null;null;null;null;null;
dr-oetker-sunshine-yellow-food-gel-10g;Dr. Oetker Gel Food Colour, Sunshine Yellow 10g;£1.30/unit;£1.30/10g;Sugar & home baking;baking-ingredients---colourings;null;null;null;null;null;null;null;null;
dr-oetker-surprise-inside-cupcake-centres-rich-chocolate-140g;Dr. Oetker Surprise Inside Cupcake Centres Rich Chocolate 140g;£2.00/unit;£1.43/100g;Sugar & home baking;cake-sweet-mixes;null;null;null;null;null;null;null;null;
dr-oetker-surprise-inside-cupcake-centres-rich-chocolate-140g;Dr. Oetker Surprise Inside Cupcake Centres Rich Chocolate 140g;£2.00/unit;£1.43/100g;Sugar & home baking;icing---marzipan;null;null;null;null;null;null;null;null;
dr-oetker-surprise-inside-cupcake-centres-salted-caramel-140g;Dr. Oetker Surprise Inside Cupcake Centres Salted Caramel 140g;£2.00/unit;£1.43/100g;Sugar & home baking;cake-sweet-mixes;294;0.6;59;45;6.3;5.3;null;0.67;
dr-oetker-surprise-inside-cupcake-centres-salted-caramel-140g;Dr. Oetker Surprise Inside Cupcake Centres Salted Caramel 140g;£2.00/unit;£1.43/100g;Sugar & home baking;icing---marzipan;294;0.6;59;45;6.3;5.3;null;0.67;
dr-oetker-vanilla-cupcake-icing-180g;Dr. Oetker Easy Swirl Cupcake Icing Vanilla 180g;£3.50/unit;£1.94/100g;Sugar & home baking;decorations;425;0;67;62;17;5.0;null;0.24;
dr-oetker-vanilla-cupcake-icing-180g;Dr. Oetker Easy Swirl Cupcake Icing Vanilla 180g;£3.50/unit;£1.94/100g;Sugar & home baking;icing---marzipan;425;0;67;62;17;5.0;null;0.24;
dr-oetker-vegetable-gel-sachet-195g;Dr. Oetker Vege-Gel Sachets 3x6.5g;£1.10/unit;£5.64/100g;Sugar & home baking;baking-ingredients---colourings;260;0;55;55;0;0;20;1.3;
dr-oetker-wafer-daisies-2g;Dr. Oetker Wafer Daisies x12 2g;£1.50/unit;£0.13/ea;Sugar & home baking;decorations;null;null;null;null;null;null;null;null;
dr-oetker-zebra-chocolate-triangles-27g;Dr. Oetker Zebra Chocolate Triangles 27g;£2.00/unit;£7.41/100g;Sugar & home baking;decorations;null;null;null;null;null;null;null;null;
drifter-8-pack-1576g;Drifter X8 157.6g;£1.40/unit;£0.89/100g;Biscuits & crackers;chocolate-biscuits;482;4.0;69.6;55.2;20.5;13.3;1.2;0.28;
droetker-brights-writing-icing-76g;Dr. Oetker Writing Icing Brights 4x19g;£2.30/unit;£3.03/100g;Sugar & home baking;decorations;null;null;null;null;null;null;null;null;
droetker-brights-writing-icing-76g;Dr. Oetker Writing Icing Brights 4x19g;£2.30/unit;£3.03/100g;Sugar & home baking;icing---marzipan;null;null;null;null;null;null;null;null;
droetker-chocolate-hearts-40g;Dr. Oetker Chocolate Hearts 40g;£1.50/unit;£3.75/100g;Sugar & home baking;decorations;null;null;null;null;null;null;null;null;
droetker-fruity-writing-icing-76g;Dr. Oetker Writing Icing Fruity 4x19g;£2.30/unit;£3.03/100g;Sugar & home baking;decorations;277;0;54;47;6.1;2.7;null;0.1;
droetker-fruity-writing-icing-76g;Dr. Oetker Writing Icing Fruity 4x19g;£2.30/unit;£3.03/100g;Sugar & home baking;icing---marzipan;277;0;54;47;6.1;2.7;null;0.1;
droetker-glucose-syrup-tube-140g;Dr. Oetker Glucose Syrup Tube 140g;£1.10/unit;£0.79/100g;Sugar & home baking;baking-ingredients---colourings;320;0;81;55;0;0;null;0.01;
droetker-glycerine-38g;Dr. Oetker Glycerine 38g;£0.90/unit;£2.37/100g;Sugar & home baking;baking-ingredients---colourings;null;null;null;null;null;null;null;null;
droetker-hot-pink-food-colour-gel-10g;Dr. Oetker Gel Food Colour, Hot Pink 10g;£1.30/unit;£1.30/10g;Sugar & home baking;baking-ingredients---colourings;null;null;null;null;null;null;null;null;
droetker-ivory-icing-1kg;Dr. Oetker Ready to Roll Regal Ice Icing Ivory 1kg;£3.00/unit;£0.30/100g;Sugar & home baking;icing---marzipan;386;0;90;88;3.2;1.7;null;0.2;
droetker-jet-black-food-colour-gel-10g;Dr. Oetker Gel Food Colour, Jet Black 10g;£1.30/unit;£1.30/10g;Sugar & home baking;baking-ingredients---colourings;null;null;null;null;null;null;null;null;
droetker-marzipan-454g;Dr. Oetker Ready to Roll Marzipan 454g;£2.50/unit;£0.55/100g;Sugar & home baking;icing---marzipan;null;null;null;null;null;null;null;null;
droetker-neon-glitter-writing-icing-76g;Dr. Oetker Writing Gel Neon Glitter 4x19g;£2.30/unit;£3.03/100g;Sugar & home baking;decorations;null;null;null;null;null;null;null;null;
droetker-neon-glitter-writing-icing-76g;Dr. Oetker Writing Gel Neon Glitter 4x19g;£2.30/unit;£3.03/100g;Sugar & home baking;icing---marzipan;null;null;null;null;null;null;null;null;
droetker-neon-orange-food-gel-10g;Dr. Oetker Gel Food Colour, Neon Orange 10g;£1.30/unit;£1.30/10g;Sugar & home baking;baking-ingredients---colourings;null;null;null;null;null;null;null;null;
droetker-number-candle---0;Dr. Oetker Number Candle - 0;£0.70/unit;£0.70/unit;Sugar & home baking;cake-cases---baking-accessories;null;null;null;null;null;null;null;null;
droetker-number-candle---1;Dr. Oetker Number Candle - 1;£0.70/unit;£0.70/ea;Sugar & home baking;cake-cases---baking-accessories;null;null;null;null;null;null;null;null;
droetker-number-candle---2;Dr. Oetker Number Candle - 2;£0.70/unit;£0.70/unit;Sugar & home baking;cake-cases---baking-accessories;null;null;null;null;null;null;null;null;
droetker-number-candle---3;Dr. Oetker Number Candle - 3;£0.70/unit;£0.70/unit;Sugar & home baking;cake-cases---baking-accessories;null;null;null;null;null;null;null;null;
droetker-number-candle---4;Dr. Oetker Number Candle - 4;£0.70/unit;£0.70/ea;Sugar & home baking;cake-cases---baking-accessories;null;null;null;null;null;null;null;null;
droetker-number-candle---5;Dr. Oetker Number Candle - 5;£0.70/unit;£0.70/unit;Sugar & home baking;cake-cases---baking-accessories;null;null;null;null;null;null;null;null;
droetker-number-candle---6;Dr. Oetker Number Candle - 6;£0.70/unit;£0.70/unit;Sugar & home baking;cake-cases---baking-accessories;null;null;null;null;null;null;null;null;
droetker-number-candle---7;Dr. Oetker Number Candle - 7;£0.70/unit;£0.70/unit;Sugar & home baking;cake-cases---baking-accessories;null;null;null;null;null;null;null;null;
droetker-number-candle---8;Dr. Oetker Number Candle - 8;£0.70/unit;£0.70/unit;Sugar & home baking;cake-cases---baking-accessories;null;null;null;null;null;null;null;null;
droetker-number-candle---9;Dr. Oetker Number Candle - 9;£0.70/unit;£0.70/ea;Sugar & home baking;cake-cases---baking-accessories;null;null;null;null;null;null;null;null;
droetker-ready-rolled-icing-450g;Dr. Oetker Ready Rolled Icing 450g;£3.80/unit;£0.84/100g;Sugar & home baking;icing---marzipan;null;null;null;null;null;null;null;null;
droetker-ready-rolled-marzipan-400g;Dr. Oetker Ready Rolled Marzipan 400g;£3.80/unit;£0.95/100g;Sugar & home baking;icing---marzipan;null;null;null;null;null;null;null;null;
droetker-ready-to-roll-regalice-colours-500g;Dr. Oetker Ready to Roll Regal Ice Coloured Icing 500g;£2.00/unit;£0.40/100g;Sugar & home baking;decorations;null;null;null;null;null;null;null;null;
droetker-ready-to-roll-regalice-colours-500g;Dr. Oetker Ready to Roll Regal Ice Coloured Icing 500g;£2.00/unit;£0.40/100g;Sugar & home baking;icing---marzipan;null;null;null;null;null;null;null;null;
droetker-ready-to-roll-regalice-white-1kg;Dr. Oetker Ready to Roll Regal Ice White Icing 1kg;£3.00/unit;£0.30/100g;Sugar & home baking;icing---marzipan;388;0;90;89;3.2;2.0;null;0;
droetker-ready-to-roll-regalice-white-454g;Dr. Oetker Ready to Roll Regal Ice White Icing 454g;£1.80/unit;£0.40/100g;Sugar & home baking;icing---marzipan;386;0;90;88;3.2;1.7;null;0.20;
droetker-wafer-butterflies-18g;Dr. Oetker Wafer Butterflies 18g;£1.50/unit;£8.33/100g;Sugar & home baking;decorations;null;null;null;null;null;null;null;null;
ds-breadsticks--gluten-free-150g;Dietary Special Gluten Free Breadsticks 3x50g;£2.59/unit;£1.73/100g;Biscuits & crackers;biscuits-crackers-freefrom;402;3.4;82;2.7;6.3;3.5;2.0;2.0;
duerrs-fairtrade-fine-cut-marmalade-340g;Duerr's Fairtrade Fine Cut Marmalade 340g;£1.35/unit;£0.40/100g;Jams, honey & spreads;marmalade;274;0.1;64.1;58.8;1.6;0.1;1.4;0.1;
duerrs-orange-marmalade--english-traditional--thick-cut-454g;Duerr's Orange Marmalade, English Traditional, Thick Cut 454g;£1.35/unit;£0.30/100g;Jams, honey & spreads;marmalade;256;0.3;63.4;54.3;0.1;0.0;0.5;0.1;
duerrs-orange-marmalade-fine-cut---shred-454g;Duerr's Orange Marmalade Fine Cut / Shred 454g;£1.35/unit;£0.30/100g;Jams, honey & spreads;marmalade;256;0.3;63.4;51.5;0.1;0.0;0.4;0.1;
dunns-river-caribbean-seasoning-100g;Dunn's River Caribbean Seasoning 100g;£1.00/unit;£0.10/10g;Cooking ingredients & oils;herbs-spices-seasoning;272;11.0;20.0;0;15.5;0;4.1;42.5;
dutch-iris;Sainsbury's Dutch Iris x30;£3.00/unit;£3.00/ea;Flowers & seeds;flowers---seeds;null;null;null;null;null;null;null;null;
eat-17-bacon-jam-105g;Eat 17 Bacon Jam 105g;£2.50/unit;£2.38/100g;Table sauces, dressings & condiments;chutney-pickle-relishes;null;8;33;27;7.8;2.2;null;0.75;
eat-17-bacon-jam-105g;Eat 17 Bacon Jam 105g;£2.50/unit;£2.38/100g;Vinegar, pickles, olives & antipasti;chutneys-pickle-relishes;null;8;33;27;7.8;2.2;null;0.75;
eat-17-chorizo-jam-110g;Eat 17 Chorizo Jam 110g;£3.00/unit;£2.73/100g;Table sauces, dressings & condiments;chutney-pickle-relishes;null;10;41;14;14;4;null;2.1;
eat-17-chorizo-jam-110g;Eat 17 Chorizo Jam 110g;£3.00/unit;£2.73/100g;Vinegar, pickles, olives & antipasti;chutneys-pickle-relishes;null;10;41;14;14;4;null;2.1;
eat-natural-almond--apricot---yogurt-bars-50g;Eat Natural Bar, Almond & Apricot Fruit & Nut Gluten Free 50g;£0.85/unit;£1.70/100g;Biscuits & crackers;biscuits-crackers-freefrom;1926462;7.0;38.8;17.6;25.6;16.8;5.0;0.08;
eat-natural-almond--apricot---yogurt-bars-50g;Eat Natural Bar, Almond & Apricot Fruit & Nut Gluten Free 50g;£0.85/unit;£1.70/100g;Biscuits & crackers;cereal-bars-breakfast-biscuits;1926462;7.0;38.8;17.6;25.6;16.8;5.0;0.08;
eat-natural-almond--apricot---yogurt-bars-50g;Eat Natural Bar, Almond & Apricot Fruit & Nut Gluten Free 50g;£0.85/unit;£1.70/100g;Breakfast cereals;breakfast-cereal-bars-breakfast-biscuits;1926462;7.0;38.8;17.6;25.6;16.8;5.0;0.08;
eat-natural-almond--apricot---yogurt-bars-x3;Eat Natural Bar, Almond Apricot & Yogurt Gluten Free3x50g;£2.00/unit;£1.48/100g;Biscuits & crackers;biscuits-crackers-freefrom;1926462;7.0;38.8;17.6;25.6;16.8;5.0;0.08;
eat-natural-almond--apricot---yogurt-bars-x3;Eat Natural Bar, Almond Apricot & Yogurt Gluten Free3x50g;£2.00/unit;£1.48/100g;Biscuits & crackers;biscuits-crackers-kids-lunchbox;1926462;7.0;38.8;17.6;25.6;16.8;5.0;0.08;
eat-natural-almond--apricot---yogurt-bars-x3;Eat Natural Bar, Almond Apricot & Yogurt Gluten Free3x50g;£2.00/unit;£1.48/100g;Biscuits & crackers;cereal-bars-breakfast-biscuits;1926462;7.0;38.8;17.6;25.6;16.8;5.0;0.08;
eat-natural-almond--apricot---yogurt-bars-x3;Eat Natural Bar, Almond Apricot & Yogurt Gluten Free3x50g;£2.00/unit;£1.48/100g;Biscuits & crackers;healthier-biscuits-crackers;1926462;7.0;38.8;17.6;25.6;16.8;5.0;0.08;
eat-natural-almond--apricot---yogurt-bars-x3;Eat Natural Bar, Almond Apricot & Yogurt Gluten Free3x50g;£2.00/unit;£1.48/100g;Breakfast cereals;breakfast-cereal-bars-breakfast-biscuits;1926462;7.0;38.8;17.6;25.6;16.8;5.0;0.08;
eat-natural-apricot---coconut-bars-160g;Eat Natural Apricot & Coconut Bars 4x40g;£2.50/unit;£1.56/100g;Biscuits & crackers;cereal-bars-breakfast-biscuits;419;5.7;57.8;31.9;16.8;8.6;7.1;null;
eat-natural-apricot---coconut-bars-160g;Eat Natural Apricot & Coconut Bars 4x40g;£2.50/unit;£1.56/100g;Breakfast cereals;breakfast-cereal-bars-breakfast-biscuits;419;5.7;57.8;31.9;16.8;8.6;7.1;null;
eat-natural-brazil-sultana-almond-4x35g;Eat Natural Bar, Brazil & Sultana Gluten Free 4x35g;£1.98/unit;£1.41/100g;Biscuits & crackers;biscuits-crackers-freefrom;1894454;11.2;40.0;38.8;22.6;3.6;5.0;0.03;
eat-natural-brazils-nut--almond---hazelnut-bars-3x45g;Eat Natural Bar, Brazil Nut Almond & Hazelnut Gluten Free 3x45g;£2.00/unit;£1.48/100g;Biscuits & crackers;biscuits-crackers-freefrom;1894454;11.2;40.0;38.8;22.6;3.6;5.0;0.03;
eat-natural-brazils-nut--almond---hazelnut-bars-3x45g;Eat Natural Bar, Brazil Nut Almond & Hazelnut Gluten Free 3x45g;£2.00/unit;£1.48/100g;Biscuits & crackers;biscuits-crackers-kids-lunchbox;1894454;11.2;40.0;38.8;22.6;3.6;5.0;0.03;
eat-natural-brazils-nut--almond---hazelnut-bars-3x45g;Eat Natural Bar, Brazil Nut Almond & Hazelnut Gluten Free 3x45g;£2.00/unit;£1.48/100g;Biscuits & crackers;cereal-bars-breakfast-biscuits;1894454;11.2;40.0;38.8;22.6;3.6;5.0;0.03;
eat-natural-brazils-nut--almond---hazelnut-bars-3x45g;Eat Natural Bar, Brazil Nut Almond & Hazelnut Gluten Free 3x45g;£2.00/unit;£1.48/100g;Biscuits & crackers;healthier-biscuits-crackers;1894454;11.2;40.0;38.8;22.6;3.6;5.0;0.03;
eat-natural-cranberry--macadamia---chocolate-bars-3x45g;Eat Natural Bar, Cranberry Macadamia & Chocolate Gluten Free 3x45g;£2.00/unit;£1.48/100g;Biscuits & crackers;biscuits-crackers-freefrom;1997478;4.7;41.0;40.7;24.6;14.2;5.9;0.07;
eat-natural-cranberry--macadamia---chocolate-bars-3x45g;Eat Natural Bar, Cranberry Macadamia & Chocolate Gluten Free 3x45g;£2.00/unit;£1.48/100g;Biscuits & crackers;biscuits-crackers-kids-lunchbox;1997478;4.7;41.0;40.7;24.6;14.2;5.9;0.07;
eat-natural-cranberry--macadamia---chocolate-bars-3x45g;Eat Natural Bar, Cranberry Macadamia & Chocolate Gluten Free 3x45g;£2.00/unit;£1.48/100g;Biscuits & crackers;cereal-bars-breakfast-biscuits;1997478;4.7;41.0;40.7;24.6;14.2;5.9;0.07;
eat-natural-cranberry--macadamia---chocolate-bars-3x45g;Eat Natural Bar, Cranberry Macadamia & Chocolate Gluten Free 3x45g;£2.00/unit;£1.48/100g;Biscuits & crackers;healthier-biscuits-crackers;1997478;4.7;41.0;40.7;24.6;14.2;5.9;0.07;
eat-natural-cranberry--macadamia---chocolate-bars-3x45g;Eat Natural Bar, Cranberry Macadamia & Chocolate Gluten Free 3x45g;£2.00/unit;£1.48/100g;Breakfast cereals;breakfast-cereal-bars-breakfast-biscuits;1997478;4.7;41.0;40.7;24.6;14.2;5.9;0.07;
eat-natural-cranberry-macadamia---dark-chocolate-4x33g;Eat Natural Bar, Cranberry Macadamia &  Chocolate Gluten Free 4x33g;£1.98/unit;£1.50/100g;Biscuits & crackers;biscuits-crackers-freefrom;1997478;4.7;41.0;40.7;24.6;12.2;5.9;0.07;
eat-natural-crunchy-toasted-muesli--nuts---seeds-500g;Eat Natural Crunchy Toasted Muesli, Nuts & Seeds 500g;£3.00/unit;£0.60/100g;Breakfast cereals;muesli-granola-clusters;1749438;11.5;38.9;12.9;22.2;5.6;7.9;0.29;
eat-natural-dark-chocolate---apricot-bars-4x33g;Eat Natural Bar, Dark Chocolate & Apricot Gluten Free 4x33g;£1.98/unit;£1.50/100g;Biscuits & crackers;biscuits-crackers-freefrom;1828437;6.8;37.8;32.5;21.1;9.1;5.2;0.08;
eat-natural-gluten-free-bars--almonds-apricots---yoghurt-coating-4x35g;Eat Natural Bar, Apricot & Almond Bars Gluten Free 4x35g;£1.98/unit;£1.41/100g;Biscuits & crackers;biscuits-crackers-freefrom;1936464;7.1;38.5;17.1;26.1;17.2;5.1;0.08;
eat-natural-peanut---plum-bars-160g;Eat Natural Peanut & Plum Bars 4x40g;£2.50/unit;£1.56/100g;Biscuits & crackers;cereal-bars-breakfast-biscuits;441;9.4;53.3;23.7;19.6;6.4;6.8;null;
eat-natural-peanut---plum-bars-160g;Eat Natural Peanut & Plum Bars 4x40g;£2.50/unit;£1.56/100g;Breakfast cereals;breakfast-cereal-bars-breakfast-biscuits;441;9.4;53.3;23.7;19.6;6.4;6.8;null;
eat-natural-sultana--almond---peanut-bar-50g;Eat Natural Bar, Sultana Almond & Peanut Gluten Free 50g;£0.85/unit;£1.70/100g;Biscuits & crackers;biscuits-crackers-freefrom;1930462;11.2;41.9;40.6;22.8;3.7;4.5;0.02;
eazy-fried-onions-390g;Eazy Fried Onions 390g;£0.70/unit;£1.79/kg;Canned, tinned & packaged foods;canned-tinned-packaged-vegetables;null;1.2;9.0;null;8.0;null;null;null;
edible-flower-garden;Sainsbury's Edible Flower Garden Seeds;£3.00/unit;£3.00/ea;Flowers & seeds;flowers---seeds;null;null;null;null;null;null;null;null;
edlers-savoury-pastry-case-195g;Edlers Savoury Pastry Case 195g;£1.00/unit;£0.51/100g;Fruit & desserts;meringues-bases;493;8.0;45.9;6.7;30.9;7.2;2.3;0.9;
edlers-sweet-pastry-case-195g;Edlers Sweet Pastry Case 195g;£1.00/unit;£0.51/100g;Fruit & desserts;meringues-bases;460;6.1;54.5;14.4;24.2;6.2;2.4;0.1;
elizabeth-shaw-amaretto-flutes-105g;Elizabeth Shaw Amaretto Flutes 105g;£2.50/unit;£2.38/100g;Confectionery;gifting-boxed-chocolate;520;5.9;59.3;58.3;28.4;18.0;2.7;null;
elizabeth-shaw-assorted-chocolate-crisp-250g;Elizabeth Shaw Assorted Chocolate Crisp 250g;£4.00/unit;£1.60/100g;Confectionery;gifting-boxed-chocolate;504;4.7;60.9;59.0;26.8;16.8;3.8;null;
elizabeth-shaw-dark-mint-crisp-175g;Elizabeth Shaw Dark Mint Crisp 175g;£3.00/unit;£1.71/100g;Confectionery;gifting-boxed-chocolate;null;3.4;65.1;63.3;22.7;13.6;5.2;0.12;
elizabeth-shaw-dark-mint-crisp-175g;Elizabeth Shaw Dark Mint Crisp 175g;£3.00/unit;£1.71/100g;Confectionery;premium-chocolate;null;3.4;65.1;63.3;22.7;13.6;5.2;0.12;
elizabeth-shaw-mint-flutes-105g;Elizabeth Shaw Mint Flutes 105g;£2.50/unit;£2.38/100g;Confectionery;gifting-boxed-chocolate;519;2.9;60.0;58.2;29.7;18.6;4.0;null;
ellas-kitchen-organic-apple--banana--pear---kiwi-fruits--the-green-one-90g;Ella's Kitchen Squished Fruits Smoothie, The Green One 6+ Months 90g;£0.80/unit;£0.89/100g;Canned, tinned & packaged foods;canned-tinned-packaged-fruit;58;0.4;13.4;13.1;0;0;1.8;null;
ellas-kitchen-organic-apple--banana--pear---kiwi-fruits--the-green-one-90g;Ella's Kitchen Squished Fruits Smoothie, The Green One 6+ Months 90g;£0.80/unit;£0.89/100g;Fruit & desserts;dessert-fruit;58;0.4;13.4;13.1;0;0;1.8;null;
ellas-kitchen-organic-apple--banana--pear---kiwi-fruits--the-green-one-90g;Ella's Kitchen Squished Fruits Smoothie, The Green One 6+ Months 90g;£0.80/unit;£0.89/100g;Fruit & desserts;snacking-fruit-nuts;58;0.4;13.4;13.1;0;0;1.8;null;
ellas-kitchen-organic-banana--apple--blackcurrant---blueberries--the-purple-one-90g;Ella's Kitchen Squished Fruits Smoothie, The Purple One 6+ Months 90g;£0.80/unit;£0.89/100g;Canned, tinned & packaged foods;canned-tinned-packaged-fruit;64;0.7;13.8;13.8;0.1;0.1;3.3;null;
ellas-kitchen-organic-banana--apple--blackcurrant---blueberries--the-purple-one-90g;Ella's Kitchen Squished Fruits Smoothie, The Purple One 6+ Months 90g;£0.80/unit;£0.89/100g;Fruit & desserts;dessert-fruit;64;0.7;13.8;13.8;0.1;0.1;3.3;null;
ellas-kitchen-organic-banana--apple--blackcurrant---blueberries--the-purple-one-90g;Ella's Kitchen Squished Fruits Smoothie, The Purple One 6+ Months 90g;£0.80/unit;£0.89/100g;Fruit & desserts;snacking-fruit-nuts;64;0.7;13.8;13.8;0.1;0.1;3.3;null;
ellas-kitchen-smoothie-fruit--the-red-one-450g;Ella's Kitchen Squished Fruits Smoothie, The Red One 6+ Months 450g;£3.25/unit;£0.72/100g;Canned, tinned & packaged foods;canned-tinned-packaged-fruit;53;0.6;11.5;11.5;0.1;0.1;1.9;null;
ellas-kitchen-smoothie-fruit--the-red-one-450g;Ella's Kitchen Squished Fruits Smoothie, The Red One 6+ Months 450g;£3.25/unit;£0.72/100g;Fruit & desserts;dessert-fruit;53;0.6;11.5;11.5;0.1;0.1;1.9;null;
ellas-kitchen-smoothie-fruit--the-red-one-450g;Ella's Kitchen Squished Fruits Smoothie, The Red One 6+ Months 450g;£3.25/unit;£0.72/100g;Fruit & desserts;snacking-fruit-nuts;53;0.6;11.5;11.5;0.1;0.1;1.9;null;
ellas-kitchen-the-red-one-squished-smoothie-fruits-90g;Ella's Kitchen Squished Fruits Smoothie, The Red One 6+ Months 90g;£0.80/unit;£0.89/100g;Canned, tinned & packaged foods;canned-tinned-packaged-fruit;53;0.6;11.5;11.5;0.1;0.1;1.9;null;
ellas-kitchen-the-red-one-squished-smoothie-fruits-90g;Ella's Kitchen Squished Fruits Smoothie, The Red One 6+ Months 90g;£0.80/unit;£0.89/100g;Fruit & desserts;dessert-fruit;53;0.6;11.5;11.5;0.1;0.1;1.9;null;
ellas-kitchen-the-red-one-squished-smoothie-fruits-90g;Ella's Kitchen Squished Fruits Smoothie, The Red One 6+ Months 90g;£0.80/unit;£0.89/100g;Fruit & desserts;snacking-fruit-nuts;53;0.6;11.5;11.5;0.1;0.1;1.9;null;
ellas-the-purple-one-x5-90g;Ella's Kitchen Squished Fruits Smoothie, The Purple One 6+ Months 5x90g;£3.25/unit;£0.04/g;Canned, tinned & packaged foods;canned-tinned-packaged-fruit;64;0.7;13.8;13.8;0;0;3.3;null;
ellas-the-purple-one-x5-90g;Ella's Kitchen Squished Fruits Smoothie, The Purple One 6+ Months 5x90g;£3.25/unit;£0.04/g;Fruit & desserts;dessert-fruit;64;0.7;13.8;13.8;0;0;3.3;null;
ellas-the-purple-one-x5-90g;Ella's Kitchen Squished Fruits Smoothie, The Purple One 6+ Months 5x90g;£3.25/unit;£0.04/g;Fruit & desserts;snacking-fruit-nuts;64;0.7;13.8;13.8;0;0;3.3;null;
elmlea-double-cream-substitute-284ml;Elmlea Double Cream Alternative 284ml;£0.85/unit;£0.30/100ml;Desserts & cream;fresh-cream-custard;351;2.4;3.9;3.8;36;25;null;0.12;
elmlea-double-cream-substitute-568ml;Elmlea Double Cream Alternative 568ml;£1.40/unit;£0.25/100ml;Desserts & cream;fresh-cream-custard;351;2.4;3.9;3.8;36;25;null;0.12;
elmlea-light-double-cream-substitute-284ml;Elmlea Light Double Cream Alternative 284ml;£0.85/unit;£0.30/100ml;Desserts & cream;fresh-cream-custard;247;2.7;4.2;4.1;25;21;null;0.14;
elmlea-light-single-cream-substitute-284ml;Elmlea Light Single Cream Alternative 284ml;£0.70/unit;£0.25/100ml;Desserts & cream;fresh-cream-custard;124;3.3;4.4;4.4;10;7.9;null;0.1;
elmlea-single-cream-substitute-284ml;Elmlea Single Cream Alternative 284ml;£0.70/unit;£0.25/100ml;Desserts & cream;fresh-cream-custard;159;3;4.5;4.5;15;9.2;null;0.16;
emmas-plain-creamed-fairies-x6;Emma's Plain Creamed Fairies x6;£2.00/unit;£0.33/ea;Cakes;muffins-small-cakes;null;null;null;null;null;null;null;null;
emmas-rock-buns-x4;Emma's Rock Buns x4;£2.00/unit;£0.50/ea;Cakes;muffins-small-cakes;null;null;null;null;null;null;null;null;
emmi-caffe-latte-light-iced-coffee-230ml;Emmi Caffe Latte Light Iced Coffee 230ml;£1.60/unit;£6.96/ltr;Fresh milk & eggs;flavoured-milk-92153-44;39;2.5;5.5;5.5;0.8;0.5;null;0.15;
emmi-cappuccino-caffe-latte-iced-coffee-230ml;Emmi Caffe Latte Cappuccino Iced Coffee 230ml;£1.60/unit;£6.96/ltr;Fresh milk & eggs;flavoured-milk-92153-44;null;null;null;null;null;null;null;null;
encona-brazilian-bbq-sauce-142ml;Encona Brazilian BBQ Sauce 142ml;£1.50/unit;£1.06/100ml;Table sauces, dressings & condiments;tomato-ketchup-brown-bbq-other-sauces;null;null;null;null;null;null;null;null;
encona-original-hot-pepper-sauce-squeezy-285g;Encona Original Hot Pepper Sauce Squeezy 285g;£2.00/unit;£0.70/100ml;Table sauces, dressings & condiments;tomato-ketchup-brown-bbq-other-sauces;null;null;null;null;null;null;null;null;
encona-thai-sweet-chilli-sauce-142ml;Encona Thai Sweet Chilli Sauce 142ml;£1.50/unit;£1.06/100ml;Table sauces, dressings & condiments;tomato-ketchup-brown-bbq-other-sauces;null;null;null;null;null;null;null;null;
encona-thai-sweet-chilli-sauce-squeezy-285ml;Encona Thai Sweet Chilli Sauce Squeezy 285ml;£2.00/unit;£0.70/100ml;Table sauces, dressings & condiments;tomato-ketchup-brown-bbq-other-sauces;null;null;null;null;null;null;null;null;
encona-west-indian-hot-pepper-sauce-142ml;Encona West Indian Hot Pepper Sauce 142ml;£1.50/unit;£1.06/100ml;Table sauces, dressings & condiments;tomato-ketchup-brown-bbq-other-sauces;null;null;null;null;null;null;null;null;
enconawestindian-extrahot-peppersce142ml;Encona West Indian Extra Hot Pepper Sauce 142ml;£1.50/unit;£1.06/100ml;Table sauces, dressings & condiments;tomato-ketchup-brown-bbq-other-sauces;null;null;null;null;null;null;null;null;
ener-g-gluten---wheat-free-loaf-228g;Ener-G Gluten & Wheat Free Loaf 228g;£2.99/unit;£13.11/kg;Freefrom;bakery-freefrom;388;3.2;47.2;3.3;20.8;2.2;2.1;1.20;
english-provendor-co-apple-pear---fig-chutney-310g;The English Provender Co, Apple Pear & Fig Chutney 310g;£2.00/unit;£0.65/100g;Table sauces, dressings & condiments;chutney-pickle-relishes;181;0.13;44.3;41.5;0.36;0.1;2.6;1.15;
english-provendor-co-apple-pear---fig-chutney-310g;The English Provender Co, Apple Pear & Fig Chutney 310g;£2.00/unit;£0.65/100g;Vinegar, pickles, olives & antipasti;chutneys-pickle-relishes;181;0.13;44.3;41.5;0.36;0.1;2.6;1.15;
english-provendor-co-caramelised-onion-chutney-325g;The English Provender Co, Caramelised Onion Chutney 325g;£2.00/unit;£0.62/100g;Table sauces, dressings & condiments;chutney-pickle-relishes;221;0.93;53.1;55.3;0.56;0.1;0.83;1.2;
english-provendor-co-caramelised-onion-chutney-325g;The English Provender Co, Caramelised Onion Chutney 325g;£2.00/unit;£0.62/100g;Vinegar, pickles, olives & antipasti;chutneys-pickle-relishes;221;0.93;53.1;55.3;0.56;0.1;0.83;1.2;
english-provendor-co-hot-chilly---pepper-chutney-310g;The English Provender Co, Hot Chilli & Red Pepper Chutney 310g;£2.00/unit;£0.65/100g;Table sauces, dressings & condiments;chutney-pickle-relishes;239;0.3;58.6;54.3;0.3;0.1;2.2;1.45;
english-provendor-co-hot-chilly---pepper-chutney-310g;The English Provender Co, Hot Chilli & Red Pepper Chutney 310g;£2.00/unit;£0.65/100g;Vinegar, pickles, olives & antipasti;chutneys-pickle-relishes;239;0.3;58.6;54.3;0.3;0.1;2.2;1.45;
english-provendor-co-morocan-chutney-300g;The English Provender Co, Moroccan Spiced Chutney 300g;£2.00/unit;£0.67/100g;Table sauces, dressings & condiments;chutney-pickle-relishes;160;0.6;37.6;34.9;0.8;0.36;2.1;1.6;
english-provendor-co-morocan-chutney-300g;The English Provender Co, Moroccan Spiced Chutney 300g;£2.00/unit;£0.67/100g;Vinegar, pickles, olives & antipasti;chutneys-pickle-relishes;160;0.6;37.6;34.9;0.8;0.36;2.1;1.6;
english-provendor-co-plum---apple-chutney-300g;The English Provender Co, Plum & Bramley Apple Chutney 300g;£2.00/unit;£0.67/100g;Table sauces, dressings & condiments;chutney-pickle-relishes;168;0.2;40.9;36.9;0.36;0.1;null;1;
english-provendor-co-plum---apple-chutney-300g;The English Provender Co, Plum & Bramley Apple Chutney 300g;£2.00/unit;£0.67/100g;Vinegar, pickles, olives & antipasti;chutneys-pickle-relishes;168;0.2;40.9;36.9;0.36;0.1;null;1;
epc-balsamic-dressing-275g;The English Provender Co, Balsamic Dressing 275g;£2.30/unit;£0.81/100g;Table sauces, dressings & condiments;salad-dressings;85;0.1;16.4;13.8;2.2;0.1;null;0.7;
epc-caesar-dressing-275g;The English Provender Co, Caesar Dressing 275g;£2.30/unit;£0.88/100g;Table sauces, dressings & condiments;salad-dressings;438;1.6;10;8.4;43.4;4.2;null;1.5;
epc-french-vinaigrette-275g;The English Provender Co, French Vinaigrette 275g;£2.30/unit;£0.84/100ml;Table sauces, dressings & condiments;salad-dressings;72;0.3;8.3;5.8;1.5;0.3;null;1.0;
epc-house-dressing-280g;The English Provender Co, House Dressing 280g;£2.30/unit;£0.88/100g;Table sauces, dressings & condiments;salad-dressings;470;1.7;7.7;7.4;48;3.2;null;1.2;
extra-ice-peppermint-gum-x5;Wrigley's Extra Ice Peppermint Sugarfree Gum with Microgranules x5;£1.80/unit;£0.36/ea;Confectionery;mints-chewing-gum;null;null;null;null;null;null;null;null;
extra-ice-white-gum-x5;Wrigley's Extra Ice White Sugarfree Gum with Microgranules x5;£2.00/unit;£0.40/ea;Confectionery;mints-chewing-gum;null;null;null;null;null;null;null;null;
fab-strawberry-x6-348ml;Fab Strawberry x6 348ml;£2.00/unit;£0.57/100ml;Ice cream & desserts;lollies-bars-cones;142;0.6;23.0;18.2;5.1;2.1;0.3;0.10;
fab-tropical-x6-348ml;Fab Tropical x6 348ml;£2.00/unit;£0.57/100ml;Ice cream & desserts;lollies-bars-cones;144;0.5;23.1;18.7;5.1;2.2;0.3;0.05;
fairtrade-organic-palestinian-evoo-500ml;Equal Exchange Fairtrade Organic Palestinian Extra Virgin Olive Oil Canaan Blend 500ml;£6.50/unit;£1.30/100ml;Cooking ingredients & oils;oils;null;null;null;null;null;null;null;null;
farchioni-il-casolare-olive-oil--extra-virgin-1l;Farchioni ll Casolare Olive Oil, Extra Virgin 1L;£7.50/unit;£0.75/100ml;Cooking ingredients & oils;oils;null;null;null;null;null;null;null;null;
farringtons-mellow-yellow-mayonnaise-240g;Farrington's Mellow Yellow Mayonnaise 240g;£2.50/unit;£1.04/100g;Table sauces, dressings & condiments;salad-cream-mayonnaise;659;2.2;4.9;2.8;70.2;4.5;null;1.5;
farringtons-mellow-yellow-rapeseed-oil-500ml;Farrington's Mellow Yellow Rapeseed Oil 500ml;£4.30/unit;£0.86/100ml;Cooking ingredients & oils;oils;818;0.5;1.0;0.1;90.9;6.8;null;0;
farrows-marrowfat-processed-peas-300g;Farrow's Marrowfat Processed Peas 300g (180g*);£0.55/unit;£3.06/kg;Canned, tinned & packaged foods;canned-tinned-packaged-vegetables;106;7.2;14.9;1.2;0.6;0.1;6.2;0.47;
farrows-marrowfat-processed-peas-538g;Farrow's Marrowfat Processed Peas 538g (330g*);£0.80/unit;£2.42/kg;Canned, tinned & packaged foods;canned-tinned-packaged-vegetables;100;6.7;13.8;1.4;0.7;0.3;5.9;0.5;
ferrero-collection-175g;Ferrero Rocher Collection 172.2g;£5.00/unit;£2.91/100g;Confectionery;gifting-boxed-chocolate;null;null;null;null;null;null;null;null;
ferrero-rocher-625g-x5;Ferrero Rocher 62.5g x5;£1.65/unit;£2.64/100g;Confectionery;chocolate;null;null;null;null;null;null;null;null;
ferrero-rocher-625g-x5;Ferrero Rocher 62.5g x5;£1.65/unit;£2.64/100g;Confectionery;gifting-boxed-chocolate;null;null;null;null;null;null;null;null;
ferrero-rocher-boxed-egg-275g;Ferrero Rocher Boxed Easter Egg 275g;£10.00/unit;£3.64/100g;Confectionery;easter-eggs;null;null;null;null;null;null;null;null;
ferrero-rocher-bunny-162g;Ferrero Rocher Bunny 162g;£5.00/unit;£3.09/100g;Confectionery;easter-eggs;null;null;null;null;null;null;null;null;
ferrero-rocher-chocolate-200g;Ferrero Rocher Chocolate 200g;£5.00/unit;£2.50/100g;Confectionery;chocolate;null;null;null;null;null;null;null;null;
ferrero-rocher-chocolate-200g;Ferrero Rocher Chocolate 200g;£5.00/unit;£2.50/100g;Confectionery;gifting-boxed-chocolate;null;null;null;null;null;null;null;null;
ferrero-rocher-chocolate-x24-300g;Ferrero Rocher Chocolate x24 300g;£7.00/unit;£2.33/100g;Confectionery;gifting-boxed-chocolate;null;null;null;null;null;null;null;null;
ferrero-rocher-collection-359g;Ferrero Rocher Collection 359g;£10.00/unit;£2.79/100g;Confectionery;chocolate;null;null;null;null;null;null;null;null;
ferrero-rocher-collection-359g;Ferrero Rocher Collection 359g;£10.00/unit;£2.79/100g;Confectionery;gifting-boxed-chocolate;null;null;null;null;null;null;null;null;
ferrero-rocher-grand-egg-125g;Ferrero Rocher Grand Egg 125g;£4.00/unit;£3.20/100g;Confectionery;easter-eggs;null;null;null;null;null;null;null;null;
ferrero-rocher-hazelnut-mini-eggs-100g;Ferrero Rocher Hazelnut Mini Eggs 100g;£2.50/unit;£2.50/100g;Confectionery;easter-eggs;null;null;null;null;null;null;null;null;
ferrero-rocher-hollow-bunny-100g;Ferrero Rocher Hollow Bunny 100g;£2.00/unit;£2.00/100g;Confectionery;easter-eggs;null;null;null;null;null;null;null;null;
fiddes-payne-princess-delight-135g;Sprinkles Factory Princess Delight Dessert 135g;£2.30/unit;£1.70/100g;Fruit & desserts;sauces-toppings;398;0.2;95.8;89.4;1.3;0.7;0.5;0.0;
fiddes-payne-princess-delight-135g;Sprinkles Factory Princess Delight Dessert 135g;£2.30/unit;£1.70/100g;Ice cream & desserts;wafers-sauces-toppings;398;0.2;95.8;89.4;1.3;0.7;0.5;0.0;
fiddes-payne-princess-delight-135g;Sprinkles Factory Princess Delight Dessert 135g;£2.30/unit;£1.70/100g;Sugar & home baking;decorations;398;0.2;95.8;89.4;1.3;0.7;0.5;0.0;
filippo-berio-extra-virgin-olive-oil--special-selection-500ml;Filippo Berio Extra Virgin Olive Oil, Special Selection 500ml;£5.00/unit;£1.00/100ml;Cooking ingredients & oils;oils;3378822;0;0;null;91.3;15.5;0;null;
filippo-berio-extra-virgin-olive-oil-1l-7166067-p-44;Filippo Berio Extra Virgin Olive Oil 1L;£6.90/unit;£0.69/100ml;Cooking ingredients & oils;oils;null;null;null;null;null;null;null;null;
filippo-berio-extra-virgin-olive-oil-1l;Filippo Berio Extra Virgin Olive Oil 1L;£6.00/unit;£0.60/100ml;Cooking ingredients & oils;oils;3378822;0;0;0;91.3;15.5;0;0;
filippo-berio-extra-virgin-olive-oil-mild-500ml;Filippo Berio Extra Virgin Olive Oil Mild 500ml;£3.35/unit;£0.67/100ml;Cooking ingredients & oils;oils;3378822;0;0;null;91.3;15.5;0;null;
filippo-berio-garlic-stuffed-green-olives--in-extra-virgin-olive-oil-230g;Filippo Berio Garlic Stuffed Green Olives, In Extra Virgin Olive Oil 230g (140g*);£2.00/unit;£1.43/100g;Vinegar, pickles, olives & antipasti;olives-antipasti;null;0.6;1.1;null;53.1;null;null;null;
filippo-berio-gusto-fruttato-extra-virgin-olive-oil-500ml;Filippo Berio Gusto Fruttato Extra Virgin olive Oil 500ml;£4.75/unit;£0.95/100ml;Cooking ingredients & oils;oils;3378822;0;0;null;91.3;15.5;0;null;
filippo-berio-marinated-mixed-olives--in-extra-virgin-olive-oil-230g;Filippo Berio Marinated Mixed Olives, In Extra Virgin Olive Oil 230g (140g*);£2.00/unit;£1.43/100g;Vinegar, pickles, olives & antipasti;olives-antipasti;null;0.5;1.2;null;50.9;null;null;null;
filippo-berio-mild---light-olive-oil-1l;Filippo Berio Mild & Light Olive Oil 1L;£5.90/unit;£0.59/100ml;Cooking ingredients & oils;oils;3378822;0;0;null;91.3;15.5;0;null;
filippo-berio-mild---light-olive-oil-250ml;Filippo Berio Mild & Light Olive Oil 250ml;£2.00/unit;£0.80/100ml;Cooking ingredients & oils;oils;3378822;0;0;null;91.3;15.5;0;null;
filippo-berio-mild---light-olive-oil-500ml;Filippo Berio Mild & Light Olive Oil 500ml;£2.00/unit;£0.40/100ml;Cooking ingredients & oils;oils;3378822;0;0;null;91.3;15.5;0;null;
filippo-berio-olive-oil--extra-virgin-15l;Filippo Berio Olive Oil, Extra Virgin 1.5L;£8.55/unit;£0.57/100ml;Cooking ingredients & oils;oils;3378822;0;0;null;91.3;15.5;0;null;
filippo-berio-olive-oil--extra-virgin-250ml;Filippo Berio Olive Oil, Extra Virgin 250ml;£2.00/unit;£0.80/100ml;Cooking ingredients & oils;oils;3378822;0;0;null;91.3;15.5;0;null;
filippo-berio-olive-oil--extra-virgin-500ml;Filippo Berio Olive Oil, Extra Virgin 500ml;£2.00/unit;£0.40/100ml;Cooking ingredients & oils;oils;3378822;0;0;null;91.3;15.5;0;null;
filippo-berio-olive-oil--extra-virgin-750ml;Filippo Berio Olive Oil, Extra Virgin 750ml;£4.60/unit;£0.61/100ml;Cooking ingredients & oils;oils;3378822;0;0;null;91.3;15.5;0;null;
filippo-berio-olive-oil-250ml;Filippo Berio Olive Oil 250ml;£2.10/unit;£0.84/100ml;Cooking ingredients & oils;oils;3378822;0;0;null;91.3;15.5;0;null;
filippo-berio-olive-oil-500ml;Filippo Berio Olive Oil 500ml;£2.00/unit;£0.40/100ml;Cooking ingredients & oils;oils;3378822;0;0;null;91.3;15.5;0;null;
filippo-berio-olive-oil-750ml;Filippo Berio Olive Oil 750ml;£4.60/unit;£0.61/100ml;Cooking ingredients & oils;oils;3378822;0;0;null;91.3;15.5;0;null;
filippo-berio-olive-oil-spray--extra-virgin-200ml;Filippo Berio Olive Oil Spray, Extra Virgin 200ml;£2.10/unit;£1.05/100ml;Cooking ingredients & oils;oils;3378822;0;0;null;91.3;15.5;0;null;
filippo-berio-pimiento-stuffed-green-olives--in-exra-virgin-olive-oil-230g;Filippo Berio Pimiento Stuffed Green Olives, In Exra Virgin Olive Oil 230g (140g*);£2.00/unit;£1.43/100g;Vinegar, pickles, olives & antipasti;olives-antipasti;null;0.6;1.1;null;51.4;null;null;null;
filippo-berio-sundried-tomato-stuffed-green-olives--in-extra-virgin-olive-oil-230g;Filippo Berio Sundried Tomato Stuffed Green Olives, In Extra Virgin Olive Oil 230g (140g*);£2.00/unit;£1.43/100g;Vinegar, pickles, olives & antipasti;olives-antipasti;null;0.8;1.5;null;53.4;null;null;null;
finn-crisp-original-crispbread-200g;Finn Crisp Original Crispbread 200g;£1.25/unit;£0.63/100g;Biscuits & crackers;crackers-savoury-biscuits;null;null;null;null;null;null;null;null;
finn-crisp-original-crispbread-200g;Finn Crisp Original Crispbread 200g;£1.25/unit;£0.63/100g;Biscuits & crackers;healthier-biscuits-crackers;null;null;null;null;null;null;null;null;
finn-crisp-original-rye-250g;Finn Crisp Original Rye 250g;£1.20/unit;£0.48/100g;Biscuits & crackers;crackers-savoury-biscuits;350;11;58;2.3;2.7;1.0;18;null;
finn-crisp-original-rye-250g;Finn Crisp Original Rye 250g;£1.20/unit;£0.48/100g;Biscuits & crackers;healthier-biscuits-crackers;350;11;58;2.3;2.7;1.0;18;null;
fireman-sam-celebration-cake;Fireman Sam Celebration Cake;£10.00/unit;£10.00/ea;Celebration cakes;celebration-cakes;413;2.5;68.4;56.1;14.2;3.4;0.6;null;
fisherman-brown-shrimp-90g;Fisherman Brown Shrimp 90g;£3.50/unit;£3.89/100g;Cooked meats & snacking;mfp-cooked-fish-seafood;86;19.1;1.7;0.1;0.3;0.1;null;1.70;
fisherman-brown-shrimp-90g;Fisherman Brown Shrimp 90g;£3.50/unit;£3.89/100g;Cooked meats, pate & sandwich fillers;cooked-fish-seafood;86;19.1;1.7;0.1;0.3;0.1;null;1.70;
fisherman-brown-shrimp-90g;Fisherman Brown Shrimp 90g;£3.50/unit;£3.89/100g;Fish & seafood;canapes-snacking;86;19.1;1.7;0.1;0.3;0.1;null;1.70;
fisherman-brown-shrimp-90g;Fisherman Brown Shrimp 90g;£3.50/unit;£3.89/100g;Fish & seafood;prawns-shellfish;86;19.1;1.7;0.1;0.3;0.1;null;1.70;
fisherman-crayfish-tails-120g;Fisherman Crayfish Tails 120g;£3.25/unit;£2.71/100g;Fish & seafood;prawns-shellfish;78;17.7;1.4;1.4;0.2;0.1;null;0.96;
fisherman-pint-o-prawns-250g;Fisherman Pint O' Prawns 250g;£2.75/unit;£1.10/100g;Cooked meats & snacking;mfp-cooked-fish-seafood;88;18.4;1.9;0.1;1.1;0.2;null;1.18;
fisherman-pint-o-prawns-250g;Fisherman Pint O' Prawns 250g;£2.75/unit;£1.10/100g;Cooked meats, pate & sandwich fillers;cooked-fish-seafood;88;18.4;1.9;0.1;1.1;0.2;null;1.18;
fisherman-pint-o-prawns-250g;Fisherman Pint O' Prawns 250g;£2.75/unit;£1.10/100g;Fish & seafood;canapes-snacking;88;18.4;1.9;0.1;1.1;0.2;null;1.18;
fisherman-pint-o-prawns-250g;Fisherman Pint O' Prawns 250g;£2.75/unit;£1.10/100g;Fish & seafood;prawns-shellfish;88;18.4;1.9;0.1;1.1;0.2;null;1.18;
fisherman-seaside-favourites--cooked-cockles-90g;Fisherman Seaside Favourites, Cooked Cockles 90g;£3.00/unit;£3.33/100g;Fish & seafood;canapes-snacking;71;13.7;3.7;0.1;0.2;0.1;null;1.69;
fisherman-seaside-favourites--cooked-cockles-90g;Fisherman Seaside Favourites, Cooked Cockles 90g;£3.00/unit;£3.33/100g;Fish & seafood;prawns-shellfish;71;13.7;3.7;0.1;0.2;0.1;null;1.69;
fisherman-squid-rings-150g;Fisherman Squid Rings 150g;£3.50/unit;£2.33/100g;Fish & seafood;prawns-shellfish;48;11.3;0.3;0.1;0.2;0.1;null;1.57;
flahavans-organic-jumbo-oats-1kg;Flahavan's Organic Jumbo Oats 1kg;£2.30/unit;£0.23/100g;Breakfast cereals;porridge-oats;371;11.2;64.4;0.9;5.8;1.0;8.3;0;
flora-buttery-spread-500g;Flora Buttery Spread 500g;£1.80/unit;£3.60/kg;Butter, spreads & baking;buttery-taste-and-sunflower-spreads;null;null;null;null;null;null;null;null;
flora-cuisine-500ml;Flora Cuisine Cooking Liquid 500ml;£2.00/unit;£4.00/ltr;Butter, spreads & baking;cooking-and-baking1;null;null;null;null;null;null;null;null;
flora-cuisine-500ml;Flora Cuisine Cooking Liquid 500ml;£2.00/unit;£4.00/ltr;Sugar & home baking;fats-spreads;null;null;null;null;null;null;null;null;
flora-gold-spread-slighlty-salted-225g;Flora Gold Spread Slightly Salted 225g;£1.50/unit;£6.67/kg;Butter, spreads & baking;buttery-taste-and-sunflower-spreads;633;0.5;0.6;0.6;70;29;null;1.2;
flora-gold-spread-slighlty-salted-225g;Flora Gold Spread Slightly Salted 225g;£1.50/unit;£6.67/kg;Butter, spreads & baking;spreadable-butter;633;0.5;0.6;0.6;70;29;null;1.2;
flora-gold-spread-slighlty-salted-400g;Flora Gold Spread Slightly Salted 400g;£2.50/unit;£6.25/kg;Butter, spreads & baking;buttery-taste-and-sunflower-spreads;633;0.5;0.6;0.6;70;29;null;1.2;
flora-gold-spread-slighlty-salted-400g;Flora Gold Spread Slightly Salted 400g;£2.50/unit;£6.25/kg;Butter, spreads & baking;spreadable-butter;633;0.5;0.6;0.6;70;29;null;1.2;
flora-light-spread-1kg;Flora Light Spread 1kg;£3.00/unit;£3.00/kg;Butter, spreads & baking;buttery-taste-and-sunflower-spreads;null;null;null;null;null;null;null;null;
flora-light-spread-250g;Flora Light Spread 250g;£1.00/unit;£4.00/kg;Butter, spreads & baking;buttery-taste-and-sunflower-spreads;280;0.5;3.0;0.5;30.0;6.0;0.5;1.3;
flora-light-spread-500g;Flora Light Spread 500g;£1.70/unit;£3.40/kg;Butter, spreads & baking;buttery-taste-and-sunflower-spreads;null;null;null;null;null;null;null;null;
flora-original-spread-1kg;Flora Original Spread 1kg;£3.00/unit;£3.00/kg;Butter, spreads & baking;buttery-taste-and-sunflower-spreads;null;null;null;null;null;null;null;null;
flora-original-spread-500g;Flora Original Spread 500g;£1.70/unit;£3.40/kg;Butter, spreads & baking;buttery-taste-and-sunflower-spreads;null;null;null;null;null;null;null;null;
flora-pro-activ-250g;Flora pro.activ Spread 250g;£1.50/unit;£6.00/kg;Butter, spreads & baking;cholesterol-lowering-spreads;320;0.5;1.0;0.5;35.0;8.0;null;1.0;
flora-pro-activ-buttery-500g;Flora pro.activ Buttery Spread 500g;£3.80/unit;£7.60/kg;Butter, spreads & baking;cholesterol-lowering-spreads;540;0.5;0.5;0.5;60.0;12.0;null;1.0;
flora-pro-activ-buttery-spread-250g;Flora pro.activ Buttery Spread 250g;£1.50/unit;£6.00/kg;Butter, spreads & baking;buttery-taste-and-sunflower-spreads;540;0.5;0.5;0.5;60.0;12.0;null;1.0;
flora-pro-activ-buttery-spread-250g;Flora pro.activ Buttery Spread 250g;£1.50/unit;£6.00/kg;Butter, spreads & baking;cholesterol-lowering-spreads;540;0.5;0.5;0.5;60.0;12.0;null;1.0;
flora-pro-activ-drinks-mango-6x100g;Flora pro.activ Yogurt Drink Mango & Cherry 6x100ml;£3.50/unit;£0.58/100g;Yogurts;active-health-yogurts-drinks;50;2.5;5.0;5.0;1.5;0.5;null;0.1;
flora-pro-activ-drinks-original-6x100g;Flora pro.activ Yogurt Drink Original 6x100ml;£3.50/unit;£0.58/100g;Yogurts;active-health-yogurts-drinks;45;2.5;5.0;4.5;1.5;0.5;null;0.1;
flora-pro-activ-light-500g;Flora pro.activ Light Spread 500g;£3.80/unit;£7.60/kg;Butter, spreads & baking;cholesterol-lowering-spreads;320;0.5;1.0;0.5;35.0;8.0;null;1.0;
flora-pro-activ-milk-1l;Flora Pro-Activ Milk 1L;£1.10/unit;£1.10/ltr;Fresh milk & eggs;fresh-milk;35;3.15;4.8;4.8;0.3;0.1;null;0.13;
flora-pro-activ-milk-1l;Flora Pro-Activ Milk 1L;£1.10/unit;£1.10/ltr;Fresh milk & eggs;soya---dietary-needs;35;3.15;4.8;4.8;0.3;0.1;null;0.13;
flora-pro-activ-olive-spread-250g;Flora pro.activ Olive Spread 250g;£1.50/unit;£6.00/kg;Butter, spreads & baking;cholesterol-lowering-spreads;320;0.5;1.0;0.5;35.0;8.0;null;1.0;
flora-pro-activ-olive-spread-250g;Flora pro.activ Olive Spread 250g;£1.50/unit;£6.00/kg;Butter, spreads & baking;olive-spreads;320;0.5;1.0;0.5;35.0;8.0;null;1.0;
flora-pro-activ-olive-spread-500g;Flora pro.activ Olive Spread 500g;£3.80/unit;£7.60/kg;Butter, spreads & baking;cholesterol-lowering-spreads;320;0.5;1.0;0.5;35.0;8.0;null;1.0;
flora-pro-activ-olive-spread-500g;Flora pro.activ Olive Spread 500g;£3.80/unit;£7.60/kg;Butter, spreads & baking;olive-spreads;320;0.5;1.0;0.5;35.0;8.0;null;1.0;
flora-pro-activ-strawberry-drinks-6x100g;Flora pro.activ Yogurt Drink Strawberry 6x100ml;£3.50/unit;£0.58/100g;Yogurts;active-health-yogurts-drinks;45;2.5;4.5;4.5;1.5;0.5;null;0.1;
flora-proactiv-pomegranate---rasp-6x100g;Flora pro.activ Yogurt Drink Pomegranate & Raspberry 6x100ml;£3.50/unit;£0.58/100g;Yogurts;active-health-yogurts-drinks;45;2.5;4.5;4.5;1.5;0.5;null;0.1;
flora-spray-oil-200ml;Flora Spray Oil 200ml;£2.10/unit;£1.05/100ml;Cooking ingredients & oils;oils;522;0.5;0.5;0.5;58;7;0.5;0.5;
flora-spread-block-baking-250g;Flora Spread Block Baking 250g;£1.00/unit;£1.00/250g;Butter, spreads & baking;cooking-and-baking1;670;0.5;0.5;0.5;75;27;null;1.2;
flora-spread-block-baking-250g;Flora Spread Block Baking 250g;£1.00/unit;£1.00/250g;Sugar & home baking;fats-spreads;670;0.5;0.5;0.5;75;27;null;1.2;
flora-sunflower-oil--pure-2l;Flora Sunflower Oil, Pure 2L;£3.70/unit;£0.19/100ml;Cooking ingredients & oils;oils;828;0;0;0;92;11;0;0;
flora-sunflower-oil-1l;Flora Sunflower Oil 1L;£1.50/unit;£0.15/100ml;Cooking ingredients & oils;oils;828;0;0;0;92;11;0;0;
florette-baby-kale-60g;Florette Baby Kale 60g;£1.00/unit;£1.67/100g;Fresh salad;fresh-salad-prepared-ready-to-eat;22;2.9;0.9;0.4;0.4;0.1;1.7;0.50;
florette-baby-kale-60g;Florette Baby Kale 60g;£1.00/unit;£1.67/100g;Fresh salad;salad-bags;22;2.9;0.9;0.4;0.4;0.1;1.7;0.50;
florette-baby-kale-60g;Florette Baby Kale 60g;£1.00/unit;£1.67/100g;Fresh vegetables;broccoli-cauliflower-cabbage-greens;22;2.9;0.9;0.4;0.4;0.1;1.7;0.50;
florette-babyleaf-salad-100g;Florette Babyleaf Salad 100g;£1.50/unit;£1.50/100g;Fresh salad;fresh-salad-prepared-ready-to-eat;20;2.4;0.4;0.1;0.5;0.1;1.9;0.20;
florette-babyleaf-salad-100g;Florette Babyleaf Salad 100g;£1.50/unit;£1.50/100g;Fresh salad;salad-bags;20;2.4;0.4;0.1;0.5;0.1;1.9;0.20;
florette-babyleaf-salad-100g;Florette Babyleaf Salad 100g;£1.50/unit;£1.50/100g;Prepared & ready to eat;prepared-salad-herbs;20;2.4;0.4;0.1;0.5;0.1;1.9;0.20;
florette-crispy-salad-200g;Florette Crispy Salad 200g;£1.75/unit;£0.88/100g;Fresh salad;fresh-salad-prepared-ready-to-eat;18;1.5;1.2;0.3;0.3;0.1;2.5;0.1;
florette-crispy-salad-200g;Florette Crispy Salad 200g;£1.75/unit;£0.88/100g;Fresh salad;salad-bags;18;1.5;1.2;0.3;0.3;0.1;2.5;0.1;
florette-crispy-salad-200g;Florette Crispy Salad 200g;£1.75/unit;£0.88/100g;Prepared & ready to eat;prepared-salad-herbs;18;1.5;1.2;0.3;0.3;0.1;2.5;0.1;
florette-duo-lambs-lettuce---ruby-chard-70g;Florette Duo Lambs Lettuce & Ruby Chard 70g;£1.25/unit;£1.79/100g;Fresh salad;fresh-salad-prepared-ready-to-eat;21;2.0;1.0;0.1;0.4;0.1;2.9;0.24;
florette-duo-lambs-lettuce---ruby-chard-70g;Florette Duo Lambs Lettuce & Ruby Chard 70g;£1.25/unit;£1.79/100g;Fresh salad;salad-bags;21;2.0;1.0;0.1;0.4;0.1;2.9;0.24;
florette-duo-lambs-lettuce---ruby-chard-70g;Florette Duo Lambs Lettuce & Ruby Chard 70g;£1.25/unit;£1.79/100g;Prepared & ready to eat;prepared-salad-herbs;21;2.0;1.0;0.1;0.4;0.1;2.9;0.24;
florette-duo-lambs-lettuce---wild-rocket;Florette Duo Lambs Lettuce & Wild Rocket 70g;£1.25/unit;£1.79/100g;Fresh salad;fresh-salad-prepared-ready-to-eat;21;2.4;0.8;0.1;0.5;0.2;2.1;0.16;
florette-duo-lambs-lettuce---wild-rocket;Florette Duo Lambs Lettuce & Wild Rocket 70g;£1.25/unit;£1.79/100g;Fresh salad;salad-bags;21;2.4;0.8;0.1;0.5;0.2;2.1;0.16;
florette-duo-lambs-lettuce---wild-rocket;Florette Duo Lambs Lettuce & Wild Rocket 70g;£1.25/unit;£1.79/100g;Prepared & ready to eat;prepared-salad-herbs;21;2.4;0.8;0.1;0.5;0.2;2.1;0.16;
florette-mixed-salad-200g;Florette Mixed Salad 200g;£1.00/unit;£0.50/100g;Fresh salad;fresh-salad-prepared-ready-to-eat;18;1.2;1.9;0.9;0.2;0.1;1.7;0.1;
florette-mixed-salad-200g;Florette Mixed Salad 200g;£1.00/unit;£0.50/100g;Fresh salad;salad-bags;18;1.2;1.9;0.9;0.2;0.1;1.7;0.1;
florette-mixed-salad-200g;Florette Mixed Salad 200g;£1.00/unit;£0.50/100g;Prepared & ready to eat;prepared-salad-herbs;18;1.2;1.9;0.9;0.2;0.1;1.7;0.1;
florette-sweet---crunchy-200g;Florette Sweet & Crunchy 200g;£1.25/unit;£0.63/100g;Fresh salad;fresh-salad-prepared-ready-to-eat;22;1.1;3.1;2.5;0.2;0.1;1.9;0.1;
florette-sweet---crunchy-200g;Florette Sweet & Crunchy 200g;£1.25/unit;£0.63/100g;Fresh salad;salad-bags;22;1.1;3.1;2.5;0.2;0.1;1.9;0.1;
florette-sweet---crunchy-200g;Florette Sweet & Crunchy 200g;£1.25/unit;£0.63/100g;Prepared & ready to eat;prepared-salad-herbs;22;1.1;3.1;2.5;0.2;0.1;1.9;0.1;
florette-sweet---crunchy-bowl;Florette Sweet & Crunchy Bowl;£1.00/unit;£0.91/100g;Fresh salad;fresh-salad-prepared-ready-to-eat;22;1.1;3.1;2.2;0.2;0.1;2.0;0.1;
florette-sweet---crunchy-bowl;Florette Sweet & Crunchy Bowl;£1.00/unit;£0.91/100g;Prepared & ready to eat;prepared-salad-herbs;22;1.1;3.1;2.2;0.2;0.1;2.0;0.1;
florette-sweet-crispy-salad-200g;Florette Sweet Crispy Salad 200g;£1.75/unit;£0.88/100g;Fresh salad;fresh-salad-prepared-ready-to-eat;17;1.3;1.6;1.0;0.2;0.1;1.7;0.1;
florette-sweet-crispy-salad-200g;Florette Sweet Crispy Salad 200g;£1.75/unit;£0.88/100g;Fresh salad;salad-bags;17;1.3;1.6;1.0;0.2;0.1;1.7;0.1;
florette-sweet-crispy-salad-200g;Florette Sweet Crispy Salad 200g;£1.75/unit;£0.88/100g;Prepared & ready to eat;prepared-salad-herbs;17;1.3;1.6;1.0;0.2;0.1;1.7;0.1;
floristan-spanish-potato-omelette-500g;Floristan Spanish Potato Omelette 500g;£2.50/unit;£0.50/100g;Coleslaw, olives, salads & dips;olives-tapas-antipasti;null;null;null;null;null;null;null;null;
floristan-spanish-potato-omelette-500g;Floristan Spanish Potato Omelette 500g;£2.50/unit;£0.50/100g;Pies, pasties & quiche;quiche;null;null;null;null;null;null;null;null;
floristan-spanish-potato-omelette-500g;Floristan Spanish Potato Omelette 500g;£2.50/unit;£0.50/100g;Ready meals;mediterranean-other-cuisine-ready-meals;null;null;null;null;null;null;null;null;
floristan-spanish-potato-omelette-500g;Floristan Spanish Potato Omelette 500g;£2.50/unit;£0.50/100g;Soup & lunchtime snacks;lunchtime-snacks;null;null;null;null;null;null;null;null;
food-doctor-multi-seed---cereal-pitta-x6;Food Doctor Multi Seed & Cereal Pitta x6;£1.00/unit;£0.17/ea;Wraps, bagels & pittas;wraps-bagels-pittas;224;10.1;39.9;2.0;2.7;0.4;10.2;1.1;
food-thoughts-fairtrade-african-cocoa-125g;Food Thoughts Fairtrade African Cocoa 125g;£2.00/unit;£16.00/kg;Sugar & home baking;baking-ingredients---colourings;330;23.1;10.5;null;21.7;null;null;null;
for-goodness-shakes-chocolate-500g;For Goodness Shakes Sports Recovery Chocolate Milk 475ml;£2.00/unit;£0.42/100ml;Fresh milk & eggs;flavoured-milk-92153-44;63.;3.5;10.5;10.1;1.1;0.6;0.4;null;
for-goodness-shakes-protein-chocolate-475ml-x12;For Goodness Shakes High Protein Chocolate Milk 475ml;£2.50/unit;£5.26/ltr;Fresh milk & eggs;flavoured-milk-92153-44;49.2;5.0;5.0;4.5;0.9;0.5;0.6;null;
for-goodness-shakes-strawberry-475ml;For Goodness Shakes Strawberry 475ml;£2.50/unit;£0.53/100ml;Fresh milk & eggs;flavoured-milk-92153-44;41.2;5.0;5.0;4.7;0.1;0.1;0.1;null;
foresight-pease-pudding-220g;Foresight Pease Pudding 220g;£0.40/unit;£1.82/kg;Canned, tinned & packaged foods;canned-tinned-packaged-vegetables;97;6.0;15.9;0.5;0.7;0.1;1.7;0.50;
forever-friends-celebration-cake;Forever Friends Celebration Cake;£7.00/unit;£7.00/ea;Celebration cakes;celebration-cakes;437;2.9;69.6;49.8;16.1;4.4;0.9;0.5;
forever-friends-mini-gift-cake;Forever Friends Mini Gift Cake;£3.50/unit;£3.50/ea;Celebration cakes;celebration-cakes;441;2.0;70.3;51.3;16.7;4.9;0.9;0.43;
fortts-original-bath-oliver-225g;Fortt's Original Bath Oliver Biscuits 225g;£2.30/unit;£1.02/100g;Biscuits & crackers;crackers-savoury-biscuits;433;9.2;66.2;2.2;13.8;7.7;3.7;1.2;
foxs-caramel-waffles-230g;Fox's Caramel Waffles 230g;£1.50/unit;£0.65/100g;Biscuits & crackers;everyday-biscuits-shortbread;457;3.5;63.0;34.0;21.0;12.0;1.0;0.63;
foxs-chocolatey-viennese-sandwich-120g;Fox's Chocolatey Viennese Sandwich 120g;£1.50/unit;£1.25/100g;Biscuits & crackers;chocolate-biscuits;526;6.1;60.5;31.9;28.3;16.1;2.4;0.65;
foxs-chocolatey-viennese-sandwich-120g;Fox's Chocolatey Viennese Sandwich 120g;£1.50/unit;£1.25/100g;Biscuits & crackers;luxury-continental-biscuits;526;6.1;60.5;31.9;28.3;16.1;2.4;0.65;
foxs-chunkie-cookie-bites-chocolate-chip-240g;Fox's Chunkie Cookie Bites Chocolate Chip 240g;£2.50/unit;£1.04/100g;Biscuits & crackers;biscuits-crackers-sharing-bags-assortments;491;5.6;66;34;22;12;3.0;0.63;
foxs-chunkie-cookie-bites-chocolate-chip-240g;Fox's Chunkie Cookie Bites Chocolate Chip 240g;£2.50/unit;£1.04/100g;Biscuits & crackers;chocolate-biscuits;491;5.6;66;34;22;12;3.0;0.63;
foxs-chunkie-cookie-bites-chocolate-chip-240g;Fox's Chunkie Cookie Bites Chocolate Chip 240g;£2.50/unit;£1.04/100g;Biscuits & crackers;cookies;491;5.6;66;34;22;12;3.0;0.63;
foxs-chunkie-cookie-bites-white-chocolate--240g;Fox's Chunkie Cookie Bites White Chocolate  240g;£2.50/unit;£1.04/100g;Biscuits & crackers;biscuits-crackers-sharing-bags-assortments;493;57;67;34;22;12;2.6;0.65;
foxs-chunkie-cookie-bites-white-chocolate--240g;Fox's Chunkie Cookie Bites White Chocolate  240g;£2.50/unit;£1.04/100g;Biscuits & crackers;chocolate-biscuits;493;57;67;34;22;12;2.6;0.65;
foxs-chunkie-cookie-bites-white-chocolate--240g;Fox's Chunkie Cookie Bites White Chocolate  240g;£2.50/unit;£1.04/100g;Biscuits & crackers;cookies;493;57;67;34;22;12;2.6;0.65;
foxs-chunkie-cookie-fruit---nut--180g;Fox's Chunkie Cookie Fruit & Nut  180g;£1.50/unit;£0.83/100g;Biscuits & crackers;cookies;493;5.7;61;33;24;11;3.2;0.37;
foxs-chunkie-cookies-white-chocolate-chunks-180g;Fox's Chunkie Cookies White Chocolate Chunks 180g;£1.50/unit;£0.83/100g;Biscuits & crackers;chocolate-biscuits;509;5.0;64;38;25;14;2.1;0.57;
foxs-chunkie-cookies-white-chocolate-chunks-180g;Fox's Chunkie Cookies White Chocolate Chunks 180g;£1.50/unit;£0.83/100g;Biscuits & crackers;cookies;509;5.0;64;38;25;14;2.1;0.57;
foxs-chunkie-half-coated-chocolate-cookies-175g;Fox's Chunkie Half Coated Chocolate Cookies 175g;£1.50/unit;£0.86/100g;Biscuits & crackers;chocolate-biscuits;509;5.9;62.0;39.7;25.8;14.4;2.6;0.54;
foxs-chunkie-half-coated-chocolate-cookies-175g;Fox's Chunkie Half Coated Chocolate Cookies 175g;£1.50/unit;£0.86/100g;Biscuits & crackers;cookies;509;5.9;62.0;39.7;25.8;14.4;2.6;0.54;
foxs-chunkie-half-coated-chocolate-cookies-175g;Fox's Chunkie Half Coated Chocolate Cookies 175g;£1.50/unit;£0.86/100g;Biscuits & crackers;luxury-continental-biscuits;509;5.9;62.0;39.7;25.8;14.4;2.6;0.54;
foxs-classic-x7;Fox's Classic x7;£1.40/unit;£0.78/100g;Biscuits & crackers;biscuits-crackers-kids-lunchbox;514;5.7;61.7;43.3;27.2;16.0;2.2;0.8;
foxs-classic-x7;Fox's Classic x7;£1.40/unit;£0.78/100g;Biscuits & crackers;chocolate-biscuits;514;5.7;61.7;43.3;27.2;16.0;2.2;0.8;
foxs-coconut-crinkles-biscuits-200g;Fox's Coconut Crinkles Biscuits 200g;£1.00/unit;£0.50/100g;Biscuits & crackers;everyday-biscuits-shortbread;487;5.2;63.8;33.5;22.6;13.5;3.7;0.59;
foxs-crinkles-butter-biscuits-200g;Fox's Crinkles Butter Biscuits 200g;£1.00/unit;£0.50/100g;Biscuits & crackers;everyday-biscuits-shortbread;468;5.4;70;33;18;9.1;2.4;0.96;
foxs-crunch-cream-limited-edition-168g;Fox's Crunch Creams Mint Choc, Limited Edition 168g;£1.00/unit;£0.59/100g;Biscuits & crackers;everyday-biscuits-shortbread;508;4.2;66;41;25;14;2.0;0.95;
foxs-curl-brandy-snaps-100g;Fox's Curl Brandy Snaps 100g;£1.30/unit;£1.30/100g;Fruit & desserts;ice-cream-cones-wafers;463;3.0;79.5;54.8;14.5;8.9;1.2;0.85;
foxs-curl-brandy-snaps-100g;Fox's Curl Brandy Snaps 100g;£1.30/unit;£1.30/100g;Fruit & desserts;sauces-toppings;463;3.0;79.5;54.8;14.5;8.9;1.2;0.85;
foxs-curl-brandy-snaps-100g;Fox's Curl Brandy Snaps 100g;£1.30/unit;£1.30/100g;Ice cream & desserts;wafers-sauces-toppings;463;3.0;79.5;54.8;14.5;8.9;1.2;0.85;
foxs-double-chocolate-crunch-cream-168g;Fox's Double Chocolate Crunch Cream 168g;£1.00/unit;£0.59/100g;Biscuits & crackers;chocolate-biscuits;511;4.7;65;38;25;14;2.7;0.95;
foxs-favourites--cream-175g;Fox's Favourites, Cream 175g;£1.00/unit;£0.57/100g;Biscuits & crackers;everyday-biscuits-shortbread;496;6.0;66.9;27.1;22.1;12.9;2.6;0.60;
foxs-favourites-400g;Fox's Favourites 400g;£3.50/unit;£0.88/100g;Biscuits & crackers;biscuits-crackers-sharing-bags-assortments;null;null;null;null;null;null;null;null;
foxs-favourites-malted-creams-175g;Fox's Favourites Malted Creams 175g;£1.00/unit;£0.57/100g;Biscuits & crackers;everyday-biscuits-shortbread;503;5.4;67.8;29;23.2;12;1.6;0.50;
foxs-ginger-crunch-cream-biscuits-168g;Fox's Ginger Crunch Cream Biscuits 168g;£1.00/unit;£0.59/100g;Biscuits & crackers;everyday-biscuits-shortbread;501;4.1;68;41;23;13;1.6;0.85;
foxs-glacier-fruit-200g;Fox's Glacier Fruit 200g;£1.40/unit;£0.70/100g;Confectionery;sweets;265;0;91.0;70.8;0.1;0;0.0;0.3;
foxs-glacier-mnts-200g;Fox's Glacier Mints 200g;£1.40/unit;£0.70/100g;Confectionery;mints-chewing-gum;369;0.0;92.0;72.6;0.1;0;0.0;0;
foxs-glacier-mnts-200g;Fox's Glacier Mints 200g;£1.40/unit;£0.70/100g;Confectionery;sweets;369;0.0;92.0;72.6;0.1;0;0.0;0;
foxs-golden-crunch-cream-twin-336g;Fox's Golden Crunch Cream Twin 336g;£1.75/unit;£0.52/100g;Biscuits & crackers;everyday-biscuits-shortbread;506;4.6;67;40;24;14;1.7;0.58;
foxs-golden-crunch-creams-168g;Fox's Golden Crunch Creams 168g;£1.00/unit;£0.59/100g;Biscuits & crackers;everyday-biscuits-shortbread;506;4.6;67;40;24;14;1.7;0.58;
foxs-hazelnut-slices-135g;Fox's Hazelnut Slices 135g;£1.00/unit;£0.74/100g;Biscuits & crackers;everyday-biscuits-shortbread;535;6.0;59.9;43.8;29.8;15.0;1.9;0.59;
foxs-jam---cream-limited-edition-150g;Fox's Jam 'n Cream Neapolitan, Limited Edition 150g;£1.00/unit;£0.67/100g;Biscuits & crackers;everyday-biscuits-shortbread;501;4.9;67;31;23;13;2.4;0.39;
foxs-jam-ring-creams-150g;Fox's Jam Ring Creams 150g;£1.00/unit;£0.67/100g;Biscuits & crackers;everyday-biscuits-shortbread;500;5.0;67;31;23;13;2.0;0.45;
foxs-jam-rings-twin-pack-300g;Fox's Jam Rings Twin Pack 300g;£1.75/unit;£0.58/100g;Biscuits & crackers;everyday-biscuits-shortbread;494;6.1;65.0;30.2;23.3;12.8;2.0;0.48;
foxs-milk-chocolate-chunk-cookie-175g;Fox's Milk Chocolate Chunk Cookie 175g;£1.50/unit;£0.86/100g;Biscuits & crackers;chocolate-biscuits;502;5.5;63;36;25;13;2.8;0.57;
foxs-milk-chocolate-rounds-130g;Fox's Milk Chocolate Rounds 130g;£1.50/unit;£1.15/100g;Biscuits & crackers;chocolate-biscuits;512;6.3;63;49;26;15;1.8;0.47;
foxs-milk-chocolate-rounds-130g;Fox's Milk Chocolate Rounds 130g;£1.50/unit;£1.15/100g;Biscuits & crackers;luxury-continental-biscuits;512;6.3;63;49;26;15;1.8;0.47;
foxs-mini-party-rings-mini-bags-x6;Fox's Mini Party Rings Mini Bags x6;£1.00/unit;£0.67/100g;Biscuits & crackers;biscuits-crackers-kids-lunchbox;446;5.0;79;44;12;5.7;1.9;0.54;
foxs-party-ring-biscuits-125g;Fox's Party Ring Biscuits 125g;£1.00/unit;£0.80/100g;Biscuits & crackers;biscuits-crackers-kids-lunchbox;443;4.8;79;46;11;5.4;1.8;0.52;
foxs-party-ring-biscuits-125g;Fox's Party Ring Biscuits 125g;£1.00/unit;£0.80/100g;Biscuits & crackers;everyday-biscuits-shortbread;443;4.8;79;46;11;5.4;1.8;0.52;
foxs-party-rings-footballs-130g;Fox's Party Rings Footballs 130g;£1.00/unit;£0.77/100g;Biscuits & crackers;biscuits-crackers-kids-lunchbox;444;4.8;79.3;46.1;11.5;5.5;1.8;0.52;
foxs-party-rings-footballs-130g;Fox's Party Rings Footballs 130g;£1.00/unit;£0.77/100g;Biscuits & crackers;everyday-biscuits-shortbread;444;4.8;79.3;46.1;11.5;5.5;1.8;0.52;
foxs-rich-tea-finger-cream-biscuits-175g;Fox's Rich Tea Finger Cream Biscuits 175g;£1.00/unit;£0.57/100g;Biscuits & crackers;everyday-biscuits-shortbread;489;6.0;70;28;20;11;2.3;0.57;
foxs-rocky-big-eat-4x43g;Fox's Rocky Big Eat 4x43g;£1.50/unit;£0.87/100g;Biscuits & crackers;chocolate-biscuits;507;5.7;63;42;26;15;2.3;0.83;
foxs-rocky-big-eat-4x43g;Fox's Rocky Big Eat 4x43g;£1.50/unit;£0.87/100g;Confectionery;chocolate;507;5.7;63;42;26;15;2.3;0.83;
foxs-rocky-big-eat-caramel-4x43g;Fox's Rocky Big Eat Caramel 4x43g;£1.50/unit;£0.87/100g;Biscuits & crackers;chocolate-biscuits;483;4.8;64;47;23;14;1.4;0.64;
foxs-rocky-big-eat-caramel-4x43g;Fox's Rocky Big Eat Caramel 4x43g;£1.50/unit;£0.87/100g;Confectionery;chocolate;483;4.8;64;47;23;14;1.4;0.64;
foxs-rocky-caramel-x8;Fox's Rocky Caramel x8;£1.40/unit;£0.83/100g;Biscuits & crackers;biscuits-crackers-kids-lunchbox;489;5.1;63.5;43.9;23.5;13.8;1.6;0.67;
foxs-rocky-caramel-x8;Fox's Rocky Caramel x8;£1.40/unit;£0.83/100g;Biscuits & crackers;chocolate-biscuits;489;5.1;63.5;43.9;23.5;13.8;1.6;0.67;
foxs-rocky-chocolate-x8;Fox's Rocky Chocolate x8;£1.40/unit;£0.83/100g;Biscuits & crackers;biscuits-crackers-kids-lunchbox;507;5.7;62.6;42.1;25.5;14.8;2.3;0.83;
foxs-rocky-chocolate-x8;Fox's Rocky Chocolate x8;£1.40/unit;£0.83/100g;Biscuits & crackers;chocolate-biscuits;507;5.7;62.6;42.1;25.5;14.8;2.3;0.83;
frank-coopers-fine-cut-oxford-marmalade--seville-orange-454g;Frank Cooper's Fine Cut Oxford Marmalade, Seville Orange 454g;£2.00/unit;£0.44/100g;Jams, honey & spreads;marmalade;267;0.7;66.0;66.0;0;0;0.6;null;
frank-coopers-original-oxford-marmalade-coarse-cut-454g;Frank Cooper's Original Oxford Marmalade Coarse Cut 454g;£2.00/unit;£0.44/100g;Jams, honey & spreads;marmalade;272;0.4;67.6;57.8;0;0;0.9;null;
frank-coopers-vintage-orange-marmalade-454g;Frank Cooper's Vintage Orange Marmalade 454g;£2.00/unit;£0.44/100g;Jams, honey & spreads;marmalade;253;null;62.2;53.5;0.2;0.1;0.6;0.10;
franks-buffalo-wings-sauce-148g;Frank's Buffalo Wings Sauce 148g;£1.50/unit;£1.01/100g;Table sauces, dressings & condiments;marinades-glazes;null;null;null;null;null;null;null;null;
franks-buffalo-wings-sauce-148g;Frank's Buffalo Wings Sauce 148g;£1.50/unit;£1.01/100g;Table sauces, dressings & condiments;tomato-ketchup-brown-bbq-other-sauces;null;null;null;null;null;null;null;null;
franks-redhot-original-pepper-sauce-148ml;Frank's Redhot Original Pepper Sauce 148ml;£1.50/unit;£1.01/100ml;Table sauces, dressings & condiments;tomato-ketchup-brown-bbq-other-sauces;null;null;null;null;null;null;null;null;
fray-bentos-bolognese---pasta-360g;Fray Bentos Bolognese & Pasta 360g;£2.50/unit;£6.94/kg;Cooking sauces & world foods;world-foods-instant-snack-meals;89;4.2;10.4;4.0;1.8;0.6;1.6;0.6;
fray-bentos-bolognese---pasta-360g;Fray Bentos Bolognese & Pasta 360g;£2.50/unit;£6.94/kg;Rice, pasta & noodles;instant-snack-meals;89;4.2;10.4;4.0;1.8;0.6;1.6;0.6;
fray-bentos-chilli-beef---rice-360g;Fray Bentos Chilli Beef & Rice 360g;£2.50/unit;£6.94/kg;Cooking sauces & world foods;world-foods-instant-snack-meals;105;5.0;13.8;5.0;2.3;0.8;1.9;0.7;
fray-bentos-chilli-beef---rice-360g;Fray Bentos Chilli Beef & Rice 360g;£2.50/unit;£6.94/kg;Rice, pasta & noodles;instant-snack-meals;105;5.0;13.8;5.0;2.3;0.8;1.9;0.7;
fray-bentos-just-chicken-pie-425g;Fray Bentos Just Chicken Pie 425g;£2.20/unit;£5.18/kg;Canned, tinned & packaged foods;canned-tinned-packaged-hot-meat-meals;124;5.6;17.2;0.5;3.4;0.2;0.6;0.8;
fray-bentos-just-steak-pie-475g;Fray Bentos Just Steak Pie 475g;£2.50/unit;£5.26/kg;Canned, tinned & packaged foods;canned-tinned-packaged-hot-meat-meals;163;8.6;12.6;0.4;8.6;1.0;0.5;0.8;
fray-bentos-meatballs-in-bolognese-380g;Fray Bentos Meatballs In Bolognese 380g;£0.90/unit;£2.37/kg;Canned, tinned & packaged foods;canned-tinned-packaged-hot-meat-meals;101;4.8;10.5;2.8;3.8;1.1;0.4;1.3;
fray-bentos-meatballs-in-gravy-380g;Fray Bentos Meatballs In Gravy 380g;£0.90/unit;£2.37/kg;Canned, tinned & packaged foods;canned-tinned-packaged-hot-meat-meals;74;4.2;8.3;0.3;2.6;1.0;0.5;0.75;
fray-bentos-meatballs-in-tomato-sauce-380g;Fray Bentos Meatballs In Tomato Sauce 380g;£0.90/unit;£2.37/kg;Canned, tinned & packaged foods;canned-tinned-packaged-hot-meat-meals;100;4.8;10.3;2.4;3.8;1.1;0.4;1.3;
fray-bentos-steak---ale-pie-425g;Fray Bentos Steak & Ale Pie 475g;£2.50/unit;£5.26/kg;Canned, tinned & packaged foods;canned-tinned-packaged-hot-meat-meals;156;7.1;13.6;0.9;8.0;0.9;0.5;0.9;
fray-bentos-steak---kidney-pie-213g;Fray Bentos Steak & Kidney Pie 213g;£1.50/unit;£7.04/kg;Canned, tinned & packaged foods;canned-tinned-packaged-hot-meat-meals;142;7.1;14.2;0.4;6.3;1.7;0.5;0.9;
fray-bentos-steak---kidney-pie-425g-7656105-p-44;Fray Bentos Steak & Kidney Pie 425g;£2.20/unit;£5.18/kg;Canned, tinned & packaged foods;canned-tinned-packaged-hot-meat-meals;131;6.0;16.5;0.4;4.4;0.7;0.6;0.9;
fray-bentos-steak---kidney-pudding-213g;Fray Bentos Steak & Kidney Pudding 200g;£1.50/unit;£7.50/kg;Canned, tinned & packaged foods;canned-tinned-packaged-hot-meat-meals;217;7.4;21.9;0.5;10.9;5.0;0.7;1.3;
fray-bentos-steak---kidney-pudding-425g;Fray Bentos Steak & Kidney Pudding 400g;£2.20/unit;£5.50/kg;Canned, tinned & packaged foods;canned-tinned-packaged-hot-meat-meals;217;7.4;21.9;0.5;10.9;5.0;0.7;1.3;
frazzles-x8-23g;Frazzles Crispy Bacon Corn Snacks 8x23g;£1.50/unit;£0.82/100g;Crisps, nuts & snacking fruit;crisps;483;6.4;62.5;2.4;22.7;1.7;1.5;2.76;
freefrom-chocolate-muffins-150g;Sainsbury's Freefrom Chocolate Muffins x2 150g;£1.50/unit;£1.00/100g;Freefrom;bakery-freefrom;404;4.2;49.6;23.9;20.5;4.1;2.3;0.88;
freefrom-coffee---walnut-cake-slices-105g;Sainsbury's Freefrom Coffee & Walnut Cake Slices 105g;£1.75/unit;£1.67/100g;Freefrom;bakery-freefrom;463;8.2;41.7;27.9;28.7;5.0;2.6;0.32;
freefrom-digestive-biscuits-175g;Sainsbury's Freefrom Digestive Biscuits 175g;£1.35/unit;£0.77/100g;Biscuits & crackers;biscuits-crackers-freefrom;485;2.5;69.9;18.8;21.1;8.7;2.8;0.55;
freefrom-fresh-hot-cross-buns-x4-280g;Sainsbury's Freefrom Fresh Hot Cross Buns x4 280g;£2.20/unit;£0.79/100g;Easter treats;easter-treats;300;3.8;50.1;16.8;8.3;0.9;5.0;0.59;
freefrom-fresh-hot-cross-buns-x4-280g;Sainsbury's Freefrom Fresh Hot Cross Buns x4 280g;£2.20/unit;£0.79/100g;Freefrom;bakery-freefrom;300;3.8;50.1;16.8;8.3;0.9;5.0;0.59;
freefrom-garlic---coriander-naan-196g;Sainsbury's Freefrom Garlic & Coriander Naan 196g;£2.00/unit;£1.02/100g;Freefrom;bakery-freefrom;269;3.7;48.8;3.8;5.8;0.4;3.6;1.39;
freefrom-multi-seeded-pitta-260g;Sainsbury's Freefrom Multi Seeded Pitta 260g;£2.19/unit;£0.84/100g;Freefrom;bakery-freefrom;277;5.6;49.3;2.9;5.2;0.5;5.4;1.00;
freefrom-oaty-flapjack-slices-x4-140g;Sainsbury's Freefrom Oaty Flapjack Slices x4 140g;£1.99/unit;£1.42/100g;Freefrom;bakery-freefrom;429;5.5;67.0;39.2;14.6;4.2;3.8;0.03;
freefrom-sultana-scones-x4-252g;Sainsbury's Freefrom Sultana Scones x4 252g;£1.99/unit;£0.79/100g;Freefrom;bakery-freefrom;342;4.3;63.5;33.2;6.9;2.6;4.2;0.90;
freefrom-syrup-pancakes-x6-198g;Sainsbury's Freefrom Syrup Pancakes x6 198g;£2.00/unit;£1.01/100g;Freefrom;bakery-freefrom;261;5.9;51.4;19.4;3.4;0.4;0.6;1.26;
freefrom-white-pitta-260g;Sainsbury's Freefrom White Pitta x4 260g;£2.00/unit;£0.77/100g;Freefrom;bakery-freefrom;261;4.6;50.4;3.4;3.8;0.3;3.6;1.10;
freefrom-white-rolls-x2-85g;Sainsbury's Freefrom White Rolls x2 85g;£0.89/unit;£1.05/100g;Freefrom;bakery-freefrom;297;3.9;49.2;4.4;8.1;0.9;5.4;0.93;
french-fries-variety-x12-19g;French Fries Variety Pack 12x19g;£2.75/unit;£1.27/100g;Crisps, nuts & snacking fruit;crisps;438;5.0;66.0;1.2;16.0;1.4;5.0;2.30;
french-fries-worcester-sauce-x6-19g;French Fries Worcester Sauce x6;£1.50/unit;£1.39/100g;Crisps, nuts & snacking fruit;crisps;441;5.9;64.1;1.3;16.8;1.9;4.8;1.98;
frenchs-classic-yellow-mustard-397g;French's Classic Yellow Mustard 397g;£1.85/unit;£0.47/100g;Table sauces, dressings & condiments;mustard;null;null;null;null;null;null;null;null;
frenchs-classic-yellow-mustard-397g;French's Classic Yellow Mustard 397g;£1.85/unit;£0.47/100g;Table sauces, dressings & condiments;tomato-ketchup-brown-bbq-other-sauces;null;null;null;null;null;null;null;null;
frenchs-smooth---spicy-american-mustard-170g;French's Smooth & Spicy American Mustard 170g;£1.55/unit;£0.91/100g;Table sauces, dressings & condiments;mustard;null;null;null;null;null;null;null;null;
frenchs-smooth---spicy-american-mustard-170g;French's Smooth & Spicy American Mustard 170g;£1.55/unit;£0.91/100g;Table sauces, dressings & condiments;tomato-ketchup-brown-bbq-other-sauces;null;null;null;null;null;null;null;null;
fridge-raiders-roast-chicken-bites-100g;Mattessons Fridge Raiders Roast Chicken Bites 100g;£1.50/unit;£1.50/100g;Cooked meats & snacking;mfp-cooked-chicken-turkey;209;21;5.6;0.9;11;4.4;null;1.5;
fridge-raiders-roast-chicken-bites-100g;Mattessons Fridge Raiders Roast Chicken Bites 100g;£1.50/unit;£1.50/100g;Cooked meats & snacking;mfp-snacking-cooked-sausage;209;21;5.6;0.9;11;4.4;null;1.5;
fridge-raiders-roast-chicken-bites-100g;Mattessons Fridge Raiders Roast Chicken Bites 100g;£1.50/unit;£1.50/100g;Cooked meats, pate & sandwich fillers;cooked-chicken-turkey;209;21;5.6;0.9;11;4.4;null;1.5;
fridge-raiders-roast-chicken-bites-100g;Mattessons Fridge Raiders Roast Chicken Bites 100g;£1.50/unit;£1.50/100g;Cooked meats, pate & sandwich fillers;snacking-cooked-sausage;209;21;5.6;0.9;11;4.4;null;1.5;
fridge-raiders-roast-chicken-bites-60g;Mattessons Fridge Raiders Roast Chicken Bites 60g;£1.00/unit;£1.67/100g;Cooked meats & snacking;mfp-cooked-chicken-turkey;209;21;5.6;0.9;11;4.4;null;1.5;
fridge-raiders-roast-chicken-bites-60g;Mattessons Fridge Raiders Roast Chicken Bites 60g;£1.00/unit;£1.67/100g;Cooked meats & snacking;mfp-snacking-cooked-sausage;209;21;5.6;0.9;11;4.4;null;1.5;
fridge-raiders-roast-chicken-bites-60g;Mattessons Fridge Raiders Roast Chicken Bites 60g;£1.00/unit;£1.67/100g;Cooked meats, pate & sandwich fillers;cooked-chicken-turkey;209;21;5.6;0.9;11;4.4;null;1.5;
fridge-raiders-roast-chicken-bites-60g;Mattessons Fridge Raiders Roast Chicken Bites 60g;£1.00/unit;£1.67/100g;Cooked meats, pate & sandwich fillers;snacking-cooked-sausage;209;21;5.6;0.9;11;4.4;null;1.5;
fridge-raiders-southern-fried-bite-60g;Mattessons Fridge Raiders Southern Fried Chicken Bites 60g;£1.00/unit;£1.67/100g;Cooked meats & snacking;mfp-cooked-chicken-turkey;221;19;4.2;1.1;14;3.8;null;1.4;
fridge-raiders-southern-fried-bite-60g;Mattessons Fridge Raiders Southern Fried Chicken Bites 60g;£1.00/unit;£1.67/100g;Cooked meats & snacking;mfp-snacking-cooked-sausage;221;19;4.2;1.1;14;3.8;null;1.4;
fridge-raiders-southern-fried-bite-60g;Mattessons Fridge Raiders Southern Fried Chicken Bites 60g;£1.00/unit;£1.67/100g;Cooked meats, pate & sandwich fillers;cooked-chicken-turkey;221;19;4.2;1.1;14;3.8;null;1.4;
fridge-raiders-southern-fried-bite-60g;Mattessons Fridge Raiders Southern Fried Chicken Bites 60g;£1.00/unit;£1.67/100g;Cooked meats, pate & sandwich fillers;snacking-cooked-sausage;221;19;4.2;1.1;14;3.8;null;1.4;
fridge-raiders-southern-fried-bites-100g;Mattessons Fridge Raiders Southern Fried Bites 100g;£1.50/unit;£1.50/100g;Cooked meats & snacking;mfp-cooked-chicken-turkey;221;19;4.2;1.1;14;3.8;null;1.4;
fridge-raiders-southern-fried-bites-100g;Mattessons Fridge Raiders Southern Fried Bites 100g;£1.50/unit;£1.50/100g;Cooked meats & snacking;mfp-snacking-cooked-sausage;221;19;4.2;1.1;14;3.8;null;1.4;
fridge-raiders-southern-fried-bites-100g;Mattessons Fridge Raiders Southern Fried Bites 100g;£1.50/unit;£1.50/100g;Cooked meats, pate & sandwich fillers;cooked-chicken-turkey;221;19;4.2;1.1;14;3.8;null;1.4;
fridge-raiders-southern-fried-bites-100g;Mattessons Fridge Raiders Southern Fried Bites 100g;£1.50/unit;£1.50/100g;Cooked meats, pate & sandwich fillers;snacking-cooked-sausage;221;19;4.2;1.1;14;3.8;null;1.4;
fridge-raiders-tikka-chkn-bites-60g;Mattessons Fridge Raiders Tikka Chicken Bites 60g;£1.00/unit;£1.67/100g;Cooked meats & snacking;mfp-cooked-chicken-turkey;228;20;2.6;0.7;15;3.9;null;1.4;
fridge-raiders-tikka-chkn-bites-60g;Mattessons Fridge Raiders Tikka Chicken Bites 60g;£1.00/unit;£1.67/100g;Cooked meats & snacking;mfp-snacking-cooked-sausage;228;20;2.6;0.7;15;3.9;null;1.4;
fridge-raiders-tikka-chkn-bites-60g;Mattessons Fridge Raiders Tikka Chicken Bites 60g;£1.00/unit;£1.67/100g;Cooked meats, pate & sandwich fillers;cooked-chicken-turkey;228;20;2.6;0.7;15;3.9;null;1.4;
fridge-raiders-tikka-chkn-bites-60g;Mattessons Fridge Raiders Tikka Chicken Bites 60g;£1.00/unit;£1.67/100g;Cooked meats, pate & sandwich fillers;snacking-cooked-sausage;228;20;2.6;0.7;15;3.9;null;1.4;
frijj-chocolate-471ml;Frijj Chocolate Milkshake 471ml;£1.30/unit;£2.76/ltr;Fresh milk & eggs;flavoured-milk-92153-44;73;4;11;10.8;1.3;0.8;null;0.2;
frijj-chocolate-flavoured-milk-250ml;Frijj Chocolate Milkshake 250ml;£1.00/unit;£4.00/ltr;Fresh milk & eggs;flavoured-milk-92153-44;73;4;11;10.8;1.3;0.8;null;0.2;
frijj-chocolate-fudge-brownie-471ml;Frijj Chocolate Fudge Brownie Milkshake 471ml;£1.30/unit;£0.28/100ml;Fresh milk & eggs;flavoured-milk-92153-44;78;3.7;13.1;12.9;1.2;0.7;null;0.2;
frijj-honeycomb-milkshake-375ml;Frijj Honeycomb Milkshake 375ml;£1.30/unit;£0.35/100ml;Fresh milk & eggs;flavoured-milk-92153-44;74;3.6;10.6;9.5;1.9;1.3;null;0.1;
frijj-strawberry-471ml;Frijj Strawberry Milkshake 471ml;£1.30/unit;£2.76/ltr;Fresh milk & eggs;flavoured-milk-92153-44;64;3.7;9.9;9.8;1;0.6;null;0.2;
frijj-strawberry-flavoured-milk-250ml;Frijj Strawberry Milkshake 250ml;£1.00/unit;£4.00/ltr;Fresh milk & eggs;flavoured-milk-92153-44;64;3.7;9.9;9.8;1;0.6;null;0.2;
frijj-white-chocolate---raspberry-milkshake-375ml;Frijj White Chocolate & Raspberry Milkshake 375ml;£1.30/unit;£0.35/100ml;Fresh milk & eggs;flavoured-milk-92153-44;75;3.6;11.1;9.8;1.8;1.3;null;0.1;
frootz-apple-fruit-buttons-18g;Frootz Apple Fruit Buttons 18g;£0.45/unit;£2.50/100g;Canned, tinned & packaged foods;canned-tinned-packaged-fruit;297;0.3;73.2;62.7;0.2;0.1;1.3;0.1;
frootz-apple-fruit-buttons-18g;Frootz Apple Fruit Buttons 18g;£0.45/unit;£2.50/100g;Crisps, nuts & snacking fruit;snacking-fruit-seeds;297;0.3;73.2;62.7;0.2;0.1;1.3;0.1;
frootz-apple-fruit-buttons-18g;Frootz Apple Fruit Buttons 18g;£0.45/unit;£2.50/100g;Fruit & desserts;dessert-fruit;297;0.3;73.2;62.7;0.2;0.1;1.3;0.1;
frootz-apple-fruit-buttons-18g;Frootz Apple Fruit Buttons 18g;£0.45/unit;£2.50/100g;Fruit & desserts;snacking-fruit-nuts;297;0.3;73.2;62.7;0.2;0.1;1.3;0.1;
frootz-blackcurrant-fruit-buttons-18g;Frootz Blackcurrant Fruit Buttons 18g;£0.45/unit;£2.50/100g;Canned, tinned & packaged foods;canned-tinned-packaged-fruit;282;0.6;68.8;60.8;0.2;0.1;2.3;0.1;
frootz-blackcurrant-fruit-buttons-18g;Frootz Blackcurrant Fruit Buttons 18g;£0.45/unit;£2.50/100g;Crisps, nuts & snacking fruit;snacking-fruit-seeds;282;0.6;68.8;60.8;0.2;0.1;2.3;0.1;
frootz-blackcurrant-fruit-buttons-18g;Frootz Blackcurrant Fruit Buttons 18g;£0.45/unit;£2.50/100g;Fruit & desserts;dessert-fruit;282;0.6;68.8;60.8;0.2;0.1;2.3;0.1;
frootz-blackcurrant-fruit-buttons-18g;Frootz Blackcurrant Fruit Buttons 18g;£0.45/unit;£2.50/100g;Fruit & desserts;snacking-fruit-nuts;282;0.6;68.8;60.8;0.2;0.1;2.3;0.1;
frootz-blackcurrant-fruit-buttons-multipack-5-x-18g;Frootz Blackcurrant Fruit Buttons Multipack 5 x 18g;£2.40/unit;£2.67/100g;Canned, tinned & packaged foods;canned-tinned-packaged-fruit;282;0.6;68.8;60.8;0.2;0.1;2.3;0.1;
frootz-blackcurrant-fruit-buttons-multipack-5-x-18g;Frootz Blackcurrant Fruit Buttons Multipack 5 x 18g;£2.40/unit;£2.67/100g;Fruit & desserts;dessert-fruit;282;0.6;68.8;60.8;0.2;0.1;2.3;0.1;
frootz-blackcurrant-fruit-buttons-multipack-5-x-18g;Frootz Blackcurrant Fruit Buttons Multipack 5 x 18g;£2.40/unit;£2.67/100g;Fruit & desserts;kids-lunchbox-fruit-desserts;282;0.6;68.8;60.8;0.2;0.1;2.3;0.1;
frootz-blackcurrant-fruit-buttons-multipack-5-x-18g;Frootz Blackcurrant Fruit Buttons Multipack 5 x 18g;£2.40/unit;£2.67/100g;Fruit & desserts;snacking-fruit-nuts;282;0.6;68.8;60.8;0.2;0.1;2.3;0.1;
frootz-orange-fruit-buttons-18g;Frootz Orange Fruit Buttons 18g;£0.45/unit;£2.50/100g;Canned, tinned & packaged foods;canned-tinned-packaged-fruit;298;0.6;73.3;62.6;0.2;0.1;1.1;0.1;
frootz-orange-fruit-buttons-18g;Frootz Orange Fruit Buttons 18g;£0.45/unit;£2.50/100g;Crisps, nuts & snacking fruit;snacking-fruit-seeds;298;0.6;73.3;62.6;0.2;0.1;1.1;0.1;
frootz-orange-fruit-buttons-18g;Frootz Orange Fruit Buttons 18g;£0.45/unit;£2.50/100g;Fruit & desserts;dessert-fruit;298;0.6;73.3;62.6;0.2;0.1;1.1;0.1;
frootz-orange-fruit-buttons-18g;Frootz Orange Fruit Buttons 18g;£0.45/unit;£2.50/100g;Fruit & desserts;snacking-fruit-nuts;298;0.6;73.3;62.6;0.2;0.1;1.1;0.1;
frootz-raspberry-fruit-buttons-18g;Frootz Raspberry Fruit Buttons 18g;£0.45/unit;£2.50/100g;Crisps, nuts & snacking fruit;snacking-fruit-seeds;295;0.7;70.3;62.5;0.8;0.3;1.8;0.1;
frootz-raspberry-fruit-buttons-18g;Frootz Raspberry Fruit Buttons 18g;£0.45/unit;£2.50/100g;Fruit & desserts;dessert-fruit;295;0.7;70.3;62.5;0.8;0.3;1.8;0.1;
frootz-raspberry-fruit-buttons-18g;Frootz Raspberry Fruit Buttons 18g;£0.45/unit;£2.50/100g;Fruit & desserts;snacking-fruit-nuts;295;0.7;70.3;62.5;0.8;0.3;1.8;0.1;
frootz-strawberry-fruit-buttons-18g;Frootz Strawberry Fruit Buttons 18g;£0.45/unit;£2.50/100g;Canned, tinned & packaged foods;canned-tinned-packaged-fruit;293;0.9;71.1;58.7;0.2;0.1;1.6;0.1;
frootz-strawberry-fruit-buttons-18g;Frootz Strawberry Fruit Buttons 18g;£0.45/unit;£2.50/100g;Crisps, nuts & snacking fruit;snacking-fruit-seeds;293;0.9;71.1;58.7;0.2;0.1;1.6;0.1;
frootz-strawberry-fruit-buttons-18g;Frootz Strawberry Fruit Buttons 18g;£0.45/unit;£2.50/100g;Fruit & desserts;dessert-fruit;293;0.9;71.1;58.7;0.2;0.1;1.6;0.1;
frootz-strawberry-fruit-buttons-18g;Frootz Strawberry Fruit Buttons 18g;£0.45/unit;£2.50/100g;Fruit & desserts;snacking-fruit-nuts;293;0.9;71.1;58.7;0.2;0.1;1.6;0.1;
frootz-strawberry-fruit-buttons-multipack-5-x-18g;Frootz Strawberry Fruit Buttons Multipack 5 x 18g;£2.40/unit;£2.67/100g;Canned, tinned & packaged foods;canned-tinned-packaged-fruit;293;0.9;71.1;58.7;0.2;0.1;1.6;0.1;
frootz-strawberry-fruit-buttons-multipack-5-x-18g;Frootz Strawberry Fruit Buttons Multipack 5 x 18g;£2.40/unit;£2.67/100g;Fruit & desserts;dessert-fruit;293;0.9;71.1;58.7;0.2;0.1;1.6;0.1;
frootz-strawberry-fruit-buttons-multipack-5-x-18g;Frootz Strawberry Fruit Buttons Multipack 5 x 18g;£2.40/unit;£2.67/100g;Fruit & desserts;kids-lunchbox-fruit-desserts;293;0.9;71.1;58.7;0.2;0.1;1.6;0.1;
frootz-strawberry-fruit-buttons-multipack-5-x-18g;Frootz Strawberry Fruit Buttons Multipack 5 x 18g;£2.40/unit;£2.67/100g;Fruit & desserts;snacking-fruit-nuts;293;0.9;71.1;58.7;0.2;0.1;1.6;0.1;
frozen-celebration-cake;Frozen Celebration Cake;£10.00/unit;£10.00/ea;Celebration cakes;celebration-cakes;400;2.2;68.9;49.8;12.7;2.9;null;0.42;
frubes-strawberry---raspberry-pouch-6x70g;Frubes Strawberry & Raspberry Pouch 6x70g;£2.00/unit;£0.48/100g;Yogurts;kids-yogurts;95;3.3;14.6;14.0;2.5;1.7;0;null;
fruisana-fruit-sugar-250g;Fruisana Fruit Sugar 250g;£1.00/unit;£4.00/kg;Sugar & home baking;sugar-sweeteners;398;0;100;100;0;0;0;null;
fruit-bowl-apple-frulipops--5x15g;Fruit Bowl Apple Frulipops  5x15g;£2.50/unit;£3.33/100g;Canned, tinned & packaged foods;canned-tinned-packaged-fruit;306;2.1;7.1;63;0.3;0.1;5.2;0.44;
fruit-bowl-apple-frulipops--5x15g;Fruit Bowl Apple Frulipops  5x15g;£2.50/unit;£3.33/100g;Crisps, nuts & snacking fruit;snacking-fruit-seeds;306;2.1;7.1;63;0.3;0.1;5.2;0.44;
fruit-bowl-apple-frulipops--5x15g;Fruit Bowl Apple Frulipops  5x15g;£2.50/unit;£3.33/100g;Fruit & desserts;dessert-fruit;306;2.1;7.1;63;0.3;0.1;5.2;0.44;
fruit-bowl-apple-frulipops--5x15g;Fruit Bowl Apple Frulipops  5x15g;£2.50/unit;£3.33/100g;Fruit & desserts;kids-lunchbox-fruit-desserts;306;2.1;7.1;63;0.3;0.1;5.2;0.44;
fruit-bowl-apple-frulipops--5x15g;Fruit Bowl Apple Frulipops  5x15g;£2.50/unit;£3.33/100g;Fruit & desserts;snacking-fruit-nuts;306;2.1;7.1;63;0.3;0.1;5.2;0.44;
fruit-bowl-blackcurrant-fruit-flakes-5x20g;Fruit Bowl Blackcurrant Fruit Flakes 5x20g;£2.00/unit;£2.00/100g;Canned, tinned & packaged foods;canned-tinned-packaged-fruit;320;1.5;70;58;1.0;0.3;7.5;0.25;
fruit-bowl-blackcurrant-fruit-flakes-5x20g;Fruit Bowl Blackcurrant Fruit Flakes 5x20g;£2.00/unit;£2.00/100g;Crisps, nuts & snacking fruit;snacking-fruit-seeds;320;1.5;70;58;1.0;0.3;7.5;0.25;
fruit-bowl-blackcurrant-fruit-flakes-5x20g;Fruit Bowl Blackcurrant Fruit Flakes 5x20g;£2.00/unit;£2.00/100g;Fruit & desserts;dessert-fruit;320;1.5;70;58;1.0;0.3;7.5;0.25;
fruit-bowl-blackcurrant-fruit-yogurt-flakes-5x25g;Fruit Bowl Blackcurrant Fruit Yogurt Flakes 5x25g;£2.00/unit;£1.60/100g;Crisps, nuts & snacking fruit;snacking-fruit-seeds;453;1.3;69;62;19;11;3.9;0.2;
fruit-bowl-blackcurrant-fruit-yogurt-flakes-5x25g;Fruit Bowl Blackcurrant Fruit Yogurt Flakes 5x25g;£2.00/unit;£1.60/100g;Fruit & desserts;dessert-fruit;453;1.3;69;62;19;11;3.9;0.2;
fruit-bowl-blackcurrant-fruit-yogurt-flakes-5x25g;Fruit Bowl Blackcurrant Fruit Yogurt Flakes 5x25g;£2.00/unit;£1.60/100g;Fruit & desserts;snacking-fruit-nuts;453;1.3;69;62;19;11;3.9;0.2;
fruit-bowl-fruit-flakes--strawberry-20g;Fruit Bowl Strawberry Fruit Flakes 20g;£0.45/unit;£2.25/100g;Crisps, nuts & snacking fruit;snacking-fruit-seeds;320;1.2;70;58;1.0;0.3;7.5;0.25;
fruit-bowl-fruit-flakes--strawberry-20g;Fruit Bowl Strawberry Fruit Flakes 20g;£0.45/unit;£2.25/100g;Fruit & desserts;dessert-fruit;320;1.2;70;58;1.0;0.3;7.5;0.25;
fruit-bowl-fruit-flakes--strawberry-20g;Fruit Bowl Strawberry Fruit Flakes 20g;£0.45/unit;£2.25/100g;Fruit & desserts;snacking-fruit-nuts;320;1.2;70;58;1.0;0.3;7.5;0.25;
fruit-bowl-fruit-flakes-raspberry-20g;Fruit Bowl Raspberry Fruit Flakes 20g;£0.45/unit;£2.25/100g;Canned, tinned & packaged foods;canned-tinned-packaged-fruit;320;1.5;70;58;1.0;0.3;7.5;0.25;
fruit-bowl-fruit-flakes-raspberry-20g;Fruit Bowl Raspberry Fruit Flakes 20g;£0.45/unit;£2.25/100g;Crisps, nuts & snacking fruit;snacking-fruit-seeds;320;1.5;70;58;1.0;0.3;7.5;0.25;
fruit-bowl-fruit-flakes-raspberry-20g;Fruit Bowl Raspberry Fruit Flakes 20g;£0.45/unit;£2.25/100g;Fruit & desserts;dessert-fruit;320;1.5;70;58;1.0;0.3;7.5;0.25;
fruit-bowl-fruit-flakes-raspberry-20g;Fruit Bowl Raspberry Fruit Flakes 20g;£0.45/unit;£2.25/100g;Fruit & desserts;snacking-fruit-nuts;320;1.5;70;58;1.0;0.3;7.5;0.25;
fruit-bowl-fruit-peelers-strawberry-60g;Fruit Bowl Strawberry Fruit Peelers 60g;£2.00/unit;£3.33/100g;Crisps, nuts & snacking fruit;snacking-fruit-seeds;320;1.5;70;58;1.0;0.3;7.5;0.25;
fruit-bowl-fruit-peelers-strawberry-60g;Fruit Bowl Strawberry Fruit Peelers 60g;£2.00/unit;£3.33/100g;Fruit & desserts;dessert-fruit;320;1.5;70;58;1.0;0.3;7.5;0.25;
fruit-bowl-fruit-peelers-strawberry-60g;Fruit Bowl Strawberry Fruit Peelers 60g;£2.00/unit;£3.33/100g;Fruit & desserts;snacking-fruit-nuts;320;1.5;70;58;1.0;0.3;7.5;0.25;
fruit-bowl-fruit-sours-5x20g;Fruit Bowl Fruit Sours 5x20g;£2.50/unit;£2.50/100g;Crisps, nuts & snacking fruit;snacking-fruit-seeds;289;0.6;70;50;0.5;0.1;4.8;0.32;
fruit-bowl-fruit-sours-5x20g;Fruit Bowl Fruit Sours 5x20g;£2.50/unit;£2.50/100g;Fruit & desserts;dessert-fruit;289;0.6;70;50;0.5;0.1;4.8;0.32;
fruit-bowl-fruit-sours-5x20g;Fruit Bowl Fruit Sours 5x20g;£2.50/unit;£2.50/100g;Fruit & desserts;kids-lunchbox-fruit-desserts;289;0.6;70;50;0.5;0.1;4.8;0.32;
fruit-bowl-fruit-sours-5x20g;Fruit Bowl Fruit Sours 5x20g;£2.50/unit;£2.50/100g;Fruit & desserts;snacking-fruit-nuts;289;0.6;70;50;0.5;0.1;4.8;0.32;
fruit-bowl-fruit-yogurt-flakes-raisins-30g;Fruit Bowl Raisins Fruit Yogurt Flakes 30g;£0.45/unit;£1.50/100g;Crisps, nuts & snacking fruit;snacking-fruit-seeds;455;2.0;67;66;19;11;3.0;0.2;
fruit-bowl-fruit-yogurt-flakes-raisins-30g;Fruit Bowl Raisins Fruit Yogurt Flakes 30g;£0.45/unit;£1.50/100g;Fruit & desserts;dessert-fruit;455;2.0;67;66;19;11;3.0;0.2;
fruit-bowl-fruit-yogurt-flakes-raisins-30g;Fruit Bowl Raisins Fruit Yogurt Flakes 30g;£0.45/unit;£1.50/100g;Fruit & desserts;snacking-fruit-nuts;455;2.0;67;66;19;11;3.0;0.2;
fruit-bowl-jungle-fruit-shapes-90g;Fruit Bowl Jungle Fruit Shapes 90g;£2.00/unit;£2.22/100g;Crisps, nuts & snacking fruit;snacking-fruit-seeds;289;0.6;70;50;0.5;0.1;4.8;0.32;
fruit-bowl-jungle-fruit-shapes-90g;Fruit Bowl Jungle Fruit Shapes 90g;£2.00/unit;£2.22/100g;Fruit & desserts;dessert-fruit;289;0.6;70;50;0.5;0.1;4.8;0.32;
fruit-bowl-jungle-fruit-shapes-90g;Fruit Bowl Jungle Fruit Shapes 90g;£2.00/unit;£2.22/100g;Fruit & desserts;snacking-fruit-nuts;289;0.6;70;50;0.5;0.1;4.8;0.32;
fruit-bowl-raisin-yogurt-flakes-10x30g;Fruit Bowl Raisin Yogurt Flakes 10x30g;£3.50/unit;£1.17/100g;Crisps, nuts & snacking fruit;snacking-fruit-seeds;455;2.0;67;66;19;11;3.0;0.2;
fruit-bowl-raisin-yogurt-flakes-10x30g;Fruit Bowl Raisin Yogurt Flakes 10x30g;£3.50/unit;£1.17/100g;Fruit & desserts;dessert-fruit;455;2.0;67;66;19;11;3.0;0.2;
fruit-bowl-raisin-yogurt-flakes-5x30g;Fruit Bowl Raisin Yogurt Flakes 5x30g;£2.00/unit;£1.33/100g;Canned, tinned & packaged foods;canned-tinned-packaged-fruit;455;2.0;67;66;19;11;3.0;0.2;
fruit-bowl-raisin-yogurt-flakes-5x30g;Fruit Bowl Raisin Yogurt Flakes 5x30g;£2.00/unit;£1.33/100g;Crisps, nuts & snacking fruit;snacking-fruit-seeds;455;2.0;67;66;19;11;3.0;0.2;
fruit-bowl-raisin-yogurt-flakes-5x30g;Fruit Bowl Raisin Yogurt Flakes 5x30g;£2.00/unit;£1.33/100g;Fruit & desserts;dessert-fruit;455;2.0;67;66;19;11;3.0;0.2;
fruit-bowl-raisin-yogurt-flakes-5x30g;Fruit Bowl Raisin Yogurt Flakes 5x30g;£2.00/unit;£1.33/100g;Fruit & desserts;snacking-fruit-nuts;455;2.0;67;66;19;11;3.0;0.2;
fruit-bowl-raspberry-fruit-peelers-60g;Fruit Bowl Raspberry Fruit Peelers 60g;£2.00/unit;£3.33/100g;Crisps, nuts & snacking fruit;snacking-fruit-seeds;320;1.5;70;58;1.0;0.3;7.5;0.25;
fruit-bowl-raspberry-fruit-peelers-60g;Fruit Bowl Raspberry Fruit Peelers 60g;£2.00/unit;£3.33/100g;Fruit & desserts;dessert-fruit;320;1.5;70;58;1.0;0.3;7.5;0.25;
fruit-bowl-raspberry-fruit-peelers-60g;Fruit Bowl Raspberry Fruit Peelers 60g;£2.00/unit;£3.33/100g;Fruit & desserts;snacking-fruit-nuts;320;1.5;70;58;1.0;0.3;7.5;0.25;
fruit-bowl-raspberry-yogurt-fruit-flakes-25g;Fruit Bowl Raspberry Yogurt Fruit Flakes 25g;£0.45/unit;£1.80/100g;Crisps, nuts & snacking fruit;snacking-fruit-seeds;453;1.3;69;62;19;11;3.9;0.2;
fruit-bowl-raspberry-yogurt-fruit-flakes-25g;Fruit Bowl Raspberry Yogurt Fruit Flakes 25g;£0.45/unit;£1.80/100g;Fruit & desserts;dessert-fruit;453;1.3;69;62;19;11;3.9;0.2;
fruit-bowl-raspberry-yogurt-fruit-flakes-25g;Fruit Bowl Raspberry Yogurt Fruit Flakes 25g;£0.45/unit;£1.80/100g;Fruit & desserts;snacking-fruit-nuts;453;1.3;69;62;19;11;3.9;0.2;
fruit-bowl-raspberry-yogurt-fruit-flakes-5x25g;Fruit Bowl Raspberry Yogurt Fruit Flakes 5x25g;£2.00/unit;£1.60/100g;Canned, tinned & packaged foods;canned-tinned-packaged-fruit;453;1.3;69;62;19;11;3.9;0.2;
fruit-bowl-raspberry-yogurt-fruit-flakes-5x25g;Fruit Bowl Raspberry Yogurt Fruit Flakes 5x25g;£2.00/unit;£1.60/100g;Crisps, nuts & snacking fruit;snacking-fruit-seeds;453;1.3;69;62;19;11;3.9;0.2;
fruit-bowl-raspberry-yogurt-fruit-flakes-5x25g;Fruit Bowl Raspberry Yogurt Fruit Flakes 5x25g;£2.00/unit;£1.60/100g;Fruit & desserts;dessert-fruit;453;1.3;69;62;19;11;3.9;0.2;
fruit-bowl-raspberry-yogurt-fruit-flakes-5x25g;Fruit Bowl Raspberry Yogurt Fruit Flakes 5x25g;£2.00/unit;£1.60/100g;Fruit & desserts;snacking-fruit-nuts;453;1.3;69;62;19;11;3.9;0.2;
fruit-bowl-school-bars--strawberry-100g;Fruit Bowl Strawberry School Bars 100g;£2.00/unit;£2.00/100g;Canned, tinned & packaged foods;canned-tinned-packaged-fruit;337;1.0;72;35;3.6;2.0;7.1;0.5;
fruit-bowl-school-bars--strawberry-100g;Fruit Bowl Strawberry School Bars 100g;£2.00/unit;£2.00/100g;Crisps, nuts & snacking fruit;snacking-fruit-seeds;337;1.0;72;35;3.6;2.0;7.1;0.5;
fruit-bowl-school-bars--strawberry-100g;Fruit Bowl Strawberry School Bars 100g;£2.00/unit;£2.00/100g;Fruit & desserts;dessert-fruit;337;1.0;72;35;3.6;2.0;7.1;0.5;
fruit-bowl-school-bars--strawberry-100g;Fruit Bowl Strawberry School Bars 100g;£2.00/unit;£2.00/100g;Fruit & desserts;kids-lunchbox-fruit-desserts;337;1.0;72;35;3.6;2.0;7.1;0.5;
fruit-bowl-school-bars--strawberry-100g;Fruit Bowl Strawberry School Bars 100g;£2.00/unit;£2.00/100g;Fruit & desserts;snacking-fruit-nuts;337;1.0;72;35;3.6;2.0;7.1;0.5;
fruit-bowl-school-bars-raspberry-100g;Fruit Bowl Raspberry School Bars 100g;£2.00/unit;£2.00/100g;Canned, tinned & packaged foods;canned-tinned-packaged-fruit;337;1.0;72;35;3.6;2.0;7.1;0.5;
fruit-bowl-school-bars-raspberry-100g;Fruit Bowl Raspberry School Bars 100g;£2.00/unit;£2.00/100g;Crisps, nuts & snacking fruit;snacking-fruit-seeds;337;1.0;72;35;3.6;2.0;7.1;0.5;
fruit-bowl-school-bars-raspberry-100g;Fruit Bowl Raspberry School Bars 100g;£2.00/unit;£2.00/100g;Fruit & desserts;dessert-fruit;337;1.0;72;35;3.6;2.0;7.1;0.5;
fruit-bowl-school-bars-raspberry-100g;Fruit Bowl Raspberry School Bars 100g;£2.00/unit;£2.00/100g;Fruit & desserts;kids-lunchbox-fruit-desserts;337;1.0;72;35;3.6;2.0;7.1;0.5;
fruit-bowl-school-bars-raspberry-100g;Fruit Bowl Raspberry School Bars 100g;£2.00/unit;£2.00/100g;Fruit & desserts;snacking-fruit-nuts;337;1.0;72;35;3.6;2.0;7.1;0.5;
fruit-bowl-sea-fruit-shapes-90g;Fruit Bowl Sea Fruit Shapes 90g;£2.00/unit;£2.22/100g;Canned, tinned & packaged foods;canned-tinned-packaged-fruit;289;0.6;70;50;0.5;0.1;4.8;0.32;
fruit-bowl-sea-fruit-shapes-90g;Fruit Bowl Sea Fruit Shapes 90g;£2.00/unit;£2.22/100g;Crisps, nuts & snacking fruit;snacking-fruit-seeds;289;0.6;70;50;0.5;0.1;4.8;0.32;
fruit-bowl-sea-fruit-shapes-90g;Fruit Bowl Sea Fruit Shapes 90g;£2.00/unit;£2.22/100g;Fruit & desserts;dessert-fruit;289;0.6;70;50;0.5;0.1;4.8;0.32;
fruit-bowl-sea-fruit-shapes-90g;Fruit Bowl Sea Fruit Shapes 90g;£2.00/unit;£2.22/100g;Fruit & desserts;snacking-fruit-nuts;289;0.6;70;50;0.5;0.1;4.8;0.32;
fruit-bowl-strawberry-flakes-x5-20g;Fruit Bowl Strawberry Flakes x5 20g;£2.00/unit;£2.00/100g;Crisps, nuts & snacking fruit;snacking-fruit-seeds;320;1.5;70;58;1.0;0.3;7.5;0.25;
fruit-bowl-strawberry-flakes-x5-20g;Fruit Bowl Strawberry Flakes x5 20g;£2.00/unit;£2.00/100g;Fruit & desserts;dessert-fruit;320;1.5;70;58;1.0;0.3;7.5;0.25;
fruit-bowl-strawberry-flakes-x5-20g;Fruit Bowl Strawberry Flakes x5 20g;£2.00/unit;£2.00/100g;Fruit & desserts;snacking-fruit-nuts;320;1.5;70;58;1.0;0.3;7.5;0.25;
fruit-bowl-strawberry-frollipops-5x15g;Fruit Bowl Strawberry Frollipops 5x15g;£2.50/unit;£3.33/100g;Crisps, nuts & snacking fruit;snacking-fruit-seeds;306;2.1;71;63;0.3;0.1;5.2;0.44;
fruit-bowl-strawberry-frollipops-5x15g;Fruit Bowl Strawberry Frollipops 5x15g;£2.50/unit;£3.33/100g;Fruit & desserts;dessert-fruit;306;2.1;71;63;0.3;0.1;5.2;0.44;
fruit-bowl-strawberry-frollipops-5x15g;Fruit Bowl Strawberry Frollipops 5x15g;£2.50/unit;£3.33/100g;Fruit & desserts;kids-lunchbox-fruit-desserts;306;2.1;71;63;0.3;0.1;5.2;0.44;
fruit-bowl-strawberry-frollipops-5x15g;Fruit Bowl Strawberry Frollipops 5x15g;£2.50/unit;£3.33/100g;Fruit & desserts;snacking-fruit-nuts;306;2.1;71;63;0.3;0.1;5.2;0.44;
fruit-bowl-strawberry-fruit-yogurt-flakes-5x25g;Fruit Bowl Strawberry Fruit Yogurt Flakes 5x25g;£2.00/unit;£1.60/100g;Canned, tinned & packaged foods;canned-tinned-packaged-fruit;453;13;69;62;19;11;3.9;0.2;
fruit-bowl-strawberry-fruit-yogurt-flakes-5x25g;Fruit Bowl Strawberry Fruit Yogurt Flakes 5x25g;£2.00/unit;£1.60/100g;Crisps, nuts & snacking fruit;snacking-fruit-seeds;453;13;69;62;19;11;3.9;0.2;
fruit-bowl-strawberry-fruit-yogurt-flakes-5x25g;Fruit Bowl Strawberry Fruit Yogurt Flakes 5x25g;£2.00/unit;£1.60/100g;Fruit & desserts;dessert-fruit;453;13;69;62;19;11;3.9;0.2;
fruit-bowl-strawberry-fruit-yogurt-flakes-5x25g;Fruit Bowl Strawberry Fruit Yogurt Flakes 5x25g;£2.00/unit;£1.60/100g;Fruit & desserts;snacking-fruit-nuts;453;13;69;62;19;11;3.9;0.2;
fruit-bowl-yogurt-flakes-blackcurrant-25g;Fruit Bowl Blackcurrant Yogurt Flakes 25g;£0.45/unit;£1.80/100g;Canned, tinned & packaged foods;canned-tinned-packaged-fruit;453;1.3;69;62;19;11;3.9;0.2;
fruit-bowl-yogurt-flakes-blackcurrant-25g;Fruit Bowl Blackcurrant Yogurt Flakes 25g;£0.45/unit;£1.80/100g;Crisps, nuts & snacking fruit;snacking-fruit-seeds;453;1.3;69;62;19;11;3.9;0.2;
fruit-bowl-yogurt-flakes-blackcurrant-25g;Fruit Bowl Blackcurrant Yogurt Flakes 25g;£0.45/unit;£1.80/100g;Fruit & desserts;dessert-fruit;453;1.3;69;62;19;11;3.9;0.2;
fruit-bowl-yogurt-flakes-blackcurrant-25g;Fruit Bowl Blackcurrant Yogurt Flakes 25g;£0.45/unit;£1.80/100g;Fruit & desserts;snacking-fruit-nuts;453;1.3;69;62;19;11;3.9;0.2;
fruit-bowl-yogurt-flakes-strawberry-25g;Fruit Bowl Strawberry Yogurt Flakes 25g;£0.45/unit;£1.80/100g;Crisps, nuts & snacking fruit;snacking-fruit-seeds;453;1.3;69;62;19;11;3.9;0.2;
fruit-bowl-yogurt-flakes-strawberry-25g;Fruit Bowl Strawberry Yogurt Flakes 25g;£0.45/unit;£1.80/100g;Fruit & desserts;dessert-fruit;453;1.3;69;62;19;11;3.9;0.2;
fruit-bowl-yogurt-flakes-strawberry-25g;Fruit Bowl Strawberry Yogurt Flakes 25g;£0.45/unit;£1.80/100g;Fruit & desserts;snacking-fruit-nuts;453;1.3;69;62;19;11;3.9;0.2;
fruit-bowl-yogurt-raspberry-flakes-x10-250g;Fruit Bowl Raspberry Yogurt Flakes x10 250g;£3.50/unit;£1.40/100g;Crisps, nuts & snacking fruit;snacking-fruit-seeds;453;1.3;69;62;19;11;3.9;0.2;
fruit-bowl-yogurt-raspberry-flakes-x10-250g;Fruit Bowl Raspberry Yogurt Flakes x10 250g;£3.50/unit;£1.40/100g;Fruit & desserts;dessert-fruit;453;1.3;69;62;19;11;3.9;0.2;
fruit-bowl-yogurt-raspberry-flakes-x10-250g;Fruit Bowl Raspberry Yogurt Flakes x10 250g;£3.50/unit;£1.40/100g;Fruit & desserts;snacking-fruit-nuts;453;1.3;69;62;19;11;3.9;0.2;
fruit-bowl-yogurt-strawberry-flakes-x10-250g;Fruit Bowl Strawberry Yogurt Flakes x10 250g;£3.50/unit;£1.40/100g;Canned, tinned & packaged foods;canned-tinned-packaged-fruit;453;1.3;69;62;19;11;3.9;0.2;
fruit-bowl-yogurt-strawberry-flakes-x10-250g;Fruit Bowl Strawberry Yogurt Flakes x10 250g;£3.50/unit;£1.40/100g;Crisps, nuts & snacking fruit;snacking-fruit-seeds;453;1.3;69;62;19;11;3.9;0.2;
fruit-bowl-yogurt-strawberry-flakes-x10-250g;Fruit Bowl Strawberry Yogurt Flakes x10 250g;£3.50/unit;£1.40/100g;Fruit & desserts;dessert-fruit;453;1.3;69;62;19;11;3.9;0.2;
fruit-bowl-yogurt-strawberry-flakes-x10-250g;Fruit Bowl Strawberry Yogurt Flakes x10 250g;£3.50/unit;£1.40/100g;Fruit & desserts;snacking-fruit-nuts;453;1.3;69;62;19;11;3.9;0.2;
fruitus-apricot-oat-bars-4x35g;Fruitus Apricot Oat Bars 4x35g;£1.60/unit;£1.14/100g;Biscuits & crackers;cereal-bars-breakfast-biscuits;382;5.7;55;33;14;2.8;6.0;0;
fruitus-apricot-oat-bars-4x35g;Fruitus Apricot Oat Bars 4x35g;£1.60/unit;£1.14/100g;Breakfast cereals;breakfast-cereal-bars-breakfast-biscuits;382;5.7;55;33;14;2.8;6.0;0;
fruitus-mixed-berry-oat-bars-4x35g;Fruitus Mixed Berry Oat Bars 4x35g;£1.60/unit;£1.14/100g;Biscuits & crackers;cereal-bars-breakfast-biscuits;407;6.3;53;35;17;3.2;7.5;0;
fruitus-mixed-berry-oat-bars-4x35g;Fruitus Mixed Berry Oat Bars 4x35g;£1.60/unit;£1.14/100g;Breakfast cereals;breakfast-cereal-bars-breakfast-biscuits;407;6.3;53;35;17;3.2;7.5;0;
frylight-butter-flavour-spray-oil-190ml;Frylight Butter Flavour Spray Oil 190ml;£2.20/unit;£1.16/100ml;Cooking ingredients & oils;oils;516;0;0.3;0.2;53.4;6.1;null;0.005;
frylight-olive-oil-spray-190ml;Frylight Olive Oil Spray 190ml;£2.20/unit;£1.16/100ml;Cooking ingredients & oils;oils;520;0;0.2;0.1;54.2;7.3;null;0.004;
frylight-sunflower-oil-spray-190ml;Frylight Sunflower Oil Spray 190ml;£2.20/unit;£1.16/100ml;Cooking ingredients & oils;oils;519;0;0.2;0.1;53.9;6.2;null;0.004;
frys-chocolate-cream-x3-147g;Fry's Chocolate Cream x3 147g;£1.50/unit;£1.02/100g;Confectionery;chocolate;430;2.2;71.0;65.5;14.5;8.7;3.2;0.01;
frys-turkish-delight-51g;Fry's Turkish Delight 51g;£0.60/unit;£1.18/100g;Confectionery;chocolate;385;1.3;79;60.5;6.7;4.0;1.3;0.33;
frys-turkish-delight-x3-153g;Fry's Turkish Delight x3 153g;£1.50/unit;£0.98/100g;Confectionery;chocolate;385;1.3;79.0;60.5;6.7;4.0;1.3;0.33;
g%C3%BC-chocolate---vanilla-cheesecakes-2x90g;Gü Chocolate & Vanilla Cheesecakes 2x90g;£3.00/unit;£1.67/100g;Desserts & cream;desserts;402;4.2;34.0;23.1;27.3;15.0;1.9;0.3;
g%C3%BC-chocolate-banoffees-2x85g;Gü Chocolate Banoffees 2x85g;£3.00/unit;£1.76/100g;Desserts & cream;desserts;347;4.0;37.4;26.5;20.6;11.5;2.1;0.3;
g%C3%BC-chocolate-ganache-pots-3x45g;Gü Chocolate Ganache Pots 3x45g;£2.40/unit;£1.78/100g;Desserts & cream;desserts;442;3.3;26.4;21.4;36.8;23.1;2.3;0.1;
g%C3%BC-chocolate-melting-puds-2x100g;Gü Chocolate Melting Puds 2x100g;£3.00/unit;£1.50/100g;Desserts & cream;desserts;442;6.3;44.7;37.6;27.1;15.6;2.6;0.1;
g%C3%BC-chocolate-orange-mini-puds-3x45g;Gü Chocolate Orange Mini Puds 3x45g;£2.40/unit;£1.78/100g;Desserts & cream;desserts;455;3.6;28.6;22.9;36.9;22.8;2.9;0.1;
g%C3%BC-chocolate-souffles-2x65g;Gü Chocolate Souffles 2x65g;£3.00/unit;£2.31/100g;Desserts & cream;desserts;460;6.6;30.1;24.3;35.3;20.0;2.4;0.3;
g%C3%BC-ey-chocolate-torte-400g;Gü-ey Chocolate Torte 400g;£4.25/unit;£1.06/100g;Desserts & cream;desserts;468;6.3;36.3;31.5;33.2;18.1;0.7;0.14;
g%C3%BC-key-lime-pie-2x85g;Gü Key Lime Pie 2x85g;£3.00/unit;£1.76/100g;Desserts & cream;desserts;370;3.6;31.2;20.8;25.9;14.2;1.1;0.3;
g%C3%BC-lemon-cheesecakes-2x90g;Gü Lemon Cheesecakes 2x90g;£3.00/unit;£1.67/100g;Desserts & cream;desserts;319;3.4;31.8;20.6;20.2;10.7;1.7;0.5;
g%C3%BC-maple---pecan-dessest-2x82g;Gü Maple & Pecan Dessest 2x82g;£3.00/unit;£1.83/100g;Desserts & cream;desserts;370;10.7;24.7;20.8;25.2;11.5;1.0;0.6;
g%C3%BC-salted-caramel-puds-2x95g;Gü Salted Caramel Puds 2x95g;£3.00/unit;£1.58/100g;Desserts & cream;desserts;408;5.8;47.5;31.0;21.8;9.3;1.0;0.5;
g%C3%BC-white-choc-melting-puds-2x95g;Gü White Choc Melting Puds 2x95g;£3.00/unit;£1.58/100g;Desserts & cream;desserts;475;6.7;34.3;26.1;34.6;17.0;1.0;0.1;
g%C3%BC-white-chocolate---raspberry-mousse-2x83g;Gü White Chocolate & Raspberry Mousse 2x83g;£3.00/unit;£1.81/100g;Desserts & cream;desserts;301;2.2;28.1;24.0;20.2;12.5;0.9;0.1;
galaxy-bubbles-block-100g;Galaxy Bubbles Block 100g;£1.40/unit;£1.40/100g;Confectionery;chocolate;555;6.5;54.6;54.1;34.1;20.7;null;0.25;
galaxy-bubbles-egg-28g;Galaxy Bubbles Egg 28g;£0.60/unit;£2.14/100g;Confectionery;easter-eggs;555;6.5;54.7;54.1;34.1;20.4;1.5;null;
galaxy-caramel-135g;Galaxy Caramel 135g;£1.40/unit;£1.04/100g;Confectionery;chocolate;498;5.4;60.5;55.9;25.7;15.7;null;0.36;
galaxy-caramel-bites-pouch-140g;Galaxy Caramel Bites Pouch 126g;£1.00/unit;£0.79/100g;Confectionery;chocolate;492;5.1;62.9;56.0;24.3;14.8;null;0.25;
galaxy-caramel-mini-eggs-96g;Galaxy Caramel Mini Eggs 96g;£1.00/unit;£1.04/100g;Confectionery;easter-eggs;488;5.2;59.9;53.9;25.1;14.7;null;0.39;
galaxy-chocolate-caramel-filled-egg-38g;Galaxy Chocolate Caramel Filled Egg 38g;£0.60/unit;£1.58/100g;Confectionery;easter-eggs;485;5.5;58.8;52.5;25.3;14.8;1.3;null;
galaxy-cookie-crumble-slice-x6-147g;Galaxy Cookie Crumble Slice x6 147g;£1.00/unit;£0.17/ea;Cakes;flapjacks-traybakes-bites;492;4.8;61.5;40.2;24.7;12.3;1.9;0.6;
galaxy-counters-pouch-126g;Galaxy Counters Pouch 126g;£1.00/unit;£0.79/100g;Confectionery;chocolate;528;7.0;59.2;58.6;28.9;17.2;null;0.26;
galaxy-hazelnut-spread-225g;Galaxy Hazelnut Spread 225g;£2.00/unit;£0.89/100g;Jams, honey & spreads;chocolate-sweet-spreads;553;2.7;58.0;57.0;34.1;7.5;null;0.13;
galaxy-luxury-egg-368g;Galaxy Luxury Easter Egg 368g;£6.00/unit;£1.73/100g;Confectionery;easter-eggs;529;7.0;59.2;58.7;28.9;17.3;null;0.26;
galaxy-milk-46g;Galaxy Milk Chocolate 42g;£0.60/unit;£1.43/100g;Confectionery;chocolate;546;6.7;56.0;55.4;32.4;19.6;null;0.25;
galaxy-milk-chocolate-390g;Galaxy Milk Chocolate 390g;£3.50/unit;£0.90/100g;Confectionery;chocolate;546;6.7;56.0;55.4;32.4;19.6;null;0.25;
galaxy-milk-x4-168g;Galaxy Milk x4 168g;£1.50/unit;£0.89/100g;Confectionery;chocolate;546;6.7;56.0;55.4;32.4;19.6;null;0.25;
galaxy-milkshake-376ml;Galaxy Smooth Milkshake 376ml;£1.30/unit;£0.35/100ml;Fresh milk & eggs;flavoured-milk-92153-44;68;3.4;11.8;11.6;0.7;0.5;null;0.18;
galaxy-minstrels-3-pack-126g;Galaxy Minstrels 3 Pack 126g;£1.50/unit;£1.19/100g;Confectionery;chocolate;505;5.3;70.1;68.9;22.2;13.3;null;0.20;
galaxy-minstrels-large-easter-egg-324g;Galaxy Minstrels Pleasure Easter Egg 324g;£3.00/unit;£0.93/100g;Confectionery;easter-eggs;529;7.0;59.2;58.7;28.9;17.3;null;0.26;
galaxy-minstrels-larger-sharing-pouch-290g;Galaxy Minstrels Larger Sharing Pouch 290g;£2.00/unit;£0.69/100g;Confectionery;chocolate;505;5.3;70.1;68.9;22.2;13.3;null;0.20;
galaxy-minstrels-pouch-153g;Galaxy Minstrels Pouch 153g;£1.00/unit;£0.65/100g;Confectionery;chocolate;505;5.3;70.1;68.9;22.2;13.3;null;0.20;
galaxy-ripple-33g;Galaxy Ripple 33g;£0.60/unit;£1.82/100g;Confectionery;chocolate;530;7.0;59.1;58.3;29.1;17.2;null;0.26;
galaxy-ripple-4x33g;Galaxy Ripple 4x33g;£1.00/unit;£0.76/100g;Confectionery;chocolate;530;7.0;59.1;58.3;29.1;17.2;null;0.26;
galaxy-ripple-7-pack-231g;Galaxy Ripple 7x33g;£2.50/unit;£1.08/100g;Confectionery;chocolate;530;7.0;59.1;58.3;29.1;17.2;null;0.26;
galaxy-ripple-luxury-egg-341g;Galaxy Ripple Indulgence Easter Egg 341g;£6.00/unit;£1.87/100g;Confectionery;easter-eggs;529;7.0;59.2;58.7;28.9;17.3;null;0.26;
galaxy-salted-caramel-135g;Galaxy Salted Caramel 135g;£1.40/unit;£1.08/100g;Confectionery;chocolate;497;5.4;60.3;55.7;25.7;15.7;null;0.57;
galaxy-salted-caramel-48g;Galaxy Salted Caramel 48g;£0.50/unit;£1.04/100g;Confectionery;chocolate;482;5.0;61.3;55.4;23.8;14.3;null;0.69;
galaxy-smooth-milk-chocolate-200g;Galaxy Milk Chocolate 200g;£2.00/unit;£1.00/100g;Confectionery;chocolate;546;6.7;56.0;55.4;32.4;19.6;null;0.25;
gales-clear-honey-340g;Gale's Clear Honey 340g;£1.80/unit;£0.53/100g;Jams, honey & spreads;honey;null;null;null;null;null;null;null;null;
gales-set-honey-340g;Gale's Set Honey 340g;£1.80/unit;£0.53/100g;Jams, honey & spreads;honey;null;null;null;null;null;null;null;null;
gales-squeezy-honey-340g;Gale's Squeezy Honey 340g;£2.00/unit;£0.58/100g;Jams, honey & spreads;honey;null;null;null;null;null;null;null;null;
gallo-arborio-rice-500g;Gallo Arborio Rice 500g;£2.29/unit;£4.58/kg;Rice, pasta & noodles;rice-12592-44;355;7;79;null;1;null;null;null;
garners-original-pickled-onions-454g;Garner's Original Pickled Onions 454g (230g*);£2.80/unit;£1.22/100g;Vinegar, pickles, olives & antipasti;pickled-food;64;0.9;14.2;10.6;0.5;0.5;1.7;1.9;
garners-pickled-eggs-465g;Garner's Pickled Eggs 465g (255g*);£2.80/unit;£1.10/100g;Vinegar, pickles, olives & antipasti;pickled-food;127;12.7;1.0;0.1;8.0;2.6;0.5;0.4;
garners-pickled-shallots-300g;Garner's Pickled Shallots 300g (160g*);£2.80/unit;£1.75/100g;Vinegar, pickles, olives & antipasti;pickled-food;97;1.0;21.6;16.7;0.5;0.1;2.5;1.8;
geetas-mango---chilli-chutney-300g;Geeta's Mango & Chilli Chutney 300g;£2.00/unit;£0.67/100g;Table sauces, dressings & condiments;chutney-pickle-relishes;246;0.6;60.6;55.0;0.1;0;0.9;2.0;
geetas-mango---chilli-chutney-300g;Geeta's Mango & Chilli Chutney 300g;£2.00/unit;£0.67/100g;Vinegar, pickles, olives & antipasti;chutneys-pickle-relishes;246;0.6;60.6;55.0;0.1;0;0.9;2.0;
geetas-mango-chutney-320g;Geeta's Mango Chutney 320g;£2.00/unit;£0.63/100g;Table sauces, dressings & condiments;chutney-pickle-relishes;253;0.8;62.0;57.2;0.2;0;0.8;2.0;
geetas-mango-chutney-320g;Geeta's Mango Chutney 320g;£2.00/unit;£0.63/100g;Vinegar, pickles, olives & antipasti;chutneys-pickle-relishes;253;0.8;62.0;57.2;0.2;0;0.8;2.0;
gefen-chestnuts-roasted---peeled-150g;Gefen Whole Chestnuts Roasted and Peeled 150g (Passover);£1.50/unit;£1.00/100g;Crisps, nuts & snacking fruit;nuts;null;null;null;null;null;null;null;null;
gefen-tuna-in-water-170g-7614619-p-44;Gefen Chunk Light Tuna in Water 170g (Passover);£1.20/unit;£0.71/100g;Canned, tinned & packaged foods;canned-tinned-packaged-fish;null;23.2;0.0;0.0;0.9;0.0;0.0;1.0;
genesis-big-pancakes-280g;Genesis Big Pancakes 280g;£1.40/unit;£0.35/ea;Crumpets, breakfast muffins & pancakes;crumpets-breakfast-muffins-pancakes;213;5.6;38.4;11;4.1;0.7;4.1;1.3;
genius-brown-bread-535g;Genius Gluten Free Soft Brown Loaf 535g;£2.90/unit;£0.54/100g;Freefrom;bakery-freefrom;273;3.3;45;2;7.4;0.6;6.4;0.83;
genius-croissants-102g;Genius Gluten Free Croissants 102g;£2.49/unit;£2.44/100g;Croissants, brioche & pastries;croissants-brioche-pastries;457;3.0;44.8;9.0;28.8;12.4;3.1;0.8;
genius-croissants-102g;Genius Gluten Free Croissants 102g;£2.49/unit;£2.44/100g;Freefrom;bakery-freefrom;457;3.0;44.8;9.0;28.8;12.4;3.1;0.8;
genius-crumpets-220g;Genius Gluten Free Crumpets 220g;£2.00/unit;£0.91/100g;Crumpets, breakfast muffins & pancakes;crumpets-breakfast-muffins-pancakes;209;4.8;29;2.6;7.4;0.6;2.7;1.17;
genius-crumpets-220g;Genius Gluten Free Crumpets 220g;£2.00/unit;£0.91/100g;Freefrom;bakery-freefrom;209;4.8;29;2.6;7.4;0.6;2.7;1.17;
genius-freefrom-lemon-cupcakes-126g;Genius Gluten Free Lemon Cupcakes 126g;£2.30/unit;£1.83/100g;Freefrom;bakery-freefrom;500;2.2;51;38.8;31.7;8.7;1.2;0.8;
genius-fruit-loaf-400g;Genius Gluten Free Spicy Fruit Loaf 400g;£2.00/unit;£0.50/100g;Freefrom;bakery-freefrom;294;4.1;48.5;16.5;8;1.0;6;0.5;
genius-gluten-free-chicken-pie-320g;Genius Gluten Free Chicken Pie 320g;£3.50/unit;£10.94/kg;Freefrom;frozen-freefrom;0;8.3;25;1.9;11.2;4.4;1.6;0.74;
genius-gluten-free-chicken-pie-320g;Genius Gluten Free Chicken Pie 320g;£3.50/unit;£10.94/kg;Ready meals & pies;frozen-pies;0;8.3;25;1.9;11.2;4.4;1.6;0.74;
genius-gluten-free-chocolate-chip-brioche-rolls-100g;Genius Gluten Free Chocolate Chip Brioche Rolls 100g;£2.29/unit;£2.29/100g;Freefrom;bakery-freefrom;376;4.8;42.6;11.1;19.5;3.3;5.4;0.8;
genius-gluten-free-chocolate-cupcakes-126g;Genius Gluten Free Chocolate Cupcakes 126g;£2.30/unit;£1.83/100g;Freefrom;bakery-freefrom;471;2.6;58.4;43.0;24.9;7.1;1.4;0.8;
genius-gluten-free-english-muffins-x4-168g;Genius Gluten Free English Muffins x4 168g;£2.25/unit;£1.34/100g;Crumpets, breakfast muffins & pancakes;crumpets-breakfast-muffins-pancakes;288;2.6;54;7.0;5.6;0.4;5.3;0.95;
genius-gluten-free-english-muffins-x4-168g;Genius Gluten Free English Muffins x4 168g;£2.25/unit;£1.34/100g;Freefrom;bakery-freefrom;288;2.6;54;7.0;5.6;0.4;5.3;0.95;
genius-gluten-free-original-brown-bread-360g;Genius Gluten Free Original Brown Bread 360g;£2.99/unit;£0.83/100g;Freefrom;bakery-freefrom;304;6.5;34.3;3.1;14.3;1.7;6.1;1.0;
genius-gluten-free-steak-pie-320g;Genius Gluten Free Steak Pie 320g;£3.50/unit;£10.94/kg;Freefrom;frozen-freefrom;251;8.9;24;1.6;12.7;5.4;2.4;0.63;
genius-gluten-free-steak-pie-320g;Genius Gluten Free Steak Pie 320g;£3.50/unit;£10.94/kg;Ready meals & pies;frozen-pies;251;8.9;24;1.6;12.7;5.4;2.4;0.63;
genius-multi-seeded-bread-600g;Genius Gluten Free Triple Seeded Loaf 560g;£2.90/unit;£0.52/100g;Freefrom;bakery-freefrom;null;5.7;36.9;2.5;12.1;1.0;10.4;0.9;
genius-white-bread-535g;Genius Gluten Free Soft White Loaf 535g;£2.90/unit;£0.54/100g;Freefrom;bakery-freefrom;276;3.1;43.3;4.4;8.2;0.3;8.2;0.9;
georgias-gluten-free-fish-cakes-180g;Georgia's Gluten Free Fish Cakes 180g;£2.75/unit;£15.28/kg;Fish & seafood;frozen-fish-seafood;186;9.5;18.6;0.9;8.2;1.0;0.7;0.9;
georgias-gluten-free-fish-cakes-180g;Georgia's Gluten Free Fish Cakes 180g;£2.75/unit;£15.28/kg;Freefrom;frozen-freefrom;186;9.5;18.6;0.9;8.2;1.0;0.7;0.9;
gia-garlic-puree-90g;Gia Garlic Puree 90g;£0.80/unit;£8.89/kg;Canned, tinned & packaged foods;canned-tinned-packaged-tomatoes;null;null;null;null;null;null;null;null;
gia-garlic-puree-90g;Gia Garlic Puree 90g;£0.80/unit;£8.89/kg;Cooking sauces & world foods;italian-cooking-sauces;null;null;null;null;null;null;null;null;
gia-sun-dried-tomato-puree-70g;Gia Sun Dried Tomato Puree 70g;£0.80/unit;£10.00/kg;Canned, tinned & packaged foods;canned-tinned-packaged-tomatoes;null;null;null;null;null;null;null;null;
gia-sun-dried-tomato-puree-70g;Gia Sun Dried Tomato Puree 70g;£0.80/unit;£10.00/kg;Cooking sauces & world foods;italian-cooking-sauces;null;null;null;null;null;null;null;null;
gilberts-all-beef-peppered-salami-170g;Gilbert's All Beef Peppered Salami 170g;£3.75/unit;£2.21/100g;Cooked meats & snacking;mfp-continental-meats;null;13.6;0.5;null;18.3;null;null;null;
gilberts-all-beef-peppered-salami-170g;Gilbert's All Beef Peppered Salami 170g;£3.75/unit;£2.21/100g;Cooked meats, pate & sandwich fillers;continental-meats;null;13.6;0.5;null;18.3;null;null;null;
gilberts-all-beef-peppered-salami-170g;Gilbert's All Beef Peppered Salami 170g;£3.75/unit;£2.21/100g;World foods, kosher & halal;kosher-chilled-foods;null;13.6;0.5;null;18.3;null;null;null;
gilberts-chopped-liver-250g;Gilbert's Chopped Liver 250g;£3.00/unit;£1.20/100g;Cooked meats & snacking;mfp-pate;null;null;null;null;null;null;null;null;
gilberts-chopped-liver-250g;Gilbert's Chopped Liver 250g;£3.00/unit;£1.20/100g;Cooked meats, pate & sandwich fillers;pate;null;null;null;null;null;null;null;null;
gilberts-chopped-liver-250g;Gilbert's Chopped Liver 250g;£3.00/unit;£1.20/100g;World foods, kosher & halal;kosher-chilled-foods;null;null;null;null;null;null;null;null;
gilberts-chorizo-170g;Gilbert's Chorizo 170g;£3.00/unit;£1.76/100g;Cooked meats & snacking;mfp-continental-meats;null;14.4;2.3;null;16.5;null;null;null;
gilberts-chorizo-170g;Gilbert's Chorizo 170g;£3.00/unit;£1.76/100g;Cooked meats & snacking;mfp-snacking-cooked-sausage;null;14.4;2.3;null;16.5;null;null;null;
gilberts-chorizo-170g;Gilbert's Chorizo 170g;£3.00/unit;£1.76/100g;Cooked meats, pate & sandwich fillers;continental-meats;null;14.4;2.3;null;16.5;null;null;null;
gilberts-chorizo-170g;Gilbert's Chorizo 170g;£3.00/unit;£1.76/100g;Cooked meats, pate & sandwich fillers;snacking-cooked-sausage;null;14.4;2.3;null;16.5;null;null;null;
gilberts-chorizo-170g;Gilbert's Chorizo 170g;£3.00/unit;£1.76/100g;World foods, kosher & halal;kosher-chilled-foods;null;14.4;2.3;null;16.5;null;null;null;
gilberts-corned-beef-170g;Gilbert's Corned Beef 170g;£2.85/unit;£1.68/100g;World foods, kosher & halal;kosher-chilled-foods;null;15.3;0.2;null;10.7;null;null;null;
gilberts-cured-roast-beef-170g;Gilbert's Cured Roast Beef 170g;£5.50/unit;£3.24/100g;World foods, kosher & halal;kosher-chilled-foods;null;26.9;0.3;null;5.5;0;null;null;
gilberts-roast-turkey-breast-142g;Gilbert's Roast Turkey Breast 142g;£2.00/unit;£1.41/100g;Cooked meats & snacking;mfp-cooked-chicken-turkey;null;21.7;2.2;null;0.9;null;null;null;
gilberts-roast-turkey-breast-142g;Gilbert's Roast Turkey Breast 142g;£2.00/unit;£1.41/100g;Cooked meats, pate & sandwich fillers;cooked-chicken-turkey;null;21.7;2.2;null;0.9;null;null;null;
gilberts-roast-turkey-breast-142g;Gilbert's Roast Turkey Breast 142g;£2.00/unit;£1.41/100g;World foods, kosher & halal;kosher-chilled-foods;null;21.7;2.2;null;0.9;null;null;null;
gilberts-salami-227g;Gilbert's Salami 227g;£2.00/unit;£0.88/100g;Cooked meats & snacking;mfp-continental-meats;null;null;null;null;null;null;null;null;
gilberts-salami-227g;Gilbert's Salami 227g;£2.00/unit;£0.88/100g;Cooked meats & snacking;mfp-snacking-cooked-sausage;null;null;null;null;null;null;null;null;
gilberts-salami-227g;Gilbert's Salami 227g;£2.00/unit;£0.88/100g;Cooked meats, pate & sandwich fillers;continental-meats;null;null;null;null;null;null;null;null;
gilberts-salami-227g;Gilbert's Salami 227g;£2.00/unit;£0.88/100g;Cooked meats, pate & sandwich fillers;snacking-cooked-sausage;null;null;null;null;null;null;null;null;
gilberts-salami-227g;Gilbert's Salami 227g;£2.00/unit;£0.88/100g;World foods, kosher & halal;kosher-chilled-foods;null;null;null;null;null;null;null;null;
gilberts-salt-beef-170g;Gilbert's Salt Beef 170g;£4.95/unit;£2.91/100g;Cooked meats & snacking;mfp-continental-meats;107;19.9;0.3;null;2.9;null;null;null;
gilberts-salt-beef-170g;Gilbert's Salt Beef 170g;£4.95/unit;£2.91/100g;Cooked meats, pate & sandwich fillers;continental-meats;107;19.9;0.3;null;2.9;null;null;null;
gilberts-salt-beef-170g;Gilbert's Salt Beef 170g;£4.95/unit;£2.91/100g;World foods, kosher & halal;kosher-chilled-foods;107;19.9;0.3;null;2.9;null;null;null;
gilberts-salt-beef-brisket-170g;Gilbert's Salt Beef Brisket 170g;£5.50/unit;£3.24/100g;Cooked meats & snacking;mfp-continental-meats;null;21.9;0.2;null;5.9;null;null;null;
gilberts-salt-beef-brisket-170g;Gilbert's Salt Beef Brisket 170g;£5.50/unit;£3.24/100g;Cooked meats, pate & sandwich fillers;continental-meats;null;21.9;0.2;null;5.9;null;null;null;
gilberts-salt-beef-brisket-170g;Gilbert's Salt Beef Brisket 170g;£5.50/unit;£3.24/100g;World foods, kosher & halal;kosher-chilled-foods;null;21.9;0.2;null;5.9;null;null;null;
gilberts-sausage--luncheon-170g;Gilbert's Luncheon Salami Sausage 170g;£2.80/unit;£1.65/100g;Cooked meats & snacking;mfp-continental-meats;null;13.4;0.6;null;18.5;null;null;null;
gilberts-sausage--luncheon-170g;Gilbert's Luncheon Salami Sausage 170g;£2.80/unit;£1.65/100g;Cooked meats, pate & sandwich fillers;continental-meats;null;13.4;0.6;null;18.5;null;null;null;
gilberts-sausage--luncheon-170g;Gilbert's Luncheon Salami Sausage 170g;£2.80/unit;£1.65/100g;World foods, kosher & halal;kosher-chilled-foods;null;13.4;0.6;null;18.5;null;null;null;
gilberts-sausage--vienna-360g;Gilbert's Vienna Sausage 360g;£4.00/unit;£1.11/100g;Cooked meats & snacking;mfp-continental-meats;240;13.7;2.1;null;19.3;null;null;null;
gilberts-sausage--vienna-360g;Gilbert's Vienna Sausage 360g;£4.00/unit;£1.11/100g;Cooked meats & snacking;mfp-snacking-cooked-sausage;240;13.7;2.1;null;19.3;null;null;null;
gilberts-sausage--vienna-360g;Gilbert's Vienna Sausage 360g;£4.00/unit;£1.11/100g;Cooked meats, pate & sandwich fillers;continental-meats;240;13.7;2.1;null;19.3;null;null;null;
gilberts-sausage--vienna-360g;Gilbert's Vienna Sausage 360g;£4.00/unit;£1.11/100g;Cooked meats, pate & sandwich fillers;snacking-cooked-sausage;240;13.7;2.1;null;19.3;null;null;null;
gilberts-sausage--vienna-360g;Gilbert's Vienna Sausage 360g;£4.00/unit;£1.11/100g;World foods, kosher & halal;kosher-chilled-foods;240;13.7;2.1;null;19.3;null;null;null;
gilberts-smoked-turkey-breasts-142g;Gilbert's Smoked Turkey Breasts 142g;£2.20/unit;£1.55/100g;Cooked meats & snacking;mfp-continental-meats;null;24.6;0.9;0.3;1.1;0.3;null;2.4;
gilberts-smoked-turkey-breasts-142g;Gilbert's Smoked Turkey Breasts 142g;£2.20/unit;£1.55/100g;Cooked meats & snacking;mfp-cooked-chicken-turkey;null;24.6;0.9;0.3;1.1;0.3;null;2.4;
gilberts-smoked-turkey-breasts-142g;Gilbert's Smoked Turkey Breasts 142g;£2.20/unit;£1.55/100g;Cooked meats & snacking;mfp-snacking-cooked-sausage;null;24.6;0.9;0.3;1.1;0.3;null;2.4;
gilberts-smoked-turkey-breasts-142g;Gilbert's Smoked Turkey Breasts 142g;£2.20/unit;£1.55/100g;Cooked meats, pate & sandwich fillers;continental-meats;null;24.6;0.9;0.3;1.1;0.3;null;2.4;
gilberts-smoked-turkey-breasts-142g;Gilbert's Smoked Turkey Breasts 142g;£2.20/unit;£1.55/100g;Cooked meats, pate & sandwich fillers;cooked-chicken-turkey;null;24.6;0.9;0.3;1.1;0.3;null;2.4;
gilberts-smoked-turkey-breasts-142g;Gilbert's Smoked Turkey Breasts 142g;£2.20/unit;£1.55/100g;Cooked meats, pate & sandwich fillers;snacking-cooked-sausage;null;24.6;0.9;0.3;1.1;0.3;null;2.4;
gilberts-smoked-turkey-breasts-142g;Gilbert's Smoked Turkey Breasts 142g;£2.20/unit;£1.55/100g;World foods, kosher & halal;kosher-chilled-foods;null;24.6;0.9;0.3;1.1;0.3;null;2.4;
gilberts-turkey-pastrami-142g;Gilbert's Turkey Pastrami 142g;£2.20/unit;£1.55/100g;Cooked meats & snacking;mfp-continental-meats;null;20.4;2.0;0.7;2.1;0.6;null;1.7;
gilberts-turkey-pastrami-142g;Gilbert's Turkey Pastrami 142g;£2.20/unit;£1.55/100g;Cooked meats, pate & sandwich fillers;continental-meats;null;20.4;2.0;0.7;2.1;0.6;null;1.7;
gilberts-turkey-pastrami-142g;Gilbert's Turkey Pastrami 142g;£2.20/unit;£1.55/100g;World foods, kosher & halal;kosher-chilled-foods;null;20.4;2.0;0.7;2.1;0.6;null;1.7;
ginsters-4-cornish-pasties-520g;Ginsters Cornish Pasties x4 520g;£2.80/unit;£0.54/100g;Pies, pasties & quiche;slices-pasties;249;8.0;18.5;1.8;15.5;7.2;1.9;1.17;
ginsters-chicken---mushroom-slice-170g;Ginsters Chicken & Mushroom Slice 170g;£1.00/unit;£0.59/100g;Pies, pasties & quiche;slices-pasties;298;7.9;19.0;0.8;20.6;10.1;2.7;0.96;
ginsters-chicken---mushroom-slice-170g;Ginsters Chicken & Mushroom Slice 170g;£1.00/unit;£0.59/100g;Soup & lunchtime snacks;lunchtime-snacks;298;7.9;19.0;0.8;20.6;10.1;2.7;0.96;
ginsters-large-cornish-pasty-227g;Ginsters Cornish Pasty, Large 227g;£1.40/unit;£0.62/100g;Pies, pasties & quiche;slices-pasties;249;8.0;18.5;1.8;15.5;7.2;1.9;1.17;
ginsters-large-cornish-pasty-227g;Ginsters Cornish Pasty, Large 227g;£1.40/unit;£0.62/100g;Soup & lunchtime snacks;lunchtime-snacks;249;8.0;18.5;1.8;15.5;7.2;1.9;1.17;
ginsters-large-sausage-roll-130g;Ginsters Sausage Roll, Large 130g;£1.00/unit;£0.77/100g;Pies, pasties & quiche;sausage-rolls-savouries;393;9.5;18.7;0.7;30.8;12.7;1.4;1.41;
ginsters-large-sausage-roll-130g;Ginsters Sausage Roll, Large 130g;£1.00/unit;£0.77/100g;Pies, pasties & quiche;slices-pasties;393;9.5;18.7;0.7;30.8;12.7;1.4;1.41;
ginsters-large-sausage-roll-130g;Ginsters Sausage Roll, Large 130g;£1.00/unit;£0.77/100g;Soup & lunchtime snacks;lunchtime-snacks;393;9.5;18.7;0.7;30.8;12.7;1.4;1.41;
ginsters-peppered-steak-slice-170g;Ginsters Peppered Steak Slice 170g;£1.00/unit;£0.59/100g;Pies, pasties & quiche;slices-pasties;307;7.7;19.1;1.2;21.7;9.9;2.5;0.86;
ginsters-peppered-steak-slice-170g;Ginsters Peppered Steak Slice 170g;£1.00/unit;£0.59/100g;Soup & lunchtime snacks;lunchtime-snacks;307;7.7;19.1;1.2;21.7;9.9;2.5;0.86;
ginsters-ploughmans-roll-130g;Ginsters Ploughmans Roll 130g;£1.00/unit;£0.77/100g;Pies, pasties & quiche;sausage-rolls-savouries;346;8.3;22.3;2.3;24.4;11.2;1.9;1.17;
ginsters-ploughmans-roll-130g;Ginsters Ploughmans Roll 130g;£1.00/unit;£0.77/100g;Pies, pasties & quiche;slices-pasties;346;8.3;22.3;2.3;24.4;11.2;1.9;1.17;
ginsters-ploughmans-roll-130g;Ginsters Ploughmans Roll 130g;£1.00/unit;£0.77/100g;Soup & lunchtime snacks;lunchtime-snacks;346;8.3;22.3;2.3;24.4;11.2;1.9;1.17;
ginsters-sausage-rolls-x4-240g;Ginsters Sausage Rolls x4 240g;£1.70/unit;£0.71/100g;Pies, pasties & quiche;sausage-rolls-savouries;327;7.2;23.9;1.2;21.7;9.4;3.7;1.08;
ginsters-sausage-rolls-x4-240g;Ginsters Sausage Rolls x4 240g;£1.70/unit;£0.71/100g;Pies, pasties & quiche;slices-pasties;327;7.2;23.9;1.2;21.7;9.4;3.7;1.08;
ginsters-spicy-chicken-slice-170g;Ginsters Spicy Chicken Slice 170g;£1.00/unit;£0.59/100g;Pies, pasties & quiche;slices-pasties;304;6.8;15.0;1.9;23.0;9.8;4.8;0.72;
ginsters-spicy-chicken-slice-170g;Ginsters Spicy Chicken Slice 170g;£1.00/unit;£0.59/100g;Soup & lunchtime snacks;lunchtime-snacks;304;6.8;15.0;1.9;23.0;9.8;4.8;0.72;
ginsters-steak-slices-x4-420g;Ginsters Steak Slices x4 420g;£2.80/unit;£0.67/100g;Pies, pasties & quiche;slices-pasties;295;8.3;22.3;1.0;19.7;9.2;2.6;0.94;
giovanni-rana-chicken-mozzarella-pancetta-ravioli-250g;Giovanni Rana Chicken, Mozzarella & Pancetta Ravioli 250g;£1.70/unit;£6.80/kg;Pizza, pasta & garlic bread;fresh-pasta-sauces;272;13.0;28.0;2.4;11.5;7.0;null;0.75;
giovanni-rana-cured-ham---cheese-torteloni-250g;Giovanni Rana Cured Ham & Cheese Tortelloni 250g;£1.70/unit;£6.80/kg;Pizza, pasta & garlic bread;fresh-pasta-sauces;277;12.0;36.0;2.3;9.0;5.5;null;1.0;
giovanni-rana-italian-bolognese-tortelloni-250g;Giovanni Rana Rich Bolognese Tortelloni 250g;£1.70/unit;£6.80/kg;Pizza, pasta & garlic bread;fresh-pasta-sauces;288;10.5;37.0;3.4;9.5;3.2;null;1.3;
giovanni-rana-large-ravioli--chicken---rosemary-250g;Giovanni Rana Large Ravioli, Chicken & Rosemary 250g;£2.20/unit;£8.80/kg;Pizza, pasta & garlic bread;fresh-pasta-sauces;248;9.0;31.0;3.5;9.0;5.8;null;1.3;
giovanni-rana-large-ravioli--gorgonzola---walnut-250g;Giovanni Rana Large Ravioli, Gorgonzola & Walnut 250g;£2.20/unit;£8.80/kg;Pizza, pasta & garlic bread;fresh-pasta-sauces;296;10.5;37.0;3.6;11.0;5.5;null;1.4;
giovanni-rana-mushroom-creamy-ricotta-ravioli-250g;Giovanni Rana Mushroom Creamy Ricotta Ravioli 250g;£1.70/unit;£6.80/kg;Pizza, pasta & garlic bread;fresh-pasta-sauces;265;8.0;35.0;3.0;10.0;4.5;null;1.5;
giovanni-rana-ricotta-spinich---mascarpone-ravioli-250g;Giovanni Rana Large Ravioli, Ricotta Spinach & Mascarpone 250g;£2.20/unit;£8.80/kg;Pizza, pasta & garlic bread;fresh-pasta-sauces;257;9.5;31.5;3.5;9.5;6.0;null;1.3;
giovanni-rana-selected-italian-cheeses-ravioli-250g;Giovanni Rana Selected Italian Cheeses Ravioli 250g;£1.70/unit;£6.80/kg;Pizza, pasta & garlic bread;fresh-pasta-sauces;272;10.5;31.5;2.0;11.0;7.0;null;1.3;
giovanni-rana-spinach-ricotta-tortelloni-250g;Giovanni Rana Spinach Ricotta Tortelloni 250g;£1.70/unit;£6.80/kg;Pizza, pasta & garlic bread;fresh-pasta-sauces;255;9.0;35.5;5.5;8.0;3.5;null;1.3;
giovanni-rana-suntom-olives---mozzarella-large-ravioli-250g;Giovanni Rana Large Ravioli, Sun Ripened Tomato, Olive & Mozzarella 250g;£2.20/unit;£8.80/kg;Pizza, pasta & garlic bread;fresh-pasta-sauces;267;8.3;28.0;2.9;12.7;5.8;null;1.3;
gladioli;Sainsbury's Gladioli x12;£3.00/unit;£3.00/ea;Flowers & seeds;flowers---seeds;null;null;null;null;null;null;null;null;
glenryck-pilchard-fillets-in-spicy-tomato-sauce-120g;Glenryck Pilchard Fillets in Spicy Tomato Sauce 120g;£1.10/unit;£0.92/100g;Canned, tinned & packaged foods;canned-tinned-packaged-fish;91;19.5;1.1;1.1;1.2;0.4;1.3;null;
glenryck-pilchard-fillets-in-sunflower-oil-120g;Glenryck Pilchard Fillets in Sunflower Oil 120g (90g*);£1.10/unit;£1.22/100g;Canned, tinned & packaged foods;canned-tinned-packaged-fish;180;26.0;3.0;0;7.1;1.0;0.6;null;
glenryck-pilchard-fillets-in-tomato-sauce-120g;Glenryck Pilchard Fillets in Tomato Sauce 120g;£1.10/unit;£0.92/100g;Canned, tinned & packaged foods;canned-tinned-packaged-fish;96;21.2;1.1;1.1;1.6;0.5;1.4;null;
glenryck-pilchards-in-tomato-sauce-155g;Glenryck Pilchards in Tomato Sauce 155g;£0.50/unit;£0.32/100g;Canned, tinned & packaged foods;canned-tinned-packaged-fish;null;null;null;null;null;null;null;null;
glenryck-pilchards-in-tomato-sauce-425g;Glenryck Pilchards in Tomato Sauce 400g;£1.10/unit;£0.28/100g;Canned, tinned & packaged foods;canned-tinned-packaged-fish;null;null;null;null;null;null;null;null;
glorious%21-chicken---peanut-meal-soup-600g;Glorious! Heart of West Africa, Chicken & Peanut Soup 600g;£2.20/unit;£0.37/100g;Soup & lunchtime snacks;fresh-soups;95;3.8;6.1;2.2;6.1;2.8;1.4;0.5;
glorious%21-chicken---peanut-meal-soup-600g;Glorious! Heart of West Africa, Chicken & Peanut Soup 600g;£2.20/unit;£0.37/100g;Soup & lunchtime snacks;lunchtime-snacks;95;3.8;6.1;2.2;6.1;2.8;1.4;0.5;
glorious%21-limited-edition-soup-600g;Glorious! Limited Edition Meal Soup 600g;£2.20/unit;£0.37/100g;Soup & lunchtime snacks;fresh-soups;114;4.1;10.6;1.1;5.8;0.6;1.6;0.6;
glorious%21-louisiana-voo-doo-soup-600g;Glorious! Louisiana Voo Doo Soup 600g;£2.20/unit;£0.37/100g;Soup & lunchtime snacks;fresh-soups;60;3.7;4.9;1.2;2.6;0.7;1.2;0.4;
glorious%21-louisiana-voo-doo-soup-600g;Glorious! Louisiana Voo Doo Soup 600g;£2.20/unit;£0.37/100g;Soup & lunchtime snacks;lunchtime-snacks;60;3.7;4.9;1.2;2.6;0.7;1.2;0.4;
glorious%21-skinny-fragrant-thai-carrot---lemongrass-600g;Glorious! Skinnylicious Thai Tuk Tuks, Carrot & Lemongrass Soup 600g;£2.20/unit;£0.37/100g;Soup & lunchtime snacks;fresh-soups;40;0.3;3.5;2.9;1.7;1.5;1.6;0.6;
glorious%21-skinny-goan-tomato---lentil-soup-600g;Glorious! Skinnylicious Goa Express, Tomato & Lentil Soup 600g;£2.20/unit;£0.37/100g;Soup & lunchtime snacks;fresh-soups;50;2.2;7.4;3.0;1.3;0.1;0.6;0.5;
glorious%21-skinny-ltd-edition-soup-600g;Glorious! Skinny Ltd Edition Soup 600g;£2.20/unit;£0.37/100g;Soup & lunchtime snacks;fresh-soups;33;1.1;5.2;1.8;0.5;0.2;1.7;0.4;
glorious%21-skinny-ltd-edition-soup-600g;Glorious! Skinny Ltd Edition Soup 600g;£2.20/unit;£0.37/100g;Soup & lunchtime snacks;lunchtime-snacks;33;1.1;5.2;1.8;0.5;0.2;1.7;0.4;
glorious%21-skinny-new-england-butternut-squash-soup-600g;Glorious! Skinnylicious New England in Autumn, Butternut Squash Soup 600g;£2.20/unit;£0.37/100g;Soup & lunchtime snacks;fresh-soups;34;0.6;5.9;2.7;0.9;0;0.7;0.5;
glorious%21-skinnylicious-persian-hug-fresh-soup-600g;Glorious! Skinnylicious Persian Hug Fresh Soup 600g;£2.20/unit;£0.37/100g;Soup & lunchtime snacks;fresh-soups;38;1.3;6.2;2.6;1.1;0.3;1.1;0.4;
glorious%21-soup-tuscan-chicken---orzo-soup;Glorious! Timeless Tuscany Chicken & Orzo Soup 600g;£2.20/unit;£0.37/100g;Soup & lunchtime snacks;fresh-soups;40;2.8;6.2;3.0;0.4;0;0.7;0.6;
glorious%21-sunny-thai-days-fresh-meal-soup-600g;Glorious! Sunny Thai Days Fresh Meal Soup 600g;£2.20/unit;£0.37/100g;Soup & lunchtime snacks;fresh-soups;63;3.0;6.8;0.9;2.2;1.7;1.9;0.4;
glorious%21-sunny-thai-days-fresh-meal-soup-600g;Glorious! Sunny Thai Days Fresh Meal Soup 600g;£2.20/unit;£0.37/100g;Soup & lunchtime snacks;lunchtime-snacks;63;3.0;6.8;0.9;2.2;1.7;1.9;0.4;
go-ahead%21-apple---sultana-crispy-slices-5x436g;Go Ahead! Apple & Sultana Crispy Slices 5x43.6g;£1.75/unit;£0.80/100g;Biscuits & crackers;biscuits-crackers-kids-lunchbox;392;5.4;76.4;36.8;7.2;0.9;2.4;0.5;
go-ahead%21-apple---sultana-crispy-slices-5x436g;Go Ahead! Apple & Sultana Crispy Slices 5x43.6g;£1.75/unit;£0.80/100g;Biscuits & crackers;cereal-bars-breakfast-biscuits;392;5.4;76.4;36.8;7.2;0.9;2.4;0.5;
go-ahead%21-apple---sultana-crispy-slices-5x436g;Go Ahead! Apple & Sultana Crispy Slices 5x43.6g;£1.75/unit;£0.80/100g;Biscuits & crackers;healthier-biscuits-crackers;392;5.4;76.4;36.8;7.2;0.9;2.4;0.5;
go-ahead%21-apple---sultana-crispy-slices-5x436g;Go Ahead! Apple & Sultana Crispy Slices 5x43.6g;£1.75/unit;£0.80/100g;Breakfast cereals;breakfast-cereal-bars-breakfast-biscuits;392;5.4;76.4;36.8;7.2;0.9;2.4;0.5;
go-ahead%21-blueberry-crispy-slices-5x436g;Go Ahead! Blueberry Crispy Slices 5x43.6g;£1.75/unit;£0.80/100g;Biscuits & crackers;biscuits-crackers-kids-lunchbox;392;5.4;76.4;37.1;7.1;0.8;2.3;0.6;
go-ahead%21-blueberry-crispy-slices-5x436g;Go Ahead! Blueberry Crispy Slices 5x43.6g;£1.75/unit;£0.80/100g;Biscuits & crackers;cereal-bars-breakfast-biscuits;392;5.4;76.4;37.1;7.1;0.8;2.3;0.6;
go-ahead%21-blueberry-crispy-slices-5x436g;Go Ahead! Blueberry Crispy Slices 5x43.6g;£1.75/unit;£0.80/100g;Biscuits & crackers;healthier-biscuits-crackers;392;5.4;76.4;37.1;7.1;0.8;2.3;0.6;
go-ahead%21-blueberry-crispy-slices-5x436g;Go Ahead! Blueberry Crispy Slices 5x43.6g;£1.75/unit;£0.80/100g;Breakfast cereals;breakfast-cereal-bars-breakfast-biscuits;392;5.4;76.4;37.1;7.1;0.8;2.3;0.6;
go-ahead%21-forest-fruit-crispy-slices-5x436g;Go Ahead! Forest Fruit Crispy Slices 5x43.6g;£1.75/unit;£0.80/100g;Biscuits & crackers;biscuits-crackers-kids-lunchbox;392;5.3;76.3;37.2;7.0;0.8;2.5;0.6;
go-ahead%21-forest-fruit-crispy-slices-5x436g;Go Ahead! Forest Fruit Crispy Slices 5x43.6g;£1.75/unit;£0.80/100g;Biscuits & crackers;cereal-bars-breakfast-biscuits;392;5.3;76.3;37.2;7.0;0.8;2.5;0.6;
go-ahead%21-forest-fruit-crispy-slices-5x436g;Go Ahead! Forest Fruit Crispy Slices 5x43.6g;£1.75/unit;£0.80/100g;Biscuits & crackers;healthier-biscuits-crackers;392;5.3;76.3;37.2;7.0;0.8;2.5;0.6;
go-ahead%21-fruit-bakes-strawberry-6x35g;Go Ahead! Fruit Bakes Strawberry 6x35g;£2.00/unit;£0.95/100g;Biscuits & crackers;cereal-bars-breakfast-biscuits;381;3.5;72.9;39.1;8.4;3.8;4.1;0.6;
go-ahead%21-fruit-bakes-strawberry-6x35g;Go Ahead! Fruit Bakes Strawberry 6x35g;£2.00/unit;£0.95/100g;Biscuits & crackers;healthier-biscuits-crackers;381;3.5;72.9;39.1;8.4;3.8;4.1;0.6;
go-ahead%21-orange---sultana-crispy-slices-5x436g;Go Ahead! Orange & Sultana Crispy Slices 5x43.6g;£1.75/unit;£0.80/100g;Biscuits & crackers;biscuits-crackers-kids-lunchbox;392;5.4;76.6;37.1;7.0;0.8;2.3;0.6;
go-ahead%21-orange---sultana-crispy-slices-5x436g;Go Ahead! Orange & Sultana Crispy Slices 5x43.6g;£1.75/unit;£0.80/100g;Biscuits & crackers;cereal-bars-breakfast-biscuits;392;5.4;76.6;37.1;7.0;0.8;2.3;0.6;
go-ahead%21-orange---sultana-crispy-slices-5x436g;Go Ahead! Orange & Sultana Crispy Slices 5x43.6g;£1.75/unit;£0.80/100g;Biscuits & crackers;healthier-biscuits-crackers;392;5.4;76.6;37.1;7.0;0.8;2.3;0.6;
go-ahead%21-orange---sultana-crispy-slices-5x436g;Go Ahead! Orange & Sultana Crispy Slices 5x43.6g;£1.75/unit;£0.80/100g;Breakfast cereals;breakfast-cereal-bars-breakfast-biscuits;392;5.4;76.6;37.1;7.0;0.8;2.3;0.6;
go-ahead%21-raspberry-crispy-slices-5x436g;Go Ahead! Raspberry Crispy Slices 5x43.6g;£1.75/unit;£0.80/100g;Biscuits & crackers;biscuits-crackers-kids-lunchbox;392;5.3;76.4;37.3;7.0;0.8;2.5;0.6;
go-ahead%21-raspberry-crispy-slices-5x436g;Go Ahead! Raspberry Crispy Slices 5x43.6g;£1.75/unit;£0.80/100g;Biscuits & crackers;cereal-bars-breakfast-biscuits;392;5.3;76.4;37.3;7.0;0.8;2.5;0.6;
go-ahead%21-raspberry-crispy-slices-5x436g;Go Ahead! Raspberry Crispy Slices 5x43.6g;£1.75/unit;£0.80/100g;Biscuits & crackers;healthier-biscuits-crackers;392;5.3;76.4;37.3;7.0;0.8;2.5;0.6;
go-ahead%21-raspberry-crispy-slices-5x436g;Go Ahead! Raspberry Crispy Slices 5x43.6g;£1.75/unit;£0.80/100g;Breakfast cereals;breakfast-cereal-bars-breakfast-biscuits;392;5.3;76.4;37.3;7.0;0.8;2.5;0.6;
go-ahead%21-red-cherry-crispy-slices-5x436g;Go Ahead! Red Cherry Crispy Slices 5x43.6g;£1.75/unit;£0.80/100g;Biscuits & crackers;biscuits-crackers-kids-lunchbox;392;5.3;76.4;37.3;7.0;0.8;2.5;0.5;
go-ahead%21-red-cherry-crispy-slices-5x436g;Go Ahead! Red Cherry Crispy Slices 5x43.6g;£1.75/unit;£0.80/100g;Biscuits & crackers;cereal-bars-breakfast-biscuits;392;5.3;76.4;37.3;7.0;0.8;2.5;0.5;
go-ahead%21-red-cherry-crispy-slices-5x436g;Go Ahead! Red Cherry Crispy Slices 5x43.6g;£1.75/unit;£0.80/100g;Biscuits & crackers;healthier-biscuits-crackers;392;5.3;76.4;37.3;7.0;0.8;2.5;0.5;
go-ahead%21-red-cherry-crispy-slices-5x436g;Go Ahead! Red Cherry Crispy Slices 5x43.6g;£1.75/unit;£0.80/100g;Breakfast cereals;breakfast-cereal-bars-breakfast-biscuits;392;5.3;76.4;37.3;7.0;0.8;2.5;0.5;
go-ahead%21-strawberry-crispy-slices-5x436g;Go Ahead! Strawberry Crispy Slices 5x43.6g;£1.75/unit;£0.80/100g;Biscuits & crackers;biscuits-crackers-kids-lunchbox;392;5.6;75.8;37.9;7.2;0.8;2.3;0.6;
go-ahead%21-strawberry-crispy-slices-5x436g;Go Ahead! Strawberry Crispy Slices 5x43.6g;£1.75/unit;£0.80/100g;Biscuits & crackers;cereal-bars-breakfast-biscuits;392;5.6;75.8;37.9;7.2;0.8;2.3;0.6;
go-ahead%21-strawberry-crispy-slices-5x436g;Go Ahead! Strawberry Crispy Slices 5x43.6g;£1.75/unit;£0.80/100g;Biscuits & crackers;healthier-biscuits-crackers;392;5.6;75.8;37.9;7.2;0.8;2.3;0.6;
go-ahead%21-strawberry-crispy-slices-5x436g;Go Ahead! Strawberry Crispy Slices 5x43.6g;£1.75/unit;£0.80/100g;Breakfast cereals;breakfast-cereal-bars-breakfast-biscuits;392;5.6;75.8;37.9;7.2;0.8;2.3;0.6;
go-ahead%21-strawberry-yogurt-breaks-5x355g;Go Ahead! Strawberry Yogurt Breaks 5x35.5g;£2.00/unit;£1.13/100g;Biscuits & crackers;biscuits-crackers-kids-lunchbox;410;5.1;74.1;41.1;10.1;4.6;2.2;0.5;
go-ahead%21-strawberry-yogurt-breaks-5x355g;Go Ahead! Strawberry Yogurt Breaks 5x35.5g;£2.00/unit;£1.13/100g;Biscuits & crackers;cereal-bars-breakfast-biscuits;410;5.1;74.1;41.1;10.1;4.6;2.2;0.5;
go-ahead%21-strawberry-yogurt-breaks-5x355g;Go Ahead! Strawberry Yogurt Breaks 5x35.5g;£2.00/unit;£1.13/100g;Biscuits & crackers;healthier-biscuits-crackers;410;5.1;74.1;41.1;10.1;4.6;2.2;0.5;
go-ahead%21-strawberry-yogurt-breaks-5x355g;Go Ahead! Strawberry Yogurt Breaks 5x35.5g;£2.00/unit;£1.13/100g;Breakfast cereals;breakfast-cereal-bars-breakfast-biscuits;410;5.1;74.1;41.1;10.1;4.6;2.2;0.5;
go-ahead-forest-fruit-yoghurt-break-213g;Go Ahead! Forest Fruit Yoghurt Break 5x35.5g;£2.00/unit;£1.13/100g;Biscuits & crackers;biscuits-crackers-kids-lunchbox;410;5.1;74.1;40.5;10.1;4.6;2.2;0.4;
go-ahead-forest-fruit-yoghurt-break-213g;Go Ahead! Forest Fruit Yoghurt Break 5x35.5g;£2.00/unit;£1.13/100g;Biscuits & crackers;cereal-bars-breakfast-biscuits;410;5.1;74.1;40.5;10.1;4.6;2.2;0.4;
go-ahead-forest-fruit-yoghurt-break-213g;Go Ahead! Forest Fruit Yoghurt Break 5x35.5g;£2.00/unit;£1.13/100g;Biscuits & crackers;healthier-biscuits-crackers;410;5.1;74.1;40.5;10.1;4.6;2.2;0.4;
go-ahead-forest-fruit-yoghurt-break-213g;Go Ahead! Forest Fruit Yoghurt Break 5x35.5g;£2.00/unit;£1.13/100g;Breakfast cereals;breakfast-cereal-bars-breakfast-biscuits;410;5.1;74.1;40.5;10.1;4.6;2.2;0.4;
go-ahead-forest-fruit-yogurt-breaks-36g;Go Ahead! Forest Fruit Yogurt Break 36g;£0.60/unit;£1.67/100g;Biscuits & crackers;biscuits-crackers-kids-lunchbox;null;null;null;null;null;null;null;null;
go-ahead-forest-fruit-yogurt-breaks-36g;Go Ahead! Forest Fruit Yogurt Break 36g;£0.60/unit;£1.67/100g;Biscuits & crackers;cereal-bars-breakfast-biscuits;null;null;null;null;null;null;null;null;
go-ahead-forest-fruit-yogurt-breaks-36g;Go Ahead! Forest Fruit Yogurt Break 36g;£0.60/unit;£1.67/100g;Biscuits & crackers;healthier-biscuits-crackers;null;null;null;null;null;null;null;null;
go-ahead-forest-fruit-yogurt-breaks-36g;Go Ahead! Forest Fruit Yogurt Break 36g;£0.60/unit;£1.67/100g;Breakfast cereals;breakfast-cereal-bars-breakfast-biscuits;null;null;null;null;null;null;null;null;
go-ahead-raspberry-yoghurt-breaks-213g;Go Ahead! Raspberry Yoghurt Breaks 5x35.5g;£2.00/unit;£1.13/100g;Biscuits & crackers;biscuits-crackers-kids-lunchbox;411;5.2;74.0;40.4;10.2;4.6;2.2;0.4;
go-ahead-raspberry-yoghurt-breaks-213g;Go Ahead! Raspberry Yoghurt Breaks 5x35.5g;£2.00/unit;£1.13/100g;Biscuits & crackers;cereal-bars-breakfast-biscuits;411;5.2;74.0;40.4;10.2;4.6;2.2;0.4;
go-ahead-raspberry-yoghurt-breaks-213g;Go Ahead! Raspberry Yoghurt Breaks 5x35.5g;£2.00/unit;£1.13/100g;Biscuits & crackers;healthier-biscuits-crackers;411;5.2;74.0;40.4;10.2;4.6;2.2;0.4;
go-ahead-raspberry-yoghurt-breaks-213g;Go Ahead! Raspberry Yoghurt Breaks 5x35.5g;£2.00/unit;£1.13/100g;Breakfast cereals;breakfast-cereal-bars-breakfast-biscuits;411;5.2;74.0;40.4;10.2;4.6;2.2;0.4;
go-ahead-yoghurt-breaks-cherry-213g;Go Ahead! Cherry Yoghurt Breaks 5x35.5g;£2.00/unit;£1.13/100g;Biscuits & crackers;biscuits-crackers-kids-lunchbox;411;5.2;74.1;40.6;10.2;4.6;2.2;0.4;
go-ahead-yoghurt-breaks-cherry-213g;Go Ahead! Cherry Yoghurt Breaks 5x35.5g;£2.00/unit;£1.13/100g;Biscuits & crackers;cereal-bars-breakfast-biscuits;411;5.2;74.1;40.6;10.2;4.6;2.2;0.4;
go-ahead-yoghurt-breaks-cherry-213g;Go Ahead! Cherry Yoghurt Breaks 5x35.5g;£2.00/unit;£1.13/100g;Biscuits & crackers;healthier-biscuits-crackers;411;5.2;74.1;40.6;10.2;4.6;2.2;0.4;
go-ahead-yoghurt-breaks-cherry-213g;Go Ahead! Cherry Yoghurt Breaks 5x35.5g;£2.00/unit;£1.13/100g;Breakfast cereals;breakfast-cereal-bars-breakfast-biscuits;411;5.2;74.1;40.6;10.2;4.6;2.2;0.4;
goblin-meat---gravy-pudding-155g;Goblin Meat & Gravy Pudding 155g;£0.80/unit;£5.16/kg;Canned, tinned & packaged foods;canned-tinned-packaged-hot-meat-meals;156;5.7;16.3;0.7;7.5;2.9;0.8;0.9;
goblin-steak---kidney-pudding-155g;Goblin Steak & Kidney Pudding 155g;£0.80/unit;£5.16/kg;Canned, tinned & packaged foods;canned-tinned-packaged-hot-meat-meals;152;6.2;16.4;0.8;6.8;2.7;0.8;1.0;
gold-edible-lustre-6g;Sainsbury's Edible Lustre, Gold 6g;£2.00/unit;£34.01/100g;Sugar & home baking;decorations;null;null;null;null;null;null;null;null;
goldenfry-original-farmhouse-dumpling-mix-142g;Goldenfry Original Farmhouse Dumpling Mix 142g;£0.60/unit;£4.23/kg;Cooking ingredients & oils;cooking-ingredients-pastry-savoury-mixes;409;7.2;62.0;2.0;16;9.4;2.2;3.20;
goldenfry-original-farmhouse-dumpling-mix-142g;Goldenfry Original Farmhouse Dumpling Mix 142g;£0.60/unit;£4.23/kg;Sugar & home baking;pastry-savoury-mixes;409;7.2;62.0;2.0;16;9.4;2.2;3.20;
good-4-u-alfalfa---radish-shoots-50g;Good 4 U Alfalfa & Radish Shoots 50g;£1.30/unit;£2.60/100g;Fresh salad;dressings-coleslaw-accompaniments;43;5.3;0.8;0.8;2;0.7;2.8;0;
good-4-u-alfalfa---radish-shoots-50g;Good 4 U Alfalfa & Radish Shoots 50g;£1.30/unit;£2.60/100g;Prepared & ready to eat;prepared-salad-herbs;43;5.3;0.8;0.8;2;0.7;2.8;0;
good-4-u-lentil---bean-shoots-180g;Good 4 U Lentil & Bean Shoots 180g;£1.50/unit;£0.83/100g;Fresh salad;dressings-coleslaw-accompaniments;128;11.7;19.8;1.1;0.2;0.2;8.9;0.04;
good-4-u-lentil---bean-shoots-180g;Good 4 U Lentil & Bean Shoots 180g;£1.50/unit;£0.83/100g;Prepared & ready to eat;prepared-salad-herbs;128;11.7;19.8;1.1;0.2;0.2;8.9;0.04;
good-oil-500ml;Good Oil Hemp Seed Oil 500ml;£6.00/unit;£1.20/100ml;Cooking ingredients & oils;oils;900;0;0;0;100;9.4;0;null;
goodfellas-deep-pan-baked-loaded-cheese-pizza-417g;Goodfella's Deep Pan Baked Loaded Cheese Pizza 417g;£2.50/unit;£6.00/kg;Pizza & garlic bread;frozen-pizza-garlic-bread;321;15;35;3.5;13;6.6;null;0.9;
goodfellas-deep-pan-loaded-pepperoni-pizza-419g;Goodfella's Deep Pan Loaded Pepperoni Pizza 419g;£2.50/unit;£5.97/kg;Pizza & garlic bread;frozen-pizza-garlic-bread;296;12;32;3.7;12;6;null;1.1;
goodfellas-deep-pan-smiler-pizza-408g;Goodfella's Deep Pan Limited Edition 408g;£2.50/unit;£6.13/kg;Pizza & garlic bread;frozen-pizza-garlic-bread;240;10;35;3.9;6.9;3.2;null;1.0;
goodfellas-extra-thin-mozz---pesto-319g;Goodfella's Extra Thin Mozzarella & Pesto Pizza 319g;£2.50/unit;£7.84/kg;Pizza & garlic bread;frozen-pizza-garlic-bread;258;12;27;3.4;12;5.3;null;1.0;
goodfellas-stonebaked-thin-margherita-pizza-345g;Goodfella's Stonebaked Thin Margherita Pizza 345g;£2.50/unit;£7.25/kg;Pizza & garlic bread;frozen-pizza-garlic-bread;298;14;32;3.5;13;6;null;1.0;
goodfellas-stonebaked-thin-pepperoni-pizza-340g;Goodfella's Stonebaked Thin Pepperoni Pizza 340g;£2.50/unit;£7.35/kg;Pizza & garlic bread;frozen-pizza-garlic-bread;255;12;27;3.1;12;3;null;1.3;
goodfellas-stonebaked-thin-roast-chicken-pizza-with-italian-style-dressing-365g;Goodfella's Stonebaked Thin Roast Chicken Pizza With Italian Style Dressing 365g;£2.50/unit;£6.85/kg;Pizza & garlic bread;frozen-pizza-garlic-bread;273;15;31;3.4;10;4;null;0.9;
goodfellas-superiore-chicken-arrabiata-441g;Goodfella's Superiore Chicken Arrabiata Pizza 441g;£1.75/unit;£3.97/kg;Pizza & garlic bread;frozen-pizza-garlic-bread;250;13;28;3.9;9;3.6;null;0.71;
goodfellas-superiore-pepperoni-433g;Goodfella's Superiore Pepperoni Pizza 433g;£1.75/unit;£4.04/kg;Pizza & garlic bread;frozen-pizza-garlic-bread;267;13;27;4.0;12;3.2;null;1.2;
goodfellas-takeaway-big-cheese-555g;Goodfella's Takeaway Big Cheese 555g;£3.90/unit;£7.03/kg;Pizza & garlic bread;frozen-pizza-garlic-bread;null;12;28;2.6;12;5.4;null;1.3;
goodfellas-takeaway-pepperoni-553g;Goodfella's Takeaway Pepperoni 553g;£3.90/unit;£7.05/kg;Pizza & garlic bread;frozen-pizza-garlic-bread;285;12;28;2.5;13;5.3;null;1.7;
goodfellas-xtra-thin-pepp---chorizo-328g;Goodfella's Extra Thin Pepperoni & Chorizo Pizza 328g;£2.50/unit;£7.62/kg;Pizza & garlic bread;frozen-pizza-garlic-bread;274;12;27;3.0;14;5.4;null;0.9;
gorumet-black-garlic-bulb;Gourment Black Garlic Bulb;£1.50/unit;£1.50/ea;Fresh herbs & ingredients;asian-ingredients;null;null;null;null;null;null;null;null;
gorumet-black-garlic-bulb;Gourment Black Garlic Bulb;£1.50/unit;£1.50/ea;Fresh herbs & ingredients;indian-ingredients;null;null;null;null;null;null;null;null;
gorumet-black-garlic-bulb;Gourment Black Garlic Bulb;£1.50/unit;£1.50/ea;Fresh herbs & ingredients;mediterranean-ingredients;null;null;null;null;null;null;null;null;
gorumet-black-garlic-bulb;Gourment Black Garlic Bulb;£1.50/unit;£1.50/ea;Fresh vegetables;fresh-vegetables-world-exotic;null;null;null;null;null;null;null;null;
gorumet-black-garlic-bulb;Gourment Black Garlic Bulb;£1.50/unit;£1.50/ea;Fresh vegetables;onions-leeks-garlic;null;null;null;null;null;null;null;null;
grahams-gold-jersey-full-cream-milk-1l;Graham's Gold Jersey Full Cream Milk 1L;£1.15/unit;£1.15/ltr;Fresh milk & eggs;fresh-milk;81;3.7;4.7;4.7;5;3.4;null;0.2;
granose-falafel-mix-120g;Granose Falafel Mix 120g;£1.40/unit;£11.67/kg;Canned, tinned & packaged foods;canned-tinned-packaged-vegetarian;261;6.4;30.8;3.0;12.5;3.2;2.6;null;
granose-lincolnshire-sausage-mix-150g;Granose Lincolnshire Sausage Mix 150g;£1.40/unit;£9.33/kg;Canned, tinned & packaged foods;canned-tinned-packaged-vegetarian;256;9.3;23.3;1.5;13.9;4.4;2.4;null;
granose-soya-mix-100g;Granose Soya Mince 2x50g;£1.00/unit;£10.00/kg;Canned, tinned & packaged foods;canned-tinned-packaged-vegetarian;84;11.8;8.3;1.5;0.2;0.1;0.9;null;
granovita-organic-flaxseed-oil-260ml;Granovita Organic Flaxseed Oil 260ml;£4.50/unit;£1.73/100ml;Cooking ingredients & oils;oils;900;0.1;0.1;0.1;92.8;8.94;null;0;
great-british-sauce-co-proper-tomato-sauce-315gg;Great British Sauce Co. Proper Tomato Sauce 315g;£2.00/unit;£0.63/100g;Table sauces, dressings & condiments;tomato-ketchup-brown-bbq-other-sauces;124;1.9;28.2;19.6;0.1;0.05;1.9;2.09;
great-british-sauce-co-smoky-barbecue-sauce-330g;Great British Sauce Co. Smoky Barbecue Sauce 330g;£2.00/unit;£0.61/100g;Table sauces, dressings & condiments;tomato-ketchup-brown-bbq-other-sauces;164;0.5;40.0;35.4;0.1;0.05;1.1;2.29;
great-british-sauce-co-sweet-curry-sauce-335g;Great British Sauce Co. Sweet Curry Sauce 335g;£2.00/unit;£0.60/100g;Table sauces, dressings & condiments;tomato-ketchup-brown-bbq-other-sauces;192;1.7;44.9;62.9;0.3;0.04;1.4;2.59;
great-food-aromatic-moroccan-koftas-420g;Great Food Aromatic Moroccan Koftas 420g;£3.00/unit;£0.71/100g;Coleslaw, olives, salads & dips;olives-tapas-antipasti;263;8.5;32.5;6.2;12.4;1.4;6.1;1.52;
great-food-aromatic-moroccan-koftas-420g;Great Food Aromatic Moroccan Koftas 420g;£3.00/unit;£0.71/100g;Vegetarian & meat free;deli-meat-alternatives;263;8.5;32.5;6.2;12.4;1.4;6.1;1.52;
great-food-aromatic-moroccan-koftas-420g;Great Food Aromatic Moroccan Koftas 420g;£3.00/unit;£0.71/100g;World foods, kosher & halal;kosher-chilled-foods;263;8.5;32.5;6.2;12.4;1.4;6.1;1.52;
great-food-houmous-200g;Great Food Houmous 200g;£1.70/unit;£0.85/100g;Coleslaw, olives, salads & dips;fresh-dips-houmous;319;6.7;7.8;0.6;28.1;2.6;2.7;null;
great-food-houmous-200g;Great Food Houmous 200g;£1.70/unit;£0.85/100g;Vegetarian & meat free;deli-meat-alternatives;319;6.7;7.8;0.6;28.1;2.6;2.7;null;
great-food-houmous-200g;Great Food Houmous 200g;£1.70/unit;£0.85/100g;World foods, kosher & halal;kosher-chilled-foods;319;6.7;7.8;0.6;28.1;2.6;2.7;null;
great-food-mint-quinoa---broad-bean-bites-300g;Great Food Mint Quinoa & Broad Bean Bites 300g;£2.00/unit;£0.67/100g;Coleslaw, olives, salads & dips;olives-tapas-antipasti;241;8.3;29.3;1.2;11.6;1.3;6.5;1.52;
great-food-mint-quinoa---broad-bean-bites-300g;Great Food Mint Quinoa & Broad Bean Bites 300g;£2.00/unit;£0.67/100g;Vegetarian & meat free;deli-meat-alternatives;241;8.3;29.3;1.2;11.6;1.3;6.5;1.52;
great-food-mint-quinoa---broad-bean-bites-300g;Great Food Mint Quinoa & Broad Bean Bites 300g;£2.00/unit;£0.67/100g;World foods, kosher & halal;kosher-chilled-foods;241;8.3;29.3;1.2;11.6;1.3;6.5;1.52;
great-food-moroccan-falafel-300g;Great Food Moroccan Falafel 300g;£2.00/unit;£0.67/100g;Coleslaw, olives, salads & dips;olives-tapas-antipasti;263;8.5;32.5;6.2;12.4;1.4;6.1;1.52;
great-food-moroccan-falafel-300g;Great Food Moroccan Falafel 300g;£2.00/unit;£0.67/100g;Vegetarian & meat free;deli-meat-alternatives;263;8.5;32.5;6.2;12.4;1.4;6.1;1.52;
great-food-moroccan-falafel-300g;Great Food Moroccan Falafel 300g;£2.00/unit;£0.67/100g;World foods, kosher & halal;kosher-chilled-foods;263;8.5;32.5;6.2;12.4;1.4;6.1;1.52;
great-food-moroccan-style-burger-180g;Great Food Moroccan Style Burger 180g;£2.20/unit;£1.22/100g;Vegetarian & meat free;deli-meat-alternatives;263;8.5;32.5;6.2;12.4;1.4;6.1;1.52;
great-food-moroccan-style-burger-180g;Great Food Moroccan Style Burger 180g;£2.20/unit;£1.22/100g;World foods, kosher & halal;kosher-chilled-foods;263;8.5;32.5;6.2;12.4;1.4;6.1;1.52;
great-food-potato-latkes-300g;Mr Freed's Potato Latkes 300g;£3.30/unit;£1.10/100g;Coleslaw, olives, salads & dips;olives-tapas-antipasti;null;5.2;27.4;null;11.7;1.3;null;null;
great-food-potato-latkes-300g;Mr Freed's Potato Latkes 300g;£3.30/unit;£1.10/100g;World foods, kosher & halal;kosher-chilled-foods;null;5.2;27.4;null;11.7;1.3;null;null;
great-food-pumpkin---sultana-bites-200g;Great Food Pumpkin & Sultana Bites 200g;£2.20/unit;£1.10/100g;Coleslaw, olives, salads & dips;olives-tapas-antipasti;238;7.0;30.8;6.0;10.5;1.0;3.8;1.27;
great-food-pumpkin---sultana-bites-200g;Great Food Pumpkin & Sultana Bites 200g;£2.20/unit;£1.10/100g;Ready meals;potato-vegetable-side-dishes;238;7.0;30.8;6.0;10.5;1.0;3.8;1.27;
great-food-pumpkin---sultana-bites-200g;Great Food Pumpkin & Sultana Bites 200g;£2.20/unit;£1.10/100g;Vegetarian & meat free;deli-meat-alternatives;238;7.0;30.8;6.0;10.5;1.0;3.8;1.27;
great-food-pumpkin---sultana-bites-200g;Great Food Pumpkin & Sultana Bites 200g;£2.20/unit;£1.10/100g;World foods, kosher & halal;kosher-chilled-foods;238;7.0;30.8;6.0;10.5;1.0;3.8;1.27;
great-food-spinach---pine-nut-bites-300g;Great Food Spinach & Pine Nut Bites 300g;£2.00/unit;£0.67/100g;Coleslaw, olives, salads & dips;olives-tapas-antipasti;245;7.3;27.9;2.2;12.9;1.0;5.7;1.01;
great-food-spinach---pine-nut-bites-300g;Great Food Spinach & Pine Nut Bites 300g;£2.00/unit;£0.67/100g;Vegetarian & meat free;deli-meat-alternatives;245;7.3;27.9;2.2;12.9;1.0;5.7;1.01;
great-food-spinach---pine-nut-bites-300g;Great Food Spinach & Pine Nut Bites 300g;£2.00/unit;£0.67/100g;World foods, kosher & halal;kosher-chilled-foods;245;7.3;27.9;2.2;12.9;1.0;5.7;1.01;
great-food-sweet-potato-pakora-300g;Great Food Sweet Potato Pakora 300g;£2.00/unit;£0.67/100g;Coleslaw, olives, salads & dips;olives-tapas-antipasti;222;5.0;26.1;6.9;11.7;0.8;3.9;0.3;
great-food-sweet-potato-pakora-300g;Great Food Sweet Potato Pakora 300g;£2.00/unit;£0.67/100g;Vegetarian & meat free;deli-meat-alternatives;222;5.0;26.1;6.9;11.7;0.8;3.9;0.3;
great-food-sweet-potato-pakora-300g;Great Food Sweet Potato Pakora 300g;£2.00/unit;£0.67/100g;World foods, kosher & halal;kosher-chilled-foods;222;5.0;26.1;6.9;11.7;0.8;3.9;0.3;
great-food-sweetcorn-bites-200g;Great Food Sweetcorn Bites 200g;£2.20/unit;£1.10/100g;Ready meals;potato-vegetable-side-dishes;189;4.5;26.6;3.0;8.3;0.8;5.2;1.01;
great-food-sweetcorn-bites-200g;Great Food Sweetcorn Bites 200g;£2.20/unit;£1.10/100g;Vegetarian & meat free;deli-meat-alternatives;189;4.5;26.6;3.0;8.3;0.8;5.2;1.01;
great-food-sweetcorn-bites-200g;Great Food Sweetcorn Bites 200g;£2.20/unit;£1.10/100g;Vegetarian & meat free;vegetarian-meat-free-ready-meals;189;4.5;26.6;3.0;8.3;0.8;5.2;1.01;
great-food-sweetcorn-bites-200g;Great Food Sweetcorn Bites 200g;£2.20/unit;£1.10/100g;World foods, kosher & halal;kosher-chilled-foods;189;4.5;26.6;3.0;8.3;0.8;5.2;1.01;
great-food-tuscan-bites-300g;Great Food Tuscan Bites 300g;£2.00/unit;£0.67/100g;Coleslaw, olives, salads & dips;olives-tapas-antipasti;126;2.6;23.2;3.9;2.9;0.2;1.8;1.27;
great-food-tuscan-bites-300g;Great Food Tuscan Bites 300g;£2.00/unit;£0.67/100g;Vegetarian & meat free;deli-meat-alternatives;126;2.6;23.2;3.9;2.9;0.2;1.8;1.27;
great-food-tuscan-bites-300g;Great Food Tuscan Bites 300g;£2.00/unit;£0.67/100g;World foods, kosher & halal;kosher-chilled-foods;126;2.6;23.2;3.9;2.9;0.2;1.8;1.27;
greatfood-baked-mediterranean-falafel-200g;Great Food Baked Mediterranean Falafel 200g;£2.20/unit;£1.10/100g;Coleslaw, olives, salads & dips;olives-tapas-antipasti;253;9.1;29.9;1.7;11.7;0.8;4.1;1.27;
greatfood-baked-mediterranean-falafel-200g;Great Food Baked Mediterranean Falafel 200g;£2.20/unit;£1.10/100g;Vegetarian & meat free;deli-meat-alternatives;253;9.1;29.9;1.7;11.7;0.8;4.1;1.27;
greatfood-baked-mediterranean-falafel-200g;Great Food Baked Mediterranean Falafel 200g;£2.20/unit;£1.10/100g;World foods, kosher & halal;kosher-chilled-foods;253;9.1;29.9;1.7;11.7;0.8;4.1;1.27;
greatfood-chopped-herring-salad-125g;Mr Freed's Chopped Herring Salad 125g;£2.60/unit;£2.08/100g;Cooked meats & snacking;mfp-cooked-fish-seafood;null;7.2;8.5;null;7.6;null;null;null;
greatfood-chopped-herring-salad-125g;Mr Freed's Chopped Herring Salad 125g;£2.60/unit;£2.08/100g;Cooked meats & snacking;mfp-pate;null;7.2;8.5;null;7.6;null;null;null;
greatfood-chopped-herring-salad-125g;Mr Freed's Chopped Herring Salad 125g;£2.60/unit;£2.08/100g;Cooked meats, pate & sandwich fillers;cooked-fish-seafood;null;7.2;8.5;null;7.6;null;null;null;
greatfood-chopped-herring-salad-125g;Mr Freed's Chopped Herring Salad 125g;£2.60/unit;£2.08/100g;Cooked meats, pate & sandwich fillers;pate;null;7.2;8.5;null;7.6;null;null;null;
greatfood-chopped-herring-salad-125g;Mr Freed's Chopped Herring Salad 125g;£2.60/unit;£2.08/100g;Fish & seafood;canapes-snacking;null;7.2;8.5;null;7.6;null;null;null;
greatfood-chopped-herring-salad-125g;Mr Freed's Chopped Herring Salad 125g;£2.60/unit;£2.08/100g;World foods, kosher & halal;kosher-chilled-foods;null;7.2;8.5;null;7.6;null;null;null;
greatfood-reduced-fat-med-houmous-200g;Great Food Reduced Fat Mediterranean Houmous 200g;£1.70/unit;£0.85/100g;Coleslaw, olives, salads & dips;fresh-dips-houmous;null;8.5;9.6;0.7;18.8;0.9;3.4;null;
greatfood-reduced-fat-med-houmous-200g;Great Food Reduced Fat Mediterranean Houmous 200g;£1.70/unit;£0.85/100g;Vegetarian & meat free;deli-meat-alternatives;null;8.5;9.6;0.7;18.8;0.9;3.4;null;
greatfood-reduced-fat-med-houmous-200g;Great Food Reduced Fat Mediterranean Houmous 200g;£1.70/unit;£0.85/100g;World foods, kosher & halal;kosher-chilled-foods;null;8.5;9.6;0.7;18.8;0.9;3.4;null;
greatfood-smoked-salmon-rillette-125g;Mr Freed's Salmon Salad 125g;£1.75/unit;£1.40/100g;Cooked meats & snacking;mfp-cooked-fish-seafood;null;12.8;0.8;null;52.9;null;null;null;
greatfood-smoked-salmon-rillette-125g;Mr Freed's Salmon Salad 125g;£1.75/unit;£1.40/100g;Cooked meats & snacking;mfp-pate;null;12.8;0.8;null;52.9;null;null;null;
greatfood-smoked-salmon-rillette-125g;Mr Freed's Salmon Salad 125g;£1.75/unit;£1.40/100g;Cooked meats, pate & sandwich fillers;cooked-fish-seafood;null;12.8;0.8;null;52.9;null;null;null;
greatfood-smoked-salmon-rillette-125g;Mr Freed's Salmon Salad 125g;£1.75/unit;£1.40/100g;Cooked meats, pate & sandwich fillers;pate;null;12.8;0.8;null;52.9;null;null;null;
greatfood-smoked-salmon-rillette-125g;Mr Freed's Salmon Salad 125g;£1.75/unit;£1.40/100g;Fish & seafood;canapes-snacking;null;12.8;0.8;null;52.9;null;null;null;
greatfood-smoked-salmon-rillette-125g;Mr Freed's Salmon Salad 125g;£1.75/unit;£1.40/100g;World foods, kosher & halal;kosher-chilled-foods;null;12.8;0.8;null;52.9;null;null;null;
greatfood-tuna-rillette-125g;Mr Freed's Tuna Salad 125g;£1.75/unit;£1.40/100g;Cooked meats & snacking;mfp-cooked-fish-seafood;null;14.0;2.4;null;31.5;null;null;null;
greatfood-tuna-rillette-125g;Mr Freed's Tuna Salad 125g;£1.75/unit;£1.40/100g;Cooked meats & snacking;mfp-pate;null;14.0;2.4;null;31.5;null;null;null;
greatfood-tuna-rillette-125g;Mr Freed's Tuna Salad 125g;£1.75/unit;£1.40/100g;Cooked meats, pate & sandwich fillers;cooked-fish-seafood;null;14.0;2.4;null;31.5;null;null;null;
greatfood-tuna-rillette-125g;Mr Freed's Tuna Salad 125g;£1.75/unit;£1.40/100g;Cooked meats, pate & sandwich fillers;pate;null;14.0;2.4;null;31.5;null;null;null;
greatfood-tuna-rillette-125g;Mr Freed's Tuna Salad 125g;£1.75/unit;£1.40/100g;Fish & seafood;canapes-snacking;null;14.0;2.4;null;31.5;null;null;null;
greatfood-tuna-rillette-125g;Mr Freed's Tuna Salad 125g;£1.75/unit;£1.40/100g;World foods, kosher & halal;kosher-chilled-foods;null;14.0;2.4;null;31.5;null;null;null;
green---blacks-butterscotch-large-egg-165g;Green & Black's Butterscotch Large Easter Egg 165g;£4.00/unit;£2.43/100g;Confectionery;easter-eggs;null;null;null;null;null;null;null;null;
green---blacks-chocolate--almond-100g;Green & Black's Organic Milk Almond Chocolate 100g;£2.00/unit;£2.00/100g;Confectionery;chocolate;575;12.0;39.5;38.0;39.5;18.0;5.1;0.18;
green---blacks-dark-large-easter-egg-165g;Green & Blacks Dark Large Easter Easter Egg 165g;£4.00/unit;£2.43/100g;Confectionery;easter-eggs;null;null;null;null;null;null;null;null;
green---blacks-milk-choc-large-egg-165g;Green & Black's Milk Chocolate Large Easter Egg 165g;£4.00/unit;£2.43/100g;Confectionery;easter-eggs;null;null;null;null;null;null;null;null;
green---blacks-miniature-collection-180g;Green & Black's Organic Miniature Collection 180g;£5.00/unit;£2.77/100g;Confectionery;chocolate;555;8.9;45.0;40.5;36.0;20.0;6.0;0.18;
green---blacks-miniature-collection-180g;Green & Black's Organic Miniature Collection 180g;£5.00/unit;£2.77/100g;Confectionery;gifting-boxed-chocolate;555;8.9;45.0;40.5;36.0;20.0;6.0;0.18;
green---blacks-miniature-collection-180g;Green & Black's Organic Miniature Collection 180g;£5.00/unit;£2.77/100g;Confectionery;premium-chocolate;555;8.9;45.0;40.5;36.0;20.0;6.0;0.18;
green---blacks-mint-large-egg-165g;Green & Black's Mint Large Easter Egg 165g;£4.00/unit;£2.43/100g;Confectionery;easter-eggs;null;null;null;null;null;null;null;null;
green---blacks-organic-butterscotch-milk-chocolate-100g;Green & Black's Organic Butterscotch Milk Chocolate 100g;£2.00/unit;£2.00/100g;Confectionery;chocolate;555;8.8;50.5;47.5;34.5;20.5;2.7;0.25;
green---blacks-organic-butterscotch-milk-chocolate-100g;Green & Black's Organic Butterscotch Milk Chocolate 100g;£2.00/unit;£2.00/100g;Confectionery;premium-chocolate;555;8.8;50.5;47.5;34.5;20.5;2.7;0.25;
green---blacks-organic-chocolate-500ml;Green & Black's Organic Chocolate Ice Cream 500ml;£4.00/unit;£0.80/100ml;Ice cream & desserts;ice-cream-tubs;null;8;8;19;14;30;3;2;
green---blacks-organic-cooking-chocolate--dark-150g;Green & Black's Organic Cooking Chocolate, Dark 150g;£2.50/unit;£1.67/100g;Sugar & home baking;cooking-chocolate;580;9.1;36.5;28.5;42.0;25.0;10.0;0.13;
green---blacks-organic-cooking-chocolate--milk-150g;Green & Black's Organic Cooking Chocolate, Milk 150g;£2.50/unit;£1.67/100g;Sugar & home baking;cooking-chocolate;565;9.8;48.0;45.5;36.0;21.5;3.0;0.23;
green---blacks-organic-cooking-chocolate--white-150g;Green & Black's Organic Cooking Chocolate, White 150g;£2.50/unit;£1.67/100g;Sugar & home baking;cooking-chocolate;580;7.9;51.0;51.0;38.5;23.0;0.1;0.25;
green---blacks-organic-fairtrade-maya-gold-dark-chocolate-100g;Green & Black's Organic Fairtrade Maya Gold Dark Chocolate 100g;£2.00/unit;£2.00/100g;Confectionery;chocolate;560;7.6;44.5;38.5;37.0;22.0;8.3;0.13;
green---blacks-organic-fairtrade-maya-gold-dark-chocolate-100g;Green & Black's Organic Fairtrade Maya Gold Dark Chocolate 100g;£2.00/unit;£2.00/100g;Confectionery;premium-chocolate;560;7.6;44.5;38.5;37.0;22.0;8.3;0.13;
green---blacks-organic-ginger-dark-chocolate-100g;Green & Black's Organic Ginger Dark Chocolate 100g;£2.00/unit;£2.00/100g;Confectionery;chocolate;510;6.1;51.5;46.5;29.5;17.5;7.0;0.10;
green---blacks-organic-ginger-dark-chocolate-100g;Green & Black's Organic Ginger Dark Chocolate 100g;£2.00/unit;£2.00/100g;Confectionery;premium-chocolate;510;6.1;51.5;46.5;29.5;17.5;7.0;0.10;
green---blacks-organic-milk---white-chocolate-collection-180g;Green & Black's Organic Milk & White Chocolate Collection 180g;£5.00/unit;£2.77/100g;Confectionery;gifting-boxed-chocolate;565;9.7;47.0;45.0;36.5;20.5;3.0;0.30;
green---blacks-organic-milk---white-chocolate-collection-180g;Green & Black's Organic Milk & White Chocolate Collection 180g;£5.00/unit;£2.77/100g;Confectionery;premium-chocolate;565;9.7;47.0;45.0;36.5;20.5;3.0;0.30;
green---blacks-organic-milk-chocolate-100g;Green & Black's Organic Milk Chocolate 100g;£2.00/unit;£2.00/100g;Confectionery;chocolate;565;9.8;48.0;45.5;36.0;21.5;3.0;0.23;
green---blacks-organic-milk-chocolate-100g;Green & Black's Organic Milk Chocolate 100g;£2.00/unit;£2.00/100g;Confectionery;premium-chocolate;565;9.8;48.0;45.5;36.0;21.5;3.0;0.23;
green---blacks-organic-milk-chocolate-orange-100g;Green & Black's Organic Milk Chocolate Orange 100g;£2.00/unit;£2.00/100g;Confectionery;chocolate;560;9.8;47.5;45.5;36.0;21.5;3.0;0.23;
green---blacks-organic-tasting-collection--fairtrade-395g;Green & Black's Organic Tasting Collection, Fairtrade 395g;£12.00/unit;£3.04/100g;Confectionery;chocolate;565;8.8;43.8;39.4;37.9;21.1;5.8;0.21;
green---blacks-organic-tasting-collection--fairtrade-395g;Green & Black's Organic Tasting Collection, Fairtrade 395g;£12.00/unit;£3.04/100g;Confectionery;gifting-boxed-chocolate;565;8.8;43.8;39.4;37.9;21.1;5.8;0.21;
green---blacks-organic-tasting-collection--fairtrade-395g;Green & Black's Organic Tasting Collection, Fairtrade 395g;£12.00/unit;£3.04/100g;Confectionery;premium-chocolate;565;8.8;43.8;39.4;37.9;21.1;5.8;0.21;
green---blacks-organic-vanilla-500ml;Green & Black's Organic Vanilla Ice Cream 500ml;£4.00/unit;£0.80/100ml;Ice cream & desserts;ice-cream-tubs;null;7;6;15;13;28;0.3;2;
green---blacks-organic-white-chocolate-100g;Green & Black's Organic White Chocolate 100g;£2.00/unit;£2.00/100g;Confectionery;chocolate;580;7.9;51.0;51.0;38.5;23.0;0.1;0.25;
green---blacks-organic-white-chocolate-100g;Green & Black's Organic White Chocolate 100g;£2.00/unit;£2.00/100g;Confectionery;premium-chocolate;580;7.9;51.0;51.0;38.5;23.0;0.1;0.25;
green---blacks-thin-milk-chocolate-100g;Green & Black's Thin Milk Chocolate 100g;£2.00/unit;£2.00/100g;Confectionery;chocolate;565;9.8;48.0;45.5;36.0;21.5;3.0;0.23;
green---blacks-thin-salted-caramel-milk-chocolate-100g;Green & Black's Thin Salted Caramel Milk Chocolate 100g;£2.00/unit;£2.00/100g;Confectionery;chocolate;550;8.4;51.5;49.5;33.5;20.0;2.6;0.70;
green-giant-corn---peas-198g;Green Giant Corn & Peas 198g (165g*);£0.65/unit;£3.94/kg;Canned, tinned & packaged foods;canned-tinned-packaged-vegetables;81;4.2;11.6;5.1;1.1;0.3;3.8;0.40;
green-giant-mexican-style-corn-311g;Green Giant Mexican Style Sweetcorn 311g;£1.20/unit;£4.65/kg;Canned, tinned & packaged foods;canned-tinned-packaged-vegetables;84;2.9;13.8;4.4;0.9;0.2;4.3;0.47;
green-giant-naturally-sweet-sweetcorn-198g;Green Giant Naturally Sweet Sweetcorn 198g (165g*);£0.65/unit;£3.94/kg;Canned, tinned & packaged foods;canned-tinned-packaged-vegetables;77;2.4;11.8;7.4;1.7;0.4;2.5;0.00;
green-giant-sweet-corn-205g;Green Giant Express Sweetcorn 205g;£1.00/unit;£4.88/kg;Canned, tinned & packaged foods;canned-tinned-packaged-vegetables;77;2.4;11.8;7.4;1.7;0.4;2.5;0.40;
green-giant-sweet-corn-salt-free-205g;Green Giant Express Sweetcorn Salt Free 205g;£1.00/unit;£4.88/kg;Canned, tinned & packaged foods;canned-tinned-packaged-vegetables;77;2.4;11.8;7.4;1.7;0.4;2.5;0.00;
green-giant-sweetcorn--no-added-salt-340g;Green Giant Sweetcorn, No Added Salt 340g (285g*);£0.85/unit;£2.98/kg;Canned, tinned & packaged foods;canned-tinned-packaged-vegetables;77;2.4;11.8;7.4;1.7;0.4;2.5;0.00;
green-giant-sweetcorn--no-added-salt-3x340g;Green Giant Sweetcorn, No Added Salt 3x340g (3X285g*);£2.50/unit;£2.92/kg;Canned, tinned & packaged foods;canned-tinned-packaged-vegetables;77;2.4;11.8;7.4;1.7;0.4;2.5;0.00;
green-giant-sweetcorn--no-added-salt-4x198g;Green Giant Sweetcorn, No Added Salt 4x198g (4x165g*);£2.45/unit;£3.71/kg;Canned, tinned & packaged foods;canned-tinned-packaged-vegetables;77;2.4;11.8;7.4;1.7;0.4;2.5;0.00;
green-giant-sweetcorn--original-198g;Green Giant Sweetcorn, Original 198g (165g*);£0.65/unit;£3.94/kg;Canned, tinned & packaged foods;canned-tinned-packaged-vegetables;77;2.4;11.8;7.4;1.7;0.4;2.5;0.40;
green-giant-sweetcorn--original-340g;Green Giant Sweetcorn, Original 340g (285g*);£0.85/unit;£2.98/kg;Canned, tinned & packaged foods;canned-tinned-packaged-vegetables;77;2.4;11.8;7.4;1.7;0.4;2.5;0.40;
green-giant-sweetcorn--original-3x340g;Green Giant Sweetcorn, Original 3x340g (3x285g*);£2.50/unit;£2.92/kg;Canned, tinned & packaged foods;canned-tinned-packaged-vegetables;77;2.4;11.8;7.4;1.7;0.4;2.5;0.40;
green-giant-sweetcorn--original-4x198g-%284x165g*%29;Green Giant Sweetcorn, Original 4x198g (4x165g*);£2.45/unit;£3.71/kg;Canned, tinned & packaged foods;canned-tinned-packaged-vegetables;77;2.4;11.8;7.4;1.7;0.4;2.5;0.40;
green-giant-sweetcorn--salad-crisp-150g;Green Giant Sweetcorn, Salad Crisp 150g (140g*);£0.60/unit;£4.29/kg;Canned, tinned & packaged foods;canned-tinned-packaged-vegetables;77;2.4;11.8;7.4;1.7;0.4;2.5;0.7;
green-giant-sweetcorn-with-peppers-198g;Green Giant Sweetcorn with Peppers 198g (165g*);£0.65/unit;£3.94/kg;Canned, tinned & packaged foods;canned-tinned-packaged-vegetables;70;2.2;11.2;6.4;1.3;0.3;2.5;0.40;
green-giant-sweetcorn-with-peppers-3x198g;Green Giant Sweetcorn with Peppers 3x198g (3x165g*);£1.85/unit;£3.74/kg;Canned, tinned & packaged foods;canned-tinned-packaged-vegetables;68;2.2;10.9;6.6;1.2;0.3;2.5;0.7;
green-giant-whole-hearts-of-palm-410g;Green Giant Whole Hearts Of Palm 410g (220g*);£2.30/unit;£10.45/kg;Canned, tinned & packaged foods;canned-tinned-packaged-vegetables;27;2.4;2.9;1.1;0.1;0.0;2.4;0.83;
greens-carmelle-mix-70g;Green's Carmelle Mix 70g;£0.60/unit;£0.86/100g;Fruit & desserts;dessert-mixes;89;3.3;15.1;12.5;1.7;1.2;null;0.25;
greens-carmelle-mix-70g;Green's Carmelle Mix 70g;£0.60/unit;£0.86/100g;Sugar & home baking;cake-sweet-mixes;89;3.3;15.1;12.5;1.7;1.2;null;0.25;
greens-egg-custard-mix-54g;Green's Egg Custard Mix 54g;£0.50/unit;£0.93/100g;Fruit & desserts;custard;96;3.6;15.7;15.7;2.1;1.3;null;0.3;
greens-hello-kitty-cupcake-mix-280g;Green's Hello Kitty Cupcake Mix 280g;£1.90/unit;£7.54/kg;Sugar & home baking;cake-sweet-mixes;405;3.1;61.1;51.8;16.0;9.1;2.2;0.35;
greens-lemon-pie-filling-140g;Green's Lemon Pie Filling 140g;£0.50/unit;£0.36/100g;Fruit & desserts;dessert-mixes;88;0.7;17.7;10.8;1.5;0.6;null;0.25;
greens-lemon-pie-filling-140g;Green's Lemon Pie Filling 140g;£0.50/unit;£0.36/100g;Sugar & home baking;cake-sweet-mixes;88;0.7;17.7;10.8;1.5;0.6;null;0.25;
greens-quick-jel-jelly--red-70g;Green's Quick Jel Jelly, Red 70g;£0.70/unit;£1.00/100g;Fruit & desserts;jelly;123;0.1;29.8;20.9;0.4;0.2;1.1;null;
greens-tom---jerry-cakes-mix-205g;Green's Tom & Jerry Cakes Mix 205g;£1.90/unit;£8.15/kg;Sugar & home baking;cake-sweet-mixes;343;4.1;68.4;54.7;5.6;2.5;1.6;0.46;
gressingham-corn-fed-poussin-500g;Gressingham Corn Fed Poussin 500g;£3.25/unit;£6.50/kg;Chicken;chicken;207;24.2;0.1;0.1;12.2;3.2;0.5;0.2;
gressingham-corn-fed-poussin-500g;Gressingham Corn Fed Poussin 500g;£3.25/unit;£6.50/kg;Duck & game;duck-game;207;24.2;0.1;0.1;12.2;3.2;0.5;0.2;
gressingham-duck-breast-steaks-with-ginger-x2-185g;Gressingham Duck Breast Steaks with Ginger x2 185g;£5.00/unit;£27.03/kg;Duck & game;duck-game;93;16.8;3.2;0.1;1.4;0.2;0.5;0.5;
gressingham-duck-breast-steaks-with-ginger-x2-185g;Gressingham Duck Breast Steaks with Ginger x2 185g;£5.00/unit;£27.03/kg;Just Cook, prepared & sauces;prepared-joints;93;16.8;3.2;0.1;1.4;0.2;0.5;0.5;
gressingham-duck-breast-steaks-with-orange-sauce-x2-350g;Gressingham Duck Breast Steaks with Orange Sauce x2 350g;£6.00/unit;£17.14/kg;Duck & game;duck-game;145;15.9;5.1;4.6;6.8;1.8;0.4;0.2;
gressingham-duck-breast-steaks-with-orange-sauce-x2-350g;Gressingham Duck Breast Steaks with Orange Sauce x2 350g;£6.00/unit;£17.14/kg;Just Cook, prepared & sauces;prepared-joints;145;15.9;5.1;4.6;6.8;1.8;0.4;0.2;
gressingham-duck-legs-with-plum-sauce-400g;Gressingham Duck Legs with Plum Sauce 400g;£5.00/unit;£12.50/kg;Duck & game;duck-game;241;16.6;22.3;22.6;9.5;2.6;0.5;0.4;
gressingham-duck-legs-with-plum-sauce-400g;Gressingham Duck Legs with Plum Sauce 400g;£5.00/unit;£12.50/kg;Just Cook, prepared & sauces;prepared-joints;241;16.6;22.3;22.6;9.5;2.6;0.5;0.4;
gressingham-foods-duck-breasts-in-plum-sauce-400g;Gressingham Duck Breasts In Plum Sauce x2 400g;£6.00/unit;£15.00/kg;Duck & game;duck-game;211;14.2;18.5;17.7;9.0;2.4;0.5;1.3;
gressingham-foods-duck-breasts-in-plum-sauce-400g;Gressingham Duck Breasts In Plum Sauce x2 400g;£6.00/unit;£15.00/kg;Just Cook, prepared & sauces;prepared-joints;211;14.2;18.5;17.7;9.0;2.4;0.5;1.3;
gressingham-foods-fresh-duck-fat-250g;Gressingham Foods Fresh Duck Fat 250g;£2.50/unit;£10.00/kg;Cooking ingredients & oils;oils;884;0;0.0;0.0;96.8;30.1;0.0;0;
gressingham-foods-guinea-fowl-105kg;Gressingham Foods Guinea Fowl 1.05kg;£6.00/unit;£5.72/kg;Duck & game;duck-game;904216;25.8;0.4;0.1;12.4;3.1;0.5;0.36;
gressingham-foods-spatchcock-poussin-with-salt---pepper-450g;Gressingham Spatchcock Poussin With Salt & Pepper 450g;£3.25/unit;£7.22/kg;Burgers & BBQ;burgers-bbq;203;23.4;0.3;0.1;12.0;3.4;0.5;1.1;
gressingham-foods-spatchcock-poussin-with-salt---pepper-450g;Gressingham Spatchcock Poussin With Salt & Pepper 450g;£3.25/unit;£7.22/kg;Chicken;chicken;203;23.4;0.3;0.1;12.0;3.4;0.5;1.1;
gressingham-foods-spatchcock-poussin-with-salt---pepper-450g;Gressingham Spatchcock Poussin With Salt & Pepper 450g;£3.25/unit;£7.22/kg;Duck & game;duck-game;203;23.4;0.3;0.1;12.0;3.4;0.5;1.1;
gressingham-foods-spatchcock-poussin-with-salt---pepper-450g;Gressingham Spatchcock Poussin With Salt & Pepper 450g;£3.25/unit;£7.22/kg;Just Cook, prepared & sauces;prepared-joints;203;23.4;0.3;0.1;12.0;3.4;0.5;1.1;
gressingham-foods-whole-poussin-450g;Gressingham Foods Whole Poussin 450g;£3.25/unit;£7.22/kg;Chicken;chicken;198;25.2;0.4;0;10.6;2.8;0.5;0.3;
gressingham-foods-whole-poussin-450g;Gressingham Foods Whole Poussin 450g;£3.25/unit;£7.22/kg;Duck & game;duck-game;198;25.2;0.4;0;10.6;2.8;0.5;0.3;
gressingham-plum---hoisin-sauce-320g;Gressingham Plum & Hoisin Sauce 320g;£2.50/unit;£7.81/kg;Cooking sauces & world foods;chinese-cooking-sauces;221;0.6;52.2;49.0;0.9;0.0;0.3;2.4;
gressingham-sticky-duck-legs-500g;Gressingham Sticky Duck Legs 500g;£5.00/unit;£10.00/kg;Duck & game;duck-game;225;22.3;7.0;6.3;12.0;3.2;0.5;1.2;
gressingham-sticky-duck-legs-500g;Gressingham Sticky Duck Legs 500g;£5.00/unit;£10.00/kg;Just Cook, prepared & sauces;prepared-joints;225;22.3;7.0;6.3;12.0;3.2;0.5;1.2;
grove-organic-fruit-co-orange-1l;Grove Organic Premium 100% Pure Orange Juice 1L;£2.80/unit;£0.28/100ml;Chilled fruit juice & smoothies;chilled-fruit-juice;null;null;null;null;null;null;null;null;
gu-hot-chocolate-ganache-750ml;Gu Hot Chocolate Ganache 750ml;£2.00/unit;£0.27/100ml;Fresh milk & eggs;flavoured-milk-92153-44;112;4.9;12.8;12.8;4.6;2.6;0.5;0.13;
gu-mango---passionfruit-cheesecake-2x85g;Gü Mango & Passionfruit Cheesecake 2x85g;£3.00/unit;£1.76/100g;Desserts & cream;desserts;333;3.3;29.5;21.3;22.6;12.4;0.8;0.3;
gu-york-cheesecakes-2x80g;Gü York Cheesecakes 2x80g;£3.00/unit;£1.88/100g;Desserts & cream;desserts;351;4.2;33.6;22.2;22.8;11.8;0.5;0.5;
gu-zillionaires-puds-2x92g;Gü Zillionaires Puds 2x92g;£3.00/unit;£1.63/100g;Desserts & cream;desserts;408;3.4;40.0;32.3;26.0;17.3;0.9;0.3;
guylian-belgian-chocolate-seashells-x22-250g;Guylian Belgian Chocolate Seashells x22 250g;£4.00/unit;£1.60/100g;Confectionery;gifting-boxed-chocolate;null;null;null;null;null;null;null;null;
guylian-belgian-seahorses-46g;Guylian Belgian Seahorses 46g;£1.50/unit;£3.57/100g;Confectionery;chocolate;null;null;null;null;null;null;null;null;
guylian-belgian-seahorses-46g;Guylian Belgian Seahorses 46g;£1.50/unit;£3.57/100g;Confectionery;gifting-boxed-chocolate;null;null;null;null;null;null;null;null;
guylian-seashells-egg-245g;Guylian Seashells Easter Egg 245g;£6.00/unit;£2.45/100g;Confectionery;easter-eggs;null;null;null;null;null;null;null;null;
h%C3%A4agen-dazs-belgian-chocolate-500ml;Haagen-Dazs Ice Cream Belgian Chocolate 500ml;£3.50/unit;£0.70/100ml;Ice cream & desserts;ice-cream-tubs;null;null;null;null;null;null;null;null;
h%C3%A4agen-dazs-cookies---cream-500ml;Haagen-Dazs Ice Cream Cookies & Cream500ml;£3.50/unit;£0.70/100ml;Ice cream & desserts;ice-cream-tubs;null;null;null;null;null;null;null;null;
h%C3%A4agen-dazs-pralines---cream-500ml;Haagen-Dazs Ice Cream Pralines & Cream 500ml;£3.50/unit;£0.70/100ml;Ice cream & desserts;ice-cream-tubs;null;null;null;null;null;null;null;null;
h%C3%A4agen-dazs-strawberry-cheesecake-500ml;Haagen-Dazs Ice Cream Strawberry Cheesecake 500ml;£3.50/unit;£0.70/100ml;Ice cream & desserts;ice-cream-tubs;null;null;null;null;null;null;null;null;
h%C3%A4agen-dazs-vanilla-500ml;Haagen-Dazs Ice Cream Vanilla 500ml;£3.50/unit;£0.70/100ml;Ice cream & desserts;ice-cream-tubs;null;null;null;null;null;null;null;null;
haagen-dazs-chocolate-salted-caramel-500ml;Haagen Dazs Ice Cream Chocolate Salted Caramel 500ml;£3.50/unit;£0.70/100ml;Ice cream & desserts;ice-cream-tubs;null;null;null;null;null;null;null;null;
haagen-dazs-salted-caramel-500ml;Haagen-Dazs Ice Cream Salted Caramel 500ml;£3.50/unit;£0.70/100ml;Ice cream & desserts;ice-cream-tubs;null;null;null;null;null;null;null;null;
haagen-dazs-strawberries---cream-500ml;Haagen Dazs Ice Cream Strawberries & Cream 500ml;£3.50/unit;£0.70/100ml;Ice cream & desserts;ice-cream-tubs;221;3.5;20.2;14.2;13.9;8.6;0.4;0.12;
haagen-dazs-yuzu-citrus---cream-457ml;Haagen Dazs Yuzu Citrus & Cream 457ml;£3.50/unit;£0.77/100ml;Ice cream & desserts;ice-cream-tubs;null;null;null;null;null;null;null;null;
happy-egg-large-free-range-eggs-x10;Happy Egg Large Free Range Eggs x10;£3.00/unit;£0.30/ea;Fresh milk & eggs;eggs;131;12.6;0.5;0.5;9.0;2.5;null;0.385;
happy-egg-large-free-range-eggs-x10;Happy Egg Large Free Range Eggs x10;£3.00/unit;£0.30/ea;Sugar & home baking;home-baking-eggs;131;12.6;0.5;0.5;9.0;2.5;null;0.385;
happy-egg-large-free-range-eggs-x6;Happy Egg Large Free Range Eggs x6;£1.90/unit;£0.32/ea;Fresh milk & eggs;eggs;131;12.6;0.5;0.5;9.0;2.5;null;0.385;
happy-egg-large-free-range-eggs-x6;Happy Egg Large Free Range Eggs x6;£1.90/unit;£0.32/ea;Sugar & home baking;home-baking-eggs;131;12.6;0.5;0.5;9.0;2.5;null;0.385;
happy-egg-medium-free-range-eggs-x6;Happy Egg Medium Free Range Eggs x6;£1.75/unit;£0.29/ea;Fresh milk & eggs;eggs;131;12.6;0.5;0.5;9.0;2.5;null;0.385;
happy-egg-medium-free-range-eggs-x6;Happy Egg Medium Free Range Eggs x6;£1.75/unit;£0.29/ea;Sugar & home baking;home-baking-eggs;131;12.6;0.5;0.5;9.0;2.5;null;0.385;
happy-monkey-orange---mango-kids-smoothie-4x180ml;Happy Monkey Orange & Mango Kids Smoothie 4x180ml;£2.90/unit;£0.40/100ml;Chilled fruit juice & smoothies;chilled-smoothies;null;0.2;12.6;12.1;0;0;0.3;0;
happy-monkey-orange---mango-kids-smoothie-4x180ml;Happy Monkey Orange & Mango Kids Smoothie 4x180ml;£2.90/unit;£0.40/100ml;Chilled fruit juice & smoothies;kids-juice;null;0.2;12.6;12.1;0;0;0.3;0;
happy-monkey-strawberry---banana-kids-smoothie-4x180ml;Happy Monkey Strawberry & Banana Kids Smoothie 4x180ml;£2.90/unit;£0.40/100ml;Chilled fruit juice & smoothies;chilled-smoothies;54;0.2;13.2;12.7;0;0;0.3;0;
happy-monkey-strawberry---banana-kids-smoothie-4x180ml;Happy Monkey Strawberry & Banana Kids Smoothie 4x180ml;£2.90/unit;£0.40/100ml;Chilled fruit juice & smoothies;kids-juice;54;0.2;13.2;12.7;0;0;0.3;0;
haribo-bear-buddies-200g;Haribo Bear Buddies 200g;£1.30/unit;£0.65/100g;Confectionery;sweets;null;null;null;null;null;null;null;null;
haribo-easter-fun-220g;Haribo Easter Fun 220g;£1.00/unit;£0.45/100g;Confectionery;easter-eggs;null;null;null;null;null;null;null;null;
haribo-easter-fun-220g;Haribo Easter Fun 220g;£1.00/unit;£0.45/100g;Confectionery;sweets;null;null;null;null;null;null;null;null;
haribo-easter-hunt-mini-mix-200g;Haribo Easter Hunt Mini Mix 200g;£1.00/unit;£0.50/100g;Confectionery;easter-eggs;null;null;null;null;null;null;null;null;
haribo-easter-hunt-mini-mix-200g;Haribo Easter Hunt Mini Mix 200g;£1.00/unit;£0.50/100g;Confectionery;sweets;null;null;null;null;null;null;null;null;
haribo-fizzy-farm-animals-220g;Haribo Fizzy Farm Animals 220g;£1.00/unit;£0.45/100g;Confectionery;easter-eggs;null;null;null;null;null;null;null;null;
haribo-happy-cola-cherry-200g;Haribo Happy Cola Cherry 200g;£1.30/unit;£0.65/100g;Confectionery;sweets;null;null;null;null;null;null;null;null;
haribo-maoam-stripes-180g;Haribo Maoam Stripes 180g;£1.00/unit;£0.55/100g;Confectionery;sweets;394;10;837;null;64;null;null;null;
haribo-maoam-stripes-strawberry-bar;Haribo Maoam Stripes Strawberry Bar;£0.10/unit;£0.10/ea;Confectionery;sweets;null;null;null;null;null;null;null;null;
haribo-mega-party-480g;Haribo Mega Party 480g;£2.75/unit;£0.57/100g;Confectionery;sweets;null;null;null;null;null;null;null;null;
haribo-push-up-strawberry---vanilla-x4-340ml;Haribo Push Up Strawberry & Vanilla x4 340ml;£2.50/unit;£0.74/100ml;Ice cream & desserts;lollies-bars-cones;111;18;21;15;22;2;null;001;
haribo-starmix-215g;Haribo Starmix 215g;£1.30/unit;£0.60/100g;Confectionery;sweets;342;6.6;77;47;0.5;0.1;null;0.03;
haribo-starmix-single;Haribo Starmix Single;£0.10/unit;£0.10/ea;Confectionery;sweets;null;null;null;null;null;null;null;null;
haribo-supermix-215g;Haribo Supermix 215g;£1.30/unit;£0.60/100g;Confectionery;sweets;null;null;null;null;null;null;null;null;
haribo-tangfastics-215g;Haribo Tangfastics 215g;£1.30/unit;£0.60/100g;Confectionery;sweets;null;null;null;null;null;null;null;null;
haribo-tangfastics-single;Haribo Tangfastics Single;£0.10/unit;£0.10/ea;Confectionery;sweets;null;null;null;null;null;null;null;null;
harlequin-flowers;Sainsbury's Harlequin Flowers x30;£3.00/unit;£3.00/ea;Flowers & seeds;flowers---seeds;null;null;null;null;null;null;null;null;
harry-ramsdens-mushy-peas-300g;Harry Ramsden's Mushy Peas 300g (180g*);£0.50/unit;£1.67/kg;Canned, tinned & packaged foods;canned-tinned-packaged-vegetables;87;5.9;13.1;1.4;0.4;0.2;3.9;0.45;
hartelys-ready-to-eat-raspberries-in-raspberry-jelly-175g;Hartley's Ready To Eat Raspberries In Raspberry Jelly 175g;£0.70/unit;£0.40/100g;Fruit & desserts;dessert-pots;61;0.3;14.8;14.8;0.0;0.0;null;0.08;
hartelys-ready-to-eat-raspberries-in-raspberry-jelly-175g;Hartley's Ready To Eat Raspberries In Raspberry Jelly 175g;£0.70/unit;£0.40/100g;Fruit & desserts;jelly;61;0.3;14.8;14.8;0.0;0.0;null;0.08;
hartelys-ready-to-eat-raspberries-in-raspberry-jelly-175g;Hartley's Ready To Eat Raspberries In Raspberry Jelly 175g;£0.70/unit;£0.40/100g;Fruit & desserts;kids-lunchbox-fruit-desserts;61;0.3;14.8;14.8;0.0;0.0;null;0.08;
hartleys-best-apricot-jam-340g;Hartley's Best Apricot Jam 340g;£1.50/unit;£0.44/100g;Jams, honey & spreads;jams---conserves;244;0.4;60.6;55.3;0.0;0.0;null;0.08;
hartleys-best-blackberry-jam-340g;Hartley's Best Blackberry Jam 340g;£1.50/unit;£0.44/100g;Jams, honey & spreads;jams---conserves;250;0.4;60.5;54.3;0.1;0.0;null;0.16;
hartleys-best-blackcurrant-jam-340g;Hartley's Best Blackcurrant Jam 340g;£1.50/unit;£0.44/100g;Jams, honey & spreads;jams---conserves;246;0.3;60.7;55.1;0.0;0.0;null;0.34;
hartleys-best-jam--pineapple-340g;Hartley's Best Jam, Pineapple 340g;£1.50/unit;£0.44/100g;Jams, honey & spreads;jams---conserves;246;0.2;60.7;54.5;0.1;0.0;null;0.09;
hartleys-best-raspberry-jam-340g;Hartley's Best Raspberry Jam 340g;£1.50/unit;£0.44/100g;Jams, honey & spreads;jams---conserves;247;0.4;60.5;53.2;0.1;0.0;null;0.17;
hartleys-best-seedless-raspberry-jam-340g;Hartley's Best Seedless Raspberry Jam 340g;£1.50/unit;£0.44/100g;Jams, honey & spreads;jams---conserves;247;0.6;60.3;53.0;0.0;0.0;null;0.21;
hartleys-best-strawberry-jam-340g;Hartley's Best Strawberry Jam 340g;£1.50/unit;£0.44/100g;Jams, honey & spreads;jams---conserves;247;0.4;60.4;53.1;0.2;0.1;null;0.06;
hartleys-blackcurrant-jelly-135g;Hartley's Blackcurrant Jelly 135g;£0.55/unit;£0.41/100g;Fruit & desserts;jelly;296;5.5;68.5;57.4;0.0;0.0;null;0.4;
hartleys-jelly--blackcurrant---ready-to-eat-125g;Hartley's Jelly, Blackcurrant - Ready to Eat 125g;£0.50/unit;£0.40/100g;Fruit & desserts;dessert-pots;80;0.0;14.9;14.7;0.0;0.0;null;0.1;
hartleys-jelly--blackcurrant---ready-to-eat-125g;Hartley's Jelly, Blackcurrant - Ready to Eat 125g;£0.50/unit;£0.40/100g;Fruit & desserts;jelly;80;0.0;14.9;14.7;0.0;0.0;null;0.1;
hartleys-jelly--blackcurrant---ready-to-eat-125g;Hartley's Jelly, Blackcurrant - Ready to Eat 125g;£0.50/unit;£0.40/100g;Fruit & desserts;kids-lunchbox-fruit-desserts;80;0.0;14.9;14.7;0.0;0.0;null;0.1;
hartleys-jelly--raspberry-135g;Hartley's Jelly, Raspberry 135g;£0.55/unit;£0.41/100g;Fruit & desserts;jelly;296;5.5;68.5;57.4;0.0;0.0;null;0.4;
hartleys-jelly-apple-flavour-no-added-sugar-115g;Hartley's Jelly Apple Flavour No Added Sugar 115g;£0.50/unit;£0.43/100g;Fruit & desserts;dessert-pots;6;0;1.1;0.3;0.3;0.1;null;0.10;
hartleys-jelly-apple-flavour-no-added-sugar-115g;Hartley's Jelly Apple Flavour No Added Sugar 115g;£0.50/unit;£0.43/100g;Fruit & desserts;jelly;6;0;1.1;0.3;0.3;0.1;null;0.10;
hartleys-jelly-black-cherry-135g;Hartley's Jelly Black Cherry 135g;£0.60/unit;£0.44/100g;Fruit & desserts;jelly;296;5.5;68.5;57.4;0.0;0.0;null;0.50;
hartleys-jelly-blackcurrant-flavour-no-added-sugar--115g;Hartley's Jelly Blackcurrant Flavour No Added Sugar  115g;£0.50/unit;£0.43/100g;Fruit & desserts;dessert-pots;7;0;1;0.1;0.4;0.1;null;0.1;
hartleys-jelly-blackcurrant-flavour-no-added-sugar--115g;Hartley's Jelly Blackcurrant Flavour No Added Sugar  115g;£0.50/unit;£0.43/100g;Fruit & desserts;jelly;7;0;1;0.1;0.4;0.1;null;0.1;
hartleys-jelly-lemon---lime-flavour-175g;Hartley's Jelly Lemon & Lime Flavour 175g;£0.50/unit;£0.40/100g;Fruit & desserts;dessert-pots;80;0.0;20.0;18.6;0.0;0.0;null;0.25;
hartleys-jelly-lemon---lime-flavour-175g;Hartley's Jelly Lemon & Lime Flavour 175g;£0.50/unit;£0.40/100g;Fruit & desserts;jelly;80;0.0;20.0;18.6;0.0;0.0;null;0.25;
hartleys-jelly-orange-flavour-10-cal-175g;Hartley's Jelly Orange Flavour 10 Cal 175g;£0.70/unit;£0.40/100g;Fruit & desserts;dessert-pots;3;0;1.2;0;0.0;0.0;null;0.07;
hartleys-jelly-orange-flavour-10-cal-175g;Hartley's Jelly Orange Flavour 10 Cal 175g;£0.70/unit;£0.40/100g;Fruit & desserts;jelly;3;0;1.2;0;0.0;0.0;null;0.07;
hartleys-jelly-pineapple-flavour-125g;Hartley's Jelly Pineapple Flavour 125g;£0.50/unit;£0.40/100g;Fruit & desserts;dessert-pots;84;0;20.3;18.8;0.4;0.2;null;0.09;
hartleys-jelly-pineapple-flavour-125g;Hartley's Jelly Pineapple Flavour 125g;£0.50/unit;£0.40/100g;Fruit & desserts;jelly;84;0;20.3;18.8;0.4;0.2;null;0.09;
hartleys-jelly-raspberry-flavour-10-cal-175g;Hartley's Jelly Raspberry Flavour 10 Cal 175g;£0.70/unit;£0.40/100g;Fruit & desserts;dessert-pots;4;0;1.3;0;0.0;0.0;null;0.07;
hartleys-jelly-raspberry-flavour-10-cal-175g;Hartley's Jelly Raspberry Flavour 10 Cal 175g;£0.70/unit;£0.40/100g;Fruit & desserts;jelly;4;0;1.3;0;0.0;0.0;null;0.07;
hartleys-jelly-strawberry-flavour-10-cal-175g;Hartley's Jelly Strawberry Flavour 10 Cal 175g;£0.70/unit;£0.40/100g;Fruit & desserts;dessert-pots;4;0;1.1;0;0.0;0.0;null;0.08;
hartleys-jelly-strawberry-flavour-10-cal-175g;Hartley's Jelly Strawberry Flavour 10 Cal 175g;£0.70/unit;£0.40/100g;Fruit & desserts;jelly;4;0;1.1;0;0.0;0.0;null;0.08;
hartleys-lemon-jelly-135g;Hartley's Lemon Jelly 135g;£0.55/unit;£0.41/100g;Fruit & desserts;jelly;296;5.5;68.5;57.4;0.0;0.0;null;0.50;
hartleys-lime-jelly-135g;Hartley's Lime Jelly 135g;£0.55/unit;£0.41/100g;Fruit & desserts;jelly;296;5.5;68.5;57.4;0.0;0.0;null;0.50;
hartleys-low-calorie-cranberry---raspberry-jelly-175g;Hartley's Low Calorie Cranberry & Raspberry Jelly 175g;£0.70/unit;£0.40/100g;Fruit & desserts;dessert-pots;5;0.0;1.0;1.0;0.0;0.0;null;0.25;
hartleys-low-calorie-cranberry---raspberry-jelly-175g;Hartley's Low Calorie Cranberry & Raspberry Jelly 175g;£0.70/unit;£0.40/100g;Fruit & desserts;jelly;5;0.0;1.0;1.0;0.0;0.0;null;0.25;
hartleys-low-calorie-cranberry---raspberry-jelly-175g;Hartley's Low Calorie Cranberry & Raspberry Jelly 175g;£0.70/unit;£0.40/100g;Fruit & desserts;kids-lunchbox-fruit-desserts;5;0.0;1.0;1.0;0.0;0.0;null;0.25;
hartleys-low-calorie-mango---passionfruit-jelly-175g;Hartley's Low Calorie Mango & Passionfruit Jelly 175g;£0.70/unit;£0.40/100g;Fruit & desserts;dessert-pots;5;0.0;1.0;1.0;0.0;0.0;null;0.25;
hartleys-low-calorie-mango---passionfruit-jelly-175g;Hartley's Low Calorie Mango & Passionfruit Jelly 175g;£0.70/unit;£0.40/100g;Fruit & desserts;jelly;5;0.0;1.0;1.0;0.0;0.0;null;0.25;
hartleys-low-calorie-mango---passionfruit-jelly-175g;Hartley's Low Calorie Mango & Passionfruit Jelly 175g;£0.70/unit;£0.40/100g;Fruit & desserts;kids-lunchbox-fruit-desserts;5;0.0;1.0;1.0;0.0;0.0;null;0.25;
hartleys-low-calorie-strawberry---kiwi-jelly-175g;Hartley's Low Calorie Strawberry & Kiwi Jelly 175g;£0.70/unit;£0.40/100g;Fruit & desserts;dessert-pots;2;0;0.4;0.4;0;0.0;null;0.09;
hartleys-low-calorie-strawberry---kiwi-jelly-175g;Hartley's Low Calorie Strawberry & Kiwi Jelly 175g;£0.70/unit;£0.40/100g;Fruit & desserts;jelly;2;0;0.4;0.4;0;0.0;null;0.09;
hartleys-low-calorie-strawberry---kiwi-jelly-175g;Hartley's Low Calorie Strawberry & Kiwi Jelly 175g;£0.70/unit;£0.40/100g;Fruit & desserts;kids-lunchbox-fruit-desserts;2;0;0.4;0.4;0;0.0;null;0.09;
hartleys-ma-made-marmalade-base--thin-cut-orange-850g;Hartley's Ma Made Marmalade Base, Thin Cut Orange 850g;£2.00/unit;£0.24/100g;Jams, honey & spreads;marmalade;272;0.2;67.9;66.2;0;0;null;0;
hartleys-mango-1-fruit-175g;Hartley's Mango 1 Fruit 175g;£0.70/unit;£0.40/100g;Fruit & desserts;dessert-fruit;67;0.3;15.7;14.8;0.1;0.0;null;0.05;
hartleys-mango-1-fruit-175g;Hartley's Mango 1 Fruit 175g;£0.70/unit;£0.40/100g;Fruit & desserts;dessert-pots;67;0.3;15.7;14.8;0.1;0.0;null;0.05;
hartleys-mango-1-fruit-175g;Hartley's Mango 1 Fruit 175g;£0.70/unit;£0.40/100g;Fruit & desserts;jelly;67;0.3;15.7;14.8;0.1;0.0;null;0.05;
hartleys-no-added-sugar-orange-flavour-jelly-115g;Hartley's No Added Sugar Orange Flavour Jelly 115g;£0.50/unit;£0.43/100g;Fruit & desserts;dessert-pots;3;0;1.2;0;0.0;0.0;null;0.07;
hartleys-no-added-sugar-orange-flavour-jelly-115g;Hartley's No Added Sugar Orange Flavour Jelly 115g;£0.50/unit;£0.43/100g;Fruit & desserts;jelly;3;0;1.2;0;0.0;0.0;null;0.07;
hartleys-orange-jelly--ready-to-eat-125g;Hartley's Orange Jelly, Ready to Eat 125g;£0.50/unit;£0.40/100g;Fruit & desserts;dessert-pots;80;0.0;20.0;18.6;0.0;0.0;null;0.25;
hartleys-orange-jelly--ready-to-eat-125g;Hartley's Orange Jelly, Ready to Eat 125g;£0.50/unit;£0.40/100g;Fruit & desserts;jelly;80;0.0;20.0;18.6;0.0;0.0;null;0.25;
hartleys-orange-jelly--ready-to-eat-125g;Hartley's Orange Jelly, Ready to Eat 125g;£0.50/unit;£0.40/100g;Fruit & desserts;kids-lunchbox-fruit-desserts;80;0.0;20.0;18.6;0.0;0.0;null;0.25;
hartleys-orange-jelly-135g;Hartley's Orange Jelly 135g;£0.55/unit;£0.41/100g;Fruit & desserts;jelly;296;5.5;68.5;57.4;0.0;0.0;null;0.50;
hartleys-pineapple-jelly-135g;Hartley's Pineapple Jelly 135g;£0.55/unit;£0.41/100g;Fruit & desserts;jelly;296;5.5;68.5;57.4;0.0;0.0;null;0.50;
hartleys-raspberry-1-fruit-175g;Hartley's Raspberry 1 Fruit 175g;£0.70/unit;£0.40/100g;Canned, tinned & packaged foods;canned-tinned-packaged-fruit;68;0.7;15.1;14.5;0.2;0.0;null;0.08;
hartleys-raspberry-1-fruit-175g;Hartley's Raspberry 1 Fruit 175g;£0.70/unit;£0.40/100g;Fruit & desserts;dessert-fruit;68;0.7;15.1;14.5;0.2;0.0;null;0.08;
hartleys-raspberry-1-fruit-175g;Hartley's Raspberry 1 Fruit 175g;£0.70/unit;£0.40/100g;Fruit & desserts;dessert-pots;68;0.7;15.1;14.5;0.2;0.0;null;0.08;
hartleys-raspberry-1-fruit-175g;Hartley's Raspberry 1 Fruit 175g;£0.70/unit;£0.40/100g;Fruit & desserts;jelly;68;0.7;15.1;14.5;0.2;0.0;null;0.08;
hartleys-raspberry-jelly--ready-to-eat-125g;Hartley's Raspberry Jelly, Ready to Eat 125g;£0.50/unit;£0.40/100g;Fruit & desserts;jelly;80;0.0;20.0;18.6;0.0;0.0;null;0.1;
hartleys-ready-to-eat-blueberry---blackcurrent-jellly-175g;Hartley's Ready To Eat Blueberry & Blackcurrant Jelly 175g;£0.70/unit;£0.40/100g;Fruit & desserts;dessert-pots;5;0.0;1.0;1.0;0.0;0.0;null;0.20;
hartleys-ready-to-eat-blueberry---blackcurrent-jellly-175g;Hartley's Ready To Eat Blueberry & Blackcurrant Jelly 175g;£0.70/unit;£0.40/100g;Fruit & desserts;jelly;5;0.0;1.0;1.0;0.0;0.0;null;0.20;
hartleys-ready-to-eat-blueberry---blackcurrent-jellly-175g;Hartley's Ready To Eat Blueberry & Blackcurrant Jelly 175g;£0.70/unit;£0.40/100g;Fruit & desserts;kids-lunchbox-fruit-desserts;5;0.0;1.0;1.0;0.0;0.0;null;0.20;
hartleys-ready-to-eat-low-sugar-raspberry-jelly-115g;Hartley's Ready To Eat Low Sugar Raspberry Jelly 115g;£0.50/unit;£0.43/100g;Fruit & desserts;dessert-pots;5;0.0;1.0;1.0;0.0;0.0;null;0.15;
hartleys-ready-to-eat-low-sugar-raspberry-jelly-115g;Hartley's Ready To Eat Low Sugar Raspberry Jelly 115g;£0.50/unit;£0.43/100g;Fruit & desserts;jelly;5;0.0;1.0;1.0;0.0;0.0;null;0.15;
hartleys-ready-to-eat-low-sugar-raspberry-jelly-115g;Hartley's Ready To Eat Low Sugar Raspberry Jelly 115g;£0.50/unit;£0.43/100g;Fruit & desserts;kids-lunchbox-fruit-desserts;5;0.0;1.0;1.0;0.0;0.0;null;0.15;
hartleys-ready-to-eat-low-sugar-strawberry-jelly-115g;Hartley's Ready To Eat Low Sugar Strawberry Jelly 115g;£0.50/unit;£0.43/100g;Fruit & desserts;dessert-pots;4;0;1.1;0;0.0;0.0;null;0.08;
hartleys-ready-to-eat-low-sugar-strawberry-jelly-115g;Hartley's Ready To Eat Low Sugar Strawberry Jelly 115g;£0.50/unit;£0.43/100g;Fruit & desserts;jelly;4;0;1.1;0;0.0;0.0;null;0.08;
hartleys-ready-to-eat-low-sugar-strawberry-jelly-115g;Hartley's Ready To Eat Low Sugar Strawberry Jelly 115g;£0.50/unit;£0.43/100g;Fruit & desserts;kids-lunchbox-fruit-desserts;4;0;1.1;0;0.0;0.0;null;0.08;
hartleys-ready-to-eat-pineapple-in-jelly-175g;Hartley's Ready To Eat Pineapple In Jelly 175g;£0.70/unit;£0.40/100g;Fruit & desserts;dessert-pots;61;0.1;14.9;14.7;0.0;0.0;null;0;
hartleys-ready-to-eat-pineapple-in-jelly-175g;Hartley's Ready To Eat Pineapple In Jelly 175g;£0.70/unit;£0.40/100g;Fruit & desserts;jelly;61;0.1;14.9;14.7;0.0;0.0;null;0;
hartleys-ready-to-eat-pineapple-in-jelly-175g;Hartley's Ready To Eat Pineapple In Jelly 175g;£0.70/unit;£0.40/100g;Fruit & desserts;kids-lunchbox-fruit-desserts;61;0.1;14.9;14.7;0.0;0.0;null;0;
hartleys-smooth-strawberry-jam-340g;Hartley's Smooth Strawberry Jam 340g;£1.50/unit;£0.44/100g;Jams, honey & spreads;jams---conserves;251;0.4;61.4;61.2;0.2;0.0;null;0.04;
hartleys-strawberry-jam--no-bits-454g;Hartley's Strawberry Jam, No Bits 454g;£1.50/unit;£0.33/100g;Jams, honey & spreads;jams---conserves;259;0.3;63.6;57.9;0.1;0.0;null;0.2;
hartleys-strawberry-jelly--ready-to-eat-125g;Hartley's Strawberry Jelly, Ready to Eat 125g;£0.50/unit;£0.40/100g;Fruit & desserts;dessert-pots;80;0.0;20.0;18.6;0.0;0.0;null;0.25;
hartleys-strawberry-jelly--ready-to-eat-125g;Hartley's Strawberry Jelly, Ready to Eat 125g;£0.50/unit;£0.40/100g;Fruit & desserts;jelly;80;0.0;20.0;18.6;0.0;0.0;null;0.25;
hartleys-strawberry-jelly--ready-to-eat-125g;Hartley's Strawberry Jelly, Ready to Eat 125g;£0.50/unit;£0.40/100g;Fruit & desserts;kids-lunchbox-fruit-desserts;80;0.0;20.0;18.6;0.0;0.0;null;0.25;
hartleys-strawberry-jelly-135g;Hartley's Strawberry Jelly 135g;£0.55/unit;£0.41/100g;Fruit & desserts;jelly;296;5.5;68.5;57.4;0.0;0.0;null;0.4;
hartleys-sugar-free-blackcurrant-jelly-23g;Hartley's Sugar Free Blackcurrant Jelly 23g;£0.70/unit;£3.04/100g;Fruit & desserts;jelly;6;1.2;0.5;0.5;0.0;0.0;null;0.07;
hartleys-sugar-free-lemon---lime-jelly-23g;Hartley's Sugar Free Lemon & Lime Jelly 23g;£0.70/unit;£3.04/100g;Fruit & desserts;jelly;6;1.3;0.5;0.5;0.5;0.1;null;0.07;
hartleys-sugar-free-orange-jelly-23g;Hartley's Sugar Free Orange Jelly 23g;£0.70/unit;£3.04/100g;Fruit & desserts;jelly;6;1.3;0.5;0.5;0.5;0.1;null;0.07;
hartleys-sugar-free-raspberry-jelly-23g;Hartley's Sugar Free Raspberry Jelly 23g;£0.70/unit;£3.04/100g;Fruit & desserts;jelly;6;1.1;0.5;0.5;0.5;0.51;null;0.07;
hartleys-sugar-free-strawberry-jelly-26g;Hartley's Sugar Free Strawberry Jelly 26g;£0.70/unit;£3.04/100g;Fruit & desserts;jelly;6;1.2;0.5;0.5;0.5;0.1;null;0.07;
harvest-chewee-milk-chocolate-chip-198g;Harvest Chewee Milk Chocolate Chip 198g;£1.90/unit;£1.08/100g;Biscuits & crackers;biscuits-crackers-kids-lunchbox;436;6.0;68.6;27.0;14.5;6.1;3.3;0.5;
harvest-chewee-milk-chocolate-chip-198g;Harvest Chewee Milk Chocolate Chip 198g;£1.90/unit;£1.08/100g;Biscuits & crackers;cereal-bars-breakfast-biscuits;436;6.0;68.6;27.0;14.5;6.1;3.3;0.5;
harvest-chewee-milk-chocolate-chip-198g;Harvest Chewee Milk Chocolate Chip 198g;£1.90/unit;£1.08/100g;Breakfast cereals;breakfast-cereal-bars-breakfast-biscuits;436;6.0;68.6;27.0;14.5;6.1;3.3;0.5;
haywards-baby-beetroot-710g;Haywards Baby Beetroot 710g (415g*);£1.70/unit;£0.41/100g;Vinegar, pickles, olives & antipasti;pickled-food;49;0.9;11;10;0.5;0.5;1.5;0.30;
haywards-crinkle-cut-beetroot-710g;Haywards Crinkle Cut Beetroot 710g (415g*);£1.70/unit;£0.47/100g;Vinegar, pickles, olives & antipasti;beetroot;49;0.9;11;10;0.5;0.5;1.5;0.30;
haywards-crinkle-cut-beetroot-710g;Haywards Crinkle Cut Beetroot 710g (415g*);£1.70/unit;£0.47/100g;Vinegar, pickles, olives & antipasti;pickled-food;49;0.9;11;10;0.5;0.5;1.5;0.30;
haywards-gherkins-660g;Haywards Gherkins 660g (370g*);£1.70/unit;£0.46/100g;Vinegar, pickles, olives & antipasti;pickled-food;22;0.5;4.9;4.0;0.5;0.1;2.2;0.60;
haywards-hot---spicy-onions-440g;Haywards Hot & Spicy Onions 440g;£1.70/unit;£0.39/100g;Vinegar, pickles, olives & antipasti;pickled-food;63;0.2;11.9;11.7;0.6;0.2;2.5;0.71;
haywards-mixed-pickle-460g;Haywards Mixed Pickle 460g (240g*);£1.70/unit;£0.71/100g;Vinegar, pickles, olives & antipasti;pickled-food;10;0.5;2.4;0.6;0.5;0.1;1.6;1.5;
haywards-piccalilli-460g;Haywards Piccalilli 460g;£1.70/unit;£0.37/100g;Table sauces, dressings & condiments;chutney-pickle-relishes;51;1.4;9.2;5.8;0.7;0.1;1.2;1.5;
haywards-piccalilli-460g;Haywards Piccalilli 460g;£1.70/unit;£0.37/100g;Vinegar, pickles, olives & antipasti;chutneys-pickle-relishes;51;1.4;9.2;5.8;0.7;0.1;1.2;1.5;
haywards-pickled-onions-454g;Haywards Pickled Onions 454g (240g*);£1.70/unit;£0.71/100g;Vinegar, pickles, olives & antipasti;pickled-food;43;0.8;10;8.4;0.5;0.1;1.4;0.66;
haywards-silverskin-onions-454g;Haywards Silverskin Onions 454g (240g*);£1.70/unit;£0.71/100g;Vinegar, pickles, olives & antipasti;pickled-food;20;0.5;4.3;3.0;0.5;0.1;1.0;1.3;
haywards-sliced-beetroot-710g;Haywards Sliced Beetroot 710g (415g*);£1.70/unit;£0.41/100g;Vinegar, pickles, olives & antipasti;pickled-food;49;0.9;11;10;0.5;0.5;1.5;0.30;
haywards-sliced-red-cabbage-460g;Haywards Sliced Red Cabbage 445g (215g*);£1.70/unit;£0.79/100g;Vinegar, pickles, olives & antipasti;pickled-food;28;0.8;2.5;2.5;0.2;0.1;2.2;1.73;
haywards-sweet-piccalilli-454g;Haywards Sweet Piccalilli 454g;£1.70/unit;£0.36/100g;Table sauces, dressings & condiments;chutney-pickle-relishes;105;0.7;22;19;0.8;0.5;0.7;2.3;
haywards-sweet-piccalilli-454g;Haywards Sweet Piccalilli 454g;£1.70/unit;£0.36/100g;Vinegar, pickles, olives & antipasti;chutneys-pickle-relishes;105;0.7;22;19;0.8;0.5;0.7;2.3;
haywards-sweet-pickled-onions-454g;Haywards Sweet Pickled Onions 454g (240g*);£1.70/unit;£0.71/100g;Vinegar, pickles, olives & antipasti;pickled-food;27;0.5;6.8;5.6;0.5;0.1;1.8;1.5;
haywood---padgett-cherry---sultana-scone-x8;Haywood & Padgett Cherry & Sultana Scone x8;£1.00/unit;£0.13/ea;Cakes;cakes-scones-fruited-buns;338;5.8;57.1;25.3;9.3;3.6;1.5;1.1;
haywood---padgett-cherry---sultana-scone-x8;Haywood & Padgett Cherry & Sultana Scone x8;£1.00/unit;£0.13/ea;Scones, fruited & buns;scones-fruited-buns;338;5.8;57.1;25.3;9.3;3.6;1.5;1.1;
haywood---padgett-sultana-scones-x8;Haywood & Padgett Sultana Scones x8;£1.00/unit;£0.13/ea;Cakes;cakes-scones-fruited-buns;340;6.1;56.2;22.9;9.7;3.7;1.5;1.6;
haywood---padgett-sultana-scones-x8;Haywood & Padgett Sultana Scones x8;£1.00/unit;£0.13/ea;Scones, fruited & buns;scones-fruited-buns;340;6.1;56.2;22.9;9.7;3.7;1.5;1.6;
heinz-alphabetti-pasta-shapes-in-tomato-sauce-200g;Heinz Alphabetti Pasta Shapes In Tomato Sauce 200g;£0.55/unit;£2.75/kg;Canned, tinned & packaged foods;baked-beans-canned-pasta;null;null;null;null;null;null;null;null;
heinz-alphabetti-pasta-shapes-in-tomato-sauce-400g;Heinz Alphabetti Pasta Shapes In Tomato Sauce 400g;£0.70/unit;£1.75/kg;Canned, tinned & packaged foods;baked-beans-canned-pasta;null;null;null;null;null;null;null;null;
heinz-angry-birds-pasta-shapes-in-tomato-sauce-205g;Heinz Angry Birds Pasta Shapes in Tomato Sauce 205g;£0.45/unit;£2.20/kg;Canned, tinned & packaged foods;baked-beans-canned-pasta;56;1.8;11.1;4.3;0.3;0;0.6;0.4;
heinz-baked-beans--organic-415g;Heinz Baked Beans, Organic 415g;£0.95/unit;£2.29/kg;Canned, tinned & packaged foods;baked-beans-canned-pasta;81;4.8;12.9;5.1;0.2;0;3.8;0.6;
heinz-baked-beans-3x200g;Heinz Baked Beans 3x200g;£1.50/unit;£2.50/kg;Canned, tinned & packaged foods;baked-beans-canned-pasta;78;4.7;12.5;4.7;0.2;0;3.7;0.6;
heinz-baked-beans-4x415g;Heinz Baked Beans 4x415g;£2.60/unit;£1.57/kg;Canned, tinned & packaged foods;baked-beans-canned-pasta;78;4.7;12.5;4.7;0.2;0;3.7;0.6;
heinz-baked-beans-fridge-pack-1kg;Heinz Baked Beans Fridge Pack 1kg;£2.00/unit;£2.00/kg;Canned, tinned & packaged foods;baked-beans-canned-pasta;79;4.6;13.0;4.9;0.2;0;3.6;0.6;
heinz-baked-beans-in-tomato-sauce-150g;Heinz Baked Beans In Tomato Sauce 150g;£0.50/unit;£3.33/kg;Canned, tinned & packaged foods;baked-beans-canned-pasta;71;4.1;11.7;4.7;0.2;0;3.2;0.6;
heinz-baked-beans-in-tomato-sauce-200g;Heinz Baked Beans In Tomato Sauce 200g;£0.55/unit;£2.75/kg;Canned, tinned & packaged foods;baked-beans-canned-pasta;79;4.7;12.9;5.0;0.2;0;3.7;0.6;
heinz-baked-beans-in-tomato-sauce-415g;Heinz Baked Beans 415g;£0.70/unit;£1.69/kg;Canned, tinned & packaged foods;baked-beans-canned-pasta;79;4.7;12.9;5.0;0.2;0;3.7;0.6;
heinz-baked-beans-snap-pots-4-pack-800g;Heinz Baked Beans Snap Pots 4 Pack 800g;£2.10/unit;£2.63/kg;Canned, tinned & packaged foods;baked-beans-canned-pasta;79;4.7;12.9;4.8;0.2;0;3.7;0.7;
heinz-baked-beans-with-pork-sausages-200g;Heinz Baked Beans With Pork Sausages 200g;£0.65/unit;£3.25/kg;Canned, tinned & packaged foods;baked-beans-canned-pasta;96;5.3;11.3;4.0;2.6;1.0;2.9;0.7;
heinz-baked-beans-with-pork-sausages-415g;Heinz Baked Beans With Pork Sausages 415g;£1.00/unit;£2.41/kg;Canned, tinned & packaged foods;baked-beans-canned-pasta;94;5.0;11.4;4.1;2.5;1.0;2.8;0.7;
heinz-baked-beans-with-spicy-meatballs-415g;Heinz Baked Beans With Spicy Meatballs 415g;£1.30/unit;£3.13/kg;Canned, tinned & packaged foods;baked-beans-canned-pasta;84;5.6;10.1;4.3;2.4;0.7;2.8;0.7;
heinz-baked-beanz--curry-390g;Heinz Baked Beanz, Curry 390g;£0.85/unit;£2.18/kg;Canned, tinned & packaged foods;baked-beans-canned-pasta;109;4.8;17.0;8.8;1.6;0.1;4.0;0.6;
heinz-barbecue-classic-sauce-480g;Heinz Barbecue Classic Sauce 480g;£1.50/unit;£0.32/100g;Table sauces, dressings & condiments;tomato-ketchup-brown-bbq-other-sauces;133;1.0;30.7;28.7;0.1;0;1.5;1.3;
heinz-beanz--barbecue-390g;Heinz Beanz, Barbecue 390g;£0.85/unit;£2.18/kg;Canned, tinned & packaged foods;baked-beans-canned-pasta;88;4.9;14.6;6.9;0.2;0;3.8;0.6;
heinz-beanz--cheddar-cheese-390g;Heinz Beanz, Cheddar Cheese 390g;£0.85/unit;£2.18/kg;Canned, tinned & packaged foods;baked-beans-canned-pasta;84;5.2;12.5;4.6;0.7;0.3;3.7;0.5;
heinz-beanz--fiery-chilli-390g;Heinz Beanz, Fiery Chilli 390g;£0.85/unit;£2.18/kg;Canned, tinned & packaged foods;baked-beans-canned-pasta;91;4.9;15.1;6.9;0.3;0;3.8;0.6;
heinz-beanz-6x415g;Heinz Beanz 6x415g;£3.70/unit;£1.49/kg;Canned, tinned & packaged foods;baked-beans-canned-pasta;78;4.7;12.5;4.7;0.2;0;3.7;0.6;
heinz-beanz-tomato-with-garlic---herbs-390g;Heinz Beanz Tomato with Garlic & Herbs 390g;£0.85/unit;£2.18/kg;Canned, tinned & packaged foods;baked-beans-canned-pasta;81;4.8;12.8;4.8;0.2;0;3.8;0.6;
heinz-big-soup--beef---vegetable-400g;Heinz Big Soup, Beef & Vegetable 400g;£1.30/unit;£0.33/100g;Canned, tinned & packaged foods;soups;53;3.3;7.5;1.9;0.9;0.4;0.9;0.6;
heinz-big-soup--chicken---vegetable-400g;Heinz Big Soup, Chicken & Vegetable 400g;£1.30/unit;£0.33/100g;Canned, tinned & packaged foods;soups;50;3.1;7.4;1.8;0.7;0.2;1.0;0.5;
heinz-big-soup--lamb---vegetable-400g;Heinz Big Soup, Lamb & Vegetable 400g;£1.30/unit;£0.33/100g;Canned, tinned & packaged foods;soups;61;2.8;8.7;2.6;1.3;0.5;1.3;0.6;
heinz-big-soup--minted-lamb-hot-pot-400g;Heinz Big Soup, Minted Lamb Hot Pot 400g;£1.30/unit;£0.33/100g;Canned, tinned & packaged foods;soups;58;2.7;8.3;2.5;1.3;0.5;1.0;0.6;
heinz-big-soup-angus-steak---potato-500g;Heinz Big Soup Angus Steak & Potato 500g;£1.50/unit;£0.30/100g;Canned, tinned & packaged foods;soups;49;3.1;7.0;2.1;0.8;0.3;0.4;0.6;
heinz-big-soup-angus-steak---vegetable-500g;Heinz Big Soup Angus Steak & Vegetable 500g;£1.50/unit;£0.30/100g;Canned, tinned & packaged foods;soups;53;3.6;7.1;2.0;1.0;0.4;1.1;0.5;
heinz-big-soup-beef-broth-400g;Heinz Big Soup Beef Broth 400g;£1.30/unit;£0.33/100g;Canned, tinned & packaged foods;soups;45;2.3;7.1;1.6;0.6;0.2;0.9;0.5;
heinz-big-soup-chicken---leek-400g;Heinz Big Soup Chicken & Leek 400g;£1.30/unit;£0.33/100g;Canned, tinned & packaged foods;soups;58;2.9;8.2;1.6;1.4;0.3;0.7;0.6;
heinz-big-soup-fiery-chicken---chorizo-soup-500g;Heinz Big Soup Fiery Chicken & Chorizo Soup 500g;£1.50/unit;£0.30/100g;Canned, tinned & packaged foods;soups;66;3.4;7.1;2.0;2.5;0.8;0.7;0.5;
heinz-big-soup-rst-chkn---vegetable-500g;Heinz Big Soup Roast Chicken & Vegetable 500g;£1.50/unit;£0.30/100g;Canned, tinned & packaged foods;soups;55;3.3;7.2;1.4;1.2;0.2;0.8;0.6;
heinz-big-soup-smokin-chkn---bacon-500g;Heinz Big Soup Smokin Chicken & Bacon 500g;£1.50/unit;£0.30/100g;Canned, tinned & packaged foods;soups;65;3.1;6.9;1.1;2.6;0.7;0.7;0.6;
heinz-bob-the-builder-pasta-shapes-205g;Heinz Bob The Builder Pasta Shapes 205g;£0.55/unit;£2.68/kg;Canned, tinned & packaged foods;baked-beans-canned-pasta;56;1.9;11.1;4.0;0.3;0;0.6;0.4;
heinz-bumper-edition-baked-beans-with-big-saucy-bangers-415g;Heinz Bumper Edition Baked Beans With Big Saucy Bangers 415g;£1.30/unit;£3.13/kg;Canned, tinned & packaged foods;baked-beans-canned-pasta;104;5.7;11.9;4.3;3.7;1.2;2.9;0.7;
heinz-burger-sauce-220ml;Heinz Burger Sauce 220ml;£1.50/unit;£0.68/100ml;Table sauces, dressings & condiments;tomato-ketchup-brown-bbq-other-sauces;408;1.7;17.0;12.0;37.0;4.0;0.2;2.2;
heinz-carrot---coriander-soup-with-moroccan-spices-400g;Heinz Carrot & Coriander Soup with Moroccan Spices 400g;£1.50/unit;£0.38/100g;Canned, tinned & packaged foods;soups;49;0.5;6.7;4.2;1.9;0.2;1.2;0.6;
heinz-chicken---mushroom-soup-400g;Heinz Chicken & Mushroom Soup 400g;£0.95/unit;£0.24/100g;Canned, tinned & packaged foods;soups;49;1.6;4.5;1.5;2.8;0.4;0.1;0.7;
heinz-chicken---sweetcorn-soup-400g;Heinz Chicken & Sweetcorn Soup 400g;£0.95/unit;£0.24/100g;Canned, tinned & packaged foods;soups;60;2.0;6.3;1.6;2.9;0.5;0.2;0.6;
heinz-chicken-noodle-soup-400g;Heinz Chicken Noodle Soup 400g;£0.95/unit;£0.24/100g;Canned, tinned & packaged foods;soups;31;1.2;6.0;1.1;0.3;0.1;0.2;0.7;
heinz-chicken-with-wild-mushrooms-400g;Heinz Cream Of Mushroom With Wild Porcini Soup 400g;£1.50/unit;£0.38/100g;Canned, tinned & packaged foods;soups;55;1.7;5.8;2.2;2.7;0.4;0.2;0.6;
heinz-classic-potato---leek-soup-400g;Heinz Classic Potato & Leek Soup 400g;£0.95/unit;£0.24/100g;Canned, tinned & packaged foods;soups;46;0.8;7.2;0.9;1.5;0.1;0.6;0.6;
heinz-classic-scotch-broth-400g;Heinz Classic Scotch Broth 400g;£0.95/unit;£0.24/100g;Canned, tinned & packaged foods;soups;39;1.4;6.7;0.6;0.6;0.3;0.7;0.6;
heinz-classics--carrot---coriander-400g;Heinz Classics, Carrot & Coriander 400g;£0.95/unit;£0.24/100g;Canned, tinned & packaged foods;soups;41;0.4;5.8;4.1;1.6;0.2;0.9;0.6;
heinz-country-vegetable-big-soup-400g;Heinz Country Vegetable Big Soup 400g;£1.30/unit;£0.33/100g;Canned, tinned & packaged foods;soups;45;1.2;7.6;3.4;0.9;0.1;1.1;0.6;
heinz-cream-of-chicken-cup-soup-x4-68g;Heinz Cream of Chicken Cup Soup x4 68g;£1.00/unit;£1.47/100g;Canned, tinned & packaged foods;soups;32;0.6;4.9;0.9;1.1;0.8;0.1;0.5;
heinz-cream-of-chicken-soup-290g;Heinz Cream of Chicken Soup 290g;£0.85/unit;£0.29/100g;Canned, tinned & packaged foods;soups;48;1.5;4.5;1.1;2.7;0.4;0.1;0.6;
heinz-cream-of-chicken-soup-400g;Heinz Cream of Chicken Soup 400g;£0.95/unit;£0.24/100g;Canned, tinned & packaged foods;soups;51;1.5;4.7;1.2;2.9;0.5;0.1;0.6;
heinz-cream-of-chicken-thai-spices-400g;Heinz Cream of Chicken Soup with Thai Spices 400g;£1.50/unit;£0.38/100g;Canned, tinned & packaged foods;soups;65;1.6;6.9;1.3;3.4;0.5;0.1;0.6;
heinz-cream-of-mushroom-soup-290g;Heinz Cream of Mushroom Soup 290g;£0.85/unit;£0.29/100g;Canned, tinned & packaged foods;soups;53;1.6;5.3;2.2;2.8;0.4;0.1;0.7;
heinz-cream-of-mushroom-soup-400g;Heinz Cream Of Mushroom Soup 400g;£0.95/unit;£0.24/100g;Canned, tinned & packaged foods;soups;53;1.6;5.3;2.2;2.8;0.4;0.1;0.7;
heinz-cream-of-tomato-cup-soup-x4-88g;Heinz Cream of Tomato Cup Soup x4 88g;£1.00/unit;£1.13/100g;Canned, tinned & packaged foods;soups;null;null;null;null;null;null;null;null;
heinz-cream-of-tomato-soup--reduced-salt-400g;Heinz Cream of Tomato Soup, Reduced Salt 400g;£0.95/unit;£0.24/100g;Canned, tinned & packaged foods;soups;58;0.9;6.7;4.9;3.0;0.2;0.4;0.5;
heinz-cream-of-tomato-soup-300g;Heinz Cream of Tomato Soup 300g;£0.85/unit;£0.28/100g;Canned, tinned & packaged foods;soups;57;0.9;6.7;5.0;3.0;0.2;0.4;0.7;
heinz-cream-of-tomato-soup-400g;Heinz Cream of Tomato Soup 400g;£0.95/unit;£0.24/100g;Canned, tinned & packaged foods;soups;59;0.9;6.7;5.0;3.0;0.2;0.4;0.6;
heinz-cream-of-tomato-soup-with-chorizo-soup-400g;Heinz Cream of Tomato Soup with Chorizo Soup 400g;£1.50/unit;£0.38/100g;Canned, tinned & packaged foods;soups;61;1.4;6.9;5.0;3.0;0.5;0.4;0.6;
heinz-cream-of-tomato-soup-with-mexican-spices-400g;Heinz Cream of Tomato Soup with Mexican Spices 400g;£1.50/unit;£0.38/100g;Canned, tinned & packaged foods;soups;61;1.0;7.1;5.3;3.0;0.2;0.5;0.6;
heinz-cream-of-tomato-soup-x4-400g;Heinz Cream of Tomato Soup x4 400g;£3.40/unit;£0.21/100g;Canned, tinned & packaged foods;soups;59;0.9;6.7;5.0;3.0;0.2;0.4;0.6;
heinz-curry-sauce-classic-375ml;Heinz Curry Sauce Classic 375ml;£2.00/unit;£0.53/100ml;Table sauces, dressings & condiments;tomato-ketchup-brown-bbq-other-sauces;116;0.7;27;23;0.3;0;null;1.5;
heinz-dora-the-explora-pasta-shapes-in-tomato-sauce-205g;Heinz Dora The Explora Pasta Shapes In Tomato Sauce 205g;£0.55/unit;£2.68/kg;Canned, tinned & packaged foods;baked-beans-canned-pasta;56;1.9;11.1;4.0;0.3;0;0.6;0.4;
heinz-fajita-beanz-390g;Heinz Fajita Beanz 390g;£1.00/unit;£2.56/kg;Canned, tinned & packaged foods;baked-beans-canned-pasta;79;4.0;11.7;1.8;0.8;0.1;4.5;0.5;
heinz-fajita-beanz-390g;Heinz Fajita Beanz 390g;£1.00/unit;£2.56/kg;Canned, tinned & packaged foods;pulses-beans;79;4.0;11.7;1.8;0.8;0.1;4.5;0.5;
heinz-fajita-beanz-390g;Heinz Fajita Beanz 390g;£1.00/unit;£2.56/kg;Cooking sauces & world foods;mexican-cooking-sauces;79;4.0;11.7;1.8;0.8;0.1;4.5;0.5;
heinz-farmhouse-beef-broth-400g;Heinz Farmhouse Beef Broth 400g;£0.95/unit;£0.24/100g;Canned, tinned & packaged foods;soups;43;1.5;7.6;1.4;0.5;0.2;0.8;0.6;
heinz-firecracker-sauce-220ml;Heinz Firecracker Sauce 220ml;£1.50/unit;£0.68/100ml;Table sauces, dressings & condiments;tomato-ketchup-brown-bbq-other-sauces;116;1.0;25.3;22.0;0.9;0;1.5;1.4;
heinz-five-beans-415g;Heinz Five Beans 415g;£0.85/unit;£2.05/kg;Canned, tinned & packaged foods;baked-beans-canned-pasta;87;5.4;13.6;4.7;0.2;0;4.3;0.6;
heinz-five-beans-x3-415g;Heinz Five Beans 3x415g;£2.60/unit;£2.09/kg;Canned, tinned & packaged foods;baked-beans-canned-pasta;87;5.4;13.6;4.7;0.2;0;4.3;0.6;
heinz-five-beanz-snap-pots-4x200g;Heinz Five Beanz Snap Pots 4x200g;£2.40/unit;£3.00/kg;Canned, tinned & packaged foods;baked-beans-canned-pasta;88;5.0;14.1;4.7;0.2;0;4.4;0.6;
heinz-flamin-cajun-sauce-220ml;Heinz Flamin Cajun Sauce 220ml;£1.50/unit;£0.68/100ml;Table sauces, dressings & condiments;tomato-ketchup-brown-bbq-other-sauces;515;1.5;7.2;4.2;53.2;3.9;0.7;1.6;
heinz-garlic-sauce-225g;Heinz Garlic Sauce 225g;£1.50/unit;£0.67/100g;Table sauces, dressings & condiments;tomato-ketchup-brown-bbq-other-sauces;398;2.2;15.0;11.0;36.0;3.3;0.3;1.5;
heinz-hello-kitty-pasta-shapes-205g;Heinz Hello Kitty Pasta Shapes 205g;£0.55/unit;£2.68/kg;Canned, tinned & packaged foods;baked-beans-canned-pasta;55;1.8;11.0;4.0;0.3;0;0.6;0.4;
heinz-horseradish-sauce-220ml;Heinz Horseradish Sauce 220ml;£1.40/unit;£0.64/100ml;Table sauces, dressings & condiments;condiments;231;0.7;16.0;9.8;17.7;1.9;null;1.8;
heinz-hot---zingy-peri-peri-sauce-220ml;Heinz Hot & Zingy Peri Peri Sauce 220ml;£1.50/unit;£0.68/100g;Table sauces, dressings & condiments;tomato-ketchup-brown-bbq-other-sauces;70;0.5;8.3;4.5;3.1;0.4;null;1.3;
heinz-lentil---bacon-soup-400g;Heinz Lentil & Bacon Soup 400g;£0.95/unit;£0.24/100g;Canned, tinned & packaged foods;soups;58;2.7;8.4;1.1;1.4;0.4;0.7;0.6;
heinz-lentil-with-indian-spices-soup-400g;Heinz Lentil with Indian Spices Soup 400g;£1.50/unit;£0.38/100g;Canned, tinned & packaged foods;soups;48;2.1;8.2;1.8;0.5;0.1;1.2;0.6;
heinz-light-salad-cream-290g;Heinz Light Salad Cream 290g;£1.60/unit;£0.55/100g;Table sauces, dressings & condiments;salad-cream-mayonnaise;236;1.7;14.2;10.5;18.5;1.6;0.3;1.7;
heinz-light-salad-cream-460g;Heinz Light Salad Cream 460g;£2.25/unit;£0.49/100g;Table sauces, dressings & condiments;salad-cream-mayonnaise;236;1.7;14.2;10.5;18.5;1.6;0.3;1.7;
heinz-light-salad-cream-600g;Heinz Light Salad Cream 600g;£2.60/unit;£0.43/100g;Table sauces, dressings & condiments;salad-cream-mayonnaise;218;1.4;15.3;10.1;16.3;1.4;null;1.7;
heinz-limited-edition-cream-of-tomato-soup-with-a-hint-of-basil-400g;Heinz Limited Edition Cream Of Tomato Soup With A Hint Of Basil 400g;£0.95/unit;£0.24/100g;Canned, tinned & packaged foods;soups;59;0.9;6.8;5.0;3.0;0.2;0.4;0.6;
heinz-lively---fruity-hot-pepper-220ml;Heinz Lively & Fruity Hot Pepper 220ml;£1.50/unit;£0.68/100g;Table sauces, dressings & condiments;tomato-ketchup-brown-bbq-other-sauces;39;0.5;6.5;3.0;0.2;0;null;1.5;
heinz-macaroni-cheese-200g;Heinz Macaroni Cheese 200g;£0.70/unit;£3.50/kg;Canned, tinned & packaged foods;baked-beans-canned-pasta;88;3.9;11.2;1.5;2.9;1.1;0.3;0.7;
heinz-macaroni-cheese-400g;Heinz Macaroni Cheese 400g;£0.95/unit;£2.38/kg;Canned, tinned & packaged foods;baked-beans-canned-pasta;null;null;null;null;null;null;null;null;
heinz-madagascar-pasta-shapes-205g;Heinz Madagascar Pasta Shapes 205g;£0.55/unit;£2.68/kg;Canned, tinned & packaged foods;baked-beans-canned-pasta;55;1.8;10.8;4.0;0.3;0;0.6;0.4;
heinz-minestrone-soup-400g;Heinz Minestrone Soup 400g;£0.95/unit;£0.24/100g;Canned, tinned & packaged foods;soups;32;1.0;6.2;1.8;0.2;0;0.8;0.6;
heinz-mini-meal-tomato---vegetable-shells-200g;Heinz Mini Meal Tomato & Vegetable Shells 200g;£0.70/unit;£3.50/kg;Canned, tinned & packaged foods;baked-beans-canned-pasta;65;2.2;12.7;3.1;0.3;0.1;0.9;0.3;
heinz-mini-meals-beans---pork-sausages-200g;Heinz Mini Meals Beans & Pork Sausages 200g;£0.70/unit;£3.50/kg;Canned, tinned & packaged foods;baked-beans-canned-pasta;96;5.0;12.7;6.0;2.2;0.8;3.0;0.7;
heinz-mini-meals-carbonara-200g;Heinz Mini Meals Carbonara 200g;£0.70/unit;£3.50/kg;Canned, tinned & packaged foods;baked-beans-canned-pasta;65;3.9;9.0;1.4;1.4;0.5;0.5;0.6;
heinz-mini-meals-chicken---sweet-corn-pssta-200g;Heinz Mini Meals Chicken & Sweetcorn Pasta 200g;£0.70/unit;£3.50/kg;Canned, tinned & packaged foods;baked-beans-canned-pasta;80;3.5;11.9;1.7;1.9;0.3;0.4;0.6;
heinz-mint-sauce-220ml;Heinz Mint Sauce 220ml;£1.40/unit;£0.64/100ml;Table sauces, dressings & condiments;condiments;81;1.5;16.4;14.8;1.0;0.1;null;1.6;
heinz-moshi-monsters-pasta-shapes-205g;Heinz Moshi Monsters Pasta Shapes 205g;£0.55/unit;£2.68/kg;Canned, tinned & packaged foods;baked-beans-canned-pasta;56;1.9;11.1;4.0;0.3;0;0.6;0.4;
heinz-mulligatawny-soup-400g;Heinz Mulligatawny Soup 400g;£0.95/unit;£0.24/100g;Canned, tinned & packaged foods;soups;55;1.9;7.6;4.1;1.8;0.3;0.5;0.6;
heinz-numberetti-shapes-200g;Heinz Numberetti Shapes 200g;£0.55/unit;£2.75/kg;Canned, tinned & packaged foods;baked-beans-canned-pasta;null;null;null;null;null;null;null;null;
heinz-organic-ketchup-580g;Heinz Organic Ketchup 580g;£2.60/unit;£0.45/100g;Table sauces, dressings & condiments;tomato-ketchup-brown-bbq-other-sauces;119;1.2;27.3;27.0;0;0;0.7;2.2;
heinz-organic-tomato-soup-400g;Heinz Organic Tomato Soup 400g;£1.30/unit;£0.33/100g;Canned, tinned & packaged foods;soups;56;1.0;7.0;4.9;2.6;0.9;0.4;0.6;
heinz-oxtail-soup-290g;Heinz Oxtail Soup 290g;£0.85/unit;£0.29/100g;Canned, tinned & packaged foods;soups;41;1.9;7.0;2.0;0.5;0.2;0.3;0.6;
heinz-oxtail-soup-400g;Heinz Oxtail Soup 400g;£0.95/unit;£0.24/100g;Canned, tinned & packaged foods;soups;39;1.9;6.7;1.8;0.5;0.2;0.3;0.6;
heinz-peppa-pig-pasta-shapes-205g;Heinz Peppa Pig Pasta Shapes 205g;£0.55/unit;£2.68/kg;Canned, tinned & packaged foods;baked-beans-canned-pasta;56;1.9;11.1;4.0;0.3;0;0.6;0.4;
heinz-piccalilli-pickle-275g;Heinz Piccalilli Pickle 275g;£1.10/unit;£0.40/100g;Table sauces, dressings & condiments;chutney-pickle-relishes;99;1.1;20.4;16.9;0.5;0;0.1;2.3;
heinz-piccalilli-pickle-275g;Heinz Piccalilli Pickle 275g;£1.10/unit;£0.40/100g;Vinegar, pickles, olives & antipasti;chutneys-pickle-relishes;99;1.1;20.4;16.9;0.5;0;0.1;2.3;
heinz-ploughmans-pickle-280g;Heinz Ploughmans Pickle 280g;£1.00/unit;£0.36/100g;Table sauces, dressings & condiments;chutney-pickle-relishes;99;0.6;22.7;19.9;0;0;1.1;2.1;
heinz-ploughmans-pickle-280g;Heinz Ploughmans Pickle 280g;£1.00/unit;£0.36/100g;Vinegar, pickles, olives & antipasti;chutneys-pickle-relishes;99;0.6;22.7;19.9;0;0;1.1;2.1;
heinz-ravioli-in-tomato-sauce-200g;Heinz Ravioli In Tomato Sauce 200g;£0.70/unit;£3.50/kg;Canned, tinned & packaged foods;baked-beans-canned-pasta;null;null;null;null;null;null;null;null;
heinz-ravioli-in-tomato-sauce-400g;Heinz Ravioli In Tomato Sauce 400g;£0.95/unit;£2.38/kg;Canned, tinned & packaged foods;baked-beans-canned-pasta;74;2.5;12.0;3.1;1.6;0.7;0.8;0.6;
heinz-reduced-salt---sugar-baked-beans-200g;Heinz Reduced Salt & Sugar Baked Beans 200g;£0.55/unit;£2.75/kg;Canned, tinned & packaged foods;baked-beans-canned-pasta;70;4.6;10.8;3.4;0.2;0;3.6;0.4;
heinz-reduced-salt---sugar-baked-beans-415g;Heinz Reduced Salt & Sugar Baked Beans 415g;£0.70/unit;£1.69/kg;Canned, tinned & packaged foods;baked-beans-canned-pasta;70;4.6;10.7;3.2;0.2;0;3.6;0.4;
heinz-reduced-sugar---salt-baked-beans-4x415g;Heinz Reduced Sugar & Salt Baked Beans 4x415g;£2.60/unit;£1.57/kg;Canned, tinned & packaged foods;baked-beans-canned-pasta;70;4.6;10.7;3.4;0.2;0;3.6;0.4;
heinz-reduced-sugar---salt-baked-beans-snap-pots-4x200g;Heinz Reduced Sugar & Salt Baked Beans Snap Pots 4x200g;£2.40/unit;£3.00/kg;Canned, tinned & packaged foods;baked-beans-canned-pasta;73;4.7;11.4;3.3;0.2;0;3.7;0.4;
heinz-rich-beef-broth-with-smokey-paprika-400g;Heinz Rich Beef Broth with Smokey Paprika 400g;£1.50/unit;£0.38/100g;Canned, tinned & packaged foods;soups;41;1.8;6.9;1.8;0.5;0.2;0.7;0.6;
heinz-salad-cream--light--squeezable-bottle-420g;Heinz Salad Cream, Light, Squeezable Bottle 420g;£1.90/unit;£0.45/100g;Table sauces, dressings & condiments;salad-cream-mayonnaise;236;1.7;14.2;10.5;18.5;1.6;0.3;1.7;
heinz-salad-cream--squeezable-bottle-425g;Heinz Salad Cream, Squeezable Bottle 425g;£1.90/unit;£0.45/100g;Table sauces, dressings & condiments;salad-cream-mayonnaise;336;1.6;20.4;17.5;27.0;2.0;0.3;1.7;
heinz-salad-cream-285g;Heinz Salad Cream 285g;£1.30/unit;£0.46/100g;Table sauces, dressings & condiments;salad-cream-mayonnaise;336;1.6;20.4;17.5;27.0;2.0;0.3;1.7;
heinz-salad-cream-295g;Heinz Salad Cream 295g;£1.60/unit;£0.54/100g;Table sauces, dressings & condiments;salad-cream-mayonnaise;336;1.6;20.4;17.5;27.0;2.0;0.3;1.7;
heinz-salad-cream-460g;Heinz Salad Cream 460g;£2.25/unit;£0.49/100g;Table sauces, dressings & condiments;salad-cream-mayonnaise;336;1.6;20.4;17.5;27.0;2.0;0.3;1.7;
heinz-salad-cream-600g;Heinz Salad Cream 600g;£2.60/unit;£0.43/100g;Table sauces, dressings & condiments;salad-cream-mayonnaise;293;1.3;18.5;17.0;23.8;1.8;null;1.7;
heinz-sandwich-spread-270g;Heinz Sandwich Spread 270g;£1.30/unit;£0.48/100g;Jams, honey & spreads;savoury-pastes;220;0.9;23.9;21.3;13.1;1.0;0.6;2.1;
heinz-spaghetti---sausages-200g;Heinz Spaghetti & Sausages 200g;£0.70/unit;£3.50/kg;Canned, tinned & packaged foods;baked-beans-canned-pasta;null;null;null;null;null;null;null;null;
heinz-spaghetti---sausages-400g;Heinz Spaghetti & Sausages 400g;£0.95/unit;£2.38/kg;Canned, tinned & packaged foods;baked-beans-canned-pasta;null;null;null;null;null;null;null;null;
heinz-spaghetti-bolognese-200g;Heinz Spaghetti Bolognese 200g;£0.70/unit;£3.50/kg;Canned, tinned & packaged foods;baked-beans-canned-pasta;null;null;null;null;null;null;null;null;
heinz-spaghetti-bolognese-400g;Heinz Spaghetti Bolognese 400g;£0.95/unit;£2.38/kg;Canned, tinned & packaged foods;baked-beans-canned-pasta;null;null;null;null;null;null;null;null;
heinz-spaghetti-hoops-in-tomato-sauce-205g;Heinz Spaghetti Hoops In Tomato Sauce 205g;£0.55/unit;£2.68/kg;Canned, tinned & packaged foods;baked-beans-canned-pasta;53;1.7;10.8;3.8;0.2;0;0.5;0.4;
heinz-spaghetti-hoops-in-tomato-sauce-400g;Heinz Spaghetti Hoops In Tomato Sauce 400g;£0.70/unit;£1.75/kg;Canned, tinned & packaged foods;baked-beans-canned-pasta;53;1.7;10.9;3.8;0.2;0;0.5;0.4;
heinz-spaghetti-hoops-in-tomato-sauce-x3-205g;Heinz Spaghetti Hoops In Tomato Sauce x3 205g;£1.50/unit;£2.44/kg;Canned, tinned & packaged foods;baked-beans-canned-pasta;null;null;null;null;null;null;null;null;
heinz-spaghetti-hoops-snap-pots-4x190g;Heinz Spaghetti Hoops Snap Pots 4x190g;£2.40/unit;£3.16/kg;Canned, tinned & packaged foods;baked-beans-canned-pasta;null;null;null;null;null;null;null;null;
heinz-spaghetti-in-tomato-sauce-200g;Heinz Spaghetti In Tomato Sauce 200g;£0.55/unit;£2.75/kg;Canned, tinned & packaged foods;baked-beans-canned-pasta;62;1.7;13.0;3.6;0.2;0;0.5;0.3;
heinz-spaghetti-in-tomato-sauce-400g;Heinz Spaghetti In Tomato Sauce 400g;£0.70/unit;£1.75/kg;Canned, tinned & packaged foods;baked-beans-canned-pasta;60;1.7;12.6;3.7;0.2;0;0.5;0.3;
heinz-spaghetti-in-tomato-sauce-4x400g;Heinz Spaghetti In Tomato Sauce 4x400g;£2.60/unit;£1.63/kg;Canned, tinned & packaged foods;baked-beans-canned-pasta;null;1.7;12.6;3.7;0.2;0;0.5;0.3;
heinz-speciality-tangy-sandwich-pickle-280g;Heinz Speciality Tangy Sandwich Pickle 280g;£1.00/unit;£0.36/100g;Table sauces, dressings & condiments;chutney-pickle-relishes;130;0.5;31.0;27.3;0;0;1.1;2.1;
heinz-speciality-tangy-sandwich-pickle-280g;Heinz Speciality Tangy Sandwich Pickle 280g;£1.00/unit;£0.36/100g;Vinegar, pickles, olives & antipasti;chutneys-pickle-relishes;130;0.5;31.0;27.3;0;0;1.1;2.1;
heinz-squeezy-tomato-ketchup-135kg;Heinz Squeezy Tomato Ketchup 1.35kg;£3.50/unit;£0.26/100g;Table sauces, dressings & condiments;tomato-ketchup-brown-bbq-other-sauces;103;0.9;24.1;23.7;0.1;0;0.7;2.2;
heinz-squeezy-tomato-ketchup-342g;Heinz Squeezy Tomato Ketchup 342g;£1.30/unit;£0.38/100g;Table sauces, dressings & condiments;tomato-ketchup-brown-bbq-other-sauces;103;0.9;24.1;23.7;0.1;0;0.7;2.2;
heinz-sticky-barbecue-sauce-500g;Heinz Sticky Barbecue Sauce 500g;£1.50/unit;£0.30/100g;Table sauces, dressings & condiments;tomato-ketchup-brown-bbq-other-sauces;172;0.8;41.0;39.2;0.1;0;1.3;1.1;
heinz-sweet---sour-chicken---vegetable-soup-70g;Heinz Squeeze & Stir Chicken & Vegetable Instant Soup 70g;£0.70/unit;£1.00/100g;Canned, tinned & packaged foods;soups;45;1.0;4.4;0.7;2.6;1.5;0.1;0.6;
heinz-sweet-chilli-tomato-pickle-280g;Heinz Sweet Chilli Tomato Pickle 280g;£1.00/unit;£0.36/100g;Table sauces, dressings & condiments;chutney-pickle-relishes;127;1.0;30.2;28.2;0.1;0;0.6;1.5;
heinz-sweet-chilli-tomato-pickle-280g;Heinz Sweet Chilli Tomato Pickle 280g;£1.00/unit;£0.36/100g;Vinegar, pickles, olives & antipasti;chutneys-pickle-relishes;127;1.0;30.2;28.2;0.1;0;0.6;1.5;
heinz-tartare-sauce-220ml;Heinz Tartare Sauce 220ml;£1.40/unit;£0.64/100ml;Table sauces, dressings & condiments;condiments;312;0.9;13.4;10.8;28.3;2.1;0.1;2.2;
heinz-teenage-mutant-ninja-turtles-pasta-shapes-in-tomato-sauce-205g;Heinz Teenage Mutant Ninja Turtles Pasta Shapes in Tomato Sauce 205g;£0.45/unit;£2.20/kg;Canned, tinned & packaged foods;baked-beans-canned-pasta;56;1.8;11.1;4.3;0.3;0;0.6;0.4;
heinz-thomas-the-tank-engine-pasta-shapes-in-tomato-sauce-205g;Heinz Thomas The Tank Engine Pasta Shapes In Tomato Sauce 205g;£0.55/unit;£2.68/kg;Canned, tinned & packaged foods;baked-beans-canned-pasta;58;1.9;11.4;4.0;0.3;0;0.6;0.4;
heinz-tomato-instant-soup-70g;Heinz Squeeze & Stir Tomato Instant Soup 70g;£0.70/unit;£1.00/100g;Canned, tinned & packaged foods;soups;58;0.9;6.8;6.0;2.9;0.2;0.4;null;
heinz-tomato-ketchup--top-down-570g;Heinz Tomato Ketchup, Top Down 570g;£1.95/unit;£0.34/100g;Table sauces, dressings & condiments;tomato-ketchup-brown-bbq-other-sauces;102;1.2;23.2;22.8;0.1;0;null;1.8;
heinz-tomato-ketchup-342g;Heinz Tomato Ketchup 342g;£1.30/unit;£0.38/100g;Table sauces, dressings & condiments;tomato-ketchup-brown-bbq-other-sauces;103;0.9;24.1;23.7;0.1;0;0.7;2.2;
heinz-tomato-ketchup-fiery-chilli-255g;Heinz Tomato Ketchup Fiery Chilli 255g;£1.10/unit;£0.43/100g;Table sauces, dressings & condiments;tomato-ketchup-brown-bbq-other-sauces;117;1.3;26.0;23.5;0.3;0;2.0;1.8;
heinz-tomato-ketchup-sweet-chilli-260g;Heinz Tomato Ketchup Sweet Chilli 260g;£1.30/unit;£0.59/100ml;Table sauces, dressings & condiments;tomato-ketchup-brown-bbq-other-sauces;133;1.3;29.8;28.9;0.2;0;null;1.8;
heinz-tomato-ketchup-top-down-700g;Heinz Tomato Ketchup Top Down 700g;£2.40/unit;£0.34/100g;Table sauces, dressings & condiments;tomato-ketchup-brown-bbq-other-sauces;102;1.2;23.2;22.8;0.1;0;null;1.8;
heinz-tomato-with-chilli-soup-400g;Heinz Tomato With Chilli Soup 400g;£1.50/unit;£0.38/100g;Canned, tinned & packaged foods;soups;58;0.9;6.6;4.8;3.0;0.2;0.4;0.6;
heinz-top-down-ketchup-460g;Heinz Top Down Ketchup 460g;£1.85/unit;£0.40/100g;Table sauces, dressings & condiments;tomato-ketchup-brown-bbq-other-sauces;103;0.9;24.1;23.7;0.1;0;0.7;2.2;
heinz-tuscan-beanz-390g;Heinz Tuscan Beanz 390g;£1.00/unit;£2.56/kg;Canned, tinned & packaged foods;baked-beans-canned-pasta;91;4.9;12.0;2.5;1.7;0.2;4.1;0.6;
heinz-tuscan-beanz-390g;Heinz Tuscan Beanz 390g;£1.00/unit;£2.56/kg;Canned, tinned & packaged foods;pulses-beans;91;4.9;12.0;2.5;1.7;0.2;4.1;0.6;
heinz-vegetable-chilli-beanz-390g;Heinz Vegetable Chilli Beanz 390g;£1.00/unit;£2.56/kg;Canned, tinned & packaged foods;baked-beans-canned-pasta;80;4.7;11.5;2.4;0.9;0.1;3.7;0.5;
heinz-vegetable-chilli-beanz-390g;Heinz Vegetable Chilli Beanz 390g;£1.00/unit;£2.56/kg;Canned, tinned & packaged foods;pulses-beans;80;4.7;11.5;2.4;0.9;0.1;3.7;0.5;
heinz-vegetable-chilli-beanz-390g;Heinz Vegetable Chilli Beanz 390g;£1.00/unit;£2.56/kg;Cooking sauces & world foods;mexican-cooking-sauces;80;4.7;11.5;2.4;0.9;0.1;3.7;0.5;
heinz-vegetable-cup-soup-x4-76g;Heinz Vegetable Cup Soup x4 76g;£1.00/unit;£1.32/100g;Canned, tinned & packaged foods;soups;null;null;null;null;null;null;null;null;
heinz-vegetable-soup-300g;Heinz Vegetable Soup 300g;£0.85/unit;£0.28/100g;Canned, tinned & packaged foods;soups;45;1.1;8.1;3.2;0.7;0.1;0.9;0.6;
heinz-vegetable-soup-400g;Heinz Vegetable Soup 400g;£0.95/unit;£0.24/100g;Canned, tinned & packaged foods;soups;47;1.1;8.3;3.2;0.8;0.1;0.9;0.7;
heinz-weight-watchers--mediterranean-vegetable-soup-295g;Heinz Weight Watchers, Mediterranean Vegetable Soup 295g;£0.85/unit;£0.29/100g;Canned, tinned & packaged foods;soups;34;0.4;6.9;3.7;0.5;0;0.4;0.5;
heinz-weight-watchers-chicken--potato---leek-soup-295g;Heinz Weight Watchers Chicken, Potato & Leek Soup 295g;£0.85/unit;£0.29/100g;Canned, tinned & packaged foods;soups;33;1.1;5.1;0.4;0.8;0.1;0.3;0.6;
heinz-weight-watchers-chicken-noodle-soup-295g;Heinz Weight Watchers Chicken Noodle Soup 295g;£0.85/unit;£0.29/100g;Canned, tinned & packaged foods;soups;17;0.8;3.1;0.4;0.2;0;0.2;0.6;
heinz-weight-watchers-chicken-soup-295g;Heinz Weight Watchers Chicken Soup 295g;£0.85/unit;£0.29/100g;Canned, tinned & packaged foods;soups;31;1.6;4.5;1.5;0.8;0.1;0;0.7;
heinz-weight-watchers-lentil---carrot-soup-295g;Heinz Weight Watchers Lentil & Carrot Soup 295g;£0.85/unit;£0.29/100g;Canned, tinned & packaged foods;soups;29;1.3;5.5;1.6;0.1;0;0.7;0.6;
heinz-weight-watchers-spaghetti-in-tomato-sauce-200g;Heinz Weight Watchers Spaghetti In Tomato Sauce 200g;£0.55/unit;£2.75/kg;Canned, tinned & packaged foods;baked-beans-canned-pasta;50;1.8;10.0;1.2;0.2;0;0.5;0.4;
heinz-weight-watchers-tomato---basil-soup-295g;Heinz Weight Watchers Tomato & Basil Soup 295g;£0.85/unit;£0.29/100g;Canned, tinned & packaged foods;soups;26;0.6;4.4;4.1;0.6;0.1;0.5;0.5;
heinz-weight-watchers-tomato-soup-295g;Heinz Weight Watchers Tomato Soup 295g;£0.85/unit;£0.29/100g;Canned, tinned & packaged foods;soups;26;0.7;4.6;2.8;0.5;0;0.3;0.6;
heinz-weight-watchers-vegetable-broth-295g;Heinz Weight Watchers Vegetable Broth 295g;£0.85/unit;£0.29/100g;Canned, tinned & packaged foods;soups;46;2.0;8.2;1.6;0.2;0;1.4;0.5;
heinz-wholesoup-lentil-soup-400g;Heinz Lentil Soup 400g;£0.95/unit;£0.24/100g;Canned, tinned & packaged foods;soups;48;2.3;8.7;1.4;0.2;0;0.8;0.6;
helen-browning-smoked-back-bacon-184g;Helen Browning's Organic Smoked Back Bacon 184g;£3.30/unit;£17.93/kg;Bacon & gammon;bacon;null;null;null;null;null;null;null;null;
helen-browning-smoked-back-bacon-184g;Helen Browning's Organic Smoked Back Bacon 184g;£3.30/unit;£17.93/kg;Organic & Taste the Difference;organic-taste-the-difference;null;null;null;null;null;null;null;null;
helen-brownings-totally-speedy-sausages--organic-200g;Helen Browning's Organic Speedy Sausages x12 200g;£3.30/unit;£16.50/kg;Organic & Taste the Difference;organic-taste-the-difference;284;17;0.6;null;23;null;null;1.75;
helen-brownings-totally-speedy-sausages--organic-200g;Helen Browning's Organic Speedy Sausages x12 200g;£3.30/unit;£16.50/kg;Sausages;sausages;284;17;0.6;null;23;null;null;1.75;
helens-dessert-crumble-mix-200g;Helen's Gluten Free Dessert Crumble Mix 200g;£1.99/unit;£9.95/kg;Sugar & home baking;cake-sweet-mixes;456;6.2;59.4;15.5;20.8;11.9;3.3;0.4;
hellmanns-1000-island-dressing-235ml;Hellmann's Thousand Island Dressing 235ml;£1.50/unit;£0.64/100ml;Table sauces, dressings & condiments;salad-dressings;238;1;14;12;20;3;null;1.8;
hellmanns-balsamic-salad-dressing-235ml;Hellmann's Balsamic Vinaigrette 235ml;£1.50/unit;£0.64/100ml;Table sauces, dressings & condiments;salad-dressings;75;0.5;11;11;2.7;0.4;null;1.6;
hellmanns-caesar-salad-dressing-235ml;Hellmann's Caesar Dressing 235ml;£1.50/unit;£0.64/100ml;Table sauces, dressings & condiments;salad-dressings;326;2.5;3.8;2.2;33;4.7;null;1.6;
hellmanns-extra-light-mayonnaise-430ml;Hellmann's Lighter than Light Squeezy Mayonnaise 430ml;£2.50/unit;£0.58/100ml;Table sauces, dressings & condiments;salad-cream-mayonnaise;70;0.7;10;4.1;2.9;0.7;null;1.7;
hellmanns-extra-light-mayonnaise-600g;Hellmann's Lighter than Light Mayonnaise 600g;£2.00/unit;£0.34/100g;Table sauces, dressings & condiments;salad-cream-mayonnaise;70;0.7;10;4.1;2.9;0.7;null;1.7;
hellmanns-fat-free-vinaigrette-235ml;Hellmann's Fat Free Vinaigrette 235ml;£1.50/unit;£0.64/100ml;Table sauces, dressings & condiments;salad-dressings;48;0.5;11;11;0.5;0.1;null;0.85;
hellmanns-french-dressing-235ml;Hellmann's French Dressing 235ml;£1.50/unit;£0.64/100ml;Table sauces, dressings & condiments;salad-dressings;280;0.9;9.2;6.9;26;2.1;null;1.8;
hellmanns-garlic---herb-dressing-235ml;Hellmann's Garlic & Herb Dressing 235ml;£1.50/unit;£0.64/100ml;Table sauces, dressings & condiments;salad-dressings;205;2.5;9.6;8;17;3.9;null;1.7;
hellmanns-honey---mustard-dressing-235ml;Hellmann's Honey & Mustard Dressing 235ml;£1.50/unit;£0.64/100ml;Table sauces, dressings & condiments;salad-dressings;186;0.8;15;11;14;1.6;null;1.6;
hellmanns-light-mayonnaise-250ml;Hellmann's Light Squeezy Mayonnaise 250ml;£1.70/unit;£0.68/100ml;Table sauces, dressings & condiments;salad-cream-mayonnaise;270;0.5;6.0;2.5;26.0;2.5;null;1.7;
hellmanns-light-mayonnaise-400g;Hellmann's Light Mayonnaise 400g;£2.00/unit;£0.50/100g;Table sauces, dressings & condiments;salad-cream-mayonnaise;265;0.5;5.9;2.3;26;2.6;null;1.7;
hellmanns-light-mayonnaise-430ml;Hellmann's Light Squeezy Mayonnaise 430ml;£2.50/unit;£0.58/100ml;Table sauces, dressings & condiments;salad-cream-mayonnaise;270;0.5;6.0;2.5;26.0;2.5;null;1.7;
hellmanns-light-mayonnaise-600g;Hellmann's Light Mayonnaise 600g;£2.00/unit;£0.34/100g;Table sauces, dressings & condiments;salad-cream-mayonnaise;265;0.5;5.9;2.3;26;2.6;null;1.7;
hellmanns-light-mayonnaise-800g;Hellmann's Light Mayonnaise 800g;£3.00/unit;£0.38/100g;Table sauces, dressings & condiments;salad-cream-mayonnaise;265;0.5;5.9;2.3;26;2.6;null;1.7;
hellmanns-light-squeezy-mayonnaise-750ml;Hellmann's Light Squeezy Mayonnaise 750ml;£4.00/unit;£0.53/100ml;Table sauces, dressings & condiments;salad-cream-mayonnaise;270;0.5;6.0;2.5;26.0;2.5;null;1.7;
hellmanns-mayo-squeezy--black-pepper-250ml;Hellmann's Pepper Squeezy Mayonnaise 250ml;£1.70/unit;£0.68/100ml;Table sauces, dressings & condiments;salad-cream-mayonnaise;270;0.8;8.0;4.0;27.0;2.5;null;1.4;
hellmanns-mayo-with-a-pinch-mustard-250ml;Hellmann's Mustard Squeezy Mayonnaise 250ml;£1.70/unit;£0.68/100ml;Table sauces, dressings & condiments;salad-cream-mayonnaise;278;1.3;6.4;2.5;27;2.8;null;1.8;
hellmanns-mayo-with-a-spark-chilli-250ml;Hellmann's Chilli Squeezy Mayonnaise 250ml;£1.70/unit;£0.68/100ml;Table sauces, dressings & condiments;salad-cream-mayonnaise;275;0.8;7.5;3.4;27;2.6;null;1.9;
hellmanns-mayo-with-a-touch-garlic-250ml;Hellmann's Garlic Squeezy Mayonnaise 250ml;£1.70/unit;£0.68/100ml;Table sauces, dressings & condiments;salad-cream-mayonnaise;267;0.7;6.7;2.2;27;2.7;null;1.7;
hellmanns-mayo-with-a-zing-of-lemon-250ml;Hellmann's Lemon Squeezy Mayonnaise 250ml;£1.70/unit;£0.68/100ml;Table sauces, dressings & condiments;salad-cream-mayonnaise;270;0.7;6.2;2.3;27;2.6;null;1.7;
hellmanns-mayonnaise--caramelised-onion-250ml;Hellmann's Caramelised Onion Squeezy Mayonnaise 250ml;£1.70/unit;£0.68/100ml;Table sauces, dressings & condiments;salad-cream-mayonnaise;274;0.9;8.4;4;27;2.6;null;1.4;
hellmanns-mayonnaise-sqzy-250ml;Hellmann's Real Squeezy Mayonnaise 250ml;£1.70/unit;£0.68/100ml;Table sauces, dressings & condiments;salad-cream-mayonnaise;722;1.1;1.5;1.3;79.1;6.6;0;1.5;
hellmanns-real-mayonnaise--squeezy-430ml;Hellmann's Real Squeezy Mayonnaise 430ml;£2.50/unit;£0.58/100ml;Table sauces, dressings & condiments;salad-cream-mayonnaise;668;1.0;1.4;1.2;73.2;6.1;0;1.5;
hellmanns-real-mayonnaise-200g;Hellmann's Real Mayonnaise 200g;£1.50/unit;£0.75/100g;Table sauces, dressings & condiments;salad-cream-mayonnaise;721;1.1;1.3;1.3;79;6.2;null;1.5;
hellmanns-real-mayonnaise-400g;Hellmann's Real Mayonnaise 400g;£2.00/unit;£0.50/100g;Table sauces, dressings & condiments;salad-cream-mayonnaise;721;1.1;1.3;1.3;79;6.2;null;1.5;
hellmanns-real-mayonnaise-600g;Hellmann's Real Mayonnaise 600g;£2.00/unit;£0.34/100g;Table sauces, dressings & condiments;salad-cream-mayonnaise;721;1.1;1.3;1.3;79;6.2;null;1.5;
hellmanns-real-mayonnaise-800g;Hellmann's Real Mayonnaise 800g;£3.00/unit;£0.38/100g;Table sauces, dressings & condiments;salad-cream-mayonnaise;721;1.1;1.3;1.3;79;6.2;null;1.5;
hellmanns-real-squeezy-mayonnaise-750ml;Hellmann's Real Squeezy Mayonnaise 750ml;£4.00/unit;£0.53/100ml;Table sauces, dressings & condiments;salad-cream-mayonnaise;720;1.0;1.5;1.5;79.0;6.0;null;1.5;
hellmanns-salad-cream-squeezy-430ml;Hellmann's Salad Cream 430ml;£1.60/unit;£0.37/100ml;Table sauces, dressings & condiments;salad-cream-mayonnaise;292;0.7;15;13;26;2.1;null;1.8;
hellmanns-squeezy-ketchup-430ml;Hellmann's Tomato Ketchup 430ml;£1.60/unit;£0.37/100ml;Table sauces, dressings & condiments;tomato-ketchup-brown-bbq-other-sauces;84;1.1;19;19;0.5;0.1;null;1.7;
hellmanns-tomato-ketchup--squeezy-750ml;Hellmann's Tomato Ketchup 750ml;£2.00/unit;£0.27/100ml;Table sauces, dressings & condiments;tomato-ketchup-brown-bbq-other-sauces;84;1.1;19;19;0.5;0.1;null;1.7;
hellmans-extra-light-mayonnaise-400g;Hellmann's Lighter than Light Mayonnaise 400g;£2.00/unit;£0.50/100g;Table sauces, dressings & condiments;salad-cream-mayonnaise;70;0.7;10;4.1;2.9;0.7;null;1.7;
hellmans-light-mayonnaise-200g;Hellmann's Light Mayonnaise 200g;£1.50/unit;£0.75/100g;Table sauces, dressings & condiments;salad-cream-mayonnaise;265;0.5;5.9;2.3;26;2.6;null;1.7;
hello-kitty-celebration-cake;Hello Kitty Celebration Cake;£10.00/unit;£9.63/kg;Celebration cakes;celebration-cakes;409;2.0;71.5;61.4;12.6;3.1;null;0.32;
hello-kitty-on-the-move-set---egg-45g;Hello Kitty On The Move Set & Egg 45g;£5.00/unit;£11.11/100g;Confectionery;easter-eggs;525;5.4;60.6;59.7;28.6;17.1;null;0.28;
hengstenberg-sauerkraut-680g-%28650g*%29;Hengstenberg Sauerkraut 680g (650g*);£1.60/unit;£0.25/100g;Vinegar, pickles, olives & antipasti;pickled-food;22;15;19;17;01;01;null;11;
hermesetas-artificial-sweetener-tablets-300s;Hermesetas Artificial Sweetener Tablets 300s;£1.00/unit;£0.04/10tblt;Sugar & home baking;sugar-sweeteners;null;null;null;null;null;null;null;null;
hermesetas-artificial-sweetener-tablets-dispenser-1200s;Hermesetas Artificial Sweetener Tablets Dispenser 1200s;£2.00/unit;£0.02/10tblt;Sugar & home baking;sugar-sweeteners;null;null;null;null;null;null;null;null;
hermesetas-granulated-sweetener-90g;Hermesetas Granulated Sweetener 90g;£1.50/unit;£16.67/kg;Sugar & home baking;sugar-sweeteners;null;null;null;null;null;null;null;null;
hersheys-kisses-cookies-n-creme-140g;Hershey's Kisses Cookies 'n' Creme 140g;£2.50/unit;£1.79/100g;Confectionery;chocolate;521;8.8;60.0;53.8;27.3;15.7;null;0.6;
herta-chicken-frankfurters-x10-350g;Herta Chicken Frankfurters x10 350g;£1.50/unit;£0.43/100g;Cooked meats & snacking;mfp-snacking-cooked-sausage;215;13.5;1.5;1.5;17.0;3.5;1.0;1.80;
herta-chicken-frankfurters-x10-350g;Herta Chicken Frankfurters x10 350g;£1.50/unit;£0.43/100g;Cooked meats, pate & sandwich fillers;snacking-cooked-sausage;215;13.5;1.5;1.5;17.0;3.5;1.0;1.80;
herta-chicken-snackfurters-200g;Herta Chicken Snackfurters 200g;£1.50/unit;£0.75/100g;Cooked meats & snacking;mfp-cooked-chicken-turkey;213;13.0;1.5;1.5;17.0;3.5;1.0;1.70;
herta-chicken-snackfurters-200g;Herta Chicken Snackfurters 200g;£1.50/unit;£0.75/100g;Cooked meats, pate & sandwich fillers;cooked-chicken-turkey;213;13.0;1.5;1.5;17.0;3.5;1.0;1.70;
herta-frankfurters-jumbo-x4-360g;Herta Frankfurters Jumbo x4 360g;£2.65/unit;£0.74/100g;Cooked meats & snacking;mfp-snacking-cooked-sausage;284;12.0;2.0;2.0;25.0;9.8;1.4;1.60;
herta-frankfurters-jumbo-x4-360g;Herta Frankfurters Jumbo x4 360g;£2.65/unit;£0.74/100g;Cooked meats, pate & sandwich fillers;snacking-cooked-sausage;284;12.0;2.0;2.0;25.0;9.8;1.4;1.60;
herta-frankfurters-x10-350g;Herta Frankfurters x10 350g;£1.50/unit;£0.43/100g;Cooked meats & snacking;mfp-snacking-cooked-sausage;285;12.5;2.0;2.0;25.0;9.8;1.2;1.60;
herta-frankfurters-x10-350g;Herta Frankfurters x10 350g;£1.50/unit;£0.43/100g;Cooked meats, pate & sandwich fillers;snacking-cooked-sausage;285;12.5;2.0;2.0;25.0;9.8;1.2;1.60;
herta-frankfurters-x4-140g;Herta Frankfurters x4 140g;£1.30/unit;£0.93/100g;Cooked meats & snacking;mfp-snacking-cooked-sausage;285;12.5;2.0;2.0;25.0;9.8;1.2;1.60;
herta-frankfurters-x4-140g;Herta Frankfurters x4 140g;£1.30/unit;£0.93/100g;Cooked meats, pate & sandwich fillers;snacking-cooked-sausage;285;12.5;2.0;2.0;25.0;9.8;1.2;1.60;
hi-lo-loaf;Hi-lo Loaf;£1.70/unit;£0.43/100g;Bread;wholemeal-brown-bread;260;24.7;15.6;3.4;8.7;1.3;10.2;0.93;
higgidy-apple---cider-sausage-roll-160g;Higgidy Apple & Cider Sausage Roll 160g;£2.60/unit;£1.63/100g;Pies, pasties & quiche;sausage-rolls-savouries;null;null;null;null;null;null;null;null;
higgidy-apple---cider-sausage-roll-160g;Higgidy Apple & Cider Sausage Roll 160g;£2.60/unit;£1.63/100g;Pies, pasties & quiche;slices-pasties;null;null;null;null;null;null;null;null;
higgidy-apple---cider-sausage-roll-160g;Higgidy Apple & Cider Sausage Roll 160g;£2.60/unit;£1.63/100g;Soup & lunchtime snacks;lunchtime-snacks;null;null;null;null;null;null;null;null;
higgidy-beef--stilton---ale-pie-280g;Higgidy Beef, Stilton & Ale Pie 280g;£3.70/unit;£1.32/100g;Pies, pasties & quiche;hot-cold-pies;219;11.0;18.0;1.9;11.7;6.2;1.1;0.7;
higgidy-chicken-pot-pie-with-leek---ham-250g;Higgidy Chicken Pot Pie with Leek & Ham Pie 250g;£3.70/unit;£1.48/100g;Pies, pasties & quiche;hot-cold-pies;285;11.3;22.0;1.4;17.4;9.7;1.2;0.7;
higgidy-feta---red-pepper-veggie-roll-160g;Higgidy Feta & Red Pepper Veggie Roll 160g;£2.60/unit;£1.63/100g;Pies, pasties & quiche;sausage-rolls-savouries;360;9.3;32.3;2.0;22.3;13.6;2.0;1.1;
higgidy-feta---red-pepper-veggie-roll-160g;Higgidy Feta & Red Pepper Veggie Roll 160g;£2.60/unit;£1.63/100g;Pies, pasties & quiche;slices-pasties;360;9.3;32.3;2.0;22.3;13.6;2.0;1.1;
higgidy-feta---red-pepper-veggie-roll-160g;Higgidy Feta & Red Pepper Veggie Roll 160g;£2.60/unit;£1.63/100g;Soup & lunchtime snacks;lunchtime-snacks;360;9.3;32.3;2.0;22.3;13.6;2.0;1.1;
higgidy-feta---red-pepper-veggie-roll-160g;Higgidy Feta & Red Pepper Veggie Roll 160g;£2.60/unit;£1.63/100g;Vegetarian & meat free;deli-meat-alternatives;360;9.3;32.3;2.0;22.3;13.6;2.0;1.1;
higgidy-kale--brocolli---stilton-quiche-400g;Higgidy Kale, Broccolli & Stilton Quiche 400g;£3.00/unit;£0.75/100g;Pies, pasties & quiche;quiche;280;9.4;17.2;1.5;19.5;8.9;1.2;0.6;
higgidy-kale--brocolli---stilton-quiche-400g;Higgidy Kale, Broccolli & Stilton Quiche 400g;£3.00/unit;£0.75/100g;Soup & lunchtime snacks;lunchtime-snacks;280;9.4;17.2;1.5;19.5;8.9;1.2;0.6;
higgidy-little-butternut-squash---feta-pie-160g;Higgidy Little Butternut Squash & Feta Pie 160g;£2.70/unit;£1.69/100g;Pies, pasties & quiche;hot-cold-pies;273;7.2;21.4;3.2;18.2;10.2;1.2;0.9;
higgidy-little-butternut-squash---feta-pie-160g;Higgidy Little Butternut Squash & Feta Pie 160g;£2.70/unit;£1.69/100g;Soup & lunchtime snacks;lunchtime-snacks;273;7.2;21.4;3.2;18.2;10.2;1.2;0.9;
higgidy-little-cheddar---ham-quiche-110g;Higgidy Little Cheddar & Ham Quiche 155g;£2.30/unit;£1.48/100g;Pies, pasties & quiche;quiche;271;9.5;17.3;1.2;18.1;7.3;0.8;0.7;
higgidy-little-cheddar---ham-quiche-110g;Higgidy Little Cheddar & Ham Quiche 155g;£2.30/unit;£1.48/100g;Soup & lunchtime snacks;lunchtime-snacks;271;9.5;17.3;1.2;18.1;7.3;0.8;0.7;
higgidy-little-mushroom---spinach-pie-160g;Higgidy Little Mushroom & Spinach Pie 160g;£2.70/unit;£1.69/100g;Pies, pasties & quiche;hot-cold-pies;236;5.8;19.2;0.9;15.1;8.5;1.3;0.8;
higgidy-little-mushroom---spinach-pie-160g;Higgidy Little Mushroom & Spinach Pie 160g;£2.70/unit;£1.69/100g;Soup & lunchtime snacks;lunchtime-snacks;236;5.8;19.2;0.9;15.1;8.5;1.3;0.8;
higgidy-little-spinach---feta-quiche-110g;Higgidy Little Spinach & Feta Quiche 155g;£2.30/unit;£1.48/100g;Pies, pasties & quiche;quiche;259;8.7;16.8;1.4;17.6;7.6;1.0;0.7;
higgidy-little-spinach---feta-quiche-110g;Higgidy Little Spinach & Feta Quiche 155g;£2.30/unit;£1.48/100g;Soup & lunchtime snacks;lunchtime-snacks;259;8.7;16.8;1.4;17.6;7.6;1.0;0.7;
higgidy-little-spinach---feta-quiche-110g;Higgidy Little Spinach & Feta Quiche 155g;£2.30/unit;£1.48/100g;Vegetarian & meat free;deli-meat-alternatives;259;8.7;16.8;1.4;17.6;7.6;1.0;0.7;
higgidy-little-sweet-potato---tomato-pie-160g;Higgidy Little Sweet Potato & Tomato Pie 160g;£2.70/unit;£1.69/100g;Pies, pasties & quiche;hot-cold-pies;204;3.9;23.6;5.0;11.3;3.0;1.8;0.5;
higgidy-little-sweet-potato---tomato-pie-160g;Higgidy Little Sweet Potato & Tomato Pie 160g;£2.70/unit;£1.69/100g;Soup & lunchtime snacks;lunchtime-snacks;204;3.9;23.6;5.0;11.3;3.0;1.8;0.5;
higgidy-pork---pancetta-sausage-roll-160g;Higgidy Pork & Pancetta Sausage Roll 160g;£2.60/unit;£1.63/100g;Pies, pasties & quiche;sausage-rolls-savouries;393;11.9;29.7;1.4;25.6;13.4;2.3;1.0;
higgidy-pork---pancetta-sausage-roll-160g;Higgidy Pork & Pancetta Sausage Roll 160g;£2.60/unit;£1.63/100g;Pies, pasties & quiche;slices-pasties;393;11.9;29.7;1.4;25.6;13.4;2.3;1.0;
higgidy-pork---pancetta-sausage-roll-160g;Higgidy Pork & Pancetta Sausage Roll 160g;£2.60/unit;£1.63/100g;Soup & lunchtime snacks;lunchtime-snacks;393;11.9;29.7;1.4;25.6;13.4;2.3;1.0;
higgidy-slow-cooked-steak--red-wine-250g;Higgidy Slow Cooked Steak & Red Wine Pie 250g;£3.70/unit;£1.48/100g;Pies, pasties & quiche;hot-cold-pies;235;10.5;20.0;0.9;12.7;7.2;1.1;0.6;
higgidy-smoked-english-bacon---mature-cheddar-quiche-400g;Higgidy Smoked English Bacon & Mature Cheddar Quiche 400g;£3.00/unit;£0.75/100g;Pies, pasties & quiche;quiche;282;8.3;16.9;1.0;19.9;8.4;0.8;0.7;
higgidy-special-guest-pie-250g;Higgidy Special Guest Pie 250g;£3.70/unit;£1.48/100g;Pies, pasties & quiche;hot-cold-pies;233;6.5;23.6;4.8;12.9;6.1;1.5;0.5;
higgidy-spinach--feta---pine-nut-pie-270g;Higgidy Spinach, Feta & Pine Nut Pie 270g;£3.70/unit;£1.37/100g;Pies, pasties & quiche;hot-cold-pies;263;8.5;15.7;1.5;18.6;8.2;1.3;1.0;
higgidy-spinach--feta---roasted-pepper-quiche-400g;Higgidy Spinach, Feta & Roasted Pepper Quiche 400g;£3.00/unit;£0.75/100g;Pies, pasties & quiche;quiche;247;8.4;17.1;3.2;16.7;7.5;1.1;0.6;
higgidy-spinach--feta---roasted-pepper-quiche-400g;Higgidy Spinach, Feta & Roasted Pepper Quiche 400g;£3.00/unit;£0.75/100g;Vegetarian & meat free;deli-meat-alternatives;247;8.4;17.1;3.2;16.7;7.5;1.1;0.6;
hillfarm-extra-virgin-cold-pressed-rapeseed-oil-500ml;Hillfarm Extra Virgin Cold Pressed Rapeseed Oil 500ml;£5.00/unit;£1.00/100ml;Cooking ingredients & oils;oils;813;0.1;2.8;0.1;89.0;6.5;0.1;0;
hoffmans-extra-strong-chrayne-200g;Hoffmans Extra Strong Chrayne 200g;£2.00/unit;£1.00/100g;Vinegar, pickles, olives & antipasti;pickled-food;null;null;null;null;null;null;null;null;
hoffmans-salmon-pate-150g;Hoffmans Salmon Pate 150g;£1.90/unit;£1.27/100g;Cooked meats & snacking;mfp-pate;null;null;null;null;null;null;null;null;
hoffmans-salmon-pate-150g;Hoffmans Salmon Pate 150g;£1.90/unit;£1.27/100g;Cooked meats, pate & sandwich fillers;pate;null;null;null;null;null;null;null;null;
hoffmans-salmon-pate-150g;Hoffmans Salmon Pate 150g;£1.90/unit;£1.27/100g;World foods, kosher & halal;kosher-chilled-foods;null;null;null;null;null;null;null;null;
hoffmans-salmon-salad-150g;Hoffmans Salmon Salad 150g;£1.90/unit;£1.27/100g;Cooked meats & snacking;mfp-pate;null;null;null;null;null;null;null;null;
hoffmans-salmon-salad-150g;Hoffmans Salmon Salad 150g;£1.90/unit;£1.27/100g;Cooked meats, pate & sandwich fillers;pate;null;null;null;null;null;null;null;null;
hoffmans-salmon-salad-150g;Hoffmans Salmon Salad 150g;£1.90/unit;£1.27/100g;World foods, kosher & halal;kosher-chilled-foods;null;null;null;null;null;null;null;null;
hogbites-pork-crackling--75g;Hogbites Pork Crackling 75g;£1.20/unit;£1.60/100g;Crisps, nuts & snacking fruit;meat-snacking;640;42.7;0.1;0.1;51.9;17.9;0.5;4.8;
hogbites-pork-crackling-spicy-chili-45g;Hogbites Pork Crackling Spicy Chili 45g;£1.00/unit;£2.22/100g;Crisps, nuts & snacking fruit;meat-snacking;null;42.7;0.1;0.1;51.9;17.9;0.5;1.5;
hollands-steak---kidney-puddings-x2-358g;Holland's Steak & Kidney Puddings x2 358g;£2.00/unit;£0.56/100g;Ready meals & pies;frozen-pies;195;8.9;19.0;2.3;9.3;4.0;2.1;1.08;
hollyland-white-khobez-x5;Hollyland White Khobez x5;£0.90/unit;£0.18/ea;Naan, ciabatta & breads of the world;naan-ciabatta-breads-of-the-world;274;10.9;58.8;2.8;1.7;0.14;2.5;null;
hollyland-white-pitta-x6;Hollyland White Pitta x6;£0.70/unit;£0.12/ea;Wraps, bagels & pittas;wraps-bagels-pittas;268;11.4;53.1;2.4;1.1;0.2;2.4;null;
hollyland-wholemeal-khobez-x5;Hollyland Wholemeal Khobez x5;£0.90/unit;£0.18/ea;Naan, ciabatta & breads of the world;naan-ciabatta-breads-of-the-world;262;12.4;49.7;4.8;1.5;0.3;5.3;null;
hollyland-wholemeal-pitta-x6;Hollyland Wholemeal Pitta x6;£0.70/unit;£0.12/ea;Wraps, bagels & pittas;wraps-bagels-pittas;242;11;43.7;2.3;1.6;0.3;6.0;null;
holme-farmed-diced-rabbit-250g;Holme Farmed Diced Rabbit 250g;£4.50/unit;£18.00/kg;Duck & game;duck-game;94;22.7;0.1;0.1;0.4;0.1;null;0.2;
holme-farmed-diced-venison-steak-300g;Holme Farmed Diced Venison Steak 300g;£4.00/unit;£13.33/kg;Duck & game;duck-game;null;null;null;null;null;null;null;null;
holme-farmed-venison-meatballs-300g;Holme Farmed Venison Meatballs 300g;£2.50/unit;£8.33/kg;Duck & game;duck-game;null;null;null;null;null;null;null;null;
holme-farmed-venison-sirloin-steaks-200g;Holme Farmed Venison Sirloin Steaks 200g;£7.50/unit;£37.50/kg;Duck & game;duck-game;null;null;null;null;null;null;null;null;
holme-farmed-venison-steaks-x2-240g;Holme Farmed Venison Steaks x2 240g;£6.00/unit;£25.00/kg;Duck & game;duck-game;106;22.7;1.1;0.3;1.2;0.6;null;0.2;
holme-farmed-wild-boar-sausages-340g;Holme Farmed Wild Boar Sausages 340g;£3.50/unit;£10.29/kg;Sausages;sausages;206;16.8;1.9;0.9;14.5;5.6;null;0.6;
home-pride-pastabake-tomato-garlic---chilli-500g;Homepride Pasta Bake Tomato Garlic & Chilli 500g;£1.60/unit;£0.32/100g;Cooking sauces & world foods;italian-cooking-sauces;104;1.6;8.8;6.2;6.6;0.6;1.5;0.90;
homepride-barbecue-cooking-sauce-400g;Homepride Barbecue Cooking Sauce 400g;£1.40/unit;£0.35/100g;Cooking sauces & world foods;traditional-cooking-sauces;77;0.7;15.0;8.6;1.5;0.1;0.5;1.03;
homepride-beef---ale-casserole-500g;Homepride Beef & Ale Casserole Cooking Sauce 500g;£1.60/unit;£0.32/100g;Cooking sauces & world foods;traditional-cooking-sauces;50;0.6;11.4;6.4;0.5;0.1;0.5;0.55;
homepride-chasseur-cooking-sauce-400g;Homepride Chasseur Cooking Sauce 400g;£1.40/unit;£0.35/100g;Cooking sauces & world foods;traditional-cooking-sauces;45;0.7;9.0;2.6;0.5;0.1;0.6;1.00;
homepride-chassuer-jar-500g;Homepride Chassuer Cooking Sauce 500g;£1.60/unit;£0.32/100g;Cooking sauces & world foods;traditional-cooking-sauces;43;0.8;7.1;2.7;1.1;0.1;0.7;0.53;
homepride-cheesy-pasta-bake-500g;Homepride Pasta Bake Cheesy 500g;£1.60/unit;£0.32/100g;Cooking sauces & world foods;italian-cooking-sauces;102;1.8;5.8;1.6;8.0;2.1;0.5;1.04;
homepride-chilli-cooking-sauce-400g;Homepride Chilli Cooking Sauce 400g;£1.40/unit;£0.35/100g;Cooking sauces & world foods;mexican-cooking-sauces;69;2.4;12.5;3.1;0.6;0.1;1.9;1.10;
homepride-chilli-cooking-sauce-400g;Homepride Chilli Cooking Sauce 400g;£1.40/unit;£0.35/100g;Cooking sauces & world foods;traditional-cooking-sauces;69;2.4;12.5;3.1;0.6;0.1;1.9;1.10;
homepride-cook-in-sauce-chicken-supreme-500g;Homepride Chicken Supreme Cooking Sauce 500g;£1.60/unit;£0.32/100g;Cooking sauces & world foods;traditional-cooking-sauces;124;0.7;4.0;1.5;11.5;2.0;0.6;0.98;
homepride-cook-in-sauce-chilli-jar-500g;Homepride Chilli Cooking Sauce 500g;£1.60/unit;£0.32/100g;Cooking sauces & world foods;mexican-cooking-sauces;58;1.6;11.1;6.2;0.5;0.1;1.6;0.71;
homepride-cook-in-sauce-chilli-jar-500g;Homepride Chilli Cooking Sauce 500g;£1.60/unit;£0.32/100g;Cooking sauces & world foods;traditional-cooking-sauces;58;1.6;11.1;6.2;0.5;0.1;1.6;0.71;
homepride-cook-in-sauce-shepherds-pie-500g;Homepride Shepherds Pie Cooking Sauce 500g;£1.60/unit;£0.32/100g;Cooking sauces & world foods;traditional-cooking-sauces;40;1.2;7.7;4.2;0.5;0.1;1.2;1.10;
homepride-curry-cook-in-sauce-500g;Homepride Curry Cooking Sauce 500g;£1.60/unit;£0.32/100g;Cooking sauces & world foods;indian-cooking-sauces;51;1.0;7.6;4.3;1.7;0.5;0.6;1.00;
homepride-curry-cook-in-sauce-500g;Homepride Curry Cooking Sauce 500g;£1.60/unit;£0.32/100g;Cooking sauces & world foods;traditional-cooking-sauces;51;1.0;7.6;4.3;1.7;0.5;0.6;1.00;
homepride-curry-cooking-sauce-400g;Homepride Curry Cooking Sauce 400g;£1.40/unit;£0.35/100g;Cooking sauces & world foods;indian-cooking-sauces;69;0.8;10.5;5.9;2.5;0.8;0.7;1.00;
homepride-curry-cooking-sauce-400g;Homepride Curry Cooking Sauce 400g;£1.40/unit;£0.35/100g;Cooking sauces & world foods;traditional-cooking-sauces;69;0.8;10.5;5.9;2.5;0.8;0.7;1.00;
homepride-extra-fine-plain-flour--stay-fresh-pack-1kg;Homepride Extra Fine Plain Flour, Stay Fresh Pack 1kg;£1.50/unit;£1.50/kg;Sugar & home baking;flour;341;9.73;70.8;1.9;0.9;0.19;null;0.02;
homepride-extra-fine-self-raising-flour--stay-fresh-pack-1kg;Homepride Extra Fine Self Raising Flour, Stay Fresh Pack 1kg;£1.50/unit;£1.50/kg;Sugar & home baking;flour;340;9.61;72.0;1.7;0.7;0.14;null;1.12;
homepride-mediterranean-chicken-500g;Homepride Mediterranean Chicken 500g;£1.60/unit;£0.32/100g;Cooking sauces & world foods;traditional-cooking-sauces;51;1.9;6.5;6.0;1.5;0.2;1.7;0.82;
homepride-pasta-bake-sauce-cheese---bacon-500g;Homepride Pasta Bake Cheese & Bacon 500g;£1.60/unit;£0.32/100g;Cooking sauces & world foods;italian-cooking-sauces;74;2.1;4.3;0.7;5.3;1.0;0.5;0.73;
homepride-pasta-bake-sauce-creamy-tomato-500g;Homepride Pasta Bake Creamy Tomato & Herb 500g;£1.60/unit;£0.32/100g;Cooking sauces & world foods;italian-cooking-sauces;106;1.7;7.6;5.5;7.5;0.8;0.9;0.97;
homepride-pasta-bake-sauce-tomato---bacon-500g;Homepride Pasta Bake Creamy Tomato & Bacon 500g;£1.60/unit;£0.32/100g;Cooking sauces & world foods;italian-cooking-sauces;106;1.4;7.0;4.2;7.9;1.3;0.8;1.01;
homepride-pasta-bake-sauce-tomato---pepperoni-500g;Homepride Pasta Bake Spicy Tomato & Pepperoni 500g;£1.60/unit;£0.32/100g;Cooking sauces & world foods;italian-cooking-sauces;81;1.9;9.1;5.1;3.8;0.9;1.1;0.97;
homepride-peri-peri-500g;Homepride Peri Peri Cooking Sauce 500g;£1.60/unit;£0.32/100g;Cooking sauces & world foods;traditional-cooking-sauces;42;1.0;7.5;5.9;0.6;0.5;1.3;0.81;
homepride-red-wine-cooking-sauce-400g;Homepride Red Wine Cooking Sauce 400g;£1.40/unit;£0.35/100g;Cooking sauces & world foods;traditional-cooking-sauces;50;0.4;9.3;4.4;0.5;0.1;0.5;0.95;
homepride-sausage-casserole-sauce-500g;Homepride Sausage Casserole Cooking Sauce 500g;£1.60/unit;£0.32/100g;Cooking sauces & world foods;traditional-cooking-sauces;40;0.8;8.6;4.9;0.5;0.1;0.7;1.05;
homepride-sweet---sour-cooking-sauce-400g;Homepride Sweet & Sour Cooking Sauce 400g;£1.40/unit;£0.35/100g;Cooking sauces & world foods;chinese-cooking-sauces;103;0.5;24.9;20.3;0.5;0.1;0.5;0.80;
homepride-sweet---sour-cooking-sauce-400g;Homepride Sweet & Sour Cooking Sauce 400g;£1.40/unit;£0.35/100g;Cooking sauces & world foods;traditional-cooking-sauces;103;0.5;24.9;20.3;0.5;0.1;0.5;0.80;
homepride-tuna-pasta-bake-500g;Homepride Pasta Bake Creamy Tuna 500g;£1.60/unit;£0.32/100g;Cooking sauces & world foods;italian-cooking-sauces;86;1.6;6.9;4.7;5.6;0.7;1.0;1.00;
homepride-white-wine---cream-cooking-sauce-400g;Homepride White Wine & Cream Cooking Sauce 400g;£1.40/unit;£0.35/100g;Cooking sauces & world foods;traditional-cooking-sauces;90;1.0;8.8;2.4;4.5;0.6;0.5;1.08;
honeyrose-bakery-organic-banana-cake-300g;Honeyrose Gluten Free Organic Banana Cake 275g;£2.19/unit;£0.80/100g;Freefrom;bakery-freefrom;null;2.5;48.2;30.6;20.8;2.7;1.5;null;
hoops---crosses-roast-beef-6pkx18g-7621884-p-44;Walkers Baked Hoops & Crosses Roast Beef Snacks 6x18g;£1.50/unit;£1.39/100g;Crisps, nuts & snacking fruit;crisps;474;7.4;61;5.8;21;1.9;5.9;1.49;
hoops---crosses-roast-beef-6pkx18g-7621884-p-44;Walkers Baked Hoops & Crosses Roast Beef Snacks 6x18g;£1.50/unit;£1.39/100g;Crisps, nuts & snacking fruit;healthier-snacks-12459-44;474;7.4;61;5.8;21;1.9;5.9;1.49;
hot-noodle-bombay-bad-boy-90g;Pot Noodle Bombay Bad Boy 90g;£1.00/unit;£11.11/kg;Cooking sauces & world foods;world-foods-instant-snack-meals;143;3.2;20;0.9;5.5;2.6;1.3;0.4;
hot-noodle-bombay-bad-boy-90g;Pot Noodle Bombay Bad Boy 90g;£1.00/unit;£11.11/kg;Rice, pasta & noodles;instant-snack-meals;143;3.2;20;0.9;5.5;2.6;1.3;0.4;
hot-noodle-bombay-bad-boy-90g;Pot Noodle Bombay Bad Boy 90g;£1.00/unit;£11.11/kg;Rice, pasta & noodles;noodles;143;3.2;20;0.9;5.5;2.6;1.3;0.4;
hot-wheels-egg---cars-75g;Hot Wheels Egg & Cars 75g;£5.00/unit;£6.67/100g;Confectionery;easter-eggs;560;5.4;59.1;49.2;36.0;22.3;3.0;0.1;
hovis-best-of-both-little-one-bread-400g;Hovis Best Of Both Little One Bread 400g;£0.60/unit;£0.15/100g;Bread;half-and-half-bread;983233;10.2;40.4;4.0;2.2;0.4;5.2;0.86;
hovis-best-of-both-little-one-bread-400g;Hovis Best Of Both Little One Bread 400g;£0.60/unit;£0.15/100g;Bread;small-loaves;983233;10.2;40.4;4.0;2.2;0.4;5.2;0.86;
hovis-best-of-both-medium-750g;Hovis Best Of Both Bread, Medium Sliced 750g;£0.75/unit;£0.10/100g;Bread;half-and-half-bread;983233;10.2;40.4;4.0;2.2;0.4;5.2;0.86;
hovis-best-of-both-thick-750g;Hovis Best Of Both Bread, Thick Sliced 750g;£0.75/unit;£0.10/100g;Bread;half-and-half-bread;983233;10.2;40.4;4.0;2.2;0.4;5.2;0.86;
hovis-bread-yeast--fast-action-x6-7g;Hovis Bread Yeast, Fast Action x6 7g;£1.00/unit;£23.81/kg;Sugar & home baking;baking-ingredients---colourings;null;null;null;null;null;null;null;null;
hovis-bread-yeast--fast-action-x6-7g;Hovis Bread Yeast, Fast Action x6 7g;£1.00/unit;£23.81/kg;Sugar & home baking;flour;null;null;null;null;null;null;null;null;
hovis-digestive-biscuits-250g;Hovis Digestive Biscuits 250g;£0.90/unit;£0.36/100g;Biscuits & crackers;crackers-savoury-biscuits;479;8.0;64.9;18.9;20.1;9.4;3.0;1.1;
hovis-digestive-biscuits-250g;Hovis Digestive Biscuits 250g;£0.90/unit;£0.36/100g;Biscuits & crackers;everyday-biscuits-shortbread;479;8.0;64.9;18.9;20.1;9.4;3.0;1.1;
hovis-farmers-white-bread-800g;Hovis Farmers White Bread 800g;£1.40/unit;£0.18/100g;Bread;white-bread;1011239;8.7;44.6;3.5;2.3;0.7;2.4;0.93;
hovis-farmers-wholemeal-bread-800g;Hovis Farmers Wholemeal Bread 800g;£1.40/unit;£0.18/100g;Bread;wholemeal-brown-bread;968229;10.0;37.8;4.1;2.7;0.8;6.8;0.98;
hovis-granary-bread--medium-800g;Hovis Granary Bread, Medium Sliced 800g;£1.45/unit;£0.18/100g;Bread;seeded-grains-bread;1081256;10.3;46.4;3.4;2.4;0.7;3.7;1.03;
hovis-hearty-oats-bread-800g;Hovis Hearty Oats Bread 800g;£1.45/unit;£0.18/100g;Bread;seeded-grains-bread;1046248;12.2;37.3;2.7;4.3;1.0;5.8;0.96;
hovis-nimble-wholemeal-bread-400g;Hovis Nimble Wholemeal Bread 400g;£0.75/unit;£0.19/100g;Bread;small-loaves;986233;12.3;37.0;2.2;2.5;0.6;6.8;0.93;
hovis-nimble-wholemeal-bread-400g;Hovis Nimble Wholemeal Bread 400g;£0.75/unit;£0.19/100g;Bread;wholemeal-brown-bread;986233;12.3;37.0;2.2;2.5;0.6;6.8;0.93;
hovis-original-granary-bread--half-loaf-400g;Hovis Original Granary Bread, Half Loaf 400g;£0.80/unit;£0.20/100g;Bread;seeded-grains-bread;1081256;10.3;46.4;3.4;2.4;0.7;3.7;1.03;
hovis-original-granary-bread--half-loaf-400g;Hovis Original Granary Bread, Half Loaf 400g;£0.80/unit;£0.20/100g;Bread;small-loaves;1081256;10.3;46.4;3.4;2.4;0.7;3.7;1.03;
hovis-original-granary-bread--thick-sliced-800g;Hovis Original Granary Bread, Thick Sliced 800g;£1.45/unit;£0.18/100g;Bread;seeded-grains-bread;1081256;10.3;46.4;3.4;2.4;0.7;3.7;1.03;
hovis-seed-senations-soft-granary-800g;Hovis Seed Sensations Soft Granary 800g;£1.45/unit;£0.18/100g;Bread;seeded-grains-bread;1157275;10.1;41.3;4.6;6.6;0.8;4.9;0.83;
hovis-seed-senations-soft-granary-800g;Hovis Seed Sensations Soft Granary 800g;£1.45/unit;£0.18/100g;Bread;wholemeal-brown-bread;1157275;10.1;41.3;4.6;6.6;0.8;4.9;0.83;
hovis-seed-sensations-7-seeds-bread-400g;Hovis Seed Sensations Bread 400g;£0.85/unit;£0.21/100g;Bread;seeded-grains-bread;1171278;10.0;42.0;3.8;6.6;0.6;5.3;0.88;
hovis-seed-sensations-7-seeds-bread-400g;Hovis Seed Sensations Bread 400g;£0.85/unit;£0.21/100g;Bread;small-loaves;1171278;10.0;42.0;3.8;6.6;0.6;5.3;0.88;
hovis-seed-sensations-7-seeds-bread-800g;Hovis Seed Sensations Bread, Medium Sliced 800g;£1.45/unit;£0.18/100g;Bread;seeded-grains-bread;1171278;10.0;42.0;3.8;6.6;0.6;5.3;0.88;
hovis-seed-sensations-7-seeds-wholemeal-bread-800g;Hovis Seed Sensations Wholemeal Bread, Medium Sliced 800g;£1.45/unit;£0.18/100g;Bread;seeded-grains-bread;1043249;11.9;31.4;3.1;5.6;0.5;12.4;0.93;
hovis-soft-white-bread--doorstep-800g;Hovis Soft White Bread, Doorstep 800g;£0.75/unit;£0.09/100g;Bread;white-bread;987233;8.7;44.6;3.5;1.7;0.3;2.4;0.90;
hovis-soft-white-bread--medium-400g;Hovis Soft White Bread, Medium Sliced 400g;£0.60/unit;£0.15/100g;Bread;small-loaves;987233;8.7;44.6;3.5;1.7;0.3;2.4;0.90;
hovis-soft-white-bread--medium-400g;Hovis Soft White Bread, Medium Sliced 400g;£0.60/unit;£0.15/100g;Bread;white-bread;987233;8.7;44.6;3.5;1.7;0.3;2.4;0.90;
hovis-soft-white-bread--medium-sliced-800g;Hovis Soft White Bread, Medium Sliced 800g;£0.75/unit;£0.09/100g;Bread;white-bread;987233;8.7;44.6;3.5;1.7;0.3;2.4;0.90;
hovis-soft-white-bread--thick-sliced-800g;Hovis Soft White Bread, Thick Sliced 800g;£0.75/unit;£0.09/100g;Bread;white-bread;987233;8.7;44.6;3.5;1.7;0.3;2.4;0.90;
hovis-wheatgerm-bread-400g;Hovis Wheatgerm Bread 400g;£0.75/unit;£0.19/100g;Bread;small-loaves;947224;10.0;38.6;3.1;2.2;0.4;5.3;0.96;
hovis-wheatgerm-bread-400g;Hovis Wheatgerm Bread 400g;£0.75/unit;£0.19/100g;Bread;wholemeal-brown-bread;947224;10.0;38.6;3.1;2.2;0.4;5.3;0.96;
hovis-wholemeal-bread--medium-sliced-800g;Hovis Wholemeal Bread, Medium Sliced 800g;£0.75/unit;£0.09/100g;Bread;wholemeal-brown-bread;934221;10.0;37.8;4.1;1.8;0.4;6.8;0.90;
hovis-wholemeal-bread--thick-sliced-800g;Hovis Wholemeal Bread, Thick Sliced 800g;£0.75/unit;£0.09/100g;Bread;wholemeal-brown-bread;934221;10.0;37.8;4.1;1.8;0.4;6.8;0.90;
hovis-wholemeal-bread-400g;Hovis Wholemeal Bread 400g;£0.60/unit;£0.15/100g;Bread;small-loaves;934221;10.0;37.8;4.1;1.8;0.4;6.8;0.90;
hovis-wholemeal-bread-400g;Hovis Wholemeal Bread 400g;£0.60/unit;£0.15/100g;Bread;wholemeal-brown-bread;934221;10.0;37.8;4.1;1.8;0.4;6.8;0.90;
hovis-wholemeal-seeded-granary-bread-800g;Hovis Granary Wholemeal Bread, Medium Sliced 800g;£1.45/unit;£0.18/100g;Bread;seeded-grains-bread;997236;10.6;39.8;2.4;2.4;0.4;6.8;0.98;
hp-brown-sauce-255g;HP Brown Sauce 255g;£1.00/unit;£0.39/100g;Table sauces, dressings & condiments;tomato-ketchup-brown-bbq-other-sauces;122;0.9;28.3;23.1;0.1;0;0.4;1.3;
hp-brown-sauce-handy-285g;HP Brown Sauce Handy 285g;£1.15/unit;£0.40/100g;Table sauces, dressings & condiments;tomato-ketchup-brown-bbq-other-sauces;122;0.9;28.3;23.1;0.1;0;0.4;1.3;
hp-fruity-sauce-255g;HP Fruity Sauce 255g;£1.00/unit;£0.39/100g;Table sauces, dressings & condiments;tomato-ketchup-brown-bbq-other-sauces;135;0.9;31.5;25.6;0;0;0.3;1.5;
hp-fruity-sauce-470g;HP Fruity Sauce 470g;£2.20/unit;£0.47/100g;Table sauces, dressings & condiments;tomato-ketchup-brown-bbq-other-sauces;135;0.9;31.5;25.6;0;0;0.3;1.5;
hp-original-woodsmoke-barbecue-sauce-465g;HP Original Woodsmoke Barbecue Sauce 465g;£2.00/unit;£0.43/100g;Table sauces, dressings & condiments;tomato-ketchup-brown-bbq-other-sauces;133;0.5;31.5;25.5;0;0;0;1.4;
hp-reduced-salt-brown-sauce-450g;HP Reduced Salt Brown Sauce 450g;£2.15/unit;£0.48/100g;Table sauces, dressings & condiments;tomato-ketchup-brown-bbq-other-sauces;86;0.7;19.5;15.4;0.1;0;0.4;0.9;
hp-squeezy-brown-sauce-425g;HP Squeezy Brown Sauce 425g;£1.70/unit;£0.40/100g;Table sauces, dressings & condiments;tomato-ketchup-brown-bbq-other-sauces;122;0.9;28.3;23.1;0.1;0;0.4;1.3;
hp-the-original-brown-sauce-600g;HP The Original Brown Sauce 600g;£2.40/unit;£0.40/100g;Table sauces, dressings & condiments;tomato-ketchup-brown-bbq-other-sauces;122;0.9;28.3;23.1;0.1;0;null;1.3;
hp-top-down-brown-sauce-450g;HP Top Down Brown Sauce 450g;£2.15/unit;£0.48/100g;Table sauces, dressings & condiments;tomato-ketchup-brown-bbq-other-sauces;122;0.9;28.3;23.1;0.1;0;0.4;1.3;
hula-hoops-bbq-beef-34g;Hula Hoops BBQ Beef Potato Rings 34g;£0.55/unit;£1.62/100g;Crisps, nuts & snacking fruit;crisps;505;3.7;62;1.0;26;2.5;2.2;2.3;
hula-hoops-bbq-beef-potato-rings-7x24g;Hula Hoops BBQ Beef Potato Rings 7x24g;£1.80/unit;£1.07/100g;Crisps, nuts & snacking fruit;crisps;505;3.7;62;1.0;26;2.5;2.2;2.3;
hula-hoops-classic-12x25g;Hula Hoops Variety Pack Potato Rings 12x25g;£2.75/unit;£0.95/100g;Crisps, nuts & snacking fruit;crisps;505;3.7;62;1.0;26;2.5;2.2;2.3;
hula-hoops-meaty-12x25g;Hula Hoops Assorted Potato Rings 12x25g;£2.75/unit;£0.95/100g;Crisps, nuts & snacking fruit;crisps;505;3.7;62;1.0;26;2.5;2.2;2.3;
hula-hoops-original-12x25g;Hula Hoops Original Potato Rings 12x24g;£2.75/unit;£0.92/100g;Crisps, nuts & snacking fruit;crisps;507;3.3;63;0.5;26;2.5;2.2;1.8;
hula-hoops-original-potato-rings-7x25g;Hula Hoops Original Potato Rings 7x25g;£1.80/unit;£1.07/100g;Crisps, nuts & snacking fruit;crisps;507;3.3;63;0.5;26;2.5;2.2;1.8;
hula-hoops-variety-pack-potato-rings-7x24g;Hula Hoops Meaty Variety Pack Potato Rings 7x24g;£1.80/unit;£1.07/100g;Crisps, nuts & snacking fruit;crisps;505;3.7;62;1.0;26;2.5;2.2;2.3;
hula-hoops-variety-pack-potato-rings-7x25g;Hula Hoops Variety Pack Potato Rings 7x25g;£1.80/unit;£1.07/100g;Crisps, nuts & snacking fruit;crisps;506;3.2;62;0.6;27;2.5;2.2;2.5;
humzingers-summer-fruits-130g;Humzingers Summer Fruits 130g;£2.00/unit;£1.54/100g;Canned, tinned & packaged foods;canned-tinned-packaged-fruit;275;2.4;61.4;37.5;0.3;0.1;11.6;0.1;
humzingers-summer-fruits-130g;Humzingers Summer Fruits 130g;£2.00/unit;£1.54/100g;Crisps, nuts & snacking fruit;snacking-fruit-seeds;275;2.4;61.4;37.5;0.3;0.1;11.6;0.1;
humzingers-summer-fruits-130g;Humzingers Summer Fruits 130g;£2.00/unit;£1.54/100g;Fruit & desserts;dessert-fruit;275;2.4;61.4;37.5;0.3;0.1;11.6;0.1;
humzingers-summer-fruits-130g;Humzingers Summer Fruits 130g;£2.00/unit;£1.54/100g;Fruit & desserts;snacking-fruit-nuts;275;2.4;61.4;37.5;0.3;0.1;11.6;0.1;
hunger-breaks-all-day-breakfast-395g;Hunger Breaks All Day Breakfast 395g;£1.70/unit;£4.30/kg;Canned, tinned & packaged foods;baked-beans-canned-pasta;114;5.8;12.4;3.1;3.8;0.3;3.4;0.9;
hunger-breaks-all-day-breakfast-395g;Hunger Breaks All Day Breakfast 395g;£1.70/unit;£4.30/kg;Canned, tinned & packaged foods;canned-tinned-packaged-hot-meat-meals;114;5.8;12.4;3.1;3.8;0.3;3.4;0.9;
hunger-breaks-the-big-barbecue-395g;Hunger Breaks The Big Barbecue 395g;£1.70/unit;£4.30/kg;Canned, tinned & packaged foods;baked-beans-canned-pasta;123;6.7;13.4;3.9;4.0;1.5;3.1;0.60;
hunger-breaks-the-big-barbecue-395g;Hunger Breaks The Big Barbecue 395g;£1.70/unit;£4.30/kg;Canned, tinned & packaged foods;canned-tinned-packaged-hot-meat-meals;123;6.7;13.4;3.9;4.0;1.5;3.1;0.60;
hunger-breaks-the-full-monty-395g;Hunger Breaks The Full Monty 395g;£1.70/unit;£4.30/kg;Canned, tinned & packaged foods;baked-beans-canned-pasta;115;6.7;12.4;2.6;3.5;0.3;3.5;0.8;
hunger-breaks-the-full-monty-395g;Hunger Breaks The Full Monty 395g;£1.70/unit;£4.30/kg;Canned, tinned & packaged foods;canned-tinned-packaged-hot-meat-meals;115;6.7;12.4;2.6;3.5;0.3;3.5;0.8;
hungerbreaks-bacon-burger-beans-395g;Hunger Breaks Bacon Burger&beans 395g;£1.70/unit;£4.30/kg;Canned, tinned & packaged foods;baked-beans-canned-pasta;120;6.9;12.1;3.6;4.0;1.0;4.0;0.61;
hungerbreaks-spicy-395g;Hunger Breaks Spicy 395g;£1.70/unit;£4.30/kg;Canned, tinned & packaged foods;baked-beans-canned-pasta;123;8.0;11.3;4.1;4.4;1.5;3.2;0.6;
hz-big-soup-simmerin-sausage---vegetable-500g;Heinz Big Soup Simmerin Sausage & Vegetable 500g;£1.50/unit;£0.30/100g;Canned, tinned & packaged foods;soups;58;2.5;6.4;2.3;2.3;0.8;0.8;0.6;
i-cant-believe-its-not-butter-500g;I Can't Believe Its Not Butter! Original Spread 500g;£1.00/unit;£2.00/kg;Butter, spreads & baking;buttery-taste-and-sunflower-spreads;528;0.5;0.5;0.5;59;20;null;1.5;
i-cant-believe-its-not-butter-light-500g;I Can't Believe Its Not Butter! Light Spread 500g;£1.00/unit;£2.00/kg;Butter, spreads & baking;buttery-taste-and-sunflower-spreads;343;0.5;0.5;0.5;38;11;null;1.5;
i-cant-believe-its-not-butter-vegetable-fat-spread-1kg;I Can't Believe Its Not Butter! Original Spread 1kg;£2.80/unit;£2.80/kg;Butter, spreads & baking;buttery-taste-and-sunflower-spreads;528;0.5;0.5;0.5;59;20;null;1.5;
il-casolare-extra-virgin-olive-oil-500ml;Il Casolare Extra Virgin Olive Oil 500ml;£4.00/unit;£0.80/100ml;Cooking ingredients & oils;oils;null;null;null;null;null;null;null;null;
ilchester-cheese-selection-230g;Ilchester British Cheese Selection 230g;£2.75/unit;£11.96/kg;Cheese;cheddar-british-regional-cheese;410;25;0.1;0.1;34.4;21.7;0;1.8;
ilchester-cheese-selection-230g;Ilchester British Cheese Selection 230g;£2.75/unit;£11.96/kg;Cheese;snacking-lunchbox-cheese;410;25;0.1;0.1;34.4;21.7;0;1.8;
iliada-pdo-olive-oil--extra-virgin-750ml;Iliada PDO Olive Oil, Extra Virgin 750ml;£5.50/unit;£0.73/100ml;Cooking ingredients & oils;oils;null;0;0;0;91.4;13.3;null;0;
imaginative-cuisine-traditional-dressing-150ml;Imaginative Cuisine Traditional Dressing 150ml;£3.00/unit;£20.00/ltr;Table sauces, dressings & condiments;salad-dressings;null;1.4;60;0;0.1;null;null;null;
imaginative-cuisine-traditional-dressing-150ml;Imaginative Cuisine Traditional Dressing 150ml;£3.00/unit;£20.00/ltr;Vinegar, pickles, olives & antipasti;vinegar;null;1.4;60;0;0.1;null;null;null;
inferno-horseradish-cream-sauce-170g;Inferno Horseradish Cream Sauce 170g;£1.80/unit;£1.06/100g;Table sauces, dressings & condiments;condiments;null;null;null;null;null;null;null;null;
innocent-antioxidant-super-smoothie-750ml;Innocent Antioxidant Super Smoothie 750ml;£2.00/unit;£0.27/100ml;Chilled fruit juice & smoothies;chilled-smoothies;57;0.5;13;13;0.5;0.1;null;0;
innocent-apple---berries-juice-135l;Innocent Apple & Berries Juice 1.35L;£3.25/unit;£0.24/100ml;Chilled fruit juice & smoothies;chilled-fruit-juice;45;0.3;10;10;0;0;null;0;
innocent-apple---berries-juice-900ml;Innocent Apple & Berries Juice 900ml;£1.50/unit;£0.17/100ml;Chilled fruit juice & smoothies;chilled-fruit-juice;45;0.3;10;10;0.1;0.1;1;0.01;
innocent-apple---raspberry-juice-900ml;Innocent Apple & Raspberry Juice 900ml;£1.50/unit;£0.17/100ml;Chilled fruit juice & smoothies;chilled-fruit-juice;40;0.2;9.2;8.7;0.1;0;0.8;0.02;
innocent-apple--peach-pear-juice-900ml;Innocent Apple, Peach & Pear Juice 900ml;£1.50/unit;£0.17/100ml;Chilled fruit juice & smoothies;chilled-fruit-juice;45;0.4;10;10;0.1;0.1;1.4;0.01;
innocent-apple-juice-135l;Innocent Apple Juice 1.35L;£3.25/unit;£0.24/100ml;Chilled fruit juice & smoothies;chilled-fruit-juice;44;0.2;11;9.5;0;0;0.5;0.01;
innocent-apple-juice-900ml;Innocent Apple Juice 900ml;£1.50/unit;£0.17/100ml;Chilled fruit juice & smoothies;chilled-fruit-juice;44;0.2;11;9.5;0;0;0.5;0.01;
innocent-apple-juice-with-elderflower-900ml;Innocent Apple & Elderflower Juice 900ml;£1.50/unit;£0.17/100ml;Chilled fruit juice & smoothies;chilled-fruit-juice;43;0.2;10.0;8.5;0.0;0.0;0.8;0.01;
innocent-apple-mango-juice-135l;Innocent Apple & Mango Juice 1.35L;£3.25/unit;£0.24/100ml;Chilled fruit juice & smoothies;chilled-fruit-juice;44;0.3;10;9.3;0;0;0.7;0.02;
innocent-apple-raspberry-juice-135l;Innocent Apple & Raspberry Juice 1.35L;£3.25/unit;£0.24/100ml;Chilled fruit juice & smoothies;chilled-fruit-juice;40;0.2;9.2;8.7;0.1;0;0.8;0.02;
innocent-caribbean-veg-pot-380g;Innocent Veg Pot, Caribbean 380g;£2.00/unit;£5.26/kg;Ready meals;healthier-choice-ready-meals;77;2.4;9.63.7;9.63.7;2.41.3;2.41.3;3.8;0.46;
innocent-caribbean-veg-pot-380g;Innocent Veg Pot, Caribbean 380g;£2.00/unit;£5.26/kg;Ready meals;meals-for-1-ready-meals;77;2.4;9.63.7;9.63.7;2.41.3;2.41.3;3.8;0.46;
innocent-caribbean-veg-pot-380g;Innocent Veg Pot, Caribbean 380g;£2.00/unit;£5.26/kg;Ready meals;mexican-caribbean-american-ready-meals;77;2.4;9.63.7;9.63.7;2.41.3;2.41.3;3.8;0.46;
innocent-caribbean-veg-pot-380g;Innocent Veg Pot, Caribbean 380g;£2.00/unit;£5.26/kg;Ready meals;vegetarian-ready-meals;77;2.4;9.63.7;9.63.7;2.41.3;2.41.3;3.8;0.46;
innocent-caribbean-veg-pot-380g;Innocent Veg Pot, Caribbean 380g;£2.00/unit;£5.26/kg;Soup & lunchtime snacks;lunchtime-snacks;77;2.4;9.63.7;9.63.7;2.41.3;2.41.3;3.8;0.46;
innocent-caribbean-veg-pot-380g;Innocent Veg Pot, Caribbean 380g;£2.00/unit;£5.26/kg;Vegetarian & meat free;vegetarian-meat-free-ready-meals;77;2.4;9.63.7;9.63.7;2.41.3;2.41.3;3.8;0.46;
innocent-caribbean-veg-pot-380g;Innocent Veg Pot, Caribbean 380g;£2.00/unit;£5.26/kg;World foods, kosher & halal;afro-caribbean-chilled-foods;77;2.4;9.63.7;9.63.7;2.41.3;2.41.3;3.8;0.46;
innocent-clementine---mandarin-juice-900ml;Innocent Clementine & Mandarin Juice 900ml;£1.50/unit;£0.17/100ml;Chilled fruit juice & smoothies;chilled-fruit-juice;49;0.7;11;9.1;0;0;null;0;
innocent-defence-super-smoothie-750ml;Innocent Defence Super Smoothie 750ml;£2.00/unit;£0.27/100ml;Chilled fruit juice & smoothies;chilled-smoothies;54;0.5;12;12;0.6;0.1;null;0;
innocent-energise-super-smoothie-750ml;Innocent Energise Super Smoothie 750ml;£2.00/unit;£0.27/100ml;Chilled fruit juice & smoothies;chilled-smoothies;59;0.5;13;13;0.5;0.1;null;0;
innocent-indian-lentil-sambar-vegetable-pot-380g;Innocent Veg Pot, Indian Lentil Sambar 380g;£2.00/unit;£5.26/kg;Ready meals;healthier-choice-ready-meals;86;2.7;112.4;112.4;2.91.7;2.91.7;2.5;0.41;
innocent-indian-lentil-sambar-vegetable-pot-380g;Innocent Veg Pot, Indian Lentil Sambar 380g;£2.00/unit;£5.26/kg;Ready meals;meals-for-1-ready-meals;86;2.7;112.4;112.4;2.91.7;2.91.7;2.5;0.41;
innocent-indian-lentil-sambar-vegetable-pot-380g;Innocent Veg Pot, Indian Lentil Sambar 380g;£2.00/unit;£5.26/kg;Ready meals;vegetarian-ready-meals;86;2.7;112.4;112.4;2.91.7;2.91.7;2.5;0.41;
innocent-indian-lentil-sambar-vegetable-pot-380g;Innocent Veg Pot, Indian Lentil Sambar 380g;£2.00/unit;£5.26/kg;Soup & lunchtime snacks;lunchtime-snacks;86;2.7;112.4;112.4;2.91.7;2.91.7;2.5;0.41;
innocent-indian-madras-vegetable-pot-380g;Innocent Veg Pot, Indian Madras 380g;£2.00/unit;£5.26/kg;Ready meals;healthier-choice-ready-meals;86;2.9;113.9;113.9;2.51.5;2.51.5;4.0;0.40;
innocent-indian-madras-vegetable-pot-380g;Innocent Veg Pot, Indian Madras 380g;£2.00/unit;£5.26/kg;Ready meals;meals-for-1-ready-meals;86;2.9;113.9;113.9;2.51.5;2.51.5;4.0;0.40;
innocent-indian-madras-vegetable-pot-380g;Innocent Veg Pot, Indian Madras 380g;£2.00/unit;£5.26/kg;Ready meals;vegetarian-ready-meals;86;2.9;113.9;113.9;2.51.5;2.51.5;4.0;0.40;
innocent-indian-madras-vegetable-pot-380g;Innocent Veg Pot, Indian Madras 380g;£2.00/unit;£5.26/kg;Soup & lunchtime snacks;lunchtime-snacks;86;2.9;113.9;113.9;2.51.5;2.51.5;4.0;0.40;
innocent-japanese-ramen-noodle-pot-380g;Innocent Noodle Pot, Japanese Ramen 380g;£2.00/unit;£5.26/kg;Ready meals;healthier-choice-ready-meals;72;2.8;13;2.0;0.6;0.1;2.2;0.59;
innocent-japanese-ramen-noodle-pot-380g;Innocent Noodle Pot, Japanese Ramen 380g;£2.00/unit;£5.26/kg;Ready meals;meals-for-1-ready-meals;72;2.8;13;2.0;0.6;0.1;2.2;0.59;
innocent-japanese-ramen-noodle-pot-380g;Innocent Noodle Pot, Japanese Ramen 380g;£2.00/unit;£5.26/kg;Ready meals;oriental-ready-meals;72;2.8;13;2.0;0.6;0.1;2.2;0.59;
innocent-japanese-ramen-noodle-pot-380g;Innocent Noodle Pot, Japanese Ramen 380g;£2.00/unit;£5.26/kg;Soup & lunchtime snacks;fresh-soups;72;2.8;13;2.0;0.6;0.1;2.2;0.59;
innocent-japanese-ramen-noodle-pot-380g;Innocent Noodle Pot, Japanese Ramen 380g;£2.00/unit;£5.26/kg;Soup & lunchtime snacks;lunchtime-snacks;72;2.8;13;2.0;0.6;0.1;2.2;0.59;
innocent-kids-apple---blackcurrant-4x180ml;Innocent Kids Smoothie Apple & Blackcurrant 4x180ml;£3.00/unit;£0.42/100ml;Chilled fruit juice & smoothies;chilled-smoothies;54;0.3;14.2;null;0.1;null;0.1;null;
innocent-kids-apple---mango-fruity-water-4x180ml;Innocent Kids Apple & Mango Fruity Water 4x180ml;£2.00/unit;£0.28/100ml;Chilled fruit juice & smoothies;chilled-fruit-juice;24;0.1;5.7;5.0;0.1;0.1;0.1;null;
innocent-kids-apple---peach-fruity-water-4x180ml;Innocent Kids Apple & Peach Fruity Water 4x180ml;£2.00/unit;£0.28/100ml;Chilled fruit juice & smoothies;chilled-fruit-juice;26;0.2;6.0;6.0;0.1;0.1;0.1;null;
innocent-kids-apple-juice-4x180ml;Innocent Kids Apple Juice 4x180ml;£3.00/unit;£0.42/100ml;Chilled fruit juice & smoothies;chilled-fruit-juice;43;0.2;10.5;9.7;0;0;0.3;null;
innocent-kids-cherry---strawberry-4x180ml;Innocent Kids Smoothie Cherry & Strawberry 4x180ml;£3.00/unit;£0.42/100ml;Chilled fruit juice & smoothies;chilled-smoothies;49;0.5;11.5;11.5;0;0;0.5;null;
innocent-kids-fruit-tubes-pineapple---mango-6x40g;Innocent Kids Fruit Tubes Pineapple & Mango 6x40g;£2.00/unit;£0.83/100ml;Chilled fruit juice & smoothies;chilled-smoothies;51;0.3;11.2;null;0.2;null;null;null;
innocent-kids-fruit-tubes-pineapple---mango-6x40g;Innocent Kids Fruit Tubes Pineapple & Mango 6x40g;£2.00/unit;£0.83/100ml;Chilled fruit juice & smoothies;kids-juice;51;0.3;11.2;null;0.2;null;null;null;
innocent-kids-fruit-tubes-strawberry---raspberry-6x40g;Innocent Kids Fruit Tubes Strawberry & Raspberry 6x40g;£2.00/unit;£0.83/100g;Chilled fruit juice & smoothies;chilled-smoothies;53;0.6;12;10;0;0;1.3;0;
innocent-kids-fruit-tubes-strawberry---raspberry-6x40g;Innocent Kids Fruit Tubes Strawberry & Raspberry 6x40g;£2.00/unit;£0.83/100g;Chilled fruit juice & smoothies;kids-juice;53;0.6;12;10;0;0;1.3;0;
innocent-kids-orange--mango---pineapple-4x180ml;Innocent Kids Smoothie Orange, Mango & Pineapple 4x180ml;£3.00/unit;£0.42/100ml;Chilled fruit juice & smoothies;chilled-smoothies;null;null;null;null;null;null;null;null;
innocent-kids-orange--mango---pineapple-4x180ml;Innocent Kids Smoothie Orange, Mango & Pineapple 4x180ml;£3.00/unit;£0.42/100ml;Chilled fruit juice & smoothies;kids-juice;null;null;null;null;null;null;null;null;
innocent-kids-peaches---passion-fruit-4x180ml;Innocent Kids Smoothie Peach & Passion Fruit 4x180ml;£3.00/unit;£0.42/100ml;Chilled fruit juice & smoothies;chilled-smoothies;null;null;null;null;null;null;null;null;
innocent-kids-strawberry--blackberry---raspberry-4x180ml;Innocent Kids Smoothie Strawberry, Blackberry & Raspberry 4x180ml;£3.00/unit;£0.42/100ml;Chilled fruit juice & smoothies;chilled-smoothies;42;0.4;9.5;null;0.1;null;null;null;
innocent-kids-strawberry--blackberry---raspberry-4x180ml;Innocent Kids Smoothie Strawberry, Blackberry & Raspberry 4x180ml;£3.00/unit;£0.42/100ml;Chilled fruit juice & smoothies;kids-juice;42;0.4;9.5;null;0.1;null;null;null;
innocent-kids-tropical-4x180ml;Innocent Kids Tropical Juice 4x180ml;£3.00/unit;£0.42/100ml;Chilled fruit juice & smoothies;chilled-fruit-juice;44;0.4;10.0;8.9;0.1;0.0;0.6;0.00;
innocent-kiwi--apple---lime-250ml;Innocent Smoothie Kiwi, Apple & Lime 250ml;£1.80/unit;£0.72/100ml;Chilled fruit juice & smoothies;chilled-smoothies;51;0.4;11;10;0.2;0.1;1.3;0;
innocent-limited-edition-vegetable-pot-390g;Innocent Veg Pot, Ltd Edition 380g;£2.00/unit;£5.26/kg;Ready meals;healthier-choice-ready-meals;null;null;null;null;null;null;null;null;
innocent-limited-edition-vegetable-pot-390g;Innocent Veg Pot, Ltd Edition 380g;£2.00/unit;£5.26/kg;Ready meals;meals-for-1-ready-meals;null;null;null;null;null;null;null;null;
innocent-limited-edition-vegetable-pot-390g;Innocent Veg Pot, Ltd Edition 380g;£2.00/unit;£5.26/kg;Ready meals;vegetarian-ready-meals;null;null;null;null;null;null;null;null;
innocent-limited-edition-vegetable-pot-390g;Innocent Veg Pot, Ltd Edition 380g;£2.00/unit;£5.26/kg;Soup & lunchtime snacks;lunchtime-snacks;null;null;null;null;null;null;null;null;
innocent-mexican-veg-pot-390g;Innocent Veg Pot, Mexican 380g;£2.00/unit;£5.26/kg;Ready meals;healthier-choice-ready-meals;75;2.6;123.8;123.8;1.00.1;1.00.1;4.1;0.45;
innocent-mexican-veg-pot-390g;Innocent Veg Pot, Mexican 380g;£2.00/unit;£5.26/kg;Ready meals;meals-for-1-ready-meals;75;2.6;123.8;123.8;1.00.1;1.00.1;4.1;0.45;
innocent-mexican-veg-pot-390g;Innocent Veg Pot, Mexican 380g;£2.00/unit;£5.26/kg;Ready meals;mexican-caribbean-american-ready-meals;75;2.6;123.8;123.8;1.00.1;1.00.1;4.1;0.45;
innocent-mexican-veg-pot-390g;Innocent Veg Pot, Mexican 380g;£2.00/unit;£5.26/kg;Ready meals;vegetarian-ready-meals;75;2.6;123.8;123.8;1.00.1;1.00.1;4.1;0.45;
innocent-mexican-veg-pot-390g;Innocent Veg Pot, Mexican 380g;£2.00/unit;£5.26/kg;Soup & lunchtime snacks;lunchtime-snacks;75;2.6;123.8;123.8;1.00.1;1.00.1;4.1;0.45;
innocent-mexican-veg-pot-390g;Innocent Veg Pot, Mexican 380g;£2.00/unit;£5.26/kg;Vegetarian & meat free;vegetarian-meat-free-ready-meals;75;2.6;123.8;123.8;1.00.1;1.00.1;4.1;0.45;
innocent-orange--grapefruit---blood-orange-juice-900ml;Innocent Orange, Grapefruit & Blood Orange Juice 900ml;£1.50/unit;£0.17/100ml;Chilled fruit juice & smoothies;chilled-fruit-juice;43;0.7;9;8.4;0.2;0.2;1.3;0.01;
innocent-orange-juice-smooth-330ml;Innocent Orange Juice Smooth 330ml;£1.20/unit;£0.36/100ml;Chilled fruit juice & smoothies;chilled-fruit-juice;42;0.7;9.48.1;9.48.1;00;00;null;0;
innocent-orange-juice-with-bits-135l;Innocent Orange Juice with Bits 1.35L;£3.25/unit;£0.24/100ml;Chilled fruit juice & smoothies;chilled-fruit-juice;44;0.7;9.7;8.2;0.1;0;0.6;0.01;
innocent-orange-juice-with-bits-900ml;Innocent Orange Juice with Bits 900ml;£1.50/unit;£0.17/100ml;Chilled fruit juice & smoothies;chilled-fruit-juice;44;0.7;9.7;8.2;0.1;0;0.6;0.01;
innocent-smooth-orange-juice-135l;Innocent Smooth Orange Juice 1.35L;£3.25/unit;£0.24/100ml;Chilled fruit juice & smoothies;chilled-fruit-juice;42;0.7;9.4;8.1;0.1;0;0.6;0.01;
innocent-smooth-orange-juice-900ml;Innocent Smooth Orange Juice 900ml;£1.50/unit;£0.17/100ml;Chilled fruit juice & smoothies;chilled-fruit-juice;42;0.7;9.4;8.1;0.1;0;0.6;0.01;
innocent-smoothie--apple--kiwi---lime-750ml;Innocent Smoothie Apple, Kiwi & Lime 750ml;£3.00/unit;£0.40/100ml;Chilled fruit juice & smoothies;chilled-smoothies;49;0.4;10.5;9.7;0.1;0;2.2;null;
innocent-smoothie--blackberry--blackcurrent---strawberry-750ml;Innocent Smoothie Blackberry, Blackcurrant & Strawberry 750ml;£3.00/unit;£0.40/100ml;Chilled fruit juice & smoothies;chilled-smoothies;55;0.5;12.3;10.6;0.1;0.1;null;0;
innocent-smoothie--mango---passion-fruit-250ml;Innocent Smoothie Mango & Passion Fruit 250ml;£1.80/unit;£0.72/100ml;Chilled fruit juice & smoothies;chilled-smoothies;53;0.5;12.0;11.0;0.1;0.1;1.3;0;
innocent-smoothie--mango---passionfruit-750ml;Innocent Smoothie Mango & Passion Fruit 750ml;£3.00/unit;£0.40/100ml;Chilled fruit juice & smoothies;chilled-smoothies;54;0.6;12.2;12.2;0.1;0;1.1;null;
innocent-smoothie--pineapple--banana---coconut-750ml;Innocent Smoothie Pineapple, Banana & Coconut 750ml;£3.00/unit;£0.40/100ml;Chilled fruit juice & smoothies;chilled-smoothies;69;0.7;13.6;12.3;1.1;0.9;1.0;null;
innocent-smoothie--pomegranate--blueberry---acai-750ml;Innocent Smoothie Pomegranate, Blueberry & Acai 750ml;£3.00/unit;£0.40/100ml;Chilled fruit juice & smoothies;chilled-smoothies;71;0.6;16.2;14.7;0.1;0;1.2;null;
innocent-smoothie--strawberry---banana-250ml;Innocent Smoothie Strawberry & Banana 250ml;£1.80/unit;£0.72/100ml;Chilled fruit juice & smoothies;chilled-smoothies;54;0.6;12;10;0.2;0.1;0.6;0;
innocent-smoothie--strawberry---banana-750ml;Innocent Smoothie Strawberry & Banana 750ml;£3.00/unit;£0.40/100ml;Chilled fruit juice & smoothies;chilled-smoothies;54;0.6;11.9;10.5;0;0;1.0;null;
innocent-smoothie-apple--pear---beetroot-750ml;Innocent Smoothie Apple, Pear & Beetroot 750ml;£3.00/unit;£0.40/100ml;Chilled fruit juice & smoothies;chilled-smoothies;49;0.4;11;10;0;0;1;0;
innocent-strawberry---banana-smoothie-160ml;Innocent Smoothie Strawberry & Banana 160ml;£1.20/unit;£0.75/100ml;Chilled fruit juice & smoothies;chilled-smoothies;53;0.6;12.1;10.5;0.1;0.1;0.8;null;
innocent-superfruit-smoothie-pomegranate---acai-250ml;Innocent Smoothie Pomegranate & Acai 250ml;£1.80/unit;£0.72/100ml;Chilled fruit juice & smoothies;chilled-smoothies;67;0.6;15.5;15;0.2;0.1;0.9;null;
innocent-thai-curry-veg-pot-390g;Innocent Veg Pot, Thai Coconut Curry 380g;£2.00/unit;£5.26/kg;Ready meals;healthier-choice-ready-meals;73;2.2;10.02.1;10.02.1;2.31.5;2.31.5;1.9;0.34;
innocent-thai-curry-veg-pot-390g;Innocent Veg Pot, Thai Coconut Curry 380g;£2.00/unit;£5.26/kg;Ready meals;meals-for-1-ready-meals;73;2.2;10.02.1;10.02.1;2.31.5;2.31.5;1.9;0.34;
innocent-thai-curry-veg-pot-390g;Innocent Veg Pot, Thai Coconut Curry 380g;£2.00/unit;£5.26/kg;Ready meals;oriental-ready-meals;73;2.2;10.02.1;10.02.1;2.31.5;2.31.5;1.9;0.34;
innocent-thai-curry-veg-pot-390g;Innocent Veg Pot, Thai Coconut Curry 380g;£2.00/unit;£5.26/kg;Ready meals;vegetarian-ready-meals;73;2.2;10.02.1;10.02.1;2.31.5;2.31.5;1.9;0.34;
innocent-thai-curry-veg-pot-390g;Innocent Veg Pot, Thai Coconut Curry 380g;£2.00/unit;£5.26/kg;Soup & lunchtime snacks;lunchtime-snacks;73;2.2;10.02.1;10.02.1;2.31.5;2.31.5;1.9;0.34;
innocent-thai-curry-veg-pot-390g;Innocent Veg Pot, Thai Coconut Curry 380g;£2.00/unit;£5.26/kg;Vegetarian & meat free;vegetarian-meat-free-ready-meals;73;2.2;10.02.1;10.02.1;2.31.5;2.31.5;1.9;0.34;
innocent-tropical-blend-juice-900ml;Innocent Tropical Juice Blend 900ml;£1.50/unit;£0.17/100ml;Chilled fruit juice & smoothies;chilled-fruit-juice;44;0.4;10;8.9;0.1;0;0.6;0.01;
innocent-tropical-juice-135l;Innocent Tropical Juice Blend 1.35L;£3.25/unit;£0.24/100ml;Chilled fruit juice & smoothies;chilled-fruit-juice;44;0.4;10;4.9;0.1;0;0.6;0.01;
innocent-vietnamese-curry-nodle-pot-380g;Innocent Noodle Pot, Vietnamese Curry 380g;£2.00/unit;£5.26/kg;Ready meals;healthier-choice-ready-meals;93;2.9;13.8;2.8;2.4;1.1;2.2;0.42;
innocent-vietnamese-curry-nodle-pot-380g;Innocent Noodle Pot, Vietnamese Curry 380g;£2.00/unit;£5.26/kg;Ready meals;meals-for-1-ready-meals;93;2.9;13.8;2.8;2.4;1.1;2.2;0.42;
innocent-vietnamese-curry-nodle-pot-380g;Innocent Noodle Pot, Vietnamese Curry 380g;£2.00/unit;£5.26/kg;Ready meals;oriental-ready-meals;93;2.9;13.8;2.8;2.4;1.1;2.2;0.42;
innocent-vietnamese-curry-nodle-pot-380g;Innocent Noodle Pot, Vietnamese Curry 380g;£2.00/unit;£5.26/kg;Soup & lunchtime snacks;fresh-soups;93;2.9;13.8;2.8;2.4;1.1;2.2;0.42;
innocent-vietnamese-curry-nodle-pot-380g;Innocent Noodle Pot, Vietnamese Curry 380g;£2.00/unit;£5.26/kg;Soup & lunchtime snacks;lunchtime-snacks;93;2.9;13.8;2.8;2.4;1.1;2.2;0.42;
intense-luxury-olive-oil--organic-500ml;LA Organic Luxury Intense Spanish Extra Virgin Olive Oil 500ml;£11.00/unit;£2.20/100ml;Cooking ingredients & oils;oils;null;null;null;null;null;null;null;null;
irish-yogurts-creamier-probiotic-live-yogurts-4x125g;Irish Yogurt Creamier Live Yogurt 4x125g;£1.50/unit;£0.30/100g;Yogurts;active-health-yogurts-drinks;85;4.9;6.9;6.1;4.2;2.8;0.5;0.17;
irish-yogurts-creamier-probiotic-live-yogurts-4x125g;Irish Yogurt Creamier Live Yogurt 4x125g;£1.50/unit;£0.30/100g;Yogurts;corners-everyday-yogurts;85;4.9;6.9;6.1;4.2;2.8;0.5;0.17;
irish-yogurts-diet-variety-pack-4x125g;Irish Yogurt Diet Fat Free 4x125g;£1.50/unit;£0.30/100g;Yogurts;diet-low-fat-yogurts;51;5.0;7.3;6.9;0.2;0.1;0.5;0.3;
island-delight-jerk-beef-patty-140g;Island Delight Jerk Beef Pattie (Halal) 140g;£0.75/unit;£0.54/100g;Pies, pasties & quiche;slices-pasties;310;7.6;31.9;5.7;17.3;8.3;0.2;null;
island-delight-jerk-beef-patty-140g;Island Delight Jerk Beef Pattie (Halal) 140g;£0.75/unit;£0.54/100g;Soup & lunchtime snacks;lunchtime-snacks;310;7.6;31.9;5.7;17.3;8.3;0.2;null;
island-delight-jerk-beef-patty-140g;Island Delight Jerk Beef Pattie (Halal) 140g;£0.75/unit;£0.54/100g;World foods, kosher & halal;afro-caribbean-chilled-foods;310;7.6;31.9;5.7;17.3;8.3;0.2;null;
island-delight-jerk-chicken-pattie-140g;Island Delight Jerk Chicken Pattie (Halal) 140g;£0.75/unit;£0.54/100g;Pies, pasties & quiche;slices-pasties;333;8.0;34.5;5.2;18.1;8.4;0.5;0.61;
island-delight-jerk-chicken-pattie-140g;Island Delight Jerk Chicken Pattie (Halal) 140g;£0.75/unit;£0.54/100g;Soup & lunchtime snacks;lunchtime-snacks;333;8.0;34.5;5.2;18.1;8.4;0.5;0.61;
island-delight-jerk-chicken-pattie-140g;Island Delight Jerk Chicken Pattie (Halal) 140g;£0.75/unit;£0.54/100g;World foods, kosher & halal;afro-caribbean-chilled-foods;333;8.0;34.5;5.2;18.1;8.4;0.5;0.61;
island-delight-pattie--lamb-140g;Island Delight Lamb Pattie (Halal) 140g;£0.75/unit;£0.54/100g;Pies, pasties & quiche;slices-pasties;345;6.2;31.5;2.7;21.6;10.2;1.1;null;
island-delight-pattie--lamb-140g;Island Delight Lamb Pattie (Halal) 140g;£0.75/unit;£0.54/100g;Soup & lunchtime snacks;lunchtime-snacks;345;6.2;31.5;2.7;21.6;10.2;1.1;null;
island-delight-pattie--lamb-140g;Island Delight Lamb Pattie (Halal) 140g;£0.75/unit;£0.54/100g;World foods, kosher & halal;afro-caribbean-chilled-foods;345;6.2;31.5;2.7;21.6;10.2;1.1;null;
island-delight-pattie--vegetable-140g;Island Delight Vegetable Pattie 140g;£0.75/unit;£0.54/100g;Pies, pasties & quiche;slices-pasties;294;4.9;30.2;4.6;17.1;7.8;3.4;0.87;
island-delight-pattie--vegetable-140g;Island Delight Vegetable Pattie 140g;£0.75/unit;£0.54/100g;Soup & lunchtime snacks;lunchtime-snacks;294;4.9;30.2;4.6;17.1;7.8;3.4;0.87;
island-delight-pattie--vegetable-140g;Island Delight Vegetable Pattie 140g;£0.75/unit;£0.54/100g;World foods, kosher & halal;afro-caribbean-chilled-foods;294;4.9;30.2;4.6;17.1;7.8;3.4;0.87;
itsu-crispy-seaweed-thins-20g;Itsu Crispy Seaweed Thins 20g;£1.80/unit;£12.00/100g;Crisps, nuts & snacking fruit;healthier-snacks-12459-44;470;27.0;7.7;0.5;32.8;4.8;18.1;6.0;
itsu-miso-soup-original-75g;Itsu Miso Soup Original 75g;£1.60/unit;£2.13/100g;Canned, tinned & packaged foods;soups;175;10.2;20.5;16.7;4.9;0;3.8;10.3;
itsu-miso-soup-vegetarian-75g;Itsu Miso Soup Vegetarian 75g;£1.60/unit;£2.13/100g;Canned, tinned & packaged foods;soups;167;10.0;18.3;14.6;5.1;0;3.7;9.5;
itsu-noodle-cup-chicken-classic-63g;Itsu Noodle Cup Classic Chicken 63g;£1.75/unit;£27.78/kg;Cooking sauces & world foods;world-foods-instant-snack-meals;47;1.3;7.8;1.4;1;0.6;0.6;0.65;
itsu-noodle-cup-chicken-classic-63g;Itsu Noodle Cup Classic Chicken 63g;£1.75/unit;£27.78/kg;Rice, pasta & noodles;instant-snack-meals;47;1.3;7.8;1.4;1;0.6;0.6;0.65;
itsu-noodle-cup-chicken-classic-63g;Itsu Noodle Cup Classic Chicken 63g;£1.75/unit;£27.78/kg;Rice, pasta & noodles;noodles;47;1.3;7.8;1.4;1;0.6;0.6;0.65;
itsu-noodle-cup-chicken-jaipur-58g;Itsu Noodle Cup Chicken Jaipur 58g;£1.75/unit;£30.17/kg;Cooking sauces & world foods;world-foods-instant-snack-meals;52;1.4;9.7;1.5;0.8;0.1;0.5;0.66;
itsu-noodle-cup-chicken-jaipur-58g;Itsu Noodle Cup Chicken Jaipur 58g;£1.75/unit;£30.17/kg;Rice, pasta & noodles;instant-snack-meals;52;1.4;9.7;1.5;0.8;0.1;0.5;0.66;
itsu-noodle-cup-chicken-jaipur-58g;Itsu Noodle Cup Chicken Jaipur 58g;£1.75/unit;£30.17/kg;Rice, pasta & noodles;noodles;52;1.4;9.7;1.5;0.8;0.1;0.5;0.66;
itsu-noodle-cup-duck-58g;Itsu Noodle Cup Duck 58g;£1.75/unit;£30.17/kg;Cooking sauces & world foods;world-foods-instant-snack-meals;43;1.0;7.8;1.1;0.9;0.3;0.5;0.71;
itsu-noodle-cup-duck-58g;Itsu Noodle Cup Duck 58g;£1.75/unit;£30.17/kg;Rice, pasta & noodles;instant-snack-meals;43;1.0;7.8;1.1;0.9;0.3;0.5;0.71;
itsu-noodle-cup-vegetable-festival-63g;Itsu Noodle Cup Vegetable Festival 63g;£1.75/unit;£27.78/kg;Cooking sauces & world foods;world-foods-instant-snack-meals;44;1.2;7.9;2.2;0.8;0.1;0.5;0.67;
itsu-noodle-cup-vegetable-festival-63g;Itsu Noodle Cup Vegetable Festival 63g;£1.75/unit;£27.78/kg;Rice, pasta & noodles;instant-snack-meals;44;1.2;7.9;2.2;0.8;0.1;0.5;0.67;
itsu-noodle-cup-vegetable-festival-63g;Itsu Noodle Cup Vegetable Festival 63g;£1.75/unit;£27.78/kg;Rice, pasta & noodles;noodles;44;1.2;7.9;2.2;0.8;0.1;0.5;0.67;
itsu-noodle-pot-chicken-255g;Itsu Noodle Pot, Udon Noodles & Indian Inspired Soup with Chicken 255g;£2.50/unit;£9.80/kg;Cooking sauces & world foods;world-foods-instant-snack-meals;55;2;9.9;1.7;0.5;0.1;1.2;0.52;
itsu-noodle-pot-chicken-255g;Itsu Noodle Pot, Udon Noodles & Indian Inspired Soup with Chicken 255g;£2.50/unit;£9.80/kg;Rice, pasta & noodles;instant-snack-meals;55;2;9.9;1.7;0.5;0.1;1.2;0.52;
itsu-noodle-pot-chicken-255g;Itsu Noodle Pot, Udon Noodles & Indian Inspired Soup with Chicken 255g;£2.50/unit;£9.80/kg;Rice, pasta & noodles;noodles;55;2;9.9;1.7;0.5;0.1;1.2;0.52;
jack-daniels-original-barbacue-sce-260g;Jack Daniel's Original Barbacue Sauce 260g;£2.00/unit;£0.77/100g;Table sauces, dressings & condiments;tomato-ketchup-brown-bbq-other-sauces;163;0.7;38.8;35.9;0.1;0.0;0.9;null;
jack-daniels-smokey-bbq-sauce-260g;Jack Daniel's Smokey BBQ Sauce 260g;£2.00/unit;£0.77/100g;Table sauces, dressings & condiments;tomato-ketchup-brown-bbq-other-sauces;173;0.7;41.4;38.2;0.1;0.0;0.9;null;
jacobs-baked-cream-crackers-with-black-pepper-200g;Jacob's Baked Cream Crackers with Black Pepper 200g;£1.00/unit;£0.50/100g;Biscuits & crackers;crackers-savoury-biscuits;441;10.0;67.7;1.4;13.5;4.0;4.2;1.3;
jacobs-biscuits-for-cheese-200g;Jacob's Biscuits For Cheese 200g;£2.00/unit;£0.80/100g;Biscuits & crackers;biscuits-crackers-sharing-bags-assortments;457;9.2;64.9;6.9;16.9;7.9;4.2;1.4;
jacobs-biscuits-for-cheese-200g;Jacob's Biscuits For Cheese 200g;£2.00/unit;£0.80/100g;Biscuits & crackers;crackers-savoury-biscuits;457;9.2;64.9;6.9;16.9;7.9;4.2;1.4;
jacobs-choice-grain-savoury-biscuits-200g;Jacob's Choice Grain Savoury Biscuits 200g;£1.25/unit;£0.63/100g;Biscuits & crackers;crackers-savoury-biscuits;428;8.8;63.7;6.1;14.1;6.3;5.5;1.8;
jacobs-club-fruit-x8;McVitie's Club Fruit x8;£1.40/unit;£0.70/100g;Biscuits & crackers;biscuits-crackers-kids-lunchbox;496;5.9;61.1;41.5;24.7;15.5;3.0;0.3;
jacobs-club-fruit-x8;McVitie's Club Fruit x8;£1.40/unit;£0.70/100g;Biscuits & crackers;chocolate-biscuits;496;5.9;61.1;41.5;24.7;15.5;3.0;0.3;
jacobs-club-mint-8x225g;McVitie's Club Mint 8xx22.5g;£1.40/unit;£0.78/100g;Biscuits & crackers;biscuits-crackers-kids-lunchbox;510;5.7;61.2;39.5;26.4;16.4;2.3;0.7;
jacobs-club-mint-8x225g;McVitie's Club Mint 8xx22.5g;£1.40/unit;£0.78/100g;Biscuits & crackers;chocolate-biscuits;510;5.7;61.2;39.5;26.4;16.4;2.3;0.7;
jacobs-club-orange-x8;McVitie's Club Orange x8;£1.40/unit;£0.70/100g;Biscuits & crackers;biscuits-crackers-kids-lunchbox;512;5.7;61.0;39.4;26.6;16.6;2.3;0.75;
jacobs-club-orange-x8;McVitie's Club Orange x8;£1.40/unit;£0.70/100g;Biscuits & crackers;chocolate-biscuits;512;5.7;61.0;39.4;26.6;16.6;2.3;0.75;
jacobs-cornish-wafer-150g;Jacob's Cornish Wafer 150g;£1.25/unit;£0.83/100g;Biscuits & crackers;crackers-savoury-biscuits;527;8.9;56.7;1.0;28.8;13.8;3.0;0.83;
jacobs-cream-cracker-2x200g;Jacob's Cream Cracker 2x200g;£1.25/unit;£0.31/100g;Biscuits & crackers;crackers-savoury-biscuits;440;10.0;67.7;1.4;13.5;6.2;3.8;1.3;
jacobs-cream-cracker-snackpack-x8-192g;Jacob's Cream Cracker Snackpack x8 192g;£1.50/unit;£0.78/100g;Biscuits & crackers;biscuits-crackers-kids-lunchbox;440;10.0;67.7;1.4;13.5;6.2;3.8;1.3;
jacobs-cream-cracker-snackpack-x8-192g;Jacob's Cream Cracker Snackpack x8 192g;£1.50/unit;£0.78/100g;Biscuits & crackers;crackers-savoury-biscuits;440;10.0;67.7;1.4;13.5;6.2;3.8;1.3;
jacobs-cream-crackers-300g;Jacob's Cream Crackers 300g;£1.00/unit;£0.33/100g;Biscuits & crackers;crackers-savoury-biscuits;440;10.0;67.7;1.4;13.5;6.2;3.8;1.3;
jacobs-cream-crackers-high-fibre-200g;Jacob's Cream Crackers High Fibre 200g;£1.00/unit;£0.50/100g;Biscuits & crackers;crackers-savoury-biscuits;463;9.3;61.4;1.6;18.3;6.1;7.4;1.7;
jacobs-crinklys-variety-7pk;Jacob's Crinklys Variety Pack 7x25g;£1.00/unit;£0.57/100g;Crisps, nuts & snacking fruit;crisps;489;8.5;62.4;8.0;22.1;7.2;2.9;1.6;
jacobs-crispbreads-chive-5x38g;Jacob's Crispbreads Chive 5x38g;£1.50/unit;£0.79/100g;Biscuits & crackers;crackers-savoury-biscuits;440;9.0;66.7;5.8;14.3;6.4;4.2;1.1;
jacobs-crispbreads-mixed-grain-5x38g;Jacob's Crispbreads Mixed Grain 5x38g;£1.50/unit;£0.79/100g;Biscuits & crackers;crackers-savoury-biscuits;438;9.0;66.9;6.0;14.0;6.3;4.2;1.1;
jacobs-crispbreads-mixed-seed-5x190g;Jacob's Crispbreads Mixed Seed 5x190g;£1.50/unit;£0.79/100g;Biscuits & crackers;crackers-savoury-biscuits;451;9.9;63.1;5.7;16.8;6.5;3.8;1.0;
jacobs-fig-roll-200g;McVitie's Fig Roll 200g;£1.30/unit;£0.65/100g;Biscuits & crackers;everyday-biscuits-shortbread;372;4.1;68.3;37.3;8.0;3.5;5.0;0.5;
jacobs-flatbread-multi-grain-150g;Jacob's Flatbread Multi Grain 150g;£1.50/unit;£1.00/100g;Biscuits & crackers;crackers-savoury-biscuits;411;11.0;73.8;2.6;6.8;2.9;5.3;1.1;
jacobs-flatbreads-mixed-seeds-150g;Jacob's Flatbreads Mixed Seeds 150g;£1.50/unit;£1.00/100g;Biscuits & crackers;crackers-savoury-biscuits;423;11.8;69.8;2.8;9.6;3.3;5.3;1.1;
jacobs-flatbreads-salt---pepper-150g;Jacob's Flatbreads Salt & Pepper 150g;£1.50/unit;£1.00/100g;Biscuits & crackers;crackers-savoury-biscuits;419;11.3;71.2;3.2;8.8;3.1;5.1;1.1;
jacobs-iced-chocolate-gems-multipack-x5-25g;McVitie's Choc Gems 5x25g;£1.50/unit;£1.20/100g;Biscuits & crackers;biscuits-crackers-kids-lunchbox;495;6.5;64.0;35.1;23.0;12.7;2.6;0.8;
jacobs-iced-gems-multipack-x6-150g;McVitie's Iced Gems x6 150g;£1.50/unit;£1.00/100g;Biscuits & crackers;biscuits-crackers-kids-lunchbox;399;5.0;86.7;51.6;3.1;1.3;2.0;0.7;
jacobs-oddities-bacon-x5-125g;Jacob's Oddities Bacon x5 125g;£1.60/unit;£1.28/100g;Biscuits & crackers;biscuits-crackers-kids-lunchbox;446;9.5;67.1;9.1;14.7;1.4;3.2;1.6;
jacobs-oddities-bacon-x5-125g;Jacob's Oddities Bacon x5 125g;£1.60/unit;£1.28/100g;Biscuits & crackers;crackers-savoury-biscuits;446;9.5;67.1;9.1;14.7;1.4;3.2;1.6;
jacobs-oddities-cheese---onion-5x25g;Jacob's Oddities Cheese & Onion 5x25g;£1.60/unit;£1.28/100g;Biscuits & crackers;biscuits-crackers-kids-lunchbox;453;9.4;68.8;10.3;14.8;1.5;3.6;1.8;
jacobs-oddities-cheese---onion-5x25g;Jacob's Oddities Cheese & Onion 5x25g;£1.60/unit;£1.28/100g;Biscuits & crackers;crackers-savoury-biscuits;453;9.4;68.8;10.3;14.8;1.5;3.6;1.8;
jacobs-oddities-cheese-x5-125g;Jacob's Oddities Cheese x5 125g;£1.60/unit;£1.28/100g;Biscuits & crackers;biscuits-crackers-kids-lunchbox;445;9.2;66.8;10.0;15.0;1.7;3.2;1.3;
jacobs-oddities-cheese-x5-125g;Jacob's Oddities Cheese x5 125g;£1.60/unit;£1.28/100g;Biscuits & crackers;crackers-savoury-biscuits;445;9.2;66.8;10.0;15.0;1.7;3.2;1.3;
jacobs-oddities-chicken-5x25g;Jacob's Oddities Chicken 5x25g;£1.59/unit;£1.27/100g;Biscuits & crackers;biscuits-crackers-kids-lunchbox;455;9.3;70.3;10.9;14.6;1.4;2.4;1.5;
jacobs-oddities-salt---vinegar-125g;Jacob's Oddities Salt & Vinegar 125g;£1.60/unit;£1.28/100g;Biscuits & crackers;crackers-savoury-biscuits;443;8.8;66.3;9.9;14.6;1.4;3.1;1.9;
jacobs-oddities-salt---vinegar-125g;Jacob's Oddities Salt & Vinegar 125g;£1.60/unit;£1.28/100g;Crisps, nuts & snacking fruit;party-nibbles-bites;443;8.8;66.3;9.9;14.6;1.4;3.1;1.9;
jacobs-ritz-crackers--box-200g;Ritz Original Crackers Box 200g;£1.00/unit;£0.50/100g;Biscuits & crackers;biscuits-crackers-sharing-bags-assortments;505;10;60;3.4;24.5;11.5;2.2;1.38;
jacobs-ritz-crackers--box-200g;Ritz Original Crackers Box 200g;£1.00/unit;£0.50/100g;Biscuits & crackers;crackers-savoury-biscuits;505;10;60;3.4;24.5;11.5;2.2;1.38;
jacobs-savours-cheese-thins-150g;Jacob's Savours Cheese Thins 150g;£1.20/unit;£0.80/100g;Biscuits & crackers;crackers-savoury-biscuits;480;10.3;59.5;3.8;21.7;16.0;3.3;1.3;
jacobs-savours-salt---black-pepper-200g;Jacob's Savours Salt & Black Pepper 200g;£1.20/unit;£0.60/100g;Biscuits & crackers;crackers-savoury-biscuits;465;9.2;67.5;1.4;16.6;7.5;4.0;1.4;
jacobs-savours-sweet-chilli-thins-150g;Jacob's Savours Sweet Chilli Thins 150g;£1.20/unit;£0.80/100g;Biscuits & crackers;crackers-savoury-biscuits;488;7.4;64.9;9.5;21.7;16.6;2.2;2.0;
jacobs-savours-thins--sour-cream---chive-150g;Jacob's Savours Thins, Sour Cream & Chive 150g;£1.20/unit;£0.80/100g;Biscuits & crackers;crackers-savoury-biscuits;485;8.0;64.3;2.8;21.3;16.5;2.0;1.8;
jacobs-tuc-crackers-150g;Jacob's TUC Crackers 150g;£1.30/unit;£0.87/100g;Biscuits & crackers;crackers-savoury-biscuits;511;7.1;55.7;7.3;28.3;13.0;2.6;2.4;
jacobs-tuc-crackers-savoury-sandwich-150g;Jacob's TUC Crackers Savoury Sandwich 150g;£1.30/unit;£0.87/100g;Biscuits & crackers;crackers-savoury-biscuits;520;7.8;55.1;8.3;29.4;10.8;2.2;1.4;
jalapeno-pasta-salad-400g;Sainsbury's Tomato & Jalapeno Pasta 400g;£1.00/unit;£0.25/100g;Coleslaw, olives, salads & dips;coleslaw-salads;129;3.7;20.5;5.1;3.3;0.3;1.4;0.83;
jalapeno-pasta-salad-400g;Sainsbury's Tomato & Jalapeno Pasta 400g;£1.00/unit;£0.25/100g;Fresh salad;dressings-coleslaw-accompaniments;129;3.7;20.5;5.1;3.3;0.3;1.4;0.83;
jalapeno-pasta-salad-400g;Sainsbury's Tomato & Jalapeno Pasta 400g;£1.00/unit;£0.25/100g;Prepared & ready to eat;prepared-salad-herbs;129;3.7;20.5;5.1;3.3;0.3;1.4;0.83;
jalapeno-pasta-salad-400g;Sainsbury's Tomato & Jalapeno Pasta 400g;£1.00/unit;£0.25/100g;Soup & lunchtime snacks;lunchtime-snacks;129;3.7;20.5;5.1;3.3;0.3;1.4;0.83;
jalapeno-pasta-salad-400g;Sainsbury's Tomato & Jalapeno Pasta 400g;£1.00/unit;£0.25/100g;Vegetarian & meat free;coleslaw--olives--salads---dips-30658-44;129;3.7;20.5;5.1;3.3;0.3;1.4;0.83;
jamesons-ruffle-raspberry-bars-5x26g;Jameson's Ruffle Raspberry Bars 5x26g;£1.50/unit;£1.15/100g;Confectionery;chocolate;475;2.9;70.4;59.6;20.4;15.8;0;0;
jamie-oliver-black-peppercorn-grinder-50g;Jamie Oliver Black Peppercorn Grinder 50g;£3.00/unit;£0.60/10g;Cooking ingredients & oils;salt-pepper;386;10.9;64.8;0.6;3.3;1.0;26.5;0.0;
jamie-oliver-incredible-curried-chickpeas-250g;Jamie Oliver Incredible Curried Chickpeas 250g;£2.30/unit;£9.20/kg;Canned, tinned & packaged foods;canned-tinned-packaged-vegetables;129;6.0;15.1;1.1;3.9;0.3;4.9;0.4;
jamie-oliver-lemon---bay-grinder-70g;Jamie Oliver Lemon & Bay Grinder 70g;£3.00/unit;£0.43/10g;Cooking ingredients & oils;herbs-spices-seasoning;81;1.0;11.5;4.2;0.6;0.3;13.0;78.5;
jamie-oliver-lemon---herb-stuffing-110g;Jamie Oliver Lemon & Herb Stuffing 110g;£1.45/unit;£13.18/kg;Cooking ingredients & oils;stuffing;133;2.6;31.4;2.0;0.3;0.1;2.8;1.0;
jamie-oliver-lovely-lentils-250g;Jamie Oliver Lovely Lentils 250g;£2.30/unit;£9.20/kg;Canned, tinned & packaged foods;pulses-beans;97;6.1;12.0;1.6;1.8;0.3;4.0;0.7;
jamie-oliver-mouthwatering-moroccan-salad-250g;Jamie Oliver Mouthwatering Moroccan Salad 250g;£2.30/unit;£9.20/kg;Canned, tinned & packaged foods;canned-tinned-packaged-vegetables;180;6.2;25.3;2.4;4.9;0.7;5.1;0.3;
jamie-oliver-mustard-pearl-barley-250g;Jamie Oliver Mustard Pearl Barley 250g;£2.30/unit;£9.20/kg;Canned, tinned & packaged foods;pulses-beans;170;4.8;22.5;1.3;5.3;1.0;6.5;0.7;
jamie-oliver-pink-salt-grinder-90g;Jamie Oliver Pink Salt Grinder 90g;£3.00/unit;£0.33/10g;Cooking ingredients & oils;herbs-spices-seasoning;0.0;0.0;0.0;0.0;0.0;0.0;0.0;97.0;
jamie-oliver-pink-salt-grinder-90g;Jamie Oliver Pink Salt Grinder 90g;£3.00/unit;£0.33/10g;Cooking ingredients & oils;salt-pepper;0.0;0.0;0.0;0.0;0.0;0.0;0.0;97.0;
jamie-oliver-sage---onion-stuffing-110g;Jamie Oliver Sage & Onion Stuffing 110g;£1.45/unit;£13.18/kg;Cooking ingredients & oils;stuffing;92;2.5;16.5;1.0;1.6;0.5;1.4;1.0;
jamie-oliver-sensational-sweet-chilli-spelt-250g;Jamie Oliver Sensational Sweet Chilli Spelt 250g;£2.30/unit;£9.20/kg;Canned, tinned & packaged foods;canned-tinned-packaged-vegetables;197;5.9;31.8;2.9;4.1;0.1;4.8;0.6;
jamie-oliver-szechuan-chilli---ginger-salt-grinder-35g;Jamie Oliver Szechuan Chilli & Ginger Salt Grinder 35g;£3.00/unit;£0.86/10g;Cooking ingredients & oils;chilli-curry-powder;294;7.4;34.7;3.7;8.8;1.6;23.4;19.0;
jamie-oliver-szechuan-chilli---ginger-salt-grinder-35g;Jamie Oliver Szechuan Chilli & Ginger Salt Grinder 35g;£3.00/unit;£0.86/10g;Cooking ingredients & oils;herbs-spices-seasoning;294;7.4;34.7;3.7;8.8;1.6;23.4;19.0;
jamie-oliver-tomato---chilli-stuffing-110g;Jamie Oliver Tomato & Chilli Stuffing 110g;£1.45/unit;£13.18/kg;Cooking ingredients & oils;stuffing;123;2.7;24.6;4.4;1.6;0.7;0.5;1.0;
jamie-oliver-tomato---olive-quinoa-250g;Jamie Oliver Tomato & Olive Quinoa 250g;£2.30/unit;£9.20/kg;Canned, tinned & packaged foods;pulses-beans;177;4.0;25.6;1.2;5.8;1.0;3.1;0.6;
jammie-dodger-cake;Jammie Dodger Cake;£8.00/unit;£8.00/ea;Celebration cakes;celebration-cakes;390;2.4;70.3;57.9;10.8;2.1;null;0.33;
jammie-dodgers-140g;Jammie Dodgers 140g;£0.90/unit;£0.64/100g;Biscuits & crackers;biscuits-crackers-kids-lunchbox;440;5.1;71.3;36.2;15.0;7.1;1.7;0.40;
jammie-dodgers-140g;Jammie Dodgers 140g;£0.90/unit;£0.64/100g;Biscuits & crackers;everyday-biscuits-shortbread;440;5.1;71.3;36.2;15.0;7.1;1.7;0.40;
jammie-dodgers-bakes-apricot-160g;Jammie Dodgers Bakes Apricot 160g;£1.50/unit;£0.94/100g;Biscuits & crackers;healthier-biscuits-crackers;421;4.5;72.1;23.4;15;7.5;1.8;1;
jammie-dodgers-bakes-raspberry-160g;Jammie Dodgers Bakes Raspberry 160g;£1.50/unit;£0.94/100g;Biscuits & crackers;healthier-biscuits-crackers;421;4.5;71.5;30.9;15;7.5;1.8;1;
jelly-belly-assorted-cs-100g;Jelly Belly Assorted Cs 100g;£1.40/unit;£1.40/100g;Confectionery;sweets;null;null;null;null;null;null;null;null;
jelly-belly-mini-pouch-40g;Jelly Belly Mini Pouch 40g;£0.60/unit;£1.50/100g;Confectionery;sweets;null;null;null;null;null;null;null;null;
jif-lemon-juice-250ml;Jif Lemon Juice 250ml;£0.90/unit;£0.36/100ml;Sugar & home baking;baking-ingredients---colourings;24;0.5;2.0;2.0;0;0;0.1;0.25;
jif-lemon-juice-55ml;Jif Squeezy Lemon Juice 55ml;£0.50/unit;£0.91/100ml;Sugar & home baking;baking-ingredients---colourings;24;0.5;2.0;2.0;0;0;0.1;0.25;
john-west-anchovy-100g;John West Anchovy Fillets 100g (60g*);£2.00/unit;£3.33/100g;Canned, tinned & packaged foods;canned-tinned-packaged-fish;226;25.0;0;0;14.0;2.2;0;14.5;
john-west-anchovy-50g;John West Anchovy Fillets 50g (30g*);£1.10/unit;£3.67/100g;Canned, tinned & packaged foods;canned-tinned-packaged-fish;226;25.0;0;0;14.0;2.2;0;14.5;
john-west-apricot-halves-in-syrup-411g;Summer Pride Apricot Halves In Syrup 410g;£0.65/unit;£1.59/kg;Canned, tinned & packaged foods;canned-tinned-packaged-fruit;54;0.4;12.4;12.4;0;0;1.2;0.03;
john-west-apricot-halves-in-syrup-411g;Summer Pride Apricot Halves In Syrup 410g;£0.65/unit;£1.59/kg;Fruit & desserts;dessert-fruit;54;0.4;12.4;12.4;0;0;1.2;0.03;
john-west-boneless-sardines-in-olive-oil-95g;John West Sardines in Olive Oil, Boneless 95g (67g*);£1.20/unit;£1.79/100g;Canned, tinned & packaged foods;canned-tinned-packaged-fish;225;21.7;0;0;15.4;3.4;0;1.7;
john-west-dressed-crab-43g;John West Dressed Crab 43g;£1.00/unit;£2.33/100g;Canned, tinned & packaged foods;canned-tinned-packaged-fish;142;16.0;3.8;0;7.0;1.9;null;1.2;
john-west-dressed-lobster-43g;John West Dressed Lobster 43g;£1.00/unit;£2.33/100g;Canned, tinned & packaged foods;canned-tinned-packaged-fish;105;13.0;2.0;0;5.0;0.6;null;1.2;
john-west-grilled-mackerel-110g;John West Mackerel Fillets, Grilled 110g;£1.25/unit;£1.14/100g;Canned, tinned & packaged foods;canned-tinned-packaged-fish;245;23.0;0.0;0.0;17.0;3.8;null;1.0;
john-west-grilled-sardines-100g;John West Sardines with No Added Brine 100g;£1.20/unit;£1.20/100g;Canned, tinned & packaged foods;canned-tinned-packaged-fish;198;22.8;0;0;11.9;3.5;0;1.0;
john-west-grilled-sardines-lemon-100g;John West Sardines Grilled with Lemon 100g;£1.20/unit;£1.20/100g;Canned, tinned & packaged foods;canned-tinned-packaged-fish;198;22.8;0;0;11.9;3.5;0;1.0;
john-west-herring-mustard---dill-sauce-160g;John West Herring Fillets in Mustard & Dill Sauce 160g;£1.50/unit;£0.94/100g;Canned, tinned & packaged foods;canned-tinned-packaged-fish;259;13.8;4.6;3.8;20.6;3.6;0;1.5;
john-west-herrings-in-tomato-sauce-160g;John West Herring Fillets in Tomato Sauce 160g;£1.50/unit;£0.94/100g;Canned, tinned & packaged foods;canned-tinned-packaged-fish;null;12.6;5.1;4.4;12.8;2.7;null;1.2;
john-west-infusions-tuna-basil-80g;John West Infusions Tuna Basil 80g;£1.00/unit;£1.25/100g;Canned, tinned & packaged foods;canned-tinned-packaged-fish;231;24.0;0.2;0;14.9;2.0;0.1;1.0;
john-west-infusions-tuna-chilli---garlic-80g;John West Infusions Tuna Chilli & Garlic 80g;£1.00/unit;£1.25/100g;Canned, tinned & packaged foods;canned-tinned-packaged-fish;202;24.2;0.3;0.2;11.5;1.5;null;1.0;
john-west-infusions-tuna-coriander---cumin-80g;John West Infusions Tuna Coriander & Cumin 80g;£1.00/unit;£1.25/100g;Canned, tinned & packaged foods;canned-tinned-packaged-fish;222;24.1;0.1;0;13.9;1.8;0.1;1.0;
john-west-infusions-tuna-lemon---thyme-80g;John West Infusions Tuna Lemon & Thyme 80g;£1.00/unit;£1.25/100g;Canned, tinned & packaged foods;canned-tinned-packaged-fish;222;24.1;0.1;0;13.9;1.8;0.1;1.0;
john-west-infusions-tuna-soy---ginger-80g;John West Infusions Tuna Soy & Ginger 80g;£1.00/unit;£1.25/100g;Canned, tinned & packaged foods;canned-tinned-packaged-fish;204;24.5;1.9;0.6;10.9;1.4;0.2;1.5;
john-west-kipper-fillets-in-brine-160g;John West Kipper Fillets in Brine 160g (115g*);£1.50/unit;£1.30/100g;Canned, tinned & packaged foods;canned-tinned-packaged-fish;192;18.0;0;0;16.0;3.7;0;1.5;
john-west-kipper-fillets-in-oil-160g;John West Kipper Fillets in Oil 160g (115g*);£1.50/unit;£1.30/100g;Canned, tinned & packaged foods;canned-tinned-packaged-fish;238;19.1;0;0;17.9;3.6;0;1.5;
john-west-light-lunch-salmon-220g;John West Light Lunch, Moroccan Style Salmon Salad 220g;£2.00/unit;£0.91/100g;Canned, tinned & packaged foods;canned-tinned-packaged-fish;null;11.7;8.8;6.2;5.3;0.6;3.4;1.0;
john-west-lump-fish-caviar-50g;John West Black Lumpfish Caviar 50g;£2.50/unit;£5.00/100g;Canned, tinned & packaged foods;canned-tinned-packaged-fish;90;11.0;2.0;0;4.0;0.8;0;6.7;
john-west-lychees-in-syrup-425g;John West Lychees In Light Syrup 425g;£0.80/unit;£1.88/kg;Fruit & desserts;dessert-fruit;60;0.4;14.2;14.2;0;0;0.6;0;
john-west-mackerel-with-honey-bbq-dressing-85g;John West Mackerel with Honey BBQ Dressing 85g;£1.00/unit;£1.17/100g;Canned, tinned & packaged foods;canned-tinned-packaged-fish;123;19.2;5.7;4.6;2.4;0.5;1.1;1.0;
john-west-mussels--smoked--in-vegetable-oil-85g;John West Smoked Mussels in Vegetable Oil 85g (65g*);£1.50/unit;£2.31/100g;Canned, tinned & packaged foods;canned-tinned-packaged-fish;196;19.9;1.6;0;12.2;1.6;0;1.5;
john-west-mussels-in-escabeche-sauce-110g;John West Mussels in Escabeche Sauce 110g;£2.30/unit;£2.07/100g;Canned, tinned & packaged foods;canned-tinned-packaged-fish;160;18.1;5;0.0;7.5;1.1;0.0;2;
john-west-no-drain-tuna-steak-with-a-little-sunflower-oil-130g;John West Tuna Steak No Drain with Sunflower Oil 120g;£2.00/unit;£1.67/100g;Canned, tinned & packaged foods;canned-tinned-packaged-fish;177;26.4;0;0;6.8;0.9;null;1.0;
john-west-no-drain-tuna-steaks-in-brine-3x60g;John West Tuna Steak No Drain with Brine 3x60g;£2.50/unit;£1.39/100g;Canned, tinned & packaged foods;canned-tinned-packaged-fish;113;26.6;0;0;0.8;0.3;0;1.0;
john-west-peppered-mackerel-110g;John West Mackerel Fillets, Peppered 110g;£1.25/unit;£1.14/100g;Canned, tinned & packaged foods;canned-tinned-packaged-fish;226;20.4;0;0;16.0;3.6;0;1.0;
john-west-pink-salmon-skinless---boneless-105g;John West Pink Salmon Skinless & Boneless 105g;£2.00/unit;£1.90/100g;Canned, tinned & packaged foods;canned-tinned-packaged-fish;100;20.4;0;0;2.0;0.4;null;0.9;
john-west-pink-salmon-skinless---boneless-170g;John West Pink Salmon Skinless & Boneless 170g;£2.00/unit;£1.17/100g;Canned, tinned & packaged foods;canned-tinned-packaged-fish;100;20.4;0;0;2.0;0.4;null;0.9;
john-west-pole---line-chunks-tuna-in-oil-3x80g;John West Tuna Chunks in Oil, Pole & Line Caught 3x80g (3x56g);£2.50/unit;£1.49/100g;Canned, tinned & packaged foods;canned-tinned-packaged-fish;180;27.0;0;0;8.0;1.0;0;1.0;
john-west-pole---line-tuna-chunks-in-brine-3x80g;John West Tuna Chunks in Brine, Pole & Line Caught 3x80g (3x56g);£2.50/unit;£1.49/100g;Canned, tinned & packaged foods;canned-tinned-packaged-fish;113;27.0;0;0;0.5;0.2;0;1.0;
john-west-sardines-in-spicy-tomato-sauce-120g;John West Sardines in Spicy Tomato Sauce 120g;£1.00/unit;£0.83/100g;Canned, tinned & packaged foods;canned-tinned-packaged-fish;170;17.0;3.0;2.4;10.0;2.5;0;1.5;
john-west-sardines-in-sunflower-oil-120g;John West Sardines in Sunflower Oil 120g (90g*);£1.00/unit;£1.11/100g;Canned, tinned & packaged foods;canned-tinned-packaged-fish;218;23.0;0;0;14.0;2.9;0;1.5;
john-west-sardines-in-sunflower-oil-skinless---boneless-95g;John West Sardines in Sunflower Oil, Boneless 95g (67g*);£1.20/unit;£1.79/100g;Canned, tinned & packaged foods;canned-tinned-packaged-fish;225;21.7;0;0;15.4;3.9;0;1.7;
john-west-sardines-in-tomato-sauce--skinless---boneless-95g;John West Sardines in Tomato Sauce, Boneless 95g;£1.20/unit;£1.26/100g;Canned, tinned & packaged foods;canned-tinned-packaged-fish;142;17.0;1.5;1.5;7.5;1.9;null;1.0;
john-west-sardines-in-tomato-sauce-120g;John West Sardines in Tomato Sauce 120g;£1.00/unit;£0.83/100g;Canned, tinned & packaged foods;canned-tinned-packaged-fish;164;17.0;1.5;1.5;10.0;2.5;0.0;1.0;
john-west-sardines-peri-peri-120g;John West Sardines in Peri Peri Sauce 120g;£1.00/unit;£0.83/100g;Canned, tinned & packaged foods;canned-tinned-packaged-fish;163;16.9;1.0;0.2;10.2;2.6;0;0.8;
john-west-sardines-with-piri-piri-dressing-85g;John West Sardines with Piri Piri Dressing 85g;£1.00/unit;£1.17/100g;Canned, tinned & packaged foods;canned-tinned-packaged-fish;117;19.9;2.5;1.0;2.8;0.7;0.9;1.2;
john-west-scallops-in-viera-sauce-110g;John West Scallops in Viera Sauce 110g;£2.30/unit;£2.07/100g;Canned, tinned & packaged foods;canned-tinned-packaged-fish;142;15.8;5;0.0;6.5;0.9;0.0;1.4;
john-west-shredded-crabmeat-170g;John West Shredded Crabmeat 170g;£2.70/unit;£1.59/100g;Canned, tinned & packaged foods;canned-tinned-packaged-fish;72;17.0;0.7;0.7;0.1;0.0;null;1.5;
john-west-sild-in-sunflower-oil-110g;John West Sild in Sunflower Oil 110g (75g*);£1.20/unit;£1.60/100g;Canned, tinned & packaged foods;canned-tinned-packaged-fish;255;21.0;0;0;19.0;3.6;0;1.2;
john-west-sild-in-tomato-sauce-110g;John West Sild in Tomato Sauce 110g;£1.20/unit;£1.09/100g;Canned, tinned & packaged foods;canned-tinned-packaged-fish;221;21.0;2.5;2.1;13.0;2.8;0;1.2;
john-west-skippers-in-sunflower-oil-106g;John West Skippers Brisling in Sunflower Oil 106g (75g*);£1.20/unit;£1.60/100g;Canned, tinned & packaged foods;canned-tinned-packaged-fish;243;18.0;0;0;19.0;3.6;0;1.2;
john-west-skippers-in-tomato-sauce-106g;John West Skippers Brisling in Tomato Sauce 106g;£1.20/unit;£1.13/100g;Canned, tinned & packaged foods;canned-tinned-packaged-fish;189;15.0;3.0;2.4;13.0;2.7;0;1.2;
john-west-smoked-mackerel-110g;John West Mackerel Fillets, Smoked 110g;£1.25/unit;£1.14/100g;Canned, tinned & packaged foods;canned-tinned-packaged-fish;241;22.0;0.0;0.0;17.0;3.8;null;1.0;
john-west-smoked-oysters-85g;John West Smoked Oysters in Sunflower Oil 85g (65g*);£2.00/unit;£3.08/100g;Canned, tinned & packaged foods;canned-tinned-packaged-fish;230;16.0;10.0;0;14.0;3.7;0;1.0;
john-west-soft-cod-roe-100g;John West Soft Cod Roe 100g;£1.40/unit;£1.40/100g;Canned, tinned & packaged foods;canned-tinned-packaged-fish;84;12.0;0;0;4.0;0.8;null;0.2;
john-west-squid-chunks-in-ink-sauce-115g;John West Squid Chunks in Ink Sauce 115g;£1.50/unit;£1.30/100g;Canned, tinned & packaged foods;canned-tinned-packaged-fish;125;12.6;4.3;0.0;6.4;0.9;0.0;0.8;
john-west-squid-chunks-in-olive-oil-110g;John West Squid Chunks in Olive Oil 110g;£2.00/unit;£2.86/100g;Canned, tinned & packaged foods;canned-tinned-packaged-fish;165;15.7;1;0.0;10.9;1.8;0.0;1.5;
john-west-steam-cooked-mackerel-110g;John West Mackerel Fillets with No Added Brine 110g;£1.25/unit;£1.14/100g;Canned, tinned & packaged foods;canned-tinned-packaged-fish;226;20.4;0.0;0.0;16.0;3.6;null;1.0;
john-west-steamed-mackerel-olive-110g;John West Mackerel Fillets in Olive Oil 110g;£1.25/unit;£1.14/100g;Canned, tinned & packaged foods;canned-tinned-packaged-fish;281;18.8;0.0;0.0;22.9;4.5;null;1.0;
john-west-strawberries-in-light-syrup-411g;Summer Pride Strawberries in Light Syrup 411g;£0.80/unit;£1.95/kg;Fruit & desserts;dessert-fruit;null;null;null;null;null;null;null;null;
john-west-tuna-chunks-in-brine-4x160g-%284x112g*%29;John West Tuna Chunks in Brine 4x160g (4x112g*);£5.00/unit;£1.12/100g;Canned, tinned & packaged foods;canned-tinned-packaged-fish;113;27.0;0;0;0.5;0.2;0;1.0;
john-west-tuna-in-sunflower-oil-4x160g-%284x112g*%29;John West Tuna in Sunflower Oil 4x160g (4x112g*);£5.00/unit;£1.12/100g;Canned, tinned & packaged foods;canned-tinned-packaged-fish;180;27.0;0;0;8.0;1.0;0;1.0;
john-west-tuna-in-water-4x160g-%284x112g*%29;John West Tuna in Water 4x160g (4x112g*);£5.00/unit;£1.12/100g;Canned, tinned & packaged foods;canned-tinned-packaged-fish;113;27.0;0;0;0.5;0.2;0;0.8;
john-west-tuna-light-lunch-french-style-220g;John West Light Lunch, French Tuna Salad 220g;£2.00/unit;£0.91/100g;Canned, tinned & packaged foods;canned-tinned-packaged-fish;null;7.5;9.8;2.3;2.8;0.7;2.5;0.8;
john-west-tuna-light-lunch-mediterranean-220g;John West Light Lunch, Mediterranean Style Tuna Salad 220g;£2.00/unit;£0.91/100g;Canned, tinned & packaged foods;canned-tinned-packaged-fish;96;8.5;10.0;4.3;1.9;0.3;2.4;0.8;
john-west-tuna-light-lunch-pole---line-mexican-style-tuna-salad-220g;John West Light Lunch, Mexican Style Tuna Salad 220g;£2.00/unit;£0.91/100g;Canned, tinned & packaged foods;canned-tinned-packaged-fish;null;9.7;13.4;2.7;2.2;0.3;2.0;0.8;
john-west-tuna-slices-in-olive-oil-120g;John West Tuna Slices In Olive Oil 120g (78g*);£2.50/unit;£3.21/100g;Canned, tinned & packaged foods;canned-tinned-packaged-fish;191;27.0;0;0;9.0;1.6;0;1.0;
john-west-tuna-steak--no-drain-brine-3x130g;John West Tuna Steak No Drain with Brine 3x120g;£3.50/unit;£0.97/100g;Canned, tinned & packaged foods;canned-tinned-packaged-fish;114;26.4;0;0;0.9;0.3;null;1.0;
john-west-tuna-steak--no-drain-sunflower-oil-3x130g;John West Tuna Steak No Drain with Sunflower Oil 3x120g;£3.50/unit;£0.97/100g;Canned, tinned & packaged foods;canned-tinned-packaged-fish;177;26.4;0;0;6.8;0.9;null;1.0;
john-west-tuna-steak-no-drain-with-brine-120g;John West Tuna Steak No Drain with Brine 120g;£2.00/unit;£1.67/100g;Canned, tinned & packaged foods;canned-tinned-packaged-fish;114;26.4;0;0;0.9;0.3;null;1.0;
john-west-tuna-steak-no-drain-with-spring-water-120g;John West Tuna Steak No Drain with Spring Water 120g;£2.00/unit;£1.67/100g;Canned, tinned & packaged foods;canned-tinned-packaged-fish;114;26.4;0;0;0.9;0.3;null;1.0;
john-west-tuna-steak-with-a-little-sunflower-oil-3x60g;John West Tuna Steak with Sunflower Oil 3x60g;£2.50/unit;£1.39/100g;Canned, tinned & packaged foods;canned-tinned-packaged-fish;199;25.2;0;0;10.9;1.8;0;1.0;
john-west-tuna-steak-with-spring-water-3x60g;John West Tuna Steak with Spring Water 3x60g;£2.50/unit;£1.39/100g;Canned, tinned & packaged foods;canned-tinned-packaged-fish;113;26.6;0;0;0.8;0.3;0;1.0;
john-west-tuna-steaks-oil--no-drain-3x130g;John West Tuna Steak No Drain with Olive Oil 3x120g;£3.50/unit;£0.97/100g;Canned, tinned & packaged foods;canned-tinned-packaged-fish;177;26.4;0;0;6.8;1.2;null;1.0;
john-west-tuna-steaks-with-olive-oil--no-drain-130g;John West Tuna Steak No Drain with Olive Oil 120g;£2.00/unit;£1.67/100g;Canned, tinned & packaged foods;canned-tinned-packaged-fish;177;26.4;0;0;6.8;1.2;null;1.0;
john-west-tuna-steaks-with-spring-water-3x130g;John West Tuna Steak No Drains with Spring Water 3x120g;£3.50/unit;£0.97/100g;Canned, tinned & packaged foods;canned-tinned-packaged-fish;114;26.4;0;0;0.9;0.3;null;1.0;
john-west-tuna-steam-pot--chili-garlic-150g;John West Tuna Steam Pot, Chili Garlic 150g;£1.50/unit;£10.00/kg;Canned, tinned & packaged foods;canned-tinned-packaged-fish;142;9.5;17.0;0.8;3.7;0.5;null;1.0;
john-west-tuna-steam-pot--chili-garlic-150g;John West Tuna Steam Pot, Chili Garlic 150g;£1.50/unit;£10.00/kg;Canned, tinned & packaged foods;canned-tinned-packaged-hot-meat-meals;142;9.5;17.0;0.8;3.7;0.5;null;1.0;
john-west-tuna-steam-pot--chili-garlic-150g;John West Tuna Steam Pot, Chili Garlic 150g;£1.50/unit;£10.00/kg;Cooking sauces & world foods;world-foods-instant-snack-meals;142;9.5;17.0;0.8;3.7;0.5;null;1.0;
john-west-tuna-steam-pot--chili-garlic-150g;John West Tuna Steam Pot, Chili Garlic 150g;£1.50/unit;£10.00/kg;Rice, pasta & noodles;couscous-grains;142;9.5;17.0;0.8;3.7;0.5;null;1.0;
john-west-tuna-steam-pot--chili-garlic-150g;John West Tuna Steam Pot, Chili Garlic 150g;£1.50/unit;£10.00/kg;Rice, pasta & noodles;instant-snack-meals;142;9.5;17.0;0.8;3.7;0.5;null;1.0;
john-west-tuna-steam-pot--lemon-thyme-150g;John West Tuna Steam Pot, Lemon Thyme 150g;£1.50/unit;£10.00/kg;Canned, tinned & packaged foods;canned-tinned-packaged-fish;149;9.6;17.1;1.2;4.4;0.6;null;0.3;
john-west-tuna-steam-pot--lemon-thyme-150g;John West Tuna Steam Pot, Lemon Thyme 150g;£1.50/unit;£10.00/kg;Canned, tinned & packaged foods;canned-tinned-packaged-hot-meat-meals;149;9.6;17.1;1.2;4.4;0.6;null;0.3;
john-west-tuna-steam-pot--lemon-thyme-150g;John West Tuna Steam Pot, Lemon Thyme 150g;£1.50/unit;£10.00/kg;Cooking sauces & world foods;world-foods-instant-snack-meals;149;9.6;17.1;1.2;4.4;0.6;null;0.3;
john-west-tuna-steam-pot--lemon-thyme-150g;John West Tuna Steam Pot, Lemon Thyme 150g;£1.50/unit;£10.00/kg;Rice, pasta & noodles;couscous-grains;149;9.6;17.1;1.2;4.4;0.6;null;0.3;
john-west-tuna-steam-pot--lemon-thyme-150g;John West Tuna Steam Pot, Lemon Thyme 150g;£1.50/unit;£10.00/kg;Rice, pasta & noodles;instant-snack-meals;149;9.6;17.1;1.2;4.4;0.6;null;0.3;
john-west-tuna-steam-pot--soy-ginger-150g;John West Tuna Steam Pot, Soy Ginger 150g;£1.50/unit;£10.00/kg;Canned, tinned & packaged foods;canned-tinned-packaged-fish;145;9.8;18.0;2.0;3.5;0.5;null;0.5;
john-west-tuna-steam-pot--soy-ginger-150g;John West Tuna Steam Pot, Soy Ginger 150g;£1.50/unit;£10.00/kg;Canned, tinned & packaged foods;canned-tinned-packaged-hot-meat-meals;145;9.8;18.0;2.0;3.5;0.5;null;0.5;
john-west-tuna-steam-pot--soy-ginger-150g;John West Tuna Steam Pot, Soy Ginger 150g;£1.50/unit;£10.00/kg;Cooking sauces & world foods;world-foods-instant-snack-meals;145;9.8;18.0;2.0;3.5;0.5;null;0.5;
john-west-tuna-steam-pot--soy-ginger-150g;John West Tuna Steam Pot, Soy Ginger 150g;£1.50/unit;£10.00/kg;Rice, pasta & noodles;couscous-grains;145;9.8;18.0;2.0;3.5;0.5;null;0.5;
john-west-tuna-steam-pot--soy-ginger-150g;John West Tuna Steam Pot, Soy Ginger 150g;£1.50/unit;£10.00/kg;Rice, pasta & noodles;instant-snack-meals;145;9.8;18.0;2.0;3.5;0.5;null;0.5;
john-west-tuna-twist--tomato---herb-dressing-85g;John West Tuna with a Twist, Tomato & Herb Dressing 85g;£1.00/unit;£1.17/100g;Canned, tinned & packaged foods;canned-tinned-packaged-fish;132;18.0;2.0;1.5;6.0;1.0;0;1.0;
john-west-tuna-with-a-twist--lime---black-pepper-85g;John West Tuna with a Twist, Lime & Black Pepper 85g;£1.00/unit;£1.17/100g;Canned, tinned & packaged foods;canned-tinned-packaged-fish;166;18.0;2.8;2.1;9.2;1.2;0;1.0;
john-west-weight-watchers-tuna-in-coronation-style-dressing-3x80g;John West Weight Watchers Tuna in Coronation Style Dressing 3x80g;£2.50/unit;£1.04/100g;Canned, tinned & packaged foods;canned-tinned-packaged-fish;399;9.3;8.7;4.1;2.5;0.8;0.4;1.0;
john-west-weight-watchers-tuna-in-tomato---herb-dressing-3x80g;John West Weight Watchers Tuna in Tomato & Herb Dressing 3x80g;£2.50/unit;£1.04/100g;Canned, tinned & packaged foods;canned-tinned-packaged-fish;418;11.6;5.1;4.1;3.6;0.3;0.5;1.0;
john-west-weight-watchers-tuna-mayonnaise---sweetcorn-x3-80g;John West Weight Watchers Tuna Mayonnaise & Sweetcorn 3x80g;£2.50/unit;£1.04/100g;Canned, tinned & packaged foods;canned-tinned-packaged-fish;402;9.3;6.2;3.0;3.7;0.6;0.2;1.0;
john-west-white-crab-meat-170g;John West White Crab Meat 170g (120g*);£2.70/unit;£2.25/100g;Canned, tinned & packaged foods;canned-tinned-packaged-fish;72;17.0;0.7;0.7;0.1;0;0;1.5;
jordans-absolute-nut-cereal-bars-3x45g;Jordans Absolute Nut Cereal Bars 3x45g;£2.20/unit;£1.63/100g;Biscuits & crackers;cereal-bars-breakfast-biscuits;578;11.7;31.7;15.9;43.6;3.9;6.0;0.01;
jordans-absolute-nut-cereal-bars-3x45g;Jordans Absolute Nut Cereal Bars 3x45g;£2.20/unit;£1.63/100g;Breakfast cereals;breakfast-cereal-bars-breakfast-biscuits;578;11.7;31.7;15.9;43.6;3.9;6.0;0.01;
jordans-breakfast-in-a-bar-cranberry---raspberry-6x40g;Jordans Breakfast In A Bar Cranberry & Raspberry 6x40g;£2.20/unit;£0.92/100g;Biscuits & crackers;cereal-bars-breakfast-biscuits;370;5.5;71.9;34.6;5.6;1.2;4.9;0.01;
jordans-breakfast-in-a-bar-cranberry---raspberry-6x40g;Jordans Breakfast In A Bar Cranberry & Raspberry 6x40g;£2.20/unit;£0.92/100g;Breakfast cereals;breakfast-cereal-bars-breakfast-biscuits;370;5.5;71.9;34.6;5.6;1.2;4.9;0.01;
jordans-breakfast-in-a-bar-fruit---nut-6x40g;Jordans Breakfast In A Bar Fruit & Nut 6x40g;£2.20/unit;£0.92/100g;Biscuits & crackers;cereal-bars-breakfast-biscuits;411;7.9;61.8;31.0;12.8;2.7;8.5;0.01;
jordans-breakfast-in-a-bar-fruit---nut-6x40g;Jordans Breakfast In A Bar Fruit & Nut 6x40g;£2.20/unit;£0.92/100g;Breakfast cereals;breakfast-cereal-bars-breakfast-biscuits;411;7.9;61.8;31.0;12.8;2.7;8.5;0.01;
jordans-breakfast-multigrain-bars-maple---pecan-x6;Jordans Breakfast Maple & Pecans Multigrain Bars 6x40g;£2.20/unit;£0.37/ea;Biscuits & crackers;cereal-bars-breakfast-biscuits;388;6.7;68.5;27.9;8.3;1.5;6.1;0.01;
jordans-breakfast-multigrain-bars-maple---pecan-x6;Jordans Breakfast Maple & Pecans Multigrain Bars 6x40g;£2.20/unit;£0.37/ea;Breakfast cereals;breakfast-cereal-bars-breakfast-biscuits;388;6.7;68.5;27.9;8.3;1.5;6.1;0.01;
jordans-country-crisp-cereal--chunky-nuts-500g;Jordans Country Crisp With Chunky Nuts 500g;£2.00/unit;£0.40/100g;Breakfast cereals;muesli-granola-clusters;492;8.7;59.8;21.9;22.9;5.4;6.3;0.03;
jordans-country-crisp-cereal--tangy-raspberry-500g;Jordans Country Crisp With Tangy Raspberry 500g;£2.00/unit;£0.40/100g;Breakfast cereals;muesli-granola-clusters;451;7.5;66.9;22.9;15.6;4.8;6.4;0.03;
jordans-country-crisp-cereal-with-flame-raisins-500g;Jordans Country Crisp With Flame Raisins 500g;£2.00/unit;£0.40/100g;Breakfast cereals;muesli-granola-clusters;433;6.7;68.5;32.0;13.4;4.1;5.9;0.01;
jordans-country-crisp-super-berry-500g;Jordans Country Crisp With Super Berry 500g;£2.00/unit;£0.40/100g;Breakfast cereals;muesli-granola-clusters;449;7.3;68.5;24.3;14.8;4.6;6.3;0.03;
jordans-country-crisp-with-strawberries-500g;Jordans Country Crisp With Strawberries 500g;£2.00/unit;£0.40/100g;Breakfast cereals;muesli-granola-clusters;453;7.5;67.5;23.5;15.6;4.8;6.2;0.03;
jordans-crunchy-cereal-bars--honey---almond-9x30g;Jordans Crunchy Cereal Bars, Honey & Almond 9x30g;£2.00/unit;£0.74/100g;Biscuits & crackers;cereal-bars-breakfast-biscuits;445;7.9;63.5;22.2;16.6;1.6;4.9;0.12;
jordans-crunchy-cereal-bars--honey---almond-9x30g;Jordans Crunchy Cereal Bars, Honey & Almond 9x30g;£2.00/unit;£0.74/100g;Breakfast cereals;breakfast-cereal-bars-breakfast-biscuits;445;7.9;63.5;22.2;16.6;1.6;4.9;0.12;
jordans-crunchy-oat-granola--raisin---almond-850g;Jordans Crunchy Oat Granola, Raisin & Almond 850g;£3.00/unit;£0.35/100g;Breakfast cereals;bigger-packs;415;9.4;64.1;27.6;11.9;2.1;6.9;0.03;
jordans-crunchy-oat-granola--raisin---almond-850g;Jordans Crunchy Oat Granola, Raisin & Almond 850g;£3.00/unit;£0.35/100g;Breakfast cereals;muesli-granola-clusters;415;9.4;64.1;27.6;11.9;2.1;6.9;0.03;
jordans-crunchy-oat-granola--tropical-750g;Jordans Crunchy Oat Granola, Tropical 750g;£3.00/unit;£0.40/100g;Breakfast cereals;muesli-granola-clusters;447;8.0;66.2;20.9;15.4;6.7;5.9;0.03;
jordans-fruit---nut-muesli-620g;Jordans Fruit & Nut Muesli 620g;£2.80/unit;£0.45/100g;Breakfast cereals;muesli-granola-clusters;357;8.5;61.4;null;6.6;2.4;9.4;0.03;
jordans-frusli-bar-blueberry-burst-x6-180g;Jordans Frusli Blueberries Cereal Bars 6x30g;£2.00/unit;£1.11/100g;Biscuits & crackers;cereal-bars-breakfast-biscuits;375;5.2;70.2;33.1;7.1;1.4;4.9;0.03;
jordans-frusli-bar-blueberry-burst-x6-180g;Jordans Frusli Blueberries Cereal Bars 6x30g;£2.00/unit;£1.11/100g;Breakfast cereals;breakfast-cereal-bars-breakfast-biscuits;375;5.2;70.2;33.1;7.1;1.4;4.9;0.03;
jordans-frusli-bars-cranberry---apple-x6-180g;Jordans Frusli Cranberries & Apple Cereal Bars 6x30g;£2.00/unit;£1.11/100g;Biscuits & crackers;cereal-bars-breakfast-biscuits;397;5.1;75.6;34.7;7.1;1.4;5.0;0.03;
jordans-frusli-bars-cranberry---apple-x6-180g;Jordans Frusli Cranberries & Apple Cereal Bars 6x30g;£2.00/unit;£1.11/100g;Breakfast cereals;breakfast-cereal-bars-breakfast-biscuits;397;5.1;75.6;34.7;7.1;1.4;5.0;0.03;
jordans-frusli-cereal-bars--juicy-apples---sultanas-6x30g;Jordans Frusli Cereal Bars, Juicy Apples & Sultanas 6x30g;£2.00/unit;£1.11/100g;Biscuits & crackers;cereal-bars-breakfast-biscuits;379;4.7;70.1;36.1;7.8;1.7;4.6;0.03;
jordans-frusli-cereal-bars--juicy-apples---sultanas-6x30g;Jordans Frusli Cereal Bars, Juicy Apples & Sultanas 6x30g;£2.00/unit;£1.11/100g;Breakfast cereals;breakfast-cereal-bars-breakfast-biscuits;379;4.7;70.1;36.1;7.8;1.7;4.6;0.03;
jordans-frusli-raisin---hazelnut-cereal-bars-x6-180g;Jordans Frusli Raisin & Hazelnut Cereal Bars 6x30g;£2.00/unit;£1.11/100g;Biscuits & crackers;cereal-bars-breakfast-biscuits;399;5.8;64.3;32.1;12.2;1.8;4.5;0.03;
jordans-frusli-raisin---hazelnut-cereal-bars-x6-180g;Jordans Frusli Raisin & Hazelnut Cereal Bars 6x30g;£2.00/unit;£1.11/100g;Breakfast cereals;breakfast-cereal-bars-breakfast-biscuits;399;5.8;64.3;32.1;12.2;1.8;4.5;0.03;
jordans-frusli-wild-berries-x6-180g;Jordans Frusli Red Berries Cereal Bars 6x30g;£2.00/unit;£1.11/100g;Biscuits & crackers;cereal-bars-breakfast-biscuits;374;4.8;75.1;33.8;7.2;1.5;5.4;0.25;
jordans-frusli-wild-berries-x6-180g;Jordans Frusli Red Berries Cereal Bars 6x30g;£2.00/unit;£1.11/100g;Breakfast cereals;breakfast-cereal-bars-breakfast-biscuits;374;4.8;75.1;33.8;7.2;1.5;5.4;0.25;
jordans-honey-nut-country-crisp-500g;Jordans Country Crisp With Honey Nut 500g;£2.00/unit;£0.40/100g;Breakfast cereals;muesli-granola-clusters;449;9.1;62.7;22.3;16.8;3.2;5.3;0.03;
jordans-lighter-granola-raspberry---apple-550g;Jordans Lighter Granola Raspberry & Apple 550g;£3.80/unit;£0.69/100g;Breakfast cereals;muesli-granola-clusters;398;9.9;68.9;22.2;7.5;1.4;7.8;0.03;
jordans-lighter-granola-strawberry---blueberry-550g;Jordans Lighter Granola Strawberry & Blueberry 550g;£3.80/unit;£0.69/100g;Breakfast cereals;muesli-granola-clusters;399;10.0;68.9;23.0;7.5;1.4;8.1;0.03;
jordans-natural-muesli-1kg;Jordans Muesli, Natural 1kg;£2.80/unit;£0.28/100g;Breakfast cereals;bigger-packs;357;9.5;63.7;15.6;5.0;0.7;9.7;0.03;
jordans-natural-muesli-1kg;Jordans Muesli, Natural 1kg;£2.80/unit;£0.28/100g;Breakfast cereals;muesli-granola-clusters;357;9.5;63.7;15.6;5.0;0.7;9.7;0.03;
jordans-nut---seed-muesli-600g;Jordans Nut & Seed Muesli 600g;£2.80/unit;£0.47/100g;Breakfast cereals;muesli-granola-clusters;363;8.8;60.1;20.7;7.9;1.1;8.1;0.01;
jordans-organic-porridge-oats-750g;Jordans Organic Porridge Oats 750g;£2.00/unit;£0.27/100g;Breakfast cereals;porridge-oats;364;11.7;58.4;1.0;9.3;1.8;9.0;0;
jordans-simply-granola-750g;Jordans Simply Granola 750g;£2.70/unit;£0.36/100g;Breakfast cereals;muesli-granola-clusters;428;10.2;65.2;18.4;12.5;2.5;7.2;0.03;
jordans-special-crunchy-fruit---nut-750g;Jordans Crunchy Oat Granola, Fruit & Nut 750g;£3.00/unit;£0.40/100g;Breakfast cereals;muesli-granola-clusters;422;7.6;64.6;30.8;13.2;4.0;7.0;0.03;
jordans-super-berry-granola-600g;Jordans Super Berry Granola 600g;£4.00/unit;£0.67/100g;Breakfast cereals;muesli-granola-clusters;438;10.9;63.0;21.1;14.4;2.6;6.3;0.03;
jordans-super-fruity-granola-600g;Jordans Super Fruity Granola 600g;£4.00/unit;£0.67/100g;Breakfast cereals;muesli-granola-clusters;431;9.5;66.6;20.1;12.4;2.4;7.5;0.03;
jordans-super-nutty-granola-600g;Jordans Super Nutty Granola 600g;£4.00/unit;£0.67/100g;Breakfast cereals;muesli-granola-clusters;470;10.3;56.3;16.6;21.0;3.6;7.6;0.03;
jubbly-blackcurrant-8x62ml;Jubbly Ice Lollies Blackcurrant 8x62ml;£1.45/unit;£2.34/100ml;Fruit & desserts;ice-cream-cones-wafers;null;0;6.1;6.1;0;0;0;null;
jubbly-blackcurrant-8x62ml;Jubbly Ice Lollies Blackcurrant 8x62ml;£1.45/unit;£2.34/100ml;Fruit & desserts;kids-lunchbox-fruit-desserts;null;0;6.1;6.1;0;0;0;null;
jubbly-blackcurrant-8x62ml;Jubbly Ice Lollies Blackcurrant 8x62ml;£1.45/unit;£2.34/100ml;Ice cream & desserts;lollies-bars-cones;null;0;6.1;6.1;0;0;0;null;
jubbly-cola-8x62ml;Jubbly Ice Lollies Cola 8x62ml;£1.45/unit;£0.29/100ml;Fruit & desserts;ice-cream-cones-wafers;null;0.1;6.3;6.3;0;0;null;0.01;
jubbly-cola-8x62ml;Jubbly Ice Lollies Cola 8x62ml;£1.45/unit;£0.29/100ml;Fruit & desserts;kids-lunchbox-fruit-desserts;null;0.1;6.3;6.3;0;0;null;0.01;
jubbly-cola-8x62ml;Jubbly Ice Lollies Cola 8x62ml;£1.45/unit;£0.29/100ml;Ice cream & desserts;lollies-bars-cones;null;0.1;6.3;6.3;0;0;null;0.01;
jubbly-orange-8x62ml;Jubbly Ice Lollies Orange 8x62ml;£1.45/unit;£0.29/100ml;Fruit & desserts;ice-cream-cones-wafers;null;0.1;6.1;6.1;0;0;null;0.01;
jubbly-orange-8x62ml;Jubbly Ice Lollies Orange 8x62ml;£1.45/unit;£0.29/100ml;Fruit & desserts;kids-lunchbox-fruit-desserts;null;0.1;6.1;6.1;0;0;null;0.01;
jubbly-orange-8x62ml;Jubbly Ice Lollies Orange 8x62ml;£1.45/unit;£0.29/100ml;Ice cream & desserts;lollies-bars-cones;null;0.1;6.1;6.1;0;0;null;0.01;
jubbly-strawberry-8x62ml;Jubbly Ice Lollies Strawberry 8x62ml;£1.45/unit;£0.29/100ml;Fruit & desserts;ice-cream-cones-wafers;null;0.1;6.4;6.4;0;0;null;0.01;
jubbly-strawberry-8x62ml;Jubbly Ice Lollies Strawberry 8x62ml;£1.45/unit;£0.29/100ml;Fruit & desserts;kids-lunchbox-fruit-desserts;null;0.1;6.4;6.4;0;0;null;0.01;
jubbly-strawberry-8x62ml;Jubbly Ice Lollies Strawberry 8x62ml;£1.45/unit;£0.29/100ml;Ice cream & desserts;lollies-bars-cones;null;0.1;6.4;6.4;0;0;null;0.01;
jubbly-tropical-8x62ml;Jubbly Ice Lollies Tropical 8x62ml;£1.45/unit;£0.29/100ml;Fruit & desserts;ice-cream-cones-wafers;null;0;6.5;6.5;0;0;null;null;
jubbly-tropical-8x62ml;Jubbly Ice Lollies Tropical 8x62ml;£1.45/unit;£0.29/100ml;Fruit & desserts;kids-lunchbox-fruit-desserts;null;0;6.5;6.5;0;0;null;null;
jubbly-tropical-8x62ml;Jubbly Ice Lollies Tropical 8x62ml;£1.45/unit;£0.29/100ml;Ice cream & desserts;lollies-bars-cones;null;0;6.5;6.5;0;0;null;null;
jules-destrooper-butter-crisp-75g;Jules Destrooper Butter Crisps 75g;£1.10/unit;£1.47/100g;Fruit & desserts;sauces-toppings;null;null;null;null;null;null;null;null;
jules-destrooper-butter-crisp-75g;Jules Destrooper Butter Crisps 75g;£1.10/unit;£1.47/100g;Ice cream & desserts;wafers-sauces-toppings;null;null;null;null;null;null;null;null;
jus-rol-all-butter-puff-sheets-320g;Jus Rol All Butter Puff Sheets 320g;£2.20/unit;£0.69/100g;Butter, spreads & baking;pastry-and-dough;392;6.1;36.7;0.7;24.0;16.6;2.2;0.71;
jus-rol-bake-it-fresh-apple-danish-320g;Jus Rol Bake-it-Fresh Dough Apple Danish x6 320g;£2.10/unit;£0.66/100g;Butter, spreads & baking;pastry-and-dough;329;6.2;45.4;23.6;13.3;7.1;1.2;1.50;
jus-rol-bake-it-fresh-cimon-roll-270g;Jus Rol Bake-It-Fresh Dough Cinnamon Swirls x6 270g;£2.10/unit;£0.78/100g;Butter, spreads & baking;pastry-and-dough;360;6.2;47.7;24.2;15.7;7.6;1.6;1.4;
jus-rol-croissants-250g;Jus Rol Bake-it-Fresh Croissants x6 250g;£1.50/unit;£0.60/100g;Butter, spreads & baking;pastry-and-dough;328;7.8;37.3;5.8;16.1;8.5;1.5;2.22;
jus-rol-filo-pastry-270g;Jus Rol Filo Pastry Sheets Ready Rolled 6x45g;£1.50/unit;£5.56/kg;Ice cream & desserts;frozen-pastry-baking;274;7.5;54.2;1.2;2.6;0.3;1.9;0.50;
jus-rol-filo-pastry-270g;Jus Rol Filo Pastry Sheets Ready Rolled 6x45g;£1.50/unit;£5.56/kg;Ready meals & pies;frozen-baking-pastry;274;7.5;54.2;1.2;2.6;0.3;1.9;0.50;
jus-rol-filo-pastry-sheets-270g;Jus Rol Filo Pastry Sheets 270g;£1.80/unit;£0.67/100g;Butter, spreads & baking;pastry-and-dough;265;7.4;51.7;1.2;2.6;0.3;2.6;0.50;
jus-rol-pain-au-chocolat-kit-275g;Jus Rol Bake-It-Fresh Pain Au Chocolat x6 275g;£2.10/unit;£0.76/100g;Butter, spreads & baking;pastry-and-dough;368;7.4;40.8;15.7;19.0;10.3;2.2;1.72;
jus-rol-party-sausage-rolls-bag-x50-800g;Jus Rol Party Sausage Rolls Bag x50 800g;£2.20/unit;£0.28/100g;Party food;frozen-party-food;292;6.1;27.5;0.9;17.3;8.4;1.1;1.11;
jus-rol-party-sausage-rolls-bag-x50-800g;Jus Rol Party Sausage Rolls Bag x50 800g;£2.20/unit;£0.28/100g;Ready meals & pies;frozen-snacks;292;6.1;27.5;0.9;17.3;8.4;1.1;1.11;
jus-rol-pastry-squares-624g;Jus Rol Puff Pastry Squares 624g;£3.00/unit;£0.48/100g;Ice cream & desserts;frozen-pastry-baking;391;5.4;33.1;0.7;26.0;13.2;1.4;0.97;
jus-rol-puff-pastry-block-1kg;Jus Rol Puff Pastry Blocks 2x500g;£2.00/unit;£2.00/kg;Ice cream & desserts;frozen-pastry-baking;378;5.7;33.9;0.7;24.0;12.0;2.0;0.88;
jus-rol-puff-pastry-block-1kg;Jus Rol Puff Pastry Blocks 2x500g;£2.00/unit;£2.00/kg;Ready meals & pies;frozen-baking-pastry;378;5.7;33.9;0.7;24.0;12.0;2.0;0.88;
jus-rol-puff-pastry-block-500g;Jus Rol Puff Pastry Block 500g;£1.00/unit;£2.00/kg;Butter, spreads & baking;pastry-and-dough;376;5.7;34.1;0.8;23.6;11.9;2.0;0.89;
jus-rol-puff-pastry-sheets-320g;Jus Rol Puff Pastry Sheets 320g;£1.55/unit;£0.48/100g;Butter, spreads & baking;pastry-and-dough;381;4.9;35.1;1.4;24.1;12.3;2.1;0.63;
jus-rol-puff-pastry-sheets-640g;Jus Rol Puff Pastry Sheets 2x320g;£2.25/unit;£3.52/kg;Ice cream & desserts;frozen-pastry-baking;371;5.5;32.6;0.7;23.9;12.0;1.9;0.88;
jus-rol-puff-pastry-sheets-640g;Jus Rol Puff Pastry Sheets 2x320g;£2.25/unit;£3.52/kg;Ready meals & pies;frozen-baking-pastry;371;5.5;32.6;0.7;23.9;12.0;1.9;0.88;
jus-rol-short-crust-pastry-block-1kg;Jus Rol Shortcrust Pastry Blocks 2x500g;£2.00/unit;£2.00/kg;Ice cream & desserts;frozen-pastry-baking;469;6.4;40.1;1.8;31.1;11.8;1.7;0.58;
jus-rol-short-crust-pastry-block-1kg;Jus Rol Shortcrust Pastry Blocks 2x500g;£2.00/unit;£2.00/kg;Ready meals & pies;frozen-baking-pastry;469;6.4;40.1;1.8;31.1;11.8;1.7;0.58;
jus-rol-shortcrust-pastry-block-500g;Jus Rol Shortcrust Pastry Block 500g;£1.00/unit;£2.00/kg;Butter, spreads & baking;pastry-and-dough;447;6.3;38.4;1.8;29.3;11.1;2.2;0.59;
jus-rol-shortcrust-pastry-sheets-320g;Jus Rol Shortcrust Pastry Sheets 320g;£1.55/unit;£0.48/100g;Butter, spreads & baking;pastry-and-dough;437;6.1;37.3;1.8;28.8;10.9;2.1;0.58;
jus-rol-shortcrust-pastry-sheets-640g;Jus Rol Shortcrust Pastry Sheets 2x320g;£2.25/unit;£3.52/kg;Ice cream & desserts;frozen-pastry-baking;450;6.2;39.1;1.7;29.5;11.2;1.6;0.55;
jus-rol-shortcrust-pastry-sheets-640g;Jus Rol Shortcrust Pastry Sheets 2x320g;£2.25/unit;£3.52/kg;Ready meals & pies;frozen-baking-pastry;450;6.2;39.1;1.7;29.5;11.2;1.6;0.55;
jus-rol-sweet-shortcrust-block-375g;Jus Rol Sweet Shortcrust Block 750g;£2.00/unit;£0.26/100g;Ice cream & desserts;frozen-pastry-baking;463;6.1;45.2;8.8;28.3;10.7;1.6;0.57;
jus-rol-thin-crust-pizza-kit-545g;Jus Rol Bake-it-Fresh 2 Pizza Bases Thin Crust with Tomato Sauce x2 545g;£2.70/unit;£0.50/100g;Butter, spreads & baking;pastry-and-dough;179;6.8;32.4;5.9;2.0;0.6;2.0;1.59;
jus-rol-vol-au-vent-party-cases-x36-625g;Jus Rol Vol Au Vent Party Cases x36 625g;£2.50/unit;£4.00/kg;Ice cream & desserts;frozen-pastry-baking;391;5.4;33.1;0.7;26.0;13.2;1.4;0.97;
jus-rol-vol-au-vent-party-cases-x36-625g;Jus Rol Vol Au Vent Party Cases x36 625g;£2.50/unit;£4.00/kg;Ready meals & pies;frozen-baking-pastry;391;5.4;33.1;0.7;26.0;13.2;1.4;0.97;
just-love-food-company-nut-safe-chocolate-partybake-%28-serves-6-%29;Just Love Food Company Nut Safe Chocolate Partybake ( Serves 6 );£3.00/unit;£3.00/ea;Celebration cakes;celebration-cakes;442;5.5;55.6;39.2;22.9;4.1;null;0.5;
just-love-food-company-nut-safe-vanilla-party-bake-%28-serves-6-%29;Just Love Food Company Nut Safe Vanilla Party Bake ( Serves 6 );£3.00/unit;£3.00/ea;Celebration cakes;celebration-cakes;437;4.4;60.8;44.5;21.0;6.8;null;0.7;
just-made-toaster-crumpets-x6;Just Made Toaster Crumpets x6;£1.00/unit;£0.17/ea;Crumpets, breakfast muffins & pancakes;crumpets-breakfast-muffins-pancakes;186;5.3;38.0;1.2;0.6;0.1;3.5;1.0;
just-milk-lactofree-milk-1l;Candia Just Milk Lactofree Semi Skimmed Milk 1L;£1.10/unit;£1.10/ltr;Fresh milk & eggs;soya---dietary-needs;46;3.15;4.8;4.8;1.55;1.0;null;0.13;
kabuto-beef-pho-noodles-85g;Kabuto Beef Pho Noodles 85g;£2.00/unit;£23.53/kg;Cooking sauces & world foods;world-foods-instant-snack-meals;68.6;2.9;12.9;2.0;0.8;0.2;0.8;0.6;
kabuto-beef-pho-noodles-85g;Kabuto Beef Pho Noodles 85g;£2.00/unit;£23.53/kg;Rice, pasta & noodles;instant-snack-meals;68.6;2.9;12.9;2.0;0.8;0.2;0.8;0.6;
kabuto-chilli-chicken-ramen-85g;Kabuto Chilli Chicken Ramen 85g;£2.00/unit;£23.53/kg;Cooking sauces & world foods;world-foods-instant-snack-meals;72;2.6;13.3;3.4;0.8;0.2;0.7;1.0;
kabuto-chilli-chicken-ramen-85g;Kabuto Chilli Chicken Ramen 85g;£2.00/unit;£23.53/kg;Rice, pasta & noodles;instant-snack-meals;72;2.6;13.3;3.4;0.8;0.2;0.7;1.0;
kabuto-gluten-free-rice-noodles-with-chicken-65g;Kabuto Gluten Free Rice Noodles With Chicken 65g;£2.00/unit;£30.77/kg;Cooking sauces & world foods;world-foods-instant-snack-meals;68;1.4;14.1;3.2;0.6;0.1;0.3;0.8;
kabuto-gluten-free-rice-noodles-with-chicken-65g;Kabuto Gluten Free Rice Noodles With Chicken 65g;£2.00/unit;£30.77/kg;Rice, pasta & noodles;instant-snack-meals;68;1.4;14.1;3.2;0.6;0.1;0.3;0.8;
kabuto-gluten-free-rice-noodles-with-chicken-65g;Kabuto Gluten Free Rice Noodles With Chicken 65g;£2.00/unit;£30.77/kg;Rice, pasta & noodles;noodles;68;1.4;14.1;3.2;0.6;0.1;0.3;0.8;
kabuto-gluten-free-rice-noodles-with-miso-65g;Kabuto Gluten Free Rice Noodles With Miso 65g;£2.00/unit;£30.77/kg;Cooking sauces & world foods;world-foods-instant-snack-meals;64;1.4;13.3;2.3;0.6;0.1;0.6;0.8;
kabuto-gluten-free-rice-noodles-with-miso-65g;Kabuto Gluten Free Rice Noodles With Miso 65g;£2.00/unit;£30.77/kg;Rice, pasta & noodles;instant-snack-meals;64;1.4;13.3;2.3;0.6;0.1;0.6;0.8;
kabuto-gluten-free-rice-noodles-with-miso-65g;Kabuto Gluten Free Rice Noodles With Miso 65g;£2.00/unit;£30.77/kg;Rice, pasta & noodles;noodles;64;1.4;13.3;2.3;0.6;0.1;0.6;0.8;
kabuto-noodles-chicken-ramen-85g;Kabuto Noodles Chicken Ramen 85g;£2.00/unit;£23.53/kg;Cooking sauces & world foods;world-foods-instant-snack-meals;71;2.6;13.1;2.0;0.9;0.2;0.7;0.9;
kabuto-noodles-chicken-ramen-85g;Kabuto Noodles Chicken Ramen 85g;£2.00/unit;£23.53/kg;Rice, pasta & noodles;instant-snack-meals;71;2.6;13.1;2.0;0.9;0.2;0.7;0.9;
kabuto-prawn-tom-yum-85g;Kabuto Prawn Tom Yum 85g;£2.00/unit;£23.53/kg;Cooking sauces & world foods;world-foods-instant-snack-meals;70;2.6;13.2;3.4;0.5;0.1;0.8;null;
kabuto-prawn-tom-yum-85g;Kabuto Prawn Tom Yum 85g;£2.00/unit;£23.53/kg;Rice, pasta & noodles;instant-snack-meals;70;2.6;13.2;3.4;0.5;0.1;0.8;null;
kalamata---manzanilla-olives-140g;Sainsbury's Manzanilla & Kalamata Olives 140g;£1.50/unit;£1.07/100g;Coleslaw, olives, salads & dips;olives-tapas-antipasti;180;1.4;3.9;3.9;16.8;3.2;3.7;2.93;
kalamata---manzanilla-olives-140g;Sainsbury's Manzanilla & Kalamata Olives 140g;£1.50/unit;£1.07/100g;Vegetarian & meat free;deli-meat-alternatives;180;1.4;3.9;3.9;16.8;3.2;3.7;2.93;
kallo-coconut-dream-1l;Kallo Coconut Dream Alternative to Dairy Milk 1L;£1.49/unit;£0.15/100ml;Fresh milk & eggs;soya---dietary-needs;null;null;null;null;null;null;null;null;
kallo-corn-cakes-130g;Kallo Corn Cakes Gluten Free 130g;£1.00/unit;£0.77/100g;Biscuits & crackers;crackers-savoury-biscuits;605379;9.5;77.4;0.6;1.9;0.3;7.2;0.3;
kallo-corn-cakes-130g;Kallo Corn Cakes Gluten Free 130g;£1.00/unit;£0.77/100g;Biscuits & crackers;healthier-biscuits-crackers;605379;9.5;77.4;0.6;1.9;0.3;7.2;0.3;
kallo-multigrain-rice-cake-130g;Kallo Rice Cakes Multigrain Buckwheat Super-Seeds Gluten Free 130g;£1.25/unit;£0.96/100g;Biscuits & crackers;crackers-savoury-biscuits;577377;8.7;76.8;0.4;2.9;0.8;4.3;0;
kallo-org-beef-gravy-granules-35g;Kallo Organic Beef Gravy Granules Gluten Free 35g;£1.00/unit;£2.86/100g;Cooking ingredients & oils;gravy;355;3.2;75.1;9.5;4.5;2.7;0.6;11.8;
kallo-org-chicken-gravy-granules-35g;Kallo Organic Chicken Gravy Granules Gluten Free 35g;£1.00/unit;£2.86/100g;Cooking ingredients & oils;gravy;345;1.6;79.1;7.2;2.3;1.2;0.4;11.8;
kallo-organic-beef-stock-cubes-88g;Kallo Stock Cubes Beef Gluten Free 88g;£1.30/unit;£1.48/100g;Cooking ingredients & oils;stock;8;0.1;0.7;0.2;0.5;0.2;0;0.8;
kallo-organic-chicken-stock-cubes-88g;Kallo Stock Cubes Chicken Gluten Free 88g;£1.30/unit;£1.48/100g;Cooking ingredients & oils;stock;7;0.1;0.8;0.2;0.4;0.2;0.1;0.8;
kallo-organic-vegetable-stock-cubes-88g;Kallo Stock Cubes Vegetable Gluten Free 88g;£1.30/unit;£1.48/100g;Cooking ingredients & oils;stock;7;0.1;0.7;0.3;0.4;0.2;0;0.9;
kallo-rice---corn-cakes-blueberry---vanilla-131g;Kallo Rice & Corn Cakes Blueberry & Vanilla 131g;£1.50/unit;£1.15/100g;Biscuits & crackers;crackers-savoury-biscuits;577377;6.2;82.2;14.4;2.1;0.6;2.4;0;
kallo-rice---corn-cakes-caramel--147g;Kallo Rice & Corn Cakes Caramel  147g;£1.50/unit;£1.02/100g;Biscuits & crackers;crackers-savoury-biscuits;574377;6.3;82.6;22.2;1.9;0.5;2.1;0;
kallo-rice-cakes--thick-organic-salted-130g;Kallo Rice Cakes Wholegrain Lightly Salted 130g;£1.00/unit;£0.77/100g;Biscuits & crackers;crackers-savoury-biscuits;1687399;8.7;77.9;0.5;5.2;0.9;2.8;0.3;
kallo-rice-cakes--thick-organic-salted-130g;Kallo Rice Cakes Wholegrain Lightly Salted 130g;£1.00/unit;£0.77/100g;Biscuits & crackers;healthier-biscuits-crackers;1687399;8.7;77.9;0.5;5.2;0.9;2.8;0.3;
kallo-rice-cakes-chilli-120g;Kallo Rice Cakes Chilli 120g;£1.50/unit;£1.25/100g;Biscuits & crackers;crackers-savoury-biscuits;563369;7.8;77.4;4.7;25;0.6;2.8;1.6;
kallo-rice-cakes-wholegrain-sesame-seed-130g;Kallo Rice Cakes Wholegrain Sesame Seed 130g;£1.25/unit;£0.96/100g;Biscuits & crackers;crackers-savoury-biscuits;369;8.1;70.8;1.2;5.3;0.9;3.3;0;
kallo-rice-dream-chocolate-3x200ml;Kallo Rice Dream Chocolate Drinks 3x200ml;£1.49/unit;£7.45/ltr;Fresh milk & eggs;soya---dietary-needs;59;0.3;12.5;10.5;0.9;0.1;0.5;null;
kallo-smokey-paprika-rice---corn-cake-120g;Kallo Rice & Corn Cakes Wholegrain Smoked Paprika 133g;£1.50/unit;£1.25/100g;Biscuits & crackers;crackers-savoury-biscuits;554367;7.7;77.2;8.1;2.3;0.7;3.2;1.7;
kallo-yeast-free-vegetable-stock-cubes-66g;Kallo Stock Cubes Vegetable Gluten Free 66g;£1.09/unit;£1.65/100g;Cooking ingredients & oils;stock;8;0.3;0.2;0.1;0.6;0.3;0.1;1.0;
karyatis-almond-stfd-olives-350g-%28190g*%29;Karyatis Almond Stuffed Olives 350g (190g*);£2.45/unit;£1.29/100g;Vinegar, pickles, olives & antipasti;olives-antipasti;959232;4.6;6.6;1.0;20.0;2.0;null;4.00;
karyatis-anchovy-stfd-olive-350g-%28190g*%29;Karyatis Anchovy Stuffed Olives 350g (190g*);£1.30/unit;£0.68/100g;Vinegar, pickles, olives & antipasti;olives-antipasti;597145;1.3;0.0;0.0;15.0;3.0;null;4.00;
karyatis-black-pitted-olives-350g;Karyatis Black Pitted Olives 350g;£1.00/unit;£0.63/100g;Vinegar, pickles, olives & antipasti;olives-antipasti;530129;0.5;0.0;0.0;13.0;2.2;null;1.50;
karyatis-caperberries-230g;Karyatis Caperberries 230g (120g*);£1.90/unit;£1.58/100g;Vinegar, pickles, olives & antipasti;olives-antipasti;null;null;null;null;null;null;null;null;
karyatis-green-pitted-olives-350g;Karyatis Green Pitted Olives 350g;£1.00/unit;£0.63/100g;Vinegar, pickles, olives & antipasti;olives-antipasti;669163;1.0;0.0;0.0;17.0;3.0;null;4.00;
karyatis-harissa-100g;Karyatis Harissa 100g;£1.30/unit;£1.30/100g;Vinegar, pickles, olives & antipasti;olives-antipasti;null;null;null;null;null;null;null;null;
karyatis-jalapeno-stfd-olive350g-%28190g*%29;Karyatis Jalapeno Stuffed Olives 350g (190g*);£2.45/unit;£1.29/100g;Vinegar, pickles, olives & antipasti;olives-antipasti;575140;1.0;3.2;0.4;13.2;2.0;null;4.00;
karyatis-mixed-hot-chillies-205g;Karyatis Mixed Hot Chillies 205g (130g*);£1.90/unit;£1.46/100g;Vinegar, pickles, olives & antipasti;olives-antipasti;null;null;null;null;null;null;null;null;
karyatis-pimento-stfd-olive-350g-%28200g*%29;Karyatis Pimento Stuffed Olives 350g (200g*);£1.00/unit;£0.50/100g;Vinegar, pickles, olives & antipasti;olives-antipasti;589143;0.9;0.0;0.0;15.0;3.0;null;4.00;
karyatis-pimento-stfd-olive-907g-%28550g*%29;Karyatis Pimento Stuffed Olives 907g (550g*);£2.50/unit;£0.45/100g;Vinegar, pickles, olives & antipasti;olives-antipasti;589143;0.9;0.0;0.0;15.0;3.0;null;4.00;
karyatis-pitted-black-olive-235g-%28100g*%29;Karyatis Pitted Black Olives 235g (100g*);£0.60/unit;£0.60/100g;Vinegar, pickles, olives & antipasti;olives-antipasti;514125;0.5;0.0;0.0;13.0;2.2;null;1.50;
karyatis-pitted-black-olive-907g-%28440g*%29;Karyatis Pitted Black Olives 907g (440g*);£2.50/unit;£0.57/100g;Vinegar, pickles, olives & antipasti;olives-antipasti;514125;0.5;0.0;0.0;13.0;2.2;null;1.50;
karyatis-pitted-green-olive-907g-%28440g*%29;Karyatis Pitted Green Olives 907g (440g*);£2.50/unit;£0.57/100g;Vinegar, pickles, olives & antipasti;olives-antipasti;664162;1.0;0.0;0.0;17.0;3.0;null;4.00;
karyatis-roasted-red-peppers-450g;Karyatis Roasted Red Peppers 450g (350g*);£2.50/unit;£0.71/100g;Vinegar, pickles, olives & antipasti;olives-antipasti;null;null;null;null;null;null;null;null;
karyatis-seafood-salad-200g;Karyatis Seafood Salad 200g (120g*);£3.50/unit;£2.92/100g;Vinegar, pickles, olives & antipasti;olives-antipasti;null;null;null;null;null;null;null;null;
karyatis-sliced-black-olive-235g-%28100g*%29;Karyatis Sliced Black Olives 235g (100g*);£0.60/unit;£0.60/100g;Vinegar, pickles, olives & antipasti;olives-antipasti;514125;0.5;0.0;0.0;13.0;2.3;null;1.80;
karyatis-spanish-qn-olive-350g-%28200g*%29;Karyatis Spanish Queen Olives 350g (200g*);£1.30/unit;£0.65/100g;Vinegar, pickles, olives & antipasti;olives-antipasti;559136;1.3;0.0;0.0;14.0;2.7;null;4.00;
karyatis-spnsh-qn-pitd-olvs-350g-%28160g*%29;Karyatis Spanish Queen Pitted Olives 350g (160g*);£1.30/unit;£0.81/100g;Vinegar, pickles, olives & antipasti;olives-antipasti;484118;1.1;0.0;0.0;12.0;2.0;null;4.00;
keep-calm-celebration-cake;Keep Calm Celebration Cake;£6.00/unit;£6.00/ea;Celebration cakes;celebration-cakes;377;2.8;69.2;45.7;9.3;2.7;2.8;0.5;
kelderman-rye-bread--german-style-400g;Kelderman Rye Bread, German Style 400g;£1.35/unit;£0.34/100g;Bread;soda-rye-bread;177;61;344;09;10;02;83;11;
kelderman-rye-bread--german-style-400g;Kelderman Rye Bread, German Style 400g;£1.35/unit;£0.34/100g;Naan, ciabatta & breads of the world;naan-ciabatta-breads-of-the-world;177;61;344;09;10;02;83;11;
kelkin-belgian-chocolate-snack-bars-107g;Kelkin Gluten Free Belgian Milk Chocolate Snacks 5x21.5g;£2.69/unit;£2.51/100g;Biscuits & crackers;biscuits-crackers-freefrom;554;6.2;53;46.5;35;21.4;2.2;0.04;
kelkin-gluten-free-chocolate-teacakes-168g;Kelkin Gluten Free Tea Cakes 6x28g;£3.50/unit;£0.58/ea;Confectionery;chocolate;407;1.2;61;44;16;13;0;0.38;
kelkin-gluten-free-chocolate-teacakes-168g;Kelkin Gluten Free Tea Cakes 6x28g;£3.50/unit;£0.58/ea;Freefrom;bakery-freefrom;407;1.2;61;44;16;13;0;0.38;
kelkin-gluten-free-jaffa-cakes-150g;Kelkin Gluten Free Jaffa Cakes 150g;£1.80/unit;£1.20/100g;Biscuits & crackers;biscuits-crackers-freefrom;354;6.3;65;54.2;7.6;2.3;2;0.68;
kelloggs-all-bran-500g;Kellogg's All-Bran 500g;£2.10/unit;£0.42/100g;Breakfast cereals;healthier-cereals;1400334;14;48;18;3.5;0.7;27;0.95;
kelloggs-all-bran-750g;Kellogg's All Bran 750g;£2.90/unit;£0.39/100g;Breakfast cereals;bigger-packs;1400334;14;48;18;3.5;0.7;27;0.95;
kelloggs-all-bran-750g;Kellogg's All Bran 750g;£2.90/unit;£0.39/100g;Breakfast cereals;healthier-cereals;1400334;14;48;18;3.5;0.7;27;0.95;
kelloggs-all-bran-biscuit--chocolate-chip-6x40g;Kellogg's All-Bran Biscuit, Chocolate Chip 6x40g;£2.40/unit;£1.00/100g;Biscuits & crackers;cereal-bars-breakfast-biscuits;1747418;7;52;23;16;5;19;0.5;
kelloggs-all-bran-biscuit--chocolate-chip-6x40g;Kellogg's All-Bran Biscuit, Chocolate Chip 6x40g;£2.40/unit;£1.00/100g;Breakfast cereals;breakfast-cereal-bars-breakfast-biscuits;1747418;7;52;23;16;5;19;0.5;
kelloggs-all-bran-biscuits--original-6x40g;Kellogg's All-Bran Biscuits, Original 6x40g;£2.40/unit;£1.00/100g;Biscuits & crackers;cereal-bars-breakfast-biscuits;1837440;8;49;22;20;5;16;0.65;
kelloggs-all-bran-biscuits--original-6x40g;Kellogg's All-Bran Biscuits, Original 6x40g;£2.40/unit;£1.00/100g;Breakfast cereals;breakfast-cereal-bars-breakfast-biscuits;1837440;8;49;22;20;5;16;0.65;
kelloggs-all-bran-choc-wheats-450g;Kellogg's All-bran Choc Wheats 450g;£2.90/unit;£0.64/100g;Breakfast cereals;kids-cereals;1671397;10;64;19;9;5;10;0.05;
kelloggs-all-bran-flakes-750g;Kellogg's All Bran Flakes 750g;£2.90/unit;£0.39/100g;Breakfast cereals;bigger-packs;1503356;11;66;20;2;0.5;15;1;
kelloggs-all-bran-flakes-750g;Kellogg's All Bran Flakes 750g;£2.90/unit;£0.39/100g;Breakfast cereals;healthier-cereals;1503356;11;66;20;2;0.5;15;1;
kelloggs-all-bran-golden-crunch-390g;Kellogg's All Bran Golden Crunch 390g;£2.90/unit;£0.74/100g;Breakfast cereals;healthier-cereals;1701405;8;62;21;11;1.5;13;0.9;
kelloggs-all-bran-red-berry-crunch-340g;Kellogg's All Bran Red Berry Crunch 340g;£2.90/unit;£0.85/100g;Breakfast cereals;healthier-cereals;1701405;8;62;21;11;1.5;13;0.8;
kelloggs-bran-flakes-500g;Kellogg's Bran Flakes 500g;£2.10/unit;£0.42/100g;Breakfast cereals;healthier-cereals;1503356;11;66;20;2;0.5;15;1;
kelloggs-cereal---milk-bars--coco-pops-6x20g;Kellogg's Cereal & Milk Bars, Coco Pops 6x20g;£1.70/unit;£1.42/100g;Biscuits & crackers;cereal-bars-breakfast-biscuits;1763419;5.6;72;42;12;9;1.5;0.53;
kelloggs-cereal---milk-bars--coco-pops-6x20g;Kellogg's Cereal & Milk Bars, Coco Pops 6x20g;£1.70/unit;£1.42/100g;Breakfast cereals;breakfast-cereal-bars-breakfast-biscuits;1763419;5.6;72;42;12;9;1.5;0.53;
kelloggs-coco-pops-295g;Kellogg's Coco Pops 295g;£2.10/unit;£0.71/100g;Breakfast cereals;kids-cereals;1647389;5.5;85;35;2.5;1;2;0.75;
kelloggs-coco-pops-800g;Kellogg's Coco Pops 800g;£2.50/unit;£0.31/100g;Breakfast cereals;bigger-packs;1647389;5.5;85;35;2.5;1;2;0.75;
kelloggs-coco-pops-800g;Kellogg's Coco Pops 800g;£2.50/unit;£0.31/100g;Breakfast cereals;kids-cereals;1647389;5.5;85;35;2.5;1;2;0.75;
kelloggs-coco-pops-cereal-550g;Kellogg's Coco Pops Cereal 550g;£2.80/unit;£0.51/100g;Breakfast cereals;kids-cereals;1647389;5.5;85;35;2.5;1;2;0.75;
kelloggs-coco-pops-croc-prints-350g;Kellogg's Coco Pops Mini Crocs 350g;£2.70/unit;£0.77/100g;Breakfast cereals;kids-cereals;1594377;9;76;26;2.5;1;7;0.45;
kelloggs-coco-pops-porridge-7x27g;Kellogg's Coco Pops Porridge 7x27g;£2.00/unit;£1.06/100g;Breakfast cereals;family-cereals;1673397;9.4;70;20;6.9;1.2;8.5;0.08;
kelloggs-coco-pops-porridge-7x27g;Kellogg's Coco Pops Porridge 7x27g;£2.00/unit;£1.06/100g;Breakfast cereals;kids-cereals;1673397;9.4;70;20;6.9;1.2;8.5;0.08;
kelloggs-coco-pops-rocks-390g;Kellogg's Coco Pops Rocks 390g;£2.50/unit;£0.71/100g;Breakfast cereals;kids-cereals;1730410;7;75;27;8;3;5;0.75;
kelloggs-cornflakes-1kg;Kellogg's Cornflakes 1kg;£2.55/unit;£0.26/100g;Breakfast cereals;family-cereals;1604378;7;84;8;0.9;0.2;3;1.25;
kelloggs-cornflakes-250g;Kellogg's Cornflakes 250g;£1.40/unit;£0.56/100g;Breakfast cereals;family-cereals;1604378;7;84;8;0.9;0.2;3;1.25;
kelloggs-cornflakes-500g;Kellogg's Cornflakes 500g;£1.95/unit;£0.39/100g;Breakfast cereals;family-cereals;1604378;7;84;8;0.9;0.2;3;1.25;
kelloggs-cornflakes-750g;Kellogg's Cornflakes 750g;£2.00/unit;£0.27/100g;Breakfast cereals;family-cereals;1604378;7;84;8;0.9;0.2;3;1.3;
kelloggs-crunchy-nut--granola-caramel---hazelnut-380g;Kellogg's Crunchy Nut, Granola Caramel & Hazelnut 380g;£3.00/unit;£0.79/100g;Breakfast cereals;muesli-granola-clusters;2141511;7.6;64;22;24;10;4.5;0.78;
kelloggs-crunchy-nut--limited-edition-375g;Kellogg's Crunchy Nut, Limited Edition 375g;£2.00/unit;£0.53/100g;Breakfast cereals;family-cereals;1701402;6;82;35;5;0.9;2.5;0.88;
kelloggs-crunchy-nut-bites--nut---caramel-360g;Kellogg's Crunchy Nut Bites, Nut & Caramel 360g;£2.80/unit;£0.78/100g;Breakfast cereals;muesli-granola-clusters;1892450;6;71;27;15;7;3.5;1.13;
kelloggs-crunchy-nut-clusters-chocolate-450g;Kellogg's Crunchy Nut Clusters Chocolate 450g;£2.80/unit;£0.62/100g;Breakfast cereals;muesli-granola-clusters;1932460;8;67;31;17;5;3.5;0.83;
kelloggs-crunchy-nut-clusters-honey---nut-450g;Kellogg's Crunchy Nut Clusters Honey & Nut 450g;£2.80/unit;£0.62/100g;Breakfast cereals;muesli-granola-clusters;1879447;8;68;26;15;3;4;0.95;
kelloggs-crunchy-nut-cornflakes-1kg;Kellogg's Crunchy Nut Cornflakes 1kg;£4.00/unit;£0.40/100g;Breakfast cereals;family-cereals;1701402;6;82;35;5;0.9;2.5;0.88;
kelloggs-crunchy-nut-cornflakes-500g;Kellogg's Crunchy Nut Cornflakes 500g;£2.50/unit;£0.50/100g;Breakfast cereals;family-cereals;1701402;6;82;35;5;0.9;2.5;0.88;
kelloggs-crunchy-nut-cornflakes-750g;Kellogg's Crunchy Nut Cornflakes 750g;£3.15/unit;£0.42/100g;Breakfast cereals;family-cereals;1701402;6;82;35;5;0.9;2.5;0.88;
kelloggs-crunchy-nut-oat-granola--chocolate---nut-x4-380g;Kellogg's Crunchy Nut Granola, Chocolate & Nut 380g;£3.00/unit;£0.79/100g;Breakfast cereals;muesli-granola-clusters;2076497;8;57;21;25;12;5.8;0.63;
kelloggs-crunchy-nut-oat-granola-fruit---nut-380g;Kellogg's Crunchy Nut Granola, Fruit & Nut 380g;£3.00/unit;£0.79/100g;Breakfast cereals;muesli-granola-clusters;2000477;6.8;63;29;21;8.7;4.6;0.6;
kelloggs-crunchy-nut-peanut---chocolate-35g;Kellogg's Crunchy Nut Peanut & Chocolate 35g;£0.60/unit;£1.71/100g;Biscuits & crackers;cereal-bars-breakfast-biscuits;2029485;14;49;22;25;10;5;0.88;
kelloggs-crunchy-nut-peanut---chocolate-35g;Kellogg's Crunchy Nut Peanut & Chocolate 35g;£0.60/unit;£1.71/100g;Breakfast cereals;breakfast-cereal-bars-breakfast-biscuits;2029485;14;49;22;25;10;5;0.88;
kelloggs-froot-loops-350g;Kellogg's Froot Loops 350g;£2.80/unit;£0.80/100g;Breakfast cereals;kids-cereals;1654391;8;80;25;3.5;0.9;3.5;1.13;
kelloggs-frosted-wheats-500g;Kellogg's Frosted Wheats 500g;£2.70/unit;£0.54/100g;Breakfast cereals;healthier-cereals;1540364;10;72;17;2;0.6;9;0.03;
kelloggs-frosties-500g;Kellogg's Frosties 500g;£2.30/unit;£0.46/100g;Breakfast cereals;kids-cereals;1594375;4.5;87;37;0.6;0.1;2;0.88;
kelloggs-frosties-750g;Kellogg's Frosties 750g;£2.70/unit;£0.36/100g;Breakfast cereals;bigger-packs;1594375;4.5;87;37;0.6;0.1;2;0.88;
kelloggs-frosties-750g;Kellogg's Frosties 750g;£2.70/unit;£0.36/100g;Breakfast cereals;kids-cereals;1594375;4.5;87;37;0.6;0.1;2;0.88;
kelloggs-frosties-cereal---milk-bars-6x25g;Kellogg's Frosties Cereal & Milk Bars 6x25g;£1.70/unit;£1.13/100g;Biscuits & crackers;cereal-bars-breakfast-biscuits;1734411;6.4;72;32;11;7.5;1.4;0.75;
kelloggs-frosties-cereal---milk-bars-6x25g;Kellogg's Frosties Cereal & Milk Bars 6x25g;£1.70/unit;£1.13/100g;Breakfast cereals;breakfast-cereal-bars-breakfast-biscuits;1734411;6.4;72;32;11;7.5;1.4;0.75;
kelloggs-fruit-n-fibre-cereal-500g;Kellogg's Fruit 'n' Fibre Cereal 500g;£1.50/unit;£0.30/100g;Breakfast cereals;healthier-cereals;1603380;8;69;24;6;3.5;9;1;
kelloggs-fruit-n-fibre-cereal-750g;Kellogg's Fruit 'n' Fibre Cereal 750g;£3.00/unit;£0.40/100g;Breakfast cereals;bigger-packs;1603380;8;69;24;6;3.5;9;1;
kelloggs-fruit-n-fibre-cereal-750g;Kellogg's Fruit 'n' Fibre Cereal 750g;£3.00/unit;£0.40/100g;Breakfast cereals;healthier-cereals;1603380;8;69;24;6;3.5;9;1;
kelloggs-fruit-winders-doubles-strawberry---blackcurrant-6x17g;Kellogg's Strawberry & Blackcurrant Fruit Winders 6x17g;£2.00/unit;£1.96/100g;Canned, tinned & packaged foods;canned-tinned-packaged-fruit;1658393;0.2;79;37;8;3.5;2;0.13;
kelloggs-fruit-winders-doubles-strawberry---blackcurrant-6x17g;Kellogg's Strawberry & Blackcurrant Fruit Winders 6x17g;£2.00/unit;£1.96/100g;Crisps, nuts & snacking fruit;snacking-fruit-seeds;1658393;0.2;79;37;8;3.5;2;0.13;
kelloggs-fruit-winders-doubles-strawberry---blackcurrant-6x17g;Kellogg's Strawberry & Blackcurrant Fruit Winders 6x17g;£2.00/unit;£1.96/100g;Fruit & desserts;dessert-fruit;1658393;0.2;79;37;8;3.5;2;0.13;
kelloggs-fruity-breakfast-bars--apple-6x37g;Kellogg's Fruity Breakfast Bars, Apple 6x37g;£1.25/unit;£0.56/100g;Biscuits & crackers;cereal-bars-breakfast-biscuits;1489353;4;68;33;7.7;2.9;3.5;0.78;
kelloggs-fruity-breakfast-bars--apple-6x37g;Kellogg's Fruity Breakfast Bars, Apple 6x37g;£1.25/unit;£0.56/100g;Breakfast cereals;breakfast-cereal-bars-breakfast-biscuits;1489353;4;68;33;7.7;2.9;3.5;0.78;
kelloggs-fruity-breakfast-bars--blackberry---apple-6x37g;Kellogg's Fruity Breakfast Bars, Blackberry & Apple 6x37g;£1.25/unit;£0.56/100g;Biscuits & crackers;cereal-bars-breakfast-biscuits;1490354;4;68;33;7.7;2.9;3.5;0.88;
kelloggs-honey-loops-375g;Kellogg's Honey Loops 335g;£2.80/unit;£0.84/100g;Breakfast cereals;kids-cereals;1603379;7;77;21;3;0.5;8;0.35;
kelloggs-honey-pops-335g;Kellogg's Honey Pops 335g;£2.50/unit;£0.75/100g;Breakfast cereals;kids-cereals;1603379;7;77;21;3;0.5;8;0.35;
kelloggs-just-right-cereal-500g;Kellogg's Just Right Cereal 500g;£1.50/unit;£0.30/100g;Breakfast cereals;healthier-cereals;1572371;7;79;23;2;0.3;4.5;0.98;
kelloggs-krave-choco-roulette-375g;Kellogg's Krave Choco Roulette 375g;£2.80/unit;£0.75/100g;Breakfast cereals;family-cereals;1864443;7.4;68;30;15;3.8;3.4;1.2;
kelloggs-krave-choco-roulette-375g;Kellogg's Krave Choco Roulette 375g;£2.80/unit;£0.75/100g;Breakfast cereals;kids-cereals;1864443;7.4;68;30;15;3.8;3.4;1.2;
kelloggs-krave-chocolate-hazelnut-375g;Kellogg's Krave Chocolate Hazelnut 375g;£2.00/unit;£0.54/100g;Breakfast cereals;kids-cereals;1898452;7.2;68;29;16;4;3.4;1.13;
kelloggs-krave-milk-chocolate-375g;Kellogg's Krave Milk Chocolate 375g;£2.80/unit;£0.75/100g;Breakfast cereals;kids-cereals;1873445;7.1;69;30;15;5.1;3;1;
kelloggs-krave-milk-chocolate-650g;Kellogg's Krave Milk Chocolate 650g;£3.00/unit;£0.47/100g;Breakfast cereals;bigger-packs;1873445;7.1;69;30;15;5.1;3;1;
kelloggs-krave-milk-chocolate-650g;Kellogg's Krave Milk Chocolate 650g;£3.00/unit;£0.47/100g;Breakfast cereals;family-cereals;1873445;7.1;69;30;15;5.1;3;1;
kelloggs-krave-milk-chocolate-650g;Kellogg's Krave Milk Chocolate 650g;£3.00/unit;£0.47/100g;Breakfast cereals;kids-cereals;1873445;7.1;69;30;15;5.1;3;1;
kelloggs-mini-max-cereal--original-560g;Kellogg's Mini Max Cereal, Original 560g;£2.50/unit;£0.45/100g;Breakfast cereals;kids-cereals;1565370;11;73;18;2;0.3;8;0.03;
kelloggs-nutri-grain-breakfast-bakes--chocolate-chip-6x45g;Kellogg's Nutri-Grain Breakfast Bakes, Chocolate Chip 6x45g;£2.30/unit;£0.38/ea;Biscuits & crackers;cereal-bars-breakfast-biscuits;1700404;4.5;66;37;13;3;2.5;0.53;
kelloggs-nutri-grain-breakfast-bakes--chocolate-chip-6x45g;Kellogg's Nutri-Grain Breakfast Bakes, Chocolate Chip 6x45g;£2.30/unit;£0.38/ea;Breakfast cereals;breakfast-cereal-bars-breakfast-biscuits;1700404;4.5;66;37;13;3;2.5;0.53;
kelloggs-nutri-grain-breakfast-bakes--ginger-6x45g;Kellogg's Nutri-Grain Breakfast Bakes, Ginger 6x45g;£2.30/unit;£0.85/100g;Biscuits & crackers;cereal-bars-breakfast-biscuits;1589377;4.5;66;37;10;0.9;2.5;0.43;
kelloggs-nutri-grain-breakfast-bakes--ginger-6x45g;Kellogg's Nutri-Grain Breakfast Bakes, Ginger 6x45g;£2.30/unit;£0.85/100g;Breakfast cereals;breakfast-cereal-bars-breakfast-biscuits;1589377;4.5;66;37;10;0.9;2.5;0.43;
kelloggs-nutri-grain-breakfast-bakes--raisin-6x45g;Kellogg's Nutri-Grain Breakfast Bakes, Raisin 6x45g;£2.30/unit;£0.85/100g;Biscuits & crackers;cereal-bars-breakfast-biscuits;1569372;4.5;67;40;9;0.8;2.5;0.45;
kelloggs-nutri-grain-breakfast-bakes--raisin-6x45g;Kellogg's Nutri-Grain Breakfast Bakes, Raisin 6x45g;£2.30/unit;£0.85/100g;Breakfast cereals;breakfast-cereal-bars-breakfast-biscuits;1569372;4.5;67;40;9;0.8;2.5;0.45;
kelloggs-nutri-grain-crunchy-oat---granola-honey-bars-200g;Kellogg's Nutri-Grain Crunchy Oat & Granola Honey Bars 200g;£2.40/unit;£1.20/100g;Biscuits & crackers;cereal-bars-breakfast-biscuits;1943463;7;66;29;18;2;4.5;0.85;
kelloggs-nutri-grain-crunchy-oat---granola-honey-bars-200g;Kellogg's Nutri-Grain Crunchy Oat & Granola Honey Bars 200g;£2.40/unit;£1.20/100g;Breakfast cereals;breakfast-cereal-bars-breakfast-biscuits;1943463;7;66;29;18;2;4.5;0.85;
kelloggs-nutri-grain-crunchy-oat-granola-chocolate-chip-5x40g;Kellogg's Nutri-Grain Crunchy Oat Granola Chocolate Chip 5x40g;£2.40/unit;£1.20/100g;Biscuits & crackers;cereal-bars-breakfast-biscuits;1963468;7;65;31;19;3.5;4.5;0.88;
kelloggs-nutri-grain-crunchy-oat-granola-chocolate-chip-5x40g;Kellogg's Nutri-Grain Crunchy Oat Granola Chocolate Chip 5x40g;£2.40/unit;£1.20/100g;Breakfast cereals;breakfast-cereal-bars-breakfast-biscuits;1963468;7;65;31;19;3.5;4.5;0.88;
kelloggs-nutri-grain-crunchy-oat-granola-cinnamon-bars-5x40g;Kellogg's Nutri-Grain Crunchy Oat Granola Cinnamon Bars 5x40g;£2.40/unit;£1.20/100g;Biscuits & crackers;cereal-bars-breakfast-biscuits;1950465;8;63;22;19;2.5;5;0.93;
kelloggs-nutri-grain-crunchy-oat-granola-cinnamon-bars-5x40g;Kellogg's Nutri-Grain Crunchy Oat Granola Cinnamon Bars 5x40g;£2.40/unit;£1.20/100g;Breakfast cereals;breakfast-cereal-bars-breakfast-biscuits;1950465;8;63;22;19;2.5;5;0.93;
kelloggs-nutri-grain-oat-baked-bars-totally-oaty-6x50g;Kellogg's Nutri-Grain Oat Baked Bars Totally Oaty 6x50g;£2.30/unit;£0.77/100g;Biscuits & crackers;cereal-bars-breakfast-biscuits;1735413;5;63;31;15;1.5;3;0.25;
kelloggs-nutri-grain-oat-baked-bars-totally-oaty-6x50g;Kellogg's Nutri-Grain Oat Baked Bars Totally Oaty 6x50g;£2.30/unit;£0.77/100g;Breakfast cereals;breakfast-cereal-bars-breakfast-biscuits;1735413;5;63;31;15;1.5;3;0.25;
kelloggs-nutri-grain-soft---fruity-bars--blueberry-6x37g;Kellogg's Nutri-Grain Soft & Fruity Bars, Blueberry 6x37g;£1.25/unit;£0.56/100g;Biscuits & crackers;cereal-bars-breakfast-biscuits;1489353;4;68;33;7.7;2.8;3.5;0.78;
kelloggs-nutri-grain-soft---fruity-bars--blueberry-6x37g;Kellogg's Nutri-Grain Soft & Fruity Bars, Blueberry 6x37g;£1.25/unit;£0.56/100g;Breakfast cereals;breakfast-cereal-bars-breakfast-biscuits;1489353;4;68;33;7.7;2.8;3.5;0.78;
kelloggs-nutri-grain-soft---fruity-bars--strawberry-6x37g;Kellogg's Nutri-Grain Soft & Fruity Bars, Strawberry 6x37g;£1.25/unit;£0.56/100g;Biscuits & crackers;cereal-bars-breakfast-biscuits;1490354;4;68;33;7.7;2.9;3.5;0.78;
kelloggs-nutri-grain-soft---fruity-bars--strawberry-6x37g;Kellogg's Nutri-Grain Soft & Fruity Bars, Strawberry 6x37g;£1.25/unit;£0.56/100g;Breakfast cereals;breakfast-cereal-bars-breakfast-biscuits;1490354;4;68;33;7.7;2.9;3.5;0.78;
kelloggs-nutri-grain-strawberry-x12;Kellogg's Nutri-grain Strawberry x12;£3.80/unit;£0.32/ea;Biscuits & crackers;cereal-bars-breakfast-biscuits;1490354;4;68;33;7.7;2.9;3.5;0.78;
kelloggs-nutri-grain-strawberry-x12;Kellogg's Nutri-grain Strawberry x12;£3.80/unit;£0.32/ea;Breakfast cereals;breakfast-cereal-bars-breakfast-biscuits;1490354;4;68;33;7.7;2.9;3.5;0.78;
kelloggs-nutrigrain-morning-bars-strawberry-x1-37g;Kellogg's Nutri-Grain Morning Bar Strawberry 37g;£0.60/unit;£1.62/100g;Biscuits & crackers;cereal-bars-breakfast-biscuits;1490354;4;68;33;7.7;2.9;3.5;0.78;
kelloggs-nutrigrain-morning-bars-strawberry-x1-37g;Kellogg's Nutri-Grain Morning Bar Strawberry 37g;£0.60/unit;£1.62/100g;Breakfast cereals;breakfast-cereal-bars-breakfast-biscuits;1490354;4;68;33;7.7;2.9;3.5;0.78;
kelloggs-pop-tarts-chocotastic-8x400g;Kellogg's Pop Tarts Chocotastic 8x50g;£2.70/unit;£0.68/100g;Biscuits & crackers;cereal-bars-breakfast-biscuits;1668396;5;68;33;11;5;2.5;1.13;
kelloggs-pop-tarts-chocotastic-8x400g;Kellogg's Pop Tarts Chocotastic 8x50g;£2.70/unit;£0.68/100g;Breakfast cereals;breakfast-cereal-bars-breakfast-biscuits;1668396;5;68;33;11;5;2.5;1.13;
kelloggs-pop-tarts-strawberry-8x400g;Kellogg's Pop Tarts Strawberry 8x50g;£2.70/unit;£0.68/100g;Biscuits & crackers;cereal-bars-breakfast-biscuits;1685400;4;70;32;11;5;2.5;0.88;
kelloggs-pop-tarts-strawberry-8x400g;Kellogg's Pop Tarts Strawberry 8x50g;£2.70/unit;£0.68/100g;Breakfast cereals;breakfast-cereal-bars-breakfast-biscuits;1685400;4;70;32;11;5;2.5;0.88;
kelloggs-raisin-wheats-500g;Kellogg's Raisin Wheats 500g;£2.70/unit;£0.54/100g;Breakfast cereals;healthier-cereals;1458345;9;69;13;2;0.4;9;0.08;
kelloggs-rice-krispies-340g;Kellogg's Rice Krispies 340g;£2.10/unit;£0.62/100g;Breakfast cereals;kids-cereals;1626383;6;87;10;1;0.2;1;1.13;
kelloggs-rice-krispies-510g;Kellogg's Rice Krispies 510g;£2.80/unit;£0.55/100g;Breakfast cereals;kids-cereals;1626383;6;87;10;1;0.2;1;1.13;
kelloggs-rice-krispies-700g;Kellogg's Rice Krispies 700g;£2.50/unit;£0.35/100g;Breakfast cereals;kids-cereals;1626383;6;87;10;1;0.2;1;1.13;
kelloggs-rice-krispies-cereal---milk-bars-x6;Kellogg's Rice Krispies Cereal & Milk Bars x6;£1.70/unit;£1.42/100g;Biscuits & crackers;cereal-bars-breakfast-biscuits;1734411;6;73;36;11;8;0.3;0.63;
kelloggs-rice-krispies-cereal---milk-bars-x6;Kellogg's Rice Krispies Cereal & Milk Bars x6;£1.70/unit;£1.42/100g;Breakfast cereals;breakfast-cereal-bars-breakfast-biscuits;1734411;6;73;36;11;8;0.3;0.63;
kelloggs-rice-krispies-cereal-bars--squares-rocky-road-4x34g;Kellogg's Rice Krispies Cereal Bars, Squares Rocky Road 4x34g;£1.70/unit;£1.25/100g;Biscuits & crackers;cereal-bars-breakfast-biscuits;1772420;4;76;37;11;7;1.5;0.55;
kelloggs-rice-krispies-cereal-bars--squares-rocky-road-4x34g;Kellogg's Rice Krispies Cereal Bars, Squares Rocky Road 4x34g;£1.70/unit;£1.25/100g;Breakfast cereals;breakfast-cereal-bars-breakfast-biscuits;1772420;4;76;37;11;7;1.5;0.55;
kelloggs-rice-krispies-marshmallow-scares-5x20g;Kellogg's Rice Krispies Marshmallow Scares 5x20g;£1.69/unit;£1.69/100g;Biscuits & crackers;cereal-bars-breakfast-biscuits;432;4.5;74;35;13;10;1.5;0.65;
kelloggs-rice-krispies-marshmallow-scares-5x20g;Kellogg's Rice Krispies Marshmallow Scares 5x20g;£1.69/unit;£1.69/100g;Breakfast cereals;breakfast-cereal-bars-breakfast-biscuits;432;4.5;74;35;13;10;1.5;0.65;
kelloggs-rice-krispies-multigrain-350g;Kellogg's Rice Krispies Multigrain 350g;£2.00/unit;£0.57/100g;Breakfast cereals;kids-cereals;1602379;8;77;21;2.5;0.5;8;0.38;
kelloggs-rice-krispies-squares--caramel---chocolate-x4;Kellogg's Rice Krispies Squares, Caramel & Chocolate x4;£1.70/unit;£1.18/100g;Biscuits & crackers;cereal-bars-breakfast-biscuits;424;4.5;74;40;12;9;2;0.75;
kelloggs-rice-krispies-squares--caramel---chocolate-x4;Kellogg's Rice Krispies Squares, Caramel & Chocolate x4;£1.70/unit;£1.18/100g;Breakfast cereals;breakfast-cereal-bars-breakfast-biscuits;424;4.5;74;40;12;9;2;0.75;
kelloggs-rice-krispies-squares--choc-marshmallow-mash-up-x-4;Kellogg's Rice Krispies Squares, Choc-Marshmallow Mash-up x 4;£1.70/unit;£1.18/100g;Biscuits & crackers;cereal-bars-breakfast-biscuits;1843438;3.1;75;42;14;8.4;0.8;0.58;
kelloggs-rice-krispies-squares--choc-marshmallow-mash-up-x-4;Kellogg's Rice Krispies Squares, Choc-Marshmallow Mash-up x 4;£1.70/unit;£1.18/100g;Breakfast cereals;breakfast-cereal-bars-breakfast-biscuits;1843438;3.1;75;42;14;8.4;0.8;0.58;
kelloggs-rice-krispies-squares--honeycomb-crunch-bars-4x32g;Kellogg's Rice Krispies Squares, Honeycomb Crunch Bars 4x32g;£1.70/unit;£1.33/100g;Biscuits & crackers;cereal-bars-breakfast-biscuits;418;5;77;39;10;7;0.6;0.75;
kelloggs-rice-krispies-squares--honeycomb-crunch-bars-4x32g;Kellogg's Rice Krispies Squares, Honeycomb Crunch Bars 4x32g;£1.70/unit;£1.33/100g;Breakfast cereals;breakfast-cereal-bars-breakfast-biscuits;418;5;77;39;10;7;0.6;0.75;
kelloggs-rice-krispies-squares--marshmallow-x4;Kellogg's Rice Krispies Squares, Marshmallow x4;£1.70/unit;£1.52/100g;Biscuits & crackers;cereal-bars-breakfast-biscuits;1787424;3;76;32;12;7;0.9;0.75;
kelloggs-rice-krispies-squares--marshmallow-x4;Kellogg's Rice Krispies Squares, Marshmallow x4;£1.70/unit;£1.52/100g;Breakfast cereals;breakfast-cereal-bars-breakfast-biscuits;1787424;3;76;32;12;7;0.9;0.75;
kelloggs-rice-krispies-squares--totally-chocolate-x4;Kellogg's Rice Krispies Squares, Totally Chocolate x4;£1.70/unit;£1.18/100g;Biscuits & crackers;cereal-bars-breakfast-biscuits;1819432;4.5;74;35;13;10;1.5;0.63;
kelloggs-rice-krispies-squares--totally-chocolate-x4;Kellogg's Rice Krispies Squares, Totally Chocolate x4;£1.70/unit;£1.18/100g;Breakfast cereals;breakfast-cereal-bars-breakfast-biscuits;1819432;4.5;74;35;13;10;1.5;0.63;
kelloggs-rice-krispies-squares-marshmallow-28g;Kellogg's Rice Krispies Squares Marshmallow 28g;£0.60/unit;£2.14/100g;Biscuits & crackers;cereal-bars-breakfast-biscuits;1787424;3;76;32;12;7;0.9;0.75;
kelloggs-rice-krispies-squares-marshmallow-28g;Kellogg's Rice Krispies Squares Marshmallow 28g;£0.60/unit;£2.14/100g;Breakfast cereals;breakfast-cereal-bars-breakfast-biscuits;1787424;3;76;32;12;7;0.9;0.75;
kelloggs-rice-krispies-squares-totally-chocolatey-mint-4x34g;Kellogg's Rice Krispies Squares Totally Chocolatey Mint 4x34g;£1.70/unit;£1.25/100g;Biscuits & crackers;cereal-bars-breakfast-biscuits;437;4.5;73;38;14;9;1.5;0.75;
kelloggs-rice-krispies-squares-totally-chocolatey-mint-4x34g;Kellogg's Rice Krispies Squares Totally Chocolatey Mint 4x34g;£1.70/unit;£1.25/100g;Breakfast cereals;breakfast-cereal-bars-breakfast-biscuits;437;4.5;73;38;14;9;1.5;0.75;
kelloggs-rice-krispies-totally-chocolatey-scares-5x20g;Kellogg's Rice Krispies Totally Chocolatey Scares 5x20g;£1.69/unit;£1.69/100g;Biscuits & crackers;cereal-bars-breakfast-biscuits;424;3;76;32;12;7;0.9;0.75;
kelloggs-rice-krispies-totally-chocolatey-scares-5x20g;Kellogg's Rice Krispies Totally Chocolatey Scares 5x20g;£1.69/unit;£1.69/100g;Breakfast cereals;breakfast-cereal-bars-breakfast-biscuits;424;3;76;32;12;7;0.9;0.75;
kelloggs-ricicles-450g;Kellogg's Ricicles 450g;£2.70/unit;£0.60/100g;Breakfast cereals;kids-cereals;1626383;4.5;89;34;0.8;0.1;0.8;0.88;
kelloggs-special-k--fruit---nut-370g;Kellogg's Special K Fruit & Nut 370g;£2.70/unit;£0.73/100g;Breakfast cereals;family-cereals;1587375;7;79;28;2.5;0.4;4.5;0.75;
kelloggs-special-k--fruit---nut-370g;Kellogg's Special K Fruit & Nut 370g;£2.70/unit;£0.73/100g;Breakfast cereals;healthier-cereals;1587375;7;79;28;2.5;0.4;4.5;0.75;
kelloggs-special-k-400g;Kellogg's Special K 400g;£2.70/unit;£0.68/100g;Breakfast cereals;family-cereals;1588375;9;79;17;1.5;0.3;4.5;1;
kelloggs-special-k-400g;Kellogg's Special K 400g;£2.70/unit;£0.68/100g;Breakfast cereals;healthier-cereals;1588375;9;79;17;1.5;0.3;4.5;1;
kelloggs-special-k-750g;Kellogg's Special K 750g;£3.00/unit;£0.40/100g;Breakfast cereals;bigger-packs;1588375;9;79;17;1.5;0.3;4.5;1;
kelloggs-special-k-750g;Kellogg's Special K 750g;£3.00/unit;£0.40/100g;Breakfast cereals;family-cereals;1588375;9;79;17;1.5;0.3;4.5;1;
kelloggs-special-k-750g;Kellogg's Special K 750g;£3.00/unit;£0.40/100g;Breakfast cereals;healthier-cereals;1588375;9;79;17;1.5;0.3;4.5;1;
kelloggs-special-k-bar-23g;Kellogg's Special K bar 21.5g;£0.60/unit;£2.79/100g;Biscuits & crackers;cereal-bars-breakfast-biscuits;1620383;8;77;38;5;3.5;2;0.65;
kelloggs-special-k-bar-23g;Kellogg's Special K bar 21.5g;£0.60/unit;£2.79/100g;Breakfast cereals;breakfast-cereal-bars-breakfast-biscuits;1620383;8;77;38;5;3.5;2;0.65;
kelloggs-special-k-bars-x12;Kellogg's Special K Bars x12;£4.30/unit;£0.36/ea;Biscuits & crackers;cereal-bars-breakfast-biscuits;1630386;4.4;80;35;5.1;3;2.6;0.63;
kelloggs-special-k-bars-x12;Kellogg's Special K Bars x12;£4.30/unit;£0.36/ea;Breakfast cereals;breakfast-cereal-bars-breakfast-biscuits;1630386;4.4;80;35;5.1;3;2.6;0.63;
kelloggs-special-k-biscuit-moments--chocolate-125g;Kellogg's Special K Biscuit Moments, Chocolate 125g;£1.50/unit;£1.20/100g;Biscuits & crackers;cereal-bars-breakfast-biscuits;1663394;5.2;72;27;9;3.8;2.2;0.73;
kelloggs-special-k-biscuit-moments--chocolate-125g;Kellogg's Special K Biscuit Moments, Chocolate 125g;£1.50/unit;£1.20/100g;Breakfast cereals;breakfast-cereal-bars-breakfast-biscuits;1663394;5.2;72;27;9;3.8;2.2;0.73;
kelloggs-special-k-biscuit-moments-blueberry-125g;Kellogg's Special K Biscuit Moments Blueberry 125g;£1.50/unit;£1.20/100g;Biscuits & crackers;cereal-bars-breakfast-biscuits;1666395;4.7;73;31;9;3.3;1.5;0.78;
kelloggs-special-k-biscuit-moments-blueberry-125g;Kellogg's Special K Biscuit Moments Blueberry 125g;£1.50/unit;£1.20/100g;Biscuits & crackers;healthier-biscuits-crackers;1666395;4.7;73;31;9;3.3;1.5;0.78;
kelloggs-special-k-biscuit-moments-blueberry-125g;Kellogg's Special K Biscuit Moments Blueberry 125g;£1.50/unit;£1.20/100g;Breakfast cereals;breakfast-cereal-bars-breakfast-biscuits;1666395;4.7;73;31;9;3.3;1.5;0.78;
kelloggs-special-k-biscuit-moments-caramel-125g;Kellogg's Special K Biscuit Moments Caramel x5 125g;£1.50/unit;£1.20/100g;Biscuits & crackers;cereal-bars-breakfast-biscuits;1609382;4.8;73;28;9;3.8;1.6;0.75;
kelloggs-special-k-biscuit-moments-caramel-125g;Kellogg's Special K Biscuit Moments Caramel x5 125g;£1.50/unit;£1.20/100g;Biscuits & crackers;healthier-biscuits-crackers;1609382;4.8;73;28;9;3.8;1.6;0.75;
kelloggs-special-k-biscuit-moments-caramel-125g;Kellogg's Special K Biscuit Moments Caramel x5 125g;£1.50/unit;£1.20/100g;Breakfast cereals;breakfast-cereal-bars-breakfast-biscuits;1609382;4.8;73;28;9;3.8;1.6;0.75;
kelloggs-special-k-biscuit-moments-raspberry-125g;Kellogg's Special K Biscuit Moments Raspberry x5 125g;£1.50/unit;£1.20/100g;Biscuits & crackers;cereal-bars-breakfast-biscuits;1613383;4.6;74;30;8.7;3.4;1.8;0.88;
kelloggs-special-k-biscuit-moments-raspberry-125g;Kellogg's Special K Biscuit Moments Raspberry x5 125g;£1.50/unit;£1.20/100g;Biscuits & crackers;healthier-biscuits-crackers;1613383;4.6;74;30;8.7;3.4;1.8;0.88;
kelloggs-special-k-biscuit-moments-raspberry-125g;Kellogg's Special K Biscuit Moments Raspberry x5 125g;£1.50/unit;£1.20/100g;Breakfast cereals;breakfast-cereal-bars-breakfast-biscuits;1613383;4.6;74;30;8.7;3.4;1.8;0.88;
kelloggs-special-k-biscuit-moments-strawberry-125g;Kellogg's Special K Biscuit Moments Strawberry 125g;£1.50/unit;£1.20/100g;Biscuits & crackers;cereal-bars-breakfast-biscuits;1648390;4.8;74;31;8;2.8;1.6;0.75;
kelloggs-special-k-biscuit-moments-strawberry-125g;Kellogg's Special K Biscuit Moments Strawberry 125g;£1.50/unit;£1.20/100g;Biscuits & crackers;healthier-biscuits-crackers;1648390;4.8;74;31;8;2.8;1.6;0.75;
kelloggs-special-k-biscuit-moments-strawberry-125g;Kellogg's Special K Biscuit Moments Strawberry 125g;£1.50/unit;£1.20/100g;Breakfast cereals;breakfast-cereal-bars-breakfast-biscuits;1648390;4.8;74;31;8;2.8;1.6;0.75;
kelloggs-special-k-cereal-bars--double-chocolate-5x20g;Kellogg's Special K Cereal Bars, Double Chocolate 5x20g;£1.85/unit;£1.54/100g;Biscuits & crackers;cereal-bars-breakfast-biscuits;1665396;6;68;25;9;5;11;0.63;
kelloggs-special-k-cereal-bars--double-chocolate-5x20g;Kellogg's Special K Cereal Bars, Double Chocolate 5x20g;£1.85/unit;£1.54/100g;Breakfast cereals;breakfast-cereal-bars-breakfast-biscuits;1665396;6;68;25;9;5;11;0.63;
kelloggs-special-k-chocolate---mint-bars-5x22g;Kellogg's Special K Chocolate & Mint Bars 5x22g;£1.85/unit;£1.68/100g;Biscuits & crackers;cereal-bars-breakfast-biscuits;1726410;5;74;36;10;5;3.5;0.5;
kelloggs-special-k-chocolate---mint-bars-5x22g;Kellogg's Special K Chocolate & Mint Bars 5x22g;£1.85/unit;£1.68/100g;Breakfast cereals;breakfast-cereal-bars-breakfast-biscuits;1726410;5;74;36;10;5;3.5;0.5;
kelloggs-special-k-chocolate---raspberry-bars-5x22g;Kellogg's Special K Chocolate & Raspberry Bars 5x22g;£1.85/unit;£1.68/100g;Biscuits & crackers;cereal-bars-breakfast-biscuits;1731411;4;75;36;10;5;4;0.63;
kelloggs-special-k-chocolate---raspberry-bars-5x22g;Kellogg's Special K Chocolate & Raspberry Bars 5x22g;£1.85/unit;£1.68/100g;Breakfast cereals;breakfast-cereal-bars-breakfast-biscuits;1731411;4;75;36;10;5;4;0.63;
kelloggs-special-k-chocolate---strawberry-320g;Kellogg's Special K Chocolate & Strawberry 320g;£2.70/unit;£0.84/100g;Breakfast cereals;family-cereals;1626384;8;79;19;3.1;0.7;4;0.95;
kelloggs-special-k-chocolate---strawberry-320g;Kellogg's Special K Chocolate & Strawberry 320g;£2.70/unit;£0.84/100g;Breakfast cereals;healthier-cereals;1626384;8;79;19;3.1;0.7;4;0.95;
kelloggs-special-k-creamy-berry-crunch-320g;Kellogg's Special K Creamy Berry Crunch 320g;£2.70/unit;£0.84/100g;Breakfast cereals;family-cereals;1617382;8;78;20;3.1;1.5;5;0.93;
kelloggs-special-k-creamy-berry-crunch-320g;Kellogg's Special K Creamy Berry Crunch 320g;£2.70/unit;£0.84/100g;Breakfast cereals;healthier-cereals;1617382;8;78;20;3.1;1.5;5;0.93;
kelloggs-special-k-dark-chocolate-chewy-4x24g;Kellogg's Special K Dark Chocolate Chewy 4x24g;£1.85/unit;£1.93/100g;Biscuits & crackers;cereal-bars-breakfast-biscuits;1693404;4.5;57;21;14;6;17;0.35;
kelloggs-special-k-dark-chocolate-chewy-4x24g;Kellogg's Special K Dark Chocolate Chewy 4x24g;£1.85/unit;£1.93/100g;Breakfast cereals;breakfast-cereal-bars-breakfast-biscuits;1693404;4.5;57;21;14;6;17;0.35;
kelloggs-special-k-granola-apple---raisin-370g;Kellogg's Special K Granola Apple & Raisin 370g;£3.00/unit;£0.81/100g;Breakfast cereals;muesli-granola-clusters;1640389;7.8;68;22;7.4;1.1;9.7;0.65;
kelloggs-special-k-granola-cranberries--pumpkin-seeds-and-almonds-370g;Kellogg's Special K Granola Cranberries, Pumpkin Seeds & Almonds 370g;£3.00/unit;£0.81/100g;Breakfast cereals;muesli-granola-clusters;1631387;9.9;65;17;7.5;1.2;10;0.75;
kelloggs-special-k-hazelnut---almond-300g;Kellogg's Special K Hazelnut & Almond 300g;£2.70/unit;£0.90/100g;Breakfast cereals;family-cereals;1666394;9;76;18;5;0.8;4.5;1;
kelloggs-special-k-hazelnut---almond-300g;Kellogg's Special K Hazelnut & Almond 300g;£2.70/unit;£0.90/100g;Breakfast cereals;healthier-cereals;1666394;9;76;18;5;0.8;4.5;1;
kelloggs-special-k-hazelnut---almond-cereal-bars-x5;Kellogg's Special K Hazelnut & Almond Cereal Bars x5;£1.85/unit;£0.37/ea;Biscuits & crackers;cereal-bars-breakfast-biscuits;1699404;6;65;26;12;2.3;7.6;0.8;
kelloggs-special-k-hazelnut---almond-cereal-bars-x5;Kellogg's Special K Hazelnut & Almond Cereal Bars x5;£1.85/unit;£0.37/ea;Breakfast cereals;breakfast-cereal-bars-breakfast-biscuits;1699404;6;65;26;12;2.3;7.6;0.8;
kelloggs-special-k-milk-chocolate-chewy-4x24g;Kellogg's Special K Milk Chocolate Chewy 4x24g;£1.85/unit;£1.93/100g;Biscuits & crackers;cereal-bars-breakfast-biscuits;1668398;5.2;57;24;13;5.1;17;0.43;
kelloggs-special-k-milk-chocolate-chewy-4x24g;Kellogg's Special K Milk Chocolate Chewy 4x24g;£1.85/unit;£1.93/100g;Breakfast cereals;breakfast-cereal-bars-breakfast-biscuits;1668398;5.2;57;24;13;5.1;17;0.43;
kelloggs-special-k-oats---honey-375g;Kellogg's Special K Oats & Honey 375g;£2.70/unit;£0.72/100g;Breakfast cereals;family-cereals;1613381;9;77;18;3;0.5;5;0.63;
kelloggs-special-k-oats---honey-375g;Kellogg's Special K Oats & Honey 375g;£2.70/unit;£0.72/100g;Breakfast cereals;healthier-cereals;1613381;9;77;18;3;0.5;5;0.63;
kelloggs-special-k-oats---honey-650g;Kellogg's Special K Oats & Honey 650g;£3.00/unit;£0.47/100g;Breakfast cereals;family-cereals;1613381;9;77;18;3;0.5;5;0.63;
kelloggs-special-k-oats---honey-650g;Kellogg's Special K Oats & Honey 650g;£3.00/unit;£0.47/100g;Breakfast cereals;healthier-cereals;1613381;9;77;18;3;0.5;5;0.63;
kelloggs-special-k-original-550g;Kellogg's Special K Original 550g;£3.30/unit;£0.60/100g;Breakfast cereals;family-cereals;1588375;9;79;17;1.5;0.3;4.5;1;
kelloggs-special-k-original-550g;Kellogg's Special K Original 550g;£3.30/unit;£0.60/100g;Breakfast cereals;healthier-cereals;1588375;9;79;17;1.5;0.3;4.5;1;
kelloggs-special-k-peach---apricot-320g;Kellogg's Special K Peach & Apricot 320g;£2.70/unit;£0.84/100g;Breakfast cereals;family-cereals;1588375;8;80;21;1.5;0.2;4.5;0.95;
kelloggs-special-k-peach---apricot-320g;Kellogg's Special K Peach & Apricot 320g;£2.70/unit;£0.84/100g;Breakfast cereals;healthier-cereals;1588375;8;80;21;1.5;0.2;4.5;0.95;
kelloggs-special-k-peach---apricot-bars-5x23g;Kellogg's Special K Peach & Apricot Bars 5x23g;£1.85/unit;£1.25/100g;Biscuits & crackers;cereal-bars-breakfast-biscuits;1643389;4.8;78;34;6.1;6.3;3;0.63;
kelloggs-special-k-peach---apricot-bars-5x23g;Kellogg's Special K Peach & Apricot Bars 5x23g;£1.85/unit;£1.25/100g;Breakfast cereals;breakfast-cereal-bars-breakfast-biscuits;1643389;4.8;78;34;6.1;6.3;3;0.63;
kelloggs-special-k-porridge-original-7x27g;Kellogg's Special K Multigrain Porridge Original 7x27g;£1.50/unit;£0.80/100g;Breakfast cereals;porridge-oats;1625385;9;71;14;5;0.9;10;0.08;
kelloggs-special-k-porridge-pot-honey---almond-50g;Kellogg's Special K Multigrain Porridge Pot Honey & Almond 50g;£1.00/unit;£2.00/100g;Breakfast cereals;on-the-go;1643389;13;69;25;5;0.9;8;0.2;
kelloggs-special-k-porridge-pot-honey---almond-50g;Kellogg's Special K Multigrain Porridge Pot Honey & Almond 50g;£1.00/unit;£2.00/100g;Breakfast cereals;porridge-oats;1643389;13;69;25;5;0.9;8;0.2;
kelloggs-special-k-porridge-pot-original-50g;Kellogg's Special K Multigrain Porridge Pot Original 50g;£1.00/unit;£2.00/100g;Breakfast cereals;on-the-go;1633387;13;69;24;4.5;0.8;9;0.2;
kelloggs-special-k-porridge-pot-original-50g;Kellogg's Special K Multigrain Porridge Pot Original 50g;£1.00/unit;£2.00/100g;Breakfast cereals;porridge-oats;1633387;13;69;24;4.5;0.8;9;0.2;
kelloggs-special-k-porridge-pot-red-berries-50g;Kellogg's Special K Multigrain Porridge Pot Red Berries 50g;£1.00/unit;£2.00/100g;Breakfast cereals;on-the-go;1633387;13;69;26;4.5;0.8;9;0.2;
kelloggs-special-k-porridge-pot-red-berries-50g;Kellogg's Special K Multigrain Porridge Pot Red Berries 50g;£1.00/unit;£2.00/100g;Breakfast cereals;porridge-oats;1633387;13;69;26;4.5;0.8;9;0.2;
kelloggs-special-k-porridge-red-berries-6x27g;Kellogg's Special K Multigrain Porridge Red Berries 6x27g;£1.50/unit;£0.92/100g;Breakfast cereals;on-the-go;1624385;9;72;13;4.5;0.8;10;0.08;
kelloggs-special-k-porridge-red-berries-6x27g;Kellogg's Special K Multigrain Porridge Red Berries 6x27g;£1.50/unit;£0.92/100g;Breakfast cereals;porridge-oats;1624385;9;72;13;4.5;0.8;10;0.08;
kelloggs-special-k-red-berries-320g;Kellogg's Special K Red Berries 320g;£2.70/unit;£0.84/100g;Breakfast cereals;family-cereals;1605379;8;81;19;1.5;0.2;4.5;0.95;
kelloggs-special-k-red-berries-320g;Kellogg's Special K Red Berries 320g;£2.70/unit;£0.84/100g;Breakfast cereals;healthier-cereals;1605379;8;81;19;1.5;0.2;4.5;0.95;
kelloggs-special-k-red-berries-500g;Kellogg's Special K Red Berries 500g;£3.00/unit;£0.60/100g;Breakfast cereals;family-cereals;1605379;8;81;19;1.5;0.2;4.5;0.95;
kelloggs-special-k-red-berries-500g;Kellogg's Special K Red Berries 500g;£3.00/unit;£0.60/100g;Breakfast cereals;healthier-cereals;1605379;8;81;19;1.5;0.2;4.5;0.95;
kelloggs-special-k-red-berry-bars-5x23g;Kellogg's Special K Red Berry Bars 5x23g;£1.85/unit;£1.72/100g;Biscuits & crackers;cereal-bars-breakfast-biscuits;1630386;4.4;80;35;5.1;3;2.6;0.63;
kelloggs-special-k-red-berry-bars-5x23g;Kellogg's Special K Red Berry Bars 5x23g;£1.85/unit;£1.72/100g;Breakfast cereals;breakfast-cereal-bars-breakfast-biscuits;1630386;4.4;80;35;5.1;3;2.6;0.63;
kelloggs-special-k-yogurt-320g;Kellogg's Special K Yoghurty 320g;£2.70/unit;£0.84/100g;Breakfast cereals;family-cereals;1626384;9;78;21;3.1;1.5;4;1.03;
kelloggs-special-k-yogurt-320g;Kellogg's Special K Yoghurty 320g;£2.70/unit;£0.84/100g;Breakfast cereals;healthier-cereals;1626384;9;78;21;3.1;1.5;4;1.03;
kelloggs-start-cereal-375g;Kellogg's Start Cereal 375g;£2.80/unit;£0.75/100g;Breakfast cereals;family-cereals;1649390;8;79;24;3.5;2;5;1;
kelloggs-sultana-bran-500g;Kellogg's Sultana Bran 500g;£2.90/unit;£0.58/100g;Breakfast cereals;healthier-cereals;1453344;8;67;30;2;0.5;13;0.83;
kelloggs-variety-cereal-pack-x8-192g;Kellogg's Variety Cereal Pack x8 192g;£2.10/unit;£1.14/100g;Breakfast cereals;kids-cereals;1603379;7;77;21;3;0.5;8;0.35;
kelloggs-winders-strawberry-double-6x17g;Kellogg's Strawberry Fruit Winders 6x17g;£2.00/unit;£1.96/100g;Crisps, nuts & snacking fruit;snacking-fruit-seeds;1658393;0.2;79;37;8;3.5;2;0.13;
kelloggs-winders-strawberry-double-6x17g;Kellogg's Strawberry Fruit Winders 6x17g;£2.00/unit;£1.96/100g;Fruit & desserts;dessert-fruit;1658393;0.2;79;37;8;3.5;2;0.13;
kelloggs-winders-strawberry-double-6x17g;Kellogg's Strawberry Fruit Winders 6x17g;£2.00/unit;£1.96/100g;Fruit & desserts;snacking-fruit-nuts;1658393;0.2;79;37;8;3.5;2;0.13;
kellys-cornish-clotted-ice-cream-1l;Kelly's Cornish Clotted Ice Cream 1L;£3.50/unit;£0.35/100ml;Ice cream & desserts;ice-cream-tubs;null;null;null;null;null;null;null;null;
kellys-cornish-vanilla-dairy-ice-cream-2l;Kelly's Cornish Vanilla Dairy Ice Cream 2L;£4.00/unit;£0.20/100ml;Ice cream & desserts;ice-cream-tubs;212;3.8;22.3;22.3;11.9;7.6;0.1;0.2;
kellys-honeycomb-caramel-swirl-1l;Kelly's Clotted Cream & Honeycomb Ice Cream 1L;£3.50/unit;£0.35/100ml;Ice cream & desserts;ice-cream-tubs;217;3.5;28.4;27.6;9.9;6.3;0.1;0.2;
kerrygold-pure-irish-butter-250g;Kerrygold Pure Irish Butter 250g;£1.70/unit;£6.80/kg;Butter, spreads & baking;block-butter;723;0.4;0.3;null;80;null;null;null;
kerrygold-softer-butter-250g;Kerrygold Softer Butter 250g;£1.90/unit;£7.60/kg;Butter, spreads & baking;spreadable-butter;726;0.7;0.8;0.8;80.0;48.0;null;1.2;
kerrygold-spreadable-400g;Kerrygold Spreadable 400g;£2.70/unit;£6.75/kg;Butter, spreads & baking;spreadable-butter;589;0.5;0.5;0.5;65;35;null;1;
kerrygold-unsalted-butter-250g;Kerrygold Unsalted Butter 250g;£1.70/unit;£6.80/kg;Butter, spreads & baking;block-butter;737;0.4;0.3;0.3;82;54;null;0;
kerrygold-unsalted-butter-250g;Kerrygold Unsalted Butter 250g;£1.70/unit;£6.80/kg;Butter, spreads & baking;spreadable-butter;737;0.4;0.3;0.3;82;54;null;0;
kerrygold-unsalted-butter-250g;Kerrygold Unsalted Butter 250g;£1.70/unit;£6.80/kg;Sugar & home baking;fats-spreads;737;0.4;0.3;0.3;82;54;null;0;
kettle-chips-crushed-black-pepper-225g;Kettle Chips Crushed Black Pepper 225g;£2.75/unit;£1.22/100g;Crisps, nuts & snacking fruit;crisps;502;5.7;52.4;0.8;28.6;3.3;6.2;1.5;
kettle-chips-lightly-salted-150g;Kettle Chips Lightly Salted 150g;£2.00/unit;£1.33/100g;Crisps, nuts & snacking fruit;crisps;513;5.8;51.5;0.5;30.1;3.5;6.5;0.9;
kettle-chips-lightly-salted-225g;Kettle Chips Lightly Salted 225g;£2.75/unit;£1.22/100g;Crisps, nuts & snacking fruit;crisps;513;5.8;51.5;0.5;30.1;3.5;6.5;0.9;
kettle-chips-lightly-salted-40g;Kettle Chips Lightly Salted 40g;£0.75/unit;£1.88/100g;Crisps, nuts & snacking fruit;crisps;513;5.8;51.5;0.5;30.1;3.5;6.5;0.9;
kettle-chips-mature-cheddar---red-onion-150g;Kettle Chips Mature Cheddar & Red Onion 150g;£2.00/unit;£1.33/100g;Crisps, nuts & snacking fruit;crisps;505;7.1;51.1;2.5;28.9;3.3;6.2;1.1;
kettle-chips-mozzarella---pesto-150g;Kettle Chips Mozzarella & Pesto 150g;£2.00/unit;£1.33/100g;Crisps, nuts & snacking fruit;crisps;506;6.6;51.3;3.1;29.2;3.8;6.2;1.4;
kettle-chips-sea-salt---balsamic-vinegar-150g;Kettle Chips Sea Salt & Balsamic Vinegar 150g;£2.00/unit;£1.33/100g;Crisps, nuts & snacking fruit;crisps;502;5.4;53.0;1.3;28.4;3.3;6.1;1.9;
kettle-chips-sea-salt---balsamic-vinegar-multipack-5x30g;Kettle Chips Sea Salt & Balsamic Vinegar 5x30g;£1.80/unit;£1.60/100g;Crisps, nuts & snacking fruit;crisps;502;5.4;53.0;1.3;28.4;3.3;6.1;1.9;
kettle-chips-sea-salt---cracked-black-pepper-150g;Kettle Chips Sea Salt & Cracked Black Pepper 150g;£2.00/unit;£1.33/100g;Crisps, nuts & snacking fruit;crisps;502;5.7;52.4;0.8;28.6;3.3;6.2;1.5;
kettle-chips-smoky-bbq-150g;Kettle Chips Smoky BBQ 150g;£2.00/unit;£1.33/100g;Crisps, nuts & snacking fruit;crisps;500;5.9;53.1;4.9;28.0;3.1;6.3;1.4;
kettle-chips-sweet-chilli---sour-cream-150g;Kettle Chips Sweet Chilli & Sour Cream 150g;£2.00/unit;£1.33/100g;Crisps, nuts & snacking fruit;crisps;505;6.3;52.9;4.3;28.4;3.5;6.2;1.1;
kettle-mixed-vegetable-chips-125g;Kettle Chips Vegetable 125g;£2.50/unit;£2.00/100g;Crisps, nuts & snacking fruit;crisps;532;5.3;32.6;24.8;38.7;3.4;12.1;1.0;
kettle-salt---vinegar-225g;Kettle Chips Salt & Vinegar 225g;£2.75/unit;£1.22/100g;Crisps, nuts & snacking fruit;crisps;502;5.4;53.0;1.3;28.4;3.3;6.1;1.9;
kettle-sour-cream---sweet-onion-150g;Kettle Chips Sour Cream & Sweet Onion 150g;£2.00/unit;£1.33/100g;Crisps, nuts & snacking fruit;crisps;507;6.4;51.6;3.5;29.2;3.9;6.2;1.2;
kikkoman-soy-sauce--naturally-brewed-150ml;Kikkoman Soy Sauce, Naturally Brewed 150ml;£2.49/unit;£1.66/100ml;Cooking sauces & world foods;chinese-cooking-sauces;null;null;null;null;null;null;null;null;
kikkoman-soy-sauce--naturally-brewed-150ml;Kikkoman Soy Sauce, Naturally Brewed 150ml;£2.49/unit;£1.66/100ml;Table sauces, dressings & condiments;worcester-soy-sauce;null;null;null;null;null;null;null;null;
kikkoman-soy-sauce-reduced-salt-150g;Kikkoman Soy Sauce Reduced Salt 150g;£2.49/unit;£1.66/100ml;Cooking sauces & world foods;chinese-cooking-sauces;null;null;null;null;null;null;null;null;
kikkoman-soy-sauce-reduced-salt-150g;Kikkoman Soy Sauce Reduced Salt 150g;£2.49/unit;£1.66/100ml;Table sauces, dressings & condiments;worcester-soy-sauce;null;null;null;null;null;null;null;null;
kikkoman-teriyaki-marinade---sauce-250ml;Kikkoman Teriyaki Marinade & Sauce 250ml;£2.79/unit;£1.12/100ml;Cooking sauces & world foods;chinese-cooking-sauces;null;null;null;null;null;null;null;null;
kinder-bueno-4-twin-bars-172g;Kinder Bueno Twin Bars 4x43g;£1.50/unit;£0.87/100g;Confectionery;chocolate;575;9.2;49.5;41.3;37.3;17.3;2;null;
kinder-bueno-43g;Kinder Bueno 43g;£0.60/unit;£1.40/100g;Confectionery;chocolate;572;8.6;49.5;41.2;37.3;17.3;null;0.27;
kinder-bueno-white-single-39g;Kinder Bueno White Single 39g;£0.60/unit;£1.54/100g;Confectionery;chocolate;571;8.8;52.6;42.6;35.9;16.8;1;null;
kinder-chocobons-pouch-104g;Kinder Milk & Hazelnut Choco-Bons Pouch 104g;£1.50/unit;£1.44/100g;Confectionery;chocolate;576;8.3;52.5;52.2;36.6;21.2;null;0.28;
kinder-chocolate-cereals-4x235g;Kinder Chocolate Cereals 4x23.5g;£1.00/unit;£1.06/100g;Confectionery;chocolate;561;8.6;54.9;49.1;33.8;21.9;null;0.28;
kinder-chocolate-x16-200g;Kinder Chocolate x16 200g;£1.50/unit;£0.75/100g;Confectionery;chocolate;null;8.7;53.5;53.3;35;22.6;null;0.31;
kinder-maxi-breakpack-21g;Kinder Maxi Breakpack 21g;£0.35/unit;£1.67/100g;Confectionery;chocolate;null;null;null;null;null;null;null;null;
kinder-mini-chocolate-pouch-108g;Kinder Mini Chocolate Pouch 108g;£1.50/unit;£1.39/100g;Confectionery;chocolate;566;8.7;53.5;53.3;35;22.6;null;0.31;
kinder-mini-eggs-85g;Kinder Mini Eggs 85g;£1.00/unit;£1.18/100g;Confectionery;easter-eggs;583;9;52.4;52.1;37.3;22;null;0.33;
kinder-surprise-bunny-75g;Kinder Surprise Bunny 75g;£2.00/unit;£2.66/100g;Confectionery;chocolate;null;null;null;null;null;null;null;null;
kinder-surprise-bunny-75g;Kinder Surprise Bunny 75g;£2.00/unit;£2.66/100g;Confectionery;easter-eggs;null;null;null;null;null;null;null;null;
kinder-surprise-chocolate-egg--with-gift-20g;Kinder Surprise Chocolate Egg, With Gift 20g;£0.75/unit;£3.75/100g;Confectionery;chocolate;null;null;null;null;null;null;null;null;
kinder-surprise-chocolate-egg--with-gift-20g;Kinder Surprise Chocolate Egg, With Gift 20g;£0.75/unit;£3.75/100g;Confectionery;easter-eggs;null;null;null;null;null;null;null;null;
kinder-surprise-chocolate-egg-x3-60g;Kinder Surprise Chocolate Egg x3 60g;£1.50/unit;£2.50/100g;Confectionery;chocolate;557;8.7;52.3;52.1;34.5;22.8;null;0.32;
kinder-surprise-chocolate-egg-x3-60g;Kinder Surprise Chocolate Egg x3 60g;£1.50/unit;£2.50/100g;Confectionery;easter-eggs;557;8.7;52.3;52.1;34.5;22.8;null;0.32;
kingfisher-bamboo-shoots-in-water-225g;Kingfisher Bamboo Shoots In Water 225g;£0.89/unit;£0.40/100g;Cooking sauces & world foods;chinese-cooking-sauces;13;1.5;0.7;0.7;0.2;0.1;1.4;0;
kingfisher-beansprouts-in-water-410g;Kingfisher Beansprouts In Water 410g;£0.90/unit;£0.22/100g;Cooking sauces & world foods;chinese-cooking-sauces;24;1.9;3.2;1.1;0.1;0;1.2;0;
kingfisher-stir-fry-vegetable-in-water-410g;Kingfisher Oriental Stir Fry Vegetables In Water 410g;£0.90/unit;£0.22/100g;Cooking sauces & world foods;chinese-cooking-sauces;23;1.2;3.3;0.6;0.1;0;2.1;0;
kingfisher-water-chestnuts-in-water-225g;Kingfisher Whole Water Chestnuts In Water 225g;£0.89/unit;£0.40/100g;Cooking sauces & world foods;chinese-cooking-sauces;19;0.5;4.9;0.6;0.1;0.1;1.5;0;
kingsfood-hot-dog-sausages-x8-400g;Kingsfood Hot Dog Sausages x8 400g (184g*);£0.50/unit;£2.72/kg;Canned, tinned & packaged foods;canned-tinned-packaged-hot-meat-meals;null;null;null;null;null;null;null;null;
kingsmill-50-50-bread--crusts-away-400g;Kingsmill 50/50 Bread, Crusts Away 400g;£1.20/unit;£0.30/100g;Bread;half-and-half-bread;213;8.8;37.7;2.9;2.0;0.4;4.3;0.88;
kingsmill-50-50-bread--crusts-away-400g;Kingsmill 50/50 Bread, Crusts Away 400g;£1.20/unit;£0.30/100g;Bread;small-loaves;213;8.8;37.7;2.9;2.0;0.4;4.3;0.88;
kingsmill-50-50-bread--medium-800g;Kingsmill 50/50 Bread, Medium Sliced 800g;£1.35/unit;£0.17/100g;Bread;half-and-half-bread;235;9.9;41.2;3.4;2.3;0.4;4.9;0.98;
kingsmill-50-50-bread--thick-800g;Kingsmill 50/50 Bread, Thick Sliced 800g;£1.35/unit;£0.17/100g;Bread;half-and-half-bread;235;9.9;41.2;3.4;2.3;0.4;4.9;0.98;
kingsmill-50-50-bread-400g;Kingsmill 50/50 Bread 400g;£0.75/unit;£0.19/100g;Bread;half-and-half-bread;235;9.9;41.2;3.4;2.3;0.4;4.9;0.98;
kingsmill-50-50-bread-400g;Kingsmill 50/50 Bread 400g;£0.75/unit;£0.19/100g;Bread;small-loaves;235;9.9;41.2;3.4;2.3;0.4;4.9;0.98;
kingsmill-50-50-rolls-x6;Kingsmill 50/50 Rolls x6;£1.00/unit;£0.16/ea;Rolls;rolls;245;9.3;41.2;2.5;3.8;0.7;4.4;1.00;
kingsmill-danish-loaf-400g;Kingsmill Danish Loaf 400g;£0.75/unit;£0.19/100g;Bread;small-loaves;245;10.2;45.6;3.9;2.4;0.4;3.1;1.00;
kingsmill-danish-loaf-400g;Kingsmill Danish Loaf 400g;£0.75/unit;£0.19/100g;Bread;white-bread;245;10.2;45.6;3.9;2.4;0.4;3.1;1.00;
kingsmill-great-everyday-white-bread--little-big-loaf-470g;Kingsmill Great Everyday White Bread, Little Big Loaf 470g;£0.75/unit;£0.16/100g;Bread;small-loaves;null;null;null;null;null;null;null;null;
kingsmill-great-everyday-white-bread--little-big-loaf-470g;Kingsmill Great Everyday White Bread, Little Big Loaf 470g;£0.75/unit;£0.16/100g;Bread;white-bread;null;null;null;null;null;null;null;null;
kingsmill-great-everyday-wholemeal-bread--medium-800g;Kingsmill Great Everyday Wholemeal Bread, Medium Sliced 800g;£1.35/unit;£0.17/100g;Bread;wholemeal-brown-bread;235;10.5;38.5;4.3;3.0;0.5;6.2;1.00;
kingsmill-great-white-medium-750g;Kingsmill Great White Medium 750g;£1.45/unit;£0.19/100g;Bread;white-bread;223;9.1;36.4;3.0;3.0;0.5;7.0;0.95;
kingsmill-oatilicious-bread--medium-sliced-800g;Kingsmill Oatilicious Bread, Medium Sliced 800g;£1.45/unit;£0.18/100g;Bread;half-and-half-bread;250;9.9;39.8;3.2;4.8;0.8;3.9;0.98;
kingsmill-oatilicious-bread--medium-sliced-800g;Kingsmill Oatilicious Bread, Medium Sliced 800g;£1.45/unit;£0.18/100g;Bread;seeded-grains-bread;250;9.9;39.8;3.2;4.8;0.8;3.9;0.98;
kingsmill-perfect-pancakes-x6;Kingsmill Perfect Pancakes x6;£0.75/unit;£0.13/ea;Crumpets, breakfast muffins & pancakes;crumpets-breakfast-muffins-pancakes;269;6.0;50.0;22.5;4.7;0.7;1.5;1.25;
kingsmill-really-seeded-bread--little-big-loaf-470g;Kingsmill Really Seeded Bread, Little Big Loaf 470g;£0.80/unit;£0.17/100g;Bread;seeded-grains-bread;null;null;null;null;null;null;null;null;
kingsmill-really-seeded-bread--little-big-loaf-470g;Kingsmill Really Seeded Bread, Little Big Loaf 470g;£0.80/unit;£0.17/100g;Bread;small-loaves;null;null;null;null;null;null;null;null;
kingsmill-soft-white-bread--medium-800g;Kingsmill Soft White Bread, Medium Sliced 800g;£1.35/unit;£0.17/100g;Bread;white-bread;238;9.0;44.6;3.8;2.0;0.3;2.7;1.00;
kingsmill-soft-white-bread--thick-800g;Kingsmill Soft White Bread, Thick Sliced 800g;£1.35/unit;£0.17/100g;Bread;white-bread;238;9.0;44.6;3.8;2.0;0.3;2.7;1.00;
kingsmill-soft-white-bread-400g;Kingsmill Soft White Bread 400g;£0.75/unit;£0.19/100g;Bread;small-loaves;238;9.0;44.6;3.8;2.0;0.3;2.7;1.00;
kingsmill-soft-white-bread-400g;Kingsmill Soft White Bread 400g;£0.75/unit;£0.19/100g;Bread;white-bread;238;9.0;44.6;3.8;2.0;0.3;2.7;1.00;
kingsmill-soft-white-rolls-x6;Kingsmill Soft White Rolls x6;£1.00/unit;£0.16/ea;Rolls;rolls;270;8.1;47.8;4.6;4.5;0.9;2.7;1.00;
kingsmill-tasty-everyday-wholemeal-rolls-x6;Kingsmill Tasty Everyday Wholemeal Rolls x6;£1.00/unit;£0.16/ea;Rolls;rolls;245;10.6;38.8;4.7;3.8;0.6;6.5;0.93;
kingsmill-tasty-wholemeal-bread--little-big-loaf-470g;Kingsmill Tasty Wholemeal Bread, Little Big Loaf 470g;£0.75/unit;£0.16/100g;Bread;small-loaves;239;10.5;37.7;4.3;3.8;0.5;6.2;1.00;
kingsmill-tasty-wholemeal-bread--little-big-loaf-470g;Kingsmill Tasty Wholemeal Bread, Little Big Loaf 470g;£0.75/unit;£0.16/100g;Bread;wholemeal-brown-bread;239;10.5;37.7;4.3;3.8;0.5;6.2;1.00;
kingsmill-tasty-wholemeal-bread--thick-800g;Kingsmill Tasty Wholemeal Bread, Thick Sliced 800g;£1.35/unit;£0.17/100g;Bread;wholemeal-brown-bread;235;10.5;38.5;4.3;3.0;0.5;6.2;1.00;
kingsmill-tasty-wholemeal-bread-400g;Kingsmill Tasty Wholemeal Bread 400g;£0.75/unit;£0.19/100g;Bread;small-loaves;239;10.5;37.7;4.3;3.8;0.5;6.2;1.00;
kingsmill-tasty-wholemeal-bread-400g;Kingsmill Tasty Wholemeal Bread 400g;£0.75/unit;£0.19/100g;Bread;wholemeal-brown-bread;239;10.5;37.7;4.3;3.8;0.5;6.2;1.00;
kingsmill-toastie-bread--thick-800g;Kingsmill Toastie Bread, Thick Sliced 800g;£1.35/unit;£0.17/100g;Bread;white-bread;238;9.0;44.6;3.8;2.0;0.3;2.7;1.00;
kingsmill-waffles-x6;Kingsmill Waffles x6;£0.80/unit;£0.13/ea;Croissants, brioche & pastries;croissants-brioche-pastries;467;5.9;52.2;32.4;25.8;7.1;1.4;0.75;
kingsmill-waffles-x6;Kingsmill Waffles x6;£0.80/unit;£0.13/ea;Crumpets, breakfast muffins & pancakes;crumpets-breakfast-muffins-pancakes;467;5.9;52.2;32.4;25.8;7.1;1.4;0.75;
kinnerton-character-chocolate-lollipops--assorted-25g;Kinnerton Character Chocolate Lollipops (Assorted) 25g;£0.50/unit;£0.50/ea;Confectionery;chocolate;null;null;null;null;null;null;null;null;
kinnerton-character-chocolate-lollipops--assorted-25g;Kinnerton Character Chocolate Lollipops (Assorted) 25g;£0.50/unit;£0.50/ea;Confectionery;sweets;null;null;null;null;null;null;null;null;
kinnerton-dairy-free-egg-195g;Kinnerton Dairy Free Egg 195g;£5.99/unit;£3.07/100g;Confectionery;easter-eggs;543;5.5;47.6;43.8;35.0;21.4;null;0.01;
kinnerton-mixed-character-small-eggs-50g;Kinnerton Thomas & Friends Small Easter Egg 50g;£1.25/unit;£2.78/100g;Confectionery;easter-eggs;null;null;null;null;null;null;null;null;
kirstys-beef-lasagne-400g;Kirsty's Beef Lasagne 400g;£3.00/unit;£7.50/kg;Ready meals;healthier-choice-ready-meals;88;6.8;9.4;1.1;2.1;1.2;2.0;0.4;
kirstys-beef-lasagne-400g;Kirsty's Beef Lasagne 400g;£3.00/unit;£7.50/kg;Ready meals;italian-ready-meals;88;6.8;9.4;1.1;2.1;1.2;2.0;0.4;
kirstys-beef-lasagne-400g;Kirsty's Beef Lasagne 400g;£3.00/unit;£7.50/kg;Ready meals;meals-for-1-ready-meals;88;6.8;9.4;1.1;2.1;1.2;2.0;0.4;
kirstys-cottage-pie-sweet-potato-mash-400g;Kirsty's Cottage Pie Sweet Potato Mash 400g;£3.00/unit;£7.50/kg;Ready meals;british-ready-meals;75;5.9;8.9;3.2;1.4;0.6;1.4;0.4;
kirstys-cottage-pie-sweet-potato-mash-400g;Kirsty's Cottage Pie Sweet Potato Mash 400g;£3.00/unit;£7.50/kg;Ready meals;healthier-choice-ready-meals;75;5.9;8.9;3.2;1.4;0.6;1.4;0.4;
kirstys-cottage-pie-sweet-potato-mash-400g;Kirsty's Cottage Pie Sweet Potato Mash 400g;£3.00/unit;£7.50/kg;Ready meals;meals-for-1-ready-meals;75;5.9;8.9;3.2;1.4;0.6;1.4;0.4;
kirstys-spanish-chicken-with-rice-400g;Kirsty's Spanish Chicken With Rice 400g;£3.00/unit;£7.50/kg;Ready meals;healthier-choice-ready-meals;98;6.7;10.5;2.3;2.7;0.5;2.2;0.4;
kirstys-spanish-chicken-with-rice-400g;Kirsty's Spanish Chicken With Rice 400g;£3.00/unit;£7.50/kg;Ready meals;meals-for-1-ready-meals;98;6.7;10.5;2.3;2.7;0.5;2.2;0.4;
kirstys-spanish-chicken-with-rice-400g;Kirsty's Spanish Chicken With Rice 400g;£3.00/unit;£7.50/kg;Ready meals;mediterranean-other-cuisine-ready-meals;98;6.7;10.5;2.3;2.7;0.5;2.2;0.4;
kit-kat-2-finger-dark-8-pack;Kit Kat Dark Chocolate 2 Finger 8x20.8g;£1.00/unit;£0.60/100g;Biscuits & crackers;biscuits-crackers-kids-lunchbox;null;null;null;null;null;null;null;null;
kit-kat-2-finger-dark-8-pack;Kit Kat Dark Chocolate 2 Finger 8x20.8g;£1.00/unit;£0.60/100g;Biscuits & crackers;chocolate-biscuits;null;null;null;null;null;null;null;null;
kit-kat-2-finger-dark-8-pack;Kit Kat Dark Chocolate 2 Finger 8x20.8g;£1.00/unit;£0.60/100g;Confectionery;chocolate;null;null;null;null;null;null;null;null;
kit-kat-4-finger-fair-trade-45g;Kit Kat Milk Chocolate 4 Finger 45g;£0.60/unit;£1.33/100g;Confectionery;chocolate;null;null;null;null;null;null;null;null;
kit-kat-5-finger-limited-edition-57g;Kit Kat Fairtrade 5 Finger Limited Edition 57g;£0.60/unit;£1.05/100g;Confectionery;chocolate;null;null;null;null;null;null;null;null;
kit-kat-chunky-double-caramel-42g;Kit Kat Chunky Double Caramel 42g;£0.60/unit;£1.43/100g;Confectionery;chocolate;null;null;null;null;null;null;null;null;
kit-kat-cone-x4-500ml;Kit Kat Cone x4 500ml;£2.00/unit;£0.40/100ml;Ice cream & desserts;lollies-bars-cones;160;1.9;21.9;15.6;7.1;5.5;0.5;0.12;
kit-kat-cookies---cream-chocolate-2-finger-8x208g;Kit Kat Cookies & Cream Chocolate 2 Finger 8x20.8g;£1.00/unit;£0.60/100g;Biscuits & crackers;chocolate-biscuits;null;null;null;null;null;null;null;null;
kit-kat-cookies---cream-chocolate-2-finger-8x208g;Kit Kat Cookies & Cream Chocolate 2 Finger 8x20.8g;£1.00/unit;£0.60/100g;Confectionery;chocolate;null;null;null;null;null;null;null;null;
kit-kat-milk-chocolate-2-finger-16x208g;Kit Kat Milk Chocolate 2 Finger 16x20.8g;£2.80/unit;£0.84/100g;Biscuits & crackers;chocolate-biscuits;null;null;null;null;null;null;null;null;
kit-kat-milk-chocolate-2-finger-16x208g;Kit Kat Milk Chocolate 2 Finger 16x20.8g;£2.80/unit;£0.84/100g;Confectionery;chocolate;null;null;null;null;null;null;null;null;
kit-kat-milk-chocolate-2-finger-8x208g;Kit Kat Milk Chocolate 2 Finger 8x20.8g;£1.00/unit;£0.60/100g;Biscuits & crackers;biscuits-crackers-kids-lunchbox;null;null;null;null;null;null;null;null;
kit-kat-milk-chocolate-2-finger-8x208g;Kit Kat Milk Chocolate 2 Finger 8x20.8g;£1.00/unit;£0.60/100g;Biscuits & crackers;chocolate-biscuits;null;null;null;null;null;null;null;null;
kit-kat-milk-chocolate-2-finger-8x208g;Kit Kat Milk Chocolate 2 Finger 8x20.8g;£1.00/unit;£0.60/100g;Confectionery;chocolate;null;null;null;null;null;null;null;null;
kit-kat-milk-chocolate-4-finger-8x45g;Kit Kat Milk Chocolate 4 Finger 8x45g;£2.50/unit;£0.69/100g;Confectionery;chocolate;510;5.8;64.6;52.2;24.8;14.1;2.0;0.20;
kit-kat-mint-8-pack;Kit Kat Mint Chocolate 2 Finger 8x20.8g;£1.00/unit;£0.60/100g;Biscuits & crackers;biscuits-crackers-kids-lunchbox;null;null;null;null;null;null;null;null;
kit-kat-mint-8-pack;Kit Kat Mint Chocolate 2 Finger 8x20.8g;£1.00/unit;£0.60/100g;Biscuits & crackers;chocolate-biscuits;null;null;null;null;null;null;null;null;
kit-kat-mint-8-pack;Kit Kat Mint Chocolate 2 Finger 8x20.8g;£1.00/unit;£0.60/100g;Confectionery;chocolate;null;null;null;null;null;null;null;null;
kit-kat-orange-chocolate-2-finger-8x208g;Kit Kat Orange Chocolate 2 Finger 8x20.8g;£1.00/unit;£0.60/100g;Biscuits & crackers;biscuits-crackers-kids-lunchbox;null;null;null;null;null;null;null;null;
kit-kat-orange-chocolate-2-finger-8x208g;Kit Kat Orange Chocolate 2 Finger 8x20.8g;£1.00/unit;£0.60/100g;Biscuits & crackers;chocolate-biscuits;null;null;null;null;null;null;null;null;
kit-kat-orange-chocolate-2-finger-8x208g;Kit Kat Orange Chocolate 2 Finger 8x20.8g;£1.00/unit;£0.60/100g;Confectionery;chocolate;null;null;null;null;null;null;null;null;
kitkat-2-finger-toffee-biscuits-8x208g;Kitkat 2 Finger Toffee Biscuits 8x20.8g;£1.00/unit;£0.60/100g;Biscuits & crackers;chocolate-biscuits;514;6.4;64.0;51.3;25.4;14.5;1.5;0.27;
kitkat-4-finger-toffee-treat-45g;KitKat 4 Finger Toffee Treat 45g;£0.60/unit;£1.33/100g;Confectionery;chocolate;516;7.9;62.7;50.3;25.7;14.7;0.9;0.30;
kitkat-chunky-40g;KitKat Chunky 40g;£0.60/unit;£1.50/100g;Confectionery;chocolate;null;null;null;null;null;null;null;null;
kitkat-chunky-8x320g;Kitkat Chunky x8 320g;£2.50/unit;£0.78/100g;Confectionery;chocolate;516;5.4;65.1;55.0;25.6;14.2;1.7;0.18;
kitkat-chunky-peanut-butter-42g;KitKat Chunky Peanut Butter 42g;£0.60/unit;£1.43/100g;Confectionery;chocolate;537;9.7;54.1;46.2;30.9;15.7;2.1;0.55;
kitkat-chunky-x4-160g;KitKat Chunky 4x40g;£1.00/unit;£0.63/100g;Confectionery;chocolate;516;5.4;65.1;55.0;25.6;14.2;1.7;0.18;
klg-crunchy-nut-chocolate-curls-340g;Kellogg's Crunchy Nut Chocolate Curls 340g;£2.50/unit;£0.74/100g;Breakfast cereals;family-cereals;1819432;6;73;40;12;6;4;0.7;
km-crustaway-white-bread-400g;Kingsmill Crustaway White Bread 400g;£1.20/unit;£0.30/100g;Bread;small-loaves;null;null;null;null;null;null;null;null;
km-crustaway-white-bread-400g;Kingsmill Crustaway White Bread 400g;£1.20/unit;£0.30/100g;Bread;white-bread;null;null;null;null;null;null;null;null;
knorr-aromat-savoury-seasoning-90g;Knorr Aromat Seasoning 90g;£1.00/unit;£0.11/10g;Cooking ingredients & oils;herbs-spices-seasoning;140;13;15;7;3.0;1.0;0.7;58;
knorr-beef-gravy-pot-8s-251g;Knorr Beef Gravy Pot 8s 251g;£2.00/unit;£0.80/100g;Cooking ingredients & oils;gravy;190;4.5;33;8;4.5;2;1.5;13;
knorr-beef-gravy-pot-x4-112g;Knorr Gravy Pot Beef 4x28g;£1.50/unit;£1.34/100g;Cooking ingredients & oils;gravy;190;4.5;33;8;4.5;2;1.5;13.0;
knorr-beef-stock-pot-gel-8x224g;Knorr Stock Pot Beef 8x28g;£2.00/unit;£0.89/100g;Cooking ingredients & oils;stock;null;null;null;null;null;null;null;null;
knorr-broccoli---stilton-soup-60g;Knorr Packet Soup Broccoli & Stilton 60g;£0.75/unit;£1.25/100g;Canned, tinned & packaged foods;soups;45;0.9;3.2;0.5;3.2;2;0.5;0.6;
knorr-chicken-gravy-pot-8s-251g;Knorr Chicken Gravy Pot 8s 251g;£2.00/unit;£0.80/100g;Cooking ingredients & oils;gravy;190;5;33;9;3.5;1;1;13;
knorr-chicken-gravy-pot-x4-112g;Knorr Gravy Pot Chicken 4x28g;£1.50/unit;£1.34/100g;Cooking ingredients & oils;gravy;190;5;33;9;3.5;1;1;13.0;
knorr-chicken-noodle-packet-soup-51g;Knorr Packet Soup Chicken Noodle 51g;£0.75/unit;£1.47/100g;Canned, tinned & packaged foods;soups;20;0.8;3.3;0.5;0.5;0.1;0.5;0.53;
knorr-chicken-stock-6s-reduced-salt-54g;Knorr Stock Cubes Chicken Reduced Salt 6x9g;£1.40/unit;£2.59/100g;Cooking ingredients & oils;stock;null;null;null;null;null;null;null;null;
knorr-chicken-stock-pot-gel-8x224g;Knorr Stock Pot Chicken 8x28g;£2.00/unit;£0.89/100g;Cooking ingredients & oils;stock;null;null;null;null;null;null;null;null;
knorr-flavour-pot-mixed-chillies-x4-92g;Knorr Flavour Pot Mixed Chilli 4x23g;£1.60/unit;£0.17/10g;Cooking ingredients & oils;herbs-spices-seasoning;160;2.0;20;13;6;3.0;5;7.3;
knorr-flavour-pots-curry-x4-92g;Knorr Flavour Pot Curry 4x23g;£1.60/unit;£0.17/10g;Cooking ingredients & oils;herbs-spices-seasoning;170;2.0;17;9;9;3.0;4.0;8.2;
knorr-flavour-pots-garlic-x4-92g;Knorr Flavour Pot Garlic 4x23g;£1.60/unit;£0.17/10g;Cooking ingredients & oils;herbs-spices-seasoning;160;1.0;21;14;7;3.0;3.5;7.6;
knorr-flavour-pots-mixed-herbs-x4-92g;Knorr Flavour Pot Mixed Herbs 4x23g;£1.60/unit;£0.17/10g;Cooking ingredients & oils;herbs-spices-seasoning;150;0.3;20;8;7;3.0;3.5;9.2;
knorr-flavour-pots-peppercorn-x4-92g;Knorr Flavour Pots Three Pepper 4x23g;£1.60/unit;£0.17/10g;Cooking ingredients & oils;herbs-spices-seasoning;160;0.9;22;9;7;3.0;4.5;8.6;
knorr-florida-spring-vegetable-packet-soup-44g;Knorr Packet Soup Spring Vegetable 44g;£0.75/unit;£1.70/100g;Canned, tinned & packaged foods;soups;16;0.5;3;0.7;0.5;0.1;0.5;0.6;
knorr-garden-herbs-flavour-pots-4x23g;Knorr Garden Herbs Flavour Pots 4x23g;£1.60/unit;£0.17/10g;Cooking ingredients & oils;herbs-spices-seasoning;144;1.2;16;8;7.3;3.3;4.1;8.6;
knorr-ginger---lemongrass-flavour-pots-4x23g;Knorr Ginger & Lemongrass Flavour Pots 4x23g;£1.60/unit;£0.17/10g;Cooking ingredients & oils;herbs-spices-seasoning;147;1.4;17;8.3;7;3;4;6.3;
knorr-low-salt-beef-cubes-66g;Knorr Stock Cubes Beef Reduced Salt 6x11g;£1.40/unit;£2.12/100g;Cooking ingredients & oils;stock;null;null;null;null;null;null;null;null;
knorr-mexican-flavour-pots-4x23g;Knorr Mexican Flavour Pots 4x23g;£1.60/unit;£0.17/10g;Cooking ingredients & oils;herbs-spices-seasoning;132;1.8;13;8.7;6.9;2.8;5.2;6.9;
knorr-onion-gravy-jelly-4x28g;Knorr Gravy Pot Onion 4x28g;£1.50/unit;£1.34/100g;Cooking ingredients & oils;gravy;180;6;33;8;2.5;1.5;2;13.0;
knorr-paprika-flavour-pots-4x23g;Knorr Paprika Flavour Pots 4x23g;£1.60/unit;£0.17/10g;Cooking ingredients & oils;herbs-spices-seasoning;150;1.0;20;9;7;3.0;5;8.7;
knorr-rich-beef-stock-pot-gel-224g-x8;Knorr Stock Pot Rich Beef 8x28g;£2.00/unit;£0.89/100g;Cooking ingredients & oils;stock;null;null;null;null;null;null;null;null;
knorr-stock-cubes--beef-x20;Knorr Stock Cubes Beef 20x10g;£3.00/unit;£1.50/100g;Cooking ingredients & oils;stock;5;0.1;0.5;0.1;0.5;0.3;0.1;0.97;
knorr-stock-cubes--beef-x8-80g;Knorr Stock Cubes Beef 8x10g;£1.50/unit;£1.88/100g;Cooking ingredients & oils;stock;5;0.1;0.5;0.1;0.5;0.3;0.1;0.97;
knorr-stock-cubes--chicken-x20;Knorr Stock Cubes Chicken 20x10g;£3.00/unit;£1.50/100g;Cooking ingredients & oils;stock;5;0.1;0.6;0.1;0.5;0.3;0.1;0.9;
knorr-stock-cubes--chicken-x8-80g;Knorr Stock Cubes Chicken 8x10g;£1.50/unit;£1.88/100g;Cooking ingredients & oils;stock;5;0.1;0.6;0.1;0.5;0.3;0.1;0.9;
knorr-stock-cubes--ham-x8-76g;Knorr Stock Cubes Ham 8x10g;£1.50/unit;£1.88/100g;Cooking ingredients & oils;stock;5;0.2;0.5;0.2;0.5;0.3;0.1;0.89;
knorr-stock-cubes--lamb-x8-76g;Knorr Stock Cubes Lamb 8x10g;£1.50/unit;£1.88/100g;Cooking ingredients & oils;stock;5;0.3;0.3;0.1;0.6;0.4;0.1;0.97;
knorr-stock-cubes--pork-x8-80g;Knorr Stock Cubes Pork 8x10g;£1.50/unit;£1.88/100g;Cooking ingredients & oils;stock;5;0.3;0.4;0.1;0.5;0.3;0.1;0.93;
knorr-stock-cubes--vegetable-x8-80g;Knorr Stock Cubes Vegetable 8x10g;£1.50/unit;£1.88/100g;Cooking ingredients & oils;stock;5;0.1;0.5;0.2;0.6;0.4;0.1;0.95;
knorr-stock-fish-cubes-80g;Knorr Stock Cubes Fish 8x10g;£1.50/unit;£1.88/100g;Cooking ingredients & oils;stock;5;0.2;0.4;0.1;0.5;0.4;0.1;1.0;
knorr-stock-pot--chicken-4x28g;Knorr Stock Pot Chicken 4x28g;£1.45/unit;£1.29/100g;Cooking ingredients & oils;stock;null;null;null;null;null;null;null;null;
knorr-stock-pot-gel--beef-4x28g;Knorr Stock Pot Beef 4x28g;£1.45/unit;£1.29/100g;Cooking ingredients & oils;stock;null;null;null;null;null;null;null;null;
knorr-stockpot-fish-4s-112g;Knorr Stock Pot Fish 4x28g;£1.45/unit;£1.29/100g;Cooking ingredients & oils;stock;null;null;null;null;null;null;null;null;
knorr-stockpot-herbs-4s-112g;Knorr Stock Pot Herb Infusion 4x28g;£1.45/unit;£1.29/100g;Cooking ingredients & oils;stock;null;null;null;null;null;null;null;null;
knorr-stockpot-rich-beef-4s-112g;Knorr Stock Pot Rich Beef 4x28g;£1.45/unit;£1.29/100g;Cooking ingredients & oils;stock;null;null;null;null;null;null;null;null;
knorr-the-chicken-granules--reduced-salt-120g;Knorr Chicken Granules Reduced Salt 120g;£2.00/unit;£1.67/100g;Cooking ingredients & oils;gravy;7;0.5;1;0.5;0.5;0.2;0.5;0.65;
knorr-the-vegetable-granules--reduced-salt-120g;Knorr Vegetable Granules Reduced Salt 120g;£2.00/unit;£1.67/100g;Cooking ingredients & oils;gravy;7;0.5;1;0.5;0.5;0.2;0.5;0.65;
knorr-touch-of-taste-gravy--beef-180ml;Knorr Touch of Taste Beef Concentrated Liquid Stock 180ml;£2.00/unit;£1.11/100ml;Cooking ingredients & oils;gravy;null;null;null;null;null;null;null;null;
knorr-touch-of-taste-gravy--chicken-180ml;Knorr Touch of Taste Chicken Concentrated Liquid Stock 180ml;£2.00/unit;£1.11/100ml;Cooking ingredients & oils;gravy;null;null;null;null;null;null;null;null;
knorr-touch-of-taste-gravy--chicken-180ml;Knorr Touch of Taste Chicken Concentrated Liquid Stock 180ml;£2.00/unit;£1.11/100ml;Cooking ingredients & oils;stock;null;null;null;null;null;null;null;null;
knorr-vegetable-stock-6s-reduced-salt-54g;Knorr Stock Cubes Vegetable Reduced Salt 6x9g;£1.40/unit;£2.59/100g;Cooking ingredients & oils;stock;null;null;null;null;null;null;null;null;
knorr-vegetable-stock-pot-4x28g;Knorr Stock Pot Vegetable 4x28g;£1.45/unit;£1.29/100g;Cooking ingredients & oils;stock;null;null;null;null;null;null;null;null;
knorr-vegetable-stock-pot-gel-8x224g;Knorr Stock Pot Vegetable 8x28g;£2.00/unit;£0.89/100g;Cooking ingredients & oils;stock;null;null;null;null;null;null;null;null;
koko-long-life-coconut-milk-alternative--chocolate-1l;Koko Coconut Milk Alternative to Dairy Chocolate 1L;£1.30/unit;£1.30/ltr;Fresh milk & eggs;soya---dietary-needs;53;0.5;9.1;7.4;1.9;1.7;0.4;0.1;
koko-long-life-coconut-milk-alternative-1l;Koko Coconut Milk Alternative to Dairy  1L;£1.30/unit;£1.30/ltr;Fresh milk & eggs;soya---dietary-needs;27;0.2;1.9;1.6;2.0;1.9;0.1;0.1;
kooky-dough-chunky-chocolate-chip-300g;Kooky Dough Chunky Chocolate Chip 300g;£3.00/unit;£1.00/100g;Sugar & home baking;cake-sweet-mixes;null;null;null;null;null;null;null;null;
kooky-dough-triple-chocolate-chip-300g;Kooky Dough Triple Chocolate Chip 300g;£3.00/unit;£1.00/100g;Sugar & home baking;cake-sweet-mixes;null;null;null;null;null;null;null;null;
kp-choc-dips-32g;KP Choc Dips 32g;£0.60/unit;£1.88/100g;Biscuits & crackers;chocolate-biscuits;527;6.1;59;34;29;11;2.1;0.75;
kp-choc-dips-32g;KP Choc Dips 32g;£0.60/unit;£1.88/100g;Confectionery;chocolate;527;6.1;59;34;29;11;2.1;0.75;
kp-dry-roasted-peanuts-100g;KP Dry Roasted Peanuts 100g;£1.35/unit;£1.35/100g;Crisps, nuts & snacking fruit;nuts;573;28.3;11.4;5.3;46.0;7.8;9.1;2.0;
kp-dry-roasted-peanuts-300g;KP Dry Roasted Peanuts 300g;£2.00/unit;£0.67/100g;Crisps, nuts & snacking fruit;nuts;591;28.3;11.4;5.3;46.0;7.8;9.1;2.0;
kp-dry-roasted-peanuts-500g;KP Dry Roasted Peanuts 500g;£3.00/unit;£0.60/100g;Crisps, nuts & snacking fruit;nuts;591;28.3;11.4;5.3;46.0;7.8;9.1;2.0;
kp-honey-roast-jumbo-nut-mix-140g;KP Honey Roast Jumbo Nut Mix 140g;£2.50/unit;£1.79/100g;Crisps, nuts & snacking fruit;nuts;594;23;20;17;45;7.1;6.4;0.75;
kp-honey-roasted-peanuts-180g;KP Honey Roast Peanuts 180g;£2.00/unit;£1.11/100g;Crisps, nuts & snacking fruit;nuts;568;23.7;22.1;17.3;42.8;8.1;7.7;0.8;
kp-hula-hoops--original-34g;Hula Hoops Original Potato Rings 34g;£0.55/unit;£1.62/100g;Crisps, nuts & snacking fruit;crisps;507;3.3;63.0;0.4;26.4;2.5;2.2;1.8;
kp-jumbo-honey-roast-cashews-140g;KP Jumbo Honey Roast Cashews 140g;£2.50/unit;£1.79/100g;Crisps, nuts & snacking fruit;nuts;593;17.0;28.1;16.7;44.6;9.3;6.1;0.8;
kp-jumbo-salt---vinegar-peanuts-180g;KP Jumbo Salt & Vinegar Peanuts 180g;£2.00/unit;£1.11/100g;Crisps, nuts & snacking fruit;nuts;587;27.1;11.1;5.4;48.2;8.7;8.8;1.5;
kp-jumbo-salted-peanuts-200g;KP Jumbo Salted Peanuts 200g;£2.00/unit;£1.00/100g;Crisps, nuts & snacking fruit;nuts;590;27.5;9.9;5.3;49.0;8.8;9.0;1.3;
kp-jumbo-spicy-chilli-peanut-180g;KP Jumbo Spicy Chilli Peanuts 180g;£2.00/unit;£1.11/100g;Crisps, nuts & snacking fruit;nuts;585;27.3;11.3;5.5;47.8;8.6;8.9;1.5;
kp-original-salted-peanuts-100g;KP Original Salted Peanuts 100g;£1.35/unit;£1.35/100g;Crisps, nuts & snacking fruit;nuts;619;27.4;8.8;4.8;50.8;10.3;8.5;1.3;
kp-original-salted-peanuts-300g;KP Original Salted Peanuts 300g;£2.00/unit;£0.67/100g;Crisps, nuts & snacking fruit;nuts;619;27.4;8.8;4.8;50.8;10.3;8.5;1.3;
kp-original-salted-peanuts-500g;KP Original Salted Peanuts 500g;£3.00/unit;£0.60/100g;Crisps, nuts & snacking fruit;nuts;615;30;5.6;5.1;51;8.1;8.5;1.3;
kp-red-berry-grazing-mix-125g;KP Grazing Mix Red Berry & Nut Crunch 125g;£1.50/unit;£1.20/100g;Crisps, nuts & snacking fruit;nuts;510;18;33;26;32;5.0;8.5;0.05;
kp-red-berry-grazing-mix-125g;KP Grazing Mix Red Berry & Nut Crunch 125g;£1.50/unit;£1.20/100g;Crisps, nuts & snacking fruit;snacking-fruit-seeds;510;18;33;26;32;5.0;8.5;0.05;
kp-skips-17g;KP Skips 17g;£0.50/unit;£2.94/100g;Crisps, nuts & snacking fruit;crisps;544;4.9;58;7.8;32;2.9;0.7;2.3;
kp-skips-prawn-cocktail-7x1715g;KP Skips Prawn Cocktail 7x17.15g;£1.50/unit;£1.49/100g;Crisps, nuts & snacking fruit;crisps;544;4.9;58;7.8;32;2.9;0.7;2.3;
kp-triple-nut-grazing-mix-125g;KP Triple Nut Grazing Mix 125g;£1.50/unit;£1.20/100g;Crisps, nuts & snacking fruit;nuts;528;19;27;22;36;5.3;9.2;0.10;
kp-yoghurt---raisin-grazing-mix-125g;KP Yoghurt & Raisin Grazing Mix 125g;£1.50/unit;£1.20/100g;Crisps, nuts & snacking fruit;snacking-fruit-seeds;544;21;27;20;38;7.0;8.9;0.10;
krackawheat-200g;Krackawheat 200g;£1.25/unit;£0.63/100g;Biscuits & crackers;crackers-savoury-biscuits;465;10.0;61.2;2.6;18.7;9.4;5.9;1.6;
ktc-blackeye-beans-400g;KTC Blackeye Beans 400g;£0.40/unit;£0.10/100g;Canned, tinned & packaged foods;pulses-beans;50;4.9;4;0;0.3;0;6;0.64;
ktc-chana-dal-500g;KTC Chana Dal 500g;£1.30/unit;£0.26/100g;Canned, tinned & packaged foods;pulses-beans;298;24.0;59.7;2.2;3.1;0.3;16.1;0.12;
ktc-chick-peas-400g-6832023-p-44;KTC Chick Peas 400g;£0.40/unit;£0.10/100g;Canned, tinned & packaged foods;pulses-beans;72;4.3;8.6;0.0;1.3;0.13;4.5;0.57;
ktc-chick-peas-500g;KTC Chick Peas 500g;£1.30/unit;£0.26/100g;Canned, tinned & packaged foods;pulses-beans;365;18.8;62.1;5.4;4.6;0.8;11.6;0;
ktc-chopped-tomatoes-400g;KTC Chopped Tomatoes 400g;£0.40/unit;£0.10/100g;Canned, tinned & packaged foods;canned-tinned-packaged-tomatoes;19;1.1;3.0;2.8;0.1;0;0.7;0;
ktc-green-lentils-500g;KTC Green Lentils 500g;£1.30/unit;£0.26/100g;Canned, tinned & packaged foods;pulses-beans;353;25.8;60.0;2.0;1.1;0.2;30.5;0;
ktc-peeled-plum-tomatoes-400g;KTC Peeled Plum Tomatoes 400g;£0.40/unit;£0.10/100g;Canned, tinned & packaged foods;canned-tinned-packaged-tomatoes;19;1.1;3.0;2.8;0.1;0;0.7;0;
la-boulangere-brioche-bun-with-chocolate-chunks-x8;La Boulangere Brioche Bun with Chocolate Chunks x8;£1.80/unit;£0.23/ea;Croissants, brioche & pastries;croissants-brioche-pastries;362;77;491;185;145;97;null;09;
la-boulangere-choc-chip-spiralos-x6;La Boulangere Choc Chip Spiralos x6;£1.60/unit;£0.27/ea;Croissants, brioche & pastries;croissants-brioche-pastries;2941240;7.1;47.5;19.2;8.0;2.5;null;0.6;
la-boulangere-pains-au-choc-x6;La Boulangere Pains Au Choc x6;£1.50/unit;£0.25/ea;Croissants, brioche & pastries;croissants-brioche-pastries;null;68;451;127;229;119;null;08;
la-boulangere-raisin-swirls-x6;La Boulangere Raisin Swirls x6;£1.60/unit;£0.20/ea;Croissants, brioche & pastries;croissants-brioche-pastries;286;6.8;48.9;18.6;6.6;1.0;null;0.69;
la-chinata-smoked-pimenton-mild-paprika-70g;La Chinata Smoked Pimenton Mild 70g;£2.00/unit;£0.29/10g;Cooking ingredients & oils;herbs-spices-seasoning;null;null;null;null;null;null;null;null;
la-espanola-truffle-flavour-olive-oil-250ml;La Espanola Truffle Flavour Olive Oil 250ml;£2.50/unit;£1.00/100ml;Cooking ingredients & oils;oils;825;0;0;0;91.7;13.0;0;0;
la-monegasque-anchovy-fillets-garlic---herbs-100g;La Monegasque Anchovy Fillets Garlic & Herbs 100g;£2.20/unit;£2.20/100g;Canned, tinned & packaged foods;canned-tinned-packaged-fish;null;null;null;null;null;null;null;null;
la-monegasque-anchovy-fillets-in-olive-oil-100g;La Monegasque Anchovy Fillets In Olive Oil 100g (59g*);£2.20/unit;£3.73/100g;Canned, tinned & packaged foods;canned-tinned-packaged-fish;null;null;null;null;null;null;null;null;
la-monegasque-anchovy-fillets-in-salt-100g;La Monegasque Anchovy Fillets In Salt 100g (70g*);£2.20/unit;£3.14/100g;Canned, tinned & packaged foods;canned-tinned-packaged-fish;null;null;null;null;null;null;null;null;
la-monegasque-anchovy-fillets-with-hot-chilli-pieces-100g;La Monegasque Anchovy Fillets With Hot Chilli Pieces 100g;£2.20/unit;£2.20/100g;Canned, tinned & packaged foods;canned-tinned-packaged-fish;null;null;null;null;null;null;null;null;
la-rochelle-black-pepper-croutons-150g;La Rochelle Black Pepper Croutons 150g;£1.20/unit;£0.80/100g;Fresh salad;dressings-coleslaw-accompaniments;null;12.0;67.9;3.7;12.9;1.0;4.3;0.8;
la-rochelle-black-pepper-croutons-150g;La Rochelle Black Pepper Croutons 150g;£1.20/unit;£0.80/100g;Soup & lunchtime snacks;fresh-soups;null;12.0;67.9;3.7;12.9;1.0;4.3;0.8;
la-rochelle-cheddar-onion-croutons-150g;La Rochelle Cheddar & Onion Croutons 150g;£1.20/unit;£0.80/100g;Fresh salad;dressings-coleslaw-accompaniments;null;12.1;64.0;3.7;14.4;1.59;4.5;1.2;
la-rochelle-cheddar-onion-croutons-150g;La Rochelle Cheddar & Onion Croutons 150g;£1.20/unit;£0.80/100g;Soup & lunchtime snacks;fresh-soups;null;12.1;64.0;3.7;14.4;1.59;4.5;1.2;
la-rochelle-chilli-garlic-crouton-150g;La Rochelle Chilli & Garlic Crouton 150g;£1.20/unit;£0.80/100g;Fresh salad;dressings-coleslaw-accompaniments;null;13.7;66.5;4.3;10.2;1.0;5.3;1.0;
la-rochelle-chilli-garlic-crouton-150g;La Rochelle Chilli & Garlic Crouton 150g;£1.20/unit;£0.80/100g;Soup & lunchtime snacks;fresh-soups;null;13.7;66.5;4.3;10.2;1.0;5.3;1.0;
lactofree-cream-250ml;Lactofree Cream 250ml;£1.10/unit;£0.44/100ml;Desserts & cream;fresh-cream-custard;350;1.6;2.8;1.9;36.9;24.7;null;0.1;
lactofree-long-life-milk--semi-skimmed-1l;Lactofree Semi Skimmed 1L;£1.35/unit;£1.35/ltr;Fresh milk & eggs;soya---dietary-needs;null;3.6;3.0;3.0;1.5;0.9;null;0.1;
lactofree-mature-cheddar-200g;Lactofree Mature Cheddar 200g;£1.80/unit;£9.00/kg;Cheese;cheddar-british-regional-cheese;null;25.5;0.1;0.1;32;20.8;null;1.8;
lactofree-mature-cheddar-200g;Lactofree Mature Cheddar 200g;£1.80/unit;£9.00/kg;Cheese;healthier-choice-special-diet-cheese;null;25.5;0.1;0.1;32;20.8;null;1.8;
lactofree-semi-skimmed-dairy-drink-1l;Lactofree Semi Skimmed 1L;£1.35/unit;£1.35/ltr;Fresh milk & eggs;fresh-milk;40;3.6;3.0;3.0;1.5;0.9;null;0.1;
lactofree-semi-skimmed-dairy-drink-1l;Lactofree Semi Skimmed 1L;£1.35/unit;£1.35/ltr;Fresh milk & eggs;soya---dietary-needs;40;3.6;3.0;3.0;1.5;0.9;null;0.1;
lactofree-skimmed-milk-1l;Lactofree Skimmed 1L;£1.35/unit;£1.35/ltr;Fresh milk & eggs;fresh-milk;null;3.8;3.6;2.6;0.4;0.3;null;0.1;
lactofree-skimmed-milk-1l;Lactofree Skimmed 1L;£1.35/unit;£1.35/ltr;Fresh milk & eggs;soya---dietary-needs;null;3.8;3.6;2.6;0.4;0.3;null;0.1;
lactofree-soft-white-cheese-200g;Lactofree Soft White Cheese 200g;£1.30/unit;£6.50/kg;Cheese;healthier-choice-special-diet-cheese;197;8.6;3.0;3.0;16.5;10.5;null;0.8;
lactofree-soft-white-cheese-200g;Lactofree Soft White Cheese 200g;£1.30/unit;£6.50/kg;Cheese;snacking-lunchbox-cheese;197;8.6;3.0;3.0;16.5;10.5;null;0.8;
lactofree-spreadable-250g;Lactofree Spreadable 250g;£1.60/unit;£6.40/kg;Butter, spreads & baking;dietary--free-from-and-organic;679;0.5;0.5;0.5;75.0;35.0;null;1.2;
lactofree-spreadable-250g;Lactofree Spreadable 250g;£1.60/unit;£6.40/kg;Butter, spreads & baking;spreadable-butter;679;0.5;0.5;0.5;75.0;35.0;null;1.2;
lactofree-strawberry---raspberry-4x125g;Lactofree Yoghurt Strawberry & Raspberry 4x125g;£1.60/unit;£0.32/100g;Yogurts;soya-dairy-alternatives-yogurts;104;3.3;16.5;11.9;2.7;1.7;0.7;0.08;
lactofree-whole-milk-1l;Lactofree Whole 1L;£1.35/unit;£1.35/ltr;Fresh milk & eggs;fresh-milk;57;3.4;2.8;2.8;3.5;2.2;null;0.1;
lactofree-whole-milk-1l;Lactofree Whole 1L;£1.35/unit;£1.35/ltr;Fresh milk & eggs;soya---dietary-needs;57;3.4;2.8;2.8;3.5;2.2;null;0.1;
lake-district-vanilla-quark-250g;Lake District Vanilla Quark 250g;£1.25/unit;£5.00/kg;Butter, spreads & baking;cooking-and-baking1;96;8.9;14.1;12.3;0.4;0.3;null;0.10;
lake-district-vanilla-quark-250g;Lake District Vanilla Quark 250g;£1.25/unit;£5.00/kg;Cheese;cottage-cheese---healthier-choice;96;8.9;14.1;12.3;0.4;0.3;null;0.10;
lake-district-vanilla-quark-250g;Lake District Vanilla Quark 250g;£1.25/unit;£5.00/kg;Cheese;healthier-choice-special-diet-cheese;96;8.9;14.1;12.3;0.4;0.3;null;0.10;
lakeland-bake-pikelets-x6;Lakeland Bake Pikelets x6;£0.60/unit;£0.10/ea;Crumpets, breakfast muffins & pancakes;crumpets-breakfast-muffins-pancakes;211;7.1;45.2;4.8;0.6;0.2;1.7;1.10;
lakeland-bake-teddy-bear-crumpets-x6;Lakeland Bake Teddy Bear Crumpets x6;£1.00/unit;£0.17/ea;Crumpets, breakfast muffins & pancakes;crumpets-breakfast-muffins-pancakes;186;6.1;37.6;1.1;0.5;0.2;3.4;0.53;
laughing-cow-cheddar-triangles--light-x8-128g;Laughing Cow Cheddar Triangles, Light x8 128g;£1.35/unit;£10.55/kg;Cheese;snacking-lunchbox-cheese;665159;13.5;6;6;9;6;null;1.6;
laughing-cow-cheddar-triangles--light-x8-128g;Laughing Cow Cheddar Triangles, Light x8 128g;£1.35/unit;£10.55/kg;Cheese;soft---spreadable;665159;13.5;6;6;9;6;null;1.6;
laughing-cow-cheese-triangles--light-x8-140g;Laughing Cow Cheese Triangles, Light x8 140g;£1.35/unit;£9.64/kg;Cheese;healthier-choice-special-diet-cheese;620147;15;6;6;7;4.7;null;1.5;
laughing-cow-cheese-triangles--light-x8-140g;Laughing Cow Cheese Triangles, Light x8 140g;£1.35/unit;£9.64/kg;Cheese;snacking-lunchbox-cheese;620147;15;6;6;7;4.7;null;1.5;
laughing-cow-cheese-triangles--light-x8-140g;Laughing Cow Cheese Triangles, Light x8 140g;£1.35/unit;£9.64/kg;Cheese;soft---spreadable;620147;15;6;6;7;4.7;null;1.5;
laughing-cow-cheese-triangles-x8-140g;Laughing Cow Cheese Triangles x8 140g;£1.35/unit;£9.64/kg;Cheese;snacking-lunchbox-cheese;990239;11.5;6.5;6.5;18.5;12.5;null;1.8;
laughing-cow-cheese-triangles-x8-140g;Laughing Cow Cheese Triangles x8 140g;£1.35/unit;£9.64/kg;Cheese;soft---spreadable;990239;11.5;6.5;6.5;18.5;12.5;null;1.8;
lazy-day-foods-belgian-dark-chocolate-tiffin-150g;Lazy Day Foods Belgian Dark Chocolate Tiffin 150g;£2.00/unit;£1.33/100g;Biscuits & crackers;biscuits-crackers-freefrom;488;3;52;37;30;15;3.5;null;
lazy-day-foods-chocolate-orange-slices-150g;Lazy Day Foods Chocolate Orange Slice 150g;£2.00/unit;£1.33/100g;Biscuits & crackers;biscuits-crackers-freefrom;488;3;52;37;30;15;3.5;null;
lazy-day-foods-freefom-belgian-rocky-road-chocolate-150g;Lazy Day Foods Belgian Rocky Road Chocolate 150g;£2.00/unit;£1.33/100g;Biscuits & crackers;biscuits-crackers-freefrom;474;2;55;39;28;13;2.7;null;
lazy-day-foods-freefom-belgian-rocky-road-chocolate-150g;Lazy Day Foods Belgian Rocky Road Chocolate 150g;£2.00/unit;£1.33/100g;Confectionery;chocolate;474;2;55;39;28;13;2.7;null;
lazy-day-foods-millionaires-shortbread-150g;Lazy Day Foods Millionaire's Shortbread 150g;£2.00/unit;£1.33/100g;Biscuits & crackers;biscuits-crackers-freefrom;497;3;57;35;29;12;1.4;null;
lea---perrins-worcestershire-sauce-150ml;Lea & Perrins Worcestershire Sauce 150ml;£1.20/unit;£0.80/100ml;Table sauces, dressings & condiments;worcester-soy-sauce;96;0.8;21.0;18.8;0.9;0.4;null;2.9;
lea---perrins-worcestershire-sauce-290ml;Lea & Perrins Worcestershire Sauce 290ml;£2.20/unit;£0.76/100ml;Table sauces, dressings & condiments;worcester-soy-sauce;96;0.8;21.0;18.8;0.9;0.4;null;2.9;
leerdammer-lightlife-slices-160g;Leerdammer Light Slices 160g;£1.75/unit;£10.94/kg;Cheese;sliced-grated-cheese;null;null;null;null;null;null;null;null;
leerdammer-original-slices-160g;Leerdammer Original Slices 160g;£1.75/unit;£10.94/kg;Cheese;sliced-grated-cheese;null;null;null;null;null;null;null;null;
leerdammer-toastie-slices-150g;Leerdammer Toastie Slices 150g;£1.90/unit;£12.67/kg;Cheese;sliced-grated-cheese;1460352;21.5;0.1;0.1;29.5;20;null;1.6;
lemon-meringue-doughnuts-x12;Sainsbury's Lemon Meringue Doughnuts x12;£2.50/unit;£0.21/ea;Easter treats;easter-treats;null;null;null;null;null;null;null;null;
lemon-meringue-doughnuts-x12;Sainsbury's Lemon Meringue Doughnuts x12;£2.50/unit;£0.21/ea;From our in store bakery;instore-bakery-doughnuts-cookies;null;null;null;null;null;null;null;null;
leonardi-spray-white-balsama-250g;Leonardi White Balsamic Vinegar Spray 250g;£3.99/unit;£1.60/100ml;Table sauces, dressings & condiments;salad-dressings;null;null;null;null;null;null;null;null;
leonardi-spray-white-balsama-250g;Leonardi White Balsamic Vinegar Spray 250g;£3.99/unit;£1.60/100ml;Vinegar, pickles, olives & antipasti;vinegar;null;null;null;null;null;null;null;null;
levi-roots-reggae-reggae-caribbean-bbq-sauce---marinade-290g;Levi Roots Reggae Reggae Caribbean BBQ Sauce & Marinade 290g;£1.50/unit;£0.52/100g;Table sauces, dressings & condiments;marinades-glazes;132;0.3;32.4;29.5;0.1;0.0;null;1.1;
levi-roots-reggae-reggae-caribbean-bbq-sauce---marinade-290g;Levi Roots Reggae Reggae Caribbean BBQ Sauce & Marinade 290g;£1.50/unit;£0.52/100g;Table sauces, dressings & condiments;tomato-ketchup-brown-bbq-other-sauces;132;0.3;32.4;29.5;0.1;0.0;null;1.1;
levi-roots-reggae-reggae-caribbean-bbq-sauce-340g;Levi Roots Reggae Reggae Caribbean BBQ Sauce 340g;£1.70/unit;£0.50/100g;Table sauces, dressings & condiments;tomato-ketchup-brown-bbq-other-sauces;132;0.3;32.4;29.5;0.1;0.0;null;1.1;
levi-roots-reggae-reggae-x-hot-bbq-sauce---marinade-sauce-290g;Levi Roots Reggae Reggae X-Hot BBQ Sauce & Marinade Sauce 290g;£1.50/unit;£0.52/100g;Table sauces, dressings & condiments;marinades-glazes;134;0.4;32.6;29.6;0.1;0.0;null;2.0;
levi-roots-reggae-reggae-x-hot-bbq-sauce---marinade-sauce-290g;Levi Roots Reggae Reggae X-Hot BBQ Sauce & Marinade Sauce 290g;£1.50/unit;£0.52/100g;Table sauces, dressings & condiments;tomato-ketchup-brown-bbq-other-sauces;134;0.4;32.6;29.6;0.1;0.0;null;2.0;
liberte-greek-style-blueberry-yog-4x100g;Liberte Greek Style 0% Fat Blueberry Yogurt 4x100g;£1.50/unit;£0.38/100g;Yogurts;diet-low-fat-yogurts;84;7.7;11.8;11.4;0.1;0.1;0.5;0.12;
liberte-greek-style-blueberry-yog-4x100g;Liberte Greek Style 0% Fat Blueberry Yogurt 4x100g;£1.50/unit;£0.38/100g;Yogurts;natural-greek-yogurts;84;7.7;11.8;11.4;0.1;0.1;0.5;0.12;
liberte-greek-style-low-fat-honey-yogurt-4x100g;Liberte Greek Style Low Fat Honey Yogurt 4x100g;£1.50/unit;£0.38/100g;Yogurts;diet-low-fat-yogurts;91;7.7;13.9;13.2;0.1;0.1;0.1;0.15;
liberte-greek-style-low-fat-honey-yogurt-4x100g;Liberte Greek Style Low Fat Honey Yogurt 4x100g;£1.50/unit;£0.38/100g;Yogurts;natural-greek-yogurts;91;7.7;13.9;13.2;0.1;0.1;0.1;0.15;
liberte-greek-style-natural-yogurt-500g;Liberte Greek Style 0% Fat Natural Yogurt 500g;£1.50/unit;£0.30/100g;Yogurts;big-pots-pouring-yogurts;58;9.6;3.6;3.6;0.1;0.1;0.1;0.14;
liberte-greek-style-natural-yogurt-500g;Liberte Greek Style 0% Fat Natural Yogurt 500g;£1.50/unit;£0.30/100g;Yogurts;diet-low-fat-yogurts;58;9.6;3.6;3.6;0.1;0.1;0.1;0.14;
liberte-greek-style-natural-yogurt-500g;Liberte Greek Style 0% Fat Natural Yogurt 500g;£1.50/unit;£0.30/100g;Yogurts;natural-greek-yogurts;58;9.6;3.6;3.6;0.1;0.1;0.1;0.14;
liberte-greek-style-strwberry-yog-4x100g;Liberte Greek Style 0% Fat Strawberry Yogurt 4x100g;£1.50/unit;£0.38/100g;Yogurts;diet-low-fat-yogurts;83;7.8;11.8;11.4;0.1;0.1;0.2;0.12;
liberte-greek-style-strwberry-yog-4x100g;Liberte Greek Style 0% Fat Strawberry Yogurt 4x100g;£1.50/unit;£0.38/100g;Yogurts;natural-greek-yogurts;83;7.8;11.8;11.4;0.1;0.1;0.2;0.12;
lick-fat-free-banana---honey-frozen-yogurt-500ml;Lick Fat-free Banana & Honey Frozen Yogurt 500ml;£4.00/unit;£0.80/100ml;Ice cream & desserts;frozen-yogurt-sorbet;83;3;17;null;0;null;null;null;
lick-straight-up-frozen-yogurt-500ml;Lick Straight Up Frozen Yogurt 500ml;£4.00/unit;£0.80/100ml;Ice cream & desserts;frozen-yogurt-sorbet;79;3;16;null;0;null;null;null;
lick-straight-up-frozen-yogurt-500ml;Lick Straight Up Frozen Yogurt 500ml;£4.00/unit;£0.80/100ml;Ice cream & desserts;lollies-bars-cones;79;3;16;null;0;null;null;null;
lily-obriens-chocolate-collection-190g;Lily O'Briens Chocolate Collection 190g;£6.00/unit;£3.16/100g;Confectionery;gifting-boxed-chocolate;null;null;null;null;null;null;null;null;
lily-obriens-le-crunch-110g;Lily O'Briens Le Crunch 110g;£2.00/unit;£1.82/100g;Confectionery;gifting-boxed-chocolate;529.2;8.1;56.7;51.3;32.4;16.2;2.7;null;
lily-of-the-valley;Sainsbury's Lily Of The Valley x5;£3.00/unit;£3.00/ea;Flowers & seeds;flowers---seeds;null;null;null;null;null;null;null;null;
linda-mcartney-deep-dish-country-pie-380g;Linda McCartney Deep Dish Country Pie 380g;£2.00/unit;£5.26/kg;Meat free & vegetarian;meat-free-vegetarian;245;5.6;23.9;2.3;13.5;5.9;2.8;1.0;
linda-mccartney-1-4lb-burger-227g;Linda McCartney Quarter Pounder Burger 227g;£2.00/unit;£8.81/kg;Meat free & vegetarian;meat-free-vegetarian;225;20.3;4.9;1.2;12.6;0.9;5.3;1.2;
linda-mccartney-chana-masala-vegetable-cakes-280g;Linda McCartney Chana Masala Vegetable Cakes 280g;£2.60/unit;£9.29/kg;Ready meals;indian-ready-meals;235;7.4;21.3;2.2;12.3;4.0;4.9;0.58;
linda-mccartney-chana-masala-vegetable-cakes-280g;Linda McCartney Chana Masala Vegetable Cakes 280g;£2.60/unit;£9.29/kg;Ready meals;potato-vegetable-side-dishes;235;7.4;21.3;2.2;12.3;4.0;4.9;0.58;
linda-mccartney-chana-masala-vegetable-cakes-280g;Linda McCartney Chana Masala Vegetable Cakes 280g;£2.60/unit;£9.29/kg;Vegetarian & meat free;vegetarian-meat-free-ready-meals;235;7.4;21.3;2.2;12.3;4.0;4.9;0.58;
linda-mccartney-cheese--leeks---red-onion-plaits-340g;Linda McCartney Cheese, Leeks & Red Onion Plaits 340g;£2.00/unit;£5.88/kg;Meat free & vegetarian;meat-free-vegetarian;290;6.5;24.6;2.2;17.7;9.5;3.3;1.1;
linda-mccartney-chilled-meat-free-kiev-290g;Linda McCartney Chilled Meat Free Kiev 290g;£2.60/unit;£8.97/kg;Vegetarian & meat free;deli-meat-alternatives;220;3.8;28.7;4.5;9.3;3.2;3.0;0.78;
linda-mccartney-chilled-vegetarian-meatballs-240g;Linda McCartney Chilled Vegetarian Meatballs 240g;£2.60/unit;£10.83/kg;Vegetarian & meat free;deli-meat-alternatives;229;21.1;7.4;3.1;11.6;0.9;5.4;1.0;
linda-mccartney-lentil-cottage-pie-400g;Linda McCartney Lentil Cottage Pie 400g;£2.60/unit;£6.50/kg;Ready meals;british-ready-meals;94;2.8;13.5;2.7;2.6;1.0;2.5;0.4;
linda-mccartney-lentil-cottage-pie-400g;Linda McCartney Lentil Cottage Pie 400g;£2.60/unit;£6.50/kg;Ready meals;meals-for-1-ready-meals;94;2.8;13.5;2.7;2.6;1.0;2.5;0.4;
linda-mccartney-lentil-cottage-pie-400g;Linda McCartney Lentil Cottage Pie 400g;£2.60/unit;£6.50/kg;Ready meals;vegetarian-ready-meals;94;2.8;13.5;2.7;2.6;1.0;2.5;0.4;
linda-mccartney-lentil-cottage-pie-400g;Linda McCartney Lentil Cottage Pie 400g;£2.60/unit;£6.50/kg;Vegetarian & meat free;vegetarian-meat-free-ready-meals;94;2.8;13.5;2.7;2.6;1.0;2.5;0.4;
linda-mccartney-mozzarella-burger-227g;Linda McCartney Mozzarella Burger 227g;£2.00/unit;£8.81/kg;Meat free & vegetarian;meat-free-vegetarian;277;24.6;4.1;1.7;16.3;2.2;8.0;1.5;
linda-mccartney-original-sausages-300g;Linda McCartney Original Sausages 300g;£2.00/unit;£6.67/kg;Meat free & vegetarian;meat-free-vegetarian;202;22.5;8.3;2.6;8.8;3.6;1.6;1.8;
linda-mccartney-rosemary-vegetarian-sausages-x6-300g;Linda McCartney Rosemary Vegetarian Sausages x6 300g;£2.00/unit;£6.67/kg;Meat free & vegetarian;meat-free-vegetarian;143;18.0;6.9;3.5;3.4;0.4;6.4;1.6;
linda-mccartney-sausage-roll-342g;Linda McCartney Sausage Roll 342g;£1.70/unit;£4.97/kg;Meat free & vegetarian;meat-free-vegetarian;317;11.3;26.6;2.3;17.6;7.7;3.6;1.1;
linda-mccartney-vegetarian-sausages-300g;Linda McCartney Vegetarian Sausages 300g;£2.60/unit;£8.67/kg;Vegetarian & meat free;deli-meat-alternatives;168;18.2;8.7;1.1;6.0;2.1;3.0;1.3;
lindor-mini-egg-55g;Lindor Mini Egg 55g;£3.00/unit;£5.45/100g;Confectionery;easter-eggs;539;7.1;57;55;31;19;null;0.36;
lindor-strawberry---cream-shell-egg-285g;Lindor Strawberry & Cream Shell Egg 285g;£8.00/unit;£2.81/100g;Confectionery;easter-eggs;566;4.7;57;55;35;22;null;0.25;
lindt-bunny---carrots-140g;Lindt Bunny & Carrots 140g;£6.00/unit;£4.29/100g;Confectionery;easter-eggs;550;7.2;55;55;33;20;null;0.2;
lindt-bunny-hutch-130g;Lindt Bunny Hutch 130g;£5.00/unit;£3.85/100g;Confectionery;easter-eggs;null;null;null;null;null;null;null;null;
lindt-bunny-paw-20g;Lindt Milk Chocolate Bunny Paw 20g;£0.60/unit;£3.00/100g;Confectionery;easter-eggs;550;7.2;55;55;33;20;null;0.20;
lindt-chocolate-carrot-135g;Lindt Chocolate Carrot 13.5g;£0.60/unit;£4.44/100g;Confectionery;easter-eggs;null;null;null;null;null;null;null;null;
lindt-creation-dessert-ballotin-200g;Lindt Chocolate Creation Dessert Ballotin 200g;£6.00/unit;£3.00/100g;Confectionery;gifting-boxed-chocolate;null;null;null;null;null;null;null;null;
lindt-creation-dessert-ballotin-200g;Lindt Chocolate Creation Dessert Ballotin 200g;£6.00/unit;£3.00/100g;Confectionery;premium-chocolate;null;null;null;null;null;null;null;null;
lindt-dark-hazelnut-150g;Lindt Chocolate Bar Dark Hazelnut 150g;£2.00/unit;£1.33/100g;Confectionery;chocolate;null;null;null;null;null;null;null;null;
lindt-dark-hazelnut-150g;Lindt Chocolate Bar Dark Hazelnut 150g;£2.00/unit;£1.33/100g;Confectionery;premium-chocolate;null;null;null;null;null;null;null;null;
lindt-excellence-bar--creamy-milk-chocolate-100g;Lindt Excellence Chocolate Bar Creamy Milk 100g;£2.00/unit;£2.00/100g;Confectionery;chocolate;null;null;null;null;null;null;null;null;
lindt-excellence-bar--creamy-milk-chocolate-100g;Lindt Excellence Chocolate Bar Creamy Milk 100g;£2.00/unit;£2.00/100g;Confectionery;premium-chocolate;null;null;null;null;null;null;null;null;
lindt-excellence-chilli-100g;Lindt Excellence Chocolate Bar Dark Chilli 100g;£2.00/unit;£2.00/100g;Confectionery;chocolate;null;null;null;null;null;null;null;null;
lindt-excellence-chilli-100g;Lindt Excellence Chocolate Bar Dark Chilli 100g;£2.00/unit;£2.00/100g;Confectionery;premium-chocolate;null;null;null;null;null;null;null;null;
lindt-excellence-dark-blueberry-100g;Lindt Excellence Chocolate Bar Dark Blueberry Intense 100g;£2.00/unit;£2.00/100g;Confectionery;chocolate;null;null;null;null;null;null;null;null;
lindt-excellence-dark-blueberry-100g;Lindt Excellence Chocolate Bar Dark Blueberry Intense 100g;£2.00/unit;£2.00/100g;Confectionery;premium-chocolate;null;null;null;null;null;null;null;null;
lindt-excellence-dark-caramel-salt-100g;Lindt Excellence Chocolate Bar Dark Caramel Sea Salt 100g;£2.00/unit;£2.00/100g;Confectionery;chocolate;null;null;null;null;null;null;null;null;
lindt-excellence-dark-caramel-salt-100g;Lindt Excellence Chocolate Bar Dark Caramel Sea Salt 100g;£2.00/unit;£2.00/100g;Confectionery;premium-chocolate;null;null;null;null;null;null;null;null;
lindt-excellence-dark-cherry-100g;Lindt Excellence Chocolate Bar Dark Cherry Intense 100g;£2.00/unit;£2.00/100g;Confectionery;chocolate;null;6.7;49.4;41.7;32.2;17.7;null;null;
lindt-excellence-dark-cherry-100g;Lindt Excellence Chocolate Bar Dark Cherry Intense 100g;£2.00/unit;£2.00/100g;Confectionery;premium-chocolate;null;6.7;49.4;41.7;32.2;17.7;null;null;
lindt-excellence-dark-coconut-chocolate-100g;Lindt Excellence Chocolate Bar Dark Coconut Intense 100g;£2.00/unit;£2.00/100g;Confectionery;chocolate;null;null;null;null;null;null;null;null;
lindt-excellence-dark-coconut-chocolate-100g;Lindt Excellence Chocolate Bar Dark Coconut Intense 100g;£2.00/unit;£2.00/100g;Confectionery;premium-chocolate;null;null;null;null;null;null;null;null;
lindt-excellence-dark-strawberry-100g;Lindt Excellence Chocolate Bar Dark Strawberry Intense 100g;£2.00/unit;£2.00/100g;Confectionery;chocolate;null;5.0;50.0;48.0;30.0;18.0;null;null;
lindt-excellence-dark-strawberry-100g;Lindt Excellence Chocolate Bar Dark Strawberry Intense 100g;£2.00/unit;£2.00/100g;Confectionery;premium-chocolate;null;5.0;50.0;48.0;30.0;18.0;null;null;
lindt-excellence-intense-orange-100g;Lindt Excellence Chocolate Bar Dark Orange Intense 100g;£2.00/unit;£2.00/100g;Confectionery;chocolate;null;null;null;null;null;null;null;null;
lindt-excellence-intense-orange-100g;Lindt Excellence Chocolate Bar Dark Orange Intense 100g;£2.00/unit;£2.00/100g;Confectionery;premium-chocolate;null;null;null;null;null;null;null;null;
lindt-excellence-luxury-egg-220g;Lindt Excellence Luxury Easter Egg 220g;£10.00/unit;£4.54/100g;Confectionery;easter-eggs;552;9.5;32;27;40;24;null;0.02;
lindt-excellence-mini-eggs-canister-90g;Lindt Excellence Mini Eggs Canister 90g;£3.50/unit;£3.89/100g;Confectionery;easter-eggs;566;9.5;41;24;34;29;null;0.1;
lindt-excellence-mint-bar-100g;Lindt Excellence Chocolate Bar Dark Mint Intense 100g;£2.00/unit;£2.00/100g;Confectionery;chocolate;null;null;null;null;null;null;null;null;
lindt-excellence-mint-bar-100g;Lindt Excellence Chocolate Bar Dark Mint Intense 100g;£2.00/unit;£2.00/100g;Confectionery;premium-chocolate;null;null;null;null;null;null;null;null;
lindt-excellence-sea-salt-dark-100g;Lindt Excellence Chocolate Bar Dark Sea Salt 100g;£2.00/unit;£2.00/100g;Confectionery;chocolate;null;null;null;null;null;null;null;null;
lindt-excellence-sea-salt-dark-100g;Lindt Excellence Chocolate Bar Dark Sea Salt 100g;£2.00/unit;£2.00/100g;Confectionery;premium-chocolate;null;null;null;null;null;null;null;null;
lindt-excellence-white-chocolate--vanilla-100g;Lindt Excellence Chocolate Bar White Vanilla 100g;£2.00/unit;£2.00/100g;Confectionery;chocolate;571;48;57;57;36;22;null;0;
lindt-excellence-white-chocolate--vanilla-100g;Lindt Excellence Chocolate Bar White Vanilla 100g;£2.00/unit;£2.00/100g;Confectionery;premium-chocolate;571;48;57;57;36;22;null;0;
lindt-fun-bugs---bees-50g;Lindt Easter Fun Bugs & Bees 50g;£2.00/unit;£4.00/100g;Confectionery;easter-eggs;551;7.3;57;53;32;15;null;0.14;
lindt-giant-carrot-140g;Lindt Giant Carrot 140g;£6.00/unit;£4.29/100g;Confectionery;easter-eggs;570;7.4;51;51;37;22;0;0.20;
lindt-gold-bunny-100g;Lindt Gold Bunny 100g;£2.00/unit;£2.00/100g;Confectionery;easter-eggs;550;72;55;55;33;20;null;020;
lindt-gold-bunny-200g;Lindt Gold Bunny 200g;£3.00/unit;£1.50/100g;Confectionery;easter-eggs;550;72;55;55;33;20;null;020;
lindt-gold-bunny-50g-6279481-p-44;Lindt Gold Bunny Milk Chocolate 50g;£1.00/unit;£2.00/100g;Confectionery;chocolate;550;7.2;55;55;33;20;null;0.20;
lindt-gold-bunny-50g-6279481-p-44;Lindt Gold Bunny Milk Chocolate 50g;£1.00/unit;£2.00/100g;Confectionery;easter-eggs;550;7.2;55;55;33;20;null;0.20;
lindt-gold-bunny-large-egg-125g;Lindt Gold Bunny Large Egg 125g;£4.00/unit;£3.20/100g;Confectionery;easter-eggs;570;7.4;51;51;37;22;null;0.2;
lindt-gold-bunny-luxury-egg-260g-6279266-p-44;Lindt Gold Bunny Luxury Egg 260g;£10.00/unit;£3.85/100g;Confectionery;easter-eggs;null;null;null;null;null;null;null;null;
lindt-gold-bunny-plush-with-mini-bunnies;Lindt Gold Bunny Plush With Mini Bunnies;£15.00/unit;£50.00/100g;Confectionery;easter-eggs;570;7.4;51;51;37;22;null;0.2;
lindt-gold-bunny-x5-50g;Lindt Gold Bunny Milk Chocolate x5 50g;£2.00/unit;£4.00/100g;Confectionery;easter-eggs;570;74;51;51;37;22;null;020;
lindt-gold-dark-chocolate-bunny-200g;Lindt Gold Bunny Dark Chocolate 200g;£3.00/unit;£1.50/100g;Confectionery;easter-eggs;561;79;39;35;39;24;null;004;
lindt-hello-caramel-brownie-bar-100g;Lindt Hello Chocolate Bar Milk Caramel Brownie 100g;£2.00/unit;£2.00/100g;Confectionery;chocolate;549;6.6;51;49;35;18;null;0.13;
lindt-hello-cookies---cream-bar-100g;Lindt Hello Chocolate Bar Milk Cookies & Cream 100g;£2.00/unit;£2.00/100g;Confectionery;chocolate;565;7.0;52;49;37;24;null;0.20;
lindt-hello-cookies---cream-easter-egg-314g;Lindt Hello Cookies & Cream Easter Egg 314g;£10.00/unit;£3.18/100g;Confectionery;easter-eggs;540;7.5;56;51;31;18;null;0.23;
lindt-hello-cookies---cream-stick-39g;Lindt Hello Chocolate Stick Milk Cookies & Cream 39g;£0.75/unit;£1.92/100g;Confectionery;chocolate;565;7.0;52;49;37;24;null;0.20;
lindt-hello-cookies---cream-stick-39g;Lindt Hello Chocolate Stick Milk Cookies & Cream 39g;£0.75/unit;£1.92/100g;Confectionery;premium-chocolate;565;7.0;52;49;37;24;null;0.20;
lindt-hello-heart-45g;Lindt Hello Milk Chocolate Heart Tin 45g;£3.50/unit;£7.78/100g;Confectionery;chocolate;559;6.2;54;53;35;22;null;0.22;
lindt-hello-heart-45g;Lindt Hello Milk Chocolate Heart Tin 45g;£3.50/unit;£7.78/100g;Confectionery;gifting-boxed-chocolate;559;6.2;54;53;35;22;null;0.22;
lindt-hello-heart-45g;Lindt Hello Milk Chocolate Heart Tin 45g;£3.50/unit;£7.78/100g;Confectionery;premium-chocolate;559;6.2;54;53;35;22;null;0.22;
lindt-hello-nougat-crunch-bar-100g;Lindt Hello Chocolate Bar Milk Crunchy Nougat 100g;£2.00/unit;£2.00/100g;Confectionery;chocolate;552;8.5;51;49;35;17;null;0.2;
lindt-hello-strawberry-cheesecake-100g;Lindt Hello Chocolate Bar Milk Strawberry Cheesecake 100g;£2.00/unit;£2.00/100g;Confectionery;chocolate;549;7.5;52;50;34;21;null;0.25;
lindt-hello-strawberry-cheesecake-stick-39g;Lindt Hello Chocolate Stick Milk Strawberry Cheesecake 39g;£0.75/unit;£1.92/100g;Confectionery;chocolate;551;7.5;52;49;35;21;null;0.25;
lindt-hello-strawberry-cheesecake-stick-39g;Lindt Hello Chocolate Stick Milk Strawberry Cheesecake 39g;£0.75/unit;£1.92/100g;Confectionery;premium-chocolate;551;7.5;52;49;35;21;null;0.25;
lindt-hello-strawbry-cheesecake-egg-310g;Lindt Hello Strawberry Cheesecake Easter Egg 310g;£10.00/unit;£3.22/100g;Confectionery;easter-eggs;540;7.5;56;51;31;18;null;0.23;
lindt-hello-thank-you-45g;Lindt Hello Milk Chocolate Thank You Box 45g;£2.50/unit;£5.56/100g;Confectionery;chocolate;569;6.6;50;47;38;22;null;0.15;
lindt-hello-thank-you-45g;Lindt Hello Milk Chocolate Thank You Box 45g;£2.50/unit;£5.56/100g;Confectionery;gifting-boxed-chocolate;569;6.6;50;47;38;22;null;0.15;
lindt-hello-thank-you-45g;Lindt Hello Milk Chocolate Thank You Box 45g;£2.50/unit;£5.56/100g;Confectionery;premium-chocolate;569;6.6;50;47;38;22;null;0.15;
lindt-lindor-assorted-chocolate-truffles-337g;Lindt Lindor Chocolate Truffles Assorted 337g;£5.50/unit;£1.63/100g;Confectionery;chocolate;634;46;40;37;50;35;null;011;
lindt-lindor-assorted-chocolate-truffles-337g;Lindt Lindor Chocolate Truffles Assorted 337g;£5.50/unit;£1.63/100g;Confectionery;gifting-boxed-chocolate;634;46;40;37;50;35;null;011;
lindt-lindor-assorted-chocolate-truffles-337g;Lindt Lindor Chocolate Truffles Assorted 337g;£5.50/unit;£1.63/100g;Confectionery;premium-chocolate;634;46;40;37;50;35;null;011;
lindt-lindor-assorted-mini-eggs-egg-215g-6367480-p-44;Lindt Lindor Assorted Mini Eggs Egg 215g;£6.00/unit;£2.79/100g;Confectionery;easter-eggs;541;6.5;56;41;32;19;null;105;
lindt-lindor-chocolate--assorted-200g;Lindt Lindor Chocolate Truffles Assorted 200g;£3.50/unit;£1.75/100g;Confectionery;gifting-boxed-chocolate;631;4.7;41;39;49;36;null;0.17;
lindt-lindor-chocolate--assorted-200g;Lindt Lindor Chocolate Truffles Assorted 200g;£3.50/unit;£1.75/100g;Confectionery;premium-chocolate;631;4.7;41;39;49;36;null;0.17;
lindt-lindor-coconut-200g;Lindt Lindor Chocolate Truffles Coconut 200g;£3.50/unit;£1.75/100g;Confectionery;chocolate;null;null;null;null;null;null;null;null;
lindt-lindor-coconut-200g;Lindt Lindor Chocolate Truffles Coconut 200g;£3.50/unit;£1.75/100g;Confectionery;premium-chocolate;null;null;null;null;null;null;null;null;
lindt-lindor-easter-egg-28g;Lindt Lindor Milk Chocolate Easter Egg 28g;£0.60/unit;£2.14/100g;Confectionery;easter-eggs;null;null;null;null;null;null;null;null;
lindt-lindor-filled-eggs-egg-322g-6368305-p-44;Lindt Lindor Filled Eggs Egg 322g;£10.00/unit;£3.11/100g;Confectionery;easter-eggs;540;7.5;56;51;31;18;null;0.23;
lindt-lindor-milk-chocolate-200g;Lindt Lindor Chocolate Truffles Milk 200g;£3.50/unit;£1.75/100g;Confectionery;chocolate;620;4.9;43;40;48;34;null;0.15;
lindt-lindor-milk-chocolate-200g;Lindt Lindor Chocolate Truffles Milk 200g;£3.50/unit;£1.75/100g;Confectionery;gifting-boxed-chocolate;620;4.9;43;40;48;34;null;0.15;
lindt-lindor-milk-chocolate-200g;Lindt Lindor Chocolate Truffles Milk 200g;£3.50/unit;£1.75/100g;Confectionery;premium-chocolate;620;4.9;43;40;48;34;null;0.15;
lindt-lindor-milk-chocolate-337g;Lindt Lindor Chocolate Truffles Milk 337g;£5.50/unit;£1.63/100g;Confectionery;chocolate;620;49;43;40;48;34;null;015;
lindt-lindor-milk-chocolate-337g;Lindt Lindor Chocolate Truffles Milk 337g;£5.50/unit;£1.63/100g;Confectionery;gifting-boxed-chocolate;620;49;43;40;48;34;null;015;
lindt-lindor-milk-chocolate-337g;Lindt Lindor Chocolate Truffles Milk 337g;£5.50/unit;£1.63/100g;Confectionery;premium-chocolate;620;49;43;40;48;34;null;015;
lindt-lindor-milk-chocolate-50g;Lindt Lindor Chocolate Truffles Milk 50g;£1.50/unit;£3.00/100g;Confectionery;chocolate;623;4.9;44;43;47;35;null;0.23;
lindt-lindor-milk-chocolate-50g;Lindt Lindor Chocolate Truffles Milk 50g;£1.50/unit;£3.00/100g;Confectionery;gifting-boxed-chocolate;623;4.9;44;43;47;35;null;0.23;
lindt-lindor-milk-chocolate-50g;Lindt Lindor Chocolate Truffles Milk 50g;£1.50/unit;£3.00/100g;Confectionery;premium-chocolate;623;4.9;44;43;47;35;null;0.23;
lindt-lindor-milk-chocolate-bar-100g;Lindt Lindor Chocolate Bar Milk 100g;£1.40/unit;£1.40/100g;Confectionery;chocolate;null;null;null;null;null;null;null;null;
lindt-lindor-milk-chocolate-bar-100g;Lindt Lindor Chocolate Bar Milk 100g;£1.40/unit;£1.40/100g;Confectionery;premium-chocolate;null;null;null;null;null;null;null;null;
lindt-lindor-milk-chocolate-eggs-with-a-smooth-melting-filling-5x18g;Lindt Lindor Milk Chocolate Eggs with a Smooth Melting Filling 5x18g;£2.40/unit;£2.67/100g;Confectionery;chocolate;633;4.8;42;41;49;38;null;0.11;
lindt-lindor-milk-chocolate-eggs-with-a-smooth-melting-filling-5x18g;Lindt Lindor Milk Chocolate Eggs with a Smooth Melting Filling 5x18g;£2.40/unit;£2.67/100g;Confectionery;easter-eggs;633;4.8;42;41;49;38;null;0.11;
lindt-lindor-mini-eggs-easter-egg-215g;Lindt Lindor Mini Eggs Easter Egg 215g;£6.00/unit;£2.79/100g;Confectionery;easter-eggs;541;6.5;56;41;32;19;null;105;
lindt-lindor-strawberries---cream-200g;Lindt Lindor Chocolate Truffles Strawberries & Cream 200g;£3.50/unit;£1.75/100g;Confectionery;gifting-boxed-chocolate;643;4.2;44;40;50;34;null;0.15;
lindt-lindor-strawberries---cream-200g;Lindt Lindor Chocolate Truffles Strawberries & Cream 200g;£3.50/unit;£1.75/100g;Confectionery;premium-chocolate;643;4.2;44;40;50;34;null;0.15;
lindt-lindor-truffles-egg-285g;Lindt Lindor Truffles Easter Egg 285g;£8.00/unit;£2.81/100g;Confectionery;easter-eggs;540;7.5;56;51;31;18;null;0.23;
lindt-lindor-white-200g;Lindt Lindor Chocolate Truffles White 200g;£3.50/unit;£1.75/100g;Confectionery;gifting-boxed-chocolate;637;3.7;45;43;49;37;null;0.20;
lindt-lindor-white-200g;Lindt Lindor Chocolate Truffles White 200g;£3.50/unit;£1.75/100g;Confectionery;premium-chocolate;637;3.7;45;43;49;37;null;0.20;
lindt-lindor-white-bar-100g;Lindt Lindor Chocolate Bar White 100g;£1.40/unit;£1.40/100g;Confectionery;chocolate;null;null;null;null;null;null;null;null;
lindt-lindor-white-bar-100g;Lindt Lindor Chocolate Bar White 100g;£1.40/unit;£1.40/100g;Confectionery;premium-chocolate;null;null;null;null;null;null;null;null;
lindt-master-chocolatier-collection-144g;Lindt Master Chocolatier Collection 144g;£5.00/unit;£3.47/100g;Confectionery;gifting-boxed-chocolate;575;4.5;52;49;38;21;null;0.23;
lindt-master-chocolatier-collection-144g;Lindt Master Chocolatier Collection 144g;£5.00/unit;£3.47/100g;Confectionery;premium-chocolate;575;4.5;52;49;38;21;null;0.23;
lindt-master-chocolatier-truffles-83g;Lindt Master Chocolatier Truffles 83g;£5.00/unit;£6.02/100g;Confectionery;gifting-boxed-chocolate;588;7.2;45;43;42;24;null;021;
lindt-master-chocolatier-truffles-83g;Lindt Master Chocolatier Truffles 83g;£5.00/unit;£6.02/100g;Confectionery;premium-chocolate;588;7.2;45;43;42;24;null;021;
lindt-milk-hazelnut-150g;Lindt Chocolate Bar Milk Hazelnut 150g;£2.00/unit;£1.33/100g;Confectionery;chocolate;null;null;null;null;null;null;null;null;
lindt-milk-hazelnut-150g;Lindt Chocolate Bar Milk Hazelnut 150g;£2.00/unit;£1.33/100g;Confectionery;premium-chocolate;null;null;null;null;null;null;null;null;
lindt-mini-gold-bunny-10g;Lindt Mini Gold Bunny 10g;£0.50/unit;£5.00/100g;Confectionery;easter-eggs;null;null;null;null;null;null;null;null;
lindt-mini-pralines--pink-100g;Lindt Chocolate Mini Pralines 100g;£5.00/unit;£5.00/100g;Confectionery;gifting-boxed-chocolate;null;null;null;null;null;null;null;null;
lindt-mini-pralines--pink-100g;Lindt Chocolate Mini Pralines 100g;£5.00/unit;£5.00/100g;Confectionery;premium-chocolate;null;null;null;null;null;null;null;null;
lindt-solid-mini-egg-canister-200g;Lindt Solid Chocolate Mini Eggs 200g;£3.50/unit;£1.75/100g;Confectionery;easter-eggs;545;7.3;56;56;32;19;null;0.2;
lindt-swiss-classics-double-milk-100g;Lindt Swiss Classics Chocolate Bar Double Milk 100g;£1.40/unit;£1.40/100g;Confectionery;chocolate;null;null;null;null;null;null;null;null;
lindt-swiss-classics-double-milk-100g;Lindt Swiss Classics Chocolate Bar Double Milk 100g;£1.40/unit;£1.40/100g;Confectionery;premium-chocolate;null;null;null;null;null;null;null;null;
lindt-swiss-classics-milk-100g;Lindt Swiss Classics Chocolate Bar Milk 100g;£1.40/unit;£1.40/100g;Confectionery;chocolate;null;null;null;null;null;null;null;null;
lindt-swiss-classics-milk-100g;Lindt Swiss Classics Chocolate Bar Milk 100g;£1.40/unit;£1.40/100g;Confectionery;premium-chocolate;null;null;null;null;null;null;null;null;
lindt-swiss-luxury-selection-215g;Lindt Chocolate Swiss Luxury Selection 215g;£8.00/unit;£3.72/100g;Confectionery;chocolate;null;null;null;null;null;null;null;null;
lindt-swiss-luxury-selection-215g;Lindt Chocolate Swiss Luxury Selection 215g;£8.00/unit;£3.72/100g;Confectionery;gifting-boxed-chocolate;null;null;null;null;null;null;null;null;
lindt-swiss-luxury-selection-215g;Lindt Chocolate Swiss Luxury Selection 215g;£8.00/unit;£3.72/100g;Confectionery;premium-chocolate;null;null;null;null;null;null;null;null;
linghams-chilli-sauce-280ml;Lingham's Chilli Sauce 280ml;£1.50/unit;£0.54/100ml;Table sauces, dressings & condiments;tomato-ketchup-brown-bbq-other-sauces;380;0;80.0;66.7;6.7;1.3;null;3.6;
linwoods-milled-5-seed-mix-425g;Linwoods Milled 5 Seed Mix 425g;£5.50/unit;£12.94/kg;Sugar & home baking;nuts---seeds;535;23;13.6;7.0;40.1;5.8;13.8;0.27;
linwoods-milled-organic-flaxseed-425g;Linwoods Milled Organic Flaxseed 425g;£5.50/unit;£1.29/100g;Sugar & home baking;nuts---seeds;508;22.1;3.0;1.8;40.0;4.5;23.7;0.1;
littleover-clear-wildflower-honey-340g;Littleover Clear Wildflower Honey 340g;£3.00/unit;£0.89/100g;Jams, honey & spreads;honey;null;null;null;null;null;null;null;null;
littleover-english-set-honey-340g;Littleover English Set Honey 340g;£3.00/unit;£0.89/100g;Jams, honey & spreads;honey;null;null;null;null;null;null;null;null;
livesey-brothers-fresh-exotic-mushrooms-buna-shimeji-mushrooms;Livesy Brothers Buna Shimeji Mushrooms 150g;£2.00/unit;£13.33/kg;Fresh vegetables;fresh-vegetables-stir-fry;39;2.7;5.9;null;0.4;null;null;null;
livesey-brothers-fresh-exotic-mushrooms-buna-shimeji-mushrooms;Livesy Brothers Buna Shimeji Mushrooms 150g;£2.00/unit;£13.33/kg;Fresh vegetables;fresh-vegetables-world-exotic;39;2.7;5.9;null;0.4;null;null;null;
livesey-brothers-fresh-exotic-mushrooms-buna-shimeji-mushrooms;Livesy Brothers Buna Shimeji Mushrooms 150g;£2.00/unit;£13.33/kg;Fresh vegetables;mushrooms;39;2.7;5.9;null;0.4;null;null;null;
livesey-brothers-fresh-exotic-mushrooms-enoki-mushrooms;Livesy Brothers Enoki Mushrooms 160g;£2.00/unit;£12.50/kg;Fresh vegetables;fresh-vegetables-stir-fry;48;2.6;8.7;null;0.3;null;null;null;
livesey-brothers-fresh-exotic-mushrooms-enoki-mushrooms;Livesy Brothers Enoki Mushrooms 160g;£2.00/unit;£12.50/kg;Fresh vegetables;fresh-vegetables-world-exotic;48;2.6;8.7;null;0.3;null;null;null;
livesey-brothers-fresh-exotic-mushrooms-enoki-mushrooms;Livesy Brothers Enoki Mushrooms 160g;£2.00/unit;£12.50/kg;Fresh vegetables;mushrooms;48;2.6;8.7;null;0.3;null;null;null;
livesey-brothers-fresh-exotic-mushrooms-shiro-shimeji-mushrooms;Livesy Brothers Shiro Shimeji Mushrooms 150g;£2.00/unit;£13.33/kg;Fresh vegetables;fresh-vegetables-stir-fry;47;2.7;7.2;null;0.9;null;null;null;
livesey-brothers-fresh-exotic-mushrooms-shiro-shimeji-mushrooms;Livesy Brothers Shiro Shimeji Mushrooms 150g;£2.00/unit;£13.33/kg;Fresh vegetables;fresh-vegetables-world-exotic;47;2.7;7.2;null;0.9;null;null;null;
livesey-brothers-fresh-exotic-mushrooms-shiro-shimeji-mushrooms;Livesy Brothers Shiro Shimeji Mushrooms 150g;£2.00/unit;£13.33/kg;Fresh vegetables;mushrooms;47;2.7;7.2;null;0.9;null;null;null;
lizis-original-granola-500g;Lizi's Original Granola 500g;£3.70/unit;£0.74/100g;Breakfast cereals;muesli-granola-clusters;496;10.9;46.2;9.1;29.3;7.5;10.6;null;
lizzis-on-the-go-granola-original-47g;Lizi's On The Go Granola Original 47g;£1.00/unit;£2.13/100g;Breakfast cereals;muesli-granola-clusters;508;13.0;45.2;14.3;29.0;9.1;9.2;0.24;
lizzis-on-the-go-granola-original-47g;Lizi's On The Go Granola Original 47g;£1.00/unit;£2.13/100g;Breakfast cereals;on-the-go;508;13.0;45.2;14.3;29.0;9.1;9.2;0.24;
lizzis-on-the-go-treacle---pecan-granola-47g;Lizi's On The Go Treacle & Pecan Granola 47g;£1.00/unit;£2.13/100g;Breakfast cereals;muesli-granola-clusters;500;12.3;46.8;16.6;27.5;8.6;9.5;0.24;
lizzis-on-the-go-treacle---pecan-granola-47g;Lizi's On The Go Treacle & Pecan Granola 47g;£1.00/unit;£2.13/100g;Breakfast cereals;on-the-go;500;12.3;46.8;16.6;27.5;8.6;9.5;0.24;
lmc-celebration-roast-500g;Linda McCartney Celebration Roast 500g;£4.00/unit;£8.00/kg;Meat free & vegetarian;meat-free-vegetarian;189;15.2;12.3;6.1;8.1;0.7;3.1;0.98;
lo-col-195g;Lo-col Mature Cheddar 195g;£2.30/unit;£11.79/kg;Cheese;cheddar-british-regional-cheese;400;22.5;1;0;34;5;0;null;
lo-col-195g;Lo-col Mature Cheddar 195g;£2.30/unit;£11.79/kg;Cheese;cottage-cheese---healthier-choice;400;22.5;1;0;34;5;0;null;
lo-col-195g;Lo-col Mature Cheddar 195g;£2.30/unit;£11.79/kg;Cheese;healthier-choice-special-diet-cheese;400;22.5;1;0;34;5;0;null;
lo-salt-reduced-sodium-salt-alternative-350g;Lo Salt Reduced Sodium Salt Alternative 350g;£1.55/unit;£4.43/kg;Cooking ingredients & oils;salt-pepper;0;0;0;0;0;0;0;null;
look-what-we-found%21-beef-meatballs-270g;Look What We Found! Beef Meatballs 250g;£1.80/unit;£7.20/kg;Canned, tinned & packaged foods;canned-tinned-packaged-hot-meat-meals;107;9.3;7.8;4.0;3.8;1.7;2.7;0.50;
look-what-we-found%21-beef-meatballs-270g;Look What We Found! Beef Meatballs 250g;£1.80/unit;£7.20/kg;Cooking sauces & world foods;world-foods-instant-snack-meals;107;9.3;7.8;4.0;3.8;1.7;2.7;0.50;
look-what-we-found%21-beef-meatballs-270g;Look What We Found! Beef Meatballs 250g;£1.80/unit;£7.20/kg;Rice, pasta & noodles;instant-snack-meals;107;9.3;7.8;4.0;3.8;1.7;2.7;0.50;
look-what-we-found%21-chicken-korma-250g;Look What We Found! Chicken Korma 250g;£1.80/unit;£7.20/kg;Canned, tinned & packaged foods;canned-tinned-packaged-hot-meat-meals;132;7.8;6.0;2.9;8.4;5.0;0.7;0.75;
look-what-we-found%21-chicken-korma-250g;Look What We Found! Chicken Korma 250g;£1.80/unit;£7.20/kg;Cooking sauces & world foods;world-foods-instant-snack-meals;132;7.8;6.0;2.9;8.4;5.0;0.7;0.75;
look-what-we-found%21-chicken-korma-250g;Look What We Found! Chicken Korma 250g;£1.80/unit;£7.20/kg;Rice, pasta & noodles;instant-snack-meals;132;7.8;6.0;2.9;8.4;5.0;0.7;0.75;
look-what-we-found%21-chicken-tikka-masala-250g;Look What We Found! Chicken Tikka Masala 250g;£1.80/unit;£7.20/kg;Canned, tinned & packaged foods;canned-tinned-packaged-hot-meat-meals;134;9.7;3.1;3.1;8.7;2.4;2.5;0.65;
look-what-we-found%21-chicken-tikka-masala-250g;Look What We Found! Chicken Tikka Masala 250g;£1.80/unit;£7.20/kg;Cooking sauces & world foods;world-foods-instant-snack-meals;134;9.7;3.1;3.1;8.7;2.4;2.5;0.65;
look-what-we-found%21-chilli-con-carne-270g;Look What We Found! Chilli Con Carne 250g;£1.80/unit;£7.20/kg;Canned, tinned & packaged foods;canned-tinned-packaged-hot-meat-meals;null;7.6;2.9;2.4;2.8;1.2;2.3;0.33;
look-what-we-found%21-chilli-con-carne-270g;Look What We Found! Chilli Con Carne 250g;£1.80/unit;£7.20/kg;Cooking sauces & world foods;world-foods-instant-snack-meals;null;7.6;2.9;2.4;2.8;1.2;2.3;0.33;
look-what-we-found%21-thai-red-staffordshire-chicken-curry-250g;Look What We Found! Thai Red Staffordshire Chicken Curry 250g;£1.80/unit;£7.20/kg;Canned, tinned & packaged foods;canned-tinned-packaged-hot-meat-meals;135;7.6;3.2;2.8;9.3;5.7;3.9;0.55;
look-what-we-found%21-thai-red-staffordshire-chicken-curry-250g;Look What We Found! Thai Red Staffordshire Chicken Curry 250g;£1.80/unit;£7.20/kg;Cooking sauces & world foods;world-foods-instant-snack-meals;135;7.6;3.2;2.8;9.3;5.7;3.9;0.55;
loose-new-potatoes-taste-the-difference;Sainsbury's Loose New Potatoes, Taste the Difference;£3.00/kg;£3.00/kg;Fresh vegetables;baby-vegetables;67;1.4;14;0.9;0.5;0.1;1.5;100;
loose-new-potatoes-taste-the-difference;Sainsbury's Loose New Potatoes, Taste the Difference;£3.00/kg;£3.00/kg;Fresh vegetables;potatoes;67;1.4;14;0.9;0.5;0.1;1.5;100;
loose-new-potatoes-taste-the-difference;Sainsbury's Loose New Potatoes, Taste the Difference;£3.00/kg;£3.00/kg;In season;new-in-season;67;1.4;14;0.9;0.5;0.1;1.5;100;
loose-new-potatoes-taste-the-difference;Sainsbury's Loose New Potatoes, Taste the Difference;£3.00/kg;£3.00/kg;Taste the Difference;taste-the-difference-185761-44;67;1.4;14;0.9;0.5;0.1;1.5;100;
lotus-biscuit-pocket-pack-180g;Lotus Biscuit Pocket Pack 180g;£1.00/unit;£0.56/100g;Biscuits & crackers;everyday-biscuits-shortbread;484;4.9;72.7;38.1;19.0;8.8;1.3;0.92;
lotus-caram-spread-crunchy-380g;Lotus Caramelised Crunchy Biscuit Spread 380g;£2.25/unit;£0.59/100g;Jams, honey & spreads;chocolate-sweet-spreads;572;34;588;362;357;77;09;062;
lotus-caram-spread-smooth-400g;Lotus Caramelised Smooth Biscuit Spread 400g;£2.25/unit;£0.56/100g;Jams, honey & spreads;chocolate-sweet-spreads;590;28;560;362;392;75;08;053;
lotus-caramelised-biscuits-250g;Lotus Caramelised Biscuits 250g;£1.00/unit;£0.40/100g;Biscuits & crackers;everyday-biscuits-shortbread;null;null;null;null;null;null;null;null;
lotus-caramelised-biscuits-250g;Lotus Caramelised Biscuits 250g;£1.00/unit;£0.40/100g;Biscuits & crackers;luxury-continental-biscuits;null;null;null;null;null;null;null;null;
lotus-chocolate-original-caramel-biscuits-154g;Lotus Chocolate Original Caramel Biscuits 154g;£1.25/unit;£0.81/100g;Biscuits & crackers;chocolate-biscuits;496;5.4;68.1;39.5;22.0;13.5;2.0;0.80;
low-low-10-burger-slices-200g;LowLow 10 Burger Slices 200g;£1.50/unit;£7.50/kg;Cheese;cottage-cheese---healthier-choice;181;14.5;8.2;7.2;10;4.7;0;2.8;
low-low-10-burger-slices-200g;LowLow 10 Burger Slices 200g;£1.50/unit;£7.50/kg;Cheese;sliced-grated-cheese;181;14.5;8.2;7.2;10;4.7;0;2.8;
low-low-10-burger-slices-200g;LowLow 10 Burger Slices 200g;£1.50/unit;£7.50/kg;Cheese;snacking-lunchbox-cheese;181;14.5;8.2;7.2;10;4.7;0;2.8;
lowlow-chicken---chorizo-paella-320g;LowLow Chicken & Chorizo Paella 320g;£2.00/unit;£6.25/kg;Ready meals & pies;frozen-healthier-meals;104;5.6;17.1;2.9;1.2;0.4;1.2;0.5;
lowlow-chicken---chorizo-paella-320g;LowLow Chicken & Chorizo Paella 320g;£2.00/unit;£6.25/kg;Ready meals & pies;frozen-ready-meals;104;5.6;17.1;2.9;1.2;0.4;1.2;0.5;
lowlow-chicken-tikka-masala-320g;LowLow Chicken Tikka Masala 320g;£1.50/unit;£4.69/kg;Ready meals & pies;frozen-healthier-meals;102;4.8;17.1;3.3;1.4;0.7;0.9;0.4;
lowlow-chicken-tikka-masala-320g;LowLow Chicken Tikka Masala 320g;£1.50/unit;£4.69/kg;Ready meals & pies;frozen-ready-meals;102;4.8;17.1;3.3;1.4;0.7;0.9;0.4;
lowlow-chicken-tomato---basil-pasta-320g;LowLow Chicken Tomato & Basil Pasta 320g;£1.50/unit;£4.69/kg;Ready meals & pies;frozen-healthier-meals;92;5.3;15.7;3.0;0.7;0.3;0.8;0.5;
lowlow-chicken-tomato---basil-pasta-320g;LowLow Chicken Tomato & Basil Pasta 320g;£1.50/unit;£4.69/kg;Ready meals & pies;frozen-ready-meals;92;5.3;15.7;3.0;0.7;0.3;0.8;0.5;
lowlow-cracked-black-pepper-cheese-spread-125g;LowLow Cracked Black Pepper Cheese Spread 125g;£1.65/unit;£13.20/kg;Cheese;cottage-cheese---healthier-choice;207;13;5;5;15;9.5;0;null;
lowlow-cracked-black-pepper-cheese-spread-125g;LowLow Cracked Black Pepper Cheese Spread 125g;£1.65/unit;£13.20/kg;Cheese;snacking-lunchbox-cheese;207;13;5;5;15;9.5;0;null;
lowlow-mature-cheddar-cheese-spread-125g;LowLow Mature Cheddar Cheese Spread 125g;£1.65/unit;£13.20/kg;Cheese;cottage-cheese---healthier-choice;207;13;5;5;15;9.5;0;null;
lowlow-mature-cheddar-cheese-spread-125g;LowLow Mature Cheddar Cheese Spread 125g;£1.65/unit;£13.20/kg;Cheese;snacking-lunchbox-cheese;207;13;5;5;15;9.5;0;null;
lowlow-snack-pack-caramelised-onion-65g;LowLow Snack Pack Caramelised Onion 65g;£1.50/unit;£23.08/kg;Cheese;cottage-cheese---healthier-choice;287;15.4;35.4;25.1;9.3;5.3;2.7;1.94;
lowlow-snack-pack-caramelised-onion-65g;LowLow Snack Pack Caramelised Onion 65g;£1.50/unit;£23.08/kg;Cheese;snacking-lunchbox-cheese;287;15.4;35.4;25.1;9.3;5.3;2.7;1.94;
lowlow-snack-pack-sweet-tomato-65g;LowLow Snack Pack Sweet Tomato 65g;£1.50/unit;£23.08/kg;Cheese;cottage-cheese---healthier-choice;247;16.2;23.1;9.0;10.5;6.2;2.6;1.29;
lowlow-snack-pack-sweet-tomato-65g;LowLow Snack Pack Sweet Tomato 65g;£1.50/unit;£23.08/kg;Cheese;snacking-lunchbox-cheese;247;16.2;23.1;9.0;10.5;6.2;2.6;1.29;
lowlow-sweet---sour-chicken-320g;LowLow Sweet & Sour Chicken 320g;£1.50/unit;£4.69/kg;Ready meals & pies;frozen-healthier-meals;86;4.3;15.7;3.6;0.5;0.2;0.5;0.5;
lowlow-sweet---sour-chicken-320g;LowLow Sweet & Sour Chicken 320g;£1.50/unit;£4.69/kg;Ready meals & pies;frozen-ready-meals;86;4.3;15.7;3.6;0.5;0.2;0.5;0.5;
loyd-grossman-balti-curry-sauce-350g;Loyd Grossman Balti Curry Sauce 350g;£2.09/unit;£0.60/100g;Cooking sauces & world foods;indian-cooking-sauces;103;1.3;8.4;6.3;6.7;0.5;1.7;0.84;
loyd-grossman-bhuna-curry-sauce-350g;Loyd Grossman Bhuna Curry Sauce 350g;£2.09/unit;£0.60/100g;Cooking sauces & world foods;indian-cooking-sauces;98;1.38;6.1;2.8;7.2;0.7;1.7;0.76;
loyd-grossman-carbonara-for-one-150g;Loyd Grossman Express Pasta Sauce Carbonara 150g;£1.30/unit;£0.87/100g;Cooking sauces & world foods;italian-cooking-sauces;150;3.3;4.2;0.9;13.3;4.9;0.0;0.71;
loyd-grossman-classic-chilli-sauce-350g;Loyd Grossman Classic Chilli Sauce 350g;£2.00/unit;£0.57/100g;Cooking sauces & world foods;mexican-cooking-sauces;69;2.2;8.9;3.5;3.0;0.3;1.3;0.82;
loyd-grossman-green-thai-curry-sauce-350g;Loyd Grossman Thai Green Curry Sauce 350g;£2.09/unit;£0.60/100g;Cooking sauces & world foods;thai-cooking-sauces;110;1.3;8.5;5.2;7.7;7.0;0.7;0.75;
loyd-grossman-jalfrezi-curry-sauce-350g;Loyd Grossman Jalfrezi Sauce 350g;£2.09/unit;£0.60/100g;Cooking sauces & world foods;indian-cooking-sauces;91;1.4;7.3;5.5;5.9;1.7;1.6;0.76;
loyd-grossman-lasagne-creamy-white-sauce-380g;Loyd Grossman Lasagne Creamy White Sauce 380g;£1.00/unit;£0.26/100g;Cooking sauces & world foods;italian-cooking-sauces;112;1.1;6.1;0.8;9.3;3.4;0.0;0.59;
loyd-grossman-lasagne-tomato-sauce-380g;Loyd Grossman Lasagne Tomato Sauce 380g;£1.00/unit;£0.26/100g;Cooking sauces & world foods;italian-cooking-sauces;70;1.7;7.0;5.6;3.4;0.5;2.1;0.71;
loyd-grossman-limited-edition-mint-masala-cooking-sauce-350g;Loyd Grossman Limited Edition Mint Masala Cooking Sauce 350g;£2.09/unit;£0.60/100g;Cooking sauces & world foods;indian-cooking-sauces;94;1.7;7.0;6.3;6.2;1.1;1.2;0.74;
loyd-grossman-madras-curry-sauce-350g;Loyd Grossman Madras Sauce 350g;£2.09/unit;£0.60/100g;Cooking sauces & world foods;indian-cooking-sauces;114;2.0;5.1;2.7;8.9;1.6;2.4;0.71;
loyd-grossman-pasta-sauce--bolognese-425g;Loyd Grossman Bolognese Sauce 425g;£1.00/unit;£0.23/100g;Cooking sauces & world foods;italian-cooking-sauces;55;1.6;6.1;5.2;2.5;0.3;1.0;0.82;
loyd-grossman-pasta-sauce--chargrilled-vegetable-350g;Loyd Grossman Pasta Sauce, Chargrilled Vegetable 350g;£1.00/unit;£0.29/100g;Cooking sauces & world foods;italian-cooking-sauces;65;1.7;6.9;6.0;3.2;0.4;1.0;0.84;
loyd-grossman-pasta-sauce--creamy-mushroom-for-one-150g;Loyd Grossman Express Pasta Sauce Creamy Mushroom 150g;£1.30/unit;£0.87/100g;Cooking sauces & world foods;italian-cooking-sauces;96;1.5;5.2;0.5;7.6;5.0;0.5;0.76;
loyd-grossman-pasta-sauce--puttanesca-350g;Loyd Grossman Pasta Sauce, Puttanesca 350g;£1.00/unit;£0.29/100g;Cooking sauces & world foods;italian-cooking-sauces;67;1.6;5.6;4.7;4.0;0.5;0.9;0.90;
loyd-grossman-pasta-sauce--roasted-garlic---tomato-350g;Loyd Grossman Pasta Sauce, Roasted Garlic & Tomato 350g;£1.00/unit;£0.29/100g;Cooking sauces & world foods;italian-cooking-sauces;76;2.0;9.0;6.3;3.2;0.4;1.4;0.82;
loyd-grossman-pasta-sauce--seasonal-sauce-350g;Loyd Grossman Pasta Sauce, Seasonal Sauce 350g;£1.00/unit;£0.29/100g;Cooking sauces & world foods;italian-cooking-sauces;83;1.2;6.8;5.9;5.5;0.7;0.8;0.83;
loyd-grossman-pasta-sauce--smokey-bacon-350g;Loyd Grossman Pasta Sauce, Smokey Bacon 350g;£1.00/unit;£0.29/100g;Cooking sauces & world foods;italian-cooking-sauces;81;3.0;6.1;5.1;4.8;0.9;0.8;0.83;
loyd-grossman-pasta-sauce--tomato---basil-350g;Loyd Grossman Pasta Sauce, Tomato & Basil 350g;£1.00/unit;£0.29/100g;Cooking sauces & world foods;italian-cooking-sauces;61;1.5;5.8;4.8;3.4;0.4;0.8;0.83;
loyd-grossman-pasta-sauce--tomato---basil-660g;Loyd Grossman Pasta Sauce, Tomato & Basil 660g;£2.60/unit;£0.39/100g;Cooking sauces & world foods;italian-cooking-sauces;61;1.5;5.8;4.8;3.4;0.4;0.8;0.83;
loyd-grossman-pasta-sauce--tomato---chilli-350g;Loyd Grossman Pasta Sauce, Tomato & Chilli 350g;£1.00/unit;£0.29/100g;Cooking sauces & world foods;italian-cooking-sauces;60;1.4;5.5;4.8;3.4;0.4;0.7;0.82;
loyd-grossman-pasta-sauce--tomato---mascarpone-for-one-150g;Loyd Grossman Express Pasta Sauce Tomato & Mascarpone 150g;£1.30/unit;£0.87/100g;Cooking sauces & world foods;italian-cooking-sauces;93;1.8;7.8;5.0;5.6;2.4;1.9;0.83;
loyd-grossman-pasta-sauce--tomato---sweet-red-pepper-350g;Loyd Grossman Pasta Sauce, Tomato & Sweet Red Pepper 350g;£1.00/unit;£0.29/100g;Cooking sauces & world foods;italian-cooking-sauces;78;1.3;5.8;5.3;5.3;0.7;1.1;0.83;
loyd-grossman-pasta-sauce--tomato---wild-mushroom-350g;Loyd Grossman Pasta Sauce, Tomato & Wild Mushroom 350g;£1.00/unit;£0.29/100g;Cooking sauces & world foods;italian-cooking-sauces;61;1.4;5.8;4.7;3.4;0.4;0.6;0.83;
loyd-grossman-red-thai-curry-sauce-350g;Loyd Grossman Thai Red Curry Sauce 350g;£2.09/unit;£0.60/100g;Cooking sauces & world foods;thai-cooking-sauces;107;1.3;8.5;4.9;7.3;6.6;0.9;0.70;
loyd-grossman-rogan-josh-curry-sauce-350g;Loyd Grossman Rogan Josh Sauce 350g;£2.09/unit;£0.60/100g;Cooking sauces & world foods;indian-cooking-sauces;127;1.9;9.0;6.5;8.7;1.9;2.3;0.68;
loyd-grossman-tikka-masala-curry-sauce-350g;Loyd Grossman Tikka Masala Sauce 350g;£2.09/unit;£0.60/100g;Cooking sauces & world foods;indian-cooking-sauces;147;1.4;11.2;9.0;10.6;3.7;0.7;0.83;
loyd-grossman-tomato---basil-for-one-150g;Loyd Grossman Express Pasta Sauce Tomato & Basil 150g;£1.30/unit;£0.87/100g;Cooking sauces & world foods;italian-cooking-sauces;75;2.0;7.4;5.2;3.6;0.4;2.6;0.83;
loyd-grossman-tomato---chilli-for-one-150g;Loyd Grossman Express Pasta Sauce Tomato & Chilli 150g;£1.30/unit;£0.87/100g;Cooking sauces & world foods;italian-cooking-sauces;72;1.9;6.7;4.7;3.6;0.4;2.6;0.83;
loyd-grossman-tomato---chilli-sauce-660g;Loyd Grossman Pasta Sauce, Tomato & Chilli 660g;£2.60/unit;£0.39/100g;Cooking sauces & world foods;italian-cooking-sauces;60;1.4;5.5;4.8;3.4;0.4;0.7;0.82;
loyd-korma-curry-sauce-350g;Loyd Grossman Korma Sauce 350g;£2.09/unit;£0.60/100g;Cooking sauces & world foods;indian-cooking-sauces;128;1.5;11.3;8.9;8.3;5.8;0.8;0.72;
lunchables-chicken-n-cheese-crackers-94g;Lunchables Chicken 'n' Cheese Crackers 94g;£1.50/unit;£15.96/kg;Cheese;snacking-lunchbox-cheese;285;18.0;24.0;3.0;12.5;7.3;1.5;1.78;
lunchables-ham-n-cheese-crackers-102g;Lunchables Ham 'n' Cheese Crackers 102g;£1.50/unit;£14.71/kg;Cheese;snacking-lunchbox-cheese;270;17.0;23.0;2.7;11.5;6.8;1.4;1.73;
lurpak-butter-with-garlic-125g;Lurpak Danish Butter with Crushed Garlic 125g;£1.20/unit;£9.60/kg;Butter, spreads & baking;block-butter;692;1.3;3.7;3.3;75;48;null;2.0;
lurpak-butter-with-garlic-125g;Lurpak Danish Butter with Crushed Garlic 125g;£1.20/unit;£9.60/kg;Sugar & home baking;fats-spreads;692;1.3;3.7;3.3;75;48;null;2.0;
lurpak-cooks-range-cooking-liquid-500ml;Lurpak Cook's Range Cooking Liquid 500ml;£2.00/unit;£0.40/100ml;Butter, spreads & baking;cooking-and-baking1;736;0.3;0.3;0.3;81.5;14.9;null;0.6;
lurpak-cooks-range-cooking-liquid-500ml;Lurpak Cook's Range Cooking Liquid 500ml;£2.00/unit;£0.40/100ml;Sugar & home baking;fats-spreads;736;0.3;0.3;0.3;81.5;14.9;null;0.6;
lurpak-cooks-range-cooking-mist-200ml;Lurpak Cook's Range Cooking Mist 200ml;£2.00/unit;£1.00/100ml;Butter, spreads & baking;cooking-and-baking1;792;0.1;0.2;0.2;87.9;11.1;null;0.5;
lurpak-cooks-range-cooking-mist-200ml;Lurpak Cook's Range Cooking Mist 200ml;£2.00/unit;£1.00/100ml;Sugar & home baking;fats-spreads;792;0.1;0.2;0.2;87.9;11.1;null;0.5;
lurpak-danish-butter--slightly-salted-250g;Lurpak Butter, Slightly Salted 250g;£1.80/unit;£7.20/kg;Butter, spreads & baking;block-butter;null;null;null;null;null;null;null;null;
lurpak-danish-butter--slightly-salted-500g;Lurpak Butter, Slightly Salted 500g;£3.25/unit;£6.50/kg;Butter, spreads & baking;block-butter;null;null;null;null;null;null;null;null;
lurpak-danish-butter--unsalted-250g;Lurpak Butter, Unsalted 250g;£1.80/unit;£7.20/kg;Butter, spreads & baking;block-butter;null;null;null;null;null;null;null;null;
lurpak-danish-butter--unsalted-250g;Lurpak Butter, Unsalted 250g;£1.80/unit;£7.20/kg;Sugar & home baking;fats-spreads;null;null;null;null;null;null;null;null;
lurpak-lighter-spreadable-with-olive-oil-500g;Lurpak Spreadable with Olive Oil 500g;£3.25/unit;£6.50/kg;Butter, spreads & baking;spreadable-butter;543;0.3;0.4;0.4;60;22;null;0.90;
lurpak-spread-1kg;Lurpak Spreadable 1kg;£6.20/unit;£6.20/kg;Butter, spreads & baking;spreadable-butter;706;0.5;0.6;0.6;78;35;null;0.90;
lurpak-spread-500g;Lurpak Spreadable 500g;£3.25/unit;£6.50/kg;Butter, spreads & baking;spreadable-butter;706;0.5;0.6;0.6;78;35;null;0.90;
lurpak-spreadable--lighter-250g;Lurpak Lighter Spreadable 250g;£1.80/unit;£7.20/kg;Butter, spreads & baking;spreadable-butter;516;0.3;0.4;0.4;57;22;null;0.90;
lurpak-spreadable--lighter-500g;Lurpak Lighter Spreadable 500g;£3.25/unit;£6.50/kg;Butter, spreads & baking;spreadable-butter;516;0.3;0.4;0.4;57;22;null;0.90;
lurpak-spreadable--slightly-salted-250g;Lurpak Slightly Salted Spreadable 250g;£1.80/unit;£7.20/kg;Butter, spreads & baking;spreadable-butter;706;0.5;0.6;0.6;78;35;null;0.90;
lurpak-spreadable-lighter--unsalted-500g;Lurpak Unsalted Lighter Spreadable 500g;£3.25/unit;£6.50/kg;Butter, spreads & baking;spreadable-butter;516;0.3;0.4;0.4;57;22;null;0.01;
lurpak-spreadable-lightest-500g;Lurpak Lightest Spreadable 500g;£3.25/unit;£6.50/kg;Butter, spreads & baking;spreadable-butter;377;3.3;0.9;0.8;40;15;null;1.1;
lurpak-spreadable-unsalted-500g;Lurpak Unsalted Spreadable 500g;£3.25/unit;£6.50/kg;Butter, spreads & baking;spreadable-butter;706;0.5;0.6;0.6;78;35;null;0.01;
lye-cross-farm-grated-mature-cheddar-200g;Lye Cross Farm Grated Mature Cheddar 200g;£1.80/unit;£9.00/kg;Cheese;cheddar-british-regional-cheese;412;25;0.5;0.5;34;22;null;1.8;
lye-cross-farm-grated-mature-cheddar-200g;Lye Cross Farm Grated Mature Cheddar 200g;£1.80/unit;£9.00/kg;Cheese;sliced-grated-cheese;412;25;0.5;0.5;34;22;null;1.8;
lyles-golden-syrup-squeezy-bottle-340g;Lyle's Golden Syrup Squeezy Bottle 340g;£1.75/unit;£0.51/100g;Fruit & desserts;sauces-toppings;310;0.5;77.5;77.5;0;0;null;0.8;
lyles-golden-syrup-squeezy-bottle-340g;Lyle's Golden Syrup Squeezy Bottle 340g;£1.75/unit;£0.51/100g;Ice cream & desserts;wafers-sauces-toppings;310;0.5;77.5;77.5;0;0;null;0.8;
lyles-golden-syrup-squeezy-bottle-340g;Lyle's Golden Syrup Squeezy Bottle 340g;£1.75/unit;£0.51/100g;Sugar & home baking;baking-ingredients---colourings;310;0.5;77.5;77.5;0;0;null;0.8;
lyles-squeezy-butterscotch-325g;Lyle's Squeezy Butterscotch 325g;£1.45/unit;£0.45/100g;Fruit & desserts;sauces-toppings;309;0.5;77.3;77.3;0;0;null;0.74;
lyles-squeezy-butterscotch-325g;Lyle's Squeezy Butterscotch 325g;£1.45/unit;£0.45/100g;Ice cream & desserts;wafers-sauces-toppings;309;0.5;77.3;77.3;0;0;null;0.74;
lyles-squeezy-chocolate-325g;Lyle's Squeezy Chocolate 325g;£1.45/unit;£0.45/100g;Fruit & desserts;sauces-toppings;314;0.75;76.8;65.1;0.44;0;null;0.03;
lyles-squeezy-chocolate-325g;Lyle's Squeezy Chocolate 325g;£1.45/unit;£0.45/100g;Ice cream & desserts;wafers-sauces-toppings;314;0.75;76.8;65.1;0.44;0;null;0.03;
lyles-squeezy-golden-syrup-325g;Lyle's Squeezy Golden Syrup 325g;£1.45/unit;£0.45/100g;Fruit & desserts;sauces-toppings;310;0.5;77.5;77.5;0;0;null;0.8;
lyles-squeezy-golden-syrup-325g;Lyle's Squeezy Golden Syrup 325g;£1.45/unit;£0.45/100g;Ice cream & desserts;wafers-sauces-toppings;310;0.5;77.5;77.5;0;0;null;0.8;
lyles-squeezy-golden-syrup-325g;Lyle's Squeezy Golden Syrup 325g;£1.45/unit;£0.45/100g;Sugar & home baking;baking-ingredients---colourings;310;0.5;77.5;77.5;0;0;null;0.8;
m%C3%BCller-bliss-lemon-yogurt-4x110g;Müller Bliss Lemon Yogurt 4x110g;£2.60/unit;£0.59/100g;Yogurts;corners-everyday-yogurts;161;4.0;22.2;21.3;5.9;3.3;null;0.2;
m%C3%BCller-bliss-lemon-yogurt-4x110g;Müller Bliss Lemon Yogurt 4x110g;£2.60/unit;£0.59/100g;Yogurts;diet-low-fat-yogurts;161;4.0;22.2;21.3;5.9;3.3;null;0.2;
m%C3%BCller-bliss-raspberry-yogurt-4x110g;Müller Bliss Raspberry Yogurt 4x110g;£2.60/unit;£0.59/100g;Yogurts;corners-everyday-yogurts;129;4.2;14.1;14.1;5.9;3.3;null;0.2;
m%C3%BCller-bliss-raspberry-yogurt-4x110g;Müller Bliss Raspberry Yogurt 4x110g;£2.60/unit;£0.59/100g;Yogurts;diet-low-fat-yogurts;129;4.2;14.1;14.1;5.9;3.3;null;0.2;
m%C3%BCller-bliss-strawberry-yogurt-4x110g;Müller Bliss Strawberry Yogurt 4x110g;£2.60/unit;£0.59/100g;Yogurts;corners-everyday-yogurts;129;4.1;14.3;14.2;5.9;3.3;null;0.2;
m%C3%BCller-bliss-strawberry-yogurt-4x110g;Müller Bliss Strawberry Yogurt 4x110g;£2.60/unit;£0.59/100g;Yogurts;diet-low-fat-yogurts;129;4.1;14.3;14.2;5.9;3.3;null;0.2;
m%C3%BCller-corner-choc-sprinkle-strawberry-6x128g;Müller Corner Choc Sprinkle Strawberry 6x128g;£2.00/unit;£0.26/100g;Yogurts;corners-everyday-yogurts;120;3.2;17.9;17.6;3.7;2.3;null;0.1;
m%C3%BCller-corner-choc-sprinkles-black-cherry-128g;Müller Corner Choc Sprinkles Black Cherry 128g;£0.70/unit;£0.55/100g;Yogurts;corners-everyday-yogurts;124;3.2;18.8;17.8;3.7;2.3;null;0.1;
m%C3%BCller-corner-mango---passionfruit-yogurt-150g;Müller Corner Greek Style Blueberry Yogurt 150g;£0.70/unit;£0.47/100g;Yogurts;corners-everyday-yogurts;125;4.6;15.6;14.7;4.6;2.8;null;0.15;
m%C3%BCller-corner-red-fruits-6x150g;Müller Corner Red Fruits 6x150g;£2.00/unit;£0.22/100g;Yogurts;corners-everyday-yogurts;107;4.0;13.4;13.4;3.8;2.4;null;0.2;
m%C3%BCller-de-lux-corner-mud-pie-2x130g;Müller De Lux Corner 2x130g;£1.30/unit;£0.50/100g;Yogurts;corners-everyday-yogurts;197;3.1;24.4;21.2;9.2;5.7;null;0.15;
m%C3%BCller-de-lux-corner-mud-pie-2x130g;Müller De Lux Corner 2x130g;£1.30/unit;£0.50/100g;Yogurts;luxury-yogurts;197;3.1;24.4;21.2;9.2;5.7;null;0.15;
m%C3%BCller-de-lux-corner-mud-pie-2x130g;Müller De Lux Corner 2x130g;£1.30/unit;£0.50/100g;Yogurts;rice-dessert-style-yogurts;197;3.1;24.4;21.2;9.2;5.7;null;0.15;
m%C3%BCller-de-luxe-corner-irish-cream-2x130g;Müller De Luxe Corner Irish Cream 2x130g;£1.30/unit;£0.50/100g;Yogurts;corners-everyday-yogurts;186;3.1;22.9;20.3;8.9;5.4;0;0.2;
m%C3%BCller-de-luxe-corner-irish-cream-2x130g;Müller De Luxe Corner Irish Cream 2x130g;£1.30/unit;£0.50/100g;Yogurts;luxury-yogurts;186;3.1;22.9;20.3;8.9;5.4;0;0.2;
m%C3%BCller-de-luxe-corner-irish-cream-2x130g;Müller De Luxe Corner Irish Cream 2x130g;£1.30/unit;£0.50/100g;Yogurts;rice-dessert-style-yogurts;186;3.1;22.9;20.3;8.9;5.4;0;0.2;
m%C3%BCller-de-luxe-corner-rum---raisin-yogurt-2x130g;Müller De Luxe Corner Rum & Raisin Yogurt 2x130g;£1.30/unit;£0.50/100g;Yogurts;corners-everyday-yogurts;201;3.0;25.7;24.4;9.0;5.6;null;0.1;
m%C3%BCller-de-luxe-corner-rum---raisin-yogurt-2x130g;Müller De Luxe Corner Rum & Raisin Yogurt 2x130g;£1.30/unit;£0.50/100g;Yogurts;luxury-yogurts;201;3.0;25.7;24.4;9.0;5.6;null;0.1;
m%C3%BCller-de-luxe-corner-rum---raisin-yogurt-2x130g;Müller De Luxe Corner Rum & Raisin Yogurt 2x130g;£1.30/unit;£0.50/100g;Yogurts;rice-dessert-style-yogurts;201;3.0;25.7;24.4;9.0;5.6;null;0.1;
m%C3%BCller-de-luxe-corner-vanilla-yogurt-2x130g;Müller De Luxe Corner Vanilla Yogurt 2x130g;£1.30/unit;£0.50/100g;Yogurts;corners-everyday-yogurts;203;2.9;26.5;22.6;9.2;5.5;null;0.2;
m%C3%BCller-de-luxe-corner-vanilla-yogurt-2x130g;Müller De Luxe Corner Vanilla Yogurt 2x130g;£1.30/unit;£0.50/100g;Yogurts;luxury-yogurts;203;2.9;26.5;22.6;9.2;5.5;null;0.2;
m%C3%BCller-de-luxe-corner-vanilla-yogurt-2x130g;Müller De Luxe Corner Vanilla Yogurt 2x130g;£1.30/unit;£0.50/100g;Yogurts;rice-dessert-style-yogurts;203;2.9;26.5;22.6;9.2;5.5;null;0.2;
m%C3%BCller-fruitopolis-greek-style-cherry-yogurt-4x130g;Müller Fruitopolis Greek Style Cherry Yogurt 4x130g;£2.50/unit;£0.48/100g;Yogurts;diet-low-fat-yogurts;68;4.8;11.4;10.1;0.1;0.1;null;0.2;
m%C3%BCller-fruitopolis-greek-style-cherry-yogurt-4x130g;Müller Fruitopolis Greek Style Cherry Yogurt 4x130g;£2.50/unit;£0.48/100g;Yogurts;natural-greek-yogurts;68;4.8;11.4;10.1;0.1;0.1;null;0.2;
m%C3%BCller-fruitopolis-greek-style-peach---passionfruit-yogurt-4x130g;Müller Fruitopolis Greek Style Peach & Passionfruit Yogurt 4x130g;£2.50/unit;£0.48/100g;Yogurts;diet-low-fat-yogurts;65;4.8;10.7;9.4;0.1;0.1;null;0.2;
m%C3%BCller-fruitopolis-greek-style-peach---passionfruit-yogurt-4x130g;Müller Fruitopolis Greek Style Peach & Passionfruit Yogurt 4x130g;£2.50/unit;£0.48/100g;Yogurts;natural-greek-yogurts;65;4.8;10.7;9.4;0.1;0.1;null;0.2;
m%C3%BCller-fruitopolis-greek-style-peach-yogurt-130g;Müller Fruitopolis Greek Style Peach Yogurt 130g;£0.70/unit;£0.54/100g;Yogurts;diet-low-fat-yogurts;65;4.8;10.7;9.4;0.1;0.1;null;0.2;
m%C3%BCller-fruitopolis-greek-style-strawberry-yogurt-130g;Müller Fruitopolis Greek Style Strawberry Yogurt 130g;£0.70/unit;£0.54/100g;Yogurts;diet-low-fat-yogurts;65;4.8;10.8;9.5;0.1;0.1;null;0.2;
m%C3%BCller-fruitopolis-greek-style-strawberry-yogurt-4x130g;Müller Fruitopolis Greek Style Strawberry Yogurt 4x130g;£2.50/unit;£0.48/100g;Yogurts;diet-low-fat-yogurts;65;4.8;10.8;9.5;0.1;0.1;null;0.2;
m%C3%BCller-fruitopolis-greek-style-strawberry-yogurt-4x130g;Müller Fruitopolis Greek Style Strawberry Yogurt 4x130g;£2.50/unit;£0.48/100g;Yogurts;natural-greek-yogurts;65;4.8;10.8;9.5;0.1;0.1;null;0.2;
m%C3%BCller-greek-style-corner-apricot-yogurt-4x150g;Müller Greek Style Corner Apricot Yogurt 4x150g;£2.70/unit;£0.45/100g;Yogurts;corners-everyday-yogurts;124;4.7;15.2;14.4;4.6;2.8;null;0.2;
m%C3%BCller-greek-style-corner-apricot-yogurt-4x150g;Müller Greek Style Corner Apricot Yogurt 4x150g;£2.70/unit;£0.45/100g;Yogurts;natural-greek-yogurts;124;4.7;15.2;14.4;4.6;2.8;null;0.2;
m%C3%BCller-greek-style-corner-cherry-yogurt-4x150g;Müller Greek Style Corner Cherry Yogurt 4x150g;£2.70/unit;£0.45/100g;Yogurts;corners-everyday-yogurts;127;4.7;16.0;15.2;4.6;2.8;null;0.2;
m%C3%BCller-greek-style-corner-cherry-yogurt-4x150g;Müller Greek Style Corner Cherry Yogurt 4x150g;£2.70/unit;£0.45/100g;Yogurts;natural-greek-yogurts;127;4.7;16.0;15.2;4.6;2.8;null;0.2;
m%C3%BCller-greek-style-corner-rhubarb-yogurt-4x150g;Müller Greek Style Corner Rhubarb Yogurt 4x150g;£2.70/unit;£0.45/100g;Yogurts;corners-everyday-yogurts;125;4.7;15.5;14.8;4.6;2.8;null;0.1;
m%C3%BCller-greek-style-corner-rhubarb-yogurt-4x150g;Müller Greek Style Corner Rhubarb Yogurt 4x150g;£2.70/unit;£0.45/100g;Yogurts;natural-greek-yogurts;125;4.7;15.5;14.8;4.6;2.8;null;0.1;
m%C3%BCller-greek-style-corner-strawberry-yogurt-4x150g;Müller Greek Style Corner Strawberry Yogurt 4x150g;£2.70/unit;£0.45/100g;Yogurts;corners-everyday-yogurts;127;4.7;16.1;16.1;4.6;2.8;null;0.2;
m%C3%BCller-greek-style-corner-strawberry-yogurt-4x150g;Müller Greek Style Corner Strawberry Yogurt 4x150g;£2.70/unit;£0.45/100g;Yogurts;natural-greek-yogurts;127;4.7;16.1;16.1;4.6;2.8;null;0.2;
m%C3%BCller-light-chocolate-orange-dessert-4x100g;Müller Light Chocolate Orange Dessert 4x100g;£1.50/unit;£0.38/100g;Yogurts;diet-low-fat-yogurts;99;2.6;16.8;12.3;2.0;1.2;null;0.1;
m%C3%BCller-light-chocolate-orange-dessert-4x100g;Müller Light Chocolate Orange Dessert 4x100g;£1.50/unit;£0.38/100g;Yogurts;rice-dessert-style-yogurts;99;2.6;16.8;12.3;2.0;1.2;null;0.1;
m%C3%BCller-light-coconut---lime-175g;Müller Light Pina Colada 175g;£0.70/unit;£0.40/100g;Yogurts;diet-low-fat-yogurts;53;4.2;8.2;7.5;0.1;0.1;null;0.15;
m%C3%BCller-light-dessert-inspired-yogurt-6x165g;Müller Light Dessert Inspired Yogurt 6x165g;£3.00/unit;£0.30/100g;Yogurts;diet-low-fat-yogurts;59;4.1;9.8;8.2;0.1;0.1;null;0.2;
m%C3%BCller-light-dessert-inspired-yogurt-6x165g;Müller Light Dessert Inspired Yogurt 6x165g;£3.00/unit;£0.30/100g;Yogurts;rice-dessert-style-yogurts;59;4.1;9.8;8.2;0.1;0.1;null;0.2;
m%C3%BCller-light-greek-style-cherry-yogurt-4x120g;Müller Light Greek Style Cherry Yogurt 4x120g;£2.60/unit;£0.54/100g;Yogurts;diet-low-fat-yogurts;70;6.3;10.3;9.8;0.1;0.1;null;0.2;
m%C3%BCller-light-greek-style-cherry-yogurt-4x120g;Müller Light Greek Style Cherry Yogurt 4x120g;£2.60/unit;£0.54/100g;Yogurts;natural-greek-yogurts;70;6.3;10.3;9.8;0.1;0.1;null;0.2;
m%C3%BCller-light-greek-style-coconut-yogurt-4x120g;Müller Light Greek Style Coconut Yogurt 4x120g;£2.60/unit;£0.54/100g;Yogurts;diet-low-fat-yogurts;72;6.3;9.7;8.9;0.5;0.4;null;0.2;
m%C3%BCller-light-greek-style-coconut-yogurt-4x120g;Müller Light Greek Style Coconut Yogurt 4x120g;£2.60/unit;£0.54/100g;Yogurts;natural-greek-yogurts;72;6.3;9.7;8.9;0.5;0.4;null;0.2;
m%C3%BCller-light-greek-style-honey-yogurt-4x120g;Müller Light Greek Style Honey Yogurt 4x120g;£2.60/unit;£0.54/100g;Yogurts;diet-low-fat-yogurts;71;6.3;10.3;9.7;0.2;0.1;null;0.2;
m%C3%BCller-light-greek-style-honey-yogurt-4x120g;Müller Light Greek Style Honey Yogurt 4x120g;£2.60/unit;£0.54/100g;Yogurts;natural-greek-yogurts;71;6.3;10.3;9.7;0.2;0.1;null;0.2;
m%C3%BCller-light-greek-style-lemon-yogurt-4x120g;Müller Light Greek Style Lemon Yogurt 4x120g;£2.60/unit;£0.54/100g;Yogurts;diet-low-fat-yogurts;69;6.3;9.7;9;0.2;0.1;null;0.2;
m%C3%BCller-light-greek-style-lemon-yogurt-4x120g;Müller Light Greek Style Lemon Yogurt 4x120g;£2.60/unit;£0.54/100g;Yogurts;natural-greek-yogurts;69;6.3;9.7;9;0.2;0.1;null;0.2;
m%C3%BCller-light-greek-style-mango-yogurt-4x120g;Müller Light Greek Style Mango Yogurt 4x120g;£2.60/unit;£0.54/100g;Yogurts;diet-low-fat-yogurts;72;6.3;10.5;10.1;0.2;0.1;null;0.2;
m%C3%BCller-light-greek-style-mango-yogurt-4x120g;Müller Light Greek Style Mango Yogurt 4x120g;£2.60/unit;£0.54/100g;Yogurts;natural-greek-yogurts;72;6.3;10.5;10.1;0.2;0.1;null;0.2;
m%C3%BCller-light-greek-style-raspbery-yogurt-4x120g;Müller Light Greek Style Raspbery Yogurt 4x120g;£2.60/unit;£0.54/100g;Yogurts;diet-low-fat-yogurts;69;6.4;9.7;9.2;0.2;0.1;null;0.2;
m%C3%BCller-light-greek-style-raspbery-yogurt-4x120g;Müller Light Greek Style Raspbery Yogurt 4x120g;£2.60/unit;£0.54/100g;Yogurts;natural-greek-yogurts;69;6.4;9.7;9.2;0.2;0.1;null;0.2;
m%C3%BCller-light-greek-style-strawberry-yogurt-4x120g;Müller Light Greek Style Strawberry Yogurt 4x120g;£2.60/unit;£0.54/100g;Yogurts;diet-low-fat-yogurts;69;6.3;9.8;9.2;0.2;0.1;null;0.2;
m%C3%BCller-light-greek-style-strawberry-yogurt-4x120g;Müller Light Greek Style Strawberry Yogurt 4x120g;£2.60/unit;£0.54/100g;Yogurts;natural-greek-yogurts;69;6.3;9.8;9.2;0.2;0.1;null;0.2;
m%C3%BCller-light-inspired-by-6x165g;Müller Light Inspired By 6x165g;£3.00/unit;£0.30/100g;Yogurts;diet-low-fat-yogurts;59;4.1;9.7;8.2;0.1;0.1;null;0.2;
m%C3%BCller-light-inspired-by-6x165g;Müller Light Inspired By 6x165g;£3.00/unit;£0.30/100g;Yogurts;rice-dessert-style-yogurts;59;4.1;9.7;8.2;0.1;0.1;null;0.2;
m%C3%BCller-light-orange---chocolate-165g;Müller Light Orange & Chocolate Yogurt 165g;£0.70/unit;£0.42/100g;Yogurts;diet-low-fat-yogurts;55;4.3;7.4;7.0;0.5;0.3;null;0.2;
m%C3%BCller-light-orange---chocolate-165g;Müller Light Orange & Chocolate Yogurt 165g;£0.70/unit;£0.42/100g;Yogurts;rice-dessert-style-yogurts;55;4.3;7.4;7.0;0.5;0.3;null;0.2;
m%C3%BCller-light-smooth-mint-desserts-4x100g;Müller Light Dessert Smooth Mint 4x100g;£1.50/unit;£0.38/100g;Yogurts;diet-low-fat-yogurts;99;2.6;16.8;12.3;2.0;1.2;null;0.1;
m%C3%BCller-light-smooth-mint-desserts-4x100g;Müller Light Dessert Smooth Mint 4x100g;£1.50/unit;£0.38/100g;Yogurts;rice-dessert-style-yogurts;99;2.6;16.8;12.3;2.0;1.2;null;0.1;
m%C3%BCller-light-turkish-delight-165g;Müller Light Turkish Delight Yogurt 165g;£0.70/unit;£0.42/100g;Yogurts;diet-low-fat-yogurts;55;4.5;7.4;7.1;0.5;0.3;null;0.2;
m%C3%BCller-light-turkish-delight-165g;Müller Light Turkish Delight Yogurt 165g;£0.70/unit;£0.42/100g;Yogurts;rice-dessert-style-yogurts;55;4.5;7.4;7.1;0.5;0.3;null;0.2;
m%C3%BCller-rice-chocolate-caramel-4x190g;Müller Rice Apple, Limited Edition 4x180g;£2.70/unit;£0.38/100g;Yogurts;rice-dessert-style-yogurts;107;3.0;18.8;13.3;2.2;1.3;null;0.2;
m%C3%BCller-rice-original-4x190g;Müller Rice Original 4x180g;£2.70/unit;£0.38/100g;Yogurts;rice-dessert-style-yogurts;101;3.4;16.1;10.0;2.6;1.5;null;0.2;
m%C3%BCller-rice-remix-apricot-2x150g;Müller Rice Remix Apricot 2x150g;£1.50/unit;£0.50/100g;Yogurts;corners-everyday-yogurts;107;2.9;19.3;13.9;2.0;1.2;null;0.2;
m%C3%BCller-rice-remix-apricot-2x150g;Müller Rice Remix Apricot 2x150g;£1.50/unit;£0.50/100g;Yogurts;rice-dessert-style-yogurts;107;2.9;19.3;13.9;2.0;1.2;null;0.2;
m%C3%BCller-rice-remix-plum-2x150g;Müller Rice Remix Plum 2x150g;£1.50/unit;£0.50/100g;Yogurts;corners-everyday-yogurts;107;2.8;19.4;14.1;2.0;1.2;null;0.2;
m%C3%BCller-rice-remix-plum-2x150g;Müller Rice Remix Plum 2x150g;£1.50/unit;£0.50/100g;Yogurts;rice-dessert-style-yogurts;107;2.8;19.4;14.1;2.0;1.2;null;0.2;
m%C3%BCller-rice-remix-strawberry-2x150g;Müller Rice Remix Strawberry 2x150g;£1.50/unit;£0.50/100g;Yogurts;corners-everyday-yogurts;106;2.9;19.1;13.7;2.0;1.2;null;0.2;
m%C3%BCller-rice-remix-strawberry-2x150g;Müller Rice Remix Strawberry 2x150g;£1.50/unit;£0.50/100g;Yogurts;rice-dessert-style-yogurts;106;2.9;19.1;13.7;2.0;1.2;null;0.2;
m%C3%BCller-rice-strawberry-4x190g;Müller Rice Strawberry 4x180g;£2.70/unit;£0.38/100g;Yogurts;rice-dessert-style-yogurts;106;3.0;18.6;12.8;2.2;1.3;null;0.2;
m%C3%BCller-rice-vanilla-4x190g;Müller Rice Vanilla 4x180g;£2.70/unit;£0.38/100g;Yogurts;rice-dessert-style-yogurts;111;3.2;19.0;13.6;2.5;1.4;null;0.2;
m-ms-choco-pouch-185g;M&M's Choco Pouch 165g;£1.00/unit;£0.61/100g;Confectionery;chocolate;485;4.8;68.8;66.6;20.5;12.6;null;0.12;
m-ms-chocolate-brownies;M&M's Chocolate Brownie;£0.90/unit;£0.90/ea;Cakes;flapjacks-traybakes-bites;409;5.0;57.8;34.5;17.7;8.5;null;0.3;
m-ms-crispy-pouch-155g;M&M's Crispy Pouch 141g;£1.00/unit;£0.71/100g;Confectionery;chocolate;498;4.3;64.1;54.2;24.2;16.0;null;0.35;
m-ms-peanut-larger-sharing-pouch-315g;M&M's Peanut Larger Sharing Pouch 300g;£2.00/unit;£0.66/100g;Confectionery;chocolate;511;9.8;59.1;53.6;25.3;10.2;null;0.09;
m-ms-peanut-luxury-egg-378g;M&M's Peanut Luxury Easter Egg 378g;£6.00/unit;£1.67/100g;Confectionery;easter-eggs;529;7.0;59.2;58.7;28.9;17.3;null;0.26;
m-ms-peanut-pouch-165g;M&M's Peanut Pouch 165g;£1.00/unit;£0.61/100g;Confectionery;chocolate;511;9.8;59.1;53.6;25.3;10.2;null;0.09;
m-ms-yogurt-120g;M&M's Yogurt 120g;£0.50/unit;£0.42/100g;Yogurts;rice-dessert-style-yogurts;null;null;null;null;null;null;null;null;
mabel-pearmans-burford-brown-eggs-x6;Mabel Pearmans Burford Brown Eggs x6;£2.15/unit;£0.36/ea;Fresh milk & eggs;eggs;131;12.4;0.0;0.0;9.0;2.5;0.0;0.39;
mabel-pearmans-burford-brown-eggs-x6;Mabel Pearmans Burford Brown Eggs x6;£2.15/unit;£0.36/ea;Sugar & home baking;home-baking-eggs;131;12.4;0.0;0.0;9.0;2.5;0.0;0.39;
mackays-dundee-orange-marmalade-340g;Mackays Dundee Orange Marmalade 340g;£1.35/unit;£0.40/100g;Jams, honey & spreads;marmalade;269;0.3;67.0;66.7;0;0;null;0;
mackays-scottish-raspberry-preserve-340g;Mackays Scottish Raspberry Preserve 340g;£1.50/unit;£0.44/100g;Jams, honey & spreads;jams---conserves;271;0.4;67.0;66.7;0;0;null;0;
mackays-scottish-strawberry-preserve-340g;Mackays Scottish Strawberry Preserve 340g;£1.50/unit;£0.44/100g;Jams, honey & spreads;jams---conserves;270;0.3;67.2;66.9;0;0;null;0;
mackays-seedless-bramble-preserve-340g;Mackays Seedless Bramble Preserve 340g;£1.50/unit;£0.44/100g;Jams, honey & spreads;jams---conserves;269;0.3;66.8;66.8;0;0;null;0;
mackays-seville-orange-marmalade-340g;Mackays Seville Orange Marmalade 340g;£1.35/unit;£0.40/100g;Jams, honey & spreads;marmalade;269;0.3;67.0;66.7;0;0;null;0;
mackies-honeycomb-ice-cream-1l;Mackie's Ice Cream Honeycomb 1L;£3.00/unit;£0.30/100ml;Ice cream & desserts;ice-cream-tubs;196;4.1;21.1;21.1;10.6;7.0;null;0.2;
mackies-traditional-dairy-vanilla-ice-cream-1l;Mackie's Ice Cream Traditional Dairy Vanilla 1L;£3.00/unit;£0.30/100ml;Ice cream & desserts;ice-cream-tubs;204;3.6;23.2;19.3;10.8;6.8;null;0.2;
macsween-traditional-haggis-454g;Macsween Traditional Haggis 454g;£3.20/unit;£7.05/kg;Sausages;sausages;285;9.9;18.7;1;18.9;7.5;null;1.7;
maggi-liquid-seasoning-100ml;Maggi Liquid Seasoning 100ml;£1.00/unit;£1.00/100ml;Cooking ingredients & oils;stock;104;15.5;10.0;null;0.1;null;null;null;
maggi-so-juicy-chicken-bbq;Maggi So Juicy Chicken BBQ;£0.95/unit;£1.72/100g;Cooking sauces & world foods;packet-sauces;337;4.4;76.8;56.2;0.7;0.1;2.7;6.80;
maggi-so-juicy-chicken-paprika-sauce-34g;Maggi So Juicy Paprika Chicken 34g;£0.95/unit;£3.17/100g;Cooking sauces & world foods;packet-sauces;248;23.9;3.9;1.2;15.1;4.0;0.6;1.92;
maggi-so-juicy-cooks-in-the-bag-chicken-chasseur-38g;Maggi So Juicy Chicken Chasseur 38g;£0.95/unit;£2.50/100g;Cooking sauces & world foods;packet-sauces;300;8.6;55.7;9.1;3.5;1.1;5.5;17.20;
maggi-so-juicy-garlic-for-chicken-30g;Maggi So Juicy Garlic for Chicken 30g;£0.95/unit;£3.17/100g;Cooking sauces & world foods;packet-sauces;null;null;null;null;null;null;null;null;
maggi-so-juicy-italian-chicken-37g;Maggi So Juicy Italian Chicken 37g;£0.95/unit;£2.57/100g;Cooking sauces & world foods;packet-sauces;306;9.7;57.6;23.5;2.7;0.3;6.0;14.70;
maggi-so-juicy-mexican-chkn40g;Maggi So Juicy Mexican Chkn40g;£0.95/unit;£2.38/100g;Cooking sauces & world foods;packet-sauces;293;8.8;50.5;17.8;4.6;1.2;7.4;19.45;
maggi-so-juicy-mixed-herbs-for-chicken-30g;Maggi So Juicy Mixed Herbs For Chicken 30g;£0.95/unit;£3.17/100g;Cooking sauces & world foods;packet-sauces;null;null;null;null;null;null;null;null;
maggi-so-juicy-moroccan-chicken-40g;Maggi So Juicy Moroccan Chicken 40g;£0.95/unit;£2.50/100g;Cooking sauces & world foods;packet-sauces;306;7.8;53.1;14.3;4.8;0.6;9.5;15.10;
maggi-so-juicy-provencal-chicken-40g;Maggi So Juicy Provencal Chicken 40g;£0.95/unit;£2.38/100g;Cooking sauces & world foods;packet-sauces;306;8.2;54.1;17.8;4.3;0.6;9.1;14.65;
maggi-so-juicy-rustic-beef-one-pot-40g;Maggi So Juicy Rustic Beef One Pot 40g;£0.95/unit;£2.38/100g;Cooking sauces & world foods;packet-sauces;298;11.3;53.7;20.6;2.7;0.5;6.9;15.00;
maggi-so-juicy-sweet---sour-for-chicken-30g;Maggi So Juicy Sweet & Sour Chicken 30g;£0.95/unit;£3.17/100g;Cooking sauces & world foods;packet-sauces;null;null;null;null;null;null;null;null;
maggi-so-sticky-hoisin-beef-54g;Maggi So Sticky Hoisin Beef 54g;£0.95/unit;£1.76/100g;Cooking sauces & world foods;packet-sauces;322;8.0;68.7;38.9;1.4;0.1;1.4;16.50;
maggi-so-sticky-teriyaki-chicken-54g;Maggi So Sticky Teriyaki Chicken 54g;£0.95/unit;£1.76/100g;Cooking sauces & world foods;packet-sauces;321;7.2;68.8;43.4;1.6;0.2;1.2;17.40;
maggi-so-tender-garlic-23g;Maggi So Tender Garlic Chicken 23g;£0.95/unit;£4.13/100g;Cooking sauces & world foods;packet-sauces;438;6.3;24.4;8.0;32.5;11.5;11.4;20.68;
maggi-so-tender-italian-herbs-23g;Maggi So Tender Italian Herb Chicken 23g;£0.95/unit;£4.13/100g;Cooking sauces & world foods;packet-sauces;440;7.3;22.1;10.4;34.1;11.8;7.7;21.35;
maggi-so-tender-mediterranean-tomato-24g;Maggi So Tender Mediterranean Tomato 24g;£0.95/unit;£3.96/100g;Cooking sauces & world foods;packet-sauces;438;8.6;22.7;13.6;33.1;14.0;7.5;21.88;
magm-macarons-72g;Mag'm Macarons 72g;£3.00/unit;£4.17/100g;Ice cream & desserts;frozen-cold-desserts;null;9.0;56.2;56.2;21.4;5.4;3.9;0.129;
magnum-10pk-after-dinner-350ml;Magnum Ice Cream After Dinner 10x35ml;£3.00/unit;£0.86/100ml;Ice cream & desserts;lollies-bars-cones;null;null;null;null;null;null;null;null;
magnum-almond-x4-440ml;Magnum Ice Cream Almond 4x110ml;£1.70/unit;£0.39/100ml;Ice cream & desserts;lollies-bars-cones;null;null;null;null;null;null;null;null;
magnum-black-espresso-x3-300ml;Magnum Ice Cream Black Espresso 3x100ml;£3.40/unit;£1.13/100ml;Ice cream & desserts;lollies-bars-cones;null;null;null;null;null;null;null;null;
magnum-caramel-x4-440ml;Magnum Ice Cream Caramel 4x110ml;£1.70/unit;£0.39/100ml;Ice cream & desserts;lollies-bars-cones;null;null;null;null;null;null;null;null;
magnum-classic-x4-440ml;Magnum Ice Cream Classic 4x110ml;£1.70/unit;£0.39/100ml;Ice cream & desserts;lollies-bars-cones;null;null;null;null;null;null;null;null;
magnum-mini--almond-white-ice-cream-6x60ml;Magnum Mini Ice Cream Almond White 6x60ml;£3.50/unit;£0.97/100ml;Ice cream & desserts;lollies-bars-cones;null;null;null;null;null;null;null;null;
magnum-mini--classics-ice-cream-6x60ml;Magnum Mini Ice Cream Classics 6x60ml;£3.50/unit;£0.97/100ml;Ice cream & desserts;lollies-bars-cones;null;null;null;null;null;null;null;null;
magnum-mini--double-caramel---chocolate-ice-cream-6x60ml;Magnum Mini Ice Cream Double Caramel & Chocolate 6x60ml;£3.50/unit;£1.01/100ml;Ice cream & desserts;lollies-bars-cones;null;null;null;null;null;null;null;null;
magnum-mini--hazelnut---pistachio-ice-cream-6x60ml;Magnum Mini Ice Cream Hazelnut & Pistachio 6x60ml;£3.50/unit;£0.97/100ml;Ice cream & desserts;lollies-bars-cones;null;null;null;null;null;null;null;null;
magnum-mini--white---almond-ice-cream-6x60ml;Magnum Mini Ice Cream White & Almond 6x60ml;£3.50/unit;£0.97/100ml;Ice cream & desserts;lollies-bars-cones;null;null;null;null;null;null;null;null;
magnum-mini-6pk-pinkblack-360ml;Magnum Mini Ice Cream Pink Raspberry & Black Espresso 6x60ml;£3.50/unit;£0.97/100ml;Ice cream & desserts;lollies-bars-cones;332;29;31;29;23;17;null;009;
magnum-mint-x4-440ml;Magnum Ice Cream Mint 4x110ml;£1.70/unit;£0.39/100ml;Ice cream & desserts;lollies-bars-cones;null;null;null;null;null;null;null;null;
magnum-pink-raspberry-x3-300ml;Magnum Ice Cream Pink Raspberry 3x100ml;£3.40/unit;£1.13/100ml;Ice cream & desserts;lollies-bars-cones;null;null;null;null;null;null;null;null;
magnum-pistachio-ice-cream-3x110ml;Magnum Ice Cream Pistachio 3x110ml;£3.40/unit;£1.03/100ml;Ice cream & desserts;lollies-bars-cones;null;null;null;null;null;null;null;null;
magnum-strawberry---white-x3-300ml;Magnum Ice Cream Strawberry & White 3x110ml;£3.40/unit;£1.03/100ml;Ice cream & desserts;lollies-bars-cones;null;null;null;null;null;null;null;null;
magnum-white-x4-440ml;Magnum Ice Cream White 4x110ml;£1.70/unit;£0.39/100ml;Ice cream & desserts;lollies-bars-cones;null;null;null;null;null;null;null;null;
maille-%C3%A0-lancienne-mustard-210g;Maille Wholegrain Mustard 210g;£1.55/unit;£0.74/100g;Table sauces, dressings & condiments;mustard;null;null;null;null;null;null;null;null;
maille-bearnaise-sauce-200g;Maille Bearnaise Sauce 200g;£1.80/unit;£0.90/100g;Table sauces, dressings & condiments;condiments;null;null;null;null;null;null;null;null;
maille-dijon-mustard-215g;Maille Dijon Original Mustard 215g;£1.55/unit;£0.72/100g;Table sauces, dressings & condiments;mustard;null;null;null;null;null;null;null;null;
maille-dijonnaise-200ml;Maille Dijonnaise Sauce 200g;£1.50/unit;£0.75/100ml;Table sauces, dressings & condiments;mustard;null;null;null;null;null;null;null;null;
maille-hollandaise-sauce-200g;Maille Hollandaise Sauce 200g;£1.80/unit;£0.90/100g;Table sauces, dressings & condiments;condiments;null;null;null;null;null;null;null;null;
maille-tartare-sauce-200g;Maille Tartare Sauce 200g;£1.80/unit;£0.90/100g;Table sauces, dressings & condiments;condiments;null;null;null;null;null;null;null;null;
malay-taste-laksa-curry-kit-220g;Malay Taste Laksa Curry Kit 220g;£2.19/unit;£1.00/100g;Cooking sauces & world foods;meal-kits;null;null;null;null;null;null;null;null;
malay-taste-nasi-goreng-kit--rice-165g;Malay Taste Nasi Goreng Kit, Rice 165g;£2.69/unit;£1.63/100g;Cooking sauces & world foods;meal-kits;null;null;null;null;null;null;null;null;
malay-taste-rendang-paste-150g;Malay Taste Rendang Paste 150g;£2.29/unit;£1.24/100g;Cooking ingredients & oils;cooking-pastes;null;null;null;null;null;null;null;null;
malay-taste-sambal-oelek-paste-185g;Malay Taste Sambal Oelek Paste 185g;£1.99/unit;£1.08/100g;Cooking ingredients & oils;cooking-pastes;null;null;null;null;null;null;null;null;
maldon-sea-salt-250g;Maldon Sea Salt 250g;£1.80/unit;£7.20/kg;Cooking ingredients & oils;salt-pepper;null;null;null;null;null;null;null;null;
maldon-smoked-sea-salt-125g;Maldon Smoked Sea Salt 125g;£1.50/unit;£12.00/kg;Cooking ingredients & oils;salt-pepper;null;null;null;null;null;null;null;null;
malteasers-teasers-block-150g;Maltesers Teasers Block 150g;£2.00/unit;£1.33/100g;Confectionery;chocolate;533;7.2;58.2;53.3;29.8;17.9;null;0.32;
malteaster-bunny-single;Malteaster Bunny 29g;£0.60/unit;£0.60/ea;Confectionery;chocolate;539;7.0;57.6;53.0;30.9;17.5;null;0.36;
malteaster-bunny-single;Malteaster Bunny 29g;£0.60/unit;£0.60/ea;Confectionery;easter-eggs;539;7.0;57.6;53.0;30.9;17.5;null;0.36;
malteaster-bunny-x5-145g;Malteaser Easter Bunny x5 145g;£2.40/unit;£1.66/100g;Confectionery;easter-eggs;539;6.9;57.6;50.7;31.0;17.2;1.2;0.39;
malteaster-luxury-egg-314g;Malteser Luxury Easter Egg 314g;£6.00/unit;£2.04/100g;Confectionery;easter-eggs;529;7.0;59.2;58.7;28.9;17.3;null;0.26;
malteaster-mini-bunnies-bag-58g;Malteaster Mini Bunnies Bag 58g;£1.00/unit;£1.72/100g;Confectionery;chocolate;536;7.0;58.0;54.8;30.4;17.5;null;0.33;
malteaster-mini-bunnies-bag-58g;Malteaster Mini Bunnies Bag 58g;£1.00/unit;£1.72/100g;Confectionery;easter-eggs;536;7.0;58.0;54.8;30.4;17.5;null;0.33;
maltesers-box-360g;Maltesers Box 360g;£4.00/unit;£1.11/100g;Confectionery;chocolate;505;8.1;61.7;51.9;24.8;15.2;null;0.41;
maltesers-box-360g;Maltesers Box 360g;£4.00/unit;£1.11/100g;Confectionery;gifting-boxed-chocolate;505;8.1;61.7;51.9;24.8;15.2;null;0.41;
maltesers-bunny-gift-pack-139g;Maltesers Bunny Gift Pack 139g;£3.00/unit;£2.16/100g;Confectionery;chocolate;539;7.0;57.6;53.0;30.9;17.5;null;0.36;
maltesers-bunny-gift-pack-139g;Maltesers Bunny Gift Pack 139g;£3.00/unit;£2.16/100g;Confectionery;easter-eggs;539;7.0;57.6;53.0;30.9;17.5;null;0.36;
maltesers-funsize-195g;Maltesers Funsize 195g;£1.85/unit;£0.95/100g;Confectionery;chocolate;505;8.1;61.7;51.9;24.8;15.2;null;0.41;
maltesers-larger-sharing-pouch-230g;Maltesers Larger Sharing Pouch 230g;£2.50/unit;£1.09/100g;Confectionery;chocolate;505;8.1;61.7;51.9;24.8;15.2;null;0.41;
maltesers-medium-easter-egg-137g;Maltesers Medium Easter Egg 127g;£1.25/unit;£0.98/100g;Confectionery;easter-eggs;505;8.1;61.7;51.9;24.8;15.2;null;0.41;
maltesers-mini-bunny-80g;Maltesers Mini Bunny 80g;£1.25/unit;£1.56/100g;Confectionery;chocolate;536;7.0;58.0;54.8;30.4;17.5;null;0.33;
maltesers-mini-bunny-80g;Maltesers Mini Bunny 80g;£1.25/unit;£1.56/100g;Confectionery;easter-eggs;536;7.0;58.0;54.8;30.4;17.5;null;0.33;
maltesers-pack-x3-111g;Maltesers Pack x3 111g;£1.00/unit;£0.90/100g;Confectionery;chocolate;505;8.1;61.7;51.9;24.8;15.2;null;0.41;
maltesers-pouch-121g;Maltesers Pouch 121g;£1.50/unit;£1.24/100g;Confectionery;chocolate;505;8.1;61.7;51.9;24.8;15.2;null;0.41;
maltesers-standard-bag-37g;Maltesers Standard Bag 37g;£0.60/unit;£1.62/100g;Confectionery;chocolate;505;8.1;61.7;51.9;24.8;15.2;null;0.41;
maltesers-teaser-single-bar-35g;Maltesers Teaser Single Bar 35g;£0.60/unit;£1.71/100g;Confectionery;chocolate;533;7.2;58.2;53.3;29.8;17.9;null;0.32;
maltesers-teasers-3x35g;Maltesers Teasers 3x35g;£1.00/unit;£0.95/100g;Confectionery;chocolate;533;7.2;58.2;53.3;29.8;17.9;null;0.32;
maltesers-teasers-large-easter-egg-303g;Maltesers Teasers Large Easter Egg 303g;£3.00/unit;£0.99/100g;Confectionery;easter-eggs;529;7.0;59.2;58.7;28.9;17.3;null;0.26;
mama-instant-rice-noodles-225g;Mama Instant Rice Noodles 225g;£1.49/unit;£6.62/kg;Cooking sauces & world foods;thai-cooking-sauces;356;6.4;82;0;0;0.1;1.1;0.1;
mama-instant-rice-noodles-225g;Mama Instant Rice Noodles 225g;£1.49/unit;£6.62/kg;Rice, pasta & noodles;noodles;356;6.4;82;0;0;0.1;1.1;0.1;
mango---chilli-coleslaw-280g;Sainsbury's Mango & Chilli Coleslaw 280g;£1.00/unit;£0.36/100g;Coleslaw, olives, salads & dips;coleslaw-salads;129;0.9;7.2;5.9;10.3;0.8;1.8;0.75;
mango---chilli-coleslaw-280g;Sainsbury's Mango & Chilli Coleslaw 280g;£1.00/unit;£0.36/100g;Fresh salad;dressings-coleslaw-accompaniments;129;0.9;7.2;5.9;10.3;0.8;1.8;0.75;
mango---chilli-coleslaw-280g;Sainsbury's Mango & Chilli Coleslaw 280g;£1.00/unit;£0.36/100g;Prepared & ready to eat;prepared-salad-herbs;129;0.9;7.2;5.9;10.3;0.8;1.8;0.75;
mango---chilli-coleslaw-280g;Sainsbury's Mango & Chilli Coleslaw 280g;£1.00/unit;£0.36/100g;Vegetarian & meat free;coleslaw--olives--salads---dips-30658-44;129;0.9;7.2;5.9;10.3;0.8;1.8;0.75;
maoam-chew-minis-stick-pack-110g;Maoam Chew Minis Stick Pack 110g;£0.50/unit;£0.45/100g;Confectionery;sweets;null;null;null;null;null;null;null;null;
maoam-joystixx-215g;Maoam Joystixx 215g;£1.00/unit;£0.46/100g;Confectionery;sweets;null;null;null;null;null;null;null;null;
maoam-sour-stripes-200g;Maoam Sour Stripes 200g;£1.00/unit;£0.55/100g;Confectionery;sweets;null;null;null;null;null;null;null;null;
marigold-reduced-salt-organic-bouillon-powder-140g;Marigold Reduced Salt Organic Bouillon Powder 140g;£2.00/unit;£1.43/100g;Cooking ingredients & oils;gravy;260;5.4;51.1;4.5;3.0;0.5;null;29.6;
marigold-swiss-vegetable-bouillon-150g;Marigold Swiss Vegetable Bouillon 150g;£2.00/unit;£1.33/100g;Cooking ingredients & oils;stock;245;10.1;30.1;10.5;8.5;4.3;null;44.6;
marmite-125g;Marmite Yeast Extract 125g;£1.70/unit;£1.36/100g;Jams, honey & spreads;marmite-yeast-extracts;null;null;null;null;null;null;null;null;
marmite-250g;Marmite Yeast Extract 250g;£2.50/unit;£1.00/100g;Jams, honey & spreads;marmite-yeast-extracts;null;null;null;null;null;null;null;null;
marmite-500g;Marmite Yeast Extract 500g;£4.00/unit;£0.80/100g;Jams, honey & spreads;marmite-yeast-extracts;null;null;null;null;null;null;null;null;
marmite-cashew-nuts-90g;Marmite Cashews 90g;£1.50/unit;£1.67/100g;Crisps, nuts & snacking fruit;nuts;588;21.7;20.5;7.2;45.4;7.9;5.4;1.02;
marmite-cheddar-bites-100g;Marmite Cheddar Bites 100g;£1.30/unit;£13.00/kg;Cheese;cheddar-british-regional-cheese;null;null;null;null;null;null;null;null;
marmite-cheddar-bites-100g;Marmite Cheddar Bites 100g;£1.30/unit;£13.00/kg;Cheese;snacking-lunchbox-cheese;null;null;null;null;null;null;null;null;
marmite-crisps-multipack-6x25g;Marmite Crisps 6x25g;£1.70/unit;£1.13/100g;Crisps, nuts & snacking fruit;crisps;null;null;null;null;null;null;null;null;
marmite-rice-cakes-25g;Marmite Rice Cakes 25g;£0.60/unit;£2.40/100g;Biscuits & crackers;biscuits-crackers-kids-lunchbox;391;14.8;77.3;0.8;2.5;0.6;3.5;2.00;
marmite-rice-cakes-25g;Marmite Rice Cakes 25g;£0.60/unit;£2.40/100g;Biscuits & crackers;crackers-savoury-biscuits;391;14.8;77.3;0.8;2.5;0.6;3.5;2.00;
marmite-rice-cakes-25g;Marmite Rice Cakes 25g;£0.60/unit;£2.40/100g;Biscuits & crackers;healthier-biscuits-crackers;391;14.8;77.3;0.8;2.5;0.6;3.5;2.00;
marmite-squeezable-400g;Marmite Squeezy Yeast Extract 400g;£4.50/unit;£1.13/100g;Jams, honey & spreads;marmite-yeast-extracts;null;null;null;null;null;null;null;null;
marmite-squeezy-200g;Marmite Squeezy Yeast Extract 200g;£2.50/unit;£1.25/100g;Jams, honey & spreads;marmite-yeast-extracts;null;null;null;null;null;null;null;null;
mars---friends-large-easter-egg-347g;Mars & Friends Large Easter Egg 327g;£3.00/unit;£0.86/100g;Confectionery;easter-eggs;529;7.0;59.2;58.7;28.9;17.3;null;0.26;
mars-bar-58g;Mars Bar 51g;£0.60/unit;£1.18/100g;Confectionery;chocolate;450;4.3;69.3;59.9;16.9;8.2;null;0.39;
mars-funsize-250g;Mars Funsize 250g;£1.85/unit;£0.74/100g;Confectionery;chocolate;443;3.9;70.9;61.9;15.7;7.7;null;0.43;
mars-ice-cream-bars-x6-306ml;Mars Ice Cream Bars x6 306ml;£2.80/unit;£0.92/100ml;Ice cream & desserts;lollies-bars-cones;null;null;null;null;null;null;null;null;
mars-milk-1l;Mars Milkshake 1L;£1.80/unit;£1.80/ltr;Fresh milk & eggs;flavoured-milk-92153-44;83;3.1;12.8;12.8;2.0;1.3;null;0.21;
mars-milkshake-376ml;Mars Milkshake 376ml;£1.30/unit;£0.35/100ml;Fresh milk & eggs;flavoured-milk-92153-44;70;3.0;9.6;9.6;2.1;1.4;null;0.22;
mars-mix-pouch-140g;Mars Mix Pouch 126g;£1.00/unit;£0.79/100g;Confectionery;chocolate;476;4.7;66.6;59.6;20.9;12.8;null;0.47;
mars-topic-x4-188g;Mars Topic x4 188g;£1.50/unit;£0.80/100g;Confectionery;chocolate;488;6.1;61.6;53.8;23.7;7.8;null;0.39;
mars-variety-mix-fun-size-397g;Mars Variety Mix Fun Size 358g;£3.50/unit;£0.98/100g;Confectionery;chocolate;495;4.5;64.6;48.8;23.9;13.9;null;0.44;
mars-x3-153g-7682052-p-44;Mars x3 153g;£1.00/unit;£0.65/100g;Confectionery;chocolate;450;4.3;69.3;59.9;16.9;8.2;null;0.39;
mars-yogurt-120g;Mars Yogurt 120g;£0.50/unit;£0.42/100g;Yogurts;rice-dessert-style-yogurts;null;null;null;null;null;null;null;null;
marshmallow-fluff-213g;Marshmallow Fluff 213g;£2.00/unit;£0.94/100g;Jams, honey & spreads;chocolate-sweet-spreads;330;1.0;81.0;49.0;0.3;0.0;null;0.1;
marvel-cake-decorations-ultimate-spiderman-sprinkles-77g;Marvel Cake Decorations Ultimate Spiderman Sprinkles 77g;£2.50/unit;£3.25/100g;Sugar & home baking;decorations;398;0.1;97.9;96.7;1.0;0.6;0.1;0.0;
marvel-ultimate-spider-man-cookie-kit-229g;Marvel Ultimate Spider-Man Cookie Kit 229g;£2.50/unit;£10.92/kg;Sugar & home baking;cake-sweet-mixes;414;3.2;79.4;56.8;8.8;3.6;2.2;0.1;
maryland-chocoalte-chip---hazelnut-biscuits-230g;Maryland Chocolate Chip & Hazelnut Biscuits 230g;£1.30/unit;£0.57/100g;Biscuits & crackers;cookies;497;5.6;61.7;32.7;25.2;11.8;2.7;0.64;
maryland-chocoalte-chip---hazelnut-biscuits-230g;Maryland Chocolate Chip & Hazelnut Biscuits 230g;£1.30/unit;£0.57/100g;Biscuits & crackers;everyday-biscuits-shortbread;497;5.6;61.7;32.7;25.2;11.8;2.7;0.64;
maryland-chocolate-chip-cookies-145g;Maryland Chocolate Chip Cookies 145g;£0.90/unit;£0.62/100g;Biscuits & crackers;cookies;487;5.4;63.8;33.5;22.6;10.2;3.5;0.5;
maryland-chocolate-chip-cookies-145g;Maryland Chocolate Chip Cookies 145g;£0.90/unit;£0.62/100g;Biscuits & crackers;everyday-biscuits-shortbread;487;5.4;63.8;33.5;22.6;10.2;3.5;0.5;
maryland-double-chocolate-230g-x20;Maryland Double Chocolate 230g x20;£1.30/unit;£0.57/100g;Biscuits & crackers;cookies;488;5.6;52.6;32.3;23.0;11.4;3.5;0.39;
maryland-double-chocolate-230g-x20;Maryland Double Chocolate 230g x20;£1.30/unit;£0.57/100g;Biscuits & crackers;everyday-biscuits-shortbread;488;5.6;52.6;32.3;23.0;11.4;3.5;0.39;
maryland-gooeys-chocolate-cookies-160g;Maryland Gooeys Chocolate Cookies 160g;£1.50/unit;£0.94/100g;Biscuits & crackers;cookies;504;5;62.3;41.6;25.4;10.4;3;0.7;
maryland-gooeys-chocolate-cookies-160g;Maryland Gooeys Chocolate Cookies 160g;£1.50/unit;£0.94/100g;Biscuits & crackers;everyday-biscuits-shortbread;504;5;62.3;41.6;25.4;10.4;3;0.7;
maryland-gooeys-cookies-chocolate-5x30g;Maryland Gooeys Cookies Chocolate 5x30g;£1.50/unit;£1.00/100g;Biscuits & crackers;biscuits-crackers-kids-lunchbox;504;5;62.3;41.6;25.4;10.4;3;0.7;
maryland-gooeys-cookies-chocolate-5x30g;Maryland Gooeys Cookies Chocolate 5x30g;£1.50/unit;£1.00/100g;Biscuits & crackers;chocolate-biscuits;504;5;62.3;41.6;25.4;10.4;3;0.7;
maryland-gooeys-cookies-chocolate-5x30g;Maryland Gooeys Cookies Chocolate 5x30g;£1.50/unit;£1.00/100g;Biscuits & crackers;cookies;504;5;62.3;41.6;25.4;10.4;3;0.7;
maryland-gooeys-cookies-hazelnut--5x30g;Maryland Gooeys Cookies Hazelnut  5x30g;£1.50/unit;£1.00/100g;Biscuits & crackers;biscuits-crackers-kids-lunchbox;498;5;62.3;41.8;24.7;9.9;3.2;0.6;
maryland-gooeys-cookies-hazelnut--5x30g;Maryland Gooeys Cookies Hazelnut  5x30g;£1.50/unit;£1.00/100g;Biscuits & crackers;chocolate-biscuits;498;5;62.3;41.8;24.7;9.9;3.2;0.6;
maryland-gooeys-cookies-hazelnut--5x30g;Maryland Gooeys Cookies Hazelnut  5x30g;£1.50/unit;£1.00/100g;Biscuits & crackers;cookies;498;5;62.3;41.8;24.7;9.9;3.2;0.6;
maryland-gooeys-hazelnut-160g;Maryland Gooeys Hazelnut Cookies 160g;£1.50/unit;£0.94/100g;Biscuits & crackers;cookies;495;5.4;63.0;39.1;24.0;10.9;2.9;0.59;
maryland-gooeys-hazelnut-160g;Maryland Gooeys Hazelnut Cookies 160g;£1.50/unit;£0.94/100g;Biscuits & crackers;everyday-biscuits-shortbread;495;5.4;63.0;39.1;24.0;10.9;2.9;0.59;
maryland-milk---dark-chocolate-chunk-cookie-snack-packs-x6-150g;Maryland Milk & Dark Chocolate Chunk Cookie Snack Packs x6 150g;£1.50/unit;£1.00/100g;Biscuits & crackers;biscuits-crackers-kids-lunchbox;513;5.2;59.7;34.4;28.0;14.8;2.3;0.8;
maryland-milk---dark-chocolate-chunk-cookie-snack-packs-x6-150g;Maryland Milk & Dark Chocolate Chunk Cookie Snack Packs x6 150g;£1.50/unit;£1.00/100g;Biscuits & crackers;cookies;513;5.2;59.7;34.4;28.0;14.8;2.3;0.8;
maryland-minis-chocolate-chip-cookies-x6;Maryland Minis Chocolate Chip Cookies x6;£1.50/unit;£1.00/100g;Biscuits & crackers;biscuits-crackers-kids-lunchbox;502;5.8;62.5;30.5;25.5;12.9;2.4;0.5;
maryland-minis-chocolate-chip-cookies-x6;Maryland Minis Chocolate Chip Cookies x6;£1.50/unit;£1.00/100g;Biscuits & crackers;cookies;502;5.8;62.5;30.5;25.5;12.9;2.4;0.5;
maryland-soft-caramel---chocolate-cookies-200g;Maryland Soft Caramel & Chocolate Cookies 200g;£1.00/unit;£0.50/100g;Biscuits & crackers;cookies;453;5.2;64.3;40.8;18.7;9.5;3.3;0.6;
maryland-soft-double-chocolate-cookies-200g;Maryland Soft Double Chocolate Cookies 200g;£1.00/unit;£0.50/100g;Biscuits & crackers;cookies;449;5.8;61.7;39.8;19;9.6;3.8;0.6;
matchmakers-mint-151g;Matchmakers Mint 130g;£1.95/unit;£1.50/100g;Confectionery;chocolate;null;null;null;null;null;null;null;null;
matchmakers-mint-151g;Matchmakers Mint 130g;£1.95/unit;£1.50/100g;Confectionery;gifting-boxed-chocolate;null;null;null;null;null;null;null;null;
matchmakers-orange-151g;Matchmakers Orange 130g;£1.95/unit;£1.50/100g;Confectionery;chocolate;null;null;null;null;null;null;null;null;
matchmakers-orange-151g;Matchmakers Orange 130g;£1.95/unit;£1.50/100g;Confectionery;gifting-boxed-chocolate;null;null;null;null;null;null;null;null;
mattesson-original-unsmoked-turkey-rasher-200g;Mattessons Original Unsmoked Turkey Bacon Rasher 200g;£2.45/unit;£12.25/kg;Bacon & gammon;bacon;116;25.9;1.4;1.4;0.8;0.2;0.3;2.3;
mattesson-original-unsmoked-turkey-rasher-200g;Mattessons Original Unsmoked Turkey Bacon Rasher 200g;£2.45/unit;£12.25/kg;Turkey;turkey;116;25.9;1.4;1.4;0.8;0.2;0.3;2.3;
mattessons-double-dippers-classic-90g;Mattessons Chicken Double Dippers Classic 90g;£1.60/unit;£1.78/100g;Cooked meats & snacking;mfp-cooked-chicken-turkey;211;17.2;14.4;3.1;9.2;1.1;0.9;1.4;
mattessons-double-dippers-classic-90g;Mattessons Chicken Double Dippers Classic 90g;£1.60/unit;£1.78/100g;Cooked meats & snacking;mfp-snacking-cooked-sausage;211;17.2;14.4;3.1;9.2;1.1;0.9;1.4;
mattessons-double-dippers-classic-90g;Mattessons Chicken Double Dippers Classic 90g;£1.60/unit;£1.78/100g;Cooked meats, pate & sandwich fillers;cooked-chicken-turkey;211;17.2;14.4;3.1;9.2;1.1;0.9;1.4;
mattessons-double-dippers-classic-90g;Mattessons Chicken Double Dippers Classic 90g;£1.60/unit;£1.78/100g;Cooked meats, pate & sandwich fillers;snacking-cooked-sausage;211;17.2;14.4;3.1;9.2;1.1;0.9;1.4;
mattessons-double-dippers-thai-90g;Mattessons Chicken Double Dippers Thai 90g;£1.60/unit;£1.78/100g;Cooked meats & snacking;mfp-cooked-chicken-turkey;184;15.3;26.7;16.2;1.6;0.7;0.9;1.3;
mattessons-double-dippers-thai-90g;Mattessons Chicken Double Dippers Thai 90g;£1.60/unit;£1.78/100g;Cooked meats & snacking;mfp-snacking-cooked-sausage;184;15.3;26.7;16.2;1.6;0.7;0.9;1.3;
mattessons-double-dippers-thai-90g;Mattessons Chicken Double Dippers Thai 90g;£1.60/unit;£1.78/100g;Cooked meats, pate & sandwich fillers;cooked-chicken-turkey;184;15.3;26.7;16.2;1.6;0.7;0.9;1.3;
mattessons-double-dippers-thai-90g;Mattessons Chicken Double Dippers Thai 90g;£1.60/unit;£1.78/100g;Cooked meats, pate & sandwich fillers;snacking-cooked-sausage;184;15.3;26.7;16.2;1.6;0.7;0.9;1.3;
mattessons-fridge-raiders-roast-flavour-x3-25g;Mattessons Fridge Raiders Roast Chicken Bites x3 25g;£1.50/unit;£2.00/100g;Cooked meats & snacking;mfp-cooked-chicken-turkey;190;21;3.2;1.1;10;2.5;null;1.6;
mattessons-fridge-raiders-roast-flavour-x3-25g;Mattessons Fridge Raiders Roast Chicken Bites x3 25g;£1.50/unit;£2.00/100g;Cooked meats & snacking;mfp-snacking-cooked-sausage;190;21;3.2;1.1;10;2.5;null;1.6;
mattessons-fridge-raiders-roast-flavour-x3-25g;Mattessons Fridge Raiders Roast Chicken Bites x3 25g;£1.50/unit;£2.00/100g;Cooked meats, pate & sandwich fillers;cooked-chicken-turkey;190;21;3.2;1.1;10;2.5;null;1.6;
mattessons-fridge-raiders-roast-flavour-x3-25g;Mattessons Fridge Raiders Roast Chicken Bites x3 25g;£1.50/unit;£2.00/100g;Cooked meats, pate & sandwich fillers;snacking-cooked-sausage;190;21;3.2;1.1;10;2.5;null;1.6;
mattessons-smoked-pork-sausage--original-200g;Mattessons Smoked Pork Sausage, Original 200g;£1.50/unit;£0.75/100g;Cooked meats & snacking;mfp-snacking-cooked-sausage;310;15;0.0;0.0;29;13;null;2.2;
mattessons-smoked-pork-sausage--original-200g;Mattessons Smoked Pork Sausage, Original 200g;£1.50/unit;£0.75/100g;Cooked meats, pate & sandwich fillers;snacking-cooked-sausage;310;15;0.0;0.0;29;13;null;2.2;
mattessons-smoked-pork-sausage-325g;Mattessons Smoked Pork Sausage 325g;£2.50/unit;£0.77/100g;Cooked meats & snacking;mfp-snacking-cooked-sausage;310;15;0.0;0.0;29;13;null;2.2;
mattessons-smoked-pork-sausage-325g;Mattessons Smoked Pork Sausage 325g;£2.50/unit;£0.77/100g;Cooked meats, pate & sandwich fillers;snacking-cooked-sausage;310;15;0.0;0.0;29;13;null;2.2;
mattessons-smoked-pork-sausage-reduced-fat-original-227g;Mattessons Smoked Pork Sausage, Reduced Fat 200g;£1.70/unit;£0.85/100g;Cooked meats & snacking;mfp-snacking-cooked-sausage;240;16;0.0;0.0;20;9.0;null;2.1;
mattessons-smoked-pork-sausage-reduced-fat-original-227g;Mattessons Smoked Pork Sausage, Reduced Fat 200g;£1.70/unit;£0.85/100g;Cooked meats, pate & sandwich fillers;snacking-cooked-sausage;240;16;0.0;0.0;20;9.0;null;2.1;
mattessons-smoked-turkey-rashers-200g;Mattessons Smoked Turkey Bacon Rashers 200g;£2.45/unit;£12.25/kg;Bacon & gammon;bacon;121;26.7;1.6;1.6;0.8;0.3;0.3;2.3;
maxibon-ice-cream-sandwiches-x3-300ml;Maxibon Ice Cream Sandwiches x3 300ml;£2.00/unit;£0.67/100ml;Ice cream & desserts;lollies-bars-cones;196;2.4;22.4;15.4;10.6;7.1;0.8;0.11;
maximuscle-cyclone-milk--chocolate-330ml;MaxiNutrition Cyclone Milk Drink, Chocolate 330ml;£3.00/unit;£0.91/100ml;Fresh milk & eggs;flavoured-milk-92153-44;61;9.1;4.9;4.6;0.25;0.16;0.55;0.13;
maximuscle-maxi-milk-extreme-chocolate-500ml;MaxiNutrition Recovery Protein Milk Drink, Extreme Chocolate 500ml;£4.20/unit;£0.42/50ml;Fresh milk & eggs;flavoured-milk-92153-44;68;10;6.0;5.0;0.3;0.2;0.5;null;
maximuscle-maxi-milk-extreme-strawberry-500ml;MaxiNutrition Recovery Protein Milk Drink, Extreme Strawberry 500ml;£4.20/unit;£0.42/50ml;Fresh milk & eggs;flavoured-milk-92153-44;62;10;5.0;5.0;0.2;0.1;0;null;
maxitone-sculptress--strawberry-330ml;Maxitone Sculptress Drink, Strawberry 330ml;£2.50/unit;£0.76/100ml;Fresh milk & eggs;flavoured-milk-92153-44;65.0;6.9;4.9;3.9;2.0;0.3;1.0;0.2;
maynards-discovery-myths---monsters-sweets-160g;Maynards Discovery Myths & Monsters Sweets 160g;£1.50/unit;£0.94/100g;Confectionery;sweets;325;3.8;76.5;65.5;0.2;0.1;null;0.03;
maynards-sour-patch-kids-160g;Maynards Sour Patch Kids 160g;£1.50/unit;£0.94/100g;Confectionery;sweets;325;2.8;78.5;58.5;0.1;0.1;0.0;0.03;
maynards-wine-gums-460g;Maynards Wine Gums 460g;£2.00/unit;£0.43/100g;Confectionery;gifting-boxed-chocolate;325;5.7;75.4;57.3;0.2;0.2;0.0;0.05;
maynards-wine-gums-460g;Maynards Wine Gums 460g;£2.00/unit;£0.43/100g;Confectionery;sweets;325;5.7;75.4;57.3;0.2;0.2;0.0;0.05;
maynards-wine-gums-4x52g;Maynards Wine Gums 4x52g;£1.60/unit;£0.77/100g;Confectionery;sweets;325;5.7;75.4;57.3;0.2;0.2;0.0;0.05;
maynards-wine-gums-52g;Maynards Wine Gums 52g;£0.60/unit;£1.15/100g;Confectionery;sweets;325;5.7;75.4;57.3;0.2;0.2;0.0;0.05;
mazola-corn-oil--pure-1ltr;Mazola Corn Oil, Pure 1ltr;£2.00/unit;£0.20/100ml;Cooking ingredients & oils;oils;829;0;0;0;92.1;13.3;0;null;
mazola-rapeseed-oil-1l;Mazola Rapeseed Oil 1L;£2.00/unit;£0.20/100ml;Cooking ingredients & oils;oils;825;0;0;0;91.7;6.1;0;null;
mccain-crinkle-cut-oven-chips-907g;McCain Crinkle Cut Oven Chips 907g;£1.75/unit;£1.93/kg;Chips & potatoes;chips-potatoes;145;2.4;25.5;0.6;3.0;0.3;3.2;0.1;
mccain-crispy-french-fries-14kg;McCain Crispy French Fries 1.4kg;£2.00/unit;£1.43/kg;Chips & potatoes;chips-potatoes;211;2.8;32.9;0.2;6.9;0.8;2.9;0.5;
mccain-crispy-french-fries-900g;McCain Crispy French Fries 900g;£2.00/unit;£2.22/kg;Chips & potatoes;chips-potatoes;260;4.1;38.4;0.5;10.0;1.3;2.6;1.0;
mccain-fries-to-go-3x90g;Fries to Go 3x90g;£2.00/unit;£7.41/kg;Chips & potatoes;chips-potatoes;281;3.3;46.1;1.4;8.2;0.9;4.2;0.4;
mccain-hash-browns-625g;McCain Hash Browns 625g;£1.00/unit;£1.60/kg;Chips & potatoes;chips-potatoes;174;1.9;24.7;0.5;6.9;0.8;2.7;1.1;
mccain-home-chips--crinkle-cut-15kg;McCain Home Chips, Crinkle Cut 1.5kg;£2.50/unit;£1.67/kg;Chips & potatoes;chips-potatoes;183;2.6;24.5;0.6;5.2;0.6;2.8;0.6;
mccain-home-chips--crinkle-cut-900g;McCain Home Chips, Crinkle Cut 900g;£1.75/unit;£1.94/kg;Chips & potatoes;chips-potatoes;183;2.6;24.5;0.6;5.2;0.6;2.8;0.6;
mccain-home-chips--straight-cut-15kg;McCain Home Chips, Straight Cut 1.5kg;£2.50/unit;£1.67/kg;Chips & potatoes;chips-potatoes;170;2.7;28.2;0.5;4.5;0.5;2.6;0.5;
mccain-home-chips--straight-cut-225kg;McCain Home Chips, Straight Cut 2.25kg;£3.60/unit;£1.60/kg;Chips & potatoes;chips-potatoes;170;2.7;28.2;0.5;4.5;0.5;2.6;0.5;
mccain-home-chips--straight-cut-900g;McCain Home Chips, Straight Cut 900g;£1.75/unit;£1.94/kg;Chips & potatoes;chips-potatoes;170;2.7;28.2;0.5;4.5;0.5;2.6;0.5;
mccain-home-fries-chunky-1kg;McCain Home Chips, Chunky Cut 1kg;£2.20/unit;£2.20/kg;Chips & potatoes;chips-potatoes;135;2.0;23.5;0.4;3.1;0.4;2.5;0.4;
mccain-lightly-spiced-wedges-750g;McCain Lightly Spiced Wedges 750g;£2.00/unit;£2.67/kg;Chips & potatoes;chips-potatoes;170;2.2;25.3;0.9;5.9;0.7;3.1;0.7;
mccain-micro-chips-crinkle-cut-x4-100g;McCain Micro Chips, Crinkle Cut x4 100g;£1.80/unit;£4.50/kg;Chips & potatoes;chips-potatoes;158;2.4;2.6;0.4;4.3;0.5;2.8;0.1;
mccain-micro-chips-straight-cut-x4-100g;McCain Micro Chips, Straight Cut x4 100g;£1.80/unit;£4.50/kg;Chips & potatoes;chips-potatoes;174;2.6;29.5;0.3;4.5;0.6;2.5;0.1;
mccain-oven-chips--crinkle-cut-15kg;McCain Oven Chips, Crinkle Cut 1.5kg;£2.50/unit;£1.67/kg;Chips & potatoes;chips-potatoes;145;2.4;25.5;0.6;3.0;0.3;3.2;0.1;
mccain-oven-chips--straight-cut-15kg;McCain Oven Chips, Straight Cut 1.5kg;£2.50/unit;£1.67/kg;Chips & potatoes;chips-potatoes;157;2.3;28;0.6;3.4;0.4;2.6;0.1;
mccain-oven-chips--straight-cut-907g;McCain Oven Chips, Straight Cut 907g;£1.75/unit;£1.93/kg;Chips & potatoes;chips-potatoes;157;2.3;28;0.6;3.4;0.4;2.6;0.1;
mccain-quick-cook-french-fries-750g;McCain Quick Cook French Fries 750g;£2.50/unit;£3.33/kg;Chips & potatoes;chips-potatoes;247;2.4;36.1;0.9;9.6;1.0;3.5;0.3;
mccain-ready-baked-jackets-2-pack-400g;McCain Ready Baked Jacket Potatoes x2 400g;£1.60/unit;£4.00/kg;Chips & potatoes;chips-potatoes;95;1.7;20.9;2.1;0.5;0;1.4;0.1;
mccain-ready-baked-jackets-potatoes-x4-800g;McCain Ready Baked Jacket Potatoes x4 800g;£2.50/unit;£3.13/kg;Chips & potatoes;chips-potatoes;95;1.7;20.9;2.1;0.5;0;1.4;0.1;
mccain-roast-garlic-wedges-750g;Mccain Roast Garlic Wedges 750g;£2.00/unit;£2.67/kg;Chips & potatoes;chips-potatoes;201;2.8;30.6;0.5;6.7;0.8;3.2;0.7;
mccain-roast-potatoes-750g;McCain Roast Potatoes 750g;£1.50/unit;£0.20/100g;Chips & potatoes;chips-potatoes;163;2.8;28.4;0.5;3.8;0.5;2.4;0.5;
mccain-rustic-oven-chips-1kg;McCain Oven Chips, Rustic 1kg;£1.80/unit;£1.80/kg;Chips & potatoes;chips-potatoes;130;2.1;24.2;0.5;2.1;0.2;2.9;0.1;
mccain-simply-gorgeous-chips-550g;McCain Gorgeous Chips 550g;£3.00/unit;£5.45/kg;Chips & potatoes;chips-potatoes;225;2.1;26.7;0.3;11.6;4.7;2.7;0.5;
mccain-smiles-600g;McCain Smiles 600g;£2.00/unit;£3.33/kg;Chips & potatoes;chips-potatoes;194;2.1;28.7;0.3;7.2;0.8;3.0;0.3;
mccain-southern-fries-750g;Mccain Southern Fries 750g;£1.80/unit;£2.40/kg;Chips & potatoes;chips-potatoes;192;2.6;27.9;0.5;7.4;0.9;1.8;0.7;
mccoys-cheddar---onion-50g;McCoy's Cheddar & Onion Crisps 50g;£0.75/unit;£1.50/100g;Crisps, nuts & snacking fruit;crisps;524;6.8;54;3.7;30;2.8;4.1;1.5;
mccoys-cheddar---onion-6x32g;McCoy's Cheddar & Onion Crisps 6x32g;£1.80/unit;£1.00/100g;Crisps, nuts & snacking fruit;crisps;524;6.8;54;3.7;30;2.8;4.1;1.5;
mccoys-classic-variety-pack-crisps-6x32g;McCoy's Classic Variety Pack Crisps 6x32g;£1.80/unit;£1.00/100g;Crisps, nuts & snacking fruit;crisps;524;6.4;54;0.9;31;2.8;3.9;2.0;
mccoys-flame-grilled-steak-50g;McCoy's Flame Grilled Steak Crisps 50g;£0.75/unit;£1.50/100g;Crisps, nuts & snacking fruit;crisps;526;6.9;53;2.3;31;2.8;3.9;1.5;
mccoys-flame-grilled-steak-6x32g;McCoy's Flame Grilled Steak Crisps 6x32g;£1.80/unit;£1.00/100g;Crisps, nuts & snacking fruit;crisps;526;6.9;53;2.3;31;2.8;3.9;1.5;
mccoys-meaty-variety-6x32g;McCoy's Meaty Variety Pack Crisps 6x32g;£1.80/unit;£1.00/100g;Crisps, nuts & snacking fruit;crisps;531;7.0;55;2.9;30;2.7;3.9;1.5;
mccoys-salt---vinegar-6x32g;McCoy's Salt & Vinegar Crisps 6x32g;£1.80/unit;£1.00/100g;Crisps, nuts & snacking fruit;crisps;524;6.4;5.4;0.9;31;2.8;3.9;2;
mccoys-spicy-x6-192g;McCoy's Spicy Variety Pack Crisps 6x30g;£1.80/unit;£1.00/100g;Crisps, nuts & snacking fruit;crisps;523;6.7;54;3.9;30;2.7;4.1;1.3;
mcdougalls-00-flour-1kg;McDougall's 00 Flour 1kg;£1.80/unit;£1.80/kg;Sugar & home baking;flour;332;11.0;69.3;1.3;1.4;0.2;3.1;null;
mcdougalls-batter-mix-128g;McDougall's Batter Mix 128g;£0.40/unit;£3.13/kg;Cooking ingredients & oils;cooking-ingredients-pastry-savoury-mixes;263;7.6;35.9;2.4;9.4;1.1;2.3;0.5;
mcdougalls-batter-mix-128g;McDougall's Batter Mix 128g;£0.40/unit;£3.13/kg;Sugar & home baking;cake-sweet-mixes;263;7.6;35.9;2.4;9.4;1.1;2.3;0.5;
mcdougalls-batter-mix-128g;McDougall's Batter Mix 128g;£0.40/unit;£3.13/kg;Sugar & home baking;pastry-savoury-mixes;263;7.6;35.9;2.4;9.4;1.1;2.3;0.5;
mcdougalls-crumble-mix-450g;McDougall's Crumble Mix 450g;£1.00/unit;£2.22/kg;Sugar & home baking;cake-sweet-mixes;447;5.2;67.5;29.4;16.9;6.9;1.8;0.50;
mcdougalls-crumble-mix-450g;McDougall's Crumble Mix 450g;£1.00/unit;£2.22/kg;Sugar & home baking;pastry-savoury-mixes;447;5.2;67.5;29.4;16.9;6.9;1.8;0.50;
mcdougalls-plain-flour-500g;McDougall's Plain Flour 500g;£0.80/unit;£1.60/kg;Sugar & home baking;flour;340;10.4;70.1;1.4;1.3;0.2;3.2;0;
mcdougalls-self-raising-flour-500g;McDougall's Self Raising Flour 500g;£0.80/unit;£1.60/kg;Sugar & home baking;flour;330;9.9;67.9;1.3;1.4;0.2;3.0;0.75;
mcdougalls-shortcrust-pastry-mix-450g;McDougall's Shortcrust Pastry Mix 450g;£1.00/unit;£2.22/kg;Cooking ingredients & oils;cooking-ingredients-pastry-savoury-mixes;453;6.8;52.5;1.1;23.4;9.9;2.4;1.10;
mcdougalls-shortcrust-pastry-mix-450g;McDougall's Shortcrust Pastry Mix 450g;£1.00/unit;£2.22/kg;Sugar & home baking;cake-sweet-mixes;453;6.8;52.5;1.1;23.4;9.9;2.4;1.10;
mcdougalls-shortcrust-pastry-mix-450g;McDougall's Shortcrust Pastry Mix 450g;£1.00/unit;£2.22/kg;Sugar & home baking;pastry-savoury-mixes;453;6.8;52.5;1.1;23.4;9.9;2.4;1.10;
mcdougalls-supreme-self-raising-sponge-flour-1kg;McDougall's Supreme Self Raising Sponge Flour 1kg;£1.80/unit;£1.80/kg;Sugar & home baking;flour;351;8.0;76.7;1.5;1.4;0.2;1.1;null;
mcdougalls-thickening-granules-170g;McDougall's Thickening Granules 170g;£0.70/unit;£4.12/kg;Cooking ingredients & oils;cooking-ingredients-pastry-savoury-mixes;463;0;73.7;25.6;18.7;12.8;0;0;
mcdougalls-thickening-granules-170g;McDougall's Thickening Granules 170g;£0.70/unit;£4.12/kg;Sugar & home baking;baking-ingredients---colourings;463;0;73.7;25.6;18.7;12.8;0;0;
mcdougalls-thickening-granules-170g;McDougall's Thickening Granules 170g;£0.70/unit;£4.12/kg;Sugar & home baking;flour;463;0;73.7;25.6;18.7;12.8;0;0;
mcdougalls-thickening-granules-170g;McDougall's Thickening Granules 170g;£0.70/unit;£4.12/kg;Sugar & home baking;pastry-savoury-mixes;463;0;73.7;25.6;18.7;12.8;0;0;
mcvities-bn-chocolate-295g;McVitie's Bn Chocolate 295g;£1.50/unit;£0.51/100g;Biscuits & crackers;biscuits-crackers-kids-lunchbox;465;6.5;70.2;32.2;16.8;9.4;3.5;0.5;
mcvities-bn-chocolate-295g;McVitie's Bn Chocolate 295g;£1.50/unit;£0.51/100g;Biscuits & crackers;chocolate-biscuits;465;6.5;70.2;32.2;16.8;9.4;3.5;0.5;
mcvities-bn-raspberry-295g;McVitie's Bn Raspberry 295g;£1.50/unit;£0.51/100g;Biscuits & crackers;biscuits-crackers-kids-lunchbox;396;5.5;72.9;36.1;8.6;4.1;2.6;0.5;
mcvities-breakfast-biscuits-oat---yoghurt-253g;McVitie's Breakfast Biscuits Oat & Yoghurt 253g;£2.00/unit;£0.79/100g;Biscuits & crackers;cereal-bars-breakfast-biscuits;489;9.0;63.7;26.5;21.3;9.3;2.9;0.8;
mcvities-breakfast-biscuits-oat---yoghurt-253g;McVitie's Breakfast Biscuits Oat & Yoghurt 253g;£2.00/unit;£0.79/100g;Biscuits & crackers;healthier-biscuits-crackers;489;9.0;63.7;26.5;21.3;9.3;2.9;0.8;
mcvities-breakfast-biscuits-oat---yoghurt-253g;McVitie's Breakfast Biscuits Oat & Yoghurt 253g;£2.00/unit;£0.79/100g;Breakfast cereals;breakfast-cereal-bars-breakfast-biscuits;489;9.0;63.7;26.5;21.3;9.3;2.9;0.8;
mcvities-breakfast-biscuits-raspberry---yoghurt-253g;McVitie's Breakfast Biscuits Raspberry & Yoghurt 253g;£2.00/unit;£0.79/100g;Biscuits & crackers;cereal-bars-breakfast-biscuits;487;9.1;63.5;25.7;21.1;9.3;3.2;0.7;
mcvities-breakfast-biscuits-raspberry---yoghurt-253g;McVitie's Breakfast Biscuits Raspberry & Yoghurt 253g;£2.00/unit;£0.79/100g;Biscuits & crackers;healthier-biscuits-crackers;487;9.1;63.5;25.7;21.1;9.3;3.2;0.7;
mcvities-breakfast-biscuits-raspberry---yoghurt-253g;McVitie's Breakfast Biscuits Raspberry & Yoghurt 253g;£2.00/unit;£0.79/100g;Breakfast cereals;breakfast-cereal-bars-breakfast-biscuits;487;9.1;63.5;25.7;21.1;9.3;3.2;0.7;
mcvities-breakfast-oats-biscuits--apple--sultana---cinnamon-x6;McVitie's Breakfast Oats Biscuits, Apple, Sultana & Cinnamon x6;£2.00/unit;£0.67/100g;Biscuits & crackers;cereal-bars-breakfast-biscuits;447;9.2;70;25.1;13.3;3.7;5.3;1;
mcvities-breakfast-oats-biscuits--apple--sultana---cinnamon-x6;McVitie's Breakfast Oats Biscuits, Apple, Sultana & Cinnamon x6;£2.00/unit;£0.67/100g;Breakfast cereals;breakfast-cereal-bars-breakfast-biscuits;447;9.2;70;25.1;13.3;3.7;5.3;1;
mcvities-breakfast-oats-biscuits--oat---honey-6x4;McVitie's Breakfast Oats Biscuits, Oat & Honey 6x4;£2.00/unit;£0.67/100g;Biscuits & crackers;cereal-bars-breakfast-biscuits;452;9.6;69.5;23.3;14.0;3.9;4.6;1.0;
mcvities-breakfast-oats-biscuits--oat---honey-6x4;McVitie's Breakfast Oats Biscuits, Oat & Honey 6x4;£2.00/unit;£0.67/100g;Breakfast cereals;breakfast-cereal-bars-breakfast-biscuits;452;9.6;69.5;23.3;14.0;3.9;4.6;1.0;
mcvities-breakfast-oats-biscuits--red-berries-300g;McVitie's Breakfast Oats Biscuits, Red Berries 300g;£2.00/unit;£0.67/100g;Biscuits & crackers;cereal-bars-breakfast-biscuits;452;9.6;70.0;23.6;13.8;3.8;5.1;1.0;
mcvities-breakfast-oats-biscuits--red-berries-300g;McVitie's Breakfast Oats Biscuits, Red Berries 300g;£2.00/unit;£0.67/100g;Breakfast cereals;breakfast-cereal-bars-breakfast-biscuits;452;9.6;70.0;23.6;13.8;3.8;5.1;1.0;
mcvities-cafe-noir-200g;McVitie's Cafe Noir 200g;£1.00/unit;£0.50/100g;Biscuits & crackers;everyday-biscuits-shortbread;377;3.3;80.8;54.5;4.3;2.1;0.8;0.37;
mcvities-cafe-noir-200g;McVitie's Cafe Noir 200g;£1.00/unit;£0.50/100g;Biscuits & crackers;luxury-continental-biscuits;377;3.3;80.8;54.5;4.3;2.1;0.8;0.37;
mcvities-cheddars-carton-185g;McVitie's Cheddars Carton 185g;£1.30/unit;£0.70/100g;Biscuits & crackers;biscuits-crackers-sharing-bags-assortments;529;11.2;48.7;5.5;31.4;15.5;3.0;1.6;
mcvities-cheddars-carton-185g;McVitie's Cheddars Carton 185g;£1.30/unit;£0.70/100g;Biscuits & crackers;crackers-savoury-biscuits;529;11.2;48.7;5.5;31.4;15.5;3.0;1.6;
mcvities-cheddars-cheese-biscuits-150g;McVitie's Cheddars Cheese Biscuits 150g;£1.10/unit;£0.73/100g;Biscuits & crackers;crackers-savoury-biscuits;525;10.8;47.0;5.3;31.8;15.7;2.9;1.6;
mcvities-chocolate-digestive-slice-54g;McVitie's Chocolate Digestive Slice 54g;£0.90/unit;£0.90/ea;Cakes;flapjacks-traybakes-bites;500;4.4;59.3;37.1;26.8;13.1;1.9;0.8;
mcvities-chocolate-hobnob-flapjack;McVitie's Chocolate Hobnob Flapjack 59g;£0.90/unit;£0.90/ea;Cakes;flapjacks-traybakes-bites;441;6.3;62.1;34.6;17.5;8.8;5.0;0.5;
mcvities-crawfords-marie-200g;McVitie's Crawfords Marie 200g;£1.20/unit;£0.60/100g;Biscuits & crackers;everyday-biscuits-shortbread;458;7.0;71.0;20.4;15.6;7.3;2.9;1.1;
mcvities-crawfords-marie-200g;McVitie's Crawfords Marie 200g;£1.20/unit;£0.60/100g;Biscuits & crackers;healthier-biscuits-crackers;458;7.0;71.0;20.4;15.6;7.3;2.9;1.1;
mcvities-dark-chocolate-digestive-biscuits-332g;McVitie's Dark Chocolate Digestive Biscuits 332g;£1.50/unit;£0.45/100g;Biscuits & crackers;chocolate-biscuits;495;6.0;60.8;27.6;24.2;12.8;4.2;0.9;
mcvities-digestive-500g-x2;McVitie's Digestive 500g x2;£2.00/unit;£0.20/100g;Biscuits & crackers;everyday-biscuits-shortbread;481;7.2;62.9;16.6;21.3;10.1;3.6;1.3;
mcvities-digestive-biscuits-250g;McVitie's Digestive Biscuits 250g;£0.80/unit;£0.32/100g;Biscuits & crackers;everyday-biscuits-shortbread;481;7.2;62.9;16.6;21.3;10.1;3.6;1.3;
mcvities-digestive-biscuits-500g;McVitie's Digestive Biscuits 500g;£1.15/unit;£0.23/100g;Biscuits & crackers;everyday-biscuits-shortbread;481;7.2;62.9;16.6;21.3;10.1;3.6;1.3;
mcvities-digestive-slices-caramels-x6-144g;McVitie's Digestive Slices Caramels x6 144g;£1.45/unit;£0.24/ea;Cakes;slices-pies-tarts;484;4.2;58.0;38.4;25.8;14.0;1.6;0.7;
mcvities-digestive-slices-caramels-x6-144g;McVitie's Digestive Slices Caramels x6 144g;£1.45/unit;£0.24/ea;Confectionery;cake-slices;484;4.2;58.0;38.4;25.8;14.0;1.6;0.7;
mcvities-digestive-slices-x6;McVitie's Digestive Slices x6;£1.45/unit;£0.24/ea;Cakes;slices-pies-tarts;500;4.4;59.3;37.1;26.8;13.1;1.9;0.8;
mcvities-digestive-slices-x6;McVitie's Digestive Slices x6;£1.45/unit;£0.24/ea;Confectionery;cake-slices;500;4.4;59.3;37.1;26.8;13.1;1.9;0.8;
mcvities-double-chocolate-digestives-300g;McVitie's Double Chocolate Digestives 300g;£1.50/unit;£0.50/100g;Biscuits & crackers;chocolate-biscuits;497;6.5;60.9;30.9;24.3;12.9;3.6;1.0;
mcvities-fruit-shortcake-200g;McVitie's Fruit Shortcake 200g;£1.15/unit;£0.58/100g;Biscuits & crackers;everyday-biscuits-shortbread;462;5.6;65.9;26.3;18.9;6.3;3.1;0.9;
mcvities-galaxy-cake-bars-x5;McVitie's Galaxy Cake Bars x5;£1.00/unit;£0.20/ea;Cakes;cake-bars-mini-rolls;485;4.9;56.8;45.0;26.8;13.5;null;0.5;
mcvities-galaxy-cake-bars-x5;McVitie's Galaxy Cake Bars x5;£1.00/unit;£0.20/ea;Confectionery;cake-slices;485;4.9;56.8;45.0;26.8;13.5;null;0.5;
mcvities-galaxy-caramel-cake-bars-x5;McVitie's Galaxy Caramel Cake Bars x5;£1.45/unit;£0.29/ea;Cakes;cake-bars-mini-rolls;440;5.7;58.7;44.1;20.5;10.1;null;0.7;
mcvities-galaxy-caramel-cake-bars-x5;McVitie's Galaxy Caramel Cake Bars x5;£1.45/unit;£0.29/ea;Confectionery;cake-slices;440;5.7;58.7;44.1;20.5;10.1;null;0.7;
mcvities-galaxy-mini-muffins-x2;McVitie's Galaxy Mini Muffins x2;£0.90/unit;£0.45/ea;Cakes;muffins-small-cakes;449;5.2;50.7;33.7;25.5;7.9;null;0.62;
mcvities-ginger-nut-250g;McVitie's Ginger Nut 250g;£1.15/unit;£0.46/100g;Biscuits & crackers;everyday-biscuits-shortbread;461;5.5;71.3;30.8;16.6;7.9;2.2;0.9;
mcvities-gingernut-slices-x6;McVitie's Gingernut Slices x6;£1.00/unit;£0.17/ea;Cakes;slices-pies-tarts;478;4.2;65.6;42.8;21.8;10.8;1.5;0.8;
mcvities-gingernut-slices-x6;McVitie's Gingernut Slices x6;£1.00/unit;£0.17/ea;Confectionery;cake-slices;478;4.2;65.6;42.8;21.8;10.8;1.5;0.8;
mcvities-go-ahead-apple-bakes-x6-210g;Go Ahead Apple Bakes x6 210g;£2.00/unit;£0.95/100g;Biscuits & crackers;biscuits-crackers-kids-lunchbox;380;3.4;73.0;35.4;8.3;3.8;3.9;0.6;
mcvities-go-ahead-apple-bakes-x6-210g;Go Ahead Apple Bakes x6 210g;£2.00/unit;£0.95/100g;Biscuits & crackers;cereal-bars-breakfast-biscuits;380;3.4;73.0;35.4;8.3;3.8;3.9;0.6;
mcvities-go-ahead-apple-bakes-x6-210g;Go Ahead Apple Bakes x6 210g;£2.00/unit;£0.95/100g;Biscuits & crackers;healthier-biscuits-crackers;380;3.4;73.0;35.4;8.3;3.8;3.9;0.6;
mcvities-go-ahead-apple-bakes-x6-210g;Go Ahead Apple Bakes x6 210g;£2.00/unit;£0.95/100g;Breakfast cereals;breakfast-cereal-bars-breakfast-biscuits;380;3.4;73.0;35.4;8.3;3.8;3.9;0.6;
mcvities-gold-chocolate-bar-x9-205g;McVitie's Gold Chocolate Bar x9 205g;£1.40/unit;£0.68/100g;Biscuits & crackers;biscuits-crackers-kids-lunchbox;516;6.4;64.2;49.8;25.8;20.7;0.7;0.49;
mcvities-gold-chocolate-bar-x9-205g;McVitie's Gold Chocolate Bar x9 205g;£1.40/unit;£0.68/100g;Biscuits & crackers;chocolate-biscuits;516;6.4;64.2;49.8;25.8;20.7;0.7;0.49;
mcvities-hobnobs-300g;McVitie's HobNobs 300g;£1.15/unit;£0.38/100g;Biscuits & crackers;everyday-biscuits-shortbread;470;7.3;61.4;25.5;20.3;2.1;6.1;0.8;
mcvities-hobnobs-chocolate-chip-300g;McVitie's Hobnobs Chocolate Chip 300g;£1.30/unit;£0.43/100g;Biscuits & crackers;chocolate-biscuits;null;null;null;null;null;null;null;null;
mcvities-hobnobs-chocolate-flapjacks-x5;McVitie's Hobnobs Chocolate Flapjacks x5;£1.45/unit;£0.29/ea;Cakes;flapjacks-traybakes-bites;440;6.3;62.1;34.2;17.4;8.7;5.0;0.5;
mcvities-hobnobs-chocolate-flapjacks-x5;McVitie's Hobnobs Chocolate Flapjacks x5;£1.45/unit;£0.29/ea;Confectionery;cake-slices;440;6.3;62.1;34.2;17.4;8.7;5.0;0.5;
mcvities-hobnobs-dark-chocolate-300g;McVitie's HobNobs Dark Chocolate 262g;£1.50/unit;£0.57/100g;Biscuits & crackers;chocolate-biscuits;492;6.5;59.6;31.4;23.8;11.9;6.2;0.7;
mcvities-hobnobs-milk-chocolate-262g;McVitie's HobNobs Milk Chocolate 262g;£1.50/unit;£0.57/100g;Biscuits & crackers;chocolate-biscuits;491;7.1;60.8;33.0;23.3;11.5;5.1;0.7;
mcvities-hobnobs-milk-chocolate-2x242g;McVitie's HobNobs Milk Chocolate 2x242g;£2.50/unit;£0.52/100g;Biscuits & crackers;chocolate-biscuits;491;7.1;60.8;33.0;23.3;11.5;5.1;0.7;
mcvities-jaffa-cake-bars-x5;McVitie's Jaffa Cake Bars x5;£1.00/unit;£0.20/ea;Cakes;cake-bars-mini-rolls;395;3.1;62.9;47.9;14.5;7.6;2.5;0.5;
mcvities-jaffa-cake-bars-x5;McVitie's Jaffa Cake Bars x5;£1.00/unit;£0.20/ea;Confectionery;cake-slices;395;3.1;62.9;47.9;14.5;7.6;2.5;0.5;
mcvities-jaffa-cakes--mini-x6-238g;McVitie's Jaffa Cakes, Mini x6 238g;£1.75/unit;£0.74/100g;Biscuits & crackers;biscuits-crackers-kids-lunchbox;391;4.3;69.6;50.9;10.3;4.4;2.1;0.2;
mcvities-jaffa-cakes--mini-x6-238g;McVitie's Jaffa Cakes, Mini x6 238g;£1.75/unit;£0.74/100g;Biscuits & crackers;chocolate-biscuits;391;4.3;69.6;50.9;10.3;4.4;2.1;0.2;
mcvities-jaffa-cakes-snack-pack-40g;McVitie's Jaffa Cakes Snack Pack 40g;£0.60/unit;£1.50/100g;Biscuits & crackers;biscuits-crackers-kids-lunchbox;374;4.8;70.6;52.5;8.0;4.0;2.1;0.3;
mcvities-jaffa-cakes-snack-pack-40g;McVitie's Jaffa Cakes Snack Pack 40g;£0.60/unit;£1.50/100g;Biscuits & crackers;chocolate-biscuits;374;4.8;70.6;52.5;8.0;4.0;2.1;0.3;
mcvities-jaffa-cakes-the-big-one;McVitie's Jaffa Cakes 'the Big One';£8.00/unit;£11.43/kg;Celebration cakes;celebration-cakes;373;4.1;64.9;39.7;11.1;6.8;1.4;0.5;
mcvities-jaffa-cakes-tube-187g;McVitie's Jaffa Cakes Tube 187g;£1.50/unit;£0.10/ea;Biscuits & crackers;biscuits-crackers-sharing-bags-assortments;380;4.9;70.8;52.5;8.0;4.1;2.2;0.24;
mcvities-jaffa-cakes-tube-187g;McVitie's Jaffa Cakes Tube 187g;£1.50/unit;£0.10/ea;Biscuits & crackers;chocolate-biscuits;380;4.9;70.8;52.5;8.0;4.1;2.2;0.24;
mcvities-jaffa-cakes-x36-423g;McVitie's Jaffa Cakes x36 423g;£2.00/unit;£0.05/ea;Biscuits & crackers;biscuits-crackers-kids-lunchbox;380;4.9;70.8;52.5;8.0;4.1;2.2;0.24;
mcvities-jaffa-cakes-x36-423g;McVitie's Jaffa Cakes x36 423g;£2.00/unit;£0.05/ea;Biscuits & crackers;chocolate-biscuits;380;4.9;70.8;52.5;8.0;4.1;2.2;0.24;
mcvities-jaffa-mini-rolls-x6;McVitie's Jaffa Mini Rolls x6;£1.45/unit;£0.24/ea;Cakes;cake-bars-mini-rolls;374;3.5;67.1;50.2;10.1;5.7;2.3;0.3;
mcvities-jaffa-mini-rolls-x6;McVitie's Jaffa Mini Rolls x6;£1.45/unit;£0.24/ea;Confectionery;cake-slices;374;3.5;67.1;50.2;10.1;5.7;2.3;0.3;
mcvities-jaffa-twin-pack-2x150g;McVitie's Jaffa Twin Pack 2x150g;£1.80/unit;£0.08/ea;Biscuits & crackers;biscuits-crackers-kids-lunchbox;380;4.9;70.8;52.5;8.0;4.1;2.2;0.24;
mcvities-jaffa-twin-pack-2x150g;McVitie's Jaffa Twin Pack 2x150g;£1.80/unit;£0.08/ea;Biscuits & crackers;chocolate-biscuits;380;4.9;70.8;52.5;8.0;4.1;2.2;0.24;
mcvities-jamaica-ginger-cake;McVitie's Jamaica Ginger Cake;£1.40/unit;£0.57/100g;Cakes;sponge-slab-loaf-cakes;362;3.7;63.1;37.6;10.4;3.2;1.6;0.61;
mcvities-light-digestive-biscuits-400g;McVitie's Light Digestive Biscuits 400g;£1.10/unit;£0.28/100g;Biscuits & crackers;everyday-biscuits-shortbread;447;7.3;69.7;20.2;14.4;1.5;3.6;1.2;
mcvities-light-digestive-biscuits-400g;McVitie's Light Digestive Biscuits 400g;£1.10/unit;£0.28/100g;Biscuits & crackers;healthier-biscuits-crackers;447;7.3;69.7;20.2;14.4;1.5;3.6;1.2;
mcvities-light-rich-tea-300g;Mcvitie's Light Rich Tea 300g;£1.15/unit;£0.38/100g;Biscuits & crackers;everyday-biscuits-shortbread;436;7.6;75.5;20.3;10.8;1.2;3.1;0.9;
mcvities-light-rich-tea-300g;Mcvitie's Light Rich Tea 300g;£1.15/unit;£0.38/100g;Biscuits & crackers;healthier-biscuits-crackers;436;7.6;75.5;20.3;10.8;1.2;3.1;0.9;
mcvities-lyles-golden-syrup-cake;McVitie's Lyle's Golden Syrup Cake;£1.40/unit;£0.64/100g;Cakes;sponge-slab-loaf-cakes;361;3.8;61.5;38.3;11.0;3.4;1.6;0.92;
mcvities-mars-cake-bars-x5;McVitie's Mars Cake Bars x5;£1.45/unit;£0.90/100g;Cakes;cake-bars-mini-rolls;457;5.3;58.0;45.0;22.9;11.4;null;0.6;
mcvities-mars-cake-bars-x5;McVitie's Mars Cake Bars x5;£1.45/unit;£0.90/100g;Confectionery;cake-slices;457;5.3;58.0;45.0;22.9;11.4;null;0.6;
mcvities-medley-digestives-bars--caramel---milk-chocolate-6x30g;McVitie's Medley Digestives Bars, Caramel & Milk Chocolate 6x30g;£1.50/unit;£0.83/100g;Biscuits & crackers;biscuits-crackers-kids-lunchbox;428;6.1;67.3;32.5;14.5;8.3;3.8;0.7;
mcvities-medley-digestives-bars--caramel---milk-chocolate-6x30g;McVitie's Medley Digestives Bars, Caramel & Milk Chocolate 6x30g;£1.50/unit;£0.83/100g;Biscuits & crackers;cereal-bars-breakfast-biscuits;428;6.1;67.3;32.5;14.5;8.3;3.8;0.7;
mcvities-medley-digestives-bars--caramel---milk-chocolate-6x30g;McVitie's Medley Digestives Bars, Caramel & Milk Chocolate 6x30g;£1.50/unit;£0.83/100g;Biscuits & crackers;healthier-biscuits-crackers;428;6.1;67.3;32.5;14.5;8.3;3.8;0.7;
mcvities-medley-digestives-bars--caramel---milk-chocolate-6x30g;McVitie's Medley Digestives Bars, Caramel & Milk Chocolate 6x30g;£1.50/unit;£0.83/100g;Breakfast cereals;breakfast-cereal-bars-breakfast-biscuits;428;6.1;67.3;32.5;14.5;8.3;3.8;0.7;
mcvities-medley-hobnob-double-chocolate-multipack-6x30g;McVitie's Medley Hobnob Double Chocolate Multipack 6x30g;£1.50/unit;£0.83/100g;Biscuits & crackers;biscuits-crackers-kids-lunchbox;427;5.7;68.8;32.6;14.1;7.7;3.4;0.7;
mcvities-medley-hobnob-double-chocolate-multipack-6x30g;McVitie's Medley Hobnob Double Chocolate Multipack 6x30g;£1.50/unit;£0.83/100g;Biscuits & crackers;cereal-bars-breakfast-biscuits;427;5.7;68.8;32.6;14.1;7.7;3.4;0.7;
mcvities-medley-hobnob-double-chocolate-multipack-6x30g;McVitie's Medley Hobnob Double Chocolate Multipack 6x30g;£1.50/unit;£0.83/100g;Biscuits & crackers;healthier-biscuits-crackers;427;5.7;68.8;32.6;14.1;7.7;3.4;0.7;
mcvities-medley-hobnob-double-chocolate-multipack-6x30g;McVitie's Medley Hobnob Double Chocolate Multipack 6x30g;£1.50/unit;£0.83/100g;Breakfast cereals;breakfast-cereal-bars-breakfast-biscuits;427;5.7;68.8;32.6;14.1;7.7;3.4;0.7;
mcvities-medley-hobnob-raisin---chocolate-6x30g;McVitie's Medley Hobnob Raisin & Chocolate 6x30g;£1.50/unit;£0.83/100g;Biscuits & crackers;chocolate-biscuits;412;5.5;69.8;31.6;12.1;6.5;3.6;0.7;
mcvities-milk-chocolate-digestive-biscuits-2x300g;McVitie's Milk Chocolate Digestive Biscuits 2x300g;£2.50/unit;£0.42/100g;Biscuits & crackers;chocolate-biscuits;495;6.7;62.2;29.5;23.6;12.4;3.0;1.0;
mcvities-milk-chocolate-digestive-caramels-300g;McVitie's Milk Chocolate Digestive Caramels 300g;£1.50/unit;£0.50/100g;Biscuits & crackers;chocolate-biscuits;479;5.6;65.2;31.8;21.7;11.5;2.3;0.9;
mcvities-milk-chocolate-digestives-biscuits-332g;McVitie's Milk Chocolate Digestives Biscuits 332g;£1.50/unit;£0.45/100g;Biscuits & crackers;chocolate-biscuits;495;6.7;62.2;29.5;23.6;12.4;3.0;1.0;
mcvities-mini-cheddars-7x25g;Jacob's Mini Cheddars 7x25g;£1.00/unit;£0.57/100g;Crisps, nuts & snacking fruit;crisps;512;10.6;50.1;5.1;29.2;11.6;2.5;2.5;
mcvities-mini-chocolate-digestives--handy-pack-40g;McVitie's Mini Chocolate Digestives, Handy Pack 40g;£0.60/unit;£1.50/100g;Biscuits & crackers;biscuits-crackers-kids-lunchbox;496;6.8;62.9;29.9;23.2;11.9;3.4;0.8;
mcvities-mini-chocolate-digestives--handy-pack-40g;McVitie's Mini Chocolate Digestives, Handy Pack 40g;£0.60/unit;£1.50/100g;Biscuits & crackers;chocolate-biscuits;496;6.8;62.9;29.9;23.2;11.9;3.4;0.8;
mcvities-mini-cookies-6x25g;McVitie's Mini Cookies 6x25g;£1.50/unit;£1.00/100g;Biscuits & crackers;biscuits-crackers-kids-lunchbox;497;5.5;64.9;32.0;23.3;12.0;3.0;0.8;
mcvities-mini-cookies-6x25g;McVitie's Mini Cookies 6x25g;£1.50/unit;£1.00/100g;Biscuits & crackers;cookies;497;5.5;64.9;32.0;23.3;12.0;3.0;0.8;
mcvities-mini-gingerbread-men-150g;McVitie's Mini Gingerbread Men 150g;£1.50/unit;£1.00/100g;Biscuits & crackers;everyday-biscuits-shortbread;462;5.7;70.6;30.4;16.9;7.9;2.2;0.9;
mcvities-mini-milk-chocolate-digestive-150g;McVitie's Mini Milk Chocolate Digestive 150g;£1.50/unit;£1.00/100g;Biscuits & crackers;biscuits-crackers-kids-lunchbox;496;6.8;62.9;29.9;23.2;11.9;3.4;0.8;
mcvities-mini-milk-chocolate-digestive-150g;McVitie's Mini Milk Chocolate Digestive 150g;£1.50/unit;£1.00/100g;Biscuits & crackers;chocolate-biscuits;496;6.8;62.9;29.9;23.2;11.9;3.4;0.8;
mcvities-orange-choc-digestives-300g;McVitie's Orange Choc Digestives 300g;£1.50/unit;£0.50/100g;Biscuits & crackers;chocolate-biscuits;499;6.5;60.9;29.1;24.7;13.0;2.9;1.1;
mcvities-plain-chocolate-digestive-biscuits-2x400g;McVitie's Plain Chocolate Digestive Biscuits 2x300g;£2.50/unit;£0.42/100g;Biscuits & crackers;chocolate-biscuits;495;6.0;60.8;27.6;24.2;12.8;4.2;0.9;
mcvities-rich-tea-biscuits-300g;McVitie's Rich Tea Biscuits 300g;£1.15/unit;£0.38/100g;Biscuits & crackers;everyday-biscuits-shortbread;459;7.0;71.3;20.2;15.5;1.5;2.9;0.8;
mcvities-rich-tea-x2-300g;Mcvitie's Rich Tea x2 300g;£2.00/unit;£0.33/100g;Biscuits & crackers;everyday-biscuits-shortbread;459;7.0;71.3;20.2;15.5;1.5;2.9;0.8;
mcvities-snickers-duo-flapjack-60g;McVitie's Snickers Duo Flapjack 60g;£1.00/unit;£0.50/ea;Cakes;flapjacks-traybakes-bites;488;8.8;47.2;26.1;28.2;11.1;4.9;0.5;
mcvities-toasting-waffles;McVitie's Toasting Waffles;£1.20/unit;£0.15/ea;Croissants, brioche & pastries;croissants-brioche-pastries;461;5.7;52.6;29.5;25.5;10.2;0.8;0.73;
mcvities-toasting-waffles;McVitie's Toasting Waffles;£1.20/unit;£0.15/ea;Crumpets, breakfast muffins & pancakes;crumpets-breakfast-muffins-pancakes;461;5.7;52.6;29.5;25.5;10.2;0.8;0.73;
me-to-you-cake;Me To You Cake;£3.50/unit;£13.73/kg;Celebration cakes;celebration-cakes;418;2.3;70.5;58.8;14.0;4.3;null;0.39;
me-to-you-celebration-cake;Me To You Celebration Cake;£7.00/unit;£7.00/ea;Celebration cakes;celebration-cakes;407;2.6;67.3;52.5;14.0;4.2;null;0.28;
meadow-garden;Sainsbury's Meadow Garden;£3.00/unit;£3.00/ea;Flowers & seeds;flowers---seeds;null;null;null;null;null;null;null;null;
mediterranean-falafel-300g;Mediterranean Falafel 300g;£2.00/unit;£0.67/100g;World foods, kosher & halal;kosher-chilled-foods;316;9.2;32.0;1.3;18.3;1.3;6.6;1.52;
meenas-premium-jelfrezi-sauce-425g;Meena's Spicy Jelfrezi Sauce 425g;£2.00/unit;£0.47/100g;Cooking sauces & world foods;indian-cooking-sauces;102;1.1;9.4;7.2;6.2;1.3;1.9;0.62;
meenas-premium-korma-sauce-425g;Meena's Creamy Korma Sauce 425g;£2.00/unit;£0.47/100g;Cooking sauces & world foods;indian-cooking-sauces;182;2.2;9.5;7.1;14.5;8.0;2.4;0.75;
meenas-premium-rogan-josh-sauce-425g;Meena's Tangy Rogan Josh Sauce 425g;£2.00/unit;£0.47/100g;Cooking sauces & world foods;indian-cooking-sauces;90;1.3;7.2;5.4;6.2;1.6;1.5;null;
meenas-premium-tikka-masala-sauce-425g;Meena's Tikka Masala Sauce 425g;£2.00/unit;£0.47/100g;Cooking sauces & world foods;indian-cooking-sauces;117;1.5;9.2;6.7;7.9;2.3;1.4;0.75;
menier-chocolat-patissier-dark-cooking-chocolate-100g;Menier Chocolat Patissier Dark Cooking Chocolate 100g;£1.30/unit;£13.00/kg;Sugar & home baking;cooking-chocolate;590;8.0;30.7;26.3;44.9;26.6;15.3;0.02;
menissez-la-ciabatta--part-bake-250g;Menissez La Ciabatta, Part Bake 250g;£1.20/unit;£0.48/100g;Naan, ciabatta & breads of the world;naan-ciabatta-breads-of-the-world;null;null;null;null;null;null;null;null;
mentos-fruit-4x38g;Mentos Fruit 4x38g;£1.30/unit;£0.86/100g;Confectionery;sweets;388;0;92;69;19;19;null;01;
mentos-fruit-single-38g;Mentos Fruit Single 38g;£0.60/unit;£1.58/100g;Confectionery;sweets;null;null;null;null;null;null;null;null;
mentos-mint-chewy-dragees-4x38g;Mentos Mint Chewy Dragees 4x38g;£1.30/unit;£0.86/100g;Confectionery;mints-chewing-gum;null;null;null;null;null;null;null;null;
mentos-mint-single-38g;Mentos Mint Single 38g;£0.60/unit;£1.58/100g;Confectionery;sweets;null;null;null;null;null;null;null;null;
merba-chocolate-cookies-200g;Merba Chocolate Cookies 200g;£0.80/unit;£0.40/100g;Biscuits & crackers;cookies;null;null;null;null;null;null;null;null;
merchant-gourmet-chestnut-puree-415g;Merchant Gourmet Chestnut Puree 415g;£2.25/unit;£5.42/kg;Cooking ingredients & oils;stuffing;107;2.6;20.6;7.0;0.8;0.1;3.6;0;
merchant-gourmet-freekeh-250g;Merchant Gourmet Freekeh 250g;£2.00/unit;£8.00/kg;Canned, tinned & packaged foods;pulses-beans;180;5.9;29.5;1.8;2.9;0.4;6.2;0.35;
merchant-gourmet-lentil--du-berry--porcini---thyme-250g;Merchant Gourmet Lentil, Du Berry, Porcini & Thyme 250g;£2.00/unit;£8.00/kg;Canned, tinned & packaged foods;pulses-beans;120;7.8;15.5;1.9;1.7;0.3;5.6;1.04;
merchant-gourmet-mixed-dried-mushrooms-25g;Merchant Gourmet Mixed Dried Mushrooms 25g;£2.00/unit;£80.00/kg;Canned, tinned & packaged foods;canned-tinned-packaged-vegetables;null;21.1;29.9;6.6;2.4;0.5;30.4;0;
merchant-gourmet-porcini-mushrooms-25g;Merchant Gourmet Porcini Mushrooms 25g;£2.00/unit;£80.00/kg;Canned, tinned & packaged foods;canned-tinned-packaged-vegetables;null;22.1;23.1;1.7;3.1;0.8;33.5;0.01;
merchant-gourmet-puy-lentils--sun-dried-tomatoes---basil-250g;Merchant Gourmet Puy Lentils, Sun Dried Tomatoes & Basil 250g;£2.00/unit;£8.00/kg;Canned, tinned & packaged foods;pulses-beans;130;6.3;14.0;2.9;4.1;0.5;6.0;1.3;
merchant-gourmet-puy-lentils-250g;Merchant Gourmet Puy Lentils 250g;£2.00/unit;£8.00/kg;Canned, tinned & packaged foods;pulses-beans;null;11.0;21.4;1.1;1.4;0.2;7.1;1.02;
merchant-gourmet-puy-lentils-400g;Merchant Gourmet Puy Lentils 400g;£1.80/unit;£4.50/kg;Canned, tinned & packaged foods;pulses-beans;84;4.7;8.5;0.6;2.8;0.4;3.1;0.5;
merchant-gourmet-puy-lentils-500g;Merchant Gourmet Puy Lentils 500g;£2.80/unit;£5.60/kg;Canned, tinned & packaged foods;pulses-beans;null;24.0;58.0;2.0;1.6;0.4;20.0;0.06;
merchant-gourmet-ready-to-eat-beluga-lentils-250g;Merchant Gourmet Ready To Eat Beluga Lentils 250g;£2.00/unit;£8.00/kg;Canned, tinned & packaged foods;pulses-beans;null;10.9;20.5;1.1;1.2;0.7;5.2;0.86;
merchant-gourmet-ready-to-eat-red---white-quinoa-250g;Merchant Gourmet Ready To Eat Red & White Quinoa 250g;£2.00/unit;£8.00/kg;Canned, tinned & packaged foods;pulses-beans;null;6.1;30.7;1.6;6.1;0.8;3.9;0.7;
merchant-gourmet-ready-to-eat-wholesome-mixed-grains-250g;Merchant Gourmet Ready To Eat Wholesome Mixed Grains 250g;£2.00/unit;£8.00/kg;Canned, tinned & packaged foods;pulses-beans;204;8.4;24.6;1.7;7.2;1.0;3.2;0.64;
merchant-gourmet-red-rice-grains---quinoa-205g;Merchant Gourmet Red Rice Grains & Quinoa 205g;£2.00/unit;£8.00/kg;Canned, tinned & packaged foods;pulses-beans;185;6.4;31.2;0.6;3.0;0.4;3.7;0.39;
merchant-gourmet-spelt-250g;Merchant Gourmet Spelt 250g;£2.00/unit;£8.00/kg;Canned, tinned & packaged foods;pulses-beans;185;5.3;32.3;2.0;3.0;0.4;3.8;0.35;
merchant-gourmet-spelt-sunblush-tomatoes-250g;Merchant Gourmet Spelt SunBlush Tomatoes 250g;£2.00/unit;£8.00/kg;Canned, tinned & packaged foods;canned-tinned-packaged-vegetables;190;5.2;29.3;3.9;4.8;0.6;4.3;0.68;
merchant-gourmet-sun-dried-tomatoes-100g;Merchant Gourmet Sun Dried Tomatoes 100g;£1.55/unit;£15.50/kg;Canned, tinned & packaged foods;canned-tinned-packaged-vegetables;null;7.4;29.6;21.9;1.0;0.3;11.0;11.4;
merchant-gourmet-sun-dried-tomatoes-280g;Merchant Gourmet Sun Dried Tomatoes 280g (170g*);£3.00/unit;£1.76/100g;Vinegar, pickles, olives & antipasti;olives-antipasti;null;6.8;22.1;8.2;13.8;1.7;9.5;3.2;
merchant-gourmet-whole-chestnuts-200g;Merchant Gourmet Whole Chestnuts 200g;£2.25/unit;£11.25/kg;Cooking ingredients & oils;stuffing;163;4.3;31.6;8.5;1.0;0.2;5.2;0.0;
merchant-gourmet-wholewheat-giant-couscous-300g;Merchant Gourmet Wholewheat Giant Couscous 300g;£2.30/unit;£7.67/kg;Canned, tinned & packaged foods;pulses-beans;null;12.0;70.0;0.5;1.5;0.3;7.3;0.03;
merchant-gourmet-wholewheat-giant-couscous-300g;Merchant Gourmet Wholewheat Giant Couscous 300g;£2.30/unit;£7.67/kg;Rice, pasta & noodles;couscous-grains;null;12.0;70.0;0.5;1.5;0.3;7.3;0.03;
meridian-cashew-nut-butter-170g;Meridian Cashew Nut Butter 170g;£2.80/unit;£1.65/100g;Jams, honey & spreads;peanut-butter;2604628;20.6;18.9;5.6;51.26;10.2;4.3;0.0;
meridian-crunchy-peanut-butter-280g;Meridian Crunchy Peanut Butter 280g;£2.00/unit;£0.71/100g;Jams, honey & spreads;peanut-butter;2470596;29.6;11.6;5.9;46.0;8.2;8.5;0.0;
meridian-natural-almond-butter-170g;Meridian Natural Almond Butter 170g;£2.80/unit;£1.65/100g;Jams, honey & spreads;peanut-butter;2686650;25.3;6.5;4.0;55.5;4.4;11.7;0.5;
meridian-smooth-peanut-butter-280g;Meridian Smooth Peanut Butter 280g;£2.00/unit;£0.71/100g;Jams, honey & spreads;peanut-butter;2470596;29.6;11.6;5.9;46.0;8.2;8.5;0.0;
mestemacher-organic-sunflower-seed-bread;Mestemacher Organic Sunflower Seed Bread;£1.60/unit;£0.32/100g;Bread;soda-rye-bread;null;null;null;null;null;null;null;null;
mestemacher-organic-sunflower-seed-bread;Mestemacher Organic Sunflower Seed Bread;£1.60/unit;£0.32/100g;Naan, ciabatta & breads of the world;naan-ciabatta-breads-of-the-world;null;null;null;null;null;null;null;null;
metcalfes-skinny-cheese-topcorn-75g;Metcalfe's Skinny Topcorn Cheese 75g;£1.50/unit;£2.00/100g;Confectionery;confectionery-popcorn;457;11.2;47.3;3.9;22.4;2.87;10.7;3.75;
metcalfes-skinny-cheese-topcorn-75g;Metcalfe's Skinny Topcorn Cheese 75g;£1.50/unit;£2.00/100g;Crisps, nuts & snacking fruit;healthier-snacks-12459-44;457;11.2;47.3;3.9;22.4;2.87;10.7;3.75;
metcalfes-skinny-cheese-topcorn-75g;Metcalfe's Skinny Topcorn Cheese 75g;£1.50/unit;£2.00/100g;Crisps, nuts & snacking fruit;party-nibbles-bites;457;11.2;47.3;3.9;22.4;2.87;10.7;3.75;
metcalfes-skinny-cheese-topcorn-75g;Metcalfe's Skinny Topcorn Cheese 75g;£1.50/unit;£2.00/100g;Crisps, nuts & snacking fruit;popcorn;457;11.2;47.3;3.9;22.4;2.87;10.7;3.75;
metcalfes-skinny-topcorn-sargent-salt-popcorn-70g;Metcalfe's Skinny Topcorn Sargent Salt Popcorn 70g;£1.50/unit;£2.14/100g;Confectionery;confectionery-popcorn;471;6.6;63.7;0.4;24.4;2.0;15.2;2.64;
metcalfes-skinny-topcorn-sargent-salt-popcorn-70g;Metcalfe's Skinny Topcorn Sargent Salt Popcorn 70g;£1.50/unit;£2.14/100g;Crisps, nuts & snacking fruit;crisps;471;6.6;63.7;0.4;24.4;2.0;15.2;2.64;
metcalfes-skinny-topcorn-sargent-salt-popcorn-70g;Metcalfe's Skinny Topcorn Sargent Salt Popcorn 70g;£1.50/unit;£2.14/100g;Crisps, nuts & snacking fruit;healthier-snacks-12459-44;471;6.6;63.7;0.4;24.4;2.0;15.2;2.64;
metcalfes-skinny-topcorn-sargent-salt-popcorn-70g;Metcalfe's Skinny Topcorn Sargent Salt Popcorn 70g;£1.50/unit;£2.14/100g;Crisps, nuts & snacking fruit;party-nibbles-bites;471;6.6;63.7;0.4;24.4;2.0;15.2;2.64;
metcalfes-skinny-topcorn-sargent-salt-popcorn-70g;Metcalfe's Skinny Topcorn Sargent Salt Popcorn 70g;£1.50/unit;£2.14/100g;Crisps, nuts & snacking fruit;popcorn;471;6.6;63.7;0.4;24.4;2.0;15.2;2.64;
metcalfes-skinny-topcorn-sweet-n-salt-popcorn-80g;Metcalfe's Skinny Topcorn Sweet 'n Salt Popcorn 80g;£1.50/unit;£1.88/100g;Confectionery;confectionery-popcorn;459;6.4;71;19.6;19.2;1.5;11.7;1.35;
metcalfes-skinny-topcorn-sweet-n-salt-popcorn-80g;Metcalfe's Skinny Topcorn Sweet 'n Salt Popcorn 80g;£1.50/unit;£1.88/100g;Crisps, nuts & snacking fruit;crisps;459;6.4;71;19.6;19.2;1.5;11.7;1.35;
metcalfes-skinny-topcorn-sweet-n-salt-popcorn-80g;Metcalfe's Skinny Topcorn Sweet 'n Salt Popcorn 80g;£1.50/unit;£1.88/100g;Crisps, nuts & snacking fruit;healthier-snacks-12459-44;459;6.4;71;19.6;19.2;1.5;11.7;1.35;
metcalfes-skinny-topcorn-sweet-n-salt-popcorn-80g;Metcalfe's Skinny Topcorn Sweet 'n Salt Popcorn 80g;£1.50/unit;£1.88/100g;Crisps, nuts & snacking fruit;party-nibbles-bites;459;6.4;71;19.6;19.2;1.5;11.7;1.35;
metcalfes-skinny-topcorn-sweet-n-salt-popcorn-80g;Metcalfe's Skinny Topcorn Sweet 'n Salt Popcorn 80g;£1.50/unit;£1.88/100g;Crisps, nuts & snacking fruit;popcorn;459;6.4;71;19.6;19.2;1.5;11.7;1.35;
metcalfes-skinny-variety-topcorn-78g;Metcalfe's Skinny Topcorn Variety 6x11g;£1.80/unit;£2.31/100g;Confectionery;confectionery-popcorn;459;6.4;71.0;19.6;19.2;1.5;11.7;1.35;
metcalfes-skinny-variety-topcorn-78g;Metcalfe's Skinny Topcorn Variety 6x11g;£1.80/unit;£2.31/100g;Crisps, nuts & snacking fruit;healthier-snacks-12459-44;459;6.4;71.0;19.6;19.2;1.5;11.7;1.35;
metcalfes-skinny-variety-topcorn-78g;Metcalfe's Skinny Topcorn Variety 6x11g;£1.80/unit;£2.31/100g;Crisps, nuts & snacking fruit;popcorn;459;6.4;71.0;19.6;19.2;1.5;11.7;1.35;
metcalfes-sweet-n-salt-popcorn-6x17g;Metcalfe's Skinny Topcorn Sweet 'n Salt Popcorn 6x17g;£1.80/unit;£1.76/100g;Confectionery;confectionery-popcorn;459;6.4;71;19.6;19.2;1.5;11.7;1.35;
metcalfes-sweet-n-salt-popcorn-6x17g;Metcalfe's Skinny Topcorn Sweet 'n Salt Popcorn 6x17g;£1.80/unit;£1.76/100g;Crisps, nuts & snacking fruit;healthier-snacks-12459-44;459;6.4;71;19.6;19.2;1.5;11.7;1.35;
metcalfes-sweet-n-salt-popcorn-6x17g;Metcalfe's Skinny Topcorn Sweet 'n Salt Popcorn 6x17g;£1.80/unit;£1.76/100g;Crisps, nuts & snacking fruit;popcorn;459;6.4;71;19.6;19.2;1.5;11.7;1.35;
mexicana-cheese-spreadable-175g;Mexicana Cheese Spreadable 175g;£1.50/unit;£8.57/kg;Cheese;snacking-lunchbox-cheese;270;10;8;8;22;14;null;1.75;
mexicana-cheese-spreadable-175g;Mexicana Cheese Spreadable 175g;£1.50/unit;£8.57/kg;Cheese;soft---spreadable;270;10;8;8;22;14;null;1.75;
mikado-daim-chocolate-biscuits-70g;Mikado Daim Chocolate Biscuits 70g;£1.00/unit;£1.43/100g;Biscuits & crackers;biscuits-crackers-sharing-bags-assortments;null;null;null;null;null;null;null;null;
mikado-daim-chocolate-biscuits-70g;Mikado Daim Chocolate Biscuits 70g;£1.00/unit;£1.43/100g;Biscuits & crackers;chocolate-biscuits;null;null;null;null;null;null;null;null;
mikado-daim-chocolate-biscuits-70g;Mikado Daim Chocolate Biscuits 70g;£1.00/unit;£1.43/100g;Confectionery;chocolate;null;null;null;null;null;null;null;null;
mikado-king-choco-hazelnuts-60g;Mikado King Chocolate Biscuits 51g;£1.00/unit;£1.96/100g;Biscuits & crackers;chocolate-biscuits;505;5.8;59;40;26;16;5.2;0.4;
mikado-king-choco-hazelnuts-60g;Mikado King Chocolate Biscuits 51g;£1.00/unit;£1.96/100g;Confectionery;chocolate;505;5.8;59;40;26;16;5.2;0.4;
mikado-milk-chocolate-biscuits-75g;Mikado Milk Chocolate Biscuits 75g;£1.00/unit;£1.33/100g;Biscuits & crackers;biscuits-crackers-sharing-bags-assortments;475;7.80;67.0;35.0;19.0;12.0;3.0;0.70;
mikado-milk-chocolate-biscuits-75g;Mikado Milk Chocolate Biscuits 75g;£1.00/unit;£1.33/100g;Biscuits & crackers;chocolate-biscuits;475;7.80;67.0;35.0;19.0;12.0;3.0;0.70;
mikado-milk-chocolate-biscuits-75g;Mikado Milk Chocolate Biscuits 75g;£1.00/unit;£1.33/100g;Confectionery;chocolate;475;7.80;67.0;35.0;19.0;12.0;3.0;0.70;
milka-alpine-milk-chocolate-100g;Milka Alpine Milk Chocolate 100g;£1.00/unit;£1.00/100g;Confectionery;chocolate;null;null;null;null;null;null;null;null;
milka-happy-cows-100g;Milka Happy Cows 100g;£1.00/unit;£1.00/100g;Confectionery;chocolate;null;null;null;null;null;null;null;null;
milky-way-funsize-227g;Milky Way Funsize 227g;£1.85/unit;£0.81/100g;Confectionery;chocolate;446;3.9;72.4;65.3;15.5;7.5;null;0.57;
milky-way-magic-stars-funsize-180g;Milky Way Magic Stars Funsize 120g;£1.85/unit;£1.54/100g;Confectionery;chocolate;559;6.4;54.2;53.6;34.7;21.5;null;0.20;
milky-way-magic-stars-pouch-117g;Milky Way Magic Stars Pouch 117g;£1.00/unit;£0.85/100g;Confectionery;chocolate;559;6.4;54.2;53.6;34.7;21.5;null;0.20;
milky-way-twin-438g;Milky Way Twin 43.8g;£0.60/unit;£1.40/100g;Confectionery;chocolate;null;null;null;null;null;null;null;null;
milky-way-x12-258g;Milky Way x12 258g;£2.50/unit;£0.97/100g;Confectionery;chocolate;448;4.0;71.9;65.1;15.9;7.9;null;0.53;
milkybar-120g;Milkybar 120g;£1.00/unit;£0.84/100g;Confectionery;chocolate;null;null;null;null;null;null;null;null;
milkybar-12g;Milkybar 12g;£0.25/unit;£2.08/100g;Confectionery;chocolate;null;null;null;null;null;null;null;null;
milkybar-buttons-minis-189g;Nestle Milkybar Buttons Minis 189g;£2.50/unit;£1.32/100g;Confectionery;chocolate;546;7.5;57.7;57.3;31.6;18.8;0;0.40;
milkybar-cow-70g;Milkybar Cow 70g;£1.00/unit;£1.43/100g;Confectionery;easter-eggs;543;7.5;57.1;56.8;31.6;19.1;0.0;0.41;
milkybar-desserts-2x70g;Nestle Milkybar Desserts 2x70g;£1.29/unit;£0.92/100g;Yogurts;kids-yogurts;null;null;null;null;null;null;null;null;
milkybar-desserts-2x70g;Nestle Milkybar Desserts 2x70g;£1.29/unit;£0.92/100g;Yogurts;rice-dessert-style-yogurts;null;null;null;null;null;null;null;null;
milkybar-mini-eggs-100g;Milkybar Mini Eggs 100g;£1.00/unit;£1.00/100g;Confectionery;easter-eggs;null;null;null;null;null;null;null;null;
milkybar-multipack-x6-125g;Nestle Milkybar Multipack x6 75g;£1.00/unit;£1.39/100g;Confectionery;chocolate;546;7.5;58.1;57.0;31.6;20.0;0;0.3;
milkybar-small-easter-egg-65g;Milkybar Small Easter Egg 65g;£1.25/unit;£1.92/100g;Confectionery;easter-eggs;546;7.5;57.7;57.3;31.6;18.8;0;0.40;
milkybar-spring-animals-trio-675g;Milkybar Spring Animals Trio 67.5g;£2.00/unit;£3.17/100g;Confectionery;easter-eggs;543;7.5;57.1;56.8;31.6;19.1;0.0;0.41;
milkyway-6-pack-129g;Milky Way 6 Pack 129g;£1.50/unit;£1.16/100g;Confectionery;chocolate;448;4.0;71.9;65.1;15.9;7.9;null;0.53;
milkyway-chocolate-spread-225g;Milky Way Chocolate Spread 225g;£2.00/unit;£0.89/100g;Jams, honey & spreads;chocolate-sweet-spreads;559;3.6;56.3;55.9;35.1;8.3;null;0.18;
mini-babybel-120g;Mini Babybel 120g;£1.00/unit;£8.34/kg;Cheese;snacking-lunchbox-cheese;null;null;null;null;null;null;null;null;
mini-babybel-with-gouda-6x20g;Mini Babybel With Gouda 6x20g;£1.00/unit;£8.34/kg;Cheese;snacking-lunchbox-cheese;340;22;0;0;28;19;null;1.6;
mini-cheddars--original-50g;Jacob's Original Mini Cheddars 50g;£0.75/unit;£1.50/100g;Crisps, nuts & snacking fruit;crisps;516;10.7;50.3;4.5;29.5;11.9;2.5;2.4;
mini-cheddars-12x25g;Jacob's Baked Original Mini Cheddars 12x25g;£2.75/unit;£0.92/100g;Crisps, nuts & snacking fruit;crisps;516;10.7;50.3;4.5;29.5;11.9;2.5;2.4;
mini-cheddars-cheese---onion-7x25g;Jacob's Cheese & Onion Mini Cheddars 7x25g;£1.00/unit;£0.57/100g;Crisps, nuts & snacking fruit;crisps;524;9.2;52.3;5.3;29.9;11.2;3.0;1.8;
mini-jammie-dodger-lunchpack-140g;Jammie Dodgers Mini Lunchpack 140g;£1.00/unit;£0.71/100g;Biscuits & crackers;biscuits-crackers-kids-lunchbox;445;6.0;70.0;28.2;15.1;7.0;2.3;0.18;
mini-jammie-dodger-lunchpack-140g;Jammie Dodgers Mini Lunchpack 140g;£1.00/unit;£0.71/100g;Biscuits & crackers;everyday-biscuits-shortbread;445;6.0;70.0;28.2;15.1;7.0;2.3;0.18;
mini-lovetub-chocolate-90g;Mini Lovetub Chocolate 90g;£1.30/unit;£1.44/100g;Desserts & cream;desserts;396;4.7;44.4;29.1;22.4;13.7;2.7;0.3;
mini-lovetub-toffee-90g;Mini Lovetub Toffee 90g;£1.30/unit;£1.44/100g;Desserts & cream;desserts;394;2.5;50.8;39.1;15.8;10.0;1.0;0.6;
mini-matchmakers-cool-mint-pouch-108g;Mini Matchmakers Cool Mint Pouch 108g;£1.00/unit;£0.93/100g;Confectionery;chocolate;495;3.7;70.6;63.9;21.3;12.3;2.4;0.08;
mini-milk-choc-lolly-19g;Mini Milk Choc Lolly 19g;£0.25/unit;£1.56/100g;Confectionery;chocolate;null;null;null;null;null;null;null;null;
mini-milk-choc-lolly-19g;Mini Milk Choc Lolly 19g;£0.25/unit;£1.56/100g;Confectionery;sweets;null;null;null;null;null;null;null;null;
mini-oreo-vanilla-snack-packs-6x25g;Oreo Mini Vanilla Snack Packs 6x25g;£1.00/unit;£0.66/100g;Biscuits & crackers;biscuits-crackers-kids-lunchbox;null;null;null;null;null;null;null;null;
mini-oreo-vanilla-snack-packs-6x25g;Oreo Mini Vanilla Snack Packs 6x25g;£1.00/unit;£0.66/100g;Biscuits & crackers;cookies;null;null;null;null;null;null;null;null;
mini-smarties-multipack-x18-144g;Smarties Mini Multipack x18 14.4g;£2.50/unit;£0.96/100g;Confectionery;chocolate;471;5.0;68.1;64.1;19.6;11.2;1.0;0.15;
minstrels-standard-bag-42g;Galaxy Minstrels Standard Bag 42g;£0.60/unit;£1.43/100g;Confectionery;chocolate;505;5.3;70.1;68.9;22.2;13.3;null;0.20;
miso-tasty-classic-shiro-miso-soup-20g;Miso Tasty Classic Shiro Miso Soup 20g;£1.00/unit;£5.00/100g;Canned, tinned & packaged foods;soups;181.9;7.6;25.7;null;5.3;null;null;null;
miso-tasty-spicy-aka-miso-soup-20g;Miso Tasty Spicy Aka Miso Soup 20g;£1.00/unit;£5.00/100g;Canned, tinned & packaged foods;soups;182.9;7.5;26.3;null;5.3;null;null;null;
mission-6-deli-mini-wrap-186g;Mission Deli Mini Wrap x6 186g;£0.90/unit;£0.15/ea;Wraps, bagels & pittas;wraps-bagels-pittas;209;7.5;47.0;3.6;6.6;2.8;5.6;1.38;
mission-deli-wraps-multigrain-x8;Mission Deli Wraps Multigrain x8;£2.00/unit;£0.25/ea;Wraps, bagels & pittas;wraps-bagels-pittas;null;null;null;null;null;null;null;null;
mission-deli-wraps-plain-x8;Mission Deli Wraps Plain x8;£2.00/unit;£0.25/ea;Wraps, bagels & pittas;wraps-bagels-pittas;299;7.6;50.9;3.2;6.6;2.6;2.7;1.44;
mission-deli-wraps-wheat---white-x8;Mission Deli Wraps Wheat & White x8;£2.00/unit;£0.25/ea;Wraps, bagels & pittas;wraps-bagels-pittas;289;7.5;47.0;3.6;6.6;2.8;5.6;1.38;
mister-maker-cake-kit-361g;Green's Mister Maker Cake Kit 361g;£2.70/unit;£7.48/kg;Sugar & home baking;cake-sweet-mixes;370;11.0;67.8;66.4;6.0;2.64;null;0.3;
moma-bircher-muesli-wild-berry-yogurt-4x125g;Moma Bircher Muesli Wild Berry Yogurt 4x125g;£3.00/unit;£0.60/100g;Yogurts;breakfast-yogurts;137;4.5;23.4;11.4;2.2;0.6;null;0.10;
moma-strawberry---banana-muesli-4x125g;Moma Strawberry & Banana Muesli 4x125g;£3.00/unit;£0.60/100g;Yogurts;breakfast-yogurts;139;4.5;24;12;2.2;0.5;null;0.10;
monster-munch-pickled-onion-48g;Monster Munch Pickled Onion 48g;£0.80/unit;£1.67/100g;Crisps, nuts & snacking fruit;crisps;492;6.0;60.0;3.0;25.0;2.1;1.7;1.55;
monster-munch-roast-beef-x6-25g;Monster Munch Roast Beef 6x25g;£1.50/unit;£1.14/100g;Crisps, nuts & snacking fruit;crisps;492;7.0;59.0;3.0;25.0;2.2;1.7;1.73;
monster-munch-variety-x12-22g;Monster Munch Variety Pack 12x22g;£2.75/unit;£1.04/100g;Crisps, nuts & snacking fruit;crisps;492;7.0;59.0;3.0;25.0;2.2;1.7;1.73;
montorsi-negroni-12-month-parma-ham-70g;Montorsi Negroni 12 Month Parma Ham 70g;£2.00/unit;£2.86/100g;Cooked meats & snacking;mfp-continental-meats;253;27;0;0;16;5.3;null;4.6;
montorsi-negroni-12-month-parma-ham-70g;Montorsi Negroni 12 Month Parma Ham 70g;£2.00/unit;£2.86/100g;Cooked meats, pate & sandwich fillers;continental-meats;253;27;0;0;16;5.3;null;4.6;
moo-free-organic-dairy-free-easter-egg-100g;Moo Free Easter Egg 100g;£3.99/unit;£3.99/100g;Confectionery;easter-eggs;null;null;null;null;null;null;null;null;
mori-nu-silken-tofu-firm-349g;Mori-Nu Silken Tofu Firm 349g;£1.40/unit;£4.12/kg;Canned, tinned & packaged foods;canned-tinned-packaged-vegetarian;61;6.6;1.8;0.5;3;0.5;null;0.051;
morliny-sliced-sopocka-loin-80g;Morliny Sliced Sopocka Loin 80g;£1.00/unit;£1.25/100g;Cooked meats & snacking;mfp-continental-meats;100;18;0.4;0.4;2.9;1.0;null;2.7;
morliny-sliced-sopocka-loin-80g;Morliny Sliced Sopocka Loin 80g;£1.00/unit;£1.25/100g;Cooked meats, pate & sandwich fillers;continental-meats;100;18;0.4;0.4;2.9;1.0;null;2.7;
morliny-wiejska-sausage-80g;Morliny Wiejska Sausage 80g;£1.00/unit;£1.25/100g;Cooked meats & snacking;mfp-continental-meats;122;21;0.2;0.2;4.1;1.5;null;2.4;
morliny-wiejska-sausage-80g;Morliny Wiejska Sausage 80g;£1.00/unit;£1.25/100g;Cooked meats & snacking;mfp-snacking-cooked-sausage;122;21;0.2;0.2;4.1;1.5;null;2.4;
morliny-wiejska-sausage-80g;Morliny Wiejska Sausage 80g;£1.00/unit;£1.25/100g;Cooked meats, pate & sandwich fillers;continental-meats;122;21;0.2;0.2;4.1;1.5;null;2.4;
morliny-wiejska-sausage-80g;Morliny Wiejska Sausage 80g;£1.00/unit;£1.25/100g;Cooked meats, pate & sandwich fillers;snacking-cooked-sausage;122;21;0.2;0.2;4.1;1.5;null;2.4;
mornflake-chocolately-squares-500g;Mornflake Chocolatey Squares 500g;£2.20/unit;£0.44/100g;Breakfast cereals;kids-cereals;193;5.4;24.2;14.6;8.0;2.3;1.3;0.1;
mornflake-cranberry---nut-muesli-500g;Mornflake Cranberry & Nut Muesli 500g;£2.80/unit;£0.56/100g;Breakfast cereals;muesli-granola-clusters;217;8.8;29.4;12.5;6.1;1.6;4.5;0.10;
mornflake-crunchy-oatbran-375g;Mornflake Toasted Oatbran 375g;£1.90/unit;£0.51/100g;Breakfast cereals;muesli-granola-clusters;160;8.3;17.8;5.3;4.9;1.6;5.5;0.1;
mornflake-gold-oatbran-crispy-nut---honey-450g;Mornflake Oatbran Crisp, Nut & Honey 450g;£2.80/unit;£0.62/100g;Breakfast cereals;muesli-granola-clusters;243;8.0;28.6;13.8;9.9;3.3;3.5;0.10;
mornflake-medium-oatmeal-500g;Mornflake Medium Oatmeal 500g;£1.15/unit;£0.23/100g;Breakfast cereals;porridge-oats;367;12.1;56.1;1.0;8.4;1.3;9.1;0.01;
mornflake-oatbran-800g;Mornflake Oatbran 800g;£2.00/unit;£0.25/100g;Breakfast cereals;porridge-oats;364;13.4;47.3;1.2;9.4;1.8;18.2;0.01;
mornflake-oatbran-flakes-500g;Mornflake Oatbran Flakes 500g;£2.10/unit;£0.42/100g;Breakfast cereals;healthier-cereals;372;null;63.2;15.4;5.2;0.8;12.4;0.53;
mornflake-oatbran-flakes-very-berry-400g;Mornflake Oatbran Flakes Very Berry 400g;£2.10/unit;£0.53/100g;Breakfast cereals;healthier-cereals;378;12.2;68.6;19.5;4.2;0.8;8.4;0.42;
mornflake-oatbran-granola--nuts---seeds-500g;Mornflake Oatbran Granola, Nuts & Seeds 500g;£2.80/unit;£0.56/100g;Breakfast cereals;muesli-granola-clusters;263;9.7;26.6;10.9;12.1;3.2;4.5;0.10;
mornflake-oatbran-muesli-very-berry-500g;Mornflake Oatbran Muesli Very Berry 500g;£2.80/unit;£0.56/100g;Breakfast cereals;muesli-granola-clusters;203;8.2;32.1;14.7;3.7;1.4;4.4;0.10;
moroccan-butternut-dip-180g;Sainsbury's Moroccan Butternut Dip 180g;£1.40/unit;£0.78/100g;Coleslaw, olives, salads & dips;fresh-dips-houmous;123;3.7;12.7;3.5;5.7;0.5;3.2;0.90;
mr-brains-2s-222g;Mr Brain's Faggots x2 222g;£1.00/unit;£4.50/kg;Ready meals & pies;frozen-ready-meals;87;6.0;10;0.9;2.2;0.9;null;1.3;
mr-brains-4s-439g;Mr Brain's Faggots x4 439g;£1.40/unit;£3.19/kg;Ready meals & pies;frozen-ready-meals;87;6.0;10;0.9;2.2;0.9;null;1.3;
mr-brains-6s-656g;Mr Brain's Faggots x6 656g;£1.80/unit;£2.74/kg;Ready meals & pies;frozen-ready-meals;87;6.0;10;0.9;2.2;0.9;null;1.3;
mr-freed-smoked-salmon-200g;Mr Freed's Smoked Salmon 200g;£5.00/unit;£2.50/100g;Cooked meats & snacking;mfp-cooked-fish-seafood;null;28.2;0.1;0.1;9;1.7;null;4.1;
mr-freed-smoked-salmon-200g;Mr Freed's Smoked Salmon 200g;£5.00/unit;£2.50/100g;Cooked meats, pate & sandwich fillers;cooked-fish-seafood;null;28.2;0.1;0.1;9;1.7;null;4.1;
mr-freed-smoked-salmon-200g;Mr Freed's Smoked Salmon 200g;£5.00/unit;£2.50/100g;Fish & seafood;canapes-snacking;null;28.2;0.1;0.1;9;1.7;null;4.1;
mr-freed-smoked-salmon-200g;Mr Freed's Smoked Salmon 200g;£5.00/unit;£2.50/100g;Fish & seafood;smoked-fish;null;28.2;0.1;0.1;9;1.7;null;4.1;
mr-freed-smoked-salmon-200g;Mr Freed's Smoked Salmon 200g;£5.00/unit;£2.50/100g;World foods, kosher & halal;kosher-chilled-foods;null;28.2;0.1;0.1;9;1.7;null;4.1;
mr-freeds-fish-balls-300g;Mr Freed's Fish Balls 300g;£3.00/unit;£1.00/100g;Coleslaw, olives, salads & dips;olives-tapas-antipasti;null;16.1;16.1;10;6.6;0.8;null;null;
mr-freeds-fish-balls-300g;Mr Freed's Fish Balls 300g;£3.00/unit;£1.00/100g;Cooked meats & snacking;mfp-cooked-fish-seafood;null;16.1;16.1;10;6.6;0.8;null;null;
mr-freeds-fish-balls-300g;Mr Freed's Fish Balls 300g;£3.00/unit;£1.00/100g;Cooked meats & snacking;mfp-snacking-cooked-sausage;null;16.1;16.1;10;6.6;0.8;null;null;
mr-freeds-fish-balls-300g;Mr Freed's Fish Balls 300g;£3.00/unit;£1.00/100g;Cooked meats, pate & sandwich fillers;cooked-fish-seafood;null;16.1;16.1;10;6.6;0.8;null;null;
mr-freeds-fish-balls-300g;Mr Freed's Fish Balls 300g;£3.00/unit;£1.00/100g;Cooked meats, pate & sandwich fillers;snacking-cooked-sausage;null;16.1;16.1;10;6.6;0.8;null;null;
mr-freeds-fish-balls-300g;Mr Freed's Fish Balls 300g;£3.00/unit;£1.00/100g;World foods, kosher & halal;halal-chilled-foods;null;16.1;16.1;10;6.6;0.8;null;null;
mr-freeds-fish-balls-300g;Mr Freed's Fish Balls 300g;£3.00/unit;£1.00/100g;World foods, kosher & halal;kosher-chilled-foods;null;16.1;16.1;10;6.6;0.8;null;null;
mr-kipling-almond-slices-x6;Mr Kipling Almond Slices x6;£1.00/unit;£0.17/ea;Cakes;slices-pies-tarts;412;6.0;54.2;32.1;18.6;5.7;1.8;0.25;
mr-kipling-angel-slices-x6;Mr Kipling Angel Slices x6;£1.00/unit;£0.17/ea;Cakes;slices-pies-tarts;409;2.9;58.3;39.1;18.1;6.1;0.6;0.57;
mr-kipling-angel-slices-x6;Mr Kipling Angel Slices x6;£1.00/unit;£0.17/ea;Confectionery;cake-slices;409;2.9;58.3;39.1;18.1;6.1;0.6;0.57;
mr-kipling-apple---blackcurrant-pies-x6;Mr Kipling Apple & Blackcurrant Pies x6;£1.45/unit;£0.24/ea;Cakes;slices-pies-tarts;361;3.5;57.8;27.3;13.2;4.5;1.7;0.33;
mr-kipling-apple-pies-x6-432g;Mr Kipling Apple Pies x6 432g;£1.45/unit;£0.24/ea;Cakes;slices-pies-tarts;349;3.4;53.5;24.7;13.1;4.5;1.5;0.30;
mr-kipling-bakewell-slices-x6;Mr Kipling Bakewell Slices x6;£1.00/unit;£0.17/ea;Cakes;slices-pies-tarts;408;4.1;58.4;35.2;17.4;7.8;1.0;0.45;
mr-kipling-bakewell-tart;Mr Kipling Bakewell Tart 280g;£1.45/unit;£1.45/ea;Cakes;slices-pies-tarts;414;3.7;61.8;37.6;16.7;6.6;1.0;0.33;
mr-kipling-banoffee-cake-slices-x6;Mr Kipling Banoffee Cake Slices x6;£1.60/unit;£0.27/ea;Cakes;slices-pies-tarts;412;3.0;58.8;39.5;18.2;6.2;0.6;0.57;
mr-kipling-battenberg-220g;Mr Kipling Battenberg 230g;£1.45/unit;£0.63/100g;Cakes;sponge-slab-loaf-cakes;416;6.0;70.5;56.6;11.9;3.1;1.3;0.56;
mr-kipling-caramel-slices-x6;Mr Kipling Caramel Slices x6;£1.60/unit;£0.27/ea;Cakes;slices-pies-tarts;441;3.5;54.6;36.0;22.9;8.1;0.8;0.55;
mr-kipling-caramel-slices-x6;Mr Kipling Caramel Slices x6;£1.60/unit;£0.27/ea;Confectionery;cake-slices;441;3.5;54.6;36.0;22.9;8.1;0.8;0.55;
mr-kipling-cherry-bakewells-x6;Mr Kipling Cherry Bakewells x6;£1.00/unit;£0.17/ea;Cakes;slices-pies-tarts;423;3.7;63.1;38.3;17.1;7.1;1.1;0.35;
mr-kipling-chocolate-chip-cake-bars-x6;Mr Kipling Chocolate Chip Cake Bars x6;£1.45/unit;£0.29/ea;Cakes;cake-bars-mini-rolls;440;6.2;56.9;38.9;20.5;8.1;1.5;0.40;
mr-kipling-chocolate-slices-x6;Mr Kipling Chocolate Slices x6;£1.00/unit;£0.17/ea;Cakes;slices-pies-tarts;413;3.2;57.4;39.6;18.6;6.3;1.5;0.57;
mr-kipling-chocolate-slices-x6;Mr Kipling Chocolate Slices x6;£1.00/unit;£0.17/ea;Confectionery;cake-slices;413;3.2;57.4;39.6;18.6;6.3;1.5;0.57;
mr-kipling-country-slices-x6-215g;Mr Kipling Country Slices x6 215g;£1.00/unit;£0.17/ea;Cakes;slices-pies-tarts;384;4.5;56.9;39.9;15.1;5.1;1.5;0.39;
mr-kipling-french-fancies-x8;Mr Kipling French Fancies x8;£1.90/unit;£0.24/ea;Cakes;muffins-small-cakes;379;2.7;69.6;57.5;9.8;4.4;0.6;0.5;
mr-kipling-fruit-pie-selection-x6-432g;Mr Kipling Fruit Pie Selection x6 432g;£1.45/unit;£0.24/ea;Cakes;slices-pies-tarts;361;3.5;56.3;28.0;13.2;4.5;1.5;0.31;
mr-kipling-jam-tarts-x6-235g;Mr Kipling Jam Tarts x6 235g;£1.45/unit;£0.24/ea;Cakes;slices-pies-tarts;394;3.5;65.1;32.0;13.0;4.5;1.4;0.10;
mr-kipling-lemon-fancies-x8;Mr Kipling Lemon Fancies x8;£1.00/unit;£0.13/ea;Cakes;muffins-small-cakes;379;2.6;69.9;57.9;9.8;4.4;0.5;0.50;
mr-kipling-lemon-fancies-x8;Mr Kipling Lemon Fancies x8;£1.00/unit;£0.13/ea;Easter treats;easter-treats;379;2.6;69.9;57.9;9.8;4.4;0.5;0.50;
mr-kipling-lemon-slices-x6;Mr Kipling Lemon Slices x6;£1.00/unit;£0.17/ea;Cakes;slices-pies-tarts;397;2.7;62.7;44.3;15.0;3.3;0.7;0.56;
mr-kipling-lemon-slices-x6;Mr Kipling Lemon Slices x6;£1.00/unit;£0.17/ea;Confectionery;cake-slices;397;2.7;62.7;44.3;15.0;3.3;0.7;0.56;
mr-kipling-lemon-whirls-x6;Mr Kipling Lemon Whirls x6;£1.00/unit;£0.17/ea;Cakes;slices-pies-tarts;null;null;null;null;null;null;null;null;
mr-kipling-lemon-whirls-x6;Mr Kipling Lemon Whirls x6;£1.00/unit;£0.17/ea;Easter treats;easter-treats;null;null;null;null;null;null;null;null;
mr-kipling-manor-house-cake;Mr Kipling Manor House Cake;£1.00/unit;£0.25/100g;Cakes;sponge-slab-loaf-cakes;403;5.3;49.4;34.2;20.2;7.2;1.5;0.30;
mr-kipling-mini-battenburgs-x5;Mr Kipling Mini Battenburgs x5;£1.45/unit;£0.29/ea;Cakes;sponge-slab-loaf-cakes;410;4.2;74.2;62.1;10.4;4.2;1.2;0.41;
mr-kipling-st-clemence-slices-x6;Mr Kipling St Clements Slices x6;£1.00/unit;£0.17/ea;Cakes;slices-pies-tarts;412;4.1;60.9;46.6;16.7;4.9;0.8;0.57;
mr-kipling-st-clemence-slices-x6;Mr Kipling St Clements Slices x6;£1.00/unit;£0.17/ea;Easter treats;easter-treats;412;4.1;60.9;46.6;16.7;4.9;0.8;0.57;
mr-kipling-treacle-tart;Mr Kipling Treacle Tart;£1.45/unit;£1.45/ea;Cakes;slices-pies-tarts;383;4.2;63;35.3;12.4;4.2;1.3;0.52;
mr-kipling-trifle-bakewells-x6;Mr Kipling Trifle Bakewells x6;£1.45/unit;£0.24/ea;Cakes;slices-pies-tarts;422;3.7;62.5;36.9;17.3;6.9;0.9;0.31;
mr-kipling-victoria-slices-x6;Mr Kipling Victoria Slices x6;£1.60/unit;£0.27/ea;Cakes;slices-pies-tarts;442;4.7;69.2;40.7;16.0;5.6;1.2;0.60;
mr-kipling-viennese-whirls-x6;Mr Kipling Viennese Whirls x6;£1.30/unit;£0.22/ea;Cakes;muffins-small-cakes;514;3.8;56.2;27.9;30.2;12.3;1.3;0.59;
mr-men---little-miss-cup-cake-kit-182g;Mr Men & Little Miss Cup Cake Kit 182g;£1.90/unit;£10.44/kg;Sugar & home baking;cake-sweet-mixes;466;2.58;90.97;69.11;1.10;0.68;0.82;null;
mr-porky-6-pack-x6-18g;Mr. Porky Pork Crackles 6x18g;£1.50/unit;£1.39/100g;Crisps, nuts & snacking fruit;crisps;616;48.6;1.6;0.2;45.7;16.8;1.9;2.90;
mr-porky-6-pack-x6-18g;Mr. Porky Pork Crackles 6x18g;£1.50/unit;£1.39/100g;Crisps, nuts & snacking fruit;meat-snacking;616;48.6;1.6;0.2;45.7;16.8;1.9;2.90;
mr-porky-pork-crackles-70g;Mr. Porky Pork Crackles 70g;£1.00/unit;£1.43/100g;Crisps, nuts & snacking fruit;crisps;616;48.6;1.6;0.2;45.7;16.8;1.9;2.90;
mr-porky-pork-crackles-70g;Mr. Porky Pork Crackles 70g;£1.00/unit;£1.43/100g;Crisps, nuts & snacking fruit;meat-snacking;616;48.6;1.6;0.2;45.7;16.8;1.9;2.90;
mrs-balls-chilli-chutney-470g;Mrs Balls Chilli Chutney 470g;£2.10/unit;£0.45/100g;Table sauces, dressings & condiments;chutney-pickle-relishes;null;null;null;null;null;null;null;null;
mrs-balls-chilli-chutney-470g;Mrs Balls Chilli Chutney 470g;£2.10/unit;£0.45/100g;Vinegar, pickles, olives & antipasti;chutneys-pickle-relishes;null;null;null;null;null;null;null;null;
mrs-balls-original-chutney-470g;Mrs Balls Original Chutney 470g;£2.10/unit;£0.45/100g;Table sauces, dressings & condiments;chutney-pickle-relishes;null;null;null;null;null;null;null;null;
mrs-balls-original-chutney-470g;Mrs Balls Original Chutney 470g;£2.10/unit;£0.45/100g;Vinegar, pickles, olives & antipasti;chutneys-pickle-relishes;null;null;null;null;null;null;null;null;
mrs-crimble-dutch-apple-cake-475g;Mrs. Crimble's Dutch Apple Cake 475g;£2.29/unit;£0.48/100g;Freefrom;bakery-freefrom;326;2.7;70.7;43.3;2.2;0.5;3.2;0.75;
mrs-crimble-stem-ginger-cake-475g;Mrs. Crimble's Stem Ginger Cake 475g;£2.29/unit;£0.48/100g;Freefrom;bakery-freefrom;334;2.7;73.3;43.8;2.2;0.4;2.7;0.5;
mrs-crimbles-bakewell-slices-200g;Mrs. Crimble's Gluten Free Bakewell Slices 200g;£1.15/unit;£0.58/100g;Freefrom;bakery-freefrom;465;2.8;58.9;35.7;23.8;13.5;2.1;0.4;
mrs-crimbles-bread-crumbs-190g;Mrs. Crimble's Gluten Free Bread Crumbs 190g;£2.00/unit;£11.76/kg;Cooking ingredients & oils;breaded-batter-coatings;356;9.4;69;1.3;3.7;0.8;4.0;2.0;
mrs-crimbles-cheese-crackers-130g;Mrs. Crimble's Gluten Free Cheese Crackers 130g;£1.60/unit;£1.23/100g;Biscuits & crackers;biscuits-crackers-freefrom;439;12.6;63.8;4.5;14.2;9.0;2.9;3.5;
mrs-crimbles-coconut-macaroons-x6-7612243-p-44;Mrs Crimble's Gluten Free Coconut Macaroons x6;£1.20/unit;£0.20/ea;Cakes;continental-cakes;456;3.3;63.0;56.0;20.2;18.7;4.7;0.08;
mrs-crimbles-coconut-macaroons-x6;Mrs Crimble's Gluten Free Coconut Macaroons x6;£1.20/unit;£0.20/ea;Cakes;continental-cakes;471;3.3;61.0;51.8;22.7;20.9;4.7;0.08;
mrs-crimbles-cranberry-macaroons-200g;Mrs. Crimble's Gluten Free Cranberry Macaroons 200g;£1.69/unit;£0.85/100g;Freefrom;bakery-freefrom;470;3.8;51.7;40.7;26.4;22.2;5.1;0.10;
mrs-crimbles-giant-chocolate-macaroon-70g;Mrs Crimble's Gluten Free Giant Chocolate Macaroon 70g;£0.65/unit;£0.65/ea;Cakes;flapjacks-traybakes-bites;458;3.6;59.0;54.3;22.0;20.3;4.8;0.08;
mrs-crimbles-jam-coconut-rings-240g;Mrs. Crimble's Gluten Free Jam Coconut Rings 240g;£1.40/unit;£0.58/100g;Freefrom;bakery-freefrom;433;3.8;51;51;21;20;11;0.09;
mrs-crimbles-original-cheese-bites-30g;Mrs. Crimble's Gluten Free Cheese Bites 30g;£0.60/unit;£2.00/100g;Biscuits & crackers;biscuits-crackers-freefrom;439;16.5;61.0;0.5;14.1;7.6;1.0;3.0;
mrs-crimbles-pancake-mix-200g;Mrs. Crimble's Gluten Free Pancake Mix 200g;£2.00/unit;£10.00/kg;Sugar & home baking;cake-sweet-mixes;153;5.0;26.8;2.7;2.8;1.1;0.3;0.3;
mrs-crimbles-sage---onion-stuffing-170g;Mrs. Crimble's Gluten Free Sage & Onion Stuffing Mix 170g;£2.00/unit;£1.18/100g;Cooking ingredients & oils;stuffing;258;4.8;23.6;3.2;15.5;2;2.5;1.5;
mrs-crimbles-sundried-tomato-crackers-130g;Mrs. Crimble's Gluten Free Tomato & Pesto Cheese Crackers 130g;£1.89/unit;£1.45/100g;Biscuits & crackers;biscuits-crackers-freefrom;451;12.5;63.8;4.5;15.5;8.7;2.9;3.0;
mrs-elswood-haimisha-cucumbers-670g;Mrs Elswood Haimisha Cucumbers 670g (360g*);£1.50/unit;£0.42/100g;Vinegar, pickles, olives & antipasti;pickled-food;null;null;null;null;null;null;null;null;
mrs-elswood-pickled-dill-cucumber-spears-670g;Mrs Elswood Pickled Dill Cucumber Spears 670g (360g*);£1.50/unit;£0.42/100g;Vinegar, pickles, olives & antipasti;pickled-food;null;null;null;null;null;null;null;null;
mrs-elswood-sandwich-slice-cucumber-540g;Mrs Elswood Sandwich Slice Cucumber 540g (310g*);£1.50/unit;£0.48/100g;Vinegar, pickles, olives & antipasti;pickled-food;null;null;null;null;null;null;null;null;
mug-shot-bbq-flavour-noodles-56g;Mug Shot Noodles, BBQ Flavour  56g;£0.80/unit;£14.29/kg;Cooking sauces & world foods;world-foods-instant-snack-meals;82;2.7;16.8;1.4;0.2;0.1;0.9;0.45;
mug-shot-bbq-flavour-noodles-56g;Mug Shot Noodles, BBQ Flavour  56g;£0.80/unit;£14.29/kg;Rice, pasta & noodles;instant-snack-meals;82;2.7;16.8;1.4;0.2;0.1;0.9;0.45;
mug-shot-chinese-style-noodles-45g;Mug Shot Noodles, Chinese Style  45g;£0.80/unit;£17.78/kg;Cooking sauces & world foods;world-foods-instant-snack-meals;60;2.4;11.7;0.3;0.2;0;0.9;null;
mug-shot-chinese-style-noodles-45g;Mug Shot Noodles, Chinese Style  45g;£0.80/unit;£17.78/kg;Rice, pasta & noodles;instant-snack-meals;60;2.4;11.7;0.3;0.2;0;0.9;null;
mug-shot-mediterranean-vegetable-pasta-60g;Mug Shot Pasta, Mediterranean Vegetables 60g;£0.80/unit;£13.33/kg;Cooking sauces & world foods;world-foods-instant-snack-meals;80;2.7;15.9;3.1;0.4;0.1;0.8;0.45;
mug-shot-mediterranean-vegetable-pasta-60g;Mug Shot Pasta, Mediterranean Vegetables 60g;£0.80/unit;£13.33/kg;Rice, pasta & noodles;instant-snack-meals;80;2.7;15.9;3.1;0.4;0.1;0.8;0.45;
mug-shot-noodle-chicken---sweetcorn-54g;Mug Shot Noodles, Chicken & Sweetcorn 54g;£0.80/unit;£14.81/kg;Cooking sauces & world foods;world-foods-instant-snack-meals;101;2.7;21.0;0.9;0.5;0.2;1.0;0.65;
mug-shot-noodle-chicken---sweetcorn-54g;Mug Shot Noodles, Chicken & Sweetcorn 54g;£0.80/unit;£14.81/kg;Rice, pasta & noodles;instant-snack-meals;101;2.7;21.0;0.9;0.5;0.2;1.0;0.65;
mug-shot-noodle-chicken---sweetcorn-54g;Mug Shot Noodles, Chicken & Sweetcorn 54g;£0.80/unit;£14.81/kg;Rice, pasta & noodles;noodles;101;2.7;21.0;0.9;0.5;0.2;1.0;0.65;
mug-shot-noodle-creamy-cheese-68g;Mug Shot Noodles, Creamy Cheese 68g;£0.80/unit;£11.76/kg;Cooking sauces & world foods;world-foods-instant-snack-meals;113;3.7;19.1;1.0;2.2;1.3;1.0;null;
mug-shot-noodle-creamy-cheese-68g;Mug Shot Noodles, Creamy Cheese 68g;£0.80/unit;£11.76/kg;Rice, pasta & noodles;instant-snack-meals;113;3.7;19.1;1.0;2.2;1.3;1.0;null;
mug-shot-noodle-creamy-cheese-68g;Mug Shot Noodles, Creamy Cheese 68g;£0.80/unit;£11.76/kg;Rice, pasta & noodles;noodles;113;3.7;19.1;1.0;2.2;1.3;1.0;null;
mug-shot-noodle-sweet---sour-67g;Mug Shot Noodles, Sweet & Sour 67g;£0.80/unit;£11.94/kg;Cooking sauces & world foods;world-foods-instant-snack-meals;95;2.1;19.6;5.0;0.6;0.2;1.2;null;
mug-shot-noodle-sweet---sour-67g;Mug Shot Noodles, Sweet & Sour 67g;£0.80/unit;£11.94/kg;Rice, pasta & noodles;instant-snack-meals;95;2.1;19.6;5.0;0.6;0.2;1.2;null;
mug-shot-noodle-sweet---sour-67g;Mug Shot Noodles, Sweet & Sour 67g;£0.80/unit;£11.94/kg;Rice, pasta & noodles;noodles;95;2.1;19.6;5.0;0.6;0.2;1.2;null;
mug-shot-pasta--macaroni-cheese-68g;Mug Shot Pasta, Macaroni Cheese 68g;£0.80/unit;£11.76/kg;Cooking sauces & world foods;world-foods-instant-snack-meals;103;4.2;18.0;1.8;1.3;0.8;1.1;0.64;
mug-shot-pasta--macaroni-cheese-68g;Mug Shot Pasta, Macaroni Cheese 68g;£0.80/unit;£11.76/kg;Rice, pasta & noodles;instant-snack-meals;103;4.2;18.0;1.8;1.3;0.8;1.1;0.64;
mug-shot-pasta--minestrone-soup-60g;Mug Shot Pasta, Minestrone Soup 60g;£0.80/unit;£13.33/kg;Cooking sauces & world foods;world-foods-instant-snack-meals;87;3.1;17.9;2.3;0.3;0.1;1.4;null;
mug-shot-pasta--minestrone-soup-60g;Mug Shot Pasta, Minestrone Soup 60g;£0.80/unit;£13.33/kg;Rice, pasta & noodles;instant-snack-meals;87;3.1;17.9;2.3;0.3;0.1;1.4;null;
mug-shot-pasta--roast-chicken-soup-55g;Mug Shot Pasta, Roast Chicken Soup 55g;£0.80/unit;£14.55/kg;Cooking sauces & world foods;world-foods-instant-snack-meals;79;1.4;16.2;0.9;1.0;0.5;0.8;null;
mug-shot-pasta--roast-chicken-soup-55g;Mug Shot Pasta, Roast Chicken Soup 55g;£0.80/unit;£14.55/kg;Rice, pasta & noodles;instant-snack-meals;79;1.4;16.2;0.9;1.0;0.5;0.8;null;
mug-shot-pasta--spicy-tomato-60g;Mug Shot Pasta, Spicy Tomato 60g;£0.80/unit;£13.33/kg;Cooking sauces & world foods;world-foods-instant-snack-meals;81;2.8;16.0;2.7;0.3;0.1;1.4;null;
mug-shot-pasta--spicy-tomato-60g;Mug Shot Pasta, Spicy Tomato 60g;£0.80/unit;£13.33/kg;Rice, pasta & noodles;instant-snack-meals;81;2.8;16.0;2.7;0.3;0.1;1.4;null;
mug-shot-peri-peri-flavour-noodles-56g;Mug Shot Noodles, Peri Peri Flavour 56g;£0.80/unit;£14.29/kg;Cooking sauces & world foods;world-foods-instant-snack-meals;86;2.9;17.2;2.2;0.3;0.1;1.4;0.50;
mug-shot-peri-peri-flavour-noodles-56g;Mug Shot Noodles, Peri Peri Flavour 56g;£0.80/unit;£14.29/kg;Rice, pasta & noodles;instant-snack-meals;86;2.9;17.2;2.2;0.3;0.1;1.4;0.50;
mug-shot-thai-style-noodle-55g;Mug Shot Noodles, Thai Style 55g;£0.80/unit;£14.55/kg;Cooking sauces & world foods;world-foods-instant-snack-meals;79;1.4;15.4;0.8;1.3;0.5;0.9;null;
mug-shot-thai-style-noodle-55g;Mug Shot Noodles, Thai Style 55g;£0.80/unit;£14.55/kg;Rice, pasta & noodles;instant-snack-meals;79;1.4;15.4;0.8;1.3;0.5;0.9;null;
mugshot-tomato---herb-pasta-64g;Mug Shot Pasta, Tomato & Herb 64g;£0.80/unit;£1.25/kg;Cooking sauces & world foods;world-foods-instant-snack-meals;103;2.3;21.6;2.8;0.8;0.4;1.2;null;
mugshot-tomato---herb-pasta-64g;Mug Shot Pasta, Tomato & Herb 64g;£0.80/unit;£1.25/kg;Rice, pasta & noodles;instant-snack-meals;103;2.3;21.6;2.8;0.8;0.4;1.2;null;
muller-biscuit-corners-6x135g;Müller Crunch Corner Biscuit Yogurt 6x135g;£2.00/unit;£0.25/100g;Yogurts;corners-everyday-yogurts;157;4.1;21.2;17.5;5.9;3.4;null;0.2;
muller-blueberry-corner-150g;Müller Fruit Corner Blueberry Yogurt 150g;£0.70/unit;£0.47/100g;Yogurts;corners-everyday-yogurts;106;4.0;13.2;13.2;3.8;2.4;null;null;
muller-breakfast-corners-6x135g;Müller Breakfast Corner Yogurt 6x135g;£2.00/unit;£0.25/100g;Yogurts;breakfast-yogurts;119;5.4;18.2;13.1;2.4;1.5;null;0.2;
muller-breakfast-corners-6x135g;Müller Breakfast Corner Yogurt 6x135g;£2.00/unit;£0.25/100g;Yogurts;corners-everyday-yogurts;119;5.4;18.2;13.1;2.4;1.5;null;0.2;
muller-cherry-corner-150g;Müller Fruit Corner Cherry Yogurt 150g;£0.70/unit;£0.47/100g;Yogurts;corners-everyday-yogurts;107;4.0;13.4;13.4;3.8;2.4;null;0.2;
muller-cookies---cream-corner-135g;Müller Crunch Corner Ltd Edition 135g;£0.70/unit;£0.52/100g;Yogurts;corners-everyday-yogurts;140;4.1;18.2;16.6;5.4;3.4;null;0.1;
muller-corner-banana-chocolate-flake-135g;Müller Crunch Corner Banana Chocolate Flakes Yogurt 135g;£0.70/unit;£0.52/100g;Yogurts;corners-everyday-yogurts;143;4.3;19.3;16.8;5.1;3.2;null;0.2;
muller-corner-blackberry---raspberry-150g;Müller Fruit Corner Blackberry & Raspberry Yogurt 150g;£0.70/unit;£0.47/100g;Yogurts;corners-everyday-yogurts;107;4.0;13.5;13.5;3.8;2.4;null;0.2;
muller-corner-chocolate-digestive-135g;Müller Crunch Corner Milk Chocolate Digestive Yogurt 135g;£0.70/unit;£70.00/100g;Yogurts;corners-everyday-yogurts;155;4.2;20.8;17.5;5.8;3.4;null;0.2;
muller-corner-toffee-chocolate-hoops-135g;Müller Crunch Corner Toffee Hoops Yogurt 135g;£0.70/unit;£0.52/100g;Yogurts;corners-everyday-yogurts;153;4.1;21.1;18.9;5.5;3.5;null;0.2;
muller-corner-vanilla---chocolate-135g;Müller Crunch Corner Vanilla Chocolate Balls Yogurt 135g;£0.70/unit;£0.52/100g;Yogurts;corners-everyday-yogurts;148;3.9;20.4;18.2;5.3;3.3;null;0.2;
muller-crunch-corner-cheesecake-x6;Müller Crunch Corner Cheesecake Yogurt x6;£2.00/unit;£0.25/100g;Yogurts;corners-everyday-yogurts;155;3.6;24.3;17.5;4.6;2.2;null;0.4;
muller-crunch-corners-6x135g;Müller Crunch Corner Yogurt 6x135g;£2.00/unit;£0.25/100g;Yogurts;corners-everyday-yogurts;143;4.3;19.3;16.8;5.1;3.2;null;0.2;
muller-de-luxe-champagne-corners-2x130g;Müller De Luxe Corner Champagne Yogurt 2x130g;£1.30/unit;£0.50/100g;Yogurts;corners-everyday-yogurts;null;null;null;null;null;null;null;null;
muller-de-luxe-champagne-corners-2x130g;Müller De Luxe Corner Champagne Yogurt 2x130g;£1.30/unit;£0.50/100g;Yogurts;luxury-yogurts;null;null;null;null;null;null;null;null;
muller-de-luxe-champagne-corners-2x130g;Müller De Luxe Corner Champagne Yogurt 2x130g;£1.30/unit;£0.50/100g;Yogurts;rice-dessert-style-yogurts;null;null;null;null;null;null;null;null;
muller-de-luxe-mint-corners-2x130g;Müller De Luxe Corner Mint Yogurt 2x130g;£1.30/unit;£0.50/100g;Yogurts;corners-everyday-yogurts;203;3.2;24.5;22.0;10.0;6.0;null;0.1;
muller-de-luxe-mint-corners-2x130g;Müller De Luxe Corner Mint Yogurt 2x130g;£1.30/unit;£0.50/100g;Yogurts;luxury-yogurts;203;3.2;24.5;22.0;10.0;6.0;null;0.1;
muller-de-luxe-mint-corners-2x130g;Müller De Luxe Corner Mint Yogurt 2x130g;£1.30/unit;£0.50/100g;Yogurts;rice-dessert-style-yogurts;203;3.2;24.5;22.0;10.0;6.0;null;0.1;
muller-fruit-corners-6x150g;Müller Fruit Corner Yogurt 6x150g;£2.00/unit;£0.22/100g;Yogurts;corners-everyday-yogurts;114;4.0;15.2;15.2;3.8;2.4;null;0.2;
muller-greek-corner-black-cherry-150g;Müller Greek Style Corner Cherry Yogurt 150g;£0.70/unit;£0.47/100g;Yogurts;corners-everyday-yogurts;127;4.7;16.0;15.2;4.6;2.8;null;0.2;
muller-greek-corner-black-cherry-150g;Müller Greek Style Corner Cherry Yogurt 150g;£0.70/unit;£0.47/100g;Yogurts;natural-greek-yogurts;127;4.7;16.0;15.2;4.6;2.8;null;0.2;
muller-greek-style-strawberry-crner-150g;Müller Greek Style Corner Strawberry Yogurt 150g;£0.70/unit;£0.47/100g;Yogurts;corners-everyday-yogurts;127;4.7;16.1;16.1;4.6;2.8;null;0.2;
muller-greek-style-strawberry-crner-150g;Müller Greek Style Corner Strawberry Yogurt 150g;£0.70/unit;£0.47/100g;Yogurts;natural-greek-yogurts;127;4.7;16.1;16.1;4.6;2.8;null;0.2;
muller-light-chocolate-6-pack;Müller Light Selection Orange, Vanilla & Cherry with Dark Chocolate 6x165g;£3.00/unit;£0.30/100g;Yogurts;diet-low-fat-yogurts;60;3.3;10.3;9.1;0.4;0.2;null;0.1;
muller-light-limited-edition-165g;Müller Light Limited Edition Yogurt (flavour may vary) 165g;£0.70/unit;£0.42/100g;Yogurts;diet-low-fat-yogurts;56;4.5;7.6;7.3;0.5;0.3;null;0.2;
muller-light-smooth-choc-dessert-4x100g;Müller Light Dessert Mischievous Milk Chocolate 4x100g;£1.50/unit;£0.38/100g;Yogurts;diet-low-fat-yogurts;99;2.6;16.8;12.3;2.0;1.2;null;0.1;
muller-light-smooth-choc-dessert-4x100g;Müller Light Dessert Mischievous Milk Chocolate 4x100g;£1.50/unit;£0.38/100g;Yogurts;rice-dessert-style-yogurts;99;2.6;16.8;12.3;2.0;1.2;null;0.1;
muller-light-vanilla---chocolate-165g;Müller Light Vanilla & Dark Chocolate Yogurt 165g;£0.70/unit;£0.42/100g;Yogurts;diet-low-fat-yogurts;54;4.3;7.4;7.1;0.5;0.3;null;0.2;
muller-ltd-edition-corners-6x135g;Müller Corner Ltd Edition Yogurt 6x135g;£2.00/unit;£0.25/100g;Yogurts;corners-everyday-yogurts;127;2.8;23.5;22.3;2.2;1.4;null;0.1;
muller-orange-crunch-corner-135g;Müller Corner Ltd Edition Yogurt 135g;£0.70/unit;£0.52/100g;Yogurts;corners-everyday-yogurts;109;3.8;14.3;13.6;3.8;2.4;null;0.14;
muller-peach---apricot-corner-150g;Müller Fruit Corner Peach & Apricot Yogurt 150g;£0.70/unit;£0.47/100g;Yogurts;corners-everyday-yogurts;109;4.0;13.9;13.9;3.8;2.4;null;0.2;
muller-rice-apple-190g;Müller Rice Apple 180g;£0.70/unit;£0.39/100g;Yogurts;rice-dessert-style-yogurts;107;3.0;18.8;13.3;2.2;1.3;null;0.2;
muller-rice-banana---toffee-190g;Müller Rice Banana & Toffee 180g;£0.70/unit;£0.39/100g;Yogurts;rice-dessert-style-yogurts;108;3.0;19.1;13.3;2.2;1.3;null;0.2;
muller-rice-original-190g;Müller Rice Original 180g;£0.70/unit;£0.39/100g;Yogurts;rice-dessert-style-yogurts;101;3.4;16.1;10.0;null;1.5;null;0.2;
muller-rice-pineapple---caramelised-sugar--limited-edition-190g;Müller Rice, Limited Edition 180g;£0.70/unit;£0.39/100g;Yogurts;rice-dessert-style-yogurts;106;3.1;18.4;12.8;2.2;1.3;null;0.4;
muller-rice-strawberry-190g;Müller Rice Strawberry 180g;£0.70/unit;£0.39/100g;Yogurts;rice-dessert-style-yogurts;106;3.0;18.6;12.8;2.2;1.3;null;0.2;
muller-rice-vanilla-190g;Müller Rice Vanilla 180g;£0.70/unit;£0.39/100g;Yogurts;rice-dessert-style-yogurts;111;3.2;19.0;13.6;2.5;1.4;null;0.2;
muller-strawberry-corner-150g;Müller Fruit Corner Strawberry Yogurt 150g;£0.70/unit;£0.47/100g;Yogurts;corners-everyday-yogurts;114;4.0;15.2;15.2;3.8;2.4;null;0.2;
muller-strawberry-shortcake-corner-135g;Müller Crunch Corner Strawberry Shortcake Yogurt 135g;£0.70/unit;£0.52/100g;Yogurts;corners-everyday-yogurts;157;4.1;21.2;17.5;5.9;3.4;null;0.2;
mullerlight-banana---custard-175g;Müller Light Banana & Custard Yogurt 175g;£0.70/unit;£0.40/100g;Yogurts;diet-low-fat-yogurts;54;4.2;8.5;7.7;0.1;0.1;null;0.2;
mullerlight-cherry-175g;Müller Light Cherry Yogurt 175g;£0.70/unit;£0.40/100g;Yogurts;diet-low-fat-yogurts;48;4.3;6.9;6.4;0.1;0.1;null;0.2;
mullerlight-citrus-fruit-6x175g;Müller Light Citrus Fruit Yogurt 6x175g;£3.00/unit;£0.29/100g;Yogurts;diet-low-fat-yogurts;54;4.2;8.5;7.7;0.1;0.1;null;0.2;
mullerlight-raspberry---cranberry-175g;Müller Light Raspberry & Cranberry Yogurt 175g;£0.70/unit;£0.40/100g;Yogurts;diet-low-fat-yogurts;21751;3.9;8.1;7.0;0.1;0.1;0.5;null;
mullerlight-red-fruit-6x175g;Müller Light Red Fruit Yogurt 6x175g;£3.00/unit;£0.29/100g;Yogurts;diet-low-fat-yogurts;21751;3.9;8.1;7.1;0.1;0.1;0.2;null;
mullerlight-strawberry-175g;Müller Light Strawberry Yogurt 175g;£0.70/unit;£0.40/100g;Yogurts;diet-low-fat-yogurts;51;4.2;7.8;7.1;0.1;0.1;null;0.2;
mullerlight-toffee---vanilla-6x175g;Müller Light Toffee & Vanilla Yogurt 6x175g;£3.00/unit;£0.29/100g;Yogurts;diet-low-fat-yogurts;51;4.1;7.9;7.1;0.1;0.1;null;0.2;
mullerlight-toffee-175g;Müller Light Toffee Yogurt 175g;£0.70/unit;£0.40/100g;Yogurts;diet-low-fat-yogurts;51;4.1;7.9;7.1;0.1;0.1;null;0.2;
mullerlight-vanilla-175g;Müller Light Vanilla Yogurt 175g;£0.70/unit;£0.40/100g;Yogurts;diet-low-fat-yogurts;51;4.4;7.5;7.0;0.1;0.1;null;0.2;
munch-bunch-apple---strawberry-pouches-4x90g;Munch Bunch Apple & Strawberry Yogurt Squashums 4x90g;£1.50/unit;£0.42/100g;Yogurts;kids-yogurts;67;0.4;15.7;14.0;0.3;0.0;null;0.0;
munch-bunch-double-up-banana-4x85g;Munch Bunch Double Up Fromage Frais Strawberry & Banana 4x85g;£1.70/unit;£0.50/100g;Yogurts;kids-yogurts;104;6.1;13.9;13.5;2.7;1.8;null;0.1;
munch-bunch-double-up-fromage-frais-strawberry---chocolate-4x85g;Munch Bunch Double Up Fromage Frais Strawberry & Chocolate 4x85g;£1.70/unit;£0.50/100g;Yogurts;kids-yogurts;112;6.2;15.0;14.5;3.0;2.0;null;0.1;
munch-bunch-double-up-strawberry---raspberry-4x85g;Munch Bunch Double Up Fromage Frais Strawberry & Raspberry 4x85g;£1.70/unit;£0.50/100g;Yogurts;kids-yogurts;103;5.9;13.9;13.4;2.7;1.8;null;0.1;
munch-bunch-double-up-vanilla-4x85g;Munch Bunch Double Up Fromage Frais Strawberry & Vanilla 4x85g;£1.70/unit;£0.50/100g;Yogurts;kids-yogurts;103;5.9;13.9;13.4;2.7;1.7;null;0.1;
munch-bunch-fromage-frais-6x42g;Munch Bunch Fromage Frais 6x42g;£1.70/unit;£0.67/100g;Yogurts;kids-yogurts;103;5.7;13.3;12.7;3.0;1.9;null;0.1;
munch-bunch-fruit-yogurt-4x100g;Munch Bunch Fruit Yogurt 4x100g;£1.70/unit;£0.43/100g;Yogurts;kids-yogurts;95;4.0;13.0;12.4;3.0;1.9;null;0.2;
munch-bunch-raspberry---strawberry-pouches-4x80g;Munch Bunch Raspberry & Strawberry Pouches 4x80g;£1.50/unit;£0.47/100g;Yogurts;kids-yogurts;null;null;null;null;null;null;null;null;
munch-bunch-seasonal-squashums-6x60g;Munch Bunch Seasonal Squashums Yogurt 6x60g;£1.50/unit;£0.42/100g;Yogurts;kids-yogurts;94;3.9;13.6;13.2;2.7;1.8;null;0.3;
munch-bunch-strawberry---raspberry-6x42g-7744370-p-44;Munch Bunch Strawberry & Raspberry, 30% Less Sugar 6x42g;£1.00/unit;£0.39/100g;Yogurts;kids-yogurts;87;5.8;9.6;8.7;2.9;1.9;null;0.1;
munch-bunch-strawberry---raspberry-6x42g;Munch Bunch Strawberry & Raspberry Yogurt 6x42g;£1.70/unit;£0.67/100g;Yogurts;kids-yogurts;102;5.7;13.3;12.6;3;1.9;null;0.1;
munch-bunch-strawberry-drinky-6x90g;Munch Bunch Strawberry Drinky 6x90g;£1.50/unit;£0.28/100g;Yogurts;kids-yogurts;76;2.8;13.1;12.7;1.3;0.9;null;0.1;
munch-bunch-strawberry-jelly-4x85g;Munch Bunch Jelly Delight Strawberry 4x85g;£1.70/unit;£0.50/100g;Yogurts;kids-yogurts;86;3.9;13.9;13.2;1.6;1.1;null;0.1;
munch-bunch-strawberry-jelly-4x85g;Munch Bunch Jelly Delight Strawberry 4x85g;£1.70/unit;£0.50/100g;Yogurts;rice-dessert-style-yogurts;86;3.9;13.9;13.2;1.6;1.1;null;0.1;
my-dolmio-cheesy-tomato-sauce-150g;Dolmio Microwaveable Pasta Sauce Tomato & Cheese 150g;£1.50/unit;£1.00/100g;Cooking sauces & world foods;italian-cooking-sauces;44;1.5;7.8;4.8;0.6;0.2;null;0.61;
my-dolmio-creamy-tomato-sauce-150g;Dolmio Microwaveable Pasta Sauce Creamy Tomato 150g;£1.50/unit;£1.00/100g;Cooking sauces & world foods;italian-cooking-sauces;57;1.2;6.6;3.8;2.6;1.7;null;0.55;
my-dolmio-meatball-bolognese-sauce-150g;Dolmio Bolognese Sauce Meatball Microwaveable 150g;£1.50/unit;£1.00/100g;Cooking sauces & world foods;italian-cooking-sauces;50;2.5;6.9;3.4;1.0;0.3;null;0.58;
my-dolmio-pasta-shells-pouch-200g;Dolmio Pasta Shells Pouch 200g;£1.50/unit;£0.75/100g;Rice, pasta & noodles;pasta;142;5.9;26.0;1.0;1.4;0.3;null;0.02;
my-dolmio-pasta-twists-200g;Dolmio My Dolmio Pasta Twists 200g;£1.50/unit;£0.75/100g;Rice, pasta & noodles;pasta;143;6.9;24.7;0.9;1.5;0.4;null;0.05;
n%C3%A1kd-berry-delight-cereal-bars-4x35g;Nakd Berry Delight Cereal Bars 4x35g;£2.50/unit;£1.79/100g;Biscuits & crackers;cereal-bars-breakfast-biscuits;385;8.6;52.0;47.4;14.8;2.9;6.4;0.1;
n%C3%A1kd-berry-delight-cereal-bars-4x35g;Nakd Berry Delight Cereal Bars 4x35g;£2.50/unit;£1.79/100g;Breakfast cereals;breakfast-cereal-bars-breakfast-biscuits;385;8.6;52.0;47.4;14.8;2.9;6.4;0.1;
n%C3%A1kd-cereal-bar--cocoa-delight-35g;Nakd Bar Cocoa Delight 35g;£0.75/unit;£2.14/100g;Biscuits & crackers;biscuits-crackers-freefrom;386;9.4;49.4;45.3;15.1;3.1;6.8;0.1;
n%C3%A1kd-cereal-bar--cocoa-delight-35g;Nakd Bar Cocoa Delight 35g;£0.75/unit;£2.14/100g;Biscuits & crackers;cereal-bars-breakfast-biscuits;386;9.4;49.4;45.3;15.1;3.1;6.8;0.1;
n%C3%A1kd-cereal-bar--cocoa-delight-35g;Nakd Bar Cocoa Delight 35g;£0.75/unit;£2.14/100g;Breakfast cereals;breakfast-cereal-bars-breakfast-biscuits;386;9.4;49.4;45.3;15.1;3.1;6.8;0.1;
n%C3%A1kd-cocoa-delight-wholefood-cereal-bars-x4-140g;Nakd Cocoa Delight Wholefood Cereal Bars 4x35g;£2.50/unit;£1.79/100g;Biscuits & crackers;cereal-bars-breakfast-biscuits;386;9.4;49.4;45.3;15.1;3.1;6.8;0.1;
n%C3%A1kd-cocoa-delight-wholefood-cereal-bars-x4-140g;Nakd Cocoa Delight Wholefood Cereal Bars 4x35g;£2.50/unit;£1.79/100g;Breakfast cereals;breakfast-cereal-bars-breakfast-biscuits;386;9.4;49.4;45.3;15.1;3.1;6.8;0.1;
n%C3%A1kd-cocoa-mint-raw-fruit---nut-cereal-bars-4x35g;Nakd Cocoa Mint Raw Fruit & Nut Cereal Bars 4x35g;£2.50/unit;£1.56/100g;Biscuits & crackers;cereal-bars-breakfast-biscuits;386;9.4;49.4;45.3;15.1;3.1;6.8;0.1;
n%C3%A1kd-cocoa-mint-raw-fruit---nut-cereal-bars-4x35g;Nakd Cocoa Mint Raw Fruit & Nut Cereal Bars 4x35g;£2.50/unit;£1.56/100g;Breakfast cereals;breakfast-cereal-bars-breakfast-biscuits;386;9.4;49.4;45.3;15.1;3.1;6.8;0.1;
nairns-caramelised-onion-oaty-bakes-23g;Nairn's Caramelised Onion Oaty Bakes 23g;£0.39/unit;£1.70/100g;Biscuits & crackers;biscuits-crackers-freefrom;455;10.0;60.8;4.5;17.4;1.7;7.4;2.03;
nairns-cheese-oatcakes--gluten-free-135g;Nairn's Cheese Oatcakes 135g;£1.50/unit;£1.11/100g;Biscuits & crackers;biscuits-crackers-freefrom;498;14.8;44.4;1.0;25.7;9.2;7.3;2.07;
nairns-cheese-oatcakes-200g;Nairn's Cheese Oatcakes 200g;£1.25/unit;£0.63/100g;Biscuits & crackers;crackers-savoury-biscuits;473;13.6;44.7;0.6;26.6;12.0;7.2;2.8;
nairns-cheese-oatcakes-200g;Nairn's Cheese Oatcakes 200g;£1.25/unit;£0.63/100g;Biscuits & crackers;healthier-biscuits-crackers;473;13.6;44.7;0.6;26.6;12.0;7.2;2.8;
nairns-dark-chocolate-chip-oat-biscuit-200g;Nairn's Dark Chocolate Chip Oat Biscuit 200g;£1.15/unit;£0.58/100g;Biscuits & crackers;healthier-biscuits-crackers;454;8.1;63.8;19.0;16.9;7.7;6.7;0.78;
nairns-fine-oatcakes-218g;Nairn's Fine Oatcakes 218g;£1.00/unit;£0.46/100g;Biscuits & crackers;crackers-savoury-biscuits;462;10.9;55;0.9;19.9;8.6;9.6;1.67;
nairns-goodfellas-biscuit-breaks-oats---fruit-160g;Nairn's Biscuit Break Oat & Fruit 160g;£1.60/unit;£1.00/100g;Biscuits & crackers;biscuits-crackers-freefrom;469;8.2;60.8;22.4;19.1;7.9;5.7;1.1;
nairns-goodfellas-biscuit-breaks-oats---fruit-160g;Nairn's Biscuit Break Oat & Fruit 160g;£1.60/unit;£1.00/100g;Biscuits & crackers;crackers-savoury-biscuits;469;8.2;60.8;22.4;19.1;7.9;5.7;1.1;
nairns-goodfellas-biscuit-breaks-oats---syrup-160g;Nairn's Biscuit Break Oat & Syrup 160g;£1.60/unit;£1.00/100g;Biscuits & crackers;biscuits-crackers-freefrom;469;8.6;59.2;16.6;20.4;8.3;7.2;1.17;
nairns-goodfellas-biscuit-breaks-oats---syrup-160g;Nairn's Biscuit Break Oat & Syrup 160g;£1.60/unit;£1.00/100g;Biscuits & crackers;crackers-savoury-biscuits;469;8.6;59.2;16.6;20.4;8.3;7.2;1.17;
nairns-goodfellas-chocolate-biscuit-breaks-160g;Nairn's Chocolate Biscuit Breaks 160g;£1.60/unit;£1.00/100g;Biscuits & crackers;biscuits-crackers-freefrom;470;7.6;61.8;22.7;20.1;9.2;5.5;1.03;
nairns-goodfellas-chocolate-biscuit-breaks-160g;Nairn's Chocolate Biscuit Breaks 160g;£1.60/unit;£1.00/100g;Biscuits & crackers;chocolate-biscuits;470;7.6;61.8;22.7;20.1;9.2;5.5;1.03;
nairns-goodfellas-chocolate-biscuit-breaks-160g;Nairn's Chocolate Biscuit Breaks 160g;£1.60/unit;£1.00/100g;Biscuits & crackers;healthier-biscuits-crackers;470;7.6;61.8;22.7;20.1;9.2;5.5;1.03;
nairns-goodfellas-wholegrain-crackers-114g;Nairn's Wholegrain Crackers 114g;£1.50/unit;£1.32/100g;Biscuits & crackers;crackers-savoury-biscuits;460;10.6;58.9;1.8;16.8;6.6;7.6;1.80;
nairns-goodfellas-wholegrain-crackers-114g;Nairn's Wholegrain Crackers 114g;£1.50/unit;£1.32/100g;Biscuits & crackers;healthier-biscuits-crackers;460;10.6;58.9;1.8;16.8;6.6;7.6;1.80;
nairns-herb---seeded-oatcakes--gluten-free-135g;Nairn's Herb & Seeded Oatcakes 135g;£1.50/unit;£1.11/100g;Biscuits & crackers;biscuits-crackers-freefrom;490;12.6;51.0;1.6;21.9;7.8;9.4;1.63;
nairns-oatcakes--gluten-free-160g;Nairn's Oatcakes 160g;£1.50/unit;£0.94/100g;Biscuits & crackers;biscuits-crackers-freefrom;484;12.4;53.3;0.9;20.8;7.5;8.5;1.60;
nairns-oaty-bakes-cheese-23g;Nairn's Cheese Snackers 23g;£0.39/unit;£1.70/100g;Biscuits & crackers;biscuits-crackers-freefrom;447;15.2;57;1.4;15.9;7.1;7.3;1.83;
nairns-organic-oatcake-250g;Nairn's Organic Oatcake 250g;£1.09/unit;£0.44/100g;Biscuits & crackers;crackers-savoury-biscuits;441;9.6;59.0;0.6;16.7;4.2;7.9;1.60;
nairns-organic-oatcake-250g;Nairn's Organic Oatcake 250g;£1.09/unit;£0.44/100g;Biscuits & crackers;healthier-biscuits-crackers;441;9.6;59.0;0.6;16.7;4.2;7.9;1.60;
nairns-rough-oatcake-291g;Nairn's Rough Oatcake 291g;£1.00/unit;£0.34/100g;Biscuits & crackers;crackers-savoury-biscuits;431;10.2;58.6;1.3;17.3;4;8;1.53;
nairns-rough-oatcake-291g;Nairn's Rough Oatcake 291g;£1.00/unit;£0.34/100g;Biscuits & crackers;healthier-biscuits-crackers;431;10.2;58.6;1.3;17.3;4;8;1.53;
nairns-wheat-free--ginger-biscuits-200g;Nairn's Wheat Free, Ginger Biscuits 200g;£1.15/unit;£0.58/100g;Biscuits & crackers;healthier-biscuits-crackers;438;8.1;65.9;17.2;14.4;5.9;5.9;0.91;
nakd-bakewell-tart-35g;Nakd Bakewell Tart 35g;£0.75/unit;£2.14/100g;Biscuits & crackers;biscuits-crackers-freefrom;391;7.5;50.3;45.6;17.0;3.3;4.9;0.1;
nakd-bakewell-tart-35g;Nakd Bakewell Tart 35g;£0.75/unit;£2.14/100g;Biscuits & crackers;cereal-bars-breakfast-biscuits;391;7.5;50.3;45.6;17.0;3.3;4.9;0.1;
nakd-bakewell-tart-35g;Nakd Bakewell Tart 35g;£0.75/unit;£2.14/100g;Breakfast cereals;breakfast-cereal-bars-breakfast-biscuits;391;7.5;50.3;45.6;17.0;3.3;4.9;0.1;
nakd-cashew-cookie-bar--gluten-free-35g;Nakd Bar Cashew Cookie 35g;£0.75/unit;£2.14/100g;Biscuits & crackers;biscuits-crackers-freefrom;410;10.0;46.0;39.2;23.4;4.6;4.7;0.1;
nakd-cashew-cookie-bar--gluten-free-35g;Nakd Bar Cashew Cookie 35g;£0.75/unit;£2.14/100g;Biscuits & crackers;cereal-bars-breakfast-biscuits;410;10.0;46.0;39.2;23.4;4.6;4.7;0.1;
nakd-cashew-cookie-bar--gluten-free-35g;Nakd Bar Cashew Cookie 35g;£0.75/unit;£2.14/100g;Breakfast cereals;breakfast-cereal-bars-breakfast-biscuits;410;10.0;46.0;39.2;23.4;4.6;4.7;0.1;
nakd-cocoa-crunch-bars-4x30g;Nakd Cocoa Crunch Bars 4x30g;£2.50/unit;£2.08/100g;Biscuits & crackers;cereal-bars-breakfast-biscuits;351;18.4;47.2;42.9;8.8;2.0;6.3;0.6;
nakd-cocoa-crunch-bars-4x30g;Nakd Cocoa Crunch Bars 4x30g;£2.50/unit;£2.08/100g;Breakfast cereals;breakfast-cereal-bars-breakfast-biscuits;351;18.4;47.2;42.9;8.8;2.0;6.3;0.6;
nakd-cocoa-orange-bar--gluten-free-35g;Nakd Bar Cocoa Orange 35g;£0.75/unit;£2.14/100g;Biscuits & crackers;biscuits-crackers-freefrom;415;11.0;45.1;38.9;20.0;4.2;6.4;0.1;
nakd-cocoa-orange-bar--gluten-free-35g;Nakd Bar Cocoa Orange 35g;£0.75/unit;£2.14/100g;Biscuits & crackers;cereal-bars-breakfast-biscuits;415;11.0;45.1;38.9;20.0;4.2;6.4;0.1;
nakd-cocoa-orange-bar--gluten-free-35g;Nakd Bar Cocoa Orange 35g;£0.75/unit;£2.14/100g;Breakfast cereals;breakfast-cereal-bars-breakfast-biscuits;415;11.0;45.1;38.9;20.0;4.2;6.4;0.1;
nakd-cocoa-orange-bars-4x35g;Nakd Cocoa Orange Bars 4x35g;£2.50/unit;£1.79/100g;Biscuits & crackers;cereal-bars-breakfast-biscuits;415;11.0;45.1;38.9;20.0;4.2;6.4;0.1;
nakd-cocoa-orange-bars-4x35g;Nakd Cocoa Orange Bars 4x35g;£2.50/unit;£1.79/100g;Breakfast cereals;breakfast-cereal-bars-breakfast-biscuits;415;11.0;45.1;38.9;20.0;4.2;6.4;0.1;
nakd-freefrom-berry-delight-bits-130g;Nakd Bits Berry Delight  130g;£2.00/unit;£1.54/100g;Biscuits & crackers;biscuits-crackers-freefrom;385;8.6;52.0;47.4;14.8;2.9;6.4;0;
nakd-freefrom-berry-delight-bits-130g;Nakd Bits Berry Delight  130g;£2.00/unit;£1.54/100g;Biscuits & crackers;cereal-bars-breakfast-biscuits;385;8.6;52.0;47.4;14.8;2.9;6.4;0;
nakd-freefrom-berry-delight-bits-130g;Nakd Bits Berry Delight  130g;£2.00/unit;£1.54/100g;Breakfast cereals;breakfast-cereal-bars-breakfast-biscuits;385;8.6;52.0;47.4;14.8;2.9;6.4;0;
nakd-freefrom-cocoa-delight-bits-130g;Nakd Bits Cocoa Delight 130g;£2.00/unit;£1.54/100g;Biscuits & crackers;biscuits-crackers-freefrom;386;9.4;49.4;45.3;15.1;3.1;6.8;0;
nakd-freefrom-cocoa-delight-bits-130g;Nakd Bits Cocoa Delight 130g;£2.00/unit;£1.54/100g;Biscuits & crackers;cereal-bars-breakfast-biscuits;386;9.4;49.4;45.3;15.1;3.1;6.8;0;
nakd-freefrom-cocoa-delight-bits-130g;Nakd Bits Cocoa Delight 130g;£2.00/unit;£1.54/100g;Breakfast cereals;breakfast-cereal-bars-breakfast-biscuits;386;9.4;49.4;45.3;15.1;3.1;6.8;0;
nakd-freefrom-rhubarb---custard-bar-35g;Nakd Bar Rhubarb & Custard 35g;£0.75/unit;£2.14/100g;Biscuits & crackers;biscuits-crackers-freefrom;365;6.6;55.1;51.7;12.1;2.4;5.0;0.1;
nakd-freefrom-rhubarb---custard-bar-35g;Nakd Bar Rhubarb & Custard 35g;£0.75/unit;£2.14/100g;Biscuits & crackers;cereal-bars-breakfast-biscuits;365;6.6;55.1;51.7;12.1;2.4;5.0;0.1;
nakd-ginger-bread-bar-35g;Nakd Bar Ginger Bread 35g;£0.75/unit;£2.14/100g;Biscuits & crackers;biscuits-crackers-freefrom;450;10.0;35.4;33.0;30.8;2.5;9.4;0.1;
nakd-ginger-bread-bar-35g;Nakd Bar Ginger Bread 35g;£0.75/unit;£2.14/100g;Biscuits & crackers;cereal-bars-breakfast-biscuits;450;10.0;35.4;33.0;30.8;2.5;9.4;0.1;
nakd-ginger-bread-bar-35g;Nakd Bar Ginger Bread 35g;£0.75/unit;£2.14/100g;Breakfast cereals;breakfast-cereal-bars-breakfast-biscuits;450;10.0;35.4;33.0;30.8;2.5;9.4;0.1;
nakd-pecan-pie-bar-35g;Nakd Bar Pecan Pie 35g;£0.75/unit;£2.14/100g;Biscuits & crackers;biscuits-crackers-freefrom;477;7.6;36.4;34.4;31.4;2.6;8.9;0.1;
nakd-pecan-pie-bar-35g;Nakd Bar Pecan Pie 35g;£0.75/unit;£2.14/100g;Biscuits & crackers;cereal-bars-breakfast-biscuits;477;7.6;36.4;34.4;31.4;2.6;8.9;0.1;
nakd-pecan-pie-bar-35g;Nakd Bar Pecan Pie 35g;£0.75/unit;£2.14/100g;Breakfast cereals;breakfast-cereal-bars-breakfast-biscuits;477;7.6;36.4;34.4;31.4;2.6;8.9;0.1;
nakd-rhubarb---custard-bars-4x35g;Nakd Rhubarb & Custard Bars 4x35g;£2.50/unit;£0.63/ea;Biscuits & crackers;cereal-bars-breakfast-biscuits;365;6.6;55.1;51.7;12.1;2.4;5.0;0.1;
nakd-rhubarb---custard-bars-4x35g;Nakd Rhubarb & Custard Bars 4x35g;£2.50/unit;£0.63/ea;Breakfast cereals;breakfast-cereal-bars-breakfast-biscuits;365;6.6;55.1;51.7;12.1;2.4;5.0;0.1;
nakd-strawberry-crunch-4x30g;Nakd Strawberry Crunch 4x30g;£2.50/unit;£2.08/100g;Biscuits & crackers;cereal-bars-breakfast-biscuits;357;18.4;49.2;44.8;9.1;1.8;4.5;0.6;
nakd-strawberry-crunch-4x30g;Nakd Strawberry Crunch 4x30g;£2.50/unit;£2.08/100g;Breakfast cereals;breakfast-cereal-bars-breakfast-biscuits;357;18.4;49.2;44.8;9.1;1.8;4.5;0.6;
nakd-strawberry-crunch-bar-30g;Nakd Bar Strawberry Crunch 30g;£0.75/unit;£2.50/100g;Biscuits & crackers;biscuits-crackers-freefrom;357;18.4;49.2;44.8;9.1;1.8;4.5;0.6;
nakd-strawberry-crunch-bar-30g;Nakd Bar Strawberry Crunch 30g;£0.75/unit;£2.50/100g;Biscuits & crackers;cereal-bars-breakfast-biscuits;357;18.4;49.2;44.8;9.1;1.8;4.5;0.6;
nakd-strawberry-crunch-bar-30g;Nakd Bar Strawberry Crunch 30g;£0.75/unit;£2.50/100g;Breakfast cereals;breakfast-cereal-bars-breakfast-biscuits;357;18.4;49.2;44.8;9.1;1.8;4.5;0.6;
naked-coconut-water-500ml;Naked Coconut Water 500ml;£2.50/unit;£0.50/100ml;Chilled fruit juice & smoothies;coconut-water;11;0.1;2.6;2.5;0;0;0.1;0.1;
naked-noodle-in-hoisin-duck-sauce-50g;Naked Noodle In Hoisin Duck Sauce 50g;£1.00/unit;£20.00/kg;Rice, pasta & noodles;instant-snack-meals;110;2.4;16.8;2.9;3.6;1.9;0.5;0.51;
naked-noodles-in-teriyaki-sauce-50g;Naked Noodles In Teriyaki Sauce 50g;£1.00/unit;£20.00/kg;Rice, pasta & noodles;instant-snack-meals;117;2.9;17.1;2.1;4.0;2.1;0.6;null;
naked-ramen-noodle-soup--hot---sour-50g;Naked Noodle Ramen Noodle Soup, Hot & Sour 50g;£1.00/unit;£20.00/kg;Cooking sauces & world foods;world-foods-instant-snack-meals;86;2.2;12.3;2.2;2.8;1.5;1.4;null;
naked-ramen-noodle-soup--hot---sour-50g;Naked Noodle Ramen Noodle Soup, Hot & Sour 50g;£1.00/unit;£20.00/kg;Rice, pasta & noodles;instant-snack-meals;86;2.2;12.3;2.2;2.8;1.5;1.4;null;
naked-ramen-noodle-soup--thai-style-chicken-50g;Naked Noodle Ramen Noodle Soup, Thai Style Chicken 50g;£1.00/unit;£20.00/kg;Cooking sauces & world foods;world-foods-instant-snack-meals;87;2.3;11.8;1.1;3.2;1.7;0.9;0.53;
naked-ramen-noodle-soup--thai-style-chicken-50g;Naked Noodle Ramen Noodle Soup, Thai Style Chicken 50g;£1.00/unit;£20.00/kg;Rice, pasta & noodles;instant-snack-meals;87;2.3;11.8;1.1;3.2;1.7;0.9;0.53;
naked-rice-pot--pork-char-sui-rice-70g;Naked Rice Pot, Pork Char Sui Rice 70g;£1.00/unit;£14.28/kg;Cooking sauces & world foods;world-foods-instant-snack-meals;96;2.0;21.2;1.8;0.2;0.1;0.9;0.61;
naked-rice-pot--pork-char-sui-rice-70g;Naked Rice Pot, Pork Char Sui Rice 70g;£1.00/unit;£14.28/kg;Rice, pasta & noodles;instant-snack-meals;96;2.0;21.2;1.8;0.2;0.1;0.9;0.61;
naked-smoothie-blue-machine-450ml;Naked Smoothie Blue Machine 450ml;£2.40/unit;£0.53/100ml;Chilled fruit juice & smoothies;chilled-smoothies;54;0.4;11.6;11.4;0;0;1.3;0;
naked-smoothie-green-machine-450ml;Naked Smoothie Green Machine 450ml;£2.40/unit;£0.53/100ml;Chilled fruit juice & smoothies;chilled-smoothies;57;0.8;11.7;11.5;0;0;1.3;0;
naked-smoothie-mango-machine-450ml;Naked Smoothie Mango Machine 450ml;£2.40/unit;£0.53/100ml;Chilled fruit juice & smoothies;chilled-smoothies;52;0.1;12.2;11.9;0.1;0;1.9;0;
naked-smoothie-red-machine-450ml;Naked Smoothie Red Machine 450ml;£2.40/unit;£0.53/100ml;Chilled fruit juice & smoothies;chilled-smoothies;51;0.1;11.3;11.1;0.1;0;1.2;0;
nandos-bbq-rub-25g;Nando's BBQ Rub 25g;£1.00/unit;£4.00/100g;Table sauces, dressings & condiments;marinades-glazes;null;null;null;null;null;null;null;null;
nandos-bbq-rub-25g;Nando's BBQ Rub 25g;£1.00/unit;£4.00/100g;Table sauces, dressings & condiments;tomato-ketchup-brown-bbq-other-sauces;null;null;null;null;null;null;null;null;
nandos-garlic-peri-peri-sauce-125ml;Nando's Garlic Peri-Peri Sauce 125ml;£2.00/unit;£1.60/100g;Table sauces, dressings & condiments;tomato-ketchup-brown-bbq-other-sauces;null;null;null;null;null;null;null;null;
nandos-hot-coat-n-cook-for-peri-peri-chicken-120g;Nando's Hot Coat 'n Cook for Peri Peri Chicken 120g;£1.00/unit;£0.83/100g;Table sauces, dressings & condiments;marinades-glazes;null;null;null;null;null;null;null;null;
nandos-hot-peri-peri-marinade-260g;Nando's Hot Peri-Peri Marinade 260g;£2.00/unit;£0.77/100g;Table sauces, dressings & condiments;marinades-glazes;103;1.4;15;5.2;4.0;0.4;0.9;21890;
nandos-hot-peri-peri-sauce-125ml;Nando's Hot Peri-Peri Sauce 125ml;£2.00/unit;£1.60/100g;Table sauces, dressings & condiments;tomato-ketchup-brown-bbq-other-sauces;null;null;null;null;null;null;null;null;
nandos-hot-rub-25g;Nando's Hot Rub 25g;£1.00/unit;£4.00/100g;Table sauces, dressings & condiments;marinades-glazes;null;null;null;null;null;null;null;null;
nandos-hot-rub-25g;Nando's Hot Rub 25g;£1.00/unit;£4.00/100g;Table sauces, dressings & condiments;tomato-ketchup-brown-bbq-other-sauces;null;null;null;null;null;null;null;null;
nandos-lemon---herb-coat-n-cook-for-peri-peri-chicken-120g;Nando's Lemon & Herb Coat 'n Cook for Peri-Peri Chicken 120g;£1.00/unit;£0.83/100g;Table sauces, dressings & condiments;marinades-glazes;null;null;null;null;null;null;null;null;
nandos-lemon---herb-marinade-270g;Nando's Lemon & Herb Marinade 270g;£2.00/unit;£0.77/100g;Table sauces, dressings & condiments;marinades-glazes;null;null;null;null;null;null;null;null;
nandos-lemon---herb-marinade-270g;Nando's Lemon & Herb Marinade 270g;£2.00/unit;£0.77/100g;Table sauces, dressings & condiments;tomato-ketchup-brown-bbq-other-sauces;null;null;null;null;null;null;null;null;
nandos-lemon---herb-peri-peri-sauce-125ml;Nando's Lemon & Herb Peri-Peri Sauce 125ml;£2.00/unit;£1.60/100g;Table sauces, dressings & condiments;tomato-ketchup-brown-bbq-other-sauces;null;null;null;null;null;null;null;null;
nandos-medium-peri-peri-sauce-125ml;Nando's Medium Peri-Peri Sauce 125ml;£2.00/unit;£1.60/100g;Table sauces, dressings & condiments;tomato-ketchup-brown-bbq-other-sauces;null;null;null;null;null;null;null;null;
nandos-medium-rub-25g;Nando's Medium Rub 25g;£1.00/unit;£4.00/100g;Table sauces, dressings & condiments;marinades-glazes;null;null;null;null;null;null;null;null;
nandos-medium-rub-25g;Nando's Medium Rub 25g;£1.00/unit;£4.00/100g;Table sauces, dressings & condiments;tomato-ketchup-brown-bbq-other-sauces;null;null;null;null;null;null;null;null;
nandos-peri-peri-chip-sprinkle-90g;Nando's Peri Peri Salt 70g;£1.50/unit;£0.22/10g;Cooking ingredients & oils;herbs-spices-seasoning;105;4.5;9.8;1.7;3.8;0.7;null;65.0;
nandos-peri-peri-marinade--medium-270g;Nando's Peri-Peri Marinade, Medium 270g;£2.00/unit;£0.76/100g;Table sauces, dressings & condiments;marinades-glazes;null;null;null;null;null;null;null;null;
nandos-peri-peri-marinade--medium-270g;Nando's Peri-Peri Marinade, Medium 270g;£2.00/unit;£0.76/100g;Table sauces, dressings & condiments;tomato-ketchup-brown-bbq-other-sauces;null;null;null;null;null;null;null;null;
napolina-5-bean-salad-400g;Napolina 5 Bean Salad 400g (240g*);£1.00/unit;£4.17/kg;Canned, tinned & packaged foods;pulses-beans;119;7;19.5;0.3;1;0.3;2;null;
napolina-balsamic-vinegar-2-250ml;Napolina Balsamic Vinegar 250ml;£2.50/unit;£10.00/ltr;Table sauces, dressings & condiments;salad-dressings;135;1.5;27.0;25.0;0;0;0;0;
napolina-balsamic-vinegar-2-250ml;Napolina Balsamic Vinegar 250ml;£2.50/unit;£10.00/ltr;Vinegar, pickles, olives & antipasti;vinegar;135;1.5;27.0;25.0;0;0;0;0;
napolina-bolognese-sauce-350g;Napolina Bolognese Sauce 350g;£1.50/unit;£0.43/100g;Cooking sauces & world foods;italian-cooking-sauces;60;1.7;11.0;null;1.0;null;null;null;
napolina-bronze-die-fusilli-500g;Napolina Bronze Die Fusilli 500g;£1.55/unit;£3.10/kg;Rice, pasta & noodles;pasta;null;null;null;null;null;null;null;null;
napolina-bronze-die-penne-bag-500g;Napolina Bronze Die Penne 500g;£1.55/unit;£3.10/kg;Rice, pasta & noodles;pasta;359;13.5;74.0;null;1;null;null;null;
napolina-bronze-die-spaghetti-500g;Napolina Bronze Die Spaghetti 500g;£1.55/unit;£3.10/kg;Rice, pasta & noodles;pasta;359;13.5;74.0;null;1.0;null;null;null;
napolina-bronze-die-tortiglioni-500g;Napolina Bronze Die Tortiglioni 500g;£1.55/unit;£3.10/kg;Rice, pasta & noodles;pasta;null;null;null;null;null;null;null;null;
napolina-butter-beans-400g;Napolina Butter Beans 400g (240g*);£0.80/unit;£3.33/kg;Canned, tinned & packaged foods;pulses-beans;105;5.7;17.7;0.3;0.8;0.1;2.0;0.06;
napolina-cannellini-beans-400g;Napolina Cannellini Beans 400g (240g*);£0.80/unit;£3.33/kg;Canned, tinned & packaged foods;pulses-beans;91;5.3;15.7;0.3;0.4;0.1;1.8;0.09;
napolina-chick-peas-400g;Napolina Chick Peas 400g (240g*);£0.80/unit;£3.33/kg;Canned, tinned & packaged foods;pulses-beans;127;7.4;19.0;0.3;1.7;0.3;3.0;0.02;
napolina-chopped-tomatoes---herbs-400g;Napolina Chopped Tomatoes & Herbs 400g;£1.35/unit;£3.38/kg;Canned, tinned & packaged foods;canned-tinned-packaged-tomatoes;24;1.3;4.3;null;0.2;null;null;null;
napolina-chopped-tomatoes-227g;Napolina Chopped Tomatoes 227g;£0.80/unit;£3.52/kg;Canned, tinned & packaged foods;canned-tinned-packaged-tomatoes;22;1.1;3.5;null;0.4;null;null;null;
napolina-chopped-tomatoes-400g;Napolina Chopped Tomatoes 400g;£1.00/unit;£2.50/kg;Canned, tinned & packaged foods;canned-tinned-packaged-tomatoes;22;1.1;3.5;3.3;0.4;0;0.3;null;
napolina-chopped-tomatoes-4x400g;Napolina Chopped Tomatoes 4x400g;£2.00/unit;£1.25/kg;Canned, tinned & packaged foods;canned-tinned-packaged-tomatoes;22;1.1;3.5;3.3;0.4;0;0.3;null;
napolina-chopped-tomatoes-with-pepper---chilli-400g;Napolina Chopped Tomatoes With Pepper & Chilli 400g;£1.35/unit;£3.38/kg;Canned, tinned & packaged foods;canned-tinned-packaged-tomatoes;24;1.3;4.3;null;0.2;null;null;null;
napolina-conchiglie-500g;Napolina Conchiglie 500g;£1.55/unit;£3.10/kg;Rice, pasta & noodles;pasta;360;13.5;73.0;2.0;1.5;0.2;3.5;null;
napolina-extra-virgin-olive-oil-500ml;Napolina Extra Virgin Olive Oil 500ml;£3.10/unit;£0.62/100ml;Cooking ingredients & oils;oils;823;0;0;0;91.4;13.1;0;null;
napolina-farfalle-bag-500g;Napolina Farfalle 500g;£1.55/unit;£3.10/kg;Rice, pasta & noodles;pasta;null;null;null;null;null;null;null;null;
napolina-fusilli-500g;Napolina Fusilli 500g;£1.55/unit;£3.10/kg;Rice, pasta & noodles;pasta;360;13.5;73.0;2.0;1.5;0.2;3.5;null;
napolina-italian-grated-cheese-50g;Napolina Italian Grated Cheese 50g;£1.75/unit;£35.00/kg;Cooking sauces & world foods;italian-cooking-sauces;null;null;null;null;null;null;null;null;
napolina-light---mild-olive-oil-1l;Napolina Light & Mild Olive Oil 1L;£4.00/unit;£0.40/100ml;Cooking ingredients & oils;oils;823;0;0;0;91.4;13.1;0;0;
napolina-light---mild-olive-oil-500ml;Napolina Light & Mild Olive Oil 500ml;£3.00/unit;£0.60/100ml;Cooking ingredients & oils;oils;823;0;0;0;91.4;13.1;0;0;
napolina-olive-oil--extra-virgin-1l;Napolina Olive Oil, Extra Virgin 1L;£4.00/unit;£0.40/100ml;Cooking ingredients & oils;oils;823;0;0;0;91.4;13.1;0;0;
napolina-olive-oil--extra-virgin-250ml;Napolina Olive Oil, Extra Virgin 250ml;£2.10/unit;£0.84/100ml;Cooking ingredients & oils;oils;823;0;0;0;91.4;13.1;0;null;
napolina-olive-oil-1l;Napolina Olive Oil 1L;£4.00/unit;£0.40/100ml;Cooking ingredients & oils;oils;823;0;0;0;91.4;13.1;0;0;
napolina-olive-oil-250ml;Napolina Olive Oil 250ml;£2.00/unit;£0.80/100ml;Cooking ingredients & oils;oils;823;0;0;0;91.4;13.1;0;0;
napolina-olive-oil-500ml;Napolina Olive Oil 500ml;£3.00/unit;£0.60/100ml;Cooking ingredients & oils;oils;823;0;0;0;91.4;13.1;0;0;
napolina-oliver-oil--light---mild-250ml;Napolina Olive Oil, Light & Mild 250ml;£2.00/unit;£0.80/100ml;Cooking ingredients & oils;oils;823;0;0;0;91.4;13.1;0;0;
napolina-organic-chopped-tomatoes-400g;Napolina Organic Chopped Tomatoes 400g;£1.35/unit;£3.38/kg;Canned, tinned & packaged foods;canned-tinned-packaged-tomatoes;23;1.2;3.5;3.3;0.5;0;0.3;null;
napolina-passata-500g;Napolina Passata 500g;£1.00/unit;£2.00/kg;Canned, tinned & packaged foods;canned-tinned-packaged-tomatoes;25;1.4;4.5;null;0.1;null;null;null;
napolina-passata-500g;Napolina Passata 500g;£1.00/unit;£2.00/kg;Cooking sauces & world foods;italian-cooking-sauces;25;1.4;4.5;null;0.1;null;null;null;
napolina-passata-with-basil-390g;Napolina Passata With Basil 390g;£1.00/unit;£2.56/kg;Canned, tinned & packaged foods;canned-tinned-packaged-tomatoes;28;1.6;4.1;null;0.3;null;null;null;
napolina-peeled-plum-tomatoes-4x400g;Napolina Peeled Plum Tomatoes 4x400g;£2.00/unit;£1.25/kg;Canned, tinned & packaged foods;canned-tinned-packaged-tomatoes;23;1.2;3.5;3.3;0.5;0;0.3;null;
napolina-peeled-plum-tomatoes-in-tomato-sauce-400g;Napolina Peeled Plum Tomatoes In Tomato Sauce 400g;£1.00/unit;£2.50/kg;Canned, tinned & packaged foods;canned-tinned-packaged-tomatoes;22;1.3;3.4;3.4;0.2;0.0;0.9;0.13;
napolina-penne-500g;Napolina Penne 500g;£1.55/unit;£3.10/kg;Rice, pasta & noodles;pasta;null;null;null;null;null;null;null;null;
napolina-plum-tomatoes-227g;Napolina Plum Tomatoes 227g;£0.80/unit;£3.52/kg;Canned, tinned & packaged foods;canned-tinned-packaged-tomatoes;23;1.2;3.5;null;0.5;null;null;null;
napolina-red-kidney-beans-400g;Napolina Red Kidney Beans 400g (240g*);£0.80/unit;£3.33/kg;Canned, tinned & packaged foods;pulses-beans;150;7.5;26.5;0.5;0.5;0.1;4.9;0.06;
napolina-rigatoni-pasta-500g;Napolina Rigatoni Pasta 500g;£1.55/unit;£3.10/kg;Rice, pasta & noodles;pasta;null;null;null;null;null;null;null;null;
napolina-spaghetti-500g;Napolina Spaghetti 500g;£1.55/unit;£3.10/kg;Rice, pasta & noodles;pasta;360;13.5;73.0;2.0;1.5;0.2;3.5;null;
napolina-special-selection-olive-oil--extra-virgin-500ml;Napolina Special Selection Olive Oil, Extra Virgin 500ml;£3.00/unit;£0.60/100ml;Cooking ingredients & oils;oils;823;0;0;0;91.4;13.1;0;null;
napolina-tetra-chopped-tomatoes-390g;Napolina Tetra Chopped Tomatoes 390g;£1.00/unit;£2.56/kg;Canned, tinned & packaged foods;canned-tinned-packaged-tomatoes;22;1.1;3.5;null;0.4;null;null;null;
napolina-tomato---basil-sauce-350g;Napolina Pasta Sauce, Tomato & Basil 350g;£1.50/unit;£0.43/100g;Cooking sauces & world foods;italian-cooking-sauces;72;1.5;11.0;null;2.4;null;null;null;
napolina-tomato---chilli-sauce-350g;Napolina Pasta Sauce, Tomato & Chilli 350g;£1.50/unit;£0.43/100g;Cooking sauces & world foods;italian-cooking-sauces;60;1.4;11.6;null;0.9;null;null;null;
napolina-tomato---mascarpone-sauce-350g;Napolina Pasta Sauce, Tomato & Mascarpone 350g;£1.50/unit;£0.43/100g;Cooking sauces & world foods;italian-cooking-sauces;78;2.2;8.3;null;4.0;null;null;null;
napolina-tomato---red-pepper-sauce-350g;Napolina Pasta Sauce, Tomato & Red Pepper 350g;£1.50/unit;£0.43/100g;Cooking sauces & world foods;italian-cooking-sauces;55;1.2;10.4;null;1.0;null;null;null;
napolina-tomato-puree-142g;Napolina Tomato Puree 142g;£1.00/unit;£7.04/kg;Canned, tinned & packaged foods;canned-tinned-packaged-tomatoes;73;4.7;12.6;null;0.4;null;null;null;
napolina-tomato-puree-142g;Napolina Tomato Puree 142g;£1.00/unit;£7.04/kg;Cooking sauces & world foods;italian-cooking-sauces;73;4.7;12.6;null;0.4;null;null;null;
napolina-wholewheat-mafalda-corta-500g;Napolina Wholewheat Mafalda Corta 500g;£1.00/unit;£2.00/kg;Rice, pasta & noodles;pasta;null;null;null;null;null;null;null;null;
napolina-wholewheat-penne-500g;Napolina Wholewheat Penne 500g;£1.00/unit;£2.00/kg;Rice, pasta & noodles;pasta;335;14;63;3;3;0.1;9;null;
napolina-wholewheat-spaghetti-500g;Napolina Wholewheat Spaghetti 500g;£1.00/unit;£2.00/kg;Rice, pasta & noodles;pasta;null;null;null;null;null;null;null;null;
nature-valley-crunchy-granola-bars--canadian-maple-syrup-6x42g;Nature Valley Crunchy Bars, Canadian Maple Syrup 5x42g;£2.40/unit;£1.14/100g;Biscuits & crackers;biscuits-crackers-kids-lunchbox;457;7.9;64.6;28.0;17.1;2.7;6.2;0.7;
nature-valley-crunchy-granola-bars--canadian-maple-syrup-6x42g;Nature Valley Crunchy Bars, Canadian Maple Syrup 5x42g;£2.40/unit;£1.14/100g;Biscuits & crackers;cereal-bars-breakfast-biscuits;457;7.9;64.6;28.0;17.1;2.7;6.2;0.7;
nature-valley-crunchy-granola-bars--canadian-maple-syrup-6x42g;Nature Valley Crunchy Bars, Canadian Maple Syrup 5x42g;£2.40/unit;£1.14/100g;Biscuits & crackers;healthier-biscuits-crackers;457;7.9;64.6;28.0;17.1;2.7;6.2;0.7;
nature-valley-crunchy-granola-bars--canadian-maple-syrup-6x42g;Nature Valley Crunchy Bars, Canadian Maple Syrup 5x42g;£2.40/unit;£1.14/100g;Breakfast cereals;breakfast-cereal-bars-breakfast-biscuits;457;7.9;64.6;28.0;17.1;2.7;6.2;0.7;
nature-valley-crunchy-granola-oat---honey-bars-x6-252g;Nature Valley Crunchy Bars, Oat & Honey 5x42g;£2.40/unit;£1.14/100g;Biscuits & crackers;biscuits-crackers-kids-lunchbox;456;8.1;64.5;28.3;17.2;2.4;5.6;0.8;
nature-valley-crunchy-granola-oat---honey-bars-x6-252g;Nature Valley Crunchy Bars, Oat & Honey 5x42g;£2.40/unit;£1.14/100g;Biscuits & crackers;cereal-bars-breakfast-biscuits;456;8.1;64.5;28.3;17.2;2.4;5.6;0.8;
nature-valley-crunchy-granola-oat---honey-bars-x6-252g;Nature Valley Crunchy Bars, Oat & Honey 5x42g;£2.40/unit;£1.14/100g;Biscuits & crackers;healthier-biscuits-crackers;456;8.1;64.5;28.3;17.2;2.4;5.6;0.8;
nature-valley-crunchy-granola-oat---honey-bars-x6-252g;Nature Valley Crunchy Bars, Oat & Honey 5x42g;£2.40/unit;£1.14/100g;Breakfast cereals;breakfast-cereal-bars-breakfast-biscuits;456;8.1;64.5;28.3;17.2;2.4;5.6;0.8;
nature-valley-crunchy-variety-252g;Nature Valley Crunchy Bars, Variety Pack 5x42g;£2.40/unit;£1.14/100g;Biscuits & crackers;biscuits-crackers-kids-lunchbox;456;8.1;64.5;28.3;17.2;2.4;5.6;0.8;
nature-valley-crunchy-variety-252g;Nature Valley Crunchy Bars, Variety Pack 5x42g;£2.40/unit;£1.14/100g;Biscuits & crackers;cereal-bars-breakfast-biscuits;456;8.1;64.5;28.3;17.2;2.4;5.6;0.8;
nature-valley-crunchy-variety-252g;Nature Valley Crunchy Bars, Variety Pack 5x42g;£2.40/unit;£1.14/100g;Biscuits & crackers;healthier-biscuits-crackers;456;8.1;64.5;28.3;17.2;2.4;5.6;0.8;
nature-valley-crunchy-variety-252g;Nature Valley Crunchy Bars, Variety Pack 5x42g;£2.40/unit;£1.14/100g;Breakfast cereals;breakfast-cereal-bars-breakfast-biscuits;456;8.1;64.5;28.3;17.2;2.4;5.6;0.8;
nature-valley-oats---berries-210g;Nature Valley Crunchy Bars, Oats & Berries 5x42g;£2.40/unit;£1.14/100g;Biscuits & crackers;biscuits-crackers-kids-lunchbox;null;null;null;null;null;null;null;null;
nature-valley-oats---berries-210g;Nature Valley Crunchy Bars, Oats & Berries 5x42g;£2.40/unit;£1.14/100g;Biscuits & crackers;cereal-bars-breakfast-biscuits;null;null;null;null;null;null;null;null;
nature-valley-oats---berries-210g;Nature Valley Crunchy Bars, Oats & Berries 5x42g;£2.40/unit;£1.14/100g;Biscuits & crackers;healthier-biscuits-crackers;null;null;null;null;null;null;null;null;
nature-valley-oats---berries-210g;Nature Valley Crunchy Bars, Oats & Berries 5x42g;£2.40/unit;£1.14/100g;Breakfast cereals;breakfast-cereal-bars-breakfast-biscuits;null;null;null;null;null;null;null;null;
nature-valley-oats---chocolate-granola-bars-210g;Nature Valley Crunchy Bars, Oats & Chocolate 5x42g;£2.40/unit;£1.14/100g;Biscuits & crackers;biscuits-crackers-kids-lunchbox;466;7.7;62.0;27.9;19.4;5.3;6.4;0.6;
nature-valley-oats---chocolate-granola-bars-210g;Nature Valley Crunchy Bars, Oats & Chocolate 5x42g;£2.40/unit;£1.14/100g;Biscuits & crackers;cereal-bars-breakfast-biscuits;466;7.7;62.0;27.9;19.4;5.3;6.4;0.6;
nature-valley-oats---chocolate-granola-bars-210g;Nature Valley Crunchy Bars, Oats & Chocolate 5x42g;£2.40/unit;£1.14/100g;Biscuits & crackers;healthier-biscuits-crackers;466;7.7;62.0;27.9;19.4;5.3;6.4;0.6;
nature-valley-oats---chocolate-granola-bars-210g;Nature Valley Crunchy Bars, Oats & Chocolate 5x42g;£2.40/unit;£1.14/100g;Breakfast cereals;breakfast-cereal-bars-breakfast-biscuits;466;7.7;62.0;27.9;19.4;5.3;6.4;0.6;
nature-valley-oats---chocolate-single-42g;Nature Valley Oats & Chocolate Single 42g;£0.60/unit;£1.43/100g;Biscuits & crackers;biscuits-crackers-kids-lunchbox;466;7.7;62.0;27.9;19.4;5.3;6.4;0.6;
nature-valley-oats---chocolate-single-42g;Nature Valley Oats & Chocolate Single 42g;£0.60/unit;£1.43/100g;Biscuits & crackers;cereal-bars-breakfast-biscuits;466;7.7;62.0;27.9;19.4;5.3;6.4;0.6;
nature-valley-oats---chocolate-single-42g;Nature Valley Oats & Chocolate Single 42g;£0.60/unit;£1.43/100g;Biscuits & crackers;healthier-biscuits-crackers;466;7.7;62.0;27.9;19.4;5.3;6.4;0.6;
nature-valley-oats---chocolate-single-42g;Nature Valley Oats & Chocolate Single 42g;£0.60/unit;£1.43/100g;Breakfast cereals;breakfast-cereal-bars-breakfast-biscuits;466;7.7;62.0;27.9;19.4;5.3;6.4;0.6;
nature-valley-oats---hazelnut-210g;Nature Valley Crunchy Bars, Oats & Hazelnut 5x42g;£2.40/unit;£1.14/100g;Biscuits & crackers;biscuits-crackers-kids-lunchbox;null;null;null;null;null;null;null;null;
nature-valley-oats---hazelnut-210g;Nature Valley Crunchy Bars, Oats & Hazelnut 5x42g;£2.40/unit;£1.14/100g;Biscuits & crackers;cereal-bars-breakfast-biscuits;null;null;null;null;null;null;null;null;
nature-valley-oats---hazelnut-210g;Nature Valley Crunchy Bars, Oats & Hazelnut 5x42g;£2.40/unit;£1.14/100g;Biscuits & crackers;healthier-biscuits-crackers;null;null;null;null;null;null;null;null;
nature-valley-oats---hazelnut-210g;Nature Valley Crunchy Bars, Oats & Hazelnut 5x42g;£2.40/unit;£1.14/100g;Breakfast cereals;breakfast-cereal-bars-breakfast-biscuits;null;null;null;null;null;null;null;null;
nature-valley-protein-peanut-chocolate-5x30g;Nature Valley Protein Peanut Chocolate 5x30g;£2.80/unit;£1.87/100g;Biscuits & crackers;cereal-bars-breakfast-biscuits;466;28.3;33.9;19.9;22.9;4.5;5.7;0.55;
nature-valley-protein-seeds-5x30g;Nature Valley Protein Seeds 5x30g;£2.80/unit;£1.87/100g;Biscuits & crackers;cereal-bars-breakfast-biscuits;465;27.4;33.5;14.0;23.3;3.2;6.0;0.77;
nature-valley-sweet---nutty-peanut-150g;Nature Valley Sweet & Nutty Bars, Peanut 5x30g;£2.40/unit;£1.60/100g;Biscuits & crackers;cereal-bars-breakfast-biscuits;499;13.0;48.8;28.9;27.0;8.4;4.4;0.7;
nature-valley-sweet---nutty-peanut-150g;Nature Valley Sweet & Nutty Bars, Peanut 5x30g;£2.40/unit;£1.60/100g;Breakfast cereals;breakfast-cereal-bars-breakfast-biscuits;499;13.0;48.8;28.9;27.0;8.4;4.4;0.7;
natures-finest-mandarins-in-juice-220g;Nature's Finest Mandarins In Juice 220g;£1.00/unit;£4.55/kg;Fruit & desserts;dessert-fruit;69;1.1;16;16;0.1;0.1;0.5;0.1;
natures-finest-mandarins-in-juice-390g;Nature's Finest Mandarins In Juice 390g;£1.50/unit;£3.85/kg;Fruit & desserts;dessert-fruit;69;1.1;15.8;15.7;0.1;0.1;0.5;0.1;
natures-finest-mango-slices-in-juice-400g;Nature's Finest Mango Slices In Juice 400g;£1.50/unit;£3.75/kg;Canned, tinned & packaged foods;canned-tinned-packaged-fruit;56;0.5;12.3;12.2;0.2;0.1;1.5;0.1;
natures-finest-mango-slices-in-juice-400g;Nature's Finest Mango Slices In Juice 400g;£1.50/unit;£3.75/kg;Fruit & desserts;dessert-fruit;56;0.5;12.3;12.2;0.2;0.1;1.5;0.1;
natures-finest-peach---pear-in-juice-400g;Nature's Finest Peach & Pear In Juice 400g;£1.50/unit;£3.75/kg;Canned, tinned & packaged foods;canned-tinned-packaged-fruit;57;0.1;14;13;0.1;0.1;1.2;0.1;
natures-finest-peach---pear-in-juice-400g;Nature's Finest Peach & Pear In Juice 400g;£1.50/unit;£3.75/kg;Fruit & desserts;dessert-fruit;57;0.1;14;13;0.1;0.1;1.2;0.1;
natures-finest-peach--pear---pineapple-in-juice-400g;Nature's Finest Pear, Peach & Pineapple 400g;£1.50/unit;£3.75/kg;Canned, tinned & packaged foods;canned-tinned-packaged-fruit;65;0.3;15.3;12.4;0.1;0.1;1.1;0.1;
natures-finest-peach--pear---pineapple-in-juice-400g;Nature's Finest Pear, Peach & Pineapple 400g;£1.50/unit;£3.75/kg;Fruit & desserts;dessert-fruit;65;0.3;15.3;12.4;0.1;0.1;1.1;0.1;
natures-finest-peach-chunks-in-juice-113g;Nature's Finest Peach Chunks In Juice 113g;£0.60/unit;£0.53/100g;Canned, tinned & packaged foods;canned-tinned-packaged-fruit;55;0.2;12.7;12.7;0.1;0.1;1.4;0.1;
natures-finest-peach-chunks-in-juice-113g;Nature's Finest Peach Chunks In Juice 113g;£0.60/unit;£0.53/100g;Fruit & desserts;dessert-fruit;55;0.2;12.7;12.7;0.1;0.1;1.4;0.1;
natures-finest-peach-in-juice-700g;Nature's Finest Peach in Juice 700g;£2.25/unit;£3.21/kg;Fruit & desserts;dessert-fruit;52;0.36;12;12;0.1;0.1;1.4;0.1;
natures-finest-peach-slices-juice-400g;Nature's Finest Peach Slices Juice 400g;£1.50/unit;£3.75/kg;Canned, tinned & packaged foods;canned-tinned-packaged-fruit;59;0.6;13.5;13.5;0.1;0.1;1.0;0.1;
natures-finest-peach-slices-juice-400g;Nature's Finest Peach Slices Juice 400g;£1.50/unit;£3.75/kg;Fruit & desserts;dessert-fruit;59;0.6;13.5;13.5;0.1;0.1;1.0;0.1;
natures-finest-peaches-in-juice-220g;Nature's Finest Peaches In Juice 220g;£1.00/unit;£4.55/kg;Canned, tinned & packaged foods;canned-tinned-packaged-fruit;57;0.1;13.6;12.6;0.1;0.1;1.1;0.1;
natures-finest-peaches-in-juice-220g;Nature's Finest Peaches In Juice 220g;£1.00/unit;£4.55/kg;Fruit & desserts;dessert-fruit;57;0.1;13.6;12.6;0.1;0.1;1.1;0.1;
natures-finest-pear--peach---pineapple-700g;Nature's Finest Pear, Peach & Pineapple 700g;£2.25/unit;£3.21/kg;Canned, tinned & packaged foods;canned-tinned-packaged-fruit;67;0.4;15.5;12.4;0.1;0.1;1.4;0.1;
natures-finest-pear--peach---pineapple-700g;Nature's Finest Pear, Peach & Pineapple 700g;£2.25/unit;£3.21/kg;Fruit & desserts;dessert-fruit;67;0.4;15.5;12.4;0.1;0.1;1.4;0.1;
natures-finest-pears-in-juice-400g;Nature's Finest Pears In Juice 400g;£1.50/unit;£3.75/kg;Canned, tinned & packaged foods;canned-tinned-packaged-fruit;60;0.2;14;12;0.1;0.1;1.0;0.1;
natures-finest-pears-in-juice-400g;Nature's Finest Pears In Juice 400g;£1.50/unit;£3.75/kg;Fruit & desserts;dessert-fruit;60;0.2;14;12;0.1;0.1;1.0;0.1;
natures-finest-pears-in-juice-700g;Nature's Finest Pears In Juice 700g;£2.25/unit;£3.21/kg;Canned, tinned & packaged foods;canned-tinned-packaged-fruit;58;0.36;14;12;0.1;0.1;1.24;0.1;
natures-finest-pears-in-juice-700g;Nature's Finest Pears In Juice 700g;£2.25/unit;£3.21/kg;Fruit & desserts;dessert-fruit;58;0.36;14;12;0.1;0.1;1.24;0.1;
natures-finest-pineapple-chunks-in-juice-113g;Nature's Finest Pineapple Chunks In Juice 113g;£0.60/unit;£0.53/100g;Fruit & desserts;dessert-fruit;62;0.6;14.4;10.9;0.1;0.1;1.4;0.1;
natures-finest-pineapple-chunks-in-juice-400g;Nature's Finest Pineapple Chunks In Juice 400g;£1.50/unit;£3.75/kg;Canned, tinned & packaged foods;canned-tinned-packaged-fruit;62;0.6;14.4;10.9;0.1;0.1;0.6;0.1;
natures-finest-pineapple-chunks-in-juice-400g;Nature's Finest Pineapple Chunks In Juice 400g;£1.50/unit;£3.75/kg;Fruit & desserts;dessert-fruit;62;0.6;14.4;10.9;0.1;0.1;0.6;0.1;
natures-finest-pineapple-in-juice-220g;Nature's Finest Pineapple In Juice 220g;£1.00/unit;£4.55/kg;Fruit & desserts;dessert-fruit;62;0.6;14.4;10.9;0.1;0.1;1.4;0.1;
natures-finest-prunes-in-juice-400g;Nature's Finest Prunes In Juice 400g;£1.50/unit;£3.75/kg;Fruit & desserts;dessert-fruit;104;0.2;25;17;0.18;0.1;1.9;0.1;
natures-finest-prunes-in-juice-700g;Nature's Finest Prunes in Juice 700g;£2.25/unit;£3.21/kg;Fruit & desserts;dessert-fruit;126;1.4;29;20;0.1;0.1;3.2;0.1;
natures-finest-tropical-fruit-220g;Nature's Finest Tropical Fruit 220g;£1.00/unit;£4.55/kg;Canned, tinned & packaged foods;canned-tinned-packaged-fruit;59;2.5;11.9;11.4;0.1;0.1;0.6;0.1;
natures-finest-tropical-fruit-220g;Nature's Finest Tropical Fruit 220g;£1.00/unit;£4.55/kg;Fruit & desserts;dessert-fruit;59;2.5;11.9;11.4;0.1;0.1;0.6;0.1;
natures-finest-tropical-fruit-salad-in-juice-113g;Nature's Finest Tropical Fruit Salad In Juice 113g;£0.60/unit;£0.53/100g;Fruit & desserts;dessert-fruit;59;2.5;11.9;11.4;0.1;0.1;0.6;0.1;
natures-finest-tropical-fruit-salad-in-juice-400g;Nature's Finest Tropical Fruit Salad In Juice 400g;£1.50/unit;£3.75/kg;Canned, tinned & packaged foods;canned-tinned-packaged-fruit;59;2.5;11.9;11.4;0.1;0.1;0.6;0.1;
natures-finest-tropical-fruit-salad-in-juice-400g;Nature's Finest Tropical Fruit Salad In Juice 400g;£1.50/unit;£3.75/kg;Fruit & desserts;dessert-fruit;59;2.5;11.9;11.4;0.1;0.1;0.6;0.1;
natures-finest-tropical-fruit-salad-in-juice-700g;Nature's Finest Tropical Fruit Salad in Juice 700g;£2.25/unit;£3.21/kg;Canned, tinned & packaged foods;canned-tinned-packaged-fruit;126;3.2;29.1;19.5;0.1;0.1;1.4;0.1;
natures-finest-tropical-fruit-salad-in-juice-700g;Nature's Finest Tropical Fruit Salad in Juice 700g;£2.25/unit;£3.21/kg;Fruit & desserts;dessert-fruit;126;3.2;29.1;19.5;0.1;0.1;1.4;0.1;
natures-path-crispy-rice-284g;Nature's Path Gluten Free Crispy Rice 284g;£3.00/unit;£1.06/100g;Biscuits & crackers;cereal-bars-breakfast-biscuits;367;6.7;80.0;6.7;5.0;0;6.7;null;
natures-path-crispy-rice-284g;Nature's Path Gluten Free Crispy Rice 284g;£3.00/unit;£1.06/100g;Breakfast cereals;breakfast-cereal-bars-breakfast-biscuits;367;6.7;80.0;6.7;5.0;0;6.7;null;
natures-path-gluten-free-granola-bars-dark-chocolate-chip-5x35g;Nature's Path Gluten Free Granola Bars Dark Chocolate Chip 5x35g;£2.99/unit;£1.71/100g;Biscuits & crackers;biscuits-crackers-freefrom;400;5.7;74;29;10;2.9;5.7;0.5;
natures-path-gluten-free-granola-bars-dark-chocolate-chip-5x35g;Nature's Path Gluten Free Granola Bars Dark Chocolate Chip 5x35g;£2.99/unit;£1.71/100g;Biscuits & crackers;cereal-bars-breakfast-biscuits;400;5.7;74;29;10;2.9;5.7;0.5;
natures-path-gluten-free-granola-bars-dark-chocolate-chip-5x35g;Nature's Path Gluten Free Granola Bars Dark Chocolate Chip 5x35g;£2.99/unit;£1.71/100g;Breakfast cereals;breakfast-cereal-bars-breakfast-biscuits;400;5.7;74;29;10;2.9;5.7;0.5;
natures-path-gluten-free-granola-mixed-berry-312g;Nature's Path Gluten Free Granola Mixed Berry 312g;£3.75/unit;£1.20/100g;Breakfast cereals;muesli-granola-clusters;467;10;73.3;26.7;13.3;1.7;6.7;null;
natures-path-gluten-free-porridge-sachets-8x28g;Nature's Path Gluten Free Porridge Sachets 8x28g;£2.99/unit;£1.33/100g;Breakfast cereals;porridge-oats;425;15;75;0;6.3;1.3;10;0;
natures-store-hazelnut---cocoa-spread-350g;Nature's Store Hazelnut & Chocolate Spread 350g;£2.29/unit;£0.65/100g;Jams, honey & spreads;chocolate-sweet-spreads;539;3.8;59.3;58.0;31.0;11.0;3.9;0.013;
natures-store-white-choc-rice-cake-100g;Nature's Store White Chocolate Rice Cake 100g;£1.40/unit;£1.40/100g;Biscuits & crackers;biscuits-crackers-freefrom;493;6.6;65.2;33.3;22.5;13.3;1.4;0.13;
natures-store-white-choc-rice-cake-100g;Nature's Store White Chocolate Rice Cake 100g;£1.40/unit;£1.40/100g;Biscuits & crackers;biscuits-crackers-kids-lunchbox;493;6.6;65.2;33.3;22.5;13.3;1.4;0.13;
natures-store-white-choc-rice-cake-100g;Nature's Store White Chocolate Rice Cake 100g;£1.40/unit;£1.40/100g;Biscuits & crackers;chocolate-biscuits;493;6.6;65.2;33.3;22.5;13.3;1.4;0.13;
natures-store-white-choc-rice-cake-100g;Nature's Store White Chocolate Rice Cake 100g;£1.40/unit;£1.40/100g;Biscuits & crackers;healthier-biscuits-crackers;493;6.6;65.2;33.3;22.5;13.3;1.4;0.13;
nem-viet-dipping-sauce-200ml;Nem Viet Dipping Sauce 200ml;£1.59/unit;£0.80/100ml;Table sauces, dressings & condiments;tomato-ketchup-brown-bbq-other-sauces;205;1.4;49.4;8.2;0.2;0;null;4.5;
nem-viet-pho-kit-160g;Nem Viet Pho Kit 160g;£2.69/unit;£1.68/100g;Cooking sauces & world foods;meal-kits;281;4.8;64.4;17.0;0.5;0.1;null;6.8;
nem-viet-spring-roll-kit-156g;Nem Viet Spring Roll Kit 156g;£2.69/unit;£1.05/100g;Cooking sauces & world foods;meal-kits;273;3.6;64.3;4.2;0.1;0;null;2.8;
nestl%C3%A9-after-eight-dark-300g;Nestle After Eight Dark 300g;£3.00/unit;£1.00/100g;Confectionery;gifting-boxed-chocolate;422;2.0;76.3;null;12.9;null;null;null;
nestl%C3%A9-caramac-single-bar--caramel;Nestle Caramac Single Bar, Caramel;£0.60/unit;£2.00/100g;Confectionery;chocolate;571;5.9;55.5;55.5;36.1;29.8;0;0.30;
nestl%C3%A9-cheerios-375g;Nestle Cheerios 375g;£2.50/unit;£0.67/100g;Breakfast cereals;family-cereals;378;8.6;74.2;20.8;3.6;0.8;7.4;1.00;
nestl%C3%A9-cheerios-375g;Nestle Cheerios 375g;£2.50/unit;£0.67/100g;Breakfast cereals;kids-cereals;378;8.6;74.2;20.8;3.6;0.8;7.4;1.00;
nestl%C3%A9-chocolatey-cheerios-330g;Nestle Chocolatey Cheerios 330g;£2.50/unit;£0.76/100g;Breakfast cereals;family-cereals;385;8.5;73.2;25.2;4.9;1.1;6.9;1.01;
nestl%C3%A9-clusters-cereal-435g;Nestle Clusters Cereal 435g;£2.00/unit;£0.46/100g;Breakfast cereals;muesli-granola-clusters;378;9.0;73.0;23.6;3.8;1.6;8.0;1.05;
nestl%C3%A9-coco-caramel-shreddies-500g;Nestle Shreddies Coco Caramel 500g;£2.50/unit;£0.50/100g;Breakfast cereals;family-cereals;374;8.5;75.8;28.9;2;0.7;9.1;0.62;
nestl%C3%A9-coco-caramel-shreddies-500g;Nestle Shreddies Coco Caramel 500g;£2.50/unit;£0.50/100g;Breakfast cereals;kids-cereals;374;8.5;75.8;28.9;2;0.7;9.1;0.62;
nestl%C3%A9-cookie-crisp-565g;Nestle Cookie Crisp 565g;£2.80/unit;£0.50/100g;Breakfast cereals;kids-cereals;383;6.9;79.1;24.2;3.2;1.2;5.2;0.84;
nestl%C3%A9-cookie-crisp-cereal-375g;Nestle Cookie Crisp Cereal 375g;£2.00/unit;£0.53/100g;Breakfast cereals;kids-cereals;383;6.9;79.1;24.2;3.2;1.2;5.2;0.84;
nestl%C3%A9-favourites-treat-size-x22-310g;Nestle Favourites Treat Size x22 310g;£3.50/unit;£1.13/100g;Confectionery;chocolate;471;5.0;68.1;64.1;19.6;11.2;1.0;0.15;
nestl%C3%A9-funtastic-traybake-%28-serves-15-%29;Nestle Funtastic Traybake (Serves 15);£7.00/unit;£7.00/ea;Celebration cakes;celebration-cakes;412;4.4;57.4;42.0;17.6;4.3;3.4;0.45;
nestl%C3%A9-golden-nuggets-375g;Nestle Golden Nuggets 375g;£2.00/unit;£0.54/100g;Breakfast cereals;kids-cereals;379;7.6;81.5;25.0;1.5;0.3;4.6;0.73;
nestl%C3%A9-honey-cheerios-375g;Nestle Honey Cheerios 375g;£2.50/unit;£0.67/100g;Breakfast cereals;family-cereals;377;8.1;75.2;24.0;3.2;0.6;7.0;1.06;
nestl%C3%A9-honey-nut-shredded-wheat-500g;Nestle Honey Nut Shredded Wheat 500g;£2.00/unit;£0.40/100g;Breakfast cereals;family-cereals;null;null;null;null;null;null;null;null;
nestl%C3%A9-honey-nut-shredded-wheat-500g;Nestle Honey Nut Shredded Wheat 500g;£2.00/unit;£0.40/100g;Breakfast cereals;healthier-cereals;null;null;null;null;null;null;null;null;
nestl%C3%A9-honey-shreddies-500g;Nestle Honey Shreddies 500g;£2.50/unit;£0.50/100g;Breakfast cereals;family-cereals;372;8.8;75.9;26.9;1.8;0.2;8.8;0.64;
nestl%C3%A9-nesquik-chocolate-cereal-375g;Nestle Nesquik Chocolate Cereal 375g;£2.00/unit;£0.54/100g;Breakfast cereals;kids-cereals;381;7.8;73.7;25.2;4.0;1.7;9.5;0.58;
nestl%C3%A9-nobbly-bobbly-4x70ml;Nestle Nobbly Bobbly 4x70ml;£2.00/unit;£0.71/100ml;Ice cream & desserts;lollies-bars-cones;316;2.7;38.5;31.3;16.7;7.5;0.6;0.10;
nestl%C3%A9-oats---more-almond-425g;Nestle Oats & More Almond 425g;£2.50/unit;£0.59/100g;Breakfast cereals;healthier-cereals;407;10.5;67.8;27.5;8.8;1.3;6.7;0.64;
nestl%C3%A9-oats---more-almond-425g;Nestle Oats & More Almond 425g;£2.50/unit;£0.59/100g;Breakfast cereals;muesli-granola-clusters;407;10.5;67.8;27.5;8.8;1.3;6.7;0.64;
nestl%C3%A9-shredded-wheat-bitesize-500g;Nestle Shredded Wheat Bitesize 500g;£2.50/unit;£0.50/100g;Breakfast cereals;family-cereals;369;11.8;69.6;0.7;2.2;0.5;11.8;0.05;
nestl%C3%A9-shredded-wheat-bitesize-500g;Nestle Shredded Wheat Bitesize 500g;£2.50/unit;£0.50/100g;Breakfast cereals;healthier-cereals;369;11.8;69.6;0.7;2.2;0.5;11.8;0.05;
nestl%C3%A9-shredded-wheat-bitesize-750g;Nestle Shredded Wheat Bitesize 750g;£3.20/unit;£0.43/100g;Breakfast cereals;bigger-packs;369;11.8;69.6;0.7;2.2;0.5;11.8;0.05;
nestl%C3%A9-shredded-wheat-bitesize-750g;Nestle Shredded Wheat Bitesize 750g;£3.20/unit;£0.43/100g;Breakfast cereals;family-cereals;369;11.8;69.6;0.7;2.2;0.5;11.8;0.05;
nestl%C3%A9-shredded-wheat-bitesize-750g;Nestle Shredded Wheat Bitesize 750g;£3.20/unit;£0.43/100g;Breakfast cereals;healthier-cereals;369;11.8;69.6;0.7;2.2;0.5;11.8;0.05;
nestl%C3%A9-shreddies--frosted-500g;Nestle Shreddies, Frosted 500g;£2.50/unit;£0.50/100g;Breakfast cereals;family-cereals;373;8.7;76.4;28.4;1.7;0.2;8.6;0.63;
nestl%C3%A9-shreddies--frosted-500g;Nestle Shreddies, Frosted 500g;£2.50/unit;£0.50/100g;Breakfast cereals;kids-cereals;373;8.7;76.4;28.4;1.7;0.2;8.6;0.63;
nestl%C3%A9-shreddies-1kg;Nestle Shreddies 1kg;£3.90/unit;£0.39/100g;Breakfast cereals;bigger-packs;370;10.4;72.4;14.9;2.1;0.3;10.3;0.75;
nestl%C3%A9-shreddies-1kg;Nestle Shreddies 1kg;£3.90/unit;£0.39/100g;Breakfast cereals;family-cereals;370;10.4;72.4;14.9;2.1;0.3;10.3;0.75;
nestl%C3%A9-shreddies-1kg;Nestle Shreddies 1kg;£3.90/unit;£0.39/100g;Breakfast cereals;kids-cereals;370;10.4;72.4;14.9;2.1;0.3;10.3;0.75;
nestl%C3%A9-shreddies-500g;Nestle Shreddies 500g;£2.50/unit;£0.50/100g;Breakfast cereals;family-cereals;370;10.4;72.4;14.9;2.1;0.3;10.3;0.75;
nestl%C3%A9-shreddies-500g;Nestle Shreddies 500g;£2.50/unit;£0.50/100g;Breakfast cereals;kids-cereals;370;10.4;72.4;14.9;2.1;0.3;10.3;0.75;
nestl%C3%A9-shreddies-750g;Nestle Shreddies 750g;£1.70/unit;£0.23/100g;Breakfast cereals;bigger-packs;370;10.4;72.4;14.9;2.1;0.3;10.3;0.75;
nestl%C3%A9-shreddies-750g;Nestle Shreddies 750g;£1.70/unit;£0.23/100g;Breakfast cereals;family-cereals;370;10.4;72.4;14.9;2.1;0.3;10.3;0.75;
nestl%C3%A9-shreddies-750g;Nestle Shreddies 750g;£1.70/unit;£0.23/100g;Breakfast cereals;kids-cereals;370;10.4;72.4;14.9;2.1;0.3;10.3;0.75;
nestl%C3%A9-smarties-little-gift-cake;Nestle Smarties Little Gift Cake;£3.50/unit;£3.50/ea;Celebration cakes;celebration-cakes;461;5.5;53.5;42.1;24.5;10.1;2.1;0.50;
nestl%C3%A9-toffee-crisp-cereal-330g;Nestle Toffee Crisp Cereal 330g;£2.00/unit;£0.61/100g;Breakfast cereals;kids-cereals;422;6.5;74.1;24.0;10.0;2.1;4.0;0.29;
nestle-aero-bubbles-white-chocolate-pouch-113g;Nestle Aero Bubbles White Chocolate Pouch 113g;£1.00/unit;£0.89/100g;Confectionery;chocolate;null;null;null;null;null;null;null;null;
nestle-cheerios-600g;Nestle Cheerios 600g;£1.60/unit;£0.27/100g;Breakfast cereals;family-cereals;378;8.6;74.2;20.8;3.6;0.8;7.4;1.00;
nestle-cheerios-600g;Nestle Cheerios 600g;£1.60/unit;£0.27/100g;Breakfast cereals;kids-cereals;378;8.6;74.2;20.8;3.6;0.8;7.4;1.00;
nestle-chocolate-lion-cereal-400g;Nestle Chocolate Lion Cereal 400g;£2.50/unit;£0.63/100g;Breakfast cereals;kids-cereals;412;7.3;76.0;28.8;7.6;3.0;5.0;0.50;
nestle-coco-shreddies-500g;Nestle Coco Shreddies 500g;£2.50/unit;£0.50/100g;Breakfast cereals;family-cereals;374;8.8;75.2;28.5;2.2;0.6;9.0;0.62;
nestle-curiously-cinnamon-375g;Nestle Curiously Cinnamon 375g;£2.50/unit;£0.67/100g;Breakfast cereals;kids-cereals;419;5.4;74.0;24.8;10.1;3.8;5.2;1.11;
nestle-dairy-chocolate-box-200g;Nestle Dairy Box 180g;£3.00/unit;£1.67/100g;Confectionery;gifting-boxed-chocolate;550;6.8;55.2;53.2;33.2;17.3;1.5;0.23;
nestle-honey-cheerios-565g;Nestle Honey Cheerios 565g;£3.20/unit;£0.57/100g;Breakfast cereals;family-cereals;377;8.1;75.2;24.0;3.2;0.6;7.0;1.06;
nestle-milkybar-giant-chocolate-buttons-pouch-126g;Nestle Milkybar Giant Chocolate Buttons Pouch 126g;£1.00/unit;£0.79/100g;Confectionery;chocolate;546;7.5;57.7;57.3;31.6;18.8;0;0.40;
nestle-milkybar-multipack-x4-25g;Nestle Milkybar Multipack x4 25g;£1.00/unit;£1.00/100g;Confectionery;chocolate;546;7.5;57.7;57.3;31.6;18.8;0;0.40;
nestle-munch-bunch-squashums-strawberry---peach-6x60g;Munch Bunch Squashums Strawberry & Peach Yogurt 6x60g;£1.50/unit;£0.42/100g;Yogurts;kids-yogurts;94;3.9;13.6;13.2;2.7;1.8;null;0.3;
nestle-munchies-chocolate-pouch-126g;Nestle Munchies Chocolate Pouch 126g;£1.00/unit;£0.79/100g;Confectionery;chocolate;493;5.5;62.9;59.1;24.0;13.8;1.5;0.30;
nestle-oats---more-raisin-425g;Nestle Oats & More Raisin 425g;£2.50/unit;£0.59/100g;Breakfast cereals;healthier-cereals;381;8.4;72.0;31.9;4.7;0.9;8.1;0.64;
nestle-oats---more-raisin-425g;Nestle Oats & More Raisin 425g;£2.50/unit;£0.59/100g;Breakfast cereals;muesli-granola-clusters;381;8.4;72.0;31.9;4.7;0.9;8.1;0.64;
nestle-pick-a-pack-8-pack;Nestle Pick-a-Pack 8 Pack;£1.80/unit;£0.63/100g;Breakfast cereals;kids-cereals;383;6.9;79.1;24.2;3.2;1.2;5.2;0.84;
nestle-superfruity-shredded-wheat-raspberry--strawberry---cranberry-470g;Nestle Shredded Wheat Raspberry, Strawberry & Cranberry 470g;£2.70/unit;£0.57/100g;Breakfast cereals;family-cereals;346;7.6;71.6;18.1;1.5;0.3;8.2;0.23;
nestle-superfruity-shredded-wheat-raspberry--strawberry---cranberry-470g;Nestle Shredded Wheat Raspberry, Strawberry & Cranberry 470g;£2.70/unit;£0.57/100g;Breakfast cereals;healthier-cereals;346;7.6;71.6;18.1;1.5;0.3;8.2;0.23;
nestle-tip-top-cream-160g;Nestle Tip Top Cream 160g;£0.60/unit;£0.38/100g;Fruit & desserts;dessert-milk-cream;null;null;null;null;null;null;null;null;
nestle-toffee-crisp-bitesize-chocolate-pouch-120g;Nestle Toffee Crisp Bitesize Chocolate Pouch 120g;£1.00/unit;£0.83/100g;Confectionery;chocolate;null;null;null;null;null;null;null;null;
nestle-whole-grains-golden-grahams-375g;Nestle Golden Grahams 375g;£2.50/unit;£0.67/100g;Breakfast cereals;kids-cereals;384;6.8;80.1;25.1;3.1;1.1;4.3;1.07;
nestle-yorkie-man-size-buttons-pouch-120g;Nestle Yorkie Man Size Buttons Pouch 120g;£1.00/unit;£0.83/100g;Confectionery;chocolate;543;6.5;55.1;54.2;31.5;19.9;2.1;0.28;
new-covent-garden-carrot---butternut-soup-600g;New Covent Garden Carrot & Butternut Soup 600g;£1.50/unit;£0.25/100g;Soup & lunchtime snacks;fresh-soups;28;0.5;3.8;3.8;1.0;0.6;1.6;0.53;
new-covent-garden-carrot---coriander-soup-600g;New Covent Garden Carrot & Coriander Soup 600g;£1.50/unit;£0.25/100g;Soup & lunchtime snacks;fresh-soups;36;0.6;4.2;3.2;1.5;0.9;1.4;0.45;
new-covent-garden-kale---nutmeg-soup-600g;New Covent Garden Kale & Nutmeg Soup 600g;£1.50/unit;£0.25/100g;Soup & lunchtime snacks;fresh-soups;33;1.0;3.9;0.9;1.3;0.7;1.0;0.63;
new-covent-garden-lentil---bacon-soup-600g;New Covent Garden Lentil & Smoked Bacon Soup 600g;£1.50/unit;£0.25/100g;Soup & lunchtime snacks;fresh-soups;51;3.7;8.9;4.6;1.0;0.2;4.3;0.46;
new-covent-garden-minestrone-soup-600g;New Covent Garden Minestrone with Pancetta Soup 600g;£1.50/unit;£0.25/100g;Soup & lunchtime snacks;fresh-soups;51;2.3;5.6;2.5;1.9;0.6;1.2;0.48;
new-covent-garden-our-best-chicken-soup-600g;New Covent Garden British Chicken Soup 600g;£1.50/unit;£0.25/100g;Soup & lunchtime snacks;fresh-soups;85;3.1;5.2;1.1;5.8;2.3;0.5;0.75;
new-covent-garden-pea---ham-soup-600g;New Covent Garden Pea, Ham & Leek Soup 600g;£1.50/unit;£0.25/100g;Soup & lunchtime snacks;fresh-soups;45;3.1;4.8;1.8;1.1;0.6;1.6;0.68;
new-covent-garden-potato---leek-soup-600g;New Covent Garden Potato & Leek Soup 600g;£1.50/unit;£0.25/100g;Soup & lunchtime snacks;fresh-soups;53;0.9;6.8;1.7;2.2;1.3;1.4;0.68;
new-covent-garden-pulled-pork---bean-soup-600g;New Covent Garden Pulled Pork & Bean Soup 600g;£2.20/unit;£0.37/100g;Soup & lunchtime snacks;fresh-soups;37;2.1;4.7;2.7;0.9;0.3;1.2;0.38;
new-covent-garden-red-pepper-gumbo-soup-600g;New Covent Garden Red Pepper Gumbo Soup 600g;£2.20/unit;£0.37/100g;Soup & lunchtime snacks;fresh-soups;47;1.5;6.7;3.5;1.2;0.1;1.8;0.38;
new-covent-garden-seasonal-vegetable-soup-600g;New Covent Garden Vegetable Soup 600g;£1.50/unit;£0.25/100g;Soup & lunchtime snacks;fresh-soups;38;1.3;4.6;3.0;1.1;0.6;2.0;0.43;
new-covent-garden-skinny-goan-spiced-chicken-soup-600g;New Covent Garden Skinny Goan Spiced Chicken Soup 600g;£1.50/unit;£0.25/100g;Soup & lunchtime snacks;fresh-soups;44;3.3;5.7;2.9;0.4;0.1;1.9;0.28;
new-covent-garden-skinny-tomato--vegetable---lentil-soup-600g;New Covent Garden Skinny Tomato, Vegetable & Lentil Soup 600g;£1.50/unit;£0.25/100g;Soup & lunchtime snacks;fresh-soups;44;2.1;6.1;3.1;0.8;0.1;2.0;0.28;
new-covent-garden-slow-roast-tomato-soup-600g;New Covent Garden Slow Roast Tomato Soup 600g;£1.50/unit;£0.25/100g;Soup & lunchtime snacks;fresh-soups;28;0.9;4.4;4.2;0.4;0.1;1.5;0.35;
new-covent-garden-smokey-tomato---aubergine-soup-600g;New Covent Garden Smokey Tomato & Aubergine Soup 600g;£2.20/unit;£0.37/100g;Soup & lunchtime snacks;fresh-soups;32;1.5;5.4;3.5;0.2;0.1;1.4;0.33;
new-covent-garden-soup-of-the-month-600g;New Covent Garden Soup Of The Month (flavour may vary) 600g;£1.50/unit;£0.25/100g;Soup & lunchtime snacks;fresh-soups;27;1.1;4.4;1.8;0.2;0.0;1.5;0.42;
new-covent-garden-souper-greens---pesto-skinny-soup-600g;New Covent Garden Souper Greens & Pesto Skinny Soup 600g;£1.50/unit;£0.25/100g;Soup & lunchtime snacks;fresh-soups;36;1.6;3.7;2.0;1.2;0.3;2.0;0.28;
new-covent-garden-thai-red-chicken-soup-600g;New Covent Garden Thai Red Chicken Soup 600g;£2.20/unit;£0.37/100g;Soup & lunchtime snacks;fresh-soups;59;2.8;3.6;2.1;3.3;2.5;1.6;0.75;
new-covent-garden-vegetable---supergrain-soup-600g;New Covent Garden Vegetable & Supergrain Soup 600g;£1.50/unit;£0.25/100g;Soup & lunchtime snacks;fresh-soups;49;1.1;6.7;2.8;1.5;0.1;1.9;0.48;
new-covent-garden-wild-mushroom-soup-600g;New Covent Garden Wild Mushroom Soup 600g;£1.50/unit;£0.25/100g;Soup & lunchtime snacks;fresh-soups;27;1.0;1.9;0.9;1.4;0.8;1.5;0.55;
new-york-bakery-co-blueberry-bagels-x4;New York Bakery Co. Blueberry Bagels x4;£1.60/unit;£0.40/ea;Wraps, bagels & pittas;wraps-bagels-pittas;null;null;null;null;null;null;null;null;
new-york-bakery-co-cinnamon---raisin-bagels-x5;New York Bakery Co. Cinnamon & Raisin Bagels x5;£1.60/unit;£0.32/ea;Wraps, bagels & pittas;wraps-bagels-pittas;265;10.5;50.1;8.4;1.6;0.2;3.5;0.8;
new-york-bakery-co-cinnamon---raisin-mini-bagels-x8;New York Bakery Co. Cinnamon & Raisin Mini Bagels x8;£1.60/unit;£0.20/ea;Wraps, bagels & pittas;wraps-bagels-pittas;265;10.5;50.1;8.4;1.6;0.2;3.5;0.8;
new-york-bakery-co-garlic---herb-bagel-x4;New York Bakery Co. Garlic & Herb Bagel x4;£1.60/unit;£0.40/ea;Wraps, bagels & pittas;wraps-bagels-pittas;257;10.3;49.2;6.0;1.3;0.3;3.4;0.7;
new-york-bakery-co-mini-plain-bagels-x8;New York Bakery Co. Mini Plain Bagels x8;£1.60/unit;£0.20/ea;Wraps, bagels & pittas;wraps-bagels-pittas;255;10.3;48.9;4.9;1.3;0.2;3.1;0.8;
new-york-bakery-co-plain-bagels-x5;New York Bakery Co. Plain Bagels x5;£1.60/unit;£0.32/ea;Wraps, bagels & pittas;wraps-bagels-pittas;255;10.3;48.9;4.9;1.3;0.2;3.1;0.8;
new-york-bakery-co-red-onion---chive-bagels-x4;New York Bakery Co. Red Onion & Chive Bagels x4;£1.60/unit;£0.40/ea;Wraps, bagels & pittas;wraps-bagels-pittas;250;10.4;47.2;7.2;1.3;0.2;3.8;0.9;
new-york-bakery-co-seeded-bagels-x4;New York Bakery Co. Seeded Bagels x4;£1.60/unit;£0.44/100g;Wraps, bagels & pittas;wraps-bagels-pittas;298;11.9;50.8;4.5;6.6;0.7;6.5;0.64;
new-york-bakery-co-sesame-bagels-x5;New York Bakery Co. Sesame Bagels x5;£1.60/unit;£0.32/ea;Wraps, bagels & pittas;wraps-bagels-pittas;265;10.5;47.3;4.8;2.9;0.7;4.4;0.8;
new-york-bakery-co-wholemeal-bagels-x5;New York Bakery Co. Wholemeal Bagels x5;£1.60/unit;£0.32/ea;Wraps, bagels & pittas;wraps-bagels-pittas;248;11.9;40.8;4.8;2.5;0.4;7.1;0.9;
newmans-own-balsamic-dressing-250ml;Newman's Own Balsamic Dressing 250ml;£1.50/unit;£0.60/100ml;Table sauces, dressings & condiments;salad-dressings;372;0.1;7.2;5.8;38.2;5.3;0.5;1.30;
newmans-own-caesar-dressing-250ml;Newman's Own Caesar Dressing 250ml;£1.50/unit;£0.60/100ml;Table sauces, dressings & condiments;salad-dressings;553;1.6;2.9;0.6;59.5;4.6;0.5;2.33;
newmans-own-french-dressing-250ml;Newman's Own French Dressing 250ml;£1.50/unit;£0.60/100ml;Table sauces, dressings & condiments;salad-dressings;530;0.1;9.2;8.5;54.1;5.0;0.1;2.10;
newmans-own-olive-oil---vinegar-salad-dressing-250ml;Newman's Own Olive Oil & Vinegar Salad Dressing 250ml;£1.50/unit;£0.60/100ml;Table sauces, dressings & condiments;salad-dressings;490;0.1;1.3;0.3;53.8;6.24;0.5;2.24;
newmans-own-ranch-dressing-250ml;Newman's Own Ranch Dressing 250ml;£1.50/unit;£0.60/100ml;Table sauces, dressings & condiments;salad-dressings;417;1.0;9.5;4.9;41.7;3.1;0.5;2.29;
newmans-own-santa-cruz-chilli---lime-dressing-250ml;Newman's Own Santa Cruz Chilli & Lime Dressing 250ml;£1.50/unit;£0.60/100ml;Table sauces, dressings & condiments;salad-dressings;158;0.3;23.1;16.7;6.9;0.5;0.6;0.54;
nielsen-massey-pure-almond-extract-60ml;Nielsen Massey Pure Almond Extract 60ml;£4.00/unit;£0.67/10ml;Sugar & home baking;baking-ingredients---colourings;null;null;null;null;null;null;null;null;
nielsen-massey-pure-coffee-extract-60ml;Nielsen Massey Pure Coffee Extract 60ml;£4.00/unit;£6.67/100ml;Sugar & home baking;baking-ingredients---colourings;null;null;null;null;null;null;null;null;
nielsen-massey-pure-lemon-extract-60ml;Nielsen Massey Pure Lemon Extract 60ml;£4.00/unit;£0.67/10ml;Sugar & home baking;baking-ingredients---colourings;null;null;null;null;null;null;null;null;
nielsen-massey-pure-orange-extract-60ml;Nielsen Massey Pure Orange Extract 60ml;£4.00/unit;£0.67/10ml;Sugar & home baking;baking-ingredients---colourings;null;null;null;null;null;null;null;null;
nielsen-massey-rose-water-extract-60ml;Nielsen Massey  Rose Water 60ml;£4.00/unit;£0.67/10ml;Sugar & home baking;baking-ingredients---colourings;null;null;null;null;null;null;null;null;
nielsen-massey-vanilla-bean-paste-118ml;Nielsen Massey Vanilla Bean Paste 118ml;£6.00/unit;£5.08/100ml;Sugar & home baking;baking-ingredients---colourings;null;null;null;null;null;null;null;null;
nielson-massey-vanilla-extract-118ml;Nielsen Massey Vanilla Extract 118ml;£6.00/unit;£0.51/10ml;Sugar & home baking;baking-ingredients---colourings;null;null;null;null;null;null;null;null;
nog-beef---ale-pie-190g;No.G Too Good To Be Gluten Free Beef & Ale Pie 190g;£2.50/unit;£1.32/100g;Pies, pasties & quiche;hot-cold-pies;264;7.6;22.7;0.6;15.3;7.4;2.4;0.8;
nog-beef---ale-pie-190g;No.G Too Good To Be Gluten Free Beef & Ale Pie 190g;£2.50/unit;£1.32/100g;Soup & lunchtime snacks;lunchtime-snacks;264;7.6;22.7;0.6;15.3;7.4;2.4;0.8;
nog-cheese---onion-quiche-130g;No.G Too Good To Be Gluten Free Cheese & Onion Quiche 130g;£2.50/unit;£1.92/100g;Pies, pasties & quiche;hot-cold-pies;256;7.1;21.0;1.9;15.6;8.1;1.4;0.6;
nog-cheese---onion-quiche-130g;No.G Too Good To Be Gluten Free Cheese & Onion Quiche 130g;£2.50/unit;£1.92/100g;Pies, pasties & quiche;quiche;256;7.1;21.0;1.9;15.6;8.1;1.4;0.6;
nog-cheese---onion-quiche-130g;No.G Too Good To Be Gluten Free Cheese & Onion Quiche 130g;£2.50/unit;£1.92/100g;Soup & lunchtime snacks;lunchtime-snacks;256;7.1;21.0;1.9;15.6;8.1;1.4;0.6;
nog-cheese---onion-quiche-130g;No.G Too Good To Be Gluten Free Cheese & Onion Quiche 130g;£2.50/unit;£1.92/100g;Vegetarian & meat free;deli-meat-alternatives;256;7.1;21.0;1.9;15.6;8.1;1.4;0.6;
nog-chicken--bacon---leek-pie-190g;No.G Too Good To Be Gluten Free Chicken, Bacon & Leek Pie 190g;£2.50/unit;£1.32/100g;Pies, pasties & quiche;hot-cold-pies;296;6.7;18.0;0.7;20.4;10.6;6.5;0.7;
nog-chicken--bacon---leek-pie-190g;No.G Too Good To Be Gluten Free Chicken, Bacon & Leek Pie 190g;£2.50/unit;£1.32/100g;Soup & lunchtime snacks;lunchtime-snacks;296;6.7;18.0;0.7;20.4;10.6;6.5;0.7;
nog-crustless-garden-vegetable-quiche-150g;No.G Too Good To Be Gluten Free Crustless Garden Vegetable Quiche 150g;£2.50/unit;£1.67/100g;Pies, pasties & quiche;hot-cold-pies;206;6.2;12.2;2.3;14.2;6.4;2.7;0.9;
nog-crustless-garden-vegetable-quiche-150g;No.G Too Good To Be Gluten Free Crustless Garden Vegetable Quiche 150g;£2.50/unit;£1.67/100g;Pies, pasties & quiche;quiche;206;6.2;12.2;2.3;14.2;6.4;2.7;0.9;
nog-crustless-garden-vegetable-quiche-150g;No.G Too Good To Be Gluten Free Crustless Garden Vegetable Quiche 150g;£2.50/unit;£1.67/100g;Soup & lunchtime snacks;lunchtime-snacks;206;6.2;12.2;2.3;14.2;6.4;2.7;0.9;
nog-crustless-garden-vegetable-quiche-150g;No.G Too Good To Be Gluten Free Crustless Garden Vegetable Quiche 150g;£2.50/unit;£1.67/100g;Vegetarian & meat free;deli-meat-alternatives;206;6.2;12.2;2.3;14.2;6.4;2.7;0.9;
nog-quiche-lorraine-130g;No.G Too Good To Be Gluten Free Quiche Lorraine 130g;£2.50/unit;£1.92/100g;Pies, pasties & quiche;hot-cold-pies;286;11.8;20.4;1.7;17.5;9.0;0.5;0.9;
nog-quiche-lorraine-130g;No.G Too Good To Be Gluten Free Quiche Lorraine 130g;£2.50/unit;£1.92/100g;Pies, pasties & quiche;quiche;286;11.8;20.4;1.7;17.5;9.0;0.5;0.9;
nog-quiche-lorraine-130g;No.G Too Good To Be Gluten Free Quiche Lorraine 130g;£2.50/unit;£1.92/100g;Soup & lunchtime snacks;lunchtime-snacks;286;11.8;20.4;1.7;17.5;9.0;0.5;0.9;
nog-quiche-lorraine-130g;No.G Too Good To Be Gluten Free Quiche Lorraine 130g;£2.50/unit;£1.92/100g;Vegetarian & meat free;deli-meat-alternatives;286;11.8;20.4;1.7;17.5;9.0;0.5;0.9;
nog-vegetable-pie-170g;No.G Too Good To Be Gluten Free Vegetable Pie 170g;£2.50/unit;£1.47/100g;Pies, pasties & quiche;hot-cold-pies;238;3.4;20.3;2.7;15.5;8.4;1.8;0.20;
nog-vegetable-pie-170g;No.G Too Good To Be Gluten Free Vegetable Pie 170g;£2.50/unit;£1.47/100g;Soup & lunchtime snacks;lunchtime-snacks;238;3.4;20.3;2.7;15.5;8.4;1.8;0.20;
nog-vegetable-pie-170g;No.G Too Good To Be Gluten Free Vegetable Pie 170g;£2.50/unit;£1.47/100g;Vegetarian & meat free;deli-meat-alternatives;238;3.4;20.3;2.7;15.5;8.4;1.8;0.20;
nog-vegetable-pie-170g;No.G Too Good To Be Gluten Free Vegetable Pie 170g;£2.50/unit;£1.47/100g;Vegetarian & meat free;vegetarian-meat-free-ready-meals;238;3.4;20.3;2.7;15.5;8.4;1.8;0.20;
norwegian-jarlsberg-slices-160g;Norwegian Jarlsberg Slices 160g;£1.75/unit;£10.94/kg;Cheese;sliced-grated-cheese;null;null;null;null;null;null;null;null;
nutella---go%21-hazelnut-spread---breadsticks-48g;Nutella & Go! Hazelnut Spread & Breadsticks 48g;£0.75/unit;£1.56/100g;Biscuits & crackers;chocolate-biscuits;null;null;null;null;null;null;null;null;
nutella---go%21-hazelnut-spread---breadsticks-48g;Nutella & Go! Hazelnut Spread & Breadsticks 48g;£0.75/unit;£1.56/100g;Confectionery;chocolate;null;null;null;null;null;null;null;null;
nutella-chocolate-spread-200g;Nutella Chocolate Spread 200g;£1.35/unit;£0.68/100g;Jams, honey & spreads;chocolate-sweet-spreads;null;null;null;null;null;null;null;null;
nutella-chocolate-spread-hazelnut-750g;Nutella Chocolate Spread 750g;£3.75/unit;£0.50/100g;Jams, honey & spreads;chocolate-sweet-spreads;544;6;57.3;56.7;31.6;10.9;3.4;null;
nutella-spread-400g;Nutella Spread 400g;£2.25/unit;£0.56/100g;Jams, honey & spreads;chocolate-sweet-spreads;546;6;57.6;56.8;31.6;11;null;0.11;
oat-so-simple-bar-fruit-muesli-5x35g;Quaker Oat So Simple Bar Fruit Muesli 5x35g;£2.00/unit;£1.14/100g;Biscuits & crackers;cereal-bars-breakfast-biscuits;398;7.7;68.1;18.7;9.1;2.7;6.6;0.46;
oat-so-simple-bar-fruit-muesli-5x35g;Quaker Oat So Simple Bar Fruit Muesli 5x35g;£2.00/unit;£1.14/100g;Breakfast cereals;breakfast-cereal-bars-breakfast-biscuits;398;7.7;68.1;18.7;9.1;2.7;6.6;0.46;
oatibix-flakes-550g;Oatibix Flakes 550g;£2.70/unit;£0.49/100g;Breakfast cereals;healthier-cereals;381;9.5;73.2;14.3;5.6;0.9;6.2;0.30;
oatibix-flakes-with-fruit-475g;Oatibix Flakes With Fruit 475g;£2.70/unit;£0.57/100g;Breakfast cereals;healthier-cereals;381;7.4;73.9;24.9;4.9;0.9;5.6;0.24;
oatly-chocolate-oat-drink-1l;Oatly Chocolate Oat Drink 1L;£1.35/unit;£1.35/ltr;Fresh milk & eggs;soya---dietary-needs;null;null;null;null;null;null;null;null;
oatly-enriched-long-life-oat-milk-altermative-1l;Oatly Enriched with Calcium Oat Alternative to Dairy Milk 1L;£1.35/unit;£1.35/ltr;Fresh milk & eggs;soya---dietary-needs;null;null;null;null;null;null;null;null;
oatly-long-life-oat-milk-altermative-1l;Oatly Organic Oat Alternative to Dairy Milk 1L;£1.35/unit;£1.35/ltr;Fresh milk & eggs;soya---dietary-needs;null;null;null;null;null;null;null;null;
ocean-spray-cranberry---apple-sauce-250g;Ocean Spray Cranberry & Apple Sauce 250g;£1.40/unit;£0.56/100g;Table sauces, dressings & condiments;condiments;177;0;40;39;1.3;0.5;1.9;0.10;
ocean-spray-cranberry-1l;Ocean Spray Cranberry Juice 1L;£1.15/unit;£0.12/100ml;Chilled fruit juice & smoothies;chilled-fruit-juice;50;0;12;12;0;0;null;0;
ocean-spray-cranberry-light-1l;Ocean Spray Cranberry Light Juice 1L;£1.15/unit;£0.12/100ml;Chilled fruit juice & smoothies;chilled-fruit-juice;8;0;1.5;1.5;0;0;null;0;
ocean-spray-smooth-cranberry-sauce-250g;Ocean Spray Smooth Cranberry Sauce 250g;£1.40/unit;£0.56/100g;Table sauces, dressings & condiments;condiments;150;0;37;33;0;0;0;0;
ocean-spray-wholeberry-cranberry-sauce-250g;Ocean Spray Wholeberry Cranberry Sauce 250g;£1.40/unit;£0.56/100g;Table sauces, dressings & condiments;condiments;152;0;37;33;0;0;1.2;0;
old-el-paso-black-beans-400g;Old El Paso Black Beans 400g;£1.35/unit;£0.32/100g;Cooking sauces & world foods;mexican-cooking-sauces;null;null;null;null;null;null;null;null;
old-el-paso-burrito-dinner-kit-620g;Old El Paso Burrito Dinner Kit 620g;£3.20/unit;£0.52/100g;Cooking sauces & world foods;meal-kits;null;null;null;null;null;null;null;null;
old-el-paso-burrito-dinner-kit-620g;Old El Paso Burrito Dinner Kit 620g;£3.20/unit;£0.52/100g;Cooking sauces & world foods;mexican-cooking-sauces;null;null;null;null;null;null;null;null;
old-el-paso-chilli-seasoning-mix-39g;Old El Paso Chilli Spice Mix, Mild 39g;£0.90/unit;£2.31/100g;Cooking sauces & world foods;mexican-cooking-sauces;null;null;null;null;null;null;null;null;
old-el-paso-corn-tortillas-335g;Old El Paso Corn Tortillas 335g;£1.50/unit;£0.45/100g;Cooking sauces & world foods;mexican-cooking-sauces;null;null;null;null;null;null;null;null;
old-el-paso-corn-tortillas-335g;Old El Paso Corn Tortillas 335g;£1.50/unit;£0.45/100g;Wraps, bagels & pittas;wraps-bagels-pittas;null;null;null;null;null;null;null;null;
old-el-paso-crispy-chicken-fajita-kit-555g;Old El Paso Crispy Chicken Fajita Kit 555g;£3.20/unit;£0.58/100g;Cooking sauces & world foods;meal-kits;null;null;null;null;null;null;null;null;
old-el-paso-crispy-chicken-fajita-kit-555g;Old El Paso Crispy Chicken Fajita Kit 555g;£3.20/unit;£0.58/100g;Cooking sauces & world foods;mexican-cooking-sauces;null;null;null;null;null;null;null;null;
old-el-paso-enchilada-kit--mild-585g;Old El Paso Enchilada Kit, Mild 585g;£3.20/unit;£0.55/100g;Cooking sauces & world foods;meal-kits;null;null;null;null;null;null;null;null;
old-el-paso-enchilada-kit--mild-585g;Old El Paso Enchilada Kit, Mild 585g;£3.20/unit;£0.55/100g;Cooking sauces & world foods;mexican-cooking-sauces;null;null;null;null;null;null;null;null;
old-el-paso-enchilada-kit-663g;Old El Paso Enchilada Kit 663g;£3.20/unit;£0.48/100g;Cooking sauces & world foods;meal-kits;null;null;null;null;null;null;null;null;
old-el-paso-enchilada-kit-663g;Old El Paso Enchilada Kit 663g;£3.20/unit;£0.48/100g;Cooking sauces & world foods;mexican-cooking-sauces;null;null;null;null;null;null;null;null;
old-el-paso-extra-mild-fajita-diner-476g;Old El Paso Fajita Kit, Extra Mild 476g;£3.20/unit;£0.67/100g;Cooking sauces & world foods;meal-kits;null;null;null;null;null;null;null;null;
old-el-paso-extra-mild-fajita-diner-476g;Old El Paso Fajita Kit, Extra Mild 476g;£3.20/unit;£0.67/100g;Cooking sauces & world foods;mexican-cooking-sauces;null;null;null;null;null;null;null;null;
old-el-paso-fajita-dinner-kit-500g;Old El Paso Fajita Kit 500g;£3.20/unit;£0.64/100g;Cooking sauces & world foods;meal-kits;null;null;null;null;null;null;null;null;
old-el-paso-fajita-dinner-kit-500g;Old El Paso Fajita Kit 500g;£3.20/unit;£0.64/100g;Cooking sauces & world foods;mexican-cooking-sauces;null;null;null;null;null;null;null;null;
old-el-paso-fajita-seasoning-mix-35g;Old El Paso Fajita Spice Mix 35g;£0.90/unit;£2.57/100g;Cooking sauces & world foods;mexican-cooking-sauces;null;null;null;null;null;null;null;null;
old-el-paso-family-fajita-kit-750g;Old El Paso Family Fajita Kit 750g;£3.80/unit;£0.51/100g;Cooking sauces & world foods;meal-kits;null;null;null;null;null;null;null;null;
old-el-paso-family-fajita-kit-750g;Old El Paso Family Fajita Kit 750g;£3.80/unit;£0.51/100g;Cooking sauces & world foods;mexican-cooking-sauces;null;null;null;null;null;null;null;null;
old-el-paso-family-size-tortillas-489g;Old El Paso Tortillas x12 489g;£2.05/unit;£0.42/100g;Cooking sauces & world foods;mexican-cooking-sauces;null;null;null;null;null;null;null;null;
old-el-paso-family-size-tortillas-489g;Old El Paso Tortillas x12 489g;£2.05/unit;£0.42/100g;Wraps, bagels & pittas;wraps-bagels-pittas;null;null;null;null;null;null;null;null;
old-el-paso-flour-tortillas-326g;Old El Paso Flour Tortillas x8 326g;£1.50/unit;£0.46/100g;Cooking sauces & world foods;mexican-cooking-sauces;299;8.5;53.7;2.5;5.2;2.0;1.9;1.00;
old-el-paso-flour-tortillas-326g;Old El Paso Flour Tortillas x8 326g;£1.50/unit;£0.46/100g;Wraps, bagels & pittas;wraps-bagels-pittas;299;8.5;53.7;2.5;5.2;2.0;1.9;1.00;
old-el-paso-jalapenos-215g;Old El Paso Sliced Jalapenos 215g;£1.30/unit;£0.60/100g;Cooking sauces & world foods;mexican-cooking-sauces;24;1.3;3.4;1.3;0.3;0.0;1.4;1.08;
old-el-paso-jalapenos-215g;Old El Paso Sliced Jalapenos 215g;£1.30/unit;£0.60/100g;Vinegar, pickles, olives & antipasti;pickled-food;24;1.3;3.4;1.3;0.3;0.0;1.4;1.08;
old-el-paso-mini-tortillas-220g;Old El Paso Mini Tortillas 220g;£1.40/unit;£0.70/100g;Cooking sauces & world foods;mexican-cooking-sauces;null;null;null;null;null;null;null;null;
old-el-paso-mini-tortillas-220g;Old El Paso Mini Tortillas 220g;£1.40/unit;£0.70/100g;Wraps, bagels & pittas;wraps-bagels-pittas;null;null;null;null;null;null;null;null;
old-el-paso-mix-n-mex-400g;Old El Paso Mix 'n' Mex 400g;£2.70/unit;£0.68/100g;Coleslaw, olives, salads & dips;fresh-dips-houmous;60;1.3;8.0;6.6;2.2;0.2;1.3;0.2;
old-el-paso-mix-n-mex-400g;Old El Paso Mix 'n' Mex 400g;£2.70/unit;£0.68/100g;Vegetarian & meat free;deli-meat-alternatives;60;1.3;8.0;6.6;2.2;0.2;1.3;0.2;
old-el-paso-nachips-200g;Old El Paso Nachips 200g;£1.65/unit;£0.83/100g;Cooking sauces & world foods;mexican-cooking-sauces;466;5.7;63.2;1.1;20.2;1.6;4.1;0.32;
old-el-paso-nachips-200g;Old El Paso Nachips 200g;£1.65/unit;£0.83/100g;Crisps, nuts & snacking fruit;tortillas-dips;466;5.7;63.2;1.1;20.2;1.6;4.1;0.32;
old-el-paso-nacho-kit-520g;Old El Paso Nacho Kit 520g;£3.20/unit;£0.62/100g;Cooking sauces & world foods;meal-kits;null;null;null;null;null;null;null;null;
old-el-paso-nacho-kit-520g;Old El Paso Nacho Kit 520g;£3.20/unit;£0.62/100g;Cooking sauces & world foods;mexican-cooking-sauces;null;null;null;null;null;null;null;null;
old-el-paso-one-pan-rice-chili---garlic-355g;Old El Paso One Pan Rice Chili & Garlic 355g;£3.20/unit;£0.90/100g;Cooking sauces & world foods;meal-kits;null;null;null;null;null;null;null;null;
old-el-paso-one-pan-rice-chili---garlic-355g;Old El Paso One Pan Rice Chili & Garlic 355g;£3.20/unit;£0.90/100g;Cooking sauces & world foods;mexican-cooking-sauces;null;null;null;null;null;null;null;null;
old-el-paso-one-pan-rice-extra-mild-355g;Old El Paso One Pan Rice Extra Mild 355g;£3.20/unit;£0.90/100g;Cooking sauces & world foods;meal-kits;228;4.4;40.9;1.2;4.8;2.6;1.7;2.58;
old-el-paso-one-pan-rice-extra-mild-355g;Old El Paso One Pan Rice Extra Mild 355g;£3.20/unit;£0.90/100g;Cooking sauces & world foods;mexican-cooking-sauces;228;4.4;40.9;1.2;4.8;2.6;1.7;2.58;
old-el-paso-quesadilla-kit-505g;Old El Paso Quesadilla Kit 505g;£3.20/unit;£0.63/100g;Cooking sauces & world foods;meal-kits;224;6.6;40.3;6.7;3.4;1.1;2.7;2.25;
old-el-paso-quesadilla-kit-505g;Old El Paso Quesadilla Kit 505g;£3.20/unit;£0.63/100g;Cooking sauces & world foods;mexican-cooking-sauces;224;6.6;40.3;6.7;3.4;1.1;2.7;2.25;
old-el-paso-refried-beans-435g;Old El Paso Refried Beans 435g;£1.35/unit;£0.31/100g;Cooking sauces & world foods;mexican-cooking-sauces;null;null;null;null;null;null;null;null;
old-el-paso-roasted-tomato---pepper-spice-mix-30g;Old El Paso Roasted Tomato & Pepper Fajita Spice Mix 30g;£0.90/unit;£3.00/100g;Cooking sauces & world foods;mexican-cooking-sauces;323;9.2;57.0;35.0;5.0;0.8;4.3;12.00;
old-el-paso-spice-mix-for-crispy-chicken-fajitas-85g;Old El Paso Spice Mix for Crispy Chicken Fajitas 85g;£0.90/unit;£1.06/100g;Cooking sauces & world foods;mexican-cooking-sauces;357;11.0;69.9;7.2;2.4;0.6;5.9;3.77;
old-el-paso-spicy-beef-spice-mix-medium-30g;Old El Paso Spicy Beef Spice Mix Medium 30g;£0.90/unit;£2.57/100g;Cooking sauces & world foods;mexican-cooking-sauces;287;4.7;59.0;44.7;2.8;0.3;3.7;19.30;
old-el-paso-squeezy-chunky-salsa-295g;Old El Paso Squeezy Chunky Salsa 295g;£2.00/unit;£0.68/100g;Cooking sauces & world foods;mexican-cooking-sauces;null;null;null;null;null;null;null;null;
old-el-paso-squeezy-guacamole-295g;Old El Paso Squeezy Chunky Guacamole 295g;£2.00/unit;£0.68/100g;Cooking sauces & world foods;mexican-cooking-sauces;null;null;null;null;null;null;null;null;
old-el-paso-squeezy-red-jalapeno-relish-320g;Old El Paso Squeezy Red Jalapeno Relish 320g;£2.00/unit;£0.63/100g;Cooking sauces & world foods;mexican-cooking-sauces;null;null;null;null;null;null;null;null;
old-el-paso-squeezy-red-jalapeno-relish-320g;Old El Paso Squeezy Red Jalapeno Relish 320g;£2.00/unit;£0.63/100g;Table sauces, dressings & condiments;chutney-pickle-relishes;null;null;null;null;null;null;null;null;
old-el-paso-squeezy-red-jalapeno-relish-320g;Old El Paso Squeezy Red Jalapeno Relish 320g;£2.00/unit;£0.63/100g;Vinegar, pickles, olives & antipasti;chutneys-pickle-relishes;null;null;null;null;null;null;null;null;
old-el-paso-squeezy-sour-cream-285g;Old El Paso Squeezy Sour Cream 285g;£2.00/unit;£0.70/100g;Cooking sauces & world foods;mexican-cooking-sauces;null;null;null;null;null;null;null;null;
old-el-paso-stand---stuff-taco-kit-317g;Old El Paso Stand & Stuff Taco Kit 317g;£3.20/unit;£1.03/100g;Cooking sauces & world foods;meal-kits;null;null;null;null;null;null;null;null;
old-el-paso-stand---stuff-taco-kit-317g;Old El Paso Stand & Stuff Taco Kit 317g;£3.20/unit;£1.03/100g;Cooking sauces & world foods;mexican-cooking-sauces;null;null;null;null;null;null;null;null;
old-el-paso-stand-n-stuff-soft-taco-extra-mild-kit-329g;Old El Paso Stand N Stuff Soft Taco Extra Mild Kit 329g;£3.20/unit;£0.97/100g;Cooking sauces & world foods;meal-kits;244;6.0;37.1;5.0;7.3;2.9;2.9;2.42;
old-el-paso-stand-n-stuff-soft-taco-extra-mild-kit-329g;Old El Paso Stand N Stuff Soft Taco Extra Mild Kit 329g;£3.20/unit;£0.97/100g;Cooking sauces & world foods;mexican-cooking-sauces;244;6.0;37.1;5.0;7.3;2.9;2.9;2.42;
old-el-paso-stand-n-stuff-soft-taco-smoky-bbq-kit-350g;Old El Paso Stand N Stuff Soft Taco Smoky BBQ Kit 350g;£3.20/unit;£0.91/100g;Cooking sauces & world foods;meal-kits;213;5.6;37.1;7.2;4.2;1.6;2.0;2.44;
old-el-paso-stand-n-stuff-soft-taco-smoky-bbq-kit-350g;Old El Paso Stand N Stuff Soft Taco Smoky BBQ Kit 350g;£3.20/unit;£0.91/100g;Cooking sauces & world foods;mexican-cooking-sauces;213;5.6;37.1;7.2;4.2;1.6;2.0;2.44;
old-el-paso-stand-n-stuff-soft-tortillas-x8-193g;Old El Paso Stand N Stuff Soft Tortillas x8 193g;£1.50/unit;£0.78/100g;Cooking sauces & world foods;meal-kits;313;8.3;52.5;1.9;7.2;2.8;2.7;1.00;
old-el-paso-stand-n-stuff-soft-tortillas-x8-193g;Old El Paso Stand N Stuff Soft Tortillas x8 193g;£1.50/unit;£0.78/100g;Cooking sauces & world foods;mexican-cooking-sauces;313;8.3;52.5;1.9;7.2;2.8;2.7;1.00;
old-el-paso-taco-dinner-kit-313g;Old El Paso Taco Dinner Kit 308g;£3.20/unit;£1.04/100g;Cooking sauces & world foods;meal-kits;null;null;null;null;null;null;null;null;
old-el-paso-taco-dinner-kit-313g;Old El Paso Taco Dinner Kit 308g;£3.20/unit;£1.04/100g;Cooking sauces & world foods;mexican-cooking-sauces;null;null;null;null;null;null;null;null;
old-el-paso-taco-seasoning-mix-35g;Old El Paso Taco Seasoning Mix 25g;£0.90/unit;£3.60/100g;Cooking sauces & world foods;mexican-cooking-sauces;null;null;null;null;null;null;null;null;
old-el-paso-taco-shells-156g;Old El Paso Taco Shells 156g;£1.50/unit;£0.96/100g;Cooking sauces & world foods;mexican-cooking-sauces;null;null;null;null;null;null;null;null;
old-el-paso-thick-n-chunky-salsa--hot-226g;Old El Paso Thick 'N' Chunky Salsa, Hot 226g;£1.60/unit;£0.71/100g;Cooking sauces & world foods;mexican-cooking-sauces;null;null;null;null;null;null;null;null;
old-el-paso-thick-n-chunky-salsa--mild-226g;Old El Paso Thick 'N' Chunky Salsa, Mild 226g;£1.60/unit;£0.71/100g;Cooking sauces & world foods;mexican-cooking-sauces;39;1.3;6.2;5.2;0.5;0.0;2.4;1.18;
old-el-paso-tomato---pepper-fajita-kit-500g;Old El Paso Fajita Kit, Tomato & Pepper 500g;£3.20/unit;£0.64/100g;Cooking sauces & world foods;meal-kits;null;null;null;null;null;null;null;null;
old-el-paso-tomato---pepper-fajita-kit-500g;Old El Paso Fajita Kit, Tomato & Pepper 500g;£3.20/unit;£0.64/100g;Cooking sauces & world foods;mexican-cooking-sauces;null;null;null;null;null;null;null;null;
old-el-paso-tortilla-wraps-350g;Old El Paso Tortilla Wraps 350g;£1.50/unit;£0.43/100g;Cooking sauces & world foods;mexican-cooking-sauces;null;null;null;null;null;null;null;null;
old-el-paso-tortilla-wraps-350g;Old El Paso Tortilla Wraps 350g;£1.50/unit;£0.43/100g;Wraps, bagels & pittas;wraps-bagels-pittas;null;null;null;null;null;null;null;null;
old-el-paso-wholewheat-tortillas-360g;Old El Paso Wholewheat Tortillas 360g;£1.50/unit;£0.46/100g;Cooking sauces & world foods;mexican-cooking-sauces;null;null;null;null;null;null;null;null;
old-el-paso-wholewheat-tortillas-360g;Old El Paso Wholewheat Tortillas 360g;£1.50/unit;£0.46/100g;Wraps, bagels & pittas;wraps-bagels-pittas;null;null;null;null;null;null;null;null;
olivado-avocado-oil--extra-virgin-250ml;Olivado Avocado Oil, Extra Virgin 250ml;£4.30/unit;£1.72/100ml;Cooking ingredients & oils;oils;null;0;0;0;91;13;null;null;
oliveira-da-serra-extra-virgin-olive-oil-500ml;Oliveira Da Serra Extra Virgin Olive Oil 500ml;£5.00/unit;£1.00/100ml;Cooking ingredients & oils;oils;null;null;null;null;null;null;null;null;
olives-et-al-classic-mixed-olives--in-extra-virgin-olive-oil-250g;Olives Et Al Chilli & Garlic Olives 250g (170g*);£3.00/unit;£1.76/100g;Vinegar, pickles, olives & antipasti;olives-antipasti;183;1.6;1.9;0.0;18.1;2.5;3.5;2.5;
olives-et-al-garlic-stuffed-green-olives-250g;Olives Et Al Garlic Stuffed Green Olives 250g (170g*);£3.00/unit;£1.76/100g;Vinegar, pickles, olives & antipasti;olives-antipasti;110;1.0;1.7;0.1;10.7;1.6;1.7;1.25;
olives-et-al-pistou-green-olives--in-extra-virgin-olive-oil-250g;Olives Et Al Basil & Garlic Olives 250g (170g*);£3.00/unit;£1.76/100g;Vinegar, pickles, olives & antipasti;olives-antipasti;147;1.4;2.2;0.0;14.1;2.2;3.2;2.5;
olives-et-al-very-deli-mixed-pitted-olives--in-extra-virgin-olive-oil-250g;Olives Et Al Very Deli Mixed Pitted Olives, In Extra Virgin Olive Oil 250g (170g*);£3.00/unit;£1.76/100g;Vinegar, pickles, olives & antipasti;olives-antipasti;185;1.5;1.7;0.0;18.4;2.5;3.3;2.5;
olivio-vegetable---olive-oil--blend-1l;Olivio Vegetable & Olive Oil, Blend 1L;£2.50/unit;£0.25/100ml;Cooking ingredients & oils;oils;828;0;0;0;92;8;0;null;
one-direction-celebration-cake-800g;One Direction Celebration Cake 800g;£9.00/unit;£9.00/ea;Celebration cakes;celebration-cakes;393;2.2;69.1;49.8;11.8;2.5;null;0.44;
one-direction-chocolate-cupcake-kit-298g;One Direction Chocolate Cupcake Kit 298g;£2.70/unit;£9.06/kg;Sugar & home baking;cake-sweet-mixes;411;3.37;58.2;44.9;17.8;9.80;null;0.65;
one-direction-egg---mug-82g;One Direction Egg & Mug 82g;£5.00/unit;£6.10/100g;Confectionery;easter-eggs;532;6.7;62.4;57.8;28.8;17.1;null;0.7;
onken-fat-free-apricot-yogurt-450g;Onken Fat Free Apricot Yogurt 450g;£1.40/unit;£0.31/100g;Yogurts;diet-low-fat-yogurts;87;4.8;15;13;0.2;0.1;null;0.18;
onken-fat-free-natural-yogurt-450g;Onken Fat Free Natural Yogurt 450g;£1.40/unit;£0.31/100g;Yogurts;big-pots-pouring-yogurts;46;5.4;4.3;4.3;0.1;0.1;null;0.20;
onken-fat-free-natural-yogurt-450g;Onken Fat Free Natural Yogurt 450g;£1.40/unit;£0.31/100g;Yogurts;diet-low-fat-yogurts;46;5.4;4.3;4.3;0.1;0.1;null;0.20;
onken-fat-free-natural-yogurt-450g;Onken Fat Free Natural Yogurt 450g;£1.40/unit;£0.31/100g;Yogurts;natural-greek-yogurts;46;5.4;4.3;4.3;0.1;0.1;null;0.20;
onken-fat-free-strawberry-yogurt-450g;Onken Fat Free Strawberry Yogurt 450g;£1.40/unit;£0.31/100g;Yogurts;big-pots-pouring-yogurts;79;4.5;13.4;12.8;0.1;0.1;null;0.18;
onken-fat-free-strawberry-yogurt-450g;Onken Fat Free Strawberry Yogurt 450g;£1.40/unit;£0.31/100g;Yogurts;diet-low-fat-yogurts;79;4.5;13.4;12.8;0.1;0.1;null;0.18;
onken-fat-free-vanilla-biopot-450g;Onken Fat Free Vanilla Yogurt 450g;£1.40/unit;£0.31/100g;Yogurts;big-pots-pouring-yogurts;75;4.4;13.0;12.0;0.1;0.1;null;0.20;
onken-fat-free-vanilla-biopot-450g;Onken Fat Free Vanilla Yogurt 450g;£1.40/unit;£0.31/100g;Yogurts;diet-low-fat-yogurts;75;4.4;13.0;12.0;0.1;0.1;null;0.20;
onken-mango-yogurt-450g;Onken Mango & Passionfruit Biopot Yogurt 450g;£1.40/unit;£0.31/100g;Yogurts;big-pots-pouring-yogurts;102;4;14.3;13.7;2.7;1.7;null;0.18;
onken-mango-yogurt-450g;Onken Mango & Passionfruit Biopot Yogurt 450g;£1.40/unit;£0.31/100g;Yogurts;diet-low-fat-yogurts;102;4;14.3;13.7;2.7;1.7;null;0.18;
onken-natural-yogurt-500g;Onken Natural Yogurt 500g;£1.40/unit;£0.28/100g;Yogurts;big-pots-pouring-yogurts;68;3.7;3.4;3.4;3.7;2.4;null;0.15;
onken-natural-yogurt-500g;Onken Natural Yogurt 500g;£1.40/unit;£0.28/100g;Yogurts;natural-greek-yogurts;68;3.7;3.4;3.4;3.7;2.4;null;0.15;
onken-wholegrain-strawberry-yogurt-450g;Onken Wholegrain Strawberry Yogurt 450g;£1.40/unit;£0.31/100g;Yogurts;big-pots-pouring-yogurts;111;4.4;15.9;13.6;2.8;1.7;null;0.15;
onuga-herring-roe-50g;Onuga Herring Roe 50g;£4.00/unit;£8.00/100g;Cooked meats & snacking;mfp-cooked-fish-seafood;null;null;null;null;null;null;null;null;
onuga-herring-roe-50g;Onuga Herring Roe 50g;£4.00/unit;£8.00/100g;Cooked meats, pate & sandwich fillers;cooked-fish-seafood;null;null;null;null;null;null;null;null;
onuga-herring-roe-50g;Onuga Herring Roe 50g;£4.00/unit;£8.00/100g;Fish & seafood;canapes-snacking;null;null;null;null;null;null;null;null;
opies-cocktail-gherkins-227g;Opies Cocktail Gherkins 227g (125g*);£0.90/unit;£0.72/100g;Vinegar, pickles, olives & antipasti;pickled-food;27;1.4;6.3;4.4;0;0;0.8;2.6;
opies-cocktail-onions-227g;Opies Cocktail Onions 227g (120g*);£0.90/unit;£0.75/100g;Vinegar, pickles, olives & antipasti;pickled-food;23;0.6;5.6;4.5;0;0;0.8;2;
opies-lemon-slices-350g;Opies Lemon Slices 350g (180g*);£1.50/unit;£0.83/100g;Vinegar, pickles, olives & antipasti;pickled-food;33;0.4;8.7;1.4;0.2;0;2.5;0.08;
opies-pickled-walnuts-390g;Opies Pickled Walnuts 390g (180g*);£2.50/unit;£1.39/100g;Vinegar, pickles, olives & antipasti;pickled-food;92;0.8;23;19;0;0;3.4;2.5;
opies-red-cocktail-cherries-225g;Opies Red Cocktail Cherries 225g (125g*);£1.50/unit;£1.20/100g;Vinegar, pickles, olives & antipasti;pickled-food;200;0.2;48;48;0.5;0.2;0.5;0.05;
orbit-chewing-gum-peppermint-35g;Orbit Complete Peppermint 35g;£0.60/unit;£0.60/ea;Confectionery;mints-chewing-gum;null;null;null;null;null;null;null;null;
orbit-chewing-gum-spearmint-35g;Orbit Complete Spearmint 35g;£0.60/unit;£0.60/ea;Confectionery;mints-chewing-gum;null;null;null;null;null;null;null;null;
orbit-complete-peppermint-3-pack-81g;Orbit Complete Peppermint 3x27g;£1.80/unit;£0.60/ea;Confectionery;mints-chewing-gum;null;null;null;null;null;null;null;null;
orbit-complete-spearmint-3-pack-81g;Orbit Complete Spearmint 3x27g;£1.80/unit;£0.60/ea;Confectionery;mints-chewing-gum;153;0;63.6;0;0;0;null;0;
oreo-chocolate-creme-cookies-154g;Oreo Chocolate Creme Cookies 154g;£1.20/unit;£0.78/100g;Biscuits & crackers;cookies;465;5.0;67;37;19;9.2;2.5;0.90;
oreo-chocolate-creme-cookies-154g;Oreo Chocolate Creme Cookies 154g;£1.20/unit;£0.78/100g;Biscuits & crackers;everyday-biscuits-shortbread;465;5.0;67;37;19;9.2;2.5;0.90;
oreo-cookies-154g;Oreo Cookies 154g;£1.20/unit;£0.78/100g;Biscuits & crackers;cookies;480;5.0;69;38;20;9.8;2.5;0.90;
oreo-cookies-154g;Oreo Cookies 154g;£1.20/unit;£0.78/100g;Biscuits & crackers;everyday-biscuits-shortbread;480;5.0;69;38;20;9.8;2.5;0.90;
oreo-cookies-vanilla-2x154g;Oreo Cookies Vanilla 2x154g;£2.00/unit;£0.65/100g;Biscuits & crackers;cookies;null;null;null;null;null;null;null;null;
oreo-cookies-vanilla-2x154g;Oreo Cookies Vanilla 2x154g;£2.00/unit;£0.65/100g;Biscuits & crackers;everyday-biscuits-shortbread;null;null;null;null;null;null;null;null;
oreo-double-stuff-cookies-185g;Oreo Double Stuff Cookies 157g;£1.50/unit;£0.96/100g;Biscuits & crackers;cookies;500;3.8;68;43;23;12;1.9;0.70;
oreo-double-stuff-cookies-185g;Oreo Double Stuff Cookies 157g;£1.50/unit;£0.96/100g;Biscuits & crackers;everyday-biscuits-shortbread;500;3.8;68;43;23;12;1.9;0.70;
oreo-ice-cream-sandwich-x6-330ml;Oreo Ice Cream Sandwich x6 330ml;£3.00/unit;£0.91/100ml;Ice cream & desserts;lollies-bars-cones;200;3.5;29.6;16.5;7.6;4.7;0.5;0.09;
oreo-original-220g;Oreo Original 220g;£1.00/unit;£0.45/100g;Biscuits & crackers;cookies;480;5.0;69;38;20;9.8;2.5;0.90;
oreo-original-220g;Oreo Original 220g;£1.00/unit;£0.45/100g;Biscuits & crackers;everyday-biscuits-shortbread;480;5.0;69;38;20;9.8;2.5;0.90;
oreo-snack-pack-66g;Oreo Snack Pack 66g;£0.60/unit;£0.91/100g;Biscuits & crackers;biscuits-crackers-kids-lunchbox;480;5.0;69;38;20;9.8;2.5;0.90;
oreo-snack-pack-66g;Oreo Snack Pack 66g;£0.60/unit;£0.91/100g;Biscuits & crackers;cookies;480;5.0;69;38;20;9.8;2.5;0.90;
oreo-vanilla-ice-cream-cone-x4-400ml;Oreo Vanilla Ice Cream Cone x4 400ml;£2.00/unit;£0.50/100ml;Ice cream & desserts;lollies-bars-cones;200;3.0;27.1;15.5;8.7;6.8;0.9;0.28;
organic-corn-cakes-130g;Clearspring Corn Cakes Organic 130g;£1.99/unit;£1.53/100g;Biscuits & crackers;biscuits-crackers-freefrom;380;7.9;80;0.2;3.4;0.5;5.4;0.3;
organix-12m-goodies-animal-biscuits-100g;Organix Goodies, Animal Biscuits 12+ Months 100g;£1.40/unit;£1.40/100g;Biscuits & crackers;biscuits-crackers-kids-lunchbox;426;7.2;69.0;16.0;13.5;4.0;6.6;0.4;
organix-12m-goodies-apple---orange-soft-oaty-bars-6x30g;Organix Goodies, Apple & Orange Soft Oaty Bars 12+ Months 6x30g;£2.50/unit;£1.39/100g;Biscuits & crackers;cereal-bars-breakfast-biscuits;410;7.7;58.6;26.9;14.9;1.7;5.4;0.03;
organix-12m-goodies-blackcurrant-soft-oaty-bars-6x30g;Organix Goodies, Blackcurrant Soft Oaty Bars 12+ Months 6x30g;£2.50/unit;£1.39/100g;Biscuits & crackers;cereal-bars-breakfast-biscuits;403;7.5;56.7;26.0;15.0;1.8;5.4;0.03;
organix-12m-goodies-carrot-cake-soft-oaty-bars-6x30g;Organix Goodies, Carrot Cake Soft Oaty Bars 12+ Months 6x30g;£2.50/unit;£8.33/100g;Biscuits & crackers;cereal-bars-breakfast-biscuits;399;7.9;53.0;26.3;15.5;1.8;7.9;0.08;
organix-12m-goodies-cheese---herb-puffs-4x15g;Organix Goodies, Cheese & Herb Puffs 12+ Months 4x15g;£2.00/unit;£3.33/100g;Crisps, nuts & snacking fruit;crisps;468;11.1;62.0;3.8;17.0;3.6;2.6;0.2;
organix-12m-goodies-cheese-crackers-4x20g;Organix Goodies, Cheese Crackers 12+ Months 4x20g;£2.00/unit;£2.50/100g;Biscuits & crackers;biscuits-crackers-kids-lunchbox;459;12.1;65.7;3.9;15.8;7.1;3.1;0.56;
organix-12m-goodies-fruit-bars-banana---date-5x15g;Organix Goodies, Banana & Date Fruit Bars 12+ Months 5x15g;£2.50/unit;£3.33/100g;Crisps, nuts & snacking fruit;snacking-fruit-seeds;299;2.8;67.0;58.5;0.5;0.1;8.9;0;
organix-12m-goodies-fruit-bars-date---apple-5x15g;Organix Goodies Fruit Bars, Date & Apple 12m+ 5x15g;£2.50/unit;£3.33/100g;Crisps, nuts & snacking fruit;snacking-fruit-seeds;310;2.3;70.0;57.0;0.9;0.2;8.7;0;
organix-12m-goodies-gingerbread-men-135g;Organix Goodies, Gingerbread Men 12+ Months 135g;£2.00/unit;£1.48/100g;Biscuits & crackers;biscuits-crackers-kids-lunchbox;424;8.0;68.7;18.8;11.5;3.8;6.6;0.38;
organix-12m-goodies-mini-cereal-bar-bites-140g;Organix Goodies, Mini Cereal Bar Bites 12+ Months 140g;£2.75/unit;£1.96/100g;Biscuits & crackers;cereal-bars-breakfast-biscuits;410;7.7;58.6;26.9;14.9;1.7;5.4;0.03;
organix-12m-goodies-mini-gingerbread-men-5x25g;Organix Goodies, Mini Gingerbread Men 12+ Months 5x25g;£2.00/unit;£1.60/100g;Biscuits & crackers;biscuits-crackers-kids-lunchbox;424;8.0;68.7;18.8;11.5;3.8;6.6;0.38;
organix-12m-goodies-raisin-mini-boxes-18x14g;Organix Goodies Raisin Mini boxes, 12m+ 18x14g;£3.00/unit;£1.20/100g;Crisps, nuts & snacking fruit;snacking-fruit-seeds;315;2.2;73.3;62.3;0.6;0.2;3.9;0.1;
organix-12m-goodies-raspberry---apple-soft-oaty-bars-6x30g;Organix Goodies Raspberry & Apple Soft Oaty Bars, 12+ Months 6x30g;£2.50/unit;£1.39/100g;Biscuits & crackers;cereal-bars-breakfast-biscuits;403;7.8;56.6;25.9;14.9;1.8;5.7;0.03;
organix-12m-goodies-saucy-tomato-noughts---crosses-4x15g;Organix Goodies Saucy Tomato Noughts & Crosses, 12+ Months 4x15g;£2.00/unit;£3.33/100g;Crisps, nuts & snacking fruit;crisps;446;8.0;63.9;6.1;15.0;2.1;4.0;0.02;
organix-12m-goodies-spicy-stars-4x15g;Organix Goodies Spicy Stars, 12+ Months 4x15g;£2.00/unit;£3.33/100g;Crisps, nuts & snacking fruit;crisps;448;7.9;65.7;6.0;15.0;2.0;3.6;0.07;
organix-goodies--alphabet-biscuits-12-months-5x25g;Organix Goodies, Alphabet Biscuits 12+ Months 5x25g;£2.00/unit;£1.60/100g;Biscuits & crackers;biscuits-crackers-kids-lunchbox;446;8.7;67.2;16.0;14.6;3.8;5.6;0.43;
organix-goodies--blackcurrant---apple-fruit-stars-12-months-12g;Organix Goodies, Blackcurrant & Apple Fruit Stars 12+ Months 12g;£0.60/unit;£5.00/100g;Crisps, nuts & snacking fruit;snacking-fruit-seeds;333;0.8;78.8;62.9;1.3;1.2;1.8;0.05;
organix-goodies--cocoa---raisin-soft-oaty-bars-6x30g;Organix Goodies, Cocoa & Raisin Soft Oaty Bars 15+ Months 6x30g;£2.50/unit;£1.39/100g;Biscuits & crackers;cereal-bars-breakfast-biscuits;406;7.7;56.3;25.8;15.4;1.9;5.6;0.03;
organix-goodies--raspberry---apple-fruit-moos-12-months-12g;Organix Goodies, Raspberry & Apple Fruit Moo's 12+ Months 12g;£0.60/unit;£5.00/100g;Crisps, nuts & snacking fruit;snacking-fruit-seeds;328;0.7;80.1;62.8;0.5;0;2.3;0.05;
organix-goodies--soft-oaty-banana-bars-6x30g;Organix Goodies, Soft Oaty Banana Bars 6x30g;£2.50/unit;£1.39/100g;Biscuits & crackers;cereal-bars-breakfast-biscuits;408;7.7;56.5;27.6;15.7;1.9;4.7;0.03;
organix-goodies--sweetcorn-salsa-snappy-crocs-12-months-4x15g;Organix Goodies, Sweetcorn Salsa Snappy Crocs 12+ Months 4x15g;£2.00/unit;£3.33/100g;Crisps, nuts & snacking fruit;crisps;453;8.5;66.0;3.5;15.0;2.1;3.6;0.01;
organix-goodies-carrot-stix--12m-4x15g;Organix Goodies, Carrot Stix 12+ Months 4x15g;£2.00/unit;£3.33/100g;Crisps, nuts & snacking fruit;crisps;439;7.4;67.1;7.6;14.8;1.9;3.5;0.15;
organix-goodies-cereal-bars-strawberry-6x30g;Organix Goodies, Strawberry Cereal Bars 6x30g;£2.50/unit;£1.39/100g;Biscuits & crackers;cereal-bars-breakfast-biscuits;405;7.7;56.6;26.1;15.1;1.8;6.0;0.03;
organix-goodies-cheese---tomato-crackers-4x20g;Organix Goodies Cheese & Tomato Crackers 4x20g;£2.00/unit;£2.50/100g;Biscuits & crackers;biscuits-crackers-kids-lunchbox;447;13.5;61.1;4.6;15.4;6.7;5.1;0.40;
organix-goodies-fruit-gummies-apple---strawberry-12g;Organix Goodies, Apple & Strawberry Fruit Gummies 12g;£0.60/unit;£5.00/100g;Crisps, nuts & snacking fruit;snacking-fruit-seeds;266;1.0;65.0;67.2;0.5;0.1;1.0;0.06;
orgran-mini-outback-animal-cookies-175g;Orgran Outback Animal Cookies 175g;£2.99/unit;£1.71/100g;Biscuits & crackers;biscuits-crackers-freefrom;400;5.0;69.0;27.0;10.5;4.2;12.8;null;
orgran-tinned-spaghetti-220g;Orgran Gluten Free Spaghetti in Tomato Sauce 220g;£1.19/unit;£5.41/kg;Canned, tinned & packaged foods;baked-beans-canned-pasta;62;2.4;12.4;3.6;0.3;0;0.8;null;
oscar-mayer-smoked-streaky-bacon-200g;Oscar Mayer Smoked Streaky Bacon 200g;£2.09/unit;£10.45/kg;Bacon & gammon;bacon;375;14;1;1;35;12;null;2.6;
oss-express-pots-honey---vanilla-57g;Quaker Oat So Simple Porridge Pot, Honey & Vanilla 57g;£1.00/unit;£1.75/100g;Breakfast cereals;on-the-go;374;15.1;64.1;27.1;5.1;1.0;5.5;0.33;
oss-express-pots-honey---vanilla-57g;Quaker Oat So Simple Porridge Pot, Honey & Vanilla 57g;£1.00/unit;£1.75/100g;Breakfast cereals;porridge-oats;374;15.1;64.1;27.1;5.1;1.0;5.5;0.33;
oss-express-pots-strawb--rasp-cran-57g;Quaker Oat So Simple Porridge Pot, Strawberry, Raspberry & Cranberry 57g;£1.00/unit;£1.75/100g;Breakfast cereals;on-the-go;374;14.7;64.7;27.0;5.1;1.0;5.5;0.30;
oss-express-pots-strawb--rasp-cran-57g;Quaker Oat So Simple Porridge Pot, Strawberry, Raspberry & Cranberry 57g;£1.00/unit;£1.75/100g;Breakfast cereals;porridge-oats;374;14.7;64.7;27.0;5.1;1.0;5.5;0.30;
oss-morning-bar-str-ygt-5x35g;Quaker Oat So Simple Morning Bar Strawberry & Yogurt 5x35g;£2.00/unit;£1.14/100g;Biscuits & crackers;cereal-bars-breakfast-biscuits;426;9.1;72.2;16.1;9.3;3.0;8.4;0.62;
oss-morning-bar-str-ygt-5x35g;Quaker Oat So Simple Morning Bar Strawberry & Yogurt 5x35g;£2.00/unit;£1.14/100g;Breakfast cereals;breakfast-cereal-bars-breakfast-biscuits;426;9.1;72.2;16.1;9.3;3.0;8.4;0.62;
oxo-24-chicken-stock-cubes-142g;Oxo Stock Cubes, Chicken x24 142g;£2.25/unit;£1.58/100g;Cooking ingredients & oils;stock;9;0.5;1.5;0.5;0.5;0.1;0.5;0.77;
oxo-stock-cubes--beef-x24-142g;Oxo Stock Cubes, Beef x24 142g;£2.25/unit;£1.58/100g;Cooking ingredients & oils;stock;8;0.5;1.1;0.5;0.5;0.1;0.5;0.95;
oxo-stock-cubes--beef-x6-35g;Oxo Stock Cubes, Beef x6 35g;£0.85/unit;£2.43/100g;Cooking ingredients & oils;stock;8;0.5;1.1;0.5;0.5;0.1;0.5;0.95;
oykos-greek-style-apple---cinnamon-yogurt-2x110g;Oykos Greek Style Apple & Cinnamon Yogurt 2x110g;£1.20/unit;£0.55/100g;Yogurts;luxury-yogurts;150;2.9;16.5;16.1;8.0;5.0;0.2;0.1;
oykos-greek-style-apple---cinnamon-yogurt-2x110g;Oykos Greek Style Apple & Cinnamon Yogurt 2x110g;£1.20/unit;£0.55/100g;Yogurts;natural-greek-yogurts;150;2.9;16.5;16.1;8.0;5.0;0.2;0.1;
oykos-greek-style-caramel-yogurt-2x110g;Oykos Greek Style Caramel Yogurt 2x110g;£1.20/unit;£0.55/100g;Yogurts;luxury-yogurts;162;3.0;18.4;17.8;8.5;5.3;0.0;0.3;
oykos-greek-style-caramel-yogurt-2x110g;Oykos Greek Style Caramel Yogurt 2x110g;£1.20/unit;£0.55/100g;Yogurts;natural-greek-yogurts;162;3.0;18.4;17.8;8.5;5.3;0.0;0.3;
pacinos-tomato---basil-sauce-300g;Pacino's Tomato & Basil Sauce 300g;£1.60/unit;£0.53/100g;Pizza, pasta & garlic bread;fresh-pasta-sauces;52;1.8;7.2;6.5;1.8;0.1;0.5;0.48;
pacinos-tomato---basil-sauce-300g;Pacino's Tomato & Basil Sauce 300g;£1.60/unit;£0.53/100g;Vegetarian & meat free;vegetarian-meat-free-pizza-pasta;52;1.8;7.2;6.5;1.8;0.1;0.5;0.48;
pagen-golden-wheat-krisprolls-225g;Pagen Golden Wheat Krisprolls 225g;£1.25/unit;£0.56/100g;Biscuits & crackers;crackers-savoury-biscuits;390;12;67;65;65;22;85;15;
pagen-golden-wheat-krisprolls-225g;Pagen Golden Wheat Krisprolls 225g;£1.25/unit;£0.56/100g;Biscuits & crackers;healthier-biscuits-crackers;390;12;67;65;65;22;85;15;
panda-liquorice-softie-4pk;Panda Liquorice Softie 4pk;£1.30/unit;£1.25/100g;Confectionery;sweets;null;null;null;null;null;null;null;null;
panda-natural-licorice-x4-128g;Panda Natural Licorice x4 128g;£1.30/unit;£1.02/100g;Confectionery;sweets;null;null;null;null;null;null;null;null;
paradise-challa-bread-400g;Paradise Challa Bread 400g;£1.90/unit;£0.48/100g;Naan, ciabatta & breads of the world;naan-ciabatta-breads-of-the-world;null;null;null;null;null;null;null;null;
paradise-challa-rolls-x-6-500g;Paradise Challa Rolls x 6 500g;£3.00/unit;£0.60/100g;Naan, ciabatta & breads of the world;naan-ciabatta-breads-of-the-world;null;null;null;null;null;null;null;null;
paradise-challa-rolls-x-6-500g;Paradise Challa Rolls x 6 500g;£3.00/unit;£0.60/100g;Rolls;rolls;null;null;null;null;null;null;null;null;
parsons-cockles-155g;Parsons Cockles 155g;£1.50/unit;£0.97/100g;Canned, tinned & packaged foods;canned-tinned-packaged-fish;82;16.7;1.3;0.0;1.1;0.2;null;2.05;
parsons-pickled-mussels-155g;Parsons Pickled Mussels 155g;£1.30/unit;£0.84/100g;Canned, tinned & packaged foods;canned-tinned-packaged-fish;97;14.4;3.0;0;2.7;0.4;null;1.474;
pataks-balti-sauce-450g;Patak's Balti Sauce 450g;£1.65/unit;£0.37/100g;Cooking sauces & world foods;indian-cooking-sauces;84;1.1;7.2;4.2;5.3;0.4;null;0.76;
pataks-bhuna-sauce-450g;Patak's Bhuna Sauce 450g;£1.65/unit;£0.37/100g;Cooking sauces & world foods;indian-cooking-sauces;85;1.6;5.9;3.8;5.6;0.4;1.9;0.72;
pataks-biryani-oven-bake-sauce-450g;Patak's Biryani Oven Bake Sauce 450g;£1.65/unit;£0.37/100g;Cooking sauces & world foods;indian-cooking-sauces;80;1.1;6.1;3.8;5.3;0.4;null;0.72;
pataks-brinjal-%28aubergine%29-pickle-283g;Patak's Brinjal (Aubergine) Pickle 312g;£1.95/unit;£0.63/100g;Cooking sauces & world foods;indian-cooking-sauces;381;2.1;34.5;33.4;24.8;1.7;null;4.00;
pataks-butter-chicken-curry-sauce-450g;Patak's Butter Chicken Curry Sauce 450g;£1.65/unit;£0.37/100g;Cooking sauces & world foods;indian-cooking-sauces;133;1.2;7.7;5.0;10.5;4.1;null;0.72;
pataks-curry-paste--balti-283g;Patak's Balti Paste 283g;£2.19/unit;£0.77/100g;Cooking sauces & world foods;indian-cooking-sauces;289;3.1;16.9;6.9;21.4;1.5;5.9;4.75;
pataks-curry-paste--korma-290g;Patak's Korma Paste 290g;£2.19/unit;£0.76/100g;Cooking sauces & world foods;indian-cooking-sauces;227;3.1;14.6;9.9;15.4;2.6;6.0;4.76;
pataks-curry-paste--madras-283g;Patak's Madras Spice Paste 283g;£2.19/unit;£0.77/100g;Cooking sauces & world foods;indian-cooking-sauces;296;4.6;7.2;1.6;24.9;1.8;9.9;4.89;
pataks-curry-paste--rogan-josh-283g;Patak's Rogan Josh Paste 283g;£2.19/unit;£0.77/100g;Cooking sauces & world foods;indian-cooking-sauces;261;4.5;9.1;6.8;20.1;1.5;10.2;3.33;
pataks-curry-paste--tikka-masala-283g;Patak's Tikka Masala Paste 283g;£2.19/unit;£0.77/100g;Cooking sauces & world foods;indian-cooking-sauces;307;3.4;18.1;11.3;22.7;1.6;5.9;4.73;
pataks-dopiaza-sauce-450g;Patak's Dopiaza Sauce 450g;£1.65/unit;£0.37/100g;Cooking sauces & world foods;indian-cooking-sauces;81;1.4;6.1;4.0;5.1;0.4;null;0.72;
pataks-jalfrezi-paste-283g;Patak's Jalfrezi Paste 283g;£2.19/unit;£0.77/100g;Cooking sauces & world foods;indian-cooking-sauces;323;3.2;12.4;8.1;26.9;4.3;6.4;3.32;
pataks-jalfrezi-sauce-450g;Patak's Jalfrezi Sauce 450g;£1.65/unit;£0.37/100g;Cooking sauces & world foods;indian-cooking-sauces;97;1.1;8.5;5.4;6.0;0.9;null;0.72;
pataks-korma-sauce-450g;Patak's Korma Sauce 450g;£1.65/unit;£0.37/100g;Cooking sauces & world foods;indian-cooking-sauces;163;1.3;9.5;6.7;12.7;7.3;null;0.72;
pataks-lime-pickle-283g;Patak's Lime Pickle 283g;£1.59/unit;£0.56/100g;Cooking sauces & world foods;indian-cooking-sauces;132;1.6;7.4;2.0;9.6;1.0;null;9.58;
pataks-madras-sauce-450g;Patak's Madras Sauce 450g;£1.65/unit;£0.37/100g;Cooking sauces & world foods;indian-cooking-sauces;86;1.5;6.4;3.5;5.3;0.4;null;0.73;
pataks-mild-curry-paste-283g;Patak's Mild Curry Paste 283g;£2.19/unit;£0.77/100g;Cooking sauces & world foods;indian-cooking-sauces;306;4.8;9.2;3.3;24.7;1.8;10.8;3.58;
pataks-pasanda-sauce-450g;Patak's Pasanda Sauce 450g;£1.65/unit;£0.37/100g;Cooking sauces & world foods;indian-cooking-sauces;122;2.6;8.9;5.4;8.0;3.1;null;0.70;
pataks-raita-dip-270g;Patak's Raita Dip 270g;£1.70/unit;£0.63/100g;Cooking sauces & world foods;indian-cooking-sauces;65;3.5;8.6;6.5;1.8;1.0;0.1;null;
pataks-rogan-josh-sauce-450g;Patak's Rogan Josh Sauce 450g;£1.65/unit;£0.37/100g;Cooking sauces & world foods;indian-cooking-sauces;68;1.1;7.5;4.5;3.3;0.2;null;0.72;
pataks-saag-masala-sauce-450g;Patak's Saag Masala Sauce 450g;£1.65/unit;£0.37/100g;Cooking sauces & world foods;indian-cooking-sauces;79;1.6;5.4;3.0;5.0;0.9;null;0.81;
pataks-special-blends-for-2-balti-sauce-285g;Patak's Spice Sensations Balti Sauce 285g;£1.39/unit;£0.49/100g;Cooking sauces & world foods;indian-cooking-sauces;86;1.3;6.2;4.1;5.7;0.4;null;0.77;
pataks-special-blends-for-2-jalfrez-sauce-285g;Patak's Spice Sensations Jalfrezi Sauce 285g;£1.39/unit;£0.49/100g;Cooking sauces & world foods;indian-cooking-sauces;94;1.5;6.6;4.5;6.2;0.4;null;0.77;
pataks-special-blends-for-2-korma-sauce-285g;Patak's Spice Sensations Korma Sauce 285g;£1.39/unit;£0.49/100g;Cooking sauces & world foods;indian-cooking-sauces;155;2.9;10.6;6.1;9.8;5.8;null;0.76;
pataks-special-blends-for-2-tikka-sauce-285g;Patak's Spice Sensations Tikka Masala Sauce 285g;£1.39/unit;£0.49/100g;Cooking sauces & world foods;indian-cooking-sauces;122;1.8;9.6;7.1;6.9;2.3;null;0.79;
pataks-tandoori-paste-312g;Patak's Tandoori Spice Marinade 312g;£2.19/unit;£0.70/100g;Cooking sauces & world foods;indian-cooking-sauces;99;3.5;10.1;4.2;2.7;0.3;5.9;6.07;
pataks-tikka-masala-sauce-450g;Patak's Tikka Masala Sauce 450g;£1.65/unit;£0.37/100g;Cooking sauces & world foods;indian-cooking-sauces;98;1.6;7.4;4.1;6.5;1.3;null;0.75;
pataks-vindaloo-sauce-450g;Patak's Vindaloo Sauce 450g;£1.65/unit;£0.37/100g;Cooking sauces & world foods;indian-cooking-sauces;90;1.5;6.9;3.9;6.3;0.5;null;0.71;
paxo-celebrations-stuffing-mix-cranberry---chestnut-150g;Paxo Celebrations Stuffing Mix Cranberry & Chestnut 150g;£1.55/unit;£10.33/kg;Cooking ingredients & oils;stuffing;504;3.3;22.2;4.1;1.9;0.9;2.4;1.06;
paxo-celebrations-stuffing-mix-sage---onion-150g;Paxo Celebrations Wild Sage & Red Onion Stuffing 150g;£1.55/unit;£10.33/kg;Cooking ingredients & oils;stuffing;472;3.2;21.5;2.1;1.4;0.6;1.5;1.19;
paxo-celebrations-stuffing-mix-speciality-sausagemeat---thyme-150g;Paxo Celebrations Sausagemeat & Thyme Stuffing 150g;£1.55/unit;£10.33/kg;Cooking ingredients & oils;stuffing;572;5.7;22.3;1.8;2.6;1.0;2.4;1.54;
paxo-sage---onion-stuffing-380g;Paxo Sage & Onion Stuffing 380g;£1.50/unit;£3.95/kg;Cooking ingredients & oils;stuffing;478;3.5;21.8;2.0;1.3;0.6;2.0;1.08;
paxo-sage---onion-stuffing-85g;Paxo Sage & Onion Stuffing 85g;£0.60/unit;£7.06/kg;Cooking ingredients & oils;stuffing;478;3.5;21.8;2.0;1.3;0.6;2.0;1.08;
paxo-with-apple-stuffing-mix-130g;Paxo Sage & Onion Stuffing with Apple 130g;£1.20/unit;£9.23/kg;Cooking ingredients & oils;stuffing;487;3.5;22.5;3.2;1.3;0.6;1.8;1.25;
paxo-with-garlic-suffing-mix-130g;Paxo Sage & Onion Stuffing with Garlic 130g;£1.20/unit;£9.23/kg;Cooking ingredients & oils;stuffing;488;3.5;22.4;2.0;1.3;0.6;1.7;1.34;
paxo-with-lemon-stuffing-mix-130g;Paxo Sage & Onion Stuffing with Lemon 130g;£1.20/unit;£9.23/kg;Cooking ingredients & oils;stuffing;null;null;null;null;null;null;null;null;
peanut-m-ms-45g;M&M's Peanut 45g;£0.60/unit;£1.33/100g;Confectionery;chocolate;511;9.8;59.1;53.6;25.3;10.2;null;0.09;
pearce-duff-blancmange-146g;Pearce Duff Blancmange 146g;£0.60/unit;£0.41/100g;Fruit & desserts;jelly;97;2.9;17.1;null;1.8;null;null;null;
pek-chopped-pork-300g;Pek Chopped Pork 300g;£2.00/unit;£0.67/100g;Canned, tinned & packaged foods;cold-meat;null;null;null;null;null;null;null;null;
pek-gold-chopped-pork-200g;Pek Chopped Pork Gold, Extra Lean 200g;£1.70/unit;£0.85/100g;Canned, tinned & packaged foods;cold-meat;null;null;null;null;null;null;null;null;
penn-state-salted-pretzels-175g;Penn State Sea Salted Pretzels 175g;£1.60/unit;£0.91/100g;Crisps, nuts & snacking fruit;crisps;393;10;76;3.3;4.6;0.5;3.6;2.5;
penn-state-salted-pretzels-175g;Penn State Sea Salted Pretzels 175g;£1.60/unit;£0.91/100g;Crisps, nuts & snacking fruit;party-nibbles-bites;393;10;76;3.3;4.6;0.5;3.6;2.5;
penn-state-smoky-bbq-pretzels-175g;Penn State Smoky BBQ Pretzels 175g;£1.60/unit;£0.91/100g;Crisps, nuts & snacking fruit;crisps;null;9.1;69.4;6.0;13.2;1.0;5.0;1.0;
penn-state-sour-cream---chives-pretzels-175g;Penn State Sour Cream & Chives Pretzels 175g;£1.60/unit;£0.91/100g;Crisps, nuts & snacking fruit;crisps;423;9.2;71;6.2;11;0.9;3.4;1.7;
penn-state-sour-cream---chives-pretzels-175g;Penn State Sour Cream & Chives Pretzels 175g;£1.60/unit;£0.91/100g;Crisps, nuts & snacking fruit;party-nibbles-bites;423;9.2;71;6.2;11;0.9;3.4;1.7;
peony-sarah-bernhardt;Sainsbury's Peony Pink;£3.00/unit;£3.00/ea;Flowers & seeds;flowers---seeds;null;null;null;null;null;null;null;null;
peperami-hot-single-25g;Peperami Hot 25g;£0.70/unit;£2.80/100g;Cooked meats & snacking;mfp-snacking-cooked-sausage;517;23;3.2;2.4;44;19;null;4;
peperami-hot-single-25g;Peperami Hot 25g;£0.70/unit;£2.80/100g;Cooked meats, pate & sandwich fillers;snacking-cooked-sausage;517;23;3.2;2.4;44;19;null;4;
peperami-sausage-25g;Peperami Original 25g;£0.70/unit;£2.80/100g;Cooked meats & snacking;mfp-snacking-cooked-sausage;518;24;2.2;2;44;17;null;3.9;
peperami-sausage-25g;Peperami Original 25g;£0.70/unit;£2.80/100g;Cooked meats, pate & sandwich fillers;snacking-cooked-sausage;518;24;2.2;2;44;17;null;3.9;
peperami-spiced-sausage-5x25g;Peperami Original 5x25g;£2.50/unit;£2.00/100g;Cooked meats & snacking;mfp-snacking-cooked-sausage;504;24.0;2.5;0;44.0;18.0;0.1;3.6;
peperami-spiced-sausage-5x25g;Peperami Original 5x25g;£2.50/unit;£2.00/100g;Cooked meats, pate & sandwich fillers;snacking-cooked-sausage;504;24.0;2.5;0;44.0;18.0;0.1;3.6;
peperami-spiced-sausage-hot-x5-25g;Peperami Hot 5x25g;£2.50/unit;£2.00/100g;Cooked meats & snacking;mfp-snacking-cooked-sausage;517;23;3.2;2.4;44;19;null;4;
peperami-spiced-sausage-hot-x5-25g;Peperami Hot 5x25g;£2.50/unit;£2.00/100g;Cooked meats, pate & sandwich fillers;snacking-cooked-sausage;517;23;3.2;2.4;44;19;null;4;
peperami-standard-minis-x10-10g;Peperami Mini Original 10x10g;£2.50/unit;£2.50/100g;Cooked meats & snacking;mfp-snacking-cooked-sausage;400;26;5.5;1.8;31;13;null;4.1;
peperami-standard-minis-x10-10g;Peperami Mini Original 10x10g;£2.50/unit;£2.50/100g;Cooked meats, pate & sandwich fillers;snacking-cooked-sausage;400;26;5.5;1.8;31;13;null;4.1;
peperami-wideboy-single-40g;Peperami Wideboy 40g;£1.00/unit;£2.50/100g;Cooked meats & snacking;mfp-snacking-cooked-sausage;518;24;2.2;2;44;17;null;3.9;
peperami-wideboy-single-40g;Peperami Wideboy 40g;£1.00/unit;£2.50/100g;Cooked meats, pate & sandwich fillers;snacking-cooked-sausage;518;24;2.2;2;44;17;null;3.9;
peppa-pig-celebration-cake-%28-serves-12-%29;Peppa Pig Celebration Cake (Serves 12);£10.00/unit;£10.00/ea;Celebration cakes;celebration-cakes;405;2.5;66.5;55.9;14.2;4.5;null;0.41;
peppa-pig-cupcakes-x6;Peppa Pig Cupcakes x6;£1.00/unit;£0.17/ea;Cakes;muffins-small-cakes;495;3.3;54.7;38.1;28.8;8.8;null;0.5;
peppa-pig-fromage-frais-6x45g;Peppa Pig Fromage Frais 6x45g;£1.00/unit;£0.37/100g;Yogurts;kids-yogurts;95;5.3;12.3;12.0;2.3;1.6;0.1;0.13;
peppa-pig-meal-time-set-45g;Peppa Pig Easter Mealtime Set  & Easter Egg 45g;£5.00/unit;£11.11/100g;Confectionery;easter-eggs;null;null;null;null;null;null;null;null;
peppa-pig-muddy-puddle-cake-195g;Peppa Pig Muddy Puddle Cake 195g;£2.50/unit;£12.82/kg;Sugar & home baking;cake-sweet-mixes;327;4.4;58.5;41.4;9.0;3.1;0.6;0.5;
peppa-pig-strawberry-ice-lollies-x6-360g;Peppa Pig Strawberry Ice Lollies 6x60ml;£2.00/unit;£0.56/100ml;Ice cream & desserts;lollies-bars-cones;191;3.1;24.8;23;8.8;7.1;0.5;0.1;
peppadew-hot-piquante-peppers-400g;Peppadew Hot Piquante Peppers 400g (165g*);£3.00/unit;£1.82/100g;Vinegar, pickles, olives & antipasti;olives-antipasti;null;null;null;null;null;null;null;null;
peppadew-mild-pinqante-peppers-400g;Peppadew Mild Pinqante Peppers 400g (165g*);£3.00/unit;£1.82/100g;Vinegar, pickles, olives & antipasti;olives-antipasti;null;null;null;null;null;null;null;null;
peppadew-sweet-piquant%C3%A9-peppers-stuffed-with-cream-cheese-250g;Peppadew Sweet Piquanté Peppers Stuffed With Cream Cheese 250g (140g*);£3.90/unit;£2.79/100g;Vinegar, pickles, olives & antipasti;olives-antipasti;null;null;null;null;null;null;null;null;
perfumed-garden;Sainsbury's Perfumed Garden Seeds;£5.00/unit;£5.00/ea;Flowers & seeds;flowers---seeds;null;null;null;null;null;null;null;null;
perkier-apple-cin-rais-porridge-pot-65g;Perkier Apple, Cinnamon & Raisin Porridge Pot 65g;£1.50/unit;£2.50/100g;Breakfast cereals;on-the-go;359;17.5;64.8;18.3;4.5;0.8;8.1;null;
perkier-apple-cin-rais-porridge-pot-65g;Perkier Apple, Cinnamon & Raisin Porridge Pot 65g;£1.50/unit;£2.50/100g;Breakfast cereals;porridge-oats;359;17.5;64.8;18.3;4.5;0.8;8.1;null;
perkier-porridge-pot-golden-syrup-gluten-free--60g;Perkier Porridge Pot Golden Syrup Gluten Free  60g;£1.50/unit;£2.50/100g;Breakfast cereals;on-the-go;384;16.6;65.5;19.3;4.6;0.9;6.9;0.23;
perkier-porridge-pot-golden-syrup-gluten-free--60g;Perkier Porridge Pot Golden Syrup Gluten Free  60g;£1.50/unit;£2.50/100g;Breakfast cereals;porridge-oats;384;16.6;65.5;19.3;4.6;0.9;6.9;0.23;
perkier-rocky-road-bar-65g;Perkier Rocky Road Chocolate Bar 65g;£1.00/unit;£1.54/100g;Confectionery;chocolate;492;4.1;55.2;39.5;28.1;16.5;1.6;null;
perkier-tiffin-bars-65g;Perkier Tiffin Crunchy Chocolate Biscuit Bars 65g;£1.00/unit;£1.54/100g;Biscuits & crackers;biscuits-crackers-freefrom;487;3.3;60.0;48.5;27.5;17.3;1.3;null;
perkier-tiffin-bars-65g;Perkier Tiffin Crunchy Chocolate Biscuit Bars 65g;£1.00/unit;£1.54/100g;Biscuits & crackers;biscuits-crackers-kids-lunchbox;487;3.3;60.0;48.5;27.5;17.3;1.3;null;
perkier-tiffin-bars-65g;Perkier Tiffin Crunchy Chocolate Biscuit Bars 65g;£1.00/unit;£1.54/100g;Biscuits & crackers;chocolate-biscuits;487;3.3;60.0;48.5;27.5;17.3;1.3;null;
persian-buttercups;Sainsbury's Ranunculus x12;£3.00/unit;£3.00/ea;Flowers & seeds;flowers---seeds;null;null;null;null;null;null;null;null;
pertwood-organic-muesli-fruit---seeds-650g;Pertwood Farm Organic Muesli Fruit & Seeds 650g;£2.70/unit;£0.42/100g;Breakfast cereals;muesli-granola-clusters;388;11;64;15;9.5;1.2;9.8;0.03;
petit-filous-frubes-9x40g;Petits Filous Frubes 9x40g;£2.00/unit;£0.56/100g;Yogurts;kids-yogurts;102;4.9;13.4;12.9;2.8;1.9;0.1;0.13;
petits-filous-fromage-frais--strawberry---banana-6x50g;Petits Filous Fromage Frais, Strawberry & Banana 6x47g;£1.50/unit;£0.53/100g;Yogurts;kids-yogurts;95;5.3;12.4;11.9;2.3;1.6;0.1;0.12;
petits-filous-fromage-frais-18x50g;Petits Filous Fromage Frais 18x47g;£3.00/unit;£0.35/100g;Yogurts;kids-yogurts;95;5.3;12.4;11.9;2.3;1.6;0.1;0.12;
petits-filous-fromage-frais-4x100g;Petits Filous Fromage Frais, Strawberry & Raspberry 4x85g;£1.50/unit;£0.44/100g;Yogurts;kids-yogurts;95;5.3;12.4;11.9;2.3;1.6;0.2;0.12;
petits-filous-fruit-layers-6x55g;Petits Filous Fromage Frais, Fruit Layers 6x55g;£1.50/unit;£0.45/100g;Yogurts;kids-yogurts;110;6.7;14.0;13.5;2.9;1.9;0.3;0.09;
petits-filous-little-dessert-chocolate---vanilla-6x55g;Petits Filous Little Dessert Chocolate & Vanilla 6x55g;£1.50/unit;£0.45/100g;Yogurts;kids-yogurts;154;4.7;21.1;20.4;5.5;3.7;0.6;0.22;
petits-filous-magic-squares-raspberry-4x80g;Petits Filous Magic Squares Raspberry 4x80g;£1.75/unit;£0.55/100g;Yogurts;kids-yogurts;101;5.8;13.0;12.4;2.8;1.9;0.1;0.12;
petits-filous-magic-squares-strawberry-4x80g;Petits Filous Magic Squares Strawberry 4x80g;£1.75/unit;£0.55/100g;Yogurts;kids-yogurts;101;5.8;13.0;12.4;2.8;1.9;0.1;0.12;
petits-filous-strawberry---apricot-6x50g;Petits Filous Fromage Frais, Strawberry & Apricot 6x47g;£1.50/unit;£0.53/100g;Yogurts;kids-yogurts;95;5.3;12.4;11.9;2.3;1.6;0.1;0.12;
petits-filous-strawberry---raspberry-6x50g;Petits Filous Fromage Frais, Strawberry & Raspberry 6x47g;£1.50/unit;£0.53/100g;Yogurts;kids-yogurts;95;5.3;12.4;11.9;2.3;1.6;0.2;0.12;
petits-filous-strawberry--apricot-4x100g;Petits Filous Fromage Frais, Strawberry & Apricot 4x85g;£1.50/unit;£0.44/100g;Yogurts;kids-yogurts;95;5.3;12.4;11.9;2.3;1.6;0.1;0.12;
petits-filous-strawberry-6x50g;Petits Filous Fromage Frais, Strawberry 6x47g;£1.50/unit;£0.53/100g;Yogurts;kids-yogurts;95;5.3;12.3;11.9;2.3;1.6;0.1;0.12;
pf-new-york-deli-relish-bubble-chip-150g;Phileas Fogg New York Deli Relish Bubble Chips 150g;£2.00/unit;£1.33/100g;Crisps, nuts & snacking fruit;crisps;543;5.2;56;5.7;32;3.0;2.9;1.5;
phil-duo-cremoso-cracked-peppercorn-150g;Philadelphia Duo Cremoso Cracked Peppercorn 150g;£2.50/unit;£16.67/kg;Cheese;snacking-lunchbox-cheese;280;5.3;3.4;2.6;27.0;18.0;1.1;1.0;
phil-duo-cremoso-cracked-peppercorn-150g;Philadelphia Duo Cremoso Cracked Peppercorn 150g;£2.50/unit;£16.67/kg;Cheese;soft---spreadable;280;5.3;3.4;2.6;27.0;18.0;1.1;1.0;
phil-duo-cremoso-garlic---herbs-150g;Philadelphia Duo Cremoso Garlic & Herbs 150g;£2.50/unit;£16.67/kg;Cheese;snacking-lunchbox-cheese;280;5.2;3.2;2.4;26.5;18.0;1.0;1.15;
phil-duo-cremoso-garlic---herbs-150g;Philadelphia Duo Cremoso Garlic & Herbs 150g;£2.50/unit;£16.67/kg;Cheese;soft---spreadable;280;5.2;3.2;2.4;26.5;18.0;1.0;1.15;
philadelphia-180g;Philadelphia 180g;£1.85/unit;£10.28/kg;Cheese;snacking-lunchbox-cheese;235;5.5;4.0;4.0;21.5;14.5;0.2;0.75;
philadelphia-180g;Philadelphia 180g;£1.85/unit;£10.28/kg;Cheese;soft---spreadable;235;5.5;4.0;4.0;21.5;14.5;0.2;0.75;
philadelphia-280g;Philadelphia 280g;£2.50/unit;£8.93/kg;Cheese;snacking-lunchbox-cheese;235;5.5;4.0;4.0;21.5;14.5;0.2;0.75;
philadelphia-280g;Philadelphia 280g;£2.50/unit;£8.93/kg;Cheese;soft---spreadable;235;5.5;4.0;4.0;21.5;14.5;0.2;0.75;
philadelphia-lemon-cheesecake-410g;Philadelphia Lemon Cheesecake 410g;£3.00/unit;£0.73/100g;Ice cream & desserts;frozen-cold-desserts;370;8.0;24;10;26;11;null;0.3;
philadelphia-light-180g;Philadelphia Light 180g;£1.85/unit;£10.28/kg;Cheese;cottage-cheese---healthier-choice;152;7.4;5.1;5.1;11;7.2;0.5;0.80;
philadelphia-light-180g;Philadelphia Light 180g;£1.85/unit;£10.28/kg;Cheese;snacking-lunchbox-cheese;152;7.4;5.1;5.1;11;7.2;0.5;0.80;
philadelphia-light-180g;Philadelphia Light 180g;£1.85/unit;£10.28/kg;Cheese;soft---spreadable;152;7.4;5.1;5.1;11;7.2;0.5;0.80;
philadelphia-light-280g;Philadelphia Light 280g;£2.50/unit;£8.93/kg;Cheese;cottage-cheese---healthier-choice;152;7.4;5.1;5.1;11.0;7.2;0.5;0.80;
philadelphia-light-280g;Philadelphia Light 280g;£2.50/unit;£8.93/kg;Cheese;snacking-lunchbox-cheese;152;7.4;5.1;5.1;11.0;7.2;0.5;0.80;
philadelphia-light-280g;Philadelphia Light 280g;£2.50/unit;£8.93/kg;Cheese;soft---spreadable;152;7.4;5.1;5.1;11.0;7.2;0.5;0.80;
philadelphia-light-cadbury-160g;Philadelphia Light Cadbury 160g;£1.85/unit;£11.56/kg;Butter, spreads & baking;cooking-and-baking1;285;6.1;34.5;33.5;13.0;8.1;1.8;0.53;
philadelphia-light-cadbury-160g;Philadelphia Light Cadbury 160g;£1.85/unit;£11.56/kg;Cheese;cottage-cheese---healthier-choice;285;6.1;34.5;33.5;13.0;8.1;1.8;0.53;
philadelphia-light-cadbury-160g;Philadelphia Light Cadbury 160g;£1.85/unit;£11.56/kg;Cheese;snacking-lunchbox-cheese;285;6.1;34.5;33.5;13.0;8.1;1.8;0.53;
philadelphia-light-cadbury-160g;Philadelphia Light Cadbury 160g;£1.85/unit;£11.56/kg;Cheese;soft---spreadable;285;6.1;34.5;33.5;13.0;8.1;1.8;0.53;
philadelphia-light-chives-170g;Philadelphia Light Chives 170g;£1.85/unit;£10.88/kg;Cheese;cottage-cheese---healthier-choice;151;7.4;5.2;5.0;11;7.1;0.6;1.25;
philadelphia-light-chives-170g;Philadelphia Light Chives 170g;£1.85/unit;£10.88/kg;Cheese;snacking-lunchbox-cheese;151;7.4;5.2;5.0;11;7.1;0.6;1.25;
philadelphia-light-chives-170g;Philadelphia Light Chives 170g;£1.85/unit;£10.88/kg;Cheese;soft---spreadable;151;7.4;5.2;5.0;11;7.1;0.6;1.25;
philadelphia-light-chives-270g;Philadelphia Light Chives 270g;£2.50/unit;£9.26/kg;Cheese;cottage-cheese---healthier-choice;151;7.4;5.2;5.0;11;7.1;0.6;1.25;
philadelphia-light-chives-270g;Philadelphia Light Chives 270g;£2.50/unit;£9.26/kg;Cheese;snacking-lunchbox-cheese;151;7.4;5.2;5.0;11;7.1;0.6;1.25;
philadelphia-light-chives-270g;Philadelphia Light Chives 270g;£2.50/unit;£9.26/kg;Cheese;soft---spreadable;151;7.4;5.2;5.0;11;7.1;0.6;1.25;
philadelphia-light-garlic---herb-270g;Philadelphia Light Garlic & Herb 270g;£2.50/unit;£9.26/kg;Cheese;cottage-cheese---healthier-choice;149;7.3;5.4;5.3;10.5;6.9;0.5;1.15;
philadelphia-light-garlic---herb-270g;Philadelphia Light Garlic & Herb 270g;£2.50/unit;£9.26/kg;Cheese;snacking-lunchbox-cheese;149;7.3;5.4;5.3;10.5;6.9;0.5;1.15;
philadelphia-light-garlic---herb-270g;Philadelphia Light Garlic & Herb 270g;£2.50/unit;£9.26/kg;Cheese;soft---spreadable;149;7.3;5.4;5.3;10.5;6.9;0.5;1.15;
philadelphia-light-garlic---herbs-170g;Philadelphia Light Garlic & Herbs 170g;£1.85/unit;£10.88/kg;Cheese;cottage-cheese---healthier-choice;149;7.3;5.4;5.3;10.5;6.9;0.5;1.15;
philadelphia-light-garlic---herbs-170g;Philadelphia Light Garlic & Herbs 170g;£1.85/unit;£10.88/kg;Cheese;snacking-lunchbox-cheese;149;7.3;5.4;5.3;10.5;6.9;0.5;1.15;
philadelphia-light-garlic---herbs-170g;Philadelphia Light Garlic & Herbs 170g;£1.85/unit;£10.88/kg;Cheese;soft---spreadable;149;7.3;5.4;5.3;10.5;6.9;0.5;1.15;
philadelphia-light-salmon---dill-170g;Philadelphia Light Salmon & Dill 170g;£1.85/unit;£10.88/kg;Cheese;cottage-cheese---healthier-choice;142;7.3;5.1;4.6;10;6.2;0.5;1.23;
philadelphia-light-salmon---dill-170g;Philadelphia Light Salmon & Dill 170g;£1.85/unit;£10.88/kg;Cheese;snacking-lunchbox-cheese;142;7.3;5.1;4.6;10;6.2;0.5;1.23;
philadelphia-light-salmon---dill-170g;Philadelphia Light Salmon & Dill 170g;£1.85/unit;£10.88/kg;Cheese;soft---spreadable;142;7.3;5.1;4.6;10;6.2;0.5;1.23;
philadelphia-light-spring-onion---black-pepper-170g;Philadelphia Light Spring Onion & Black Pepper 170g;£1.85/unit;£10.88/kg;Cheese;cottage-cheese---healthier-choice;139;6.7;5.6;5.3;9.8;6.3;0.5;1.3;
philadelphia-light-spring-onion---black-pepper-170g;Philadelphia Light Spring Onion & Black Pepper 170g;£1.85/unit;£10.88/kg;Cheese;snacking-lunchbox-cheese;139;6.7;5.6;5.3;9.8;6.3;0.5;1.3;
philadelphia-light-spring-onion---black-pepper-170g;Philadelphia Light Spring Onion & Black Pepper 170g;£1.85/unit;£10.88/kg;Cheese;soft---spreadable;139;6.7;5.6;5.3;9.8;6.3;0.5;1.3;
philadelphia-light-sweet-chilli-170g;Philadelphia Light Sweet Chilli 170g;£1.85/unit;£10.88/kg;Cheese;cottage-cheese---healthier-choice;148;6.8;7.3;7.1;10;6.6;0.5;0.78;
philadelphia-light-sweet-chilli-170g;Philadelphia Light Sweet Chilli 170g;£1.85/unit;£10.88/kg;Cheese;snacking-lunchbox-cheese;148;6.8;7.3;7.1;10;6.6;0.5;0.78;
philadelphia-light-sweet-chilli-170g;Philadelphia Light Sweet Chilli 170g;£1.85/unit;£10.88/kg;Cheese;soft---spreadable;148;6.8;7.3;7.1;10;6.6;0.5;0.78;
philadelphia-lightest-180g;Philadelphia Lightest 180g;£1.85/unit;£10.28/kg;Cheese;cottage-cheese---healthier-choice;80;11.0;5.9;5.9;2.5;1.8;0.4;0.80;
philadelphia-lightest-180g;Philadelphia Lightest 180g;£1.85/unit;£10.28/kg;Cheese;snacking-lunchbox-cheese;80;11.0;5.9;5.9;2.5;1.8;0.4;0.80;
philadelphia-lightest-180g;Philadelphia Lightest 180g;£1.85/unit;£10.28/kg;Cheese;soft---spreadable;80;11.0;5.9;5.9;2.5;1.8;0.4;0.80;
philadelphia-mini-tub-extra-light-140g;Philadelphia Mini Tub Extra Light 140g;£1.85/unit;£13.21/kg;Cheese;cottage-cheese---healthier-choice;80;11.0;5.9;5.9;2.5;1.8;0.4;0.80;
philadelphia-mini-tub-extra-light-140g;Philadelphia Mini Tub Extra Light 140g;£1.85/unit;£13.21/kg;Cheese;snacking-lunchbox-cheese;80;11.0;5.9;5.9;2.5;1.8;0.4;0.80;
philadelphia-mini-tub-extra-light-140g;Philadelphia Mini Tub Extra Light 140g;£1.85/unit;£13.21/kg;Cheese;soft---spreadable;80;11.0;5.9;5.9;2.5;1.8;0.4;0.80;
philadelphia-mini-tub-light-140g;Philadelphia Mini Tub Light 140g;£1.85/unit;£13.21/kg;Cheese;cottage-cheese---healthier-choice;152;7.4;5.1;5.1;11.0;7.2;0.5;0.80;
philadelphia-mini-tub-light-140g;Philadelphia Mini Tub Light 140g;£1.85/unit;£13.21/kg;Cheese;snacking-lunchbox-cheese;152;7.4;5.1;5.1;11.0;7.2;0.5;0.80;
philadelphia-mini-tub-light-140g;Philadelphia Mini Tub Light 140g;£1.85/unit;£13.21/kg;Cheese;soft---spreadable;152;7.4;5.1;5.1;11.0;7.2;0.5;0.80;
philadelphia-mushroom-simply-stir-200g;Philadelphia Simply Stir, Mushroom 200g;£2.00/unit;£10.00/kg;Cheese;snacking-lunchbox-cheese;137;2.3;4.2;1.2;12.5;7.1;0.3;0.15;
philadelphia-simply-stir-garlic-herb200g;Philadelphia Simply Stir, Garlic & Herb 200g;£2.00/unit;£10.00/kg;Cheese;snacking-lunchbox-cheese;135;2.5;4.6;1.3;12.0;7.0;0.4;1.15;
philadelphia-smoked-ham-170g;Philadelphia Smoked Ham 170g;£1.85/unit;£10.88/kg;Cheese;snacking-lunchbox-cheese;143;7.4;5.9;5.3;9.7;6.1;0.4;1.38;
philadelphia-smoked-ham-170g;Philadelphia Smoked Ham 170g;£1.85/unit;£10.88/kg;Cheese;soft---spreadable;143;7.4;5.9;5.3;9.7;6.1;0.4;1.38;
phileas-fogg-sour-cream---onion-taco-rolls-190g;Phileas Fogg Sour Cream & Onion Taco Rolls 190g;£2.00/unit;£1.05/100g;Crisps, nuts & snacking fruit;crisps;508;6.3;58;3.2;27;2.7;5.2;1.3;
phileas-fogg-sweet---smokey-bbq-bubble-chips-150g;Phileas Fogg Sweet & Smokey BBQ Bubble Chips 150g;£2.00/unit;£1.33/100g;Crisps, nuts & snacking fruit;crisps;540;5.1;55.4;5.9;32.3;2.9;3.0;1.5;
phphiadc-vine-ripe-tomato-150g;Philadelphia Duo Cremoso Vine Ripe Tomato 150g;£2.50/unit;£16.67/kg;Cheese;snacking-lunchbox-cheese;280;5.2;3.2;2.6;27.0;18.0;1.0;1.00;
phphiadc-vine-ripe-tomato-150g;Philadelphia Duo Cremoso Vine Ripe Tomato 150g;£2.50/unit;£16.67/kg;Cheese;soft---spreadable;280;5.2;3.2;2.6;27.0;18.0;1.0;1.00;
pick-hungarian-snack-salami-sticks-100g;Pick Hungarian Snack Salami Sticks 100g;£1.30/unit;£1.30/100g;Cooked meats & snacking;mfp-snacking-cooked-sausage;null;null;null;null;null;null;null;null;
pick-hungarian-snack-salami-sticks-100g;Pick Hungarian Snack Salami Sticks 100g;£1.30/unit;£1.30/100g;Cooked meats, pate & sandwich fillers;snacking-cooked-sausage;null;null;null;null;null;null;null;null;
pieminister-cheeky-chick-pie-pot-370g;Pieminister Cheeky Chick Pie Pot 370g;£3.40/unit;£9.19/kg;Pies, pasties & quiche;hot-cold-pies;89;5.0;9.2;2.0;4.0;1.3;null;0.6;
pieminister-cheeky-chick-pie-pot-370g;Pieminister Cheeky Chick Pie Pot 370g;£3.40/unit;£9.19/kg;Ready meals;meals-for-1-ready-meals;89;5.0;9.2;2.0;4.0;1.3;null;0.6;
pieminister-matador-pie-pot-370g;Pieminister Matador Pie Pot 370g;£3.40/unit;£10.00/kg;Pies, pasties & quiche;hot-cold-pies;108;7.4;10.7;2.6;4.5;1.7;null;0.8;
pieminister-matador-pie-pot-370g;Pieminister Matador Pie Pot 370g;£3.40/unit;£10.00/kg;Ready meals;meals-for-1-ready-meals;108;7.4;10.7;2.6;4.5;1.7;null;0.8;
pieminister-moo---brew-pie-pot-370g;Pieminister Moo & Brew Pie Pot 370g;£3.40/unit;£9.19/kg;Pies, pasties & quiche;hot-cold-pies;79;4.1;10.9;2.7;2.5;1.0;null;0.5;
pieminister-moo---brew-pie-pot-370g;Pieminister Moo & Brew Pie Pot 370g;£3.40/unit;£9.19/kg;Ready meals;meals-for-1-ready-meals;79;4.1;10.9;2.7;2.5;1.0;null;0.5;
pilgrims-choice-extra-mature-350g;Pilgrims Choice Extra Mature Cheddar 350g;£3.50/unit;£10.00/kg;Cheese;cheddar-british-regional-cheese;410;25.0;0.1;0.1;34.4;21.7;0.0;null;
pilgrims-choice-mature-cheddar-350g;Pilgrims Choice Mature Cheddar 350g;£3.50/unit;£10.00/kg;Cheese;cheddar-british-regional-cheese;416;25.4;0.1;0.1;34.9;21.7;null;1.8;
pilgrims-choice-mature-cheddar-550g;Pilgrims Choice Mature Cheddar 550g;£5.20/unit;£9.45/kg;Cheese;cheddar-british-regional-cheese;416;25.4;0.1;0.1;34.9;21.7;null;1.8;
pilgrims-choice-mature-lighter-350g;Pilgrims Choice Mature Lighter 350g;£3.50/unit;£10.00/kg;Cheese;cheddar-british-regional-cheese;323;28.2;0.2;0.2;23.2;15.1;null;1.6;
pilgrims-choice-mature-lighter-350g;Pilgrims Choice Mature Lighter 350g;£3.50/unit;£10.00/kg;Cheese;cottage-cheese---healthier-choice;323;28.2;0.2;0.2;23.2;15.1;null;1.6;
pink-panther-gluten-free-wafers-100g;Pink Panther Gluten Free Wafers 100g;£0.99/unit;£0.99/100g;Biscuits & crackers;biscuits-crackers-freefrom;557;0.1;65;27;33;6;0.5;0.3;
piri-piri-coleslaw-280g;Sainsbury's Piri Piri Coleslaw 280g;£1.00/unit;£0.36/100g;Coleslaw, olives, salads & dips;coleslaw-salads;162;1.1;6.6;5.0;14.2;1.3;1.8;1.20;
piri-piri-coleslaw-280g;Sainsbury's Piri Piri Coleslaw 280g;£1.00/unit;£0.36/100g;Fresh salad;dressings-coleslaw-accompaniments;162;1.1;6.6;5.0;14.2;1.3;1.8;1.20;
piri-piri-coleslaw-280g;Sainsbury's Piri Piri Coleslaw 280g;£1.00/unit;£0.36/100g;Prepared & ready to eat;prepared-salad-herbs;162;1.1;6.6;5.0;14.2;1.3;1.8;1.20;
piri-piri-coleslaw-280g;Sainsbury's Piri Piri Coleslaw 280g;£1.00/unit;£0.36/100g;Vegetarian & meat free;coleslaw--olives--salads---dips-30658-44;162;1.1;6.6;5.0;14.2;1.3;1.8;1.20;
pitch-6-chocolate-brioche;Pitch Chocolate Brioche x6;£1.85/unit;£0.31/ea;Croissants, brioche & pastries;croissants-brioche-pastries;350;5.2;55.7;29.8;11;26;3.2;1.05;
pizza-express-american-8-pizza-255g;Pizza Express American Pepperoni Pizza 250g;£2.25/unit;£9.00/kg;Pizza, pasta & garlic bread;pizza;263;11.9;33.2;3.4;9.0;4.3;0.9;1.5;
pizza-express-american-hot-8-pizza-295g;Pizza Express American Hot Pizza 260g;£2.25/unit;£8.65/kg;Pizza, pasta & garlic bread;pizza;259;11.9;31.9;2.9;9.1;4.3;0.9;1.5;
pizza-express-basil-pesto-dressing-235ml;Pizza Express Basil Pesto Dressing 235ml;£2.00/unit;£0.85/100ml;Table sauces, dressings & condiments;salad-dressings;445;0.9;8.4;7.1;45.2;3.9;0.7;2.3;
pizza-express-caesar-light-dressing-235ml;Pizza Express Caesar Light Dressing 235ml;£2.00/unit;£0.85/100ml;Table sauces, dressings & condiments;salad-dressings;348;2.7;6.6;6.1;34.2;3.5;1.7;2.3;
pizza-express-dough-balls-200g;Pizza Express Dough Balls 200g;£3.00/unit;£15.00/kg;Pizza, pasta & garlic bread;garlic-bread;311;10.8;59.0;4.6;3.0;1.0;2.5;1.5;
pizza-express-dough-balls-200g;Pizza Express Dough Balls 200g;£3.00/unit;£15.00/kg;Vegetarian & meat free;vegetarian-meat-free-pizza-pasta;311;10.8;59.0;4.6;3.0;1.0;2.5;1.5;
pizza-express-dressing-light-235ml;Pizza Express Dressing Light 235ml;£2.00/unit;£0.85/100ml;Table sauces, dressings & condiments;salad-dressings;298;0.9;5.2;4.6;30.3;4.2;0.6;2.2;
pizza-express-garlic---mozzarella-bread-x2-220g;Pizza Express Garlic & Mozzarella Bread x2 220g;£2.70/unit;£1.23/100g;Pizza, pasta & garlic bread;garlic-bread;304;10.5;39.7;1.7;11.0;6.0;2.1;0.9;
pizza-express-garlic---mozzarella-bread-x2-220g;Pizza Express Garlic & Mozzarella Bread x2 220g;£2.70/unit;£1.23/100g;Vegetarian & meat free;vegetarian-meat-free-pizza-pasta;304;10.5;39.7;1.7;11.0;6.0;2.1;0.9;
pizza-express-honey---mustard-dressing-235ml;Pizza Express Honey & Mustard Dressing 235ml;£2.00/unit;£0.85/100ml;Table sauces, dressings & condiments;salad-dressings;435;1.4;17.4;16.9;39.3;2.7;3.0;2.2;
pizza-express-margherita-8-pizza;Pizza Express Margherita Pizza 245g;£2.25/unit;£9.19/kg;Pizza, pasta & garlic bread;pizza;249;11.3;33.8;3.2;7.4;4.2;0.9;1.1;
pizza-express-margherita-8-pizza;Pizza Express Margherita Pizza 245g;£2.25/unit;£9.19/kg;Vegetarian & meat free;vegetarian-meat-free-pizza-pasta;249;11.3;33.8;3.2;7.4;4.2;0.9;1.1;
pizza-express-olive-oil---balsamic-dressing-235ml;Pizza Express Olive Oil & Balsamic Dressing 235ml;£2.00/unit;£0.85/100ml;Table sauces, dressings & condiments;salad-dressings;417;0.2;15.4;14.6;39.4;5.6;null;3.1;
pizza-express-olive-oil-salad-dressing-235ml;Pizza Express Olive Oil Salad Dressing 235ml;£2.00/unit;£0.85/100ml;Table sauces, dressings & condiments;salad-dressings;422;1.0;5.0;2.7;44.2;6.1;null;2.4;
pizza-express-pollo-pesto-pizza-8-270g;Pizza Express Pollo Pesto Pizza 275g;£2.25/unit;£8.18/kg;Pizza, pasta & garlic bread;pizza;212;11.9;27.5;3.5;5.8;3.1;1.0;1.1;
pizza-express-romana-diavalo-365g;Pizza Express Romana Diavalo 365g;£4.50/unit;£12.33/kg;Pizza, pasta & garlic bread;pizza;260;11.2;31.6;3.4;9.4;3.4;2.2;1.56;
pizza-express-romana-giardineria-400g;Pizza Express Romana Giardineria 400g;£4.50/unit;£11.25/kg;Pizza, pasta & garlic bread;pizza;224;8.8;28.9;3.0;7.4;2.3;3.2;1.40;
pizza-express-romana-la-reine-365g;Pizza Express Romana La Reine 365g;£4.50/unit;£12.33/kg;Pizza, pasta & garlic bread;pizza;246;12.0;31.2;2.9;7.5;2.7;3.0;1.42;
pizza-express-romana-padana-365g;Pizza Express Romana Padana 435g;£4.50/unit;£10.34/kg;Pizza, pasta & garlic bread;pizza;218;9.4;29.1;5.5;6.5;2.8;2.6;0.90;
pizza-express-romana-pollo-ad-astra-360g;Pizza Express Romana Pollo Ad Astra 360g;£4.50/unit;£12.50/kg;Pizza, pasta & garlic bread;pizza;242;12.3;32.4;4.2;6.5;2.5;2.4;1.46;
pizza-express-sloppy-guiseppe-8-pizza;Pizza Express Sloppy Guiseppe Pizza 305g;£2.25/unit;£7.38/kg;Pizza, pasta & garlic bread;pizza;220;10.0;29.4;3.7;6.7;3.2;1.0;1.1;
pizza-express-tomato---chilli-dressing-235ml;Pizza Express Tomato & Chilli Dressing 235ml;£2.00/unit;£0.85/100ml;Table sauces, dressings & condiments;salad-dressings;505;0.4;11.7;10.8;50.7;5.4;0.3;1.7;
polo-original-multipack-x6-34g;Polo Mints 6x34g;£1.80/unit;£0.30/ea;Confectionery;mints-chewing-gum;402;0;98.1;95.6;1.0;1.0;0;0.01;
polo-sugar-free-multipack-x3-334g;Polo Sugar Free Mints 3x33.4g;£1.00/unit;£0.33/ea;Confectionery;mints-chewing-gum;235;0;98.4;0.3;0;0;0;0.01;
polo-sugar-free-single-334g;Polo Sugar Free Mints 33.4g;£0.60/unit;£0.60/ea;Confectionery;mints-chewing-gum;null;null;null;null;null;null;null;null;
pom-bear-cheese---onion-6x19g-6652002-p-44;Pom-Bear Cheese & Onion Potato Snack 6x19g;£1.70/unit;£1.49/100g;Crisps, nuts & snacking fruit;crisps;499;4.3;63;1.5;25;2.3;2.0;1.4;
pom-bear-cheese---onion-6x19g-6652002-p-44;Pom-Bear Cheese & Onion Potato Snack 6x19g;£1.70/unit;£1.49/100g;Crisps, nuts & snacking fruit;healthier-snacks-12459-44;499;4.3;63;1.5;25;2.3;2.0;1.4;
pom-bear-original-19g;Pom-Bear Original Potato Snack 19g;£0.50/unit;£2.63/100g;Crisps, nuts & snacking fruit;crisps;500;3.3;64;1.2;25;2.4;1.7;1.4;
pom-bear-original-potato-snack-6x19g;Pom-Bear Original Potato Snack 6x19g;£1.70/unit;£1.49/100g;Crisps, nuts & snacking fruit;crisps;500;3.3;64;1.2;25;2.4;1.7;1.4;
pom-bear-original-potato-snack-6x19g;Pom-Bear Original Potato Snack 6x19g;£1.70/unit;£1.49/100g;Crisps, nuts & snacking fruit;healthier-snacks-12459-44;500;3.3;64;1.2;25;2.4;1.7;1.4;
pom-bear-original-x14-266g;Pom-Bear Original Potato Snack x14 266g;£3.00/unit;£1.13/100g;Crisps, nuts & snacking fruit;crisps;500;3.3;64;1.2;25;2.4;1.7;1.4;
pom-bear-original-x14-266g;Pom-Bear Original Potato Snack x14 266g;£3.00/unit;£1.13/100g;Crisps, nuts & snacking fruit;healthier-snacks-12459-44;500;3.3;64;1.2;25;2.4;1.7;1.4;
pom-bear-zoo-friends--really-cheesy-potato-snack-6x19g;Pom-Bear Cheesy Potato Snack 6x19g;£1.70/unit;£1.49/100g;Crisps, nuts & snacking fruit;crisps;515;3.9;58;3.4;29;2.6;2.8;1.5;
pom-bear-zoo-friends--really-cheesy-potato-snack-6x19g;Pom-Bear Cheesy Potato Snack 6x19g;£1.70/unit;£1.49/100g;Crisps, nuts & snacking fruit;healthier-snacks-12459-44;515;3.9;58;3.4;29;2.6;2.8;1.5;
pom-wonderful-pomegranate-juice-710ml;Pom Wonderful Pomegranate Juice 710ml;£3.70/unit;£0.52/100ml;Chilled fruit juice & smoothies;chilled-fruit-juice;65;03;16;14;0;0;null;0;
pomegreat-chilled-pomegranate-juice-drink-1l;Simply Great PomeGreat Juice 1L;£2.20/unit;£0.22/100ml;Chilled fruit juice & smoothies;chilled-fruit-juice;48;0.2;12;11.7;0.2;0;0;0;
popchips-barbeque-chips-85g;Popchips Barbeque Chips 85g;£1.80/unit;£2.12/100g;Crisps, nuts & snacking fruit;crisps;416;6.2;62.3;9.5;14.1;1.8;3.9;null;
popchips-barbeque-chips-85g;Popchips Barbeque Chips 85g;£1.80/unit;£2.12/100g;Crisps, nuts & snacking fruit;healthier-snacks-12459-44;416;6.2;62.3;9.5;14.1;1.8;3.9;null;
popchips-original-chips-85;Popchips Original Chips 85;£1.80/unit;£2.12/100g;Crisps, nuts & snacking fruit;crisps;413;6.0;61.8;2.2;13.9;1.8;4.3;null;
popchips-original-chips-85;Popchips Original Chips 85;£1.80/unit;£2.12/100g;Crisps, nuts & snacking fruit;healthier-snacks-12459-44;413;6.0;61.8;2.2;13.9;1.8;4.3;null;
popchips-sea-salt---vinegar-chips-85g;Popchips Sea Salt & Vinegar Chips 85g;£1.80/unit;£2.12/100g;Crisps, nuts & snacking fruit;crisps;410;5.8;63.9;5.5;13.3;1.6;4;null;
popchips-sea-salt---vinegar-chips-85g;Popchips Sea Salt & Vinegar Chips 85g;£1.80/unit;£2.12/100g;Crisps, nuts & snacking fruit;healthier-snacks-12459-44;410;5.8;63.9;5.5;13.3;1.6;4;null;
popchips-sour-cream---onion-85g-7597540-p-44;Popchips Sour Cream & Onion Chips 85g;£1.80/unit;£2.12/100g;Crisps, nuts & snacking fruit;crisps;414;6.5;62.6;4.2;14;2;4.1;null;
popchips-sour-cream---onion-85g-7597540-p-44;Popchips Sour Cream & Onion Chips 85g;£1.80/unit;£2.12/100g;Crisps, nuts & snacking fruit;healthier-snacks-12459-44;414;6.5;62.6;4.2;14;2;4.1;null;
popchips-tortilla-chips-cool-ranch-115g;Popchips Tortilla Chips Cool Ranch 115g;£2.00/unit;£1.74/100g;Crisps, nuts & snacking fruit;crisps;445;8.0;62.3;3.8;15.9;1.3;5.5;1.8;
popchips-tortilla-chips-crazy-hot-115g;Popchips Tortilla Chips Crazy Hot 115g;£2.00/unit;£1.74/100g;Crisps, nuts & snacking fruit;crisps;445;7.8;65.1;4.1;16.9;1.4;5.8;1.8;
popchips-tortilla-chips-nacho-cheese-115g;Popchips Tortilla Chips Nacho Cheese 115g;£2.00/unit;£1.74/100g;Crisps, nuts & snacking fruit;crisps;455;8.9;61.0;4.4;16.7;2.3;6.0;1.7;
poppets-chocolates-toffee;Poppets Chocolates Toffee;£0.40/unit;£0.98/100g;Confectionery;chocolate;501;3.5;74.9;59.6;21.7;12.7;1.0;0.3;
porky-whites-surrey-pork-sausage-454g;Porky Whites Premium Surrey Pork Sausage x6 454g;£2.50/unit;£5.51/kg;Sausages;sausages;235;13.5;9.4;2.3;15.9;5.9;6.3;1.4;
port-salut-slices-120g;Port Salut Slices 120g;£2.00/unit;£16.67/kg;Cheese;sliced-grated-cheese;null;null;null;null;null;null;null;null;
post-grape-nuts-581g;Grape Nuts 580g;£3.00/unit;£0.52/100g;Breakfast cereals;healthier-cereals;null;10.9;80.5;8.9;2.0;0.4;12.1;1.2;
pot-noodle-beef---tomato-90g;Pot Noodle Beef & Tomato 90g;£1.00/unit;£11.11/kg;Cooking sauces & world foods;world-foods-instant-snack-meals;null;null;null;null;null;null;null;null;
pot-noodle-beef---tomato-90g;Pot Noodle Beef & Tomato 90g;£1.00/unit;£11.11/kg;Rice, pasta & noodles;instant-snack-meals;null;null;null;null;null;null;null;null;
pot-noodle-beef---tomato-90g;Pot Noodle Beef & Tomato 90g;£1.00/unit;£11.11/kg;Rice, pasta & noodles;noodles;null;null;null;null;null;null;null;null;
pot-noodle-brazilian-bbq-steak-90g;Pot Noodle Brazilian BBQ Steak 90g;£1.00/unit;£11.11/kg;Cooking sauces & world foods;world-foods-instant-snack-meals;142;3.3;20;2.4;5.3;2.6;1.2;0.43;
pot-noodle-brazilian-bbq-steak-90g;Pot Noodle Brazilian BBQ Steak 90g;£1.00/unit;£11.11/kg;Rice, pasta & noodles;instant-snack-meals;142;3.3;20;2.4;5.3;2.6;1.2;0.43;
pot-noodle-brazilian-bbq-steak-90g;Pot Noodle Brazilian BBQ Steak 90g;£1.00/unit;£11.11/kg;Rice, pasta & noodles;noodles;142;3.3;20;2.4;5.3;2.6;1.2;0.43;
pot-noodle-chilli-beef-90g;Pot Noodle Chilli Beef 90g;£1.00/unit;£11.11/kg;Cooking sauces & world foods;world-foods-instant-snack-meals;142;3.5;19;1.2;5.4;2.7;1.2;0.53;
pot-noodle-chilli-beef-90g;Pot Noodle Chilli Beef 90g;£1.00/unit;£11.11/kg;Rice, pasta & noodles;instant-snack-meals;142;3.5;19;1.2;5.4;2.7;1.2;0.53;
pot-noodle-chinese-chow-mein-90g;Pot Noodle Chinese Chow Mein 90g;£1.00/unit;£11.11/kg;Cooking sauces & world foods;world-foods-instant-snack-meals;null;null;null;null;null;null;null;null;
pot-noodle-chinese-chow-mein-90g;Pot Noodle Chinese Chow Mein 90g;£1.00/unit;£11.11/kg;Rice, pasta & noodles;instant-snack-meals;null;null;null;null;null;null;null;null;
pot-noodle-chinese-chow-mein-90g;Pot Noodle Chinese Chow Mein 90g;£1.00/unit;£11.11/kg;Rice, pasta & noodles;noodles;null;null;null;null;null;null;null;null;
pot-noodle-original-curry-90g;Pot Noodle Original Curry 90g;£1.00/unit;£11.11/kg;Cooking sauces & world foods;world-foods-instant-snack-meals;45;2.8;21;2;5.4;2.6;1.2;0.48;
pot-noodle-original-curry-90g;Pot Noodle Original Curry 90g;£1.00/unit;£11.11/kg;Rice, pasta & noodles;instant-snack-meals;45;2.8;21;2;5.4;2.6;1.2;0.48;
pot-noodle-original-curry-90g;Pot Noodle Original Curry 90g;£1.00/unit;£11.11/kg;Rice, pasta & noodles;noodles;45;2.8;21;2;5.4;2.6;1.2;0.48;
pot-noodle-piri-piri-90g;Pot Noodle Piri-Piri Chicken 90g;£1.00/unit;£11.11/kg;Cooking sauces & world foods;world-foods-instant-snack-meals;142;2.9;20;2.9;5.3;2.5;1.6;0.33;
pot-noodle-piri-piri-90g;Pot Noodle Piri-Piri Chicken 90g;£1.00/unit;£11.11/kg;Rice, pasta & noodles;instant-snack-meals;142;2.9;20;2.9;5.3;2.5;1.6;0.33;
pot-noodle-snack-chicken---mushroom-90g;Pot Noodle Chicken & Mushroom 90g;£1.00/unit;£11.11/kg;Cooking sauces & world foods;world-foods-instant-snack-meals;null;null;null;null;null;null;null;null;
pot-noodle-snack-chicken---mushroom-90g;Pot Noodle Chicken & Mushroom 90g;£1.00/unit;£11.11/kg;Rice, pasta & noodles;instant-snack-meals;null;null;null;null;null;null;null;null;
pot-noodle-snack-chicken---mushroom-90g;Pot Noodle Chicken & Mushroom 90g;£1.00/unit;£11.11/kg;Rice, pasta & noodles;noodles;null;null;null;null;null;null;null;null;
pot-noodle-sticky-rib-90g;Pot Noodle Sticky Rib 90g;£1.00/unit;£11.11/kg;Cooking sauces & world foods;world-foods-instant-snack-meals;142;3;20;2.9;5.1;2.5;1.2;0.6;
pot-noodle-sticky-rib-90g;Pot Noodle Sticky Rib 90g;£1.00/unit;£11.11/kg;Rice, pasta & noodles;instant-snack-meals;142;3;20;2.9;5.1;2.5;1.2;0.6;
pot-noodle-sticky-rib-90g;Pot Noodle Sticky Rib 90g;£1.00/unit;£11.11/kg;Rice, pasta & noodles;noodles;142;3;20;2.9;5.1;2.5;1.2;0.6;
pr%C3%A9sident-grated-emmental-200g;Président Grated Emmental 200g;£2.00/unit;£10.00/kg;Cheese;sliced-grated-cheese;368;29;0.5;0;28;17;null;1;
premier-deli-breaded-ham-100g;Premier Deli Breaded Ham 100g;£0.80/unit;£0.80/100g;Cooked meats & snacking;ham-82654-44;106;18;3.0;1.5;2.3;0.8;null;2.1;
premier-deli-breaded-ham-100g;Premier Deli Breaded Ham 100g;£0.80/unit;£0.80/100g;Cooked meats, pate & sandwich fillers;ham;106;18;3.0;1.5;2.3;0.8;null;2.1;
premier-deli-breaded-ham-250g;Premier Deli Breaded Ham 250g;£1.80/unit;£0.72/100g;Cooked meats & snacking;ham-82654-44;106;18;3.0;1.5;2.3;0.8;null;2.1;
premier-deli-breaded-ham-250g;Premier Deli Breaded Ham 250g;£1.80/unit;£0.72/100g;Cooked meats, pate & sandwich fillers;ham;106;18;3.0;1.5;2.3;0.8;null;2.1;
premier-deli-chicken-100g;Premier Deli Chicken 100g;£0.80/unit;£0.80/100g;Cooked meats & snacking;mfp-cooked-chicken-turkey;119;19;2.1;0.7;3.9;0.9;null;1.5;
premier-deli-chicken-100g;Premier Deli Chicken 100g;£0.80/unit;£0.80/100g;Cooked meats, pate & sandwich fillers;cooked-chicken-turkey;119;19;2.1;0.7;3.9;0.9;null;1.5;
premier-deli-honey-roast-ham-250g;Premier Deli Honey Roast Ham 250g;£1.80/unit;£0.72/100g;Cooked meats & snacking;ham-82654-44;105;19;1.7;1.6;2.3;0.8;null;2.2;
premier-deli-honey-roast-ham-250g;Premier Deli Honey Roast Ham 250g;£1.80/unit;£0.72/100g;Cooked meats, pate & sandwich fillers;ham;105;19;1.7;1.6;2.3;0.8;null;2.2;
premium-olive-oil--organic-500ml;LA Organic Premium Spanish Extra Virgin Olive Oil 500ml;£6.50/unit;£1.30/100ml;Cooking ingredients & oils;oils;null;null;null;null;null;null;null;null;
president-butter--unsalted-250g;President Butter, Unsalted 250g;£1.70/unit;£6.80/kg;Butter, spreads & baking;block-butter;null;null;null;null;null;null;null;null;
president-butter--unsalted-250g;President Butter, Unsalted 250g;£1.70/unit;£6.80/kg;Sugar & home baking;fats-spreads;null;null;null;null;null;null;null;null;
president-emmental-slices-200g;Président Emmental Slices 200g;£2.00/unit;£10.00/kg;Cheese;sliced-grated-cheese;null;null;null;null;null;null;null;null;
president-slightly-salted-spreadable-butter-250g;President Spreadable Slightly Salted Butter 250g;£1.70/unit;£6.80/kg;Butter, spreads & baking;spreadable-butter;null;null;null;null;null;null;null;null;
prewetts-jammy-wheels-160g;Prewett's Gluten & Wheat Free Jammy Wheels 160g;£1.59/unit;£0.99/100g;Biscuits & crackers;biscuits-crackers-freefrom;470;5.0;60.1;33.9;23.2;9.1;4.7;0.4;
prewetts-milk-chocolate-digestives-155g;Prewett's Milk Chocolate Digestives 155g;£1.59/unit;£1.03/100g;Biscuits & crackers;biscuits-crackers-freefrom;490;7.5;58.8;35.5;24.7;11.7;0.9;0.3;
prewetts-triple-chocolate-cookie-175g;Prewett's Gluten & Wheat Free Chocolate Cookies 175g;£1.99/unit;£1.14/100g;Biscuits & crackers;biscuits-crackers-freefrom;530;6.3;56.2;34.2;30.0;15.7;4.4;0.3;
primula-cheese-spread--plain--tube-150g;Primula Cheese Spread Plain Tube 150g;£1.00/unit;£6.67/kg;Cheese;snacking-lunchbox-cheese;210;13;3.9;3.2;16;10;null;2.3;
primula-cheese-spread--plain--tube-150g;Primula Cheese Spread Plain Tube 150g;£1.00/unit;£6.67/kg;Cheese;soft---spreadable;210;13;3.9;3.2;16;10;null;2.3;
primula-cheese-spread--with-chives--tube-150g;Primula Cheese Spread with Chives Tube 150g;£1.00/unit;£6.67/kg;Cheese;snacking-lunchbox-cheese;201;12.1;3.9;2.8;14.8;9.7;null;2.0;
primula-cheese-spread--with-chives--tube-150g;Primula Cheese Spread with Chives Tube 150g;£1.00/unit;£6.67/kg;Cheese;soft---spreadable;201;12.1;3.9;2.8;14.8;9.7;null;2.0;
primula-cheese-spread--with-ham--tube-150g;Primula Cheese Spread with Ham Tube 150g;£1.00/unit;£6.67/kg;Cheese;snacking-lunchbox-cheese;200;12.3;3.9;3.1;14.6;9.2;null;2.0;
primula-cheese-spread--with-ham--tube-150g;Primula Cheese Spread with Ham Tube 150g;£1.00/unit;£6.67/kg;Cheese;soft---spreadable;200;12.3;3.9;3.1;14.6;9.2;null;2.0;
primula-cheese-spread--with-shrimp--tube-150g;Primula Cheese Spread with Shrimp Tube 150g;£1.00/unit;£6.67/kg;Cheese;snacking-lunchbox-cheese;197;12.6;3.9;2.9;14.2;9.6;null;2.0;
primula-cheese-spread--with-shrimp--tube-150g;Primula Cheese Spread with Shrimp Tube 150g;£1.00/unit;£6.67/kg;Cheese;soft---spreadable;197;12.6;3.9;2.9;14.2;9.6;null;2.0;
primula-cheese-spread-tub-200g;Primula Cheese Spread Tub 200g;£1.45/unit;£7.25/kg;Cheese;snacking-lunchbox-cheese;210;13;3.9;3.2;16;10;null;2.3;
primula-cheese-spread-tub-200g;Primula Cheese Spread Tub 200g;£1.45/unit;£7.25/kg;Cheese;soft---spreadable;210;13;3.9;3.2;16;10;null;2.3;
princes-chicken---ham-paste-jar-75g;Princes Chicken & Ham Paste Jar 75g;£0.70/unit;£0.93/100g;Jams, honey & spreads;savoury-pastes;220;14.5;4.6;null;15.9;null;null;null;
princes-chicken-deli-fillers--coronation-chicken-85g;Princes Chicken Deli Fillers, Coronation Chicken 85g;£1.30/unit;£1.53/100g;Canned, tinned & packaged foods;cold-meat;192;14.0;12.4;null;9.5;null;null;null;
princes-corned-beef-340g;Princes Corned Beef 340g;£2.00/unit;£0.59/100g;Canned, tinned & packaged foods;cold-meat;223;24.8;0.5;0.5;13.5;6.5;null;2.20;
princes-corned-beef-with-chilli-200g;Princes Corned Beef With Chilli 200g;£2.00/unit;£1.00/100g;Canned, tinned & packaged foods;cold-meat;222;23.0;1.1;1.0;14.0;6.5;0;null;
princes-corned-beef-with-onion-200g;Princes Corned Beef With Onion 200g;£2.00/unit;£1.00/100g;Canned, tinned & packaged foods;cold-meat;223;23.0;1.0;1.0;14.0;6.1;0.3;null;
princes-cured-ham-200g;Princes Cured Ham 200g;£1.90/unit;£0.95/100g;Canned, tinned & packaged foods;cold-meat;161;12.0;3.5;1.5;11.0;4.2;0;null;
princes-cured-ham-325g;Princes Cured Ham 325g;£2.50/unit;£0.77/100g;Canned, tinned & packaged foods;cold-meat;161;12.0;3.5;1.5;11.0;4.2;0.1;2.25;
princes-cured-ham-with-mustard-200g;Princes Cured Ham With Mustard 200g;£1.90/unit;£0.95/100g;Canned, tinned & packaged foods;cold-meat;159;12.2;4.3;1.4;10.3;3.8;null;2.35;
princes-deli-fillers-tuna--mediterranean-180g;Princes Deli Fillers, Tuna Mediterranean 180g;£2.00/unit;£1.11/100g;Canned, tinned & packaged foods;canned-tinned-packaged-fish;149;10.4;9.0;3.5;7.3;0.7;2.7;null;
princes-deli-fillers-tuna--new-york-deli-180g;Princes Deli Fillers, Tuna New York Deli 180g;£2.00/unit;£1.11/100g;Canned, tinned & packaged foods;canned-tinned-packaged-fish;173;10.9;7.6;2.2;10.7;1.1;1.6;null;
princes-deli-fillers-tuna--tikka-mayo-180g;Princes Deli Fillers, Tuna Tikka Mayo 180g;£2.00/unit;£1.11/100g;Canned, tinned & packaged foods;canned-tinned-packaged-fish;179;10.6;4.3;1.8;12.9;1.3;1.5;null;
princes-fruit-filling-apple-395g;Princes Fruit Filling Apple 395g;£1.00/unit;£0.25/100g;Canned, tinned & packaged foods;canned-tinned-packaged-fruit;87;0;21.3;18.2;0;0;null;0;
princes-fruit-filling-apple-395g;Princes Fruit Filling Apple 395g;£1.00/unit;£0.25/100g;Fruit & desserts;dessert-fruit;87;0;21.3;18.2;0;0;null;0;
princes-gooseberries-300g;Princes Gooseberries 300g;£0.90/unit;£3.00/kg;Fruit & desserts;dessert-fruit;75;0.6;17.0;17.0;0.2;0.1;1.4;0.01;
princes-ham---beef-paste-jar-75g;Princes Ham & Beef Paste Jar 75g;£0.70/unit;£0.93/100g;Jams, honey & spreads;savoury-pastes;177;15.2;4.7;null;10.8;null;null;null;
princes-ham-200g;Princes Ham 200g;£1.50/unit;£0.75/100g;Canned, tinned & packaged foods;cold-meat;164;12.0;2.0;1.1;12.0;4.5;0.1;2.50;
princes-hot-dogs-in-brine-x8-400g;Princes Hot Dogs In Brine x8 400g;£1.20/unit;£6.52/kg;Canned, tinned & packaged foods;canned-tinned-packaged-hot-meat-meals;138;10.0;4.1;0.1;9.0;2.8;0.5;2.50;
princes-jumbo-hot-dogs-560g;Princes Jumbo Hot Dogs x6 560g;£1.80/unit;£3.21/kg;Canned, tinned & packaged foods;canned-tinned-packaged-hot-meat-meals;198;10.0;3.5;0.1;16.0;5.4;0.1;2.25;
princes-lean-corned-beef-200g;Princes Lean Corned Beef 200g;£2.00/unit;£1.00/100g;Canned, tinned & packaged foods;cold-meat;185;25.0;1.1;1.1;9.0;5.0;null;1.30;
princes-mackerel-fillets--in-mustard-sauce-125g;Princes Mackerel Fillets in Mustard Sauce 125g;£1.40/unit;£1.12/100g;Canned, tinned & packaged foods;canned-tinned-packaged-fish;207;13.6;4.3;4.0;15.0;1.6;0;null;
princes-mackerel-fillets-hot-chilli-125g;Princes Mackerel Fillets in Hot Chilli Dressing 125g;£1.40/unit;£1.12/100g;Canned, tinned & packaged foods;canned-tinned-packaged-fish;296;13.3;0.1;0.0;27.0;8.0;0.0;0.88;
princes-mackerel-fillets-in-spicy-tomato-sauce-200g;Princes Mackerel Fillets in Spicy Tomato Sauce 200g;£1.70/unit;£0.85/100g;Canned, tinned & packaged foods;canned-tinned-packaged-fish;245;10.7;11.0;10.0;17.5;4.0;0.4;null;
princes-mackerel-in-olive-oil-125g;Princes Mackerel Fillets in Olive Oil 125g (90g*);£1.40/unit;£1.56/100g;Canned, tinned & packaged foods;canned-tinned-packaged-fish;271;19.7;0;0;21.3;4.1;0;null;
princes-mackerel-in-spicy-tomato-sauce-125g;Princes Mackerel Fillets in Spicy Tomato Sauce 125g;£1.40/unit;£1.12/100g;Canned, tinned & packaged foods;canned-tinned-packaged-fish;200;13.6;4.7;4.2;14.1;2.5;0.0;0.75;
princes-mackerel-in-tomato-sauce-125g;Princes Mackerel Fillets in Tomato Sauce 125g;£1.40/unit;£1.12/100g;Canned, tinned & packaged foods;canned-tinned-packaged-fish;181;13.6;2.3;2.3;13.0;2.5;0.4;0.75;
princes-mackerel-ltd-ed-mexican-125g;Princes Mackerel Fillets Ltd Ed Moroccan Style Sauce with Apricot Puree 125g;£1.40/unit;£1.12/100g;Canned, tinned & packaged foods;canned-tinned-packaged-fish;187;11.7;11.0;5.3;9.9;2.3;null;1.77;
princes-mackerel-ltd-edition-indian-125g;Princes Mackerel Fillets Ltd Edition Indian 125g;£1.40/unit;£1.12/100g;Canned, tinned & packaged foods;canned-tinned-packaged-fish;160;11.5;10.8;7.4;7.8;1.6;0.3;null;
princes-mackerel-wood-smoked-fillets-in-sunflower-oil-190g;Princes Mackerel Wood Smoked Fillets In Sunflower Oil 190g (125g*);£1.70/unit;£1.36/100g;Canned, tinned & packaged foods;canned-tinned-packaged-fish;250;17.5;0.8;0.1;19.6;4.9;0.1;1.15;
princes-ox-tongue-184g;Princes Ox Tongue 184g;£3.00/unit;£1.63/100g;Canned, tinned & packaged foods;cold-meat;null;null;null;null;null;null;null;null;
princes-pilchards--in-brine-155g;Princes Pilchards in Brine 155g (116g*);£0.50/unit;£0.43/100g;Canned, tinned & packaged foods;canned-tinned-packaged-fish;134;22.1;0;0;5.1;1.0;0;null;
princes-pilchards-in-brine-425g;Glenryck Pilchards in Brine 425g (298g*);£1.10/unit;£0.37/100g;Canned, tinned & packaged foods;canned-tinned-packaged-fish;180;19.7;0;0;11.2;4.0;0;null;
princes-pink-salmon-213g;Princes Pink Salmon 213g;£2.70/unit;£1.27/100g;Canned, tinned & packaged foods;canned-tinned-packaged-fish;131;22.3;0.0;0.0;4.6;0.9;null;0.09;
princes-red-salmon-105g;Princes Red Salmon 105g;£2.50/unit;£2.38/100g;Canned, tinned & packaged foods;canned-tinned-packaged-fish;143;22.8;0.0;0.0;5.8;1.2;null;1.00;
princes-red-salmon-213g;Princes Red Salmon 213g;£4.00/unit;£1.88/100g;Canned, tinned & packaged foods;canned-tinned-packaged-fish;143;22.8;0.0;0.0;5.8;1.2;null;0.90;
princes-reduced-salt-corned-beef-340g;Princes Reduced Salt Corned Beef 340g;£2.50/unit;£0.74/100g;Canned, tinned & packaged foods;cold-meat;218;24.8;0.5;0.5;13.0;6.5;null;1.40;
princes-s-b-atlantic-salmn-in-brine-160g;Princes Atlantic Salmon in Brine, Skinless & Boneless 160g;£3.00/unit;£1.88/100g;Canned, tinned & packaged foods;canned-tinned-packaged-fish;174;19.7;1.1;0;10.1;1.3;0;null;
princes-s-b-salmon-filets-in-chilli-125g;Princes Salmon Filets in Chilli Sauce, Skinless & Boneless 125g;£2.50/unit;£2.00/100g;Canned, tinned & packaged foods;canned-tinned-packaged-fish;188;14.8;5.8;5.8;11.4;1.5;1.4;null;
princes-s-b-salmon-lemon---dill-125g;Princes Salmon Filets in Lemon & Dill Sauce, Skinless & Boneless 125g;£2.50/unit;£2.00/100g;Canned, tinned & packaged foods;canned-tinned-packaged-fish;179;15.3;0.5;0.2;12.7;1.7;0.6;null;
princes-salmon-paste-75g;Princes Salmon Paste 75g;£0.70/unit;£0.93/100g;Jams, honey & spreads;savoury-pastes;205;12.6;5.5;0.4;14.1;3.2;2.8;null;
princes-salmon-s-b-in-lmn-blk-pep-160g;Princes Atlantic Salmon in Lemon & Black Pepper, Skinless & Boneless 160g;£3.00/unit;£1.88/100g;Canned, tinned & packaged foods;canned-tinned-packaged-fish;183;19.6;1.4;0;11.0;1.5;0.1;null;
princes-sardine---tom-paste-75g;Princes Sardine & Tom Paste 75g;£0.70/unit;£0.93/100g;Jams, honey & spreads;savoury-pastes;140;14.4;5.0;1.5;6.4;2.0;2.6;null;
princes-stewed-steak-400g;Princes Stewed Steak 400g;£3.00/unit;£7.50/kg;Canned, tinned & packaged foods;canned-tinned-packaged-hot-meat-meals;127;14.6;3.8;0.8;5.5;2.8;null;0.73;
princes-tuna-chunks-in-brine-185g;Princes Tuna Chunks in Brine 185g (112g*);£2.00/unit;£1.79/100g;Canned, tinned & packaged foods;canned-tinned-packaged-fish;105;25.0;0;0;0.5;0;0;null;
princes-tuna-chunks-in-brine-3x80g;Princes Tuna Chunks in Brine 3x80g (3x56g*);£2.50/unit;£1.49/100g;Canned, tinned & packaged foods;canned-tinned-packaged-fish;105;25.0;0;0;0.5;0;0;null;
princes-tuna-chunks-in-brine-4x160g-%284x112g*%29;Princes Tuna Chunks in Brine 4x160g (4x112g*);£5.00/unit;£1.12/100g;Canned, tinned & packaged foods;canned-tinned-packaged-fish;105;25.0;0;0;0.5;0;0;null;
princes-tuna-chunks-in-oil-4x160g;Princes Tuna Chunks in Sunflower Oil 4x160g (112g*);£5.00/unit;£1.12/100g;Canned, tinned & packaged foods;canned-tinned-packaged-fish;197;25.0;0;0;10.8;2.0;0;null;
princes-tuna-chunks-in-oil-x3-80g;Princes Tuna Chunks in Sunflower Oil 3x80g (3x56g);£2.50/unit;£1.49/100g;Canned, tinned & packaged foods;canned-tinned-packaged-fish;197;25.0;0;0;10.8;2.0;0;null;
princes-tuna-chunks-in-spring-water-185g;Princes Tuna Chunks in Spring Water 185g (112g*);£2.00/unit;£1.79/100g;Canned, tinned & packaged foods;canned-tinned-packaged-fish;105;25.0;0;0;0.5;0;0;null;
princes-tuna-chunks-in-spring-water-3x80g;Princes Tuna Chunks in Spring Water 3x80g (3x56g*);£2.50/unit;£1.49/100g;Canned, tinned & packaged foods;canned-tinned-packaged-fish;105;25.0;0;0;0.5;0;0;null;
princes-tuna-chunks-in-spring-water-4x160g-%28112g*%29;Princes Tuna Chunks in Spring Water 4x160g (112g*);£5.00/unit;£1.12/100g;Canned, tinned & packaged foods;canned-tinned-packaged-fish;105;25.0;0;0;0.5;0;0;null;
princes-tuna-chunks-in-sunflower-oil-185g;Princes Tuna Chunks in Sunflower Oil 185g (112g*);£2.00/unit;£1.79/100g;Canned, tinned & packaged foods;canned-tinned-packaged-fish;197;25.0;0;0;10.8;2.0;0;null;
princes-tuna-chunks-in-tomato-160g;Princes Tuna Chunks In Tomato 160g;£2.00/unit;£1.25/100g;Canned, tinned & packaged foods;canned-tinned-packaged-fish;102;13.9;6.9;6.3;1.8;0.3;1.1;null;
princes-tuna-mayo---sweetcorn-160g;Princes Tuna Mayonnaise & Sweetcorn 160g;£1.50/unit;£0.94/100g;Canned, tinned & packaged foods;canned-tinned-packaged-fish;180;11.2;5.3;1.0;12.7;1.3;0;null;
princes-tuna-salad--french-210g;Princes Tuna Pasta, French 210g;£2.00/unit;£0.95/100g;Canned, tinned & packaged foods;canned-tinned-packaged-fish;99;8.1;11.1;4.9;1.8;0.2;3.2;0.78;
princes-tuna-salad--mexican-210g;Princes Tuna Salad, Mexican 210g;£2.00/unit;£0.95/100g;Canned, tinned & packaged foods;canned-tinned-packaged-fish;99;9.0;8.4;2.8;2.1;0.2;5.4;0.86;
princes-tuna-steak-in-brine-185g;Princes Tuna Steak in Brine 185g (130g*);£2.00/unit;£1.54/100g;Canned, tinned & packaged foods;canned-tinned-packaged-fish;105;25.0;0;0;0.5;0;0;null;
princes-tuna-steak-in-sunflower-oil-185g;Princes Tuna Steak in Sunflower Oil 185g (130g*);£2.00/unit;£1.54/100g;Canned, tinned & packaged foods;canned-tinned-packaged-fish;167;25.0;0;0;7.4;1.4;0;null;
princes-tuna-steak-in-water-185g;Princes Tuna Steak in Spring Water 185g (130g*);£2.00/unit;£1.54/100g;Canned, tinned & packaged foods;canned-tinned-packaged-fish;105;25.0;0;0;0.5;0;0;null;
pringles-bbq-190g;Pringles BBQ 190g;£2.25/unit;£1.18/100g;Crisps, nuts & snacking fruit;crisps;null;null;null;null;null;null;null;null;
pringles-cheese---onion-190g;Pringles Cheese & Onion 190g;£2.25/unit;£1.18/100g;Crisps, nuts & snacking fruit;crisps;null;null;null;null;null;null;null;null;
pringles-original-190g;Pringles Original 190g;£2.25/unit;£1.18/100g;Crisps, nuts & snacking fruit;crisps;null;null;null;null;null;null;null;null;
pringles-paprika-190g;Pringles Paprika 190g;£2.25/unit;£1.18/100g;Crisps, nuts & snacking fruit;crisps;null;null;null;null;null;null;null;null;
pringles-prawn-cocktail-190g;Pringles Prawn Cocktail 190g;£2.25/unit;£1.18/100g;Crisps, nuts & snacking fruit;crisps;null;null;null;null;null;null;null;null;
pringles-salt---vinegar-190g;Pringles Salt & Vinegar 190g;£2.25/unit;£1.18/100g;Crisps, nuts & snacking fruit;crisps;null;null;null;null;null;null;null;null;
pringles-sour-cream---onion-190g;Pringles Sour Cream & Onion 190g;£2.25/unit;£1.18/100g;Crisps, nuts & snacking fruit;crisps;null;null;null;null;null;null;null;null;
provitamil-uht-oat-drink-1l;Provitamil Oat Alternative to Dairy & Soya Milk 1L;£1.35/unit;£1.35/ltr;Fresh milk & eggs;soya---dietary-needs;40;0.4;8.7;8.7;1.2;0.1;0.1;null;
pukka-all-steak-pie-233g;Pukka Pies All Steak Pie 233g;£1.50/unit;£0.64/100g;Pies, pasties & quiche;hot-cold-pies;214;6.9;17.6;1.5;11.9;4.6;4.5;0.90;
pukka-pies-beef---onion-pie-231g;Pukka Pies Minced Steak & Onion Pie 231g;£1.50/unit;£0.65/100g;Pies, pasties & quiche;hot-cold-pies;230;6.6;18.5;1.3;13.6;5.0;3.8;0.80;
pukka-pies-chicken---mushroom-pie-226g;Pukka Pies Chicken & Mushroom Pie 226g;£1.50/unit;£0.66/100g;Pies, pasties & quiche;hot-cold-pies;209;6.6;19.7;2.7;10.9;3.7;3.5;0.78;
pukka-pies-steak---kidney-pie-238g;Pukka Pies Steak & Kidney Pie 238g;£1.50/unit;£0.63/100g;Pies, pasties & quiche;hot-cold-pies;225;9.7;17.7;1.0;11.8;4.7;4.5;0.75;
pura-light-touch-oil-420ml;Pura Light Touch Oil 420ml;£1.80/unit;£0.43/100ml;Cooking ingredients & oils;oils;null;null;null;null;null;null;null;null;
pure-dairy-free-soya-spread-500g;Pure Dairy Free Soya Spread 500g;£1.60/unit;£3.20/kg;Butter, spreads & baking;dietary--free-from-and-organic;490;0.5;1.0;0.5;54.0;14.82;null;0.75;
pure-dairy-free-sunflower-spread-500g;Pure Dairy Free Sunflower Spread 500g;£1.60/unit;£3.20/kg;Butter, spreads & baking;dietary--free-from-and-organic;null;null;null;null;null;null;null;null;
pure-olive-spread-500g;Pure Olive Spread 500g;£1.60/unit;£3.20/kg;Butter, spreads & baking;dietary--free-from-and-organic;null;null;null;null;null;null;null;null;
pure-olive-spread-500g;Pure Olive Spread 500g;£1.60/unit;£3.20/kg;Butter, spreads & baking;olive-spreads;null;null;null;null;null;null;null;null;
quaker-oat-crisp-375g;Quaker Oat Crisp 375g;£2.30/unit;£0.61/100g;Breakfast cereals;muesli-granola-clusters;375;13;58;10;6.5;1.0;15;0.84;
quaker-oat-granola-600g;Quaker Oat Granola 600g;£2.30/unit;£0.38/100g;Breakfast cereals;muesli-granola-clusters;420;8.0;72;23;9.5;1.2;6.5;0;
quaker-oat-so-simple-apple---blueberry-flavour-porridge-x10-36g;Quaker Oat So Simple Porridge, Apple & Blueberry Flavour 10x36g;£2.45/unit;£0.68/100g;Breakfast cereals;porridge-oats;376;8.6;67.1;20.9;6.4;1.1;7.7;0.20;
quaker-oat-so-simple-crunchy-bar--ginger-5x30g;Quaker Oat So Simple Crunchy Bar, Ginger 5x30g;£2.00/unit;£1.33/100g;Biscuits & crackers;cereal-bars-breakfast-biscuits;470;8.6;69.0;19.6;16.1;1.5;7.2;0.39;
quaker-oat-so-simple-crunchy-bar--ginger-5x30g;Quaker Oat So Simple Crunchy Bar, Ginger 5x30g;£2.00/unit;£1.33/100g;Breakfast cereals;breakfast-cereal-bars-breakfast-biscuits;470;8.6;69.0;19.6;16.1;1.5;7.2;0.39;
quaker-oat-so-simple-crunchy-bar--maple---pecan-5x30g;Quaker Oat So Simple Crunchy Bar, Maple & Pecan 5x30g;£2.00/unit;£1.33/100g;Biscuits & crackers;cereal-bars-breakfast-biscuits;478;8.7;67.7;19.8;17.5;1.6;7.1;0.22;
quaker-oat-so-simple-crunchy-bar-golden-syrup-5x30g;Quaker Oat So Simple Crunchy Bar Golden Syrup 5x30g;£2.00/unit;£1.33/100g;Biscuits & crackers;cereal-bars-breakfast-biscuits;469;8.4;68.9;19.5;16.2;1.5;6.9;0.36;
quaker-oat-so-simple-crunchy-bar-golden-syrup-5x30g;Quaker Oat So Simple Crunchy Bar Golden Syrup 5x30g;£2.00/unit;£1.33/100g;Breakfast cereals;breakfast-cereal-bars-breakfast-biscuits;469;8.4;68.9;19.5;16.2;1.5;6.9;0.36;
quaker-oat-so-simple-cuppa-porridge-apple---blueberry-5x562g;Quaker Oat So Simple Cuppa Porridge Apple & Blueberry 5x56.2g;£2.60/unit;£0.93/100g;Breakfast cereals;on-the-go;381;13.4;64.3;25.7;6.4;1.6;5.9;0.29;
quaker-oat-so-simple-cuppa-porridge-apple---blueberry-5x562g;Quaker Oat So Simple Cuppa Porridge Apple & Blueberry 5x56.2g;£2.60/unit;£0.93/100g;Breakfast cereals;porridge-oats;381;13.4;64.3;25.7;6.4;1.6;5.9;0.29;
quaker-oat-so-simple-cuppa-porridge-golden-syrup-5x557g;Quaker Oat So Simple Cuppa Porridge Golden Syrup 5x55.7g;£2.60/unit;£0.93/100g;Breakfast cereals;on-the-go;375;12.6;66.5;28.3;5.2;1.0;5.8;0.52;
quaker-oat-so-simple-cuppa-porridge-golden-syrup-5x557g;Quaker Oat So Simple Cuppa Porridge Golden Syrup 5x55.7g;£2.60/unit;£0.93/100g;Breakfast cereals;porridge-oats;375;12.6;66.5;28.3;5.2;1.0;5.8;0.52;
quaker-oat-so-simple-cuppa-porridge-original-5x493g;Quaker Oat So Simple Cuppa Porridge Original 5x49.3g;£2.60/unit;£1.05/100g;Breakfast cereals;on-the-go;378;15.1;62.8;20.3;6.1;1.6;5.6;0.22;
quaker-oat-so-simple-cuppa-porridge-original-5x493g;Quaker Oat So Simple Cuppa Porridge Original 5x49.3g;£2.60/unit;£1.05/100g;Breakfast cereals;porridge-oats;378;15.1;62.8;20.3;6.1;1.6;5.6;0.22;
quaker-oat-so-simple-golden-syrup--family-pack-20x36g;Quaker Oat So Simple Golden Syrup, Family Pack 20x36g;£4.00/unit;£0.56/100g;Breakfast cereals;porridge-oats;376;8.4;66.6;21.5;6.5;1.1;8.8;0.50;
quaker-oat-so-simple-golden-syrup-flavour-porridge-x10-36g;Quaker Oat So Simple Porridge, Golden Syrup Flavour 10x36g;£2.45/unit;£0.68/100g;Breakfast cereals;porridge-oats;376;8.4;66.6;21.5;6.5;1.1;8.8;0.50;
quaker-oat-so-simple-morning-bars--raspberry---pomegranate-175g;Quaker Oat So Simple Raspberry & Pomegranate Morning Bars 5x35g;£2.00/unit;£1.14/100g;Biscuits & crackers;cereal-bars-breakfast-biscuits;403;8.1;67.4;15.0;9.6;2.8;7.1;0.43;
quaker-oat-so-simple-morning-bars--raspberry---pomegranate-175g;Quaker Oat So Simple Raspberry & Pomegranate Morning Bars 5x35g;£2.00/unit;£1.14/100g;Breakfast cereals;breakfast-cereal-bars-breakfast-biscuits;403;8.1;67.4;15.0;9.6;2.8;7.1;0.43;
quaker-oat-so-simple-morning-bars-golden-syrup-175g;Quaker Oat So Simple Golden Syrup Morning Bars 5x35g;£2.00/unit;£1.14/100g;Biscuits & crackers;cereal-bars-breakfast-biscuits;407;8.2;67.6;15.4;10.0;3.0;6.8;0.51;
quaker-oat-so-simple-morning-bars-golden-syrup-175g;Quaker Oat So Simple Golden Syrup Morning Bars 5x35g;£2.00/unit;£1.14/100g;Breakfast cereals;breakfast-cereal-bars-breakfast-biscuits;407;8.2;67.6;15.4;10.0;3.0;6.8;0.51;
quaker-oat-so-simple-original--family-pack-22x27g;Quaker Oat So Simple Original, Family Pack 22x27g;£4.00/unit;£0.67/100g;Breakfast cereals;porridge-oats;370;11.0;58.9;1.0;7.7;1.3;10.5;0;
quaker-oat-so-simple-original-porridge-x12-27g;Quaker Oat So Simple Original Porridge x12 27g;£2.45/unit;£0.76/100g;Breakfast cereals;porridge-oats;370;11.0;58.9;1.0;7.7;1.3;10.5;0;
quaker-oat-so-simple-porridge---apple---blueberry-flavour-57g;Quaker Oat So Simple Porridge Pot, Apple & Blueberry Flavour 57g;£1.00/unit;£1.75/100g;Breakfast cereals;on-the-go;375;14.2;65.2;28.1;5.0;1.0;5.5;0.30;
quaker-oat-so-simple-porridge---apple---blueberry-flavour-57g;Quaker Oat So Simple Porridge Pot, Apple & Blueberry Flavour 57g;£1.00/unit;£1.75/100g;Breakfast cereals;porridge-oats;375;14.2;65.2;28.1;5.0;1.0;5.5;0.30;
quaker-oat-so-simple-porridge-pot--sweet-cinnamon-flavour-57g;Quaker Oat So Simple Porridge Pot, Sweet Cinnamon Flavour 57g;£1.00/unit;£1.75/100g;Breakfast cereals;on-the-go;376;14.4;65.0;28.4;5.2;1.1;5.6;0.31;
quaker-oat-so-simple-porridge-pot--sweet-cinnamon-flavour-57g;Quaker Oat So Simple Porridge Pot, Sweet Cinnamon Flavour 57g;£1.00/unit;£1.75/100g;Breakfast cereals;porridge-oats;376;14.4;65.0;28.4;5.2;1.1;5.6;0.31;
quaker-oat-so-simple-porridge-pot-apple---cherry-58g;Quaker Oat So Simple Porridge Pot, Apple & Cherry 58g;£1.20/unit;£2.07/100g;Breakfast cereals;on-the-go;377;13.5;68.1;27.2;4.8;0.8;3.8;0.30;
quaker-oat-so-simple-porridge-pot-apple---cherry-58g;Quaker Oat So Simple Porridge Pot, Apple & Cherry 58g;£1.20/unit;£2.07/100g;Breakfast cereals;porridge-oats;377;13.5;68.1;27.2;4.8;0.8;3.8;0.30;
quaker-oat-so-simple-porridge-pot-banana---strawberry-58g;Quaker Oat So Simple Porridge Pot, Banana & Strawberry 58g;£1.20/unit;£2.07/100g;Breakfast cereals;on-the-go;376;13.7;66.5;27.3;5.0;0.8;5.0;0.22;
quaker-oat-so-simple-porridge-pot-banana---strawberry-58g;Quaker Oat So Simple Porridge Pot, Banana & Strawberry 58g;£1.20/unit;£2.07/100g;Breakfast cereals;porridge-oats;376;13.7;66.5;27.3;5.0;0.8;5.0;0.22;
quaker-oat-so-simple-porridge-pot-caramel-57g;Quaker Oat So Simple Porridge Pot, Caramel 57g;£1.00/unit;£1.75/100g;Breakfast cereals;on-the-go;377;10.6;67.7;23.3;5.7;1.1;6.4;0.15;
quaker-oat-so-simple-porridge-pot-caramel-57g;Quaker Oat So Simple Porridge Pot, Caramel 57g;£1.00/unit;£1.75/100g;Breakfast cereals;porridge-oats;377;10.6;67.7;23.3;5.7;1.1;6.4;0.15;
quaker-oat-so-simple-porridge-pot-golden-syrup-flavour-57g;Quaker Oat So Simple Porridge Pot, Golden Syrup Flavour 57g;£1.00/unit;£1.75/100g;Breakfast cereals;on-the-go;372;13.3;65.3;29.5;4.9;0.8;6.7;0.58;
quaker-oat-so-simple-porridge-pot-golden-syrup-flavour-57g;Quaker Oat So Simple Porridge Pot, Golden Syrup Flavour 57g;£1.00/unit;£1.75/100g;Breakfast cereals;porridge-oats;372;13.3;65.3;29.5;4.9;0.8;6.7;0.58;
quaker-oat-so-simple-porridge-pot-original-50g;Quaker Oat So Simple Porridge Pot, Original 50g;£1.00/unit;£2.00/100g;Breakfast cereals;on-the-go;379;14.3;60.6;22.3;7.2;1.2;7.3;0.22;
quaker-oat-so-simple-porridge-pot-original-50g;Quaker Oat So Simple Porridge Pot, Original 50g;£1.00/unit;£2.00/100g;Breakfast cereals;porridge-oats;379;14.3;60.6;22.3;7.2;1.2;7.3;0.22;
quaker-oat-so-simple-porridge-pot-summer-berries-58g;Quaker Oat So Simple Porridge Pot, Summer Berries 58g;£1.20/unit;£2.07/100g;Breakfast cereals;on-the-go;375;14.3;66.6;26.4;4.7;0.8;4.4;0.24;
quaker-oat-so-simple-porridge-pot-summer-berries-58g;Quaker Oat So Simple Porridge Pot, Summer Berries 58g;£1.20/unit;£2.07/100g;Breakfast cereals;porridge-oats;375;14.3;66.6;26.4;4.7;0.8;4.4;0.24;
quaker-oat-so-simple-raspberry---pomegranate-flavour-porridge-x10-334g;Quaker Oat So Simple Porridge, Raspberry & Pomegranate Flavour 10x33.4g;£2.45/unit;£0.73/100g;Breakfast cereals;porridge-oats;381;8.9;67.4;19.0;6.6;1.2;7.3;0;
quaker-oat-so-simple-sachets-apple---cherry-x8;Quaker Oat So Simple Porridge, Apple & Cherry 8x36.1g;£2.45/unit;£0.85/100g;Breakfast cereals;on-the-go;375;8.5;68.0;22.3;6.1;1.2;7.5;0.08;
quaker-oat-so-simple-sachets-apple---cherry-x8;Quaker Oat So Simple Porridge, Apple & Cherry 8x36.1g;£2.45/unit;£0.85/100g;Breakfast cereals;porridge-oats;375;8.5;68.0;22.3;6.1;1.2;7.5;0.08;
quaker-oat-so-simple-sachets-banana---strawberry-x8;Quaker Oat So Simple Porridge, Banana & Strawberry 8x35.5g;£2.45/unit;£0.86/100g;Breakfast cereals;on-the-go;376;8.7;67.5;21.7;6.2;1.2;7.5;0.18;
quaker-oat-so-simple-sachets-banana---strawberry-x8;Quaker Oat So Simple Porridge, Banana & Strawberry 8x35.5g;£2.45/unit;£0.86/100g;Breakfast cereals;porridge-oats;376;8.7;67.5;21.7;6.2;1.2;7.5;0.18;
quaker-oat-so-simple-sachets-blackberry---apple-x8;Quaker Oat So Simple Porridge, Blackberry & Apple 8x36.6g;£2.45/unit;£0.84/100g;Breakfast cereals;on-the-go;372;8.4;67.5;22.2;6.1;1.1;7.9;0.05;
quaker-oat-so-simple-sachets-blackberry---apple-x8;Quaker Oat So Simple Porridge, Blackberry & Apple 8x36.6g;£2.45/unit;£0.84/100g;Breakfast cereals;porridge-oats;372;8.4;67.5;22.2;6.1;1.1;7.9;0.05;
quaker-oat-so-simple-sultana--raisin--cranberry---apple-flavour-porridge-x10-385g;Quaker Oat So Simple Porridge, Sultana, Raisin, Cranberry & Apple 10x38.5g;£2.45/unit;£0.25/ea;Breakfast cereals;porridge-oats;371;8.3;68.2;26.2;5.7;0.9;6.9;0.23;
quaker-oat-so-simple-sweet-cinnamon-flavour-porridge-x10-33g;Quaker Oat So Simple Porridge, Sweet Cinnamon Flavour 10x33g;£2.45/unit;£0.74/100g;Breakfast cereals;porridge-oats;379;9.0;67.2;19.0;6.6;1.2;7.4;0;
quaker-oat-so-simple-variety-porridge-9-pack;Quaker Oat So Simple Porridge, Variety x9 297g;£2.45/unit;£0.82/100g;Breakfast cereals;porridge-oats;370;11.0;58.9;1.0;7.7;1.3;10.5;0;
quaker-oats-oat-so-simple-golden-syrup-flavour-porridge--big-bowl-x8-397g;Quaker Oat So Simple Porridge, Golden Syrup Flavour Big Bowl 8x49.6g;£2.45/unit;£0.62/100g;Breakfast cereals;porridge-oats;376;8.4;66.6;21.5;6.5;1.1;8.8;0.50;
quaker-oats-oat-so-simple-honey---vanilla-flavour-porridge-10x338g;Quaker Oat So Simple Honey & Vanilla Flavour Porridge 10x33.8g;£2.45/unit;£0.72/100g;Breakfast cereals;porridge-oats;381;8.8;68.1;18.8;6.4;1.2;7.2;0.03;
quaker-oats-oat-so-simple-porridge--big-bowl-10x-385g;Quaker Oat So Simple Porridge, Original Big Bowl 10x38.5g;£2.45/unit;£0.64/100g;Breakfast cereals;porridge-oats;370;11.0;58.9;1.0;7.7;1.3;10.5;0;
quaker-oats-oat-so-simple-strawberry--raspberry---cranberry-flavour-porridge-10x339g;Quaker Oat So Simple Porridge, Strawberry, Raspberry & Cranberry Flavour 10x33.9g;£2.45/unit;£0.72/100g;Breakfast cereals;porridge-oats;379;8.8;68.0;19.0;6.4;1.2;7.2;0.03;
quaker-porridge-oats-1kg;Quaker Porridge Oats 1kg;£2.00/unit;£0.20/100g;Breakfast cereals;porridge-oats;374;11.0;60.0;1.1;8;1.5;9;0;
quality-st-toffee-penny-dessert-2x70g;Quality St Dessert Toffee Penny 2x70g;£1.29/unit;£0.92/100g;Yogurts;rice-dessert-style-yogurts;228;2.4;33.9;25.5;9.2;6.4;null;0.5;
quality-street-carton-350g;Quality Street Carton 350g;£4.00/unit;£1.14/100g;Confectionery;gifting-boxed-chocolate;null;null;null;null;null;null;null;null;
quality-street-large-easter-egg-277g;Quality Street Large Easter Egg 277g;£3.00/unit;£1.15/100g;Confectionery;easter-eggs;467;3.3;68.1;57.5;19.6;11.1;1.4;0.23;
quavers-cheese-205g;Quavers Cheese 20g;£0.55/unit;£2.75/100g;Crisps, nuts & snacking fruit;crisps;534;2.7;62.5;4.1;30.1;2.7;1.1;2.21;
quavers-cheese-24x16g;Quavers Cheese 24x16g;£4.00/unit;£1.04/100g;Crisps, nuts & snacking fruit;crisps;534;2.7;62.5;4.1;30.1;2.7;1.1;2.21;
quavers-cheese-x12-16g;Quavers Cheese 12x16.4g;£2.75/unit;£1.43/100g;Crisps, nuts & snacking fruit;crisps;534;2.7;62.5;4.1;30.1;2.7;1.1;2.21;
quorn-8-diet-sausages-300g;Quorn Low Fat Sausages x6 300g;£2.00/unit;£6.67/kg;Meat free & vegetarian;meat-free-vegetarian;126;15.1;8.8;1.5;2.2;0.5;5.3;1.3;
quorn-bbq-fillets-166g;Quorn BBQ Fillets 166g;£2.00/unit;£12.05/kg;Meat free & vegetarian;meat-free-vegetarian;106;12.3;9.4;5.0;1.5;0.7;2.9;0.9;
quorn-best-of-british-meat-free-sausages-240g;Quorn Best Of British Sausages 240g;£2.20/unit;£9.17/kg;Vegetarian & meat free;deli-meat-alternatives;185;11.0;12.0;1.0;9.5;2.0;3.5;1.8;
quorn-burgers--southern-style-252g;Quorn Burgers, Southern Style 252g;£2.00/unit;£7.94/kg;Meat free & vegetarian;meat-free-vegetarian;195;10.7;14.5;2.8;9.8;1.2;3.1;2.0;
quorn-burgers-x4-200g;Quorn Burgers x4 200g;£2.00/unit;£10.00/kg;Meat free & vegetarian;meat-free-vegetarian;160;14.1;8.1;2.9;7.3;2.6;2.4;1.1;
quorn-cheese---broccoli-escalope-240g;Quorn Cheese & Broccoli Escalope 240g;£2.00/unit;£8.33/kg;Meat free & vegetarian;meat-free-vegetarian;209;8.7;16.5;2.1;11.4;2.9;2.9;1.3;
quorn-chefs-selection-chorizo-style-sausages-240g;Quorn Chef's Selection Chorizo Style Sausages 240g;£2.20/unit;£9.17/kg;Cooked meats, pate & sandwich fillers;continental-meats;213;13.3;7.1;0.3;13.8;4.5;3.4;1.5;
quorn-chefs-selection-chorizo-style-sausages-240g;Quorn Chef's Selection Chorizo Style Sausages 240g;£2.20/unit;£9.17/kg;Vegetarian & meat free;deli-meat-alternatives;213;13.3;7.1;0.3;13.8;4.5;3.4;1.5;
quorn-chicken-style---leek-pie-400g;Quorn Chicken Style & Leek Pie 400g;£2.50/unit;£6.25/kg;Meat free & vegetarian;meat-free-vegetarian;196;6.0;20.0;5.0;9.5;5.2;3.0;0.5;
quorn-chicken-style-pieces-300g;Quorn Meat Free Chicken Pieces 300g;£2.00/unit;£6.67/kg;Meat free & vegetarian;meat-free-vegetarian;89;14.0;1.0;0.4;1.4;0.4;8.3;0.8;
quorn-chorizo-chub-150g;Quorn Chorizo Chub 150g;£2.60/unit;£17.33/kg;Vegetarian & meat free;deli-meat-alternatives;213;13.8;11.6;0.7;11.3;4.3;4.9;1.8;
quorn-classic-burger-180g;Quorn Classic Burger 180g;£2.20/unit;£12.22/kg;Vegetarian & meat free;deli-meat-alternatives;182;18.0;9.8;1.9;8.2;3.2;3.9;1.5;
quorn-classic-lasagne-500g;Quorn Classic Lasagne 500g;£3.20/unit;£6.40/kg;Ready meals;italian-ready-meals;92;4.8;9.9;3.0;3.3;1.5;1.7;0.5;
quorn-classic-lasagne-500g;Quorn Classic Lasagne 500g;£3.20/unit;£6.40/kg;Ready meals;vegetarian-ready-meals;92;4.8;9.9;3.0;3.3;1.5;1.7;0.5;
quorn-classic-lasagne-500g;Quorn Classic Lasagne 500g;£3.20/unit;£6.40/kg;Vegetarian & meat free;vegetarian-meat-free-ready-meals;92;4.8;9.9;3.0;3.3;1.5;1.7;0.5;
quorn-cottage-pie-500g;Quorn Cottage Pie 500g;£3.20/unit;£6.40/kg;Ready meals;british-ready-meals;89;4.5;10.9;1.8;2.5;0.8;2.4;0.5;
quorn-cottage-pie-500g;Quorn Cottage Pie 500g;£3.20/unit;£6.40/kg;Ready meals;healthier-choice-ready-meals;89;4.5;10.9;1.8;2.5;0.8;2.4;0.5;
quorn-cottage-pie-500g;Quorn Cottage Pie 500g;£3.20/unit;£6.40/kg;Ready meals;meals-for-1-ready-meals;89;4.5;10.9;1.8;2.5;0.8;2.4;0.5;
quorn-cottage-pie-500g;Quorn Cottage Pie 500g;£3.20/unit;£6.40/kg;Ready meals;vegetarian-ready-meals;89;4.5;10.9;1.8;2.5;0.8;2.4;0.5;
quorn-cottage-pie-500g;Quorn Cottage Pie 500g;£3.20/unit;£6.40/kg;Vegetarian & meat free;vegetarian-meat-free-ready-meals;89;4.5;10.9;1.8;2.5;0.8;2.4;0.5;
quorn-crispy-fillets-200g;Quorn Crispy Fillets 200g;£2.50/unit;£12.50/kg;Meat free & vegetarian;meat-free-vegetarian;192;12.5;14.2;2.0;8.5;1.5;4.0;0.5;
quorn-crispy-nuggets-300g;Quorn Crispy Nuggets 300g;£2.50/unit;£8.33/kg;Meat free & vegetarian;meat-free-vegetarian;191;9.6;17.7;2.0;8.6;1.0;2.0;1.1;
quorn-cumberland-sausages-x6-300g;Quorn Cumberland Sausages x6 300g;£2.00/unit;£6.67/kg;Meat free & vegetarian;meat-free-vegetarian;172;13.5;12.0;0.5;7.0;0.6;3.5;1.0;
quorn-deli-bacon-120g;Quorn Deli Bacon 120g;£1.75/unit;£14.58/kg;Vegetarian & meat free;deli-meat-alternatives;132;15.0;3.0;0.3;5.5;0.4;5.0;1.8;
quorn-deli-style-chicken--wafer-thin-180g;Quorn Deli Style Chicken, Wafer Thin 180g;£2.70/unit;£15.00/kg;Cooked meats, pate & sandwich fillers;cooked-chicken-turkey;119;16.3;4.5;1.1;2.6;0.7;6.0;1.3;
quorn-deli-style-chicken--wafer-thin-180g;Quorn Deli Style Chicken, Wafer Thin 180g;£2.70/unit;£15.00/kg;Vegetarian & meat free;deli-meat-alternatives;119;16.3;4.5;1.1;2.6;0.7;6.0;1.3;
quorn-deli-style-ham--wafer-thin-180g;Quorn Deli Style Ham, Wafer Thin 180g;£2.70/unit;£15.00/kg;Vegetarian & meat free;deli-meat-alternatives;122;16.0;6.5;0.8;2.2;0.6;5.8;1.8;
quorn-deli-style-turkey---stuffing-slices-100g;Quorn Deli Style Turkey & Stuffing Slices 100g;£1.75/unit;£17.50/kg;Cooked meats, pate & sandwich fillers;cooked-chicken-turkey;128;16.0;8.9;0.6;2.3;0.6;4.0;1.3;
quorn-deli-style-turkey---stuffing-slices-100g;Quorn Deli Style Turkey & Stuffing Slices 100g;£1.75/unit;£17.50/kg;Vegetarian & meat free;deli-meat-alternatives;128;16.0;8.9;0.6;2.3;0.6;4.0;1.3;
quorn-family-roast-454g;Quorn Family Roast 454g;£2.50/unit;£5.51/kg;Meat free & vegetarian;meat-free-vegetarian;145;16.6;3.6;0.9;6.0;0.6;5.3;1.3;
quorn-fillets-x6-312g;Quorn Fillets x6 312g;£2.00/unit;£6.41/kg;Meat free & vegetarian;meat-free-vegetarian;86;11.5;4.0;0.2;1.5;0.5;5.0;0.8;
quorn-frankurters-180g;Quorn Frankurters 180g;£2.20/unit;£12.22/kg;Cooked meats, pate & sandwich fillers;snacking-cooked-sausage;205;13.5;4.5;1.0;14;1.5;3.5;1.0;
quorn-frankurters-180g;Quorn Frankurters 180g;£2.20/unit;£12.22/kg;Vegetarian & meat free;deli-meat-alternatives;205;13.5;4.5;1.0;14;1.5;3.5;1.0;
quorn-garlic---mushroom-escalopes-x2-240g;Quorn Garlic & Mushroom Escalopes x2 240g;£2.00/unit;£8.33/kg;Meat free & vegetarian;meat-free-vegetarian;243;10.5;20.5;1.5;12.5;3.5;3.0;1.3;
quorn-hot-dogs-270g;Quorn Hot Dogs 270g;£2.00/unit;£7.41/kg;Meat free & vegetarian;meat-free-vegetarian;171;14.8;3.6;0.9;9.6;0.7;5.4;1.3;
quorn-meat-free-pork-pies-2x-114g;Quorn Meat Free Pork Pies 2x 114g;£2.00/unit;£17.54/kg;Vegetarian & meat free;deli-meat-alternatives;382;9.6;38.0;1.8;20.3;8.3;4.0;1.7;
quorn-mince-300g;Quorn Meat Free Mince 300g;£2.00/unit;£6.67/kg;Meat free & vegetarian;meat-free-vegetarian;105;14.5;4.5;0.6;2.0;0.5;5.5;0.3;
quorn-mince-350g;Quorn Meat Free Mince 350g;£2.70/unit;£7.71/kg;Vegetarian & meat free;deli-meat-alternatives;105;14.5;4.5;0.6;2.0;0.5;5.5;0.3;
quorn-mince-500g;Quorn Meat Free Mince 500g;£3.00/unit;£6.00/kg;Meat free & vegetarian;meat-free-vegetarian;105;14.5;4.5;0.6;2.0;0.5;5.5;0.3;
quorn-mini-cocktail-sausages-180g;Quorn Mini Cocktail Sausages 180g;£1.60/unit;£8.89/kg;Cooked meats, pate & sandwich fillers;snacking-cooked-sausage;218;11.2;13.9;1.2;12.2;2.2;3.9;2.3;
quorn-mini-cocktail-sausages-180g;Quorn Mini Cocktail Sausages 180g;£1.60/unit;£8.89/kg;Pies, pasties & quiche;sausage-rolls-savouries;218;11.2;13.9;1.2;12.2;2.2;3.9;2.3;
quorn-mini-cocktail-sausages-180g;Quorn Mini Cocktail Sausages 180g;£1.60/unit;£8.89/kg;Vegetarian & meat free;deli-meat-alternatives;218;11.2;13.9;1.2;12.2;2.2;3.9;2.3;
quorn-mini-sausage-rolls-210g;Quorn Mini Sausage Rolls 210g;£1.60/unit;£7.62/kg;Pies, pasties & quiche;sausage-rolls-savouries;259;10.1;24.5;2.7;12.5;5.3;3.9;0.9;
quorn-mini-sausage-rolls-210g;Quorn Mini Sausage Rolls 210g;£1.60/unit;£7.62/kg;Pies, pasties & quiche;slices-pasties;259;10.1;24.5;2.7;12.5;5.3;3.9;0.9;
quorn-mini-sausage-rolls-210g;Quorn Mini Sausage Rolls 210g;£1.60/unit;£7.62/kg;Soup & lunchtime snacks;lunchtime-snacks;259;10.1;24.5;2.7;12.5;5.3;3.9;0.9;
quorn-mini-sausage-rolls-210g;Quorn Mini Sausage Rolls 210g;£1.60/unit;£7.62/kg;Vegetarian & meat free;deli-meat-alternatives;259;10.1;24.5;2.7;12.5;5.3;3.9;0.9;
quorn-mini-savoury-eggs-x12-240g;Quorn Mini Savoury Eggs 240g;£1.60/unit;£6.67/kg;Pies, pasties & quiche;sausage-rolls-savouries;257;15.0;21.0;1.0;11.5;1.0;4.6;1.7;
quorn-mini-savoury-eggs-x12-240g;Quorn Mini Savoury Eggs 240g;£1.60/unit;£6.67/kg;Vegetarian & meat free;deli-meat-alternatives;257;15.0;21.0;1.0;11.5;1.0;4.6;1.7;
quorn-mozzarella---pesto-escalope-240g;Quorn Mozzarella & Pesto Escalope 240g;£2.70/unit;£11.25/kg;Vegetarian & meat free;deli-meat-alternatives;226;10.0;15.0;2.0;13.0;3.3;4.5;1.5;
quorn-oriental-stir-fry-600g;Quorn Oriental Stir Fry 600g;£2.50/unit;£4.17/kg;Meat free & vegetarian;meat-free-vegetarian;83;5.1;11.2;3.1;1.2;0.4;3.6;0.9;
quorn-pieces-350g;Quorn Meat Free Chicken Pieces 350g;£2.70/unit;£7.71/kg;Vegetarian & meat free;deli-meat-alternatives;89;14.0;1.0;0.4;1.4;0.4;8.3;0.8;
quorn-pieces-500g;Quorn Pieces 500g;£3.00/unit;£6.00/kg;Meat free & vegetarian;meat-free-vegetarian;89;14.0;1.0;0.4;1.4;0.4;8.3;0.8;
quorn-pork-steaks-x2-176g;Quorn Pork Steaks x2 176g;£2.20/unit;£12.50/kg;Vegetarian & meat free;deli-meat-alternatives;159;16.5;1.4;0.2;8.5;2.0;5.3;0.8;
quorn-roast-sliced-fillets-140g;Quorn Roast Chicken Style Sliced Fillets 140g;£2.70/unit;£19.29/kg;Cooked meats, pate & sandwich fillers;cooked-chicken-turkey;141;15.5;3.5;0.1;6.0;1.0;5.5;0.5;
quorn-roast-sliced-fillets-140g;Quorn Roast Chicken Style Sliced Fillets 140g;£2.70/unit;£19.29/kg;Vegetarian & meat free;deli-meat-alternatives;141;15.5;3.5;0.1;6.0;1.0;5.5;0.5;
quorn-sausage-roll-130g;Quorn Sausage Roll 130g;£2.00/unit;£15.38/kg;Pies, pasties & quiche;sausage-rolls-savouries;225;12.3;21.2;2.4;9.3;3.7;3.8;1.0;
quorn-sausage-roll-130g;Quorn Sausage Roll 130g;£2.00/unit;£15.38/kg;Ready meals;vegetarian-ready-meals;225;12.3;21.2;2.4;9.3;3.7;3.8;1.0;
quorn-sausage-roll-130g;Quorn Sausage Roll 130g;£2.00/unit;£15.38/kg;Soup & lunchtime snacks;lunchtime-snacks;225;12.3;21.2;2.4;9.3;3.7;3.8;1.0;
quorn-sausages-x6-250g;Quorn Sausages x6 250g;£2.20/unit;£8.80/kg;Vegetarian & meat free;deli-meat-alternatives;177;10.2;13.4;0.8;7.8;0.6;6.2;1.4;
quorn-sausages-x8-336g;Quorn Sausages x8 336g;£2.00/unit;£5.95/kg;Meat free & vegetarian;meat-free-vegetarian;177;10.2;13.4;0.8;7.8;0.6;6.2;1.4;
quorn-smoky-bacon-style-slices-150g;Quorn Smoky Bacon Style Slices 150g;£2.00/unit;£13.33/kg;Meat free & vegetarian;meat-free-vegetarian;219;12.1;3.0;2.1;16.1;1.8;7.0;2.3;
quorn-southern-fried-bites-300g;Quorn Southern Fried Bites 300g;£2.00/unit;£6.67/kg;Meat free & vegetarian;meat-free-vegetarian;198;11.9;17.7;1.1;7.9;1.0;4.4;1.5;
quorn-southern-fried-bites-300g;Quorn Southern Fried Bites 300g;£2.00/unit;£6.67/kg;Ready meals & pies;frozen-snacks;198;11.9;17.7;1.1;7.9;1.0;4.4;1.5;
quorn-southern-fried-escalope-220g;Quorn Southern Fried Escalope 220g;£2.70/unit;£12.27/kg;Vegetarian & meat free;deli-meat-alternatives;233;9.6;20.5;2.0;11.7;1.5;3.5;1.3;
quorn-steak-strips-300g;Quorn Steak Strips 300g;£2.00/unit;£6.67/kg;Meat free & vegetarian;meat-free-vegetarian;100;14.3;4.3;1.1;1.5;1.0;6.0;0.8;
quorn-steak-style---gravy-pies-400g;Quorn Steak Style & Gravy Pies 400g;£2.00/unit;£5.00/kg;Meat free & vegetarian;meat-free-vegetarian;216;6.1;25.9;7.0;9.1;4.8;2.8;0.7;
quorn-swedish-style-balls-300g;Quorn Swedish Style Balls 300g;£2.00/unit;£6.67/kg;Meat free & vegetarian;meat-free-vegetarian;120;12.5;11.0;0.9;2.6;1.3;1.3;1.0;
quorn-thai-green-curry-500g;Quorn Thai Green Curry 500g;£2.50/unit;£5.00/kg;Meat free & vegetarian;meat-free-vegetarian;101;5.4;7.3;4.1;4.7;3.9;3.8;0.9;
quorn-wild-garlic---parsley-meat-free-sausages-240g;Quorn Wild Garlic & Parsley Sausages 240g;£2.20/unit;£9.17/kg;Vegetarian & meat free;deli-meat-alternatives;null;null;null;null;null;null;null;null;
r-whites-lemonade-ice-lollies-x3-262g;R Whites Lemonade Ice Lollies 3x75ml;£1.50/unit;£0.57/100ml;Ice cream & desserts;lollies-bars-cones;75;0.5;15.1;14.7;1.5;0.8;0.1;null;
rachels-low-fat-greek-style-natural-yog-450g;Rachel's Organic Greek Style Low Fat Natural Yogurt 450g;£2.00/unit;£0.44/100g;Yogurts;big-pots-pouring-yogurts;80;5.6;8.0;8.0;2.9;1.8;null;0.2;
rachels-low-fat-greek-style-natural-yog-450g;Rachel's Organic Greek Style Low Fat Natural Yogurt 450g;£2.00/unit;£0.44/100g;Yogurts;diet-low-fat-yogurts;80;5.6;8.0;8.0;2.9;1.8;null;0.2;
rachels-low-fat-greek-style-natural-yog-450g;Rachel's Organic Greek Style Low Fat Natural Yogurt 450g;£2.00/unit;£0.44/100g;Yogurts;natural-greek-yogurts;80;5.6;8.0;8.0;2.9;1.8;null;0.2;
rachels-low-fat-mango-yogurt-450g;Rachel's Organic Low Fat Mango Yogurt 450g;£1.90/unit;£0.42/100g;Yogurts;big-pots-pouring-yogurts;93;4.3;15.1;14.7;1.7;1.0;null;0.1;
rachels-low-fat-mango-yogurt-450g;Rachel's Organic Low Fat Mango Yogurt 450g;£1.90/unit;£0.42/100g;Yogurts;diet-low-fat-yogurts;93;4.3;15.1;14.7;1.7;1.0;null;0.1;
rachels-luscious-multipack-yogurt-4x110g;Rachels Luscious Multipack Yogurt 4x110g;£1.50/unit;£0.34/100g;Yogurts;corners-everyday-yogurts;120;3.4;14.0;13.5;5.6;3.4;null;0.1;
rachels-luscious-peach---mango-yogurt-4x110g;Rachels Luscious Peach & Mango Yogurt 4x110g;£1.50/unit;£0.34/100g;Yogurts;corners-everyday-yogurts;121;3.4;14.3;13.9;5.6;3.4;null;0.1;
rachels-luscious-raspberry---rhubarb-yogurt-4x110g;Rachels Luscious Raspberry & Rhubarb Yogurt 4x110g;£1.50/unit;£0.34/100g;Yogurts;corners-everyday-yogurts;123;3.4;14.9;14.0;5.5;3.4;null;0.1;
rachels-organic-dairy-natural-greek-yogurt-450g;Rachel's Organic Greek Style Natural Yogurt 450g;£2.00/unit;£0.44/100g;Yogurts;big-pots-pouring-yogurts;116;3.6;5.0;5.0;9.0;5.6;null;0.1;
rachels-organic-dairy-natural-greek-yogurt-450g;Rachel's Organic Greek Style Natural Yogurt 450g;£2.00/unit;£0.44/100g;Yogurts;natural-greek-yogurts;116;3.6;5.0;5.0;9.0;5.6;null;0.1;
rachels-organic-divine-chocolate-yoghurt-pots-2x100g;Rachel's Organic Divine Chocolate Yoghurt Pots 2x100g;£2.00/unit;£1.00/100g;Yogurts;rice-dessert-style-yogurts;181;5.6;16.8;16.3;10.2;6.2;null;0.2;
rachels-organic-divine-vanilla-yoghurt-pots-2x100g;Rachel's Organic Divine Vanilla Yoghurt Pots 2x100g;£2.00/unit;£1.00/100g;Yogurts;rice-dessert-style-yogurts;184;5.4;18.0;17.9;10.0;5.6;null;0.2;
rachels-organic-fat-free-blueberry-yogurt-450g;Rachel's Organic Fat Free Blueberry Yogurt 450g;£1.90/unit;£0.42/100g;Yogurts;big-pots-pouring-yogurts;78;5.2;14.1;13.9;0.1;0.1;null;0.2;
rachels-organic-fat-free-blueberry-yogurt-450g;Rachel's Organic Fat Free Blueberry Yogurt 450g;£1.90/unit;£0.42/100g;Yogurts;diet-low-fat-yogurts;78;5.2;14.1;13.9;0.1;0.1;null;0.2;
rachels-organic-fat-free-greek-style-natural-yogurt-450g;Rachel's Organic Greek Style Fat Free Natural Yogurt 450g;£2.00/unit;£0.44/100g;Yogurts;big-pots-pouring-yogurts;60;6.1;8.7;8.7;0.1;0.1;null;0.2;
rachels-organic-fat-free-greek-style-natural-yogurt-450g;Rachel's Organic Greek Style Fat Free Natural Yogurt 450g;£2.00/unit;£0.44/100g;Yogurts;diet-low-fat-yogurts;60;6.1;8.7;8.7;0.1;0.1;null;0.2;
rachels-organic-fat-free-greek-style-natural-yogurt-450g;Rachel's Organic Greek Style Fat Free Natural Yogurt 450g;£2.00/unit;£0.44/100g;Yogurts;natural-greek-yogurts;60;6.1;8.7;8.7;0.1;0.1;null;0.2;
rachels-organic-fat-free-peach---passionfruit-yogurt-450g;Rachel's Organic Fat Free Peach & Passionfruit Yogurt 450g;£1.90/unit;£0.42/100g;Yogurts;big-pots-pouring-yogurts;82;5.3;14.9;14.5;0.1;0.1;null;0.2;
rachels-organic-fat-free-peach---passionfruit-yogurt-450g;Rachel's Organic Fat Free Peach & Passionfruit Yogurt 450g;£1.90/unit;£0.42/100g;Yogurts;diet-low-fat-yogurts;82;5.3;14.9;14.5;0.1;0.1;null;0.2;
rachels-organic-fat-free-strawberry---rhubarb-yogurt-450g;Rachel's Organic Fat Free Strawberry & Rhubarb Yogurt 450g;£1.90/unit;£0.42/100g;Yogurts;big-pots-pouring-yogurts;77;5.2;13.9;13.7;0.1;0.1;null;0.2;
rachels-organic-fat-free-strawberry---rhubarb-yogurt-450g;Rachel's Organic Fat Free Strawberry & Rhubarb Yogurt 450g;£1.90/unit;£0.42/100g;Yogurts;diet-low-fat-yogurts;77;5.2;13.9;13.7;0.1;0.1;null;0.2;
rachels-organic-gooseberry-yogurt-450g;Rachel's Organic Low Fat Gooseberry Yogurt 450g;£1.90/unit;£0.42/100g;Yogurts;big-pots-pouring-yogurts;89;4.4;14.1;13.7;1.7;1.0;null;0.1;
rachels-organic-gooseberry-yogurt-450g;Rachel's Organic Low Fat Gooseberry Yogurt 450g;£1.90/unit;£0.42/100g;Yogurts;diet-low-fat-yogurts;89;4.4;14.1;13.7;1.7;1.0;null;0.1;
rachels-organic-greek-style-coconut-yogurt-450g;Rachel's Organic Greek Style Coconut Yogurt 450g;£2.00/unit;£0.44/100g;Yogurts;big-pots-pouring-yogurts;145;3.3;10.4;10.0;10.1;6.9;null;0.1;
rachels-organic-greek-style-coconut-yogurt-450g;Rachel's Organic Greek Style Coconut Yogurt 450g;£2.00/unit;£0.44/100g;Yogurts;natural-greek-yogurts;145;3.3;10.4;10.0;10.1;6.9;null;0.1;
rachels-organic-greek-style-ginger-yogurt-450g;Rachel's Organic Greek Style Ginger Yogurt 450g;£2.00/unit;£0.44/100g;Yogurts;big-pots-pouring-yogurts;137;3.2;14.4;14.3;7.4;4.6;null;0.1;
rachels-organic-greek-style-ginger-yogurt-450g;Rachel's Organic Greek Style Ginger Yogurt 450g;£2.00/unit;£0.44/100g;Yogurts;natural-greek-yogurts;137;3.2;14.4;14.3;7.4;4.6;null;0.1;
rachels-organic-greek-style-lemon-yogurt-450g;Rachel's Organic Greek Style Lemon Yogurt 450g;£2.00/unit;£0.44/100g;Yogurts;big-pots-pouring-yogurts;139;3.1;14.8;14.3;7.5;4.7;null;0.1;
rachels-organic-greek-style-lemon-yogurt-450g;Rachel's Organic Greek Style Lemon Yogurt 450g;£2.00/unit;£0.44/100g;Yogurts;natural-greek-yogurts;139;3.1;14.8;14.3;7.5;4.7;null;0.1;
rachels-organic-live-wholemilk-greek-yogurt-with-honey-450g;Rachel's Organic Greek Style Honey Yogurt 450g;£2.00/unit;£0.44/100g;Yogurts;big-pots-pouring-yogurts;131;3.3;12.7;12.7;7.5;4.6;null;0.1;
rachels-organic-live-wholemilk-greek-yogurt-with-honey-450g;Rachel's Organic Greek Style Honey Yogurt 450g;£2.00/unit;£0.44/100g;Yogurts;natural-greek-yogurts;131;3.3;12.7;12.7;7.5;4.6;null;0.1;
rachels-organic-low-fat-cherry-yogurt-450g;Rachel's Organic Low Fat Cherry Yogurt 450g;£1.90/unit;£0.42/100g;Yogurts;big-pots-pouring-yogurts;87;4.4;13.4;13.0;1.7;1.0;null;0.2;
rachels-organic-low-fat-cherry-yogurt-450g;Rachel's Organic Low Fat Cherry Yogurt 450g;£1.90/unit;£0.42/100g;Yogurts;diet-low-fat-yogurts;87;4.4;13.4;13.0;1.7;1.0;null;0.2;
rachels-organic-low-fat-raspberry-yogurt-450g;Rachel's Organic Low Fat Raspberry Yogurt 450g;£1.90/unit;£0.42/100g;Yogurts;big-pots-pouring-yogurts;95;4.2;15.6;14.9;1.8;1.6;null;0.2;
rachels-organic-low-fat-raspberry-yogurt-450g;Rachel's Organic Low Fat Raspberry Yogurt 450g;£1.90/unit;£0.42/100g;Yogurts;diet-low-fat-yogurts;95;4.2;15.6;14.9;1.8;1.6;null;0.2;
rachels-organic-low-fat-rhubarb-yogurt-450g;Rachel's Organic Low Fat Rhubarb Yogurt 450g;£1.90/unit;£0.42/100g;Yogurts;big-pots-pouring-yogurts;84;4.2;13.3;13.1;1.6;1.0;null;0.2;
rachels-organic-low-fat-rhubarb-yogurt-450g;Rachel's Organic Low Fat Rhubarb Yogurt 450g;£1.90/unit;£0.42/100g;Yogurts;diet-low-fat-yogurts;84;4.2;13.3;13.1;1.6;1.0;null;0.2;
rachels-organic-low-fat-vanilla-yogurt-450g;Rachel's Organic Low Fat Vanilla Yogurt 450g;£1.90/unit;£0.42/100g;Yogurts;big-pots-pouring-yogurts;90;4.6;13.8;13.6;1.8;1.1;null;0.2;
rachels-organic-low-fat-vanilla-yogurt-450g;Rachel's Organic Low Fat Vanilla Yogurt 450g;£1.90/unit;£0.42/100g;Yogurts;diet-low-fat-yogurts;90;4.6;13.8;13.6;1.8;1.1;null;0.2;
rachels-organic-my-first-yogurts-4x90g;Rachel's My First Yogurt 4x90g;£1.50/unit;£0.42/100g;Yogurts;kids-yogurts;88;3.9;10.3;9.8;3.5;2.1;null;0.3;
rachels-organic-traditional-divine-rice-puddings-2x150g;Rachel's Organic Divine Rice Puddings 2x150g;£1.40/unit;£0.47/100g;Yogurts;rice-dessert-style-yogurts;142;3.4;20.5;11.5;5.2;3.3;null;1.0;
rakusen-medium-matzo-meal-375g;Rakusen's Medium Matzo Meal 375g;£1.50/unit;£0.40/100g;Sugar & home baking;baking-ingredients---colourings;361;9.1;83.0;1.3;1.2;0.25;4.4;null;
rakusen-medium-matzo-meal-375g;Rakusen's Medium Matzo Meal 375g;£1.50/unit;£0.40/100g;Sugar & home baking;pastry-savoury-mixes;361;9.1;83.0;1.3;1.2;0.25;4.4;null;
rakusens-baked-beans-in-tomato-sauce-400g;Rakusen's Baked Beans in Tomato Sauce 400g;£0.65/unit;£0.16/100g;Canned, tinned & packaged foods;baked-beans-canned-pasta;null;5.2;11.2;null;0.4;null;null;null;
rakusens-chocolate-digestive-biscuits-200g;Rakusen's Chocolate Digestive Biscuits 200g;£1.35/unit;£0.68/100g;Biscuits & crackers;chocolate-biscuits;505;5.5;62.6;25.7;26.8;14.2;3.9;0.35;
rakusens-chocolate-oatie-biscuits-200g;Rakusen's Chocolate Oatie Biscuits 200g;£1.80/unit;£0.90/100g;Biscuits & crackers;chocolate-biscuits;515;6.0;62.7;32.1;27.0;11.1;3.5;null;
rakusens-honey-crunch-200g;Rakusen's Honey Crunch 200g;£1.10/unit;£0.55/100g;Biscuits & crackers;everyday-biscuits-shortbread;null;null;null;null;null;null;null;null;
rakusens-matzo-meal--fine-375g;Rakusen's Matzo Meal, Fine 375g;£1.50/unit;£4.00/kg;Sugar & home baking;baking-ingredients---colourings;361;9.1;83.0;1.3;1.2;0.25;4.4;null;
rakusens-matzo-meal--fine-375g;Rakusen's Matzo Meal, Fine 375g;£1.50/unit;£4.00/kg;Sugar & home baking;pastry-savoury-mixes;361;9.1;83.0;1.3;1.2;0.25;4.4;null;
rakusens-matzos--tea-150g;Rakusen's Matzos Tea Crackers 150g;£0.90/unit;£0.60/100g;Biscuits & crackers;crackers-savoury-biscuits;370;8.8;80.2;1.9;1.5;0.33;4.0;null;
rakusens-matzos--tea-150g;Rakusen's Matzos Tea Crackers 150g;£0.90/unit;£0.60/100g;Biscuits & crackers;healthier-biscuits-crackers;370;8.8;80.2;1.9;1.5;0.33;4.0;null;
rakusens-matzos-crackers-150g;Rakusen's Matzos Crackers 150g;£1.00/unit;£0.67/100g;Biscuits & crackers;crackers-savoury-biscuits;382;9.9;85.7;2.9;0.8;0.2;3.7;0.018;
rakusens-matzos-crackers-150g;Rakusen's Matzos Crackers 150g;£1.00/unit;£0.67/100g;Biscuits & crackers;healthier-biscuits-crackers;382;9.9;85.7;2.9;0.8;0.2;3.7;0.018;
rakusens-matzos-crackers-300g;Rakusen's Matzos Crackers 300g;£1.20/unit;£0.40/100g;Biscuits & crackers;crackers-savoury-biscuits;357;10.0;79.0;2.8;1.0;0.2;4.3;0.015;
rakusens-matzos-crackers-300g;Rakusen's Matzos Crackers 300g;£1.20/unit;£0.40/100g;Biscuits & crackers;healthier-biscuits-crackers;357;10.0;79.0;2.8;1.0;0.2;4.3;0.015;
rakusens-sweetmeal-digestive-biscuits-250g;Rakusen's Sweetmeal Digestive Biscuits 250g;£1.10/unit;£0.44/100g;Biscuits & crackers;everyday-biscuits-shortbread;500;5.6;66.5;20.5;24.8;12.3;2.9;0.42;
rakusens-thick-pea-soup-400g-4028147-p-44;Rakusen's Thick Pea Soup 400g;£0.70/unit;£0.18/100g;Canned, tinned & packaged foods;soups;60;2.3;6.5;null;2.7;null;null;null;
rakusens-tomor-sunflower-margarine-250g;Rakusen's Tomor Sunflower Margarine 250g;£1.00/unit;£4.00/kg;Butter, spreads & baking;buttery-taste-and-sunflower-spreads;null;null;null;null;null;null;null;null;
rakusens-tomor-sunflower-margarine-250g;Rakusen's Tomor Sunflower Margarine 250g;£1.00/unit;£4.00/kg;Butter, spreads & baking;dietary--free-from-and-organic;null;null;null;null;null;null;null;null;
rakusens-tomor-sunflower-margarine-250g;Rakusen's Tomor Sunflower Margarine 250g;£1.00/unit;£4.00/kg;World foods, kosher & halal;kosher-chilled-foods;null;null;null;null;null;null;null;null;
rankin-irish-soda-bread-minis-x4;Rankin Irish Soda Bread Minis x4;£1.00/unit;£0.25/ea;Bread;soda-rye-bread;223;4.0;44.0;1.0;3.4;0.7;2.3;null;
rankin-irish-soda-bread-minis-x4;Rankin Irish Soda Bread Minis x4;£1.00/unit;£0.25/ea;Crumpets, breakfast muffins & pancakes;crumpets-breakfast-muffins-pancakes;223;4.0;44.0;1.0;3.4;0.7;2.3;null;
rankin-irish-soda-bread-minis-x4;Rankin Irish Soda Bread Minis x4;£1.00/unit;£0.25/ea;Naan, ciabatta & breads of the world;naan-ciabatta-breads-of-the-world;223;4.0;44.0;1.0;3.4;0.7;2.3;null;
rankin-selection-brown-soda-bread-400g;Rankin Selection Brown Soda Bread 400g;£1.00/unit;£0.25/100g;Bread;soda-rye-bread;204;9.4;40.3;5.8;3.2;0.5;5.8;1.0;
rankin-selection-brown-soda-bread-400g;Rankin Selection Brown Soda Bread 400g;£1.00/unit;£0.25/100g;Crumpets, breakfast muffins & pancakes;crumpets-breakfast-muffins-pancakes;204;9.4;40.3;5.8;3.2;0.5;5.8;1.0;
rankin-selection-brown-soda-bread-400g;Rankin Selection Brown Soda Bread 400g;£1.00/unit;£0.25/100g;Naan, ciabatta & breads of the world;naan-ciabatta-breads-of-the-world;204;9.4;40.3;5.8;3.2;0.5;5.8;1.0;
rankin-selection-potato-farls-x4;Rankin Selection Potato Farls x4;£1.00/unit;£0.25/ea;Bread;soda-rye-bread;184;2.3;36.9;2.9;3.6;0.4;2.5;1.0;
rankin-selection-potato-farls-x4;Rankin Selection Potato Farls x4;£1.00/unit;£0.25/ea;Crumpets, breakfast muffins & pancakes;crumpets-breakfast-muffins-pancakes;184;2.3;36.9;2.9;3.6;0.4;2.5;1.0;
rankin-selection-potato-farls-x4;Rankin Selection Potato Farls x4;£1.00/unit;£0.25/ea;Naan, ciabatta & breads of the world;naan-ciabatta-breads-of-the-world;184;2.3;36.9;2.9;3.6;0.4;2.5;1.0;
ready-brek-chocolate-sachets-6x32g;Ready Brek Chocolate Porridge 6x32g;£2.00/unit;£1.04/100g;Breakfast cereals;kids-cereals;374;10;62;17;7.9;1.8;7.4;0.03;
ready-brek-chocolate-sachets-6x32g;Ready Brek Chocolate Porridge 6x32g;£2.00/unit;£1.04/100g;Breakfast cereals;porridge-oats;374;10;62;17;7.9;1.8;7.4;0.03;
ready-brek-gingerbread-sachets-6x30g;Ready Brek Gingerbread Porridge 6x30g;£2.00/unit;£1.11/100g;Breakfast cereals;kids-cereals;null;0;0;0;0;0;0;0;
ready-brek-gingerbread-sachets-6x30g;Ready Brek Gingerbread Porridge 6x30g;£2.00/unit;£1.11/100g;Breakfast cereals;porridge-oats;null;0;0;0;0;0;0;0;
ready-brek-original-450g;Ready Brek Original Porridge 450g;£2.00/unit;£0.44/100g;Breakfast cereals;family-cereals;374;12;58;1.0;8.7;1.2;7.9;0.03;
ready-brek-original-450g;Ready Brek Original Porridge 450g;£2.00/unit;£0.44/100g;Breakfast cereals;kids-cereals;374;12;58;1.0;8.7;1.2;7.9;0.03;
ready-brek-original-450g;Ready Brek Original Porridge 450g;£2.00/unit;£0.44/100g;Breakfast cereals;porridge-oats;374;12;58;1.0;8.7;1.2;7.9;0.03;
ready-brek-sachets-8x30g;Ready Brek Original Porridge 8x30g;£2.00/unit;£0.83/100g;Breakfast cereals;kids-cereals;null;0;0;0;0;0;0;0;
ready-brek-sachets-8x30g;Ready Brek Original Porridge 8x30g;£2.00/unit;£0.83/100g;Breakfast cereals;porridge-oats;null;0;0;0;0;0;0;0;
real-lancashire-eccles-cakes-x4;Real Lancashire Eccles Cakes x4;£1.55/unit;£0.39/ea;Cakes;muffins-small-cakes;401;3.9;55.8;41.6;17.6;9.3;null;0.40;
real-pork-crackling-co-pork-crackling-75g;Real Pork Crackling Co Pork Crackling 75g;£1.00/unit;£1.33/100g;Crisps, nuts & snacking fruit;crisps;null;44.5;0.5;0.5;51.7;18.3;null;3.9;
real-pork-crackling-co-pork-crackling-75g;Real Pork Crackling Co Pork Crackling 75g;£1.00/unit;£1.33/100g;Crisps, nuts & snacking fruit;meat-snacking;null;44.5;0.5;0.5;51.7;18.3;null;3.9;
reeses-peanut-butter-cups-2pk-42g;Reese's Peanut Butter Cups 2pk 42g;£0.60/unit;£1.41/100g;Confectionery;chocolate;540;10.2;53.5;50.2;31.2;11.9;null;0.78;
respect-organic-banana-loaf-cake;Respect Organic Banana Loaf Cake;£1.90/unit;£1.90/ea;Cakes;sponge-slab-loaf-cakes;384;3.8;48;28;21;2.7;1.6;null;
respect-organic-carrot-cake-350g;Respect Organic Carrot Cake 350g;£1.90/unit;£1.90/ea;Cakes;sponge-slab-loaf-cakes;401;3.0;48;33;23;4.8;1.5;null;
revels-larger-sharing-pouch-240g;Revels Larger Sharing Pouch 240g;£2.00/unit;£0.83/100g;Confectionery;chocolate;483;5.2;67.6;63.4;21.0;12.7;null;0.29;
revels-pouch-126g;Revels Pouch 126g;£1.00/unit;£0.79/100g;Confectionery;chocolate;483;5.2;67.6;63.4;21.0;12.7;null;0.29;
revilla-chorizo-ring-225g;Revilla Spanish Chorizo Ring 225g;£2.00/unit;£0.89/100g;Cooked meats & snacking;cooks-ingredients;495;26;1;1;43;156;null;4;
revilla-chorizo-ring-225g;Revilla Spanish Chorizo Ring 225g;£2.00/unit;£0.89/100g;Cooked meats & snacking;mfp-continental-meats;495;26;1;1;43;156;null;4;
revilla-chorizo-ring-225g;Revilla Spanish Chorizo Ring 225g;£2.00/unit;£0.89/100g;Cooked meats & snacking;mfp-snacking-cooked-sausage;495;26;1;1;43;156;null;4;
revilla-chorizo-ring-225g;Revilla Spanish Chorizo Ring 225g;£2.00/unit;£0.89/100g;Cooked meats, pate & sandwich fillers;continental-meats;495;26;1;1;43;156;null;4;
revilla-chorizo-ring-225g;Revilla Spanish Chorizo Ring 225g;£2.00/unit;£0.89/100g;Cooked meats, pate & sandwich fillers;cooks-ingredients-85658-44;495;26;1;1;43;156;null;4;
revilla-chorizo-ring-225g;Revilla Spanish Chorizo Ring 225g;£2.00/unit;£0.89/100g;Cooked meats, pate & sandwich fillers;snacking-cooked-sausage;495;26;1;1;43;156;null;4;
revilla-spanish-chorizo--tradicion-390g;Revilla Spanish Chorizo 390g;£5.00/unit;£1.28/100g;Cooked meats & snacking;cooks-ingredients;null;null;null;null;null;null;null;null;
revilla-spanish-chorizo--tradicion-390g;Revilla Spanish Chorizo 390g;£5.00/unit;£1.28/100g;Cooked meats & snacking;mfp-continental-meats;null;null;null;null;null;null;null;null;
revilla-spanish-chorizo--tradicion-390g;Revilla Spanish Chorizo 390g;£5.00/unit;£1.28/100g;Cooked meats & snacking;mfp-snacking-cooked-sausage;null;null;null;null;null;null;null;null;
revilla-spanish-chorizo--tradicion-390g;Revilla Spanish Chorizo 390g;£5.00/unit;£1.28/100g;Cooked meats, pate & sandwich fillers;continental-meats;null;null;null;null;null;null;null;null;
revilla-spanish-chorizo--tradicion-390g;Revilla Spanish Chorizo 390g;£5.00/unit;£1.28/100g;Cooked meats, pate & sandwich fillers;cooks-ingredients-85658-44;null;null;null;null;null;null;null;null;
revilla-spanish-chorizo--tradicion-390g;Revilla Spanish Chorizo 390g;£5.00/unit;£1.28/100g;Cooked meats, pate & sandwich fillers;snacking-cooked-sausage;null;null;null;null;null;null;null;null;
rice-dream-original-1l;Kallo Rice Dream Alternative to Dairy Milk 1L;£1.38/unit;£0.14/100ml;Fresh milk & eggs;soya---dietary-needs;null;null;null;null;null;null;null;null;
rice-dream-original-3x200ml;Kallo Rice Dream Alternative to Milk 3x200ml;£1.49/unit;£2.48/ltr;Fresh milk & eggs;soya---dietary-needs;null;null;null;null;null;null;null;null;
rice-dream-vanilla-1l;Kallo Rice Dream Vanilla Alternative to Dairy Milk 1L;£1.38/unit;£1.38/ltr;Fresh milk & eggs;soya---dietary-needs;null;null;null;null;null;null;null;null;
rice-dream-with-added-calcium-1l;Kallo Rice Dream Alternative to Dairy Milk 1L;£1.38/unit;£0.14/100ml;Fresh milk & eggs;soya---dietary-needs;null;null;null;null;null;null;null;null;
richmond-skinless-pork-sausages-x12-319g;Richmond Skinless Pork Sausages x12 319g;£1.90/unit;£5.96/kg;Sausages;sausages;288;10.3;11.5;0.4;22.3;9.3;1.4;2.3;
richmond-skinless-sausages-x18-479g;Richmond Skinless Sausages x18 479g;£2.00/unit;£4.18/kg;Meat & poultry;frozen-burgers-sausages;288;10.3;11.5;0.4;22.3;9.3;1.4;2.3;
richmond-skinless-sausages-x18-479g;Richmond Skinless Sausages x18 479g;£2.00/unit;£4.18/kg;Meat & poultry;frozen-pork;288;10.3;11.5;0.4;22.3;9.3;1.4;2.3;
richmond-thick-irish-sausages-x16-725g;Richmond Thick Irish Sausages x16 725g;£2.90/unit;£4.00/kg;Meat & poultry;frozen-burgers-sausages;254;12;16;0.9;16;8.1;null;2.2;
richmond-thick-irish-sausages-x16-725g;Richmond Thick Irish Sausages x16 725g;£2.90/unit;£4.00/kg;Meat & poultry;frozen-pork;254;12;16;0.9;16;8.1;null;2.2;
richmond-thick-pork-sausages-x8-454g;Richmond Thick Pork Sausages x8 454g;£2.15/unit;£4.74/kg;Sausages;sausages;254;11.7;16.0;0.9;15.9;8.1;2.6;2.2;
richmond-thick-sausages-681g;Richmond Thick Pork Sausages x12 681g;£3.50/unit;£5.14/kg;Sausages;sausages;254;11.7;16.0;0.9;15.9;8.1;2.6;2.2;
richmond-thin-pork-sausages-x12-340g;Richmond Thin Pork Sausages x12 340g;£1.60/unit;£4.71/kg;Sausages;sausages;254;11.7;16.0;0.9;15.9;8.1;2.6;2.2;
richmond-thin-sausages-510g;Richmond Thin Sausages x18 510g;£2.45/unit;£4.80/kg;Sausages;sausages;254;11.7;16.0;0.9;15.9;8.1;2.6;2.2;
ricola-cranberry-drops-45g;Ricola Sugar Free Cranberry Drops 45g;£1.30/unit;£2.89/100g;Confectionery;sweets;null;null;null;null;null;null;null;null;
ricola-elderflower-drops-45g;Ricola Sugar Free Elderflower Drops 45g;£1.30/unit;£2.89/100g;Confectionery;sweets;null;null;null;null;null;null;null;null;
ricola-lemon-mint-drops-45g;Ricola Sugar Free Lemon Mint Drops 45g;£1.30/unit;£2.89/100g;Confectionery;sweets;null;null;null;null;null;null;null;null;
ricola-mouthwateringly-good-sugar-free-liqourice-drops-45g;Ricola Sugar Free Liqourice Drops 45g;£1.30/unit;£2.89/100g;Confectionery;sweets;null;null;null;null;null;null;null;null;
ricola-orange-mint-drops--sugar-free-45g;Ricola Sugar Free Orange Mint Drops 45g;£1.30/unit;£2.89/100g;Confectionery;mints-chewing-gum;235;0;96;0;0;0;0;null;
ricola-orange-mint-drops--sugar-free-45g;Ricola Sugar Free Orange Mint Drops 45g;£1.30/unit;£2.89/100g;Confectionery;sweets;235;0;96;0;0;0;0;null;
righteous-blue-cheese-cider-dressing225m;Righteous Blue Cheese & Cider Dressing 225ml;£2.30/unit;£1.02/100ml;Table sauces, dressings & condiments;salad-dressings;null;null;null;null;null;null;null;null;
righteous-ginger-tstd-sesame-dresing225m;Righteous Ginger & Toasted Sesame Dressing 225ml;£2.30/unit;£1.02/100ml;Table sauces, dressings & condiments;salad-dressings;null;null;null;null;null;null;null;null;
righteous-lemon---mustard-seed-dressing-225ml;Righteous Lemon & Mustard Seed Dressing 225ml;£1.80/unit;£0.80/100ml;Table sauces, dressings & condiments;salad-dressings;null;null;null;null;null;null;null;null;
righteous-raspberry-sweet-basil-dres225m;Righteous Raspberry & Sweet Basil Dressing 225ml;£2.30/unit;£1.02/100ml;Table sauces, dressings & condiments;salad-dressings;null;null;null;null;null;null;null;null;
rio-ice-cream-tub-18l;Rio Ice Cream Tub 1.8L;£5.00/unit;£2.78/kg;Ice cream & desserts;ice-cream-tubs;null;null;null;null;null;null;null;null;
rio-ice-cream-tub-18l;Rio Ice Cream Tub 1.8L;£5.00/unit;£2.78/kg;World foods;frozen-world-foods;null;null;null;null;null;null;null;null;
riso-gallo-risotto-pronto-porcini-mushroom-175g;Gallo Risotto Pronto Porcini Mushroom 175g;£2.29/unit;£13.09/kg;Rice, pasta & noodles;rice-12592-44;341;8;75;null;1;null;null;null;
risotto-pronto-4-cheese;Gallo Risotto Pronto Four Cheese 175g;£2.29/unit;£13.09/kg;Rice, pasta & noodles;rice-12592-44;347;8;72;null;3;null;null;null;
risotto-pronto-summer-vegetable-175g;Gallo Risotto Pronto Summer Vegetable 175g;£2.29/unit;£13.09/kg;Rice, pasta & noodles;rice-12592-44;346;7.1;76.5;null;0.9;null;null;null;
ritter-sport-marzipan-100g;Ritter Sport Marzipan 100g;£1.00/unit;£1.00/100g;Confectionery;chocolate;null;null;null;null;null;null;null;null;
ritter-sport-milk-whole-hazelnut-100g;Ritter Sport Milk Whole Hazelnut 100g;£1.00/unit;£1.00/100g;Confectionery;chocolate;null;null;null;null;null;null;null;null;
ritter-sport-rum-raisin---hazelnut-100g;Ritter Sport Rum Raisin & Hazelnut 100g;£1.00/unit;£1.00/100g;Confectionery;chocolate;516;61;55;54;28;15;null;016;
ritz-breaks-original-crackers-190g;Ritz Breaks Original Crackers 190g;£1.00/unit;£0.53/100g;Biscuits & crackers;crackers-savoury-biscuits;460;8.4;65;9.1;18;8.5;3.5;2.23;
ritz-breaks-rosemary---olive-oil-crackers-190g;Ritz Breaks Rosemary & Olive Oil Crackers 190g;£1.00/unit;£0.53/100g;Biscuits & crackers;crackers-savoury-biscuits;465;8.7;63;5.9;18.5;7.7;3.9;2.42;
ritz-mini-original-x6-25g;Ritz Mini Original x6 25g;£1.60/unit;£1.07/100g;Biscuits & crackers;biscuits-crackers-kids-lunchbox;490;7.9;62;8.7;23;10.5;2.6;1.38;
ritz-mini-original-x6-25g;Ritz Mini Original x6 25g;£1.60/unit;£1.07/100g;Biscuits & crackers;crackers-savoury-biscuits;490;7.9;62;8.7;23;10.5;2.6;1.38;
robertsons-golden-shred-orange-marmalade-454g;Robertson's Golden Shred Orange Marmalade 454g;£1.35/unit;£0.30/100g;Jams, honey & spreads;marmalade;253;0.1;62.9;53.0;0.0;0.0;null;0.20;
robertsons-golden-shredless-orange-marmalade-454g;Robertson's Golden Shredless Orange Marmalade 454g;£1.35/unit;£0.30/100g;Jams, honey & spreads;marmalade;254;0.1;62.9;53.5;0.0;0.0;null;0.20;
robertsons-silver-shred-lemon-marmalade-454g;Robertson's Silver Shred Lemon Marmalade 454g;£1.35/unit;£0.30/100g;Jams, honey & spreads;marmalade;253;0.1;62.9;53.6;0.0;0.0;null;0.10;
robinsons-jelly-apple---blackcurrant-flavour-125g;Robinsons Jelly Apple & Blackcurrant Flavour, No Added Sugar 125g;£0.55/unit;£0.44/100g;Fruit & desserts;dessert-pots;87;0.1;19.3;19.0;0.4;0.2;1.0;0.11;
robinsons-jelly-apple---blackcurrant-flavour-125g;Robinsons Jelly Apple & Blackcurrant Flavour, No Added Sugar 125g;£0.55/unit;£0.44/100g;Fruit & desserts;jelly;87;0.1;19.3;19.0;0.4;0.2;1.0;0.11;
robinsons-jelly-apple---blackcurrant-no-added-sugar-125g;Robinsons Jelly Apple & Blackcurrant No Added Sugar 125g;£0.55/unit;£0.44/100g;Fruit & desserts;dessert-pots;23;0.1;4.5;0.9;0.4;0.2;0.7;0.10;
robinsons-jelly-apple---blackcurrant-no-added-sugar-125g;Robinsons Jelly Apple & Blackcurrant No Added Sugar 125g;£0.55/unit;£0.44/100g;Fruit & desserts;jelly;23;0.1;4.5;0.9;0.4;0.2;0.7;0.10;
robinsons-jelly-lemon-125g;Robinsons Jelly Lemon 125g;£0.55/unit;£0.44/100g;Fruit & desserts;dessert-pots;64;0.1;15.3;15.3;0.1;0.1;0.8;0.10;
robinsons-jelly-lemon-125g;Robinsons Jelly Lemon 125g;£0.55/unit;£0.44/100g;Fruit & desserts;jelly;64;0.1;15.3;15.3;0.1;0.1;0.8;0.10;
robinsons-jelly-orange-flavour-125g;Robinsons Jelly Orange Flavour 125g;£0.55/unit;£0.44/100g;Fruit & desserts;dessert-pots;76;0.1;17.7;16.9;0.4;0.2;0.8;0.09;
robinsons-jelly-orange-flavour-125g;Robinsons Jelly Orange Flavour 125g;£0.55/unit;£0.44/100g;Fruit & desserts;jelly;76;0.1;17.7;16.9;0.4;0.2;0.8;0.09;
robinsons-jelly-sachet-lemon-sugar-free-115g;Robinsons Jelly Sachet Lemon Sugar Free 11.5g;£0.40/unit;£3.48/100g;Fruit & desserts;jelly;12;0.1;1.4;0.2;0.6;0.2;0.5;0.09;
robinsons-jelly-sachet-orange---pineapple-sugar-free-115g;Robinsons Jelly Sachet Orange & Pineapple Sugar Free 11.5g;£0.40/unit;£3.48/100g;Fruit & desserts;jelly;10;0.1;1.3;0.4;0.4;0.1;0.5;0.08;
robinsons-jelly-sachet-orange-sugar-free-115g;Robinsons Jelly Sachet Orange Sugar Free 11.5g;£0.40/unit;£3.48/100g;Fruit & desserts;jelly;18;0.1;2.4;0.2;0.8;0.3;0.6;0.09;
robinsons-jelly-sachet-summer-fruits-sugar-free-115g;Robinsons Jelly Sachet Summer Fruits Sugar Free 11.5g;£0.40/unit;£3.48/100g;Fruit & desserts;jelly;9;0.1;0.7;0.3;0.5;0.2;0.5;0.09;
robinsons-jelly-summer-fruits-flavour-125g;Robinsons Jelly Summer Fruits Flavour No Added Sugar 125g;£0.55/unit;£0.44/100g;Fruit & desserts;dessert-pots;81;0.1;18.8;18.8;0.4;0.2;0.9;0.10;
robinsons-jelly-summer-fruits-flavour-125g;Robinsons Jelly Summer Fruits Flavour No Added Sugar 125g;£0.55/unit;£0.44/100g;Fruit & desserts;jelly;81;0.1;18.8;18.8;0.4;0.2;0.9;0.10;
robinsons-jelly-summer-fruits-no-added-sugar-125g;Robinsons Jelly Summer Fruits No Added Sugar 125g;£0.55/unit;£0.44/100g;Fruit & desserts;dessert-pots;25;0.1;5.1;1.1;0.3;0.1;0.8;0.10;
robinsons-jelly-summer-fruits-no-added-sugar-125g;Robinsons Jelly Summer Fruits No Added Sugar 125g;£0.55/unit;£0.44/100g;Fruit & desserts;jelly;25;0.1;5.1;1.1;0.3;0.1;0.8;0.10;
rochelle-garlic-salad-croutons-150g;La Rochelle Garlic Salad Croutons 150g;£1.20/unit;£0.80/100g;Table sauces, dressings & condiments;salad-dressings;null;9.9;53.6;2.4;26.1;12.4;2.6;3.5;
rochelle-mediterranean-salad-croutons-150g;La Rochelle Mediterranean Salad Croutons 150g;£1.20/unit;£0.80/100g;Table sauces, dressings & condiments;salad-dressings;null;12.6;68.8;4.3;9.0;0.7;5.4;1.6;
rochelle-salad-sprinkles-bacon-120g;La Rochelle Salad Sprinkles Bacon 120g;£1.20/unit;£1.00/100g;Table sauces, dressings & condiments;salad-dressings;null;9.2;53.9;1.9;28.2;13.5;2.4;2.8;
rocky-chocolate-orange-9pk-200g;Fox's Rocky Chocolate Orange x9 200g;£1.40/unit;£0.83/100g;Biscuits & crackers;biscuits-crackers-kids-lunchbox;527;4.9;61.2;45.2;28.7;17.6;2.2;0.74;
rocky-chocolate-orange-9pk-200g;Fox's Rocky Chocolate Orange x9 200g;£1.40/unit;£0.83/100g;Biscuits & crackers;chocolate-biscuits;527;4.9;61.2;45.2;28.7;17.6;2.2;0.74;
rolo-dark-chocolate-pouch-126g;Rolo Dark Chocolate Pouch 126g;£1.00/unit;£0.79/100g;Confectionery;chocolate;483;3.3;65.7;54.4;22.2;12.0;3.6;0.18;
rolo-dessert-twin-pack-2x70g;Rolo Dessert 2x70g;£1.29/unit;£0.92/100g;Yogurts;rice-dessert-style-yogurts;243;3.3;30.8;25.4;11.8;8.0;null;0.4;
rolo-pouch-126g;Nestle Rolo Pouch 126g;£1.00/unit;£0.79/100g;Confectionery;chocolate;477;4.4;68.4;58.7;20.4;11.7;1.2;0.30;
rolo-toffee-split-pots-4x115g;Rolo Toffee Split Pots 4x115g;£2.20/unit;£0.48/100g;Yogurts;rice-dessert-style-yogurts;166;4.1;23.2;22.5;6.3;3.8;null;0.2;
rosella-italiana-sundried-tomato-pesto-180g;Rosella Italiana Sundried Tomato Pesto 180g;£2.30/unit;£1.28/100g;Cooking sauces & world foods;italian-cooking-sauces;260;3.83;14.46;9.2;21.2;2.7;3.3;null;
rosella-italiana-sundried-tomatoes-180g;Rosella Italiana Sundried Tomatoes 180g;£2.30/unit;£1.28/100g;Vinegar, pickles, olives & antipasti;olives-antipasti;220;8.66;34.38;22.6;6.3;0.8;7.53;null;
roses-lemon---lime-marmalade-454g;Rose's Lemon & Lime Marmalade 454g;£1.35/unit;£0.30/100g;Jams, honey & spreads;marmalade;261;0.1;64.9;52.8;0.0;0.0;null;0.24;
rowntrees-fruit-pastille-ice-lolly-4x65ml;Rowntree's Fruit Pastille Ice Lollies 4x65ml;£2.00/unit;£0.77/100ml;Ice cream & desserts;lollies-bars-cones;83;0.1;20.6;19.1;0.0;0.0;0.1;0.00;
rowntrees-fruit-pastilles-525g;Rowntree's Fruit Pastilles 52.5g;£0.60/unit;£1.14/100g;Confectionery;sweets;351;4.1;82.3;56.2;0.1;0;0.1;0.28;
rowntrees-fruit-pastilles-froosions-525g;Rowntree's Fruit Pastilles Froosions 52.5g;£0.60/unit;£1.14/100g;Confectionery;sweets;null;null;null;null;null;null;null;null;
rowntrees-fruit-pastilles-strawberry---blackcurrant-160g;Rowntree's Fruit Pastilles Strawberry & Blackcurrant 160g;£1.40/unit;£0.88/100g;Confectionery;sweets;349;4.1;82.3;55.8;0.0;0.0;0.1;0.3;
rowntrees-jelly-tots-bag-160g;Rowntree's Jelly Tots Bag 160g;£1.00/unit;£0.63/100g;Confectionery;sweets;352;0.1;86.4;61.0;0;0;0.1;0.50;
rowntrees-originial-polo-mints-34g;Polo Mints 34g;£0.60/unit;£1.76/100g;Confectionery;mints-chewing-gum;402;0;98.2;null;1.0;null;null;null;
rowntrees-pick---mix-bag-150g;Rowntree's Pick & Mix Bag 150g;£1.00/unit;£0.66/100g;Confectionery;sweets;364;2.8;84.2;58.5;1.1;0.5;0.1;0.33;
rowntrees-randoms-50g;Rowntree's Randoms 50g;£0.60/unit;£1.20/100g;Confectionery;sweets;326;4.9;75.7;59.1;0.3;0.3;0.6;0.10;
rowntrees-randoms-large-easter-egg-250g;Rowntree's Randoms Large Easter Egg 250g;£3.00/unit;£1.20/100g;Confectionery;easter-eggs;326;4.9;75.7;59.1;0.3;0.3;0.6;0.10;
rowse-acacia-honey-mini-pot-43g;Rowse Acacia Honey Mini Pot 43g;£0.80/unit;£1.86/100g;Jams, honey & spreads;honey;329;0.5;81.5;80.8;0.5;0.2;null;0.03;
rowse-acacia-honey-squeezy-250g;Rowse Acacia Honey Squeezy 250g;£3.00/unit;£1.20/100g;Jams, honey & spreads;honey;329;0.5;81.5;80.8;0.5;0.2;0.5;0.03;
rowse-clear-honey-340g;Rowse Clear Honey 340g;£2.40/unit;£0.71/100g;Jams, honey & spreads;honey;329;0.5;81.5;80.8;0.5;0.2;0.5;0.03;
rowse-english-squeezy-honey-250g;Rowse English Squeezy Honey 250g;£3.00/unit;£1.20/100g;Jams, honey & spreads;honey;329;0.5;81.5;80.8;0.5;0.2;0.5;0.03;
rowse-english-wildflower-mini-pot-43g;Rowse English Wildflower Mini Pot 43g;£0.80/unit;£1.86/100g;Jams, honey & spreads;honey;342;0.3;84.9;78.1;0.2;0.2;null;0.024;
rowse-greek-honey-mini-pot-43g;Rowse Greek Hill Honey 43g;£0.80/unit;£1.86/100g;Jams, honey & spreads;honey;342;0.3;84.9;78.1;0.2;0.2;null;0.024;
rowse-greek-squeezy-honey-250g;Rowse Greek Squeezy Honey 250g;£3.00/unit;£1.20/100g;Jams, honey & spreads;honey;329;0.5;81.5;80.8;0.5;0.2;0.5;0.03;
rowse-manuka-10-honey-250g;Rowse Manuka 10+ Honey 250g;£12.00/unit;£4.80/100g;Jams, honey & spreads;honey;348;0.1;86.9;85.9;0.1;0.1;null;0.1;
rowse-manuka-15-honey-250g;Rowse Manuka 15+ Honey 250g;£16.00/unit;£6.40/100g;Jams, honey & spreads;honey;348;0.1;86.9;85.9;0.1;0.1;null;0.1;
rowse-manuka-5-honey-250g;Rowse Manuka 5+ Honey 250g;£10.00/unit;£4.00/100g;Jams, honey & spreads;honey;348;0.1;86.9;85.9;0.1;0.1;null;0.1;
rowse-mild---light-squeezy-honey-340g;Rowse Mild & Light Squeezy Honey 340g;£2.60/unit;£0.76/100g;Jams, honey & spreads;honey;329;0.5;81.5;80.8;0.5;0.2;0.5;0.03;
rowse-natural-blossom-honey-squeezy-340g;Rowse Natural Blossom Honey Squeezy 340g;£2.60/unit;£0.76/100g;Jams, honey & spreads;honey;329;0.5;81.5;80.8;0.5;0.2;0.5;0.03;
rowse-original-squeezy-honey-250g;Rowse Original Squeezy Honey 250g;£2.20/unit;£0.88/100g;Jams, honey & spreads;honey;329;0.5;81.5;80.8;0.5;0.2;0.5;0.03;
rowse-set-honey-340g;Rowse Set Honey 340g;£2.40/unit;£0.71/100g;Jams, honey & spreads;honey;329;0.5;81.5;80.8;0.5;0.2;0.5;0.03;
rowse-supahoney-squeezy-250g;Rowse Supahoney Squeezy 250g;£6.00/unit;£2.40/100g;Jams, honey & spreads;honey;348;0.1;86.9;85.9;0.1;0.1;null;0.1;
roysters-t-bone-steak-6x28g-7600927-p-44;Roysters T-Bone Steak Bubbled Chips 6x28g;£1.50/unit;£0.89/100g;Crisps, nuts & snacking fruit;crisps;540;5.5;55;0.8;32;3.1;2.6;1.8;
rude-health-honey---nuts-granola-500g;Rude Health Honey & Nuts Granola 500g;£3.00/unit;£0.60/100g;Breakfast cereals;muesli-granola-clusters;457;11;61;14;17;3;8;0.025;
rude-health-honey-puffed-oats-240g;Rude Health Honey Puffed Oats 240g;£2.99/unit;£1.25/100g;Biscuits & crackers;biscuits-crackers-freefrom;394;10.1;69.6;13.9;7.3;1.2;6.9;0.01;
rude-health-multigrain-flakes-425g;Rude Health Multigrain Flakes 425g;£3.00/unit;£0.71/100g;Breakfast cereals;family-cereals;363;9.3;78.6;8.7;1.3;0.3;7.2;0.01;
rude-health-organic-corn-thins-130g;Rude Health Corn Thins 130g;£2.49/unit;£1.92/100g;Biscuits & crackers;biscuits-crackers-freefrom;373;6.9;81.6;0.4;0.9;0.1;5.6;0.7;
rude-health-organic-rice-puffs-225g;Rude Health Puffed Brown Rice 225g;£2.00/unit;£0.89/100g;Biscuits & crackers;biscuits-crackers-freefrom;370;7;81;0.7;2;0.5;3;0.05;
rude-health-organic-rice-thins-130g;Rude Health Brown Rice Thins 130g;£1.89/unit;£1.45/100g;Biscuits & crackers;biscuits-crackers-freefrom;381;7.8;76;0.8;2.9;0.9;6.5;0.38;
rude-health-uht-almond-milk-1l;Rude Health Almond Milk Alternative to Dairy 1L;£2.00/unit;£2.00/ltr;Fresh milk & eggs;soya---dietary-needs;null;null;null;null;null;null;null;null;
rude-health-uht-brown-rice-drink-1l;Rude Health Brown Rice Milk Alternative to Dairy 1L;£1.85/unit;£1.85/ltr;Fresh milk & eggs;soya---dietary-needs;60;0.1;11;5;1.3;0.4;0.2;0.1;
rude-health-uht-oat-drink-1l;Rude Health Oat Milk Alternative to Dairy 1L;£1.85/unit;£1.85/ltr;Fresh milk & eggs;soya---dietary-needs;187;0.5;7.3;5.3;1.4;0.3;0.7;0.1;
rustlers-microwave-bbq-rib-157g;Rustlers Microwave BBQ Rib 157g;£1.70/unit;£10.83/kg;Ready meals;meals-for-1-ready-meals;270;14.3;22.9;4.2;13;4.2;null;1.2;
rustlers-microwave-bbq-rib-157g;Rustlers Microwave BBQ Rib 157g;£1.70/unit;£10.83/kg;Soup & lunchtime snacks;lunchtime-snacks;270;14.3;22.9;4.2;13;4.2;null;1.2;
rustlers-microwave-big-one-beef-burger-211g;Rustlers Microwave Big One Beef Burger 211g;£2.20/unit;£10.43/kg;Ready meals;meals-for-1-ready-meals;278;13.6;23.6;5.5;14.1;6.2;null;1.2;
rustlers-microwave-big-one-beef-burger-211g;Rustlers Microwave Big One Beef Burger 211g;£2.20/unit;£10.43/kg;Soup & lunchtime snacks;lunchtime-snacks;278;13.6;23.6;5.5;14.1;6.2;null;1.2;
rustlers-microwave-chicken-sandwich-150g;Rustlers Microwave Chicken Sandwich 150g;£1.70/unit;£11.33/kg;Ready meals;meals-for-1-ready-meals;245;13.3;21.8;2.5;11.6;2.1;null;1.5;
rustlers-microwave-chicken-sandwich-150g;Rustlers Microwave Chicken Sandwich 150g;£1.70/unit;£11.33/kg;Soup & lunchtime snacks;lunchtime-snacks;245;13.3;21.8;2.5;11.6;2.1;null;1.5;
rustlers-microwave-deluxe-burger-191g;Rustlers Microwave Deluxe Burger 191g;£2.20/unit;£11.52/kg;Ready meals;meals-for-1-ready-meals;263;14.1;20.8;2.8;13.7;5.6;null;1.4;
rustlers-microwave-deluxe-burger-191g;Rustlers Microwave Deluxe Burger 191g;£2.20/unit;£11.52/kg;Soup & lunchtime snacks;lunchtime-snacks;263;14.1;20.8;2.8;13.7;5.6;null;1.4;
rustlers-microwave-double-decker-burger-237g;Rustlers Microwave Double Decker Burger 237g;£2.20/unit;£9.28/kg;Ready meals;meals-for-1-ready-meals;319;14.2;15.6;2.9;22;7.9;null;1.3;
rustlers-microwave-double-decker-burger-237g;Rustlers Microwave Double Decker Burger 237g;£2.20/unit;£9.28/kg;Soup & lunchtime snacks;lunchtime-snacks;319;14.2;15.6;2.9;22;7.9;null;1.3;
rustlers-microwave-quarter-pounder-190g;Rustlers Microwave Quarter Pounder 190g;£1.70/unit;£8.95/kg;Ready meals;meals-for-1-ready-meals;293;13.4;22.2;2.3;16.3;6.5;null;1.3;
rustlers-microwave-quarter-pounder-190g;Rustlers Microwave Quarter Pounder 190g;£1.70/unit;£8.95/kg;Soup & lunchtime snacks;lunchtime-snacks;293;13.4;22.2;2.3;16.3;6.5;null;1.3;
rustlers-southern-fried-chicken-sub-158g;Rustlers Southern Fried Chicken Sub 158g;£2.00/unit;£12.66/kg;Soup & lunchtime snacks;lunchtime-snacks;268;11;28.6;2.7;11.8;2.4;null;1.4;
ryvita-black-pepper-crispbread-200g;Ryvita Black Pepper Crispbread 200g;£1.60/unit;£0.80/100g;Biscuits & crackers;crackers-savoury-biscuits;344;8.8;66.6;2.5;1.6;0.2;14.5;0.56;
ryvita-black-pepper-crispbread-200g;Ryvita Black Pepper Crispbread 200g;£1.60/unit;£0.80/100g;Biscuits & crackers;healthier-biscuits-crackers;344;8.8;66.6;2.5;1.6;0.2;14.5;0.56;
ryvita-cheddar---pepper-thins-bites-115g;Ryvita Cheddar & Pepper Thins Bites 115g;£1.80/unit;£1.57/100g;Biscuits & crackers;crackers-savoury-biscuits;422;17.5;63.8;1.8;10.0;6.0;3.3;1.98;
ryvita-cheddar---pepper-thins-bites-115g;Ryvita Cheddar & Pepper Thins Bites 115g;£1.80/unit;£1.57/100g;Biscuits & crackers;healthier-biscuits-crackers;422;17.5;63.8;1.8;10.0;6.0;3.3;1.98;
ryvita-cheese-crackerbread-125g;Ryvita Cheese Crackerbread 125g;£1.25/unit;£1.00/100g;Biscuits & crackers;crackers-savoury-biscuits;386;12.3;74.3;1.4;3.7;0.6;3.3;1.32;
ryvita-cheese-crackerbread-125g;Ryvita Cheese Crackerbread 125g;£1.25/unit;£1.00/100g;Biscuits & crackers;healthier-biscuits-crackers;386;12.3;74.3;1.4;3.7;0.6;3.3;1.32;
ryvita-crackers-black-pepper-175g;Ryvita Crackers Black Pepper 175g;£1.25/unit;£0.71/100g;Biscuits & crackers;crackers-savoury-biscuits;384;13.2;72.9;1.1;2.9;0.4;6.8;0.89;
ryvita-crackers-black-pepper-175g;Ryvita Crackers Black Pepper 175g;£1.25/unit;£0.71/100g;Biscuits & crackers;healthier-biscuits-crackers;384;13.2;72.9;1.1;2.9;0.4;6.8;0.89;
ryvita-crackers-golden-rye-175g;Ryvita Crackers Golden Rye 175g;£1.25/unit;£0.71/100g;Biscuits & crackers;crackers-savoury-biscuits;384;13.2;72.9;1.1;2.9;0.4;6.5;0.87;
ryvita-crackers-golden-rye-175g;Ryvita Crackers Golden Rye 175g;£1.25/unit;£0.71/100g;Biscuits & crackers;healthier-biscuits-crackers;384;13.2;72.9;1.1;2.9;0.4;6.5;0.87;
ryvita-crispbread--multigrain-250g;Ryvita Crispbread, Multigrain 250g;£1.25/unit;£0.50/100g;Biscuits & crackers;crackers-savoury-biscuits;370;11.2;56.0;4.9;7.2;1.3;18.3;0.61;
ryvita-crispbread--multigrain-250g;Ryvita Crispbread, Multigrain 250g;£1.25/unit;£0.50/100g;Biscuits & crackers;healthier-biscuits-crackers;370;11.2;56.0;4.9;7.2;1.3;18.3;0.61;
ryvita-crispbread--sesame-seed-250g;Ryvita Crispbread, Sesame Seed 250g;£1.25/unit;£0.50/100g;Biscuits & crackers;crackers-savoury-biscuits;373;10.5;58.3;2.0;7.0;1.1;17.5;0.86;
ryvita-crispbread--sesame-seed-250g;Ryvita Crispbread, Sesame Seed 250g;£1.25/unit;£0.50/100g;Biscuits & crackers;healthier-biscuits-crackers;373;10.5;58.3;2.0;7.0;1.1;17.5;0.86;
ryvita-crispbread-fruit-crunch-200g;Ryvita Crispbread Fruit Crunch 200g;£1.60/unit;£0.80/100g;Biscuits & crackers;crackers-savoury-biscuits;358;8.3;61.8;19.6;5.4;0.7;14.9;0.03;
ryvita-crispbread-fruit-crunch-200g;Ryvita Crispbread Fruit Crunch 200g;£1.60/unit;£0.80/100g;Biscuits & crackers;healthier-biscuits-crackers;358;8.3;61.8;19.6;5.4;0.7;14.9;0.03;
ryvita-crispbread-pumpkin---oat-200g;Ryvita Crispbread Pumpkin & Oat 200g;£1.60/unit;£0.80/100g;Biscuits & crackers;crackers-savoury-biscuits;370;11.2;56.0;4.8;7.2;1.3;18.3;0.61;
ryvita-crispbread-pumpkin---oat-200g;Ryvita Crispbread Pumpkin & Oat 200g;£1.60/unit;£0.80/100g;Biscuits & crackers;healthier-biscuits-crackers;370;11.2;56.0;4.8;7.2;1.3;18.3;0.61;
ryvita-crispbread-sunflower---oat-200g;Ryvita Crispbread Sunflower & Oat 200g;£1.60/unit;£0.80/100g;Biscuits & crackers;crackers-savoury-biscuits;384;9.7;58.4;2.6;9.0;0.7;15.3;0.76;
ryvita-crispbread-sunflower---oat-200g;Ryvita Crispbread Sunflower & Oat 200g;£1.60/unit;£0.80/100g;Biscuits & crackers;healthier-biscuits-crackers;384;9.7;58.4;2.6;9.0;0.7;15.3;0.76;
ryvita-dark-rye-250g;Ryvita Dark Rye 250g;£1.00/unit;£0.40/100g;Biscuits & crackers;crackers-savoury-biscuits;342;8.5;66.6;3.0;1.2;0.2;15.2;0.74;
ryvita-dark-rye-250g;Ryvita Dark Rye 250g;£1.00/unit;£0.40/100g;Biscuits & crackers;healthier-biscuits-crackers;342;8.5;66.6;3.0;1.2;0.2;15.2;0.74;
ryvita-hint-of-chilli-crispbread-200g;Ryvita Hint Of Chilli Crispbread 200g;£1.60/unit;£0.80/100g;Biscuits & crackers;crackers-savoury-biscuits;349;8.6;66.6;3.0;1.9;0.3;16.8;0.57;
ryvita-mediterranean-herb-crispbread-200g;Ryvita Mediterranean Herb Crispbread 200g;£1.60/unit;£0.80/100g;Biscuits & crackers;crackers-savoury-biscuits;401;9.5;81.3;2.4;1.6;0.3;11.8;0.98;
ryvita-mediterranean-herb-crispbread-200g;Ryvita Mediterranean Herb Crispbread 200g;£1.60/unit;£0.80/100g;Biscuits & crackers;healthier-biscuits-crackers;401;9.5;81.3;2.4;1.6;0.3;11.8;0.98;
ryvita-minis-multipack-salt---vinegar-6-pack;Ryvita Minis Multipack Salt & Vinegar 6 Pack;£1.50/unit;£0.25/ea;Biscuits & crackers;biscuits-crackers-kids-lunchbox;376;8.2;74;2.9;7.8;0.7;11.4;2.0;
ryvita-minis-multipack-salt---vinegar-6-pack;Ryvita Minis Multipack Salt & Vinegar 6 Pack;£1.50/unit;£0.25/ea;Biscuits & crackers;crackers-savoury-biscuits;376;8.2;74;2.9;7.8;0.7;11.4;2.0;
ryvita-minis-multipack-salt---vinegar-6-pack;Ryvita Minis Multipack Salt & Vinegar 6 Pack;£1.50/unit;£0.25/ea;Biscuits & crackers;healthier-biscuits-crackers;376;8.2;74;2.9;7.8;0.7;11.4;2.0;
ryvita-minis-multipack-sweet-chilli-6-pack;Ryvita Minis Multipack Sweet Chilli 6 Pack;£1.50/unit;£0.25/ea;Biscuits & crackers;biscuits-crackers-kids-lunchbox;376;8.5;75.9;3.7;7.4;0.71;10.3;0.98;
ryvita-minis-multipack-sweet-chilli-6-pack;Ryvita Minis Multipack Sweet Chilli 6 Pack;£1.50/unit;£0.25/ea;Biscuits & crackers;crackers-savoury-biscuits;376;8.5;75.9;3.7;7.4;0.71;10.3;0.98;
ryvita-minis-multipack-sweet-chilli-6-pack;Ryvita Minis Multipack Sweet Chilli 6 Pack;£1.50/unit;£0.25/ea;Biscuits & crackers;healthier-biscuits-crackers;376;8.5;75.9;3.7;7.4;0.71;10.3;0.98;
ryvita-minis-salt---vinegar-30g;Ryvita Minis Salt & Vinegar 30g;£0.45/unit;£1.50/100g;Biscuits & crackers;biscuits-crackers-kids-lunchbox;387;8.2;58.8;3.1;10.2;1.0;13.7;2.13;
ryvita-minis-salt---vinegar-30g;Ryvita Minis Salt & Vinegar 30g;£0.45/unit;£1.50/100g;Biscuits & crackers;crackers-savoury-biscuits;387;8.2;58.8;3.1;10.2;1.0;13.7;2.13;
ryvita-minis-salt---vinegar-30g;Ryvita Minis Salt & Vinegar 30g;£0.45/unit;£1.50/100g;Biscuits & crackers;healthier-biscuits-crackers;387;8.2;58.8;3.1;10.2;1.0;13.7;2.13;
ryvita-original-250g;Ryvita Original 250g;£1.00/unit;£0.40/100g;Biscuits & crackers;crackers-savoury-biscuits;350;8.5;66.9;2.9;1.7;0.3;16.5;0.50;
ryvita-original-250g;Ryvita Original 250g;£1.00/unit;£0.40/100g;Biscuits & crackers;healthier-biscuits-crackers;350;8.5;66.9;2.9;1.7;0.3;16.5;0.50;
ryvita-pepper-crackerbread-125g;Ryvita Pepper Crackerbread 125g;£1.25/unit;£1.00/100g;Biscuits & crackers;crackers-savoury-biscuits;385;11.4;75.1;1.8;3.6;0.5;3.5;1.46;
ryvita-pepper-crackerbread-125g;Ryvita Pepper Crackerbread 125g;£1.25/unit;£1.00/100g;Biscuits & crackers;healthier-biscuits-crackers;385;11.4;75.1;1.8;3.6;0.5;3.5;1.46;
ryvita-sun-dried-tomato--herb-thins-125g;Ryvita Sun Dried Tomato &Herb Thins 125g;£1.90/unit;£1.52/100g;Biscuits & crackers;crackers-savoury-biscuits;405;13.7;71.8;4.2;5.9;1.0;5.2;2.0;
ryvita-sweet-chilli-thins-bites-115g;Ryvita Sweet Chilli Thins Bites 115g;£1.80/unit;£1.57/100g;Biscuits & crackers;crackers-savoury-biscuits;382;12.0;77.5;9.1;1.5;0.3;5.2;1.70;
ryvita-sweet-chilli-thins-bites-115g;Ryvita Sweet Chilli Thins Bites 115g;£1.80/unit;£1.57/100g;Biscuits & crackers;healthier-biscuits-crackers;382;12.0;77.5;9.1;1.5;0.3;5.2;1.70;
ryvita-sweet-onion-crispbread-200g;Ryvita Sweet Onion Crispbread 200g;£1.60/unit;£0.80/100g;Biscuits & crackers;crackers-savoury-biscuits;356;9.0;70.6;5.1;1.4;0.2;12.6;0.69;
ryvita-sweet-onion-crispbread-200g;Ryvita Sweet Onion Crispbread 200g;£1.60/unit;£0.80/100g;Biscuits & crackers;healthier-biscuits-crackers;356;9.0;70.6;5.1;1.4;0.2;12.6;0.69;
ryvita-the-original-crackerbread-200g;Ryvita The Original Crackerbread 200g;£1.10/unit;£0.55/100g;Biscuits & crackers;crackers-savoury-biscuits;378;10.8;75.0;1.5;2.8;0.4;4.8;1.05;
ryvita-the-original-crackerbread-200g;Ryvita The Original Crackerbread 200g;£1.10/unit;£0.55/100g;Biscuits & crackers;healthier-biscuits-crackers;378;10.8;75.0;1.5;2.8;0.4;4.8;1.05;
ryvita-wholegrain-crackerbread-125g;Ryvita Wholegrain Crackerbread 125g;£1.10/unit;£0.88/100g;Biscuits & crackers;crackers-savoury-biscuits;379;11.3;70.9;6.9;3.9;0.5;7.3;1.13;
ryvita-wholegrain-crackerbread-125g;Ryvita Wholegrain Crackerbread 125g;£1.10/unit;£0.88/100g;Biscuits & crackers;healthier-biscuits-crackers;379;11.3;70.9;6.9;3.9;0.5;7.3;1.13;
s---b-japanese-golden-curry-100g;S & B Japanese Golden Curry 100g;£2.29/unit;£2.29/100g;Cooking sauces & world foods;japanese;543;5.9;42.2;9.3;39.0;19.1;null;null;
sabra-baba-ganoush-200g;Sabra Baba Ganoush 200g;£1.90/unit;£0.95/100g;Coleslaw, olives, salads & dips;fresh-dips-houmous;256;4.0;2.5;2.3;24.7;1.8;3.7;1.25;
sabra-baba-ganoush-200g;Sabra Baba Ganoush 200g;£1.90/unit;£0.95/100g;Vegetarian & meat free;deli-meat-alternatives;256;4.0;2.5;2.3;24.7;1.8;3.7;1.25;
sabra-houmous-extra-200g;Sabra Houmous Extra 200g;£1.90/unit;£0.95/100g;Coleslaw, olives, salads & dips;fresh-dips-houmous;341;6.5;null;0.4;31.0;2.4;5.9;null;
sabra-houmous-extra-200g;Sabra Houmous Extra 200g;£1.90/unit;£0.95/100g;Vegetarian & meat free;deli-meat-alternatives;341;6.5;null;0.4;31.0;2.4;5.9;null;
sabra-houmous-with-garlic---red-pepper-200g;Sabra Houmous with Garlic & Red Pepper 200g;£1.90/unit;£0.95/100g;Coleslaw, olives, salads & dips;fresh-dips-houmous;339;6.0;null;0.3;31.0;2.4;6.1;null;
sabra-houmous-with-garlic---red-pepper-200g;Sabra Houmous with Garlic & Red Pepper 200g;£1.90/unit;£0.95/100g;Vegetarian & meat free;deli-meat-alternatives;339;6.0;null;0.3;31.0;2.4;6.1;null;
sabra-mediterranean-salsa-200g;Sabra Mediterranean Salsa 200g;£1.90/unit;£0.95/100g;Coleslaw, olives, salads & dips;fresh-dips-houmous;192;2.0;9.2;3.9;16.3;1.0;1.7;1.37;
sabra-mediterranean-salsa-200g;Sabra Mediterranean Salsa 200g;£1.90/unit;£0.95/100g;Vegetarian & meat free;deli-meat-alternatives;192;2.0;9.2;3.9;16.3;1.0;1.7;1.37;
sacla-basil-pesto-squeezy-270g;Sacla Pesto Sauce, Basil 270g;£2.00/unit;£0.74/100g;Cooking sauces & world foods;italian-cooking-sauces;184;2.9;4.3;2.1;16.7;2.5;2.2;2.5;
sacla-chilli---tomato-pesto-squeezy-270g;Sacla Pesto Sauce, Chilli & Tomato 270g;£2.00/unit;£0.74/100g;Cooking sauces & world foods;italian-cooking-sauces;127;1.5;5.9;4.3;10.5;1.4;1.9;1.5;
sacla-chilli-pesto-190g;Sacla Chilli Pesto 190g;£2.30/unit;£1.21/100g;Cooking sauces & world foods;italian-cooking-sauces;330;2.9;8.3;6.6;30.9;3.7;3.6;1.5;
sacla-classic-pesto-190g;Sacla Basil Pesto 190g;£2.30/unit;£1.21/100g;Cooking sauces & world foods;italian-cooking-sauces;477;4.7;4.6;3.2;48.2;6.8;3.1;2.9;
sacla-coriander-pesto-190g;Sacla Coriander Pesto 190g;£2.30/unit;£1.21/100g;Cooking sauces & world foods;italian-cooking-sauces;399;4.3;2.5;0.8;40.7;5.5;2.5;2.5;
sacla-freefrom-basil-pesto-190g;Sacla Free From Basil Pesto 190g;£2.50/unit;£1.32/100g;Cooking sauces & world foods;italian-cooking-sauces;459;2.8;9.4;4.8;45.4;5.6;1.0;3.00;
sacla-freefrom-tomato-pesto-190g;Sacla Free From Tomato Pesto 190g;£2.50/unit;£1.32/100g;Cooking sauces & world foods;italian-cooking-sauces;342;1.6;3.5;1.7;35.7;4.9;0.2;1.0;
sacla-olive---tomato-stir-in-190g;Sacla Stir In Olive & Tomato Sauce 190g;£2.30/unit;£1.21/100g;Cooking sauces & world foods;italian-cooking-sauces;192;1.5;2.9;2.7;18.7;2.4;2.8;0.9;
sacla-pesto--chargrilled-aubergine-190g;Sacla Chargrilled Aubergine Pesto 190g;£2.30/unit;£1.21/100g;Cooking sauces & world foods;italian-cooking-sauces;353;2.2;4.4;4.0;34.9;4.1;6.3;2.0;
sacla-pesto--organic-190g;Sacla Organic Basil Pesto 190g;£2.50/unit;£1.32/100g;Cooking sauces & world foods;italian-cooking-sauces;455;5.2;3.1;1.4;45.9;6.2;4.4;2.9;
sacla-pesto--red-190g;Sacla Sun Dried Tomato Pesto 190g;£2.30/unit;£1.21/100g;Cooking sauces & world foods;italian-cooking-sauces;312;4.3;5.6;4.9;29.3;4.2;4.3;2.9;
sacla-red-pepper-pesto-190g;Sacla Roasted Pepper Pesto 190g;£2.30/unit;£1.21/100g;Cooking sauces & world foods;italian-cooking-sauces;239;4.5;6.5;5.2;21.0;3.1;2.8;1.5;
sacla-seasonal-ed-pesto-190g;Sacla Seasonal Ed Pesto 190g;£2.30/unit;£1.21/100g;Cooking sauces & world foods;italian-cooking-sauces;422;4.1;6.8;3.4;41.7;6.2;1.5;0.50;
sacla-tomato---garlic-stir-in-190g;Sacla Stir In Tomato & Garlic Sauce 190g;£2.30/unit;£1.21/100g;Cooking sauces & world foods;italian-cooking-sauces;190;2.3;8.0;6.3;15.7;1.9;3.7;2.0;
sacla-tomato---mascapone-stir-in-190g;Sacla Stir In Tomato & Mascarpone Sauce 190g;£2.30/unit;£1.21/100g;Cooking sauces & world foods;italian-cooking-sauces;null;null;null;null;null;null;null;null;
sacla-truffle-pesto-90g;Sacla Truffle Pesto 90g;£2.40/unit;£2.67/100g;Cooking sauces & world foods;italian-cooking-sauces;628;14.5;13.8;6.6;56.7;10.5;2.2;2.5;
sacla-whole-cherry-tomato---basil-pasta-sauce-350g;Sacla Whole Cherry Tomato & Basil Pasta Sauce 350g;£1.99/unit;£0.57/100g;Cooking sauces & world foods;italian-cooking-sauces;127;1.5;5.8;5.3;10.4;1.2;2.2;1.0;
sacla-whole-cherry-tomato---chilli-pasta-sauce-350g;Sacla Whole Cherry Tomato & Chilli Pasta Sauce 350g;£1.99/unit;£0.57/100g;Cooking sauces & world foods;italian-cooking-sauces;147;1.7;8.5;5.2;11.5;1.4;1.4;1.0;
sacla-whole-cherry-tomato---parmesan-pastasauce-350g;Sacla Whole Cherry Tomato & Parmesan PastaSauce 350g;£1.99/unit;£0.57/100g;Cooking sauces & world foods;italian-cooking-sauces;150;3.1;8.0;5.0;11.5;2.0;1.2;1.0;
sainsbury-sunflower---pumpkin-oatcakes--so-organic-300g;Sainsbury's Sunflower & Pumpkin Oatcakes, SO Organic 300g;£1.25/unit;£0.42/100g;Biscuits & crackers;crackers-savoury-biscuits;500;12.5;50.0;3.6;26.4;8.4;6.2;0.98;
sainsbury-sunflower---pumpkin-oatcakes--so-organic-300g;Sainsbury's Sunflower & Pumpkin Oatcakes, SO Organic 300g;£1.25/unit;£0.42/100g;Biscuits & crackers;healthier-biscuits-crackers;500;12.5;50.0;3.6;26.4;8.4;6.2;0.98;
sainsbury-tomato---herb-pasta-sauce-700g;Sainsbury's Tomato & Herb Pasta Sauce 700g;£1.20/unit;£0.17/100g;Cooking sauces & world foods;italian-cooking-sauces;51;1.7;8.1;7.0;1.0;0.1;1.6;0.67;
sainsburys--pain-au-chocolat;Sainsbury's Pain Au Chocolat;£0.75/unit;£0.75/ea;Croissants, brioche & pastries;croissants-brioche-pastries;null;null;null;null;null;null;null;null;
sainsburys--taste-the-difference-18-ultimate-pork-cocktails-270g;Sainsbury's Ultimate Pork Cocktail Sausages, Taste the Difference x18 270g;£2.50/unit;£9.26/kg;Organic & Taste the Difference;organic-taste-the-difference;322;22.2;0.9;0.7;25.4;9.2;0.5;1.25;
sainsburys--taste-the-difference-18-ultimate-pork-cocktails-270g;Sainsbury's Ultimate Pork Cocktail Sausages, Taste the Difference x18 270g;£2.50/unit;£9.26/kg;Sausages;sausages;322;22.2;0.9;0.7;25.4;9.2;0.5;1.25;
sainsburys--taste-the-difference-2-gold-leaf-sheets;Sainsbury's Gold Leaf Sheets, Taste the Difference x2;£3.00/unit;£3.00/ea;Sugar & home baking;decorations;null;null;null;null;null;null;null;null;
sainsburys--taste-the-difference-2-pork---chorizo-burgers-340g;Sainsbury's Pork & Chorizo Burgers, Taste the Difference x2 340g;£1.64/unit;£4.82/kg;Burgers & BBQ;burgers-bbq;304;20.6;2.5;0.9;23.3;8.2;1.0;0.98;
sainsburys--taste-the-difference-2-pork---chorizo-burgers-340g;Sainsbury's Pork & Chorizo Burgers, Taste the Difference x2 340g;£1.64/unit;£4.82/kg;Organic & Taste the Difference;organic-taste-the-difference;304;20.6;2.5;0.9;23.3;8.2;1.0;0.98;
sainsburys--taste-the-difference-2-pork---chorizo-burgers-340g;Sainsbury's Pork & Chorizo Burgers, Taste the Difference x2 340g;£1.64/unit;£4.82/kg;Pork;pork;304;20.6;2.5;0.9;23.3;8.2;1.0;0.98;
sainsburys--taste-the-difference-2-silver-leaf-sheets;Sainsbury's Silver Leaf Sheets, Taste the Difference x2;£3.00/unit;£3.00/ea;Sugar & home baking;decorations;null;null;null;null;null;null;null;null;
sainsburys--taste-the-difference-2-veal-burgers-with-herbs-284g;Sainsbury's Veal Burgers With Herbs, Taste the Difference x2 284g;£1.64/unit;£5.77/kg;Beef;beef;175;19.8;2.6;0.5;9.5;4.2;0.5;0.83;
sainsburys--taste-the-difference-2-veal-burgers-with-herbs-284g;Sainsbury's Veal Burgers With Herbs, Taste the Difference x2 284g;£1.64/unit;£5.77/kg;Burgers & BBQ;burgers-bbq;175;19.8;2.6;0.5;9.5;4.2;0.5;0.83;
sainsburys--taste-the-difference-2-veal-burgers-with-herbs-284g;Sainsbury's Veal Burgers With Herbs, Taste the Difference x2 284g;£1.64/unit;£5.77/kg;Organic & Taste the Difference;organic-taste-the-difference;175;19.8;2.6;0.5;9.5;4.2;0.5;0.83;
sainsburys-10-mini-loaf-cases;Sainsbury's Mini Loaf Cases x10;£2.50/unit;£0.25/unit;Sugar & home baking;cake-cases---baking-accessories;null;null;null;null;null;null;null;null;
sainsburys-10-plastic-piping-bags;Sainsbury's 10 Plastic Piping Bags;£2.50/unit;£0.25/unit;Sugar & home baking;cake-cases---baking-accessories;null;null;null;null;null;null;null;null;
sainsburys-100-polka-dot-cake-cases;Sainsbury's 100 Polka Dot Cake Cases;£1.00/unit;£0.01/unit;Sugar & home baking;cake-cases---baking-accessories;null;null;null;null;null;null;null;null;
sainsburys-12-butchers-cumberland-sausages-600g;Sainsbury's Butchers Cumberland Sausages x12 600g;£2.00/unit;£3.33/kg;Meat & poultry;frozen-burgers-sausages;277;13.8;3.7;2.7;22.7;7.8;1.3;1.45;
sainsburys-12-butchers-cumberland-sausages-600g;Sainsbury's Butchers Cumberland Sausages x12 600g;£2.00/unit;£3.33/kg;Meat & poultry;frozen-pork;277;13.8;3.7;2.7;22.7;7.8;1.3;1.45;
sainsburys-12-butchers-pork-sausages-600g;Sainsbury's Butchers Pork Sausages x12 600g;£2.00/unit;£3.33/kg;Meat & poultry;frozen-burgers-sausages;292;13.5;3.2;2.3;24.7;9.1;1.5;1.50;
sainsburys-12-butchers-pork-sausages-600g;Sainsbury's Butchers Pork Sausages x12 600g;£2.00/unit;£3.33/kg;Meat & poultry;frozen-pork;292;13.5;3.2;2.3;24.7;9.1;1.5;1.50;
sainsburys-12-christmas-cupcakes;Sainsbury's Easter Cupcakes x12;£6.00/unit;£0.78/100g;Cakes;muffins-small-cakes;492;4.2;54.1;48.1;28.5;11.2;1.3;0.36;
sainsburys-12-christmas-cupcakes;Sainsbury's Easter Cupcakes x12;£6.00/unit;£0.78/100g;Easter treats;easter-treats;492;4.2;54.1;48.1;28.5;11.2;1.3;0.36;
sainsburys-12-indian-style-selection-240g;Sainsbury's Indian Style Selection x12 288g;£2.25/unit;£7.81/kg;Party food;frozen-party-food;313;6.3;27.1;4.9;18.9;1.3;4.8;1.08;
sainsburys-12-mozz-fingers---cheddar-stars-270g;Sainsbury's Mozzarella Fingers & Cheddar Stars x12 270g;£3.00/unit;£11.11/kg;Coleslaw, olives, salads & dips;party-food-128152-44;338;11.0;18.8;4.6;23.9;10.9;1.8;1.30;
sainsburys-14-thin---crispy-chicken---peppers-pizza-topped---finished-instore;Sainsbury's 14'' Thin & Crispy Chicken & Peppers Pizza (Freshly topped in store);£3.75/unit;£3.75/kg;Pizza, pasta & garlic bread;pizza;null;null;null;null;null;null;null;null;
sainsburys-14-thin---crispy-margherita-pizza-topped---finished-instore;Sainsbury's 14'' Thin & Crispy Margherita Pizza (Freshly topped in store);£3.75/unit;£3.75/kg;Pizza, pasta & garlic bread;pizza;null;null;null;null;null;null;null;null;
sainsburys-14-thin---crispy-meat-feast-pizza-freshly-made-in-store;Sainsbury's 14'' Thin & Crispy Meat Feast Pizza (Freshly topped in store);£3.75/unit;£3.75/kg;Pizza, pasta & garlic bread;pizza;null;null;null;null;null;null;null;null;
sainsburys-14-thin---crispy-vegetable-pizza-topped---finished-instore;Sainsbury's 14'' Thin & Crispy Vegetable Pizza (Freshly topped in store);£3.75/unit;£3.75/kg;Pizza, pasta & garlic bread;pizza;null;null;null;null;null;null;null;null;
sainsburys-2---min-egg-fried-rice;Sainsbury's Free Range Egg Fried Rice 250g;£0.50/unit;£2.00/kg;Rice, pasta & noodles;rice-12592-44;164;4.6;30.6;1.1;2.3;0.3;1.0;0.44;
sainsburys-2-brown-baguettes-bake-at-home;Sainsbury's Brown Baguettes Bake At Home x2;£1.20/unit;£0.60/ea;Baguettes & part baked bread;baguettes-part-baked-bread;237;8.3;45.6;3.8;1.3;0.5;4.8;1.00;
sainsburys-2-chapatti;Sainsbury's Chapatti x2;£0.80/unit;£0.40/ea;Naan, ciabatta & breads of the world;naan-ciabatta-breads-of-the-world;284;7.4;49.4;1.6;5.8;0.5;2.1;0.83;
sainsburys-2-lamb-shanks-in-mint-gravy-750g;Sainsbury's Lamb Shanks In Mint Gravy x2 750g;£5.00/unit;£6.67/kg;Meat & poultry;frozen-lamb;169;18.6;2.5;1.8;9.4;4.4;0.5;0.50;
sainsburys-2-lamb-shanks-in-red-wine-750g;Sainsbury's Lamb Shanks In Red Wine x2 750g;£5.00/unit;£6.67/kg;Meat & poultry;frozen-lamb;141;19.8;2.6;2.6;5.7;2.7;0.5;0.50;
sainsburys-2-sausage-rolls-120g;Sainsbury's Sausage Rolls x2 120g;£0.65/unit;£0.54/100g;Pies, pasties & quiche;sausage-rolls-savouries;332;9.9;28.2;1.7;19.4;8.3;2.5;1.03;
sainsburys-2-sausage-rolls-120g;Sainsbury's Sausage Rolls x2 120g;£0.65/unit;£0.54/100g;Pies, pasties & quiche;slices-pasties;332;9.9;28.2;1.7;19.4;8.3;2.5;1.03;
sainsburys-2-sausage-rolls-120g;Sainsbury's Sausage Rolls x2 120g;£0.65/unit;£0.54/100g;Soup & lunchtime snacks;lunchtime-snacks;332;9.9;28.2;1.7;19.4;8.3;2.5;1.03;
sainsburys-2-smoked-lean-bacon-loin-steaks-250g;Sainsbury's Smoked Lean Bacon Loin Steaks x2 250g;£3.00/unit;£12.00/kg;Bacon & gammon;gammon;159;28.9;1.1;1.1;4.3;1.7;0.5;2.48;
sainsburys-2-steamed-salmon-fillets-180g;Sainsbury's Steamed Salmon Fillets x2 180g;£4.50/unit;£2.50/100g;Fish & seafood;canapes-snacking;242;20.9;0.9;0.5;17.1;3.6;0.5;1.15;
sainsburys-2-tier-cake-stand---pirates-280g;Sainsbury's Pirate 2 Tier Cake Stand;£3.00/unit;£1.50/ea;Sugar & home baking;cake-cases---baking-accessories;null;null;null;null;null;null;null;null;
sainsburys-2-tier-cake-stand---princess-280g;Sainsbury's Princess 2 Tier Cake Stand;£3.00/unit;£3.00/ea;Sugar & home baking;cake-cases---baking-accessories;null;null;null;null;null;null;null;null;
sainsburys-2-tuna-steaks-%28approx%29;Sainsbury's Tuna Steaks, Taste the Difference x2 (approx. 250g);£30.00/kg;£30.00/kg;Fish & seafood;filleted-whole-fish;148;33.0;0.5;0.5;1.6;0.3;0.5;0.13;
sainsburys-2-tuna-steaks-%28approx%29;Sainsbury's Tuna Steaks, Taste the Difference x2 (approx. 250g);£30.00/kg;£30.00/kg;Organic & Taste the Difference;organic-taste-the-difference;148;33.0;0.5;0.5;1.6;0.3;0.5;0.13;
sainsburys-2-unsmoked-bacon-500g;Sainsbury's Unsmoked Bacon x2 500g;£2.00/unit;£4.00/kg;Meat & poultry;frozen-pork;235;22.7;0.1;0.1;16.0;6.0;0;3.50;
sainsburys-2-wholemeal-sub-rolls;Sainsbury's Wholemeal Sub Rolls x2;£0.75/unit;£0.38/ea;Rolls;rolls;261;11.8;43.1;3.7;3.0;0.4;7.4;0.84;
sainsburys-20-irish-pork-sausages-1kg;Sainsbury's Irish Pork Sausages x20 1kg;£2.50/unit;£2.50/kg;Meat & poultry;frozen-burgers-sausages;251;11.9;11.8;3.6;16.9;5.8;2.1;1.16;
sainsburys-20-irish-pork-sausages-1kg;Sainsbury's Irish Pork Sausages x20 1kg;£2.50/unit;£2.50/kg;Meat & poultry;frozen-pork;251;11.9;11.8;3.6;16.9;5.8;2.1;1.16;
sainsburys-20-thick-pork-sausages-1kg;Sainsbury's Thick Pork Sausages x20 1kg;£2.50/unit;£2.50/kg;Meat & poultry;frozen-burgers-sausages;231;13.6;6.5;2.7;16.3;5.8;1.8;1.17;
sainsburys-20-thick-pork-sausages-1kg;Sainsbury's Thick Pork Sausages x20 1kg;£2.50/unit;£2.50/kg;Meat & poultry;frozen-pork;231;13.6;6.5;2.7;16.3;5.8;1.8;1.17;
sainsburys-24-smoked-bacon-rashers-x4-200g;Sainsbury's Smoked Bacon Rashers x24 800g;£5.00/unit;£6.25/kg;Bacon & gammon;bacon;262;30.9;0.5;0.5;15.4;5.8;0.5;4.33;
sainsburys-24-unsmoked-bacon-rashers-x4-200g;Sainsbury's Unsmoked Bacon Rashers x24 800g;£5.00/unit;£6.25/kg;Bacon & gammon;bacon;262;30.9;0.5;0.5;15.4;5.8;0.5;4.33;
sainsburys-2pk-cke-bx%284cavity%29-spot-floral-115g;Sainsbury's Cake Box Spot & Floral x2 115g;£3.00/unit;£1.50/ea;Sugar & home baking;cake-cases---baking-accessories;null;null;null;null;null;null;null;null;
sainsburys-3-tier-party-time-cake-stand;Sainsbury's Party Time 3 Tier Cake Stand;£3.00/unit;£3.00/ea;Sugar & home baking;cake-cases---baking-accessories;null;null;null;null;null;null;null;null;
sainsburys-4-baked-jacket-potatoes-800g;Sainsbury's Baked Jacket Potatoes x4 800g;£2.00/unit;£2.50/kg;Chips & potatoes;chips-potatoes;96;2.1;19.4;1.8;0.5;0.1;2.5;0.07;
sainsburys-4-lighter-all-butter-croissants;Sainsbury's Lighter All Butter Croissants x4;£1.30/unit;£0.33/ea;Croissants, brioche & pastries;croissants-brioche-pastries;347;9.5;49.7;5.7;11.8;7.9;2.2;0.73;
sainsburys-4-mini-plain-naan;Sainsbury's Mini Plain Naan x4;£0.90/unit;£0.45/100g;Naan, ciabatta & breads of the world;naan-ciabatta-breads-of-the-world;299;7.8;48.0;1.8;7.8;1.5;2.5;0.98;
sainsburys-4-mint-indulgence-sticks-480ml;Sainsbury's Indulgence Ice Cream, Mint 4x120ml;£2.00/unit;£0.42/100ml;Ice cream & desserts;lollies-bars-cones;325;3.0;28.7;26.1;21.5;13.4;2.1;0.10;
sainsburys-40-chipolata-sausages-1kg;Sainsbury's Chipolata Sausages x40 1kg;£2.50/unit;£2.50/kg;Meat & poultry;frozen-burgers-sausages;231;13.6;6.5;2.7;16.3;5.8;1.8;1.17;
sainsburys-40-chipolata-sausages-1kg;Sainsbury's Chipolata Sausages x40 1kg;£2.50/unit;£2.50/kg;Meat & poultry;frozen-pork;231;13.6;6.5;2.7;16.3;5.8;1.8;1.17;
sainsburys-40-loaf-tin-liners;Sainsbury's Loaf Tin Liners x40;£4.00/unit;£0.10/unit;Sugar & home baking;cake-cases---baking-accessories;null;null;null;null;null;null;null;null;
sainsburys-48-mini-blossom-cake-decorations-3g;Sainsbury's Mini Blossom Cake Decorations x48 3g;£1.50/unit;£1.50/ea;Sugar & home baking;decorations;396;2.3;96.4;95.7;0.5;0.1;0.5;0.08;
sainsburys-5-seed-flatbread--taste-the-difference-150g;Sainsbury's 5 Seed Flatbread, Taste the Difference 150g;£1.50/unit;£1.00/100g;Biscuits & crackers;crackers-savoury-biscuits;456;13.8;60.6;1.9;17.6;1.7;4.6;2.20;
sainsburys-5-seed-flatbread--taste-the-difference-150g;Sainsbury's 5 Seed Flatbread, Taste the Difference 150g;£1.50/unit;£1.00/100g;Biscuits & crackers;healthier-biscuits-crackers;456;13.8;60.6;1.9;17.6;1.7;4.6;2.20;
sainsburys-50-cake-tin-liners;Sainsbury's Cake Tin Liners x50;£4.00/unit;£0.08/unit;Sugar & home baking;cake-cases---baking-accessories;null;null;null;null;null;null;null;null;
sainsburys-6-crumpets--basics;Sainsbury's Crumpets, Basics x6;£0.40/unit;£0.16/100g;Crumpets, breakfast muffins & pancakes;crumpets-breakfast-muffins-pancakes;218;6.9;43.3;3.5;1.2;0.2;3.0;1.04;
sainsburys-6-lincolnshire-rolls-360g;Sainsbury's Lincolnshire Sausage Rolls x6 360g;£1.85/unit;£0.51/100g;Pies, pasties & quiche;sausage-rolls-savouries;334;9.6;28.8;1.6;19.5;8.3;2.5;1.05;
sainsburys-6-lincolnshire-rolls-360g;Sainsbury's Lincolnshire Sausage Rolls x6 360g;£1.85/unit;£0.51/100g;Pies, pasties & quiche;slices-pasties;334;9.6;28.8;1.6;19.5;8.3;2.5;1.05;
sainsburys-6-mini-meltons--taste-the-difference-300g;Sainsbury's Melton Mowbray Pork Pie Mini, Taste The Difference x6 300g;£2.80/unit;£0.93/100g;Pies, pasties & quiche;hot-cold-pies;365;11.9;25.5;2.1;23.6;8.9;1.5;1.09;
sainsburys-6-mini-meltons--taste-the-difference-300g;Sainsbury's Melton Mowbray Pork Pie Mini, Taste The Difference x6 300g;£2.80/unit;£0.93/100g;Pies, pasties & quiche;sausage-rolls-savouries;365;11.9;25.5;2.1;23.6;8.9;1.5;1.09;
sainsburys-6-mini-sponge-flans-100g;Sainsbury's Mini Sponge Flans x6 100g;£1.50/unit;£1.50/100g;Fruit & desserts;meringues-bases;328;6.7;62.8;31.4;4.9;0.8;3.1;1.37;
sainsburys-6-sausage-rolls-360g;Sainsbury's Sausage Rolls x6 360g;£1.85/unit;£0.51/100g;Pies, pasties & quiche;sausage-rolls-savouries;332;9.9;28.2;1.7;19.4;8.3;2.5;1.03;
sainsburys-6-sausage-rolls-360g;Sainsbury's Sausage Rolls x6 360g;£1.85/unit;£0.51/100g;Pies, pasties & quiche;slices-pasties;332;9.9;28.2;1.7;19.4;8.3;2.5;1.03;
sainsburys-6-snack-sausage-rolls-180g;Sainsbury's Snack Sausage Rolls x6 180g;£1.50/unit;£0.83/100g;Pies, pasties & quiche;sausage-rolls-savouries;336;9.6;29.6;1.6;19.4;8.3;2.3;1.05;
sainsburys-6-snack-sausage-rolls-180g;Sainsbury's Snack Sausage Rolls x6 180g;£1.50/unit;£0.83/100g;Pies, pasties & quiche;slices-pasties;336;9.6;29.6;1.6;19.4;8.3;2.3;1.05;
sainsburys-6-white-lustre-roses;Sainsbury's Cake Decorations, White Lustre Roses x6;£2.50/unit;£0.42/ea;Sugar & home baking;decorations;397;1.1;97.8;94.4;0.5;0.1;0.5;0.01;
sainsburys-7-quot%3B-disposable-cake-tins-41g;Sainsbury's 7" Disposable Cake Tins 41g;£2.00/unit;£2.00/ea;Sugar & home baking;cake-cases---baking-accessories;null;null;null;null;null;null;null;null;
sainsburys-75-brown-cup-cake-cases-58g;Sainsbury's 75 Brown Cup Cake Cases 58g;£1.25/unit;£0.02/ea;Sugar & home baking;cake-cases---baking-accessories;null;null;null;null;null;null;null;null;
sainsburys-75pcs-cupcake-cases--spot-floral-45g;Sainsbury's Cupcake Cases, Spot & Floral x75 45g;£1.25/unit;£0.02/ea;Sugar & home baking;cake-cases---baking-accessories;null;null;null;null;null;null;null;null;
sainsburys-8-fondant-fancies;Sainsbury's Fondant Fancies x8;£1.50/unit;£0.19/ea;Cakes;muffins-small-cakes;373;2.7;69.7;56.7;9.1;4.2;0.7;0.48;
sainsburys-aberdeen-angus-quarter-pounders--taste-the-difference-x4-454g;Sainsbury's Aberdeen Angus Quarter Pounders, Taste the Difference x4 454g;£3.00/unit;£6.61/kg;Meat & poultry;frozen-beef;301;25.8;0.5;0.5;21.6;9.0;0.5;1.15;
sainsburys-aberdeen-angus-quarter-pounders--taste-the-difference-x4-454g;Sainsbury's Aberdeen Angus Quarter Pounders, Taste the Difference x4 454g;£3.00/unit;£6.61/kg;Meat & poultry;frozen-burgers-sausages;301;25.8;0.5;0.5;21.6;9.0;0.5;1.15;
sainsburys-abergavenny-goats-cheese-125g;Sainsbury's Abergavenny Goats Cheese 125g;£1.80/unit;£14.40/kg;Cheese;healthier-choice-special-diet-cheese;312;14.0;1.4;0.5;27.7;18.1;0.5;1.08;
sainsburys-acacia-honey--taste-the-difference-340g;Sainsbury's Acacia Honey, Taste the Difference 340g;£2.80/unit;£0.82/100g;Jams, honey & spreads;honey;329;0.5;81.5;80.8;0.5;0.2;0.5;0.03;
sainsburys-acacia-squeezy-honey--taste-the-difference-340g;Sainsbury's Acacia Squeezy Honey, Taste the Difference 340g;£3.00/unit;£0.88/100g;Jams, honey & spreads;honey;329;0.5;81.5;80.8;0.5;0.2;0.5;0.03;
sainsburys-active-health-strawberry-drink-6x100g;Sainsbury's Active Health Strawberry Yogurt Drinks 6x100g;£1.50/unit;£0.25/100g;Yogurts;active-health-yogurts-drinks;77;3.3;13.8;12.8;1.0;0.4;0.0;0.12;
sainsburys-aduki-beans-410g;Sainsbury's Aduki Beans 410g (235g*);£0.60/unit;£2.55/kg;Canned, tinned & packaged foods;pulses-beans;93;6.1;13.5;0.6;0.5;0.1;6.8;0.01;
sainsburys-aegean-tomato---basil-pittas-x4--taste-the-difference;Sainsbury's Aegean Tomato & Basil Pittas x4, Taste the Difference;£0.80/unit;£0.20/ea;Wraps, bagels & pittas;wraps-bagels-pittas;267;8.6;52.5;3.2;1.9;0.3;2.7;0.83;
sainsburys-after-dinner-mint-thins-200g;Sainsbury's After Dinner Mint Thins 200g;£1.25/unit;£0.63/100g;Confectionery;gifting-boxed-chocolate;445;4.9;64.4;56.3;18.6;11.5;7.4;0;
sainsburys-agen-prunes--taste-the-difference-250g;Sainsbury's Agen Prunes, Taste The Difference 250g;£2.50/unit;£1.00/100g;Sugar & home baking;dried-fruit---peel;160;2.5;33.8;33.8;0.5;0.1;5.7;0.03;
sainsburys-air-dried-lean-ham-finely-sliced--taste-the-difference-120g;Sainsbury's Air Dried Ham Lean Finely Sliced, Taste the Difference 120g;£3.00/unit;£2.50/100g;Cooked meats & snacking;ham-82654-44;122;25.9;0.6;0.6;1.8;0.6;0.5;2.68;
sainsburys-air-dried-lean-ham-finely-sliced--taste-the-difference-120g;Sainsbury's Air Dried Ham Lean Finely Sliced, Taste the Difference 120g;£3.00/unit;£2.50/100g;Cooked meats & snacking;mfp-cooked-meats-snacking-taste-the-difference;122;25.9;0.6;0.6;1.8;0.6;0.5;2.68;
sainsburys-air-dried-lean-ham-finely-sliced--taste-the-difference-120g;Sainsbury's Air Dried Ham Lean Finely Sliced, Taste the Difference 120g;£3.00/unit;£2.50/100g;Cooked meats, pate & sandwich fillers;cooked-meats-taste-the-difference;122;25.9;0.6;0.6;1.8;0.6;0.5;2.68;
sainsburys-air-dried-lean-ham-finely-sliced--taste-the-difference-120g;Sainsbury's Air Dried Ham Lean Finely Sliced, Taste the Difference 120g;£3.00/unit;£2.50/100g;Cooked meats, pate & sandwich fillers;ham;122;25.9;0.6;0.6;1.8;0.6;0.5;2.68;
sainsburys-air-dried-lean-ham-slices--taste-the-difference-120g;Sainsbury's Air Dried Ham Lean Slices, Taste the Difference  x4 120g;£3.00/unit;£2.50/100g;Cooked meats & snacking;ham-82654-44;122;25.9;0.6;0.6;1.8;0.6;0.5;2.68;
sainsburys-air-dried-lean-ham-slices--taste-the-difference-120g;Sainsbury's Air Dried Ham Lean Slices, Taste the Difference  x4 120g;£3.00/unit;£2.50/100g;Cooked meats & snacking;mfp-cooked-meats-snacking-taste-the-difference;122;25.9;0.6;0.6;1.8;0.6;0.5;2.68;
sainsburys-air-dried-lean-ham-slices--taste-the-difference-120g;Sainsbury's Air Dried Ham Lean Slices, Taste the Difference  x4 120g;£3.00/unit;£2.50/100g;Cooked meats, pate & sandwich fillers;cooked-meats-taste-the-difference;122;25.9;0.6;0.6;1.8;0.6;0.5;2.68;
sainsburys-air-dried-lean-ham-slices--taste-the-difference-120g;Sainsbury's Air Dried Ham Lean Slices, Taste the Difference  x4 120g;£3.00/unit;£2.50/100g;Cooked meats, pate & sandwich fillers;ham;122;25.9;0.6;0.6;1.8;0.6;0.5;2.68;
sainsburys-al-forno-lasagne--taste-the-difference-400g-6302306-p-44;Sainsbury's Lasagne, Taste the Difference 400g;£3.30/unit;£8.25/kg;Ready meals;italian-ready-meals;154;9.4;9.9;3.5;7.6;3.6;4.5;0.58;
sainsburys-al-forno-lasagne--taste-the-difference-400g-6302306-p-44;Sainsbury's Lasagne, Taste the Difference 400g;£3.30/unit;£8.25/kg;Ready meals;meals-for-1-ready-meals;154;9.4;9.9;3.5;7.6;3.6;4.5;0.58;
sainsburys-al-forno-lasagne--taste-the-difference-400g-6302306-p-44;Sainsbury's Lasagne, Taste the Difference 400g;£3.30/unit;£8.25/kg;Ready meals;taste-the-difference-bistro-ready-meals;154;9.4;9.9;3.5;7.6;3.6;4.5;0.58;
sainsburys-al-forno-lasagne--taste-the-difference-800g-6765990-p-44;Sainsbury's Al Forno Lasagne, Taste the Difference 800g;£5.40/unit;£6.75/kg;Ready meals;italian-ready-meals;149;8.5;7.0;4.3;8.3;3.8;6.2;0.63;
sainsburys-al-forno-lasagne--taste-the-difference-800g-6765990-p-44;Sainsbury's Al Forno Lasagne, Taste the Difference 800g;£5.40/unit;£6.75/kg;Ready meals;taste-the-difference-bistro-ready-meals;149;8.5;7.0;4.3;8.3;3.8;6.2;0.63;
sainsburys-albacore-tuna-in-extra-virgin-olive-oil--taste-the-difference-225g;Sainsbury's Albacore Tuna in Extra Virgin Olive Oil, Taste the Difference 225g (160g*);£3.00/unit;£1.88/100g;Canned, tinned & packaged foods;canned-tinned-packaged-fish;203;26.1;0;0;10.9;2.0;0;0.97;
sainsburys-albacore-tuna-steaks-in-oil--taste-the-difference-200g;Sainsbury's Albacore Tuna Steak in Oil, Taste the Difference 200g (150g*);£2.50/unit;£1.67/100g;Canned, tinned & packaged foods;canned-tinned-packaged-fish;189;27.0;0.0;0.0;9.0;1.5;0.0;1.00;
sainsburys-albacore-tuna-steaks-in-water--taste-the-difference-200g;Sainsbury's Albacore Tuna Steak in Water, Taste the Difference 200g (150g*);£2.50/unit;£1.67/100g;Canned, tinned & packaged foods;canned-tinned-packaged-fish;113;27.0;0.0;0.0;0.5;0.1;0.0;0.75;
sainsburys-all-butter-almond-croissant;Sainsbury's All Butter Almond Croissant;£0.75/unit;£0.75/ea;Croissants, brioche & pastries;croissants-brioche-pastries;null;null;null;null;null;null;null;null;
sainsburys-all-butter-croissant;Sainsbury's All Butter Croissant;£0.75/unit;£0.75/ea;Croissants, brioche & pastries;croissants-brioche-pastries;null;null;null;null;null;null;null;null;
sainsburys-all-butter-croissants-x4;Sainsbury's All Butter Croissants x4;£1.00/unit;£0.25/ea;Croissants, brioche & pastries;croissants-brioche-pastries;420;8.1;42.9;5.9;23.4;15.9;2.6;0.75;
sainsburys-all-butter-fruit---seed-flapjack--taste-the-difference-55g;Sainsbury's All Butter Fruit & Seed Flapjack, Taste the Difference 55g;£0.80/unit;£1.54/100g;Cakes;flapjacks-traybakes-bites;432;5.7;64;44;17;8.3;2.1;0.15;
sainsburys-all-butter-fruit---seed-flapjack--taste-the-difference-55g;Sainsbury's All Butter Fruit & Seed Flapjack, Taste the Difference 55g;£0.80/unit;£1.54/100g;Cakes;taste-the-difference;432;5.7;64;44;17;8.3;2.1;0.15;
sainsburys-all-butter-fudge-box-200g;Sainsbury's All Butter Fudge Box 200g;£1.25/unit;£0.63/100g;Confectionery;gifting-boxed-chocolate;409;1.1;69.0;64.7;14.0;9.0;1.4;0.53;
sainsburys-all-butter-parmesan-twists--taste-the-difference-125g;Sainsbury's All Butter Parmesan Twists, Taste the Difference 125g;£1.50/unit;£1.20/100g;Biscuits & crackers;crackers-savoury-biscuits;487;13.8;51.0;3.2;25.3;17.0;2.8;1.83;
sainsburys-all-butter-puff-pastry-block-500g;Sainsbury's All Butter Puff Pastry Block 500g;£1.85/unit;£0.37/100g;Butter, spreads & baking;pastry-and-dough;369;6.5;40.8;1.4;19.5;12.4;2.0;0.38;
sainsburys-all-butter-scones-x6;Sainsbury's All Butter Scones x6;£1.00/unit;£0.17/ea;Cakes;cakes-scones-fruited-buns;366;8.1;54.1;17.2;12.7;7.3;1.6;0.95;
sainsburys-all-butter-scones-x6;Sainsbury's All Butter Scones x6;£1.00/unit;£0.17/ea;Scones, fruited & buns;scones-fruited-buns;366;8.1;54.1;17.2;12.7;7.3;1.6;0.95;
sainsburys-all-butter-sultana-cookies--taste-the-difference-200g;Sainsbury's All Butter Sultana Cookies, Taste the Difference 200g;£1.75/unit;£0.88/100g;Biscuits & crackers;cookies;459;4.5;64.3;34.1;20.0;13.3;2.0;0.75;
sainsburys-all-butter-sultana-cookies--taste-the-difference-200g;Sainsbury's All Butter Sultana Cookies, Taste the Difference 200g;£1.75/unit;£0.88/100g;Biscuits & crackers;luxury-continental-biscuits;459;4.5;64.3;34.1;20.0;13.3;2.0;0.75;
sainsburys-all-butter-sweet-pastry-tartlets--taste-the-difference-x6-138g;Sainsbury's Sweet Pastry Tartlets, Taste the Difference x6 138g;£2.00/unit;£1.45/100g;Fruit & desserts;meringues-bases;504;6.3;64.8;24.0;24.1;15.1;1.7;0.37;
sainsburys-almond-chocolate-indulgence-x4-480ml;Sainsbury's Indulgence Ice Cream, Almond Chocolate 4x120ml;£2.00/unit;£0.42/100ml;Ice cream & desserts;lollies-bars-cones;334;4.4;30.4;28.7;21.4;12.0;1.0;0.21;
sainsburys-almond-cooking-oil-250ml;Sainsbury's Almond Cooking Oil 250ml;£1.65/unit;£0.66/100ml;Cooking ingredients & oils;oils;824;0;0;0;91.5;7.4;0;0;
sainsburys-almond-croissants-x2;Sainsbury's Almond Croissants x2;£1.20/unit;£0.60/ea;Cakes;cakes-from-our-bakery-12374-44;null;null;null;null;null;null;null;null;
sainsburys-almond-croissants-x2;Sainsbury's Almond Croissants x2;£1.20/unit;£0.60/ea;From our in store bakery;cakes-from-our-bakery;null;null;null;null;null;null;null;null;
sainsburys-almond-flakes-200g;Sainsbury's Almond Flakes 200g;£2.20/unit;£1.10/100g;Sugar & home baking;nuts---seeds;645;25.5;6.5;4.0;55.8;4.4;7.4;0.04;
sainsburys-almond-flavour-38ml;Sainsbury's Almond Flavour 38ml;£1.00/unit;£0.26/10ml;Sugar & home baking;baking-ingredients---colourings;null;null;null;null;null;null;null;null;
sainsburys-almond-medley-250g;Sainsbury's Almond Medley 250g;£3.85/unit;£1.54/100g;Sugar & home baking;nuts---seeds;621;22.8;8.3;4.3;52.9;4.1;10.1;0.02;
sainsburys-almond-medley-30g;Sainsbury's Almond Medley 30g;£0.65/unit;£2.17/100g;Sugar & home baking;nuts---seeds;621;22.8;8.3;4.3;52.9;4.1;10.1;0.02;
sainsburys-almond-medley-multipack-5x30g;Sainsbury's Almond Medley Multipack 5x30g;£3.00/unit;£2.00/100g;Sugar & home baking;nuts---seeds;621;22.8;8.3;4.3;52.9;4.1;10.1;0.02;
sainsburys-almond-raisin---cherry-35g;Sainsbury's Almond Raisin & Cherry 35g;£0.55/unit;£1.57/100g;Sugar & home baking;dried-fruit---peel;407;8.4;52.2;50.1;17.2;1.4;5.1;0.06;
sainsburys-almond-raisins---cherry-250g;Sainsbury's Almond Raisins & Cherry 250g;£3.65/unit;£1.46/100g;Sugar & home baking;dried-fruit---peel;407;8.4;52.2;50.1;17.2;1.4;5.1;0.06;
sainsburys-almond-raisins---cherry-250g;Sainsbury's Almond Raisins & Cherry 250g;£3.65/unit;£1.46/100g;Sugar & home baking;nuts---seeds;407;8.4;52.2;50.1;17.2;1.4;5.1;0.06;
sainsburys-almond-shortbread-thins--taste-the-difference-160g;Sainsbury's Almond Shortbread Thins, Taste the Difference 160g;£1.75/unit;£1.09/100g;Biscuits & crackers;everyday-biscuits-shortbread;542;7.2;52.1;20.7;32.9;18.2;4.3;0.58;
sainsburys-almond-slices-x6;Sainsbury's Almond Slices x6;£1.10/unit;£0.18/ea;Cakes;slices-pies-tarts;406;4.6;55.7;36.7;17.8;3.0;2.2;0.40;
sainsburys-almond-thins--taste-the-difference-100g;Sainsbury's Almond Thins, Taste the Difference 100g;£1.75/unit;£1.75/100g;Biscuits & crackers;luxury-continental-biscuits;458;7.0;71.8;38.2;15.9;7.0;2.2;0.98;
sainsburys-almonds--blanched-100g;Sainsbury's Almonds, Blanched 100g;£1.25/unit;£1.25/100g;Sugar & home baking;nuts---seeds;645;25.5;6.5;4.0;55.8;4.4;7.4;0.04;
sainsburys-almonds--ground-100g;Sainsbury's Almonds, Ground 100g;£1.25/unit;£1.25/100g;Sugar & home baking;nuts---seeds;645;25;6.5;4.0;56;4.4;7.4;0.04;
sainsburys-almonds--toasted--flaked-100g;Sainsbury's Almonds, Toasted, Flaked 100g;£1.25/unit;£1.25/100g;Sugar & home baking;nuts---seeds;619;21.0;10.1;4.9;52.5;4.1;10.9;0.01;
sainsburys-almonds-300g;Sainsbury's Almonds 300g;£3.10/unit;£1.03/100g;Sugar & home baking;nuts---seeds;595;21.2;9.1;4.2;49.9;3.8;12.5;0.01;
sainsburys-aloo-saag-%28mild---delicate%29-300g;Sainsbury's Aloo Saag (mild & delicate) 300g;£1.75/unit;£5.83/kg;Ready meals;indian-ready-meals;100;1.8;7.0;2.1;6.4;1.5;3.4;0.43;
sainsburys-aloo-saag-%28mild---delicate%29-300g;Sainsbury's Aloo Saag (mild & delicate) 300g;£1.75/unit;£5.83/kg;Ready meals;potato-vegetable-side-dishes;100;1.8;7.0;2.1;6.4;1.5;3.4;0.43;
sainsburys-aloo-saag-%28mild---delicate%29-300g;Sainsbury's Aloo Saag (mild & delicate) 300g;£1.75/unit;£5.83/kg;Vegetarian & meat free;coleslaw--olives--salads---dips-30658-44;100;1.8;7.0;2.1;6.4;1.5;3.4;0.43;
sainsburys-aloo-saag-%28mild---delicate%29-300g;Sainsbury's Aloo Saag (mild & delicate) 300g;£1.75/unit;£5.83/kg;Vegetarian & meat free;vegetarian-meat-free-ready-meals;100;1.8;7.0;2.1;6.4;1.5;3.4;0.43;
sainsburys-alphabet-letters-600g;Sainsbury's Alphabet Letters 600g;£1.00/unit;£1.67/kg;Chips & potatoes;chips-potatoes;234;2.5;28.0;0.5;12.0;1.2;2.0;0.50;
sainsburys-alphabet-shapes-500g;Sainsbury's Alphabet Shapes 500g;£0.85/unit;£1.70/kg;Rice, pasta & noodles;pasta;362;12.3;73.1;3.5;1.7;0.5;2.5;0;
sainsburys-alphonso-mango--papaya---passion-fruit-west-country-yogurt--taste-the-difference-150g;Sainsbury's West Country Alphonso Mango, Papaya & Passion Fruit Yogurt, Taste the Difference 150g;£0.75/unit;£0.50/100g;Yogurts;luxury-yogurts;130;3.0;14.6;14.4;6.6;4.5;0.5;0.10;
sainsburys-american-peppermint-extract--taste-the-difference-38ml;Sainsbury's American Peppermint Extract, Taste the Difference 38ml;£1.50/unit;£3.95/100ml;Sugar & home baking;baking-ingredients---colourings;896;0.5;0.5;0.5;99.4;8.3;0.5;0.01;
sainsburys-american-snack-mix-175g;Sainsbury's American Snack Mix 175g;£2.00/unit;£1.14/100g;Crisps, nuts & snacking fruit;party-nibbles-bites;498;7.1;58;3.6;25;2.4;4.6;1.5;
sainsburys-american-style-mustard-325g;Sainsbury's American Style Mustard 325g;£1.25/unit;£0.38/100g;Table sauces, dressings & condiments;mustard;160;4.0;22.3;16.8;5.0;0.7;5.0;2.75;
sainsburys-american-style-mustard-325g;Sainsbury's American Style Mustard 325g;£1.25/unit;£0.38/100g;Table sauces, dressings & condiments;tomato-ketchup-brown-bbq-other-sauces;160;4.0;22.3;16.8;5.0;0.7;5.0;2.75;
sainsburys-anchovies-in-olive-oil-with-herbs---garlic-50g;Sainsbury's Anchovy Fillets in Olive Oil with Herbs & Garlic 50g (30g*);£0.70/unit;£2.33/100g;Canned, tinned & packaged foods;canned-tinned-packaged-fish;185;27.1;0.1;0.1;8.5;1.6;0.1;14.00;
sainsburys-anchovy-fillets--in-olive-oil-100g;Sainsbury's Anchovy Fillets in Olive Oil 100g (60g*);£1.70/unit;£2.83/100g;Canned, tinned & packaged foods;canned-tinned-packaged-fish;185;27.1;0.1;0.1;8.5;1.6;0.1;14.00;
sainsburys-anchovy-fillets--taste-the-difference-114g;Sainsbury's Anchovy Fillets in Extra Virgin Olive Oil, Taste the Difference 114g (60g*);£2.20/unit;£3.67/100g;Canned, tinned & packaged foods;canned-tinned-packaged-fish;185;23.7;0.1;0.0;10.0;2.1;0.1;15.00;
sainsburys-anchovy-fillets-in-extra-virgin-olive-oil-50g;Sainsbury's Anchovy Fillets in Olive Oil 50g (30g*);£0.70/unit;£2.33/100g;Canned, tinned & packaged foods;canned-tinned-packaged-fish;185;27.1;0.5;0.5;8.5;1.6;0.5;14.00;
sainsburys-angel-cake-slices-x6;Sainsbury's Angel Cake Slices x6;£1.10/unit;£0.18/ea;Cakes;slices-pies-tarts;410;2.8;57.6;38.9;18.2;3.8;2.0;0.30;
sainsburys-angel-cake-slices-x6;Sainsbury's Angel Cake Slices x6;£1.10/unit;£0.18/ea;Confectionery;cake-slices;410;2.8;57.6;38.9;18.2;3.8;2.0;0.30;
sainsburys-angel-cake;Sainsbury's Angel Cake;£1.30/unit;£0.45/100g;Cakes;sponge-slab-loaf-cakes;383;4.9;56.8;33.6;14.5;4.7;2.6;0.48;
sainsburys-antipasti-platter-145g;Sainsbury's Antipasti Platter 145g;£2.50/unit;£1.72/100g;Coleslaw, olives, salads & dips;olives-tapas-antipasti;375;22.5;2.2;0.5;30.5;21.3;0.7;1.73;
sainsburys-antipasti-selection--taste-the-difference-105g;Sainsbury's Italian Antipasto Selection, Taste the Difference 105g;£4.00/unit;£3.81/100g;Coleslaw, olives, salads & dips;olives-tapas-antipasti;359;23.5;0.5;0.5;29.4;13.4;0.5;4.07;
sainsburys-antipasti-selection--taste-the-difference-105g;Sainsbury's Italian Antipasto Selection, Taste the Difference 105g;£4.00/unit;£3.81/100g;Cooked meats & snacking;mfp-continental-meats;359;23.5;0.5;0.5;29.4;13.4;0.5;4.07;
sainsburys-antipasti-selection--taste-the-difference-105g;Sainsbury's Italian Antipasto Selection, Taste the Difference 105g;£4.00/unit;£3.81/100g;Cooked meats & snacking;mfp-cooked-meats-snacking-taste-the-difference;359;23.5;0.5;0.5;29.4;13.4;0.5;4.07;
sainsburys-antipasti-selection--taste-the-difference-105g;Sainsbury's Italian Antipasto Selection, Taste the Difference 105g;£4.00/unit;£3.81/100g;Cooked meats, pate & sandwich fillers;continental-meats;359;23.5;0.5;0.5;29.4;13.4;0.5;4.07;
sainsburys-antipasti-selection--taste-the-difference-105g;Sainsbury's Italian Antipasto Selection, Taste the Difference 105g;£4.00/unit;£3.81/100g;Cooked meats, pate & sandwich fillers;cooked-meats-taste-the-difference;359;23.5;0.5;0.5;29.4;13.4;0.5;4.07;
sainsburys-anya-potatoes--taste-the-difference-750g;Sainsbury's Anya Potatoes, Taste the Difference 750g;£1.00/unit;£1.33/kg;Fresh vegetables;potatoes;81;1.8;17.5;0.8;0.5;0.1;1.6;100;
sainsburys-anya-potatoes--taste-the-difference-750g;Sainsbury's Anya Potatoes, Taste the Difference 750g;£1.00/unit;£1.33/kg;Taste the Difference;taste-the-difference-185761-44;81;1.8;17.5;0.8;0.5;0.1;1.6;100;
sainsburys-apple---blackberry-crumble--be-good-to-yourself-2x120g;Sainsbury's Apple & Blackberry Crumble, Be Good To Yourself 2x120g;£1.75/unit;£0.73/100g;Desserts & cream;desserts;163;1.7;32.3;23.8;2.4;1.1;2.9;0.10;
sainsburys-apple---blackberry-crumble-2x120g;Sainsbury's Apple & Blackberry Crumble 2x120g;£1.00/unit;£0.42/100g;Desserts & cream;desserts;220;2.1;35.6;20.1;7.2;3.2;2.5;0.18;
sainsburys-apple---blackberry-crumble-500g;Sainsbury's Apple & Blackberry Crumble 500g;£2.75/unit;£0.55/100g;Desserts & cream;desserts;228;1.9;37;21;7.5;3.5;3.2;0.26;
sainsburys-apple---blackberry-pie-550g;Sainsbury's Apple & Blackberry Pie 550g;£2.75/unit;£0.50/100g;Desserts & cream;desserts;278;3.4;38;21;12;6.0;2.8;0.11;
sainsburys-apple---blackcurrant-pies-x6-355g;Sainsbury's Apple & Blackcurrant Pies x6 355g;£1.00/unit;£0.17/ea;Cakes;slices-pies-tarts;378;3.8;55.9;24.7;15.0;4.6;2.3;0.22;
sainsburys-apple---cinnamon-crisp-500g;Sainsbury's Apple & Cinnamon Crisp 500g;£2.00/unit;£0.40/100g;Breakfast cereals;muesli-granola-clusters;434;8.5;69.1;21.8;12.6;5.6;5.3;0.05;
sainsburys-apple---ginger-pudding--taste-the-difference-500g;Sainsbury's Apple & Ginger Pudding, Taste the Difference 500g;£3.75/unit;£0.75/100g;Desserts & cream;desserts;330;2.8;48.0;33.3;13.6;8.2;2.1;0.56;
sainsburys-apple---herb-stuffing-mix-130g;Sainsbury's Apple & Herb Stuffing Mix 130g;£0.75/unit;£5.77/kg;Cooking ingredients & oils;stuffing;147;3.2;28.3;8.8;1.8;0.9;2.6;1.10;
sainsburys-apple---mango-juice-1l;Sainsbury's Apple & Mango Juice, Not From Concentrate 1L;£1.40/unit;£0.14/100ml;Chilled fruit juice & smoothies;chilled-fruit-juice;48;0.5;11.0;11.0;0.5;0.1;0.5;0.01;
sainsburys-apple---oat-crumble--taste-the-difference-600g;Sainsbury's Apple & Oat Crumble, Taste the Difference 600g;£4.00/unit;£0.67/100g;Desserts & cream;desserts;266;3.1;41;28;9.6;3.5;2.2;0.32;
sainsburys-apple---pear-chutney--taste-the-difference-300g;Sainsbury's Chutney Apple & Pear, Taste the Difference 300g;£1.80/unit;£0.60/100g;Table sauces, dressings & condiments;chutney-pickle-relishes;193;0.6;45.0;32.0;0.8;0.4;1.7;1.23;
sainsburys-apple---pear-chutney--taste-the-difference-300g;Sainsbury's Chutney Apple & Pear, Taste the Difference 300g;£1.80/unit;£0.60/100g;Vinegar, pickles, olives & antipasti;chutneys-pickle-relishes;193;0.6;45.0;32.0;0.8;0.4;1.7;1.23;
sainsburys-apple---raspberry-juice-drink-1l;Sainsbury's Apple & Raspberry Juice Drink 1L;£1.00/unit;£0.10/100ml;Chilled fruit juice & smoothies;chilled-fruit-juice;47;0.5;11.6;9.1;0.5;0.1;0.5;0.01;
sainsburys-apple--kiwi---strawberry-160g;Sainsbury's Apple, Kiwi & Strawberry 160g;£1.50/unit;£9.38/kg;Fresh fruit;apples-pears-rhubarb;48;0.7;9.5;9.4;0.5;0.1;2.8;0.01;
sainsburys-apple--kiwi---strawberry-160g;Sainsbury's Apple, Kiwi & Strawberry 160g;£1.50/unit;£9.38/kg;Prepared & ready to eat;prepared-fruit;48;0.7;9.5;9.4;0.5;0.1;2.8;0.01;
sainsburys-apple--pineapple---grape-180g;Sainsbury's Apple, Pineapple & Grape 180g;£1.50/unit;£8.33/kg;Prepared & ready to eat;prepared-fruit;52;0.5;11.5;11.5;0.5;0.1;1.9;0.01;
sainsburys-apple--pineapple---lemongrass-juice--not-from-concentrate-1l;Sainsbury's Apple, Pineapple & Lemongrass Juice, Not From Concentrate 1L;£1.40/unit;£0.14/100ml;Chilled fruit juice & smoothies;chilled-fruit-juice;46;0.5;10.6;10.6;0.5;0.1;0.5;0.01;
sainsburys-apple--raisin---walnut-coleslaw--taste-the-difference-275g;Sainsbury's Apple, Raisin & Walnut Coleslaw, Taste the Difference 275g;£1.80/unit;£0.65/100g;Coleslaw, olives, salads & dips;coleslaw-salads;254;2.2;10.7;8.8;22.2;3.7;1.5;0.68;
sainsburys-apple--raisin---walnut-coleslaw--taste-the-difference-275g;Sainsbury's Apple, Raisin & Walnut Coleslaw, Taste the Difference 275g;£1.80/unit;£0.65/100g;Fresh salad;dressings-coleslaw-accompaniments;254;2.2;10.7;8.8;22.2;3.7;1.5;0.68;
sainsburys-apple--raisin---walnut-coleslaw--taste-the-difference-275g;Sainsbury's Apple, Raisin & Walnut Coleslaw, Taste the Difference 275g;£1.80/unit;£0.65/100g;Prepared & ready to eat;prepared-salad-herbs;254;2.2;10.7;8.8;22.2;3.7;1.5;0.68;
sainsburys-apple--raisin---walnut-coleslaw--taste-the-difference-275g;Sainsbury's Apple, Raisin & Walnut Coleslaw, Taste the Difference 275g;£1.80/unit;£0.65/100g;Vegetarian & meat free;coleslaw--olives--salads---dips-30658-44;254;2.2;10.7;8.8;22.2;3.7;1.5;0.68;
sainsburys-apple--strawberry---pineapple-240g;Sainsbury's Apple, Strawberry & Pineapple 240g;£2.00/unit;£8.33/kg;Fresh fruit;apples-pears-rhubarb;43;0.5;9.0;9.0;0.5;0.1;1.9;0.01;
sainsburys-apple--strawberry---pineapple-240g;Sainsbury's Apple, Strawberry & Pineapple 240g;£2.00/unit;£8.33/kg;Fresh fruit;melon-pineapple-kiwi;43;0.5;9.0;9.0;0.5;0.1;1.9;0.01;
sainsburys-apple--strawberry---pineapple-240g;Sainsbury's Apple, Strawberry & Pineapple 240g;£2.00/unit;£8.33/kg;Prepared & ready to eat;prepared-fruit;43;0.5;9.0;9.0;0.5;0.1;1.9;0.01;
sainsburys-apple--watermelon-raspberry-nfc-1l;Sainsbury's Watermelon, Raspberry & Apple Juice, Not From Concentrate 1L;£1.40/unit;£0.14/100ml;Chilled fruit juice & smoothies;chilled-fruit-juice;43;0.5;9.5;9.5;0.5;0.1;0.5;0.05;
sainsburys-apple-crumble-loaf-cake--taste-the-difference;Sainsbury's Bramley Apple Loaf Cake, Taste The Difference;£2.15/unit;£0.86/100g;Cakes;sponge-slab-loaf-cakes;395;3.9;57.7;36.8;16.1;3.4;1.6;0.34;
sainsburys-apple-crumble-loaf-cake--taste-the-difference;Sainsbury's Bramley Apple Loaf Cake, Taste The Difference;£2.15/unit;£0.86/100g;Cakes;taste-the-difference;395;3.9;57.7;36.8;16.1;3.4;1.6;0.34;
sainsburys-apple-juice--basics-1l-7486881-p-44;Sainsbury's Apple Juice, Basics 1L;£0.80/unit;£0.08/100ml;Chilled fruit juice & smoothies;chilled-fruit-juice;44;0.5;10.3;10.3;0.5;0.1;0.5;0.01;
sainsburys-apple-juice--so-organic-1l;Sainsbury's Freshly Squeezed Apple Juice, SO Organic 1L;£2.25/unit;£0.23/100ml;Chilled fruit juice & smoothies;chilled-fruit-juice;42;0.5;9.8;9.8;0.5;0.1;0.5;0.01;
sainsburys-apple-juice-from-concentrate-1l;Sainsbury's Apple Juice 1L;£1.00/unit;£0.10/100ml;Chilled fruit juice & smoothies;chilled-fruit-juice;44;0.5;10.3;10.3;0.5;0.1;0.5;0.01;
sainsburys-apple-pie--basics-530g;Sainsbury's Apple Pie, Basics 550g;£1.55/unit;£0.28/100g;Desserts & cream;desserts;263;3.2;37;16;11;3.2;2.1;0.08;
sainsburys-apple-pie--taste-the-difference-650g;Sainsbury's Apple Pie, Taste the Difference 650g;£3.75/unit;£0.57/100g;Desserts & cream;desserts;277;3.3;40;19;11;6.5;1.6;0.13;
sainsburys-apple-pie-550g;Sainsbury's Apple Pie 550g;£2.75/unit;£0.50/100g;Desserts & cream;desserts;287;3.2;40;22;12;5.7;2.2;0.11;
sainsburys-apple-pies--basics-x6;Sainsbury's Apple Pies, Basics x6;£0.55/unit;£0.09/ea;Cakes;slices-pies-tarts;401;3.8;57.8;22.4;16.8;5.5;1.5;0.30;
sainsburys-apple-pies-2x120g-7655834-p-44;Sainsbury's Apple Pies 2x120g;£1.75/unit;£0.73/100g;Desserts & cream;desserts;327;3.9;42.8;19.8;14.9;7.5;2.9;0.09;
sainsburys-apple-plum---blackberry-smoothie-4x180ml;Sainsbury's Kids Apple Plum & Blackberry Smoothie 4x180ml;£2.25/unit;£0.31/100ml;Chilled fruit juice & smoothies;chilled-smoothies;60;0.5;13.5;13.5;0.5;0.1;0.6;0.01;
sainsburys-apple-plum---blackberry-smoothie-4x180ml;Sainsbury's Kids Apple Plum & Blackberry Smoothie 4x180ml;£2.25/unit;£0.31/100ml;Chilled fruit juice & smoothies;kids-juice;60;0.5;13.5;13.5;0.5;0.1;0.6;0.01;
sainsburys-apple-red-dessert-loose;Sainsbury's Red Dessert Apples Loose;£1.95/kg;£1.95/kg;Fresh fruit;apples-pears-rhubarb;47;0.5;11.8;11.8;0.5;0.1;1.8;0.5;
sainsburys-apple-rings-100g;Sainsbury's Apple Rings 100g;£1.20/unit;£1.20/100g;Sugar & home baking;dried-fruit---peel;253;0.9;57.2;57.2;0.5;0.1;8.7;0.22;
sainsburys-apple-sauce-250ml;Sainsbury's Apple Sauce 250ml;£0.80/unit;£0.32/100ml;Table sauces, dressings & condiments;condiments;134;0.5;31.8;31.8;0.5;0.1;2.5;0.03;
sainsburys-apple-sauce-with-kentish-cider--taste-the-difference-190g;Sainsbury's Apple Sauce With Kentish Cider, Taste the Difference 190g;£1.80/unit;£0.90/100g;Table sauces, dressings & condiments;condiments;153;0.5;37.4;37.3;0.5;0.1;0.6;0.25;
sainsburys-apple-slices-385g;Sainsbury's Apple Slices 385g;£0.80/unit;£2.08/kg;Canned, tinned & packaged foods;canned-tinned-packaged-fruit;38;0.5;7.4;7.4;0.5;0.2;1.7;0.03;
sainsburys-apple-slices-385g;Sainsbury's Apple Slices 385g;£0.80/unit;£2.08/kg;Fruit & desserts;dessert-fruit;38;0.5;7.4;7.4;0.5;0.2;1.7;0.03;
sainsburys-apple-strudel--taste-the-difference-535g;Sainsbury's Apple Strudel, Taste the Difference 530g;£4.00/unit;£0.75/100g;Desserts & cream;desserts;204;2.4;37;23;4.8;2.4;2.2;0.37;
sainsburys-apple-strudel-x2-300g-%28serves-6%29;Sainsbury's Apple Strudel x2 600g (Serves 6);£1.00/unit;£0.17/100g;Ice cream & desserts;frozen-hot-desserts;259;2.8;31.6;13.9;13.0;7.2;1.9;0.25;
sainsburys-apple-tart-400g;Sainsbury's Apple Tart 400g;£2.75/unit;£0.69/100g;Desserts & cream;desserts;338;5.2;44.9;22.1;14.8;5.8;2.4;0.22;
sainsburys-apple-turnovers-2x77g;Sainsbury's Apple Turnovers 2x77g;£1.20/unit;£0.77/100g;Desserts & cream;desserts;312;3.9;34.3;13.7;17.4;10.0;1.3;0.34;
sainsburys-apple-turnovers-x2;Sainsbury's Apple Turnovers x2;£1.00/unit;£0.50/ea;Cakes;cakes-from-our-bakery-12374-44;null;null;null;null;null;null;null;null;
sainsburys-apple-turnovers-x2;Sainsbury's Apple Turnovers x2;£1.00/unit;£0.50/ea;Croissants, brioche & pastries;croissants-brioche-pastries;null;null;null;null;null;null;null;null;
sainsburys-apple-turnovers-x2;Sainsbury's Apple Turnovers x2;£1.00/unit;£0.50/ea;From our in store bakery;cakes-from-our-bakery;null;null;null;null;null;null;null;null;
sainsburys-apples--basics-x4-%28minimum--variety-will-vary--all-shapes---sizes%29;Sainsbury's British Apples, Basics x4 (minimum, variety & size will vary);£0.80/unit;£0.80/ea;Fresh fruit;apples-pears-rhubarb;47;0.5;11.8;11.8;0.5;0.1;1.8;0.5;
sainsburys-apples--taste-the-difference-x5;Sainsbury's Apples, Taste the Difference x5;£2.00/unit;£2.00/ea;Fresh fruit;apples-pears-rhubarb;47;0.4;11.8;11.8;0.1;0.1;1.8;null;
sainsburys-apples--taste-the-difference-x5;Sainsbury's Apples, Taste the Difference x5;£2.00/unit;£2.00/ea;Taste the Difference;taste-the-difference-185761-44;47;0.4;11.8;11.8;0.1;0.1;1.8;null;
sainsburys-apricot---almond-scrolls-x2;Sainsbury's Apricot & Almond Scrolls x2;£1.00/unit;£0.50/ea;Cakes;cakes-from-our-bakery-12374-44;null;null;null;null;null;null;null;null;
sainsburys-apricot---almond-scrolls-x2;Sainsbury's Apricot & Almond Scrolls x2;£1.00/unit;£0.50/ea;Croissants, brioche & pastries;croissants-brioche-pastries;null;null;null;null;null;null;null;null;
sainsburys-apricot---almond-scrolls-x2;Sainsbury's Apricot & Almond Scrolls x2;£1.00/unit;£0.50/ea;From our in store bakery;cakes-from-our-bakery;null;null;null;null;null;null;null;null;
sainsburys-apricot-conserve--taste-the-difference-340g;Sainsbury's Apricot Conserve, Taste the Difference 340g;£1.50/unit;£0.44/100g;Jams, honey & spreads;jams---conserves;239;0.5;58.5;56.0;0.5;0.1;1.4;0.05;
sainsburys-apricot-halves-in-fruit-juice-411g;Sainsbury's Apricot Halves In Fruit Juice 411g;£0.65/unit;£1.58/kg;Canned, tinned & packaged foods;canned-tinned-packaged-fruit;57;0.5;11.4;11.4;0.8;0.1;1.0;0.03;
sainsburys-apricot-halves-in-fruit-juice-411g;Sainsbury's Apricot Halves In Fruit Juice 411g;£0.65/unit;£1.58/kg;Fruit & desserts;dessert-fruit;57;0.5;11.4;11.4;0.8;0.1;1.0;0.03;
sainsburys-apricot-jam-454g;Sainsbury's Apricot Jam 454g;£0.65/unit;£0.14/100g;Jams, honey & spreads;jams---conserves;246;0.4;60.6;51.8;0;0;1.0;0;
sainsburys-apricots-40g;Sainsbury's Dried Apricots 40g;£0.60/unit;£1.50/100g;Sugar & home baking;dried-fruit---peel;178;4.0;36.0;36.0;0.6;0.2;6.3;0.04;
sainsburys-arborio-risotto-rice--organic-500g;Sainsbury's Arborio Risotto Rice, SO Organic 500g;£1.60/unit;£3.20/kg;Rice, pasta & noodles;rice-12592-44;117;2.4;25.5;0.5;0.5;0.1;1.2;0.01;
sainsburys-arborio-risotto-rice-500g;Sainsbury's Arborio Risotto Rice 500g;£1.10/unit;£2.20/kg;Rice, pasta & noodles;rice-12592-44;344;7.0;75.8;0.2;1.0;0.2;1.9;0.00;
sainsburys-ardennes-p%C3%A2t%C3%A9--be-good-to-yourself-170g;Sainsbury's Ardennes Pâté, Be Good To Yourself 170g;£1.40/unit;£0.82/100g;Cooked meats & snacking;mfp-pate;197;12.3;3.2;1.8;15.0;4.8;0.5;1.59;
sainsburys-ardennes-p%C3%A2t%C3%A9--be-good-to-yourself-170g;Sainsbury's Ardennes Pâté, Be Good To Yourself 170g;£1.40/unit;£0.82/100g;Cooked meats, pate & sandwich fillers;pate;197;12.3;3.2;1.8;15.0;4.8;0.5;1.59;
sainsburys-ardennes-p%C3%A2t%C3%A9-170g;Sainsbury's Ardennes Pâté 170g;£1.00/unit;£0.59/100g;Cooked meats & snacking;mfp-pate;278;12.7;1.9;1.2;24.4;9.3;0.5;1.93;
sainsburys-ardennes-p%C3%A2t%C3%A9-170g;Sainsbury's Ardennes Pâté 170g;£1.00/unit;£0.59/100g;Cooked meats, pate & sandwich fillers;pate;278;12.7;1.9;1.2;24.4;9.3;0.5;1.93;
sainsburys-ardennes-pate--taste-the-difference-150g;Sainsbury's Ardennes Pate, Taste the Difference 150g;£2.15/unit;£1.43/100g;Cooked meats & snacking;mfp-pate;301;7.7;7.9;1.8;26.4;9.8;0.6;1.25;
sainsburys-ardennes-pate--taste-the-difference-150g;Sainsbury's Ardennes Pate, Taste the Difference 150g;£2.15/unit;£1.43/100g;Cooked meats, pate & sandwich fillers;pate;301;7.7;7.9;1.8;26.4;9.8;0.6;1.25;
sainsburys-ardennes-spreadable-pat%C3%A9-175g;Sainsbury's Ardennes Spreadable Paté 175g;£0.70/unit;£0.40/100g;Cooked meats & snacking;mfp-pate;278;12.7;1.9;1.2;24.4;9.3;0.5;1.93;
sainsburys-ardennes-spreadable-pat%C3%A9-175g;Sainsbury's Ardennes Spreadable Paté 175g;£0.70/unit;£0.40/100g;Cooked meats, pate & sandwich fillers;pate;278;12.7;1.9;1.2;24.4;9.3;0.5;1.93;
sainsburys-aromatic-stir-fry-with-basil--taste-the-difference-240g;Sainsbury's Aromatic Stir Fry With Basil, Taste the Difference 240g;£2.50/unit;£1.00/100g;Fresh herbs & ingredients;asian-ingredients;60;1.0;2.7;1.9;4.5;0.3;2.2;0.01;
sainsburys-aromatic-stir-fry-with-basil--taste-the-difference-240g;Sainsbury's Aromatic Stir Fry With Basil, Taste the Difference 240g;£2.50/unit;£1.00/100g;Fresh vegetables;fresh-vegetables-stir-fry;60;1.0;2.7;1.9;4.5;0.3;2.2;0.01;
sainsburys-aromatic-stir-fry-with-basil--taste-the-difference-240g;Sainsbury's Aromatic Stir Fry With Basil, Taste the Difference 240g;£2.50/unit;£1.00/100g;Prepared & ready to eat;prepared-stir-fry;60;1.0;2.7;1.9;4.5;0.3;2.2;0.01;
sainsburys-aromatic-stir-fry-with-basil--taste-the-difference-240g;Sainsbury's Aromatic Stir Fry With Basil, Taste the Difference 240g;£2.50/unit;£1.00/100g;Prepared & ready to eat;prepared-vegetables;60;1.0;2.7;1.9;4.5;0.3;2.2;0.01;
sainsburys-arrabbiata-sauce-350g;Sainsbury's Arrabbiata Sauce 350g;£1.40/unit;£0.40/100g;Pizza, pasta & garlic bread;fresh-pasta-sauces;66;1.5;8.6;7.5;2.7;0.4;0.5;0.33;
sainsburys-arrabbiata-sauce-350g;Sainsbury's Arrabbiata Sauce 350g;£1.40/unit;£0.40/100g;Vegetarian & meat free;vegetarian-meat-free-pizza-pasta;66;1.5;8.6;7.5;2.7;0.4;0.5;0.33;
sainsburys-artichoke-hearts-in-water-400g;Sainsbury's Artichoke Hearts In Water 400g (240g*);£1.75/unit;£7.29/kg;Canned, tinned & packaged foods;canned-tinned-packaged-vegetables;30;2.1;3.2;1.2;0.5;0.1;2.6;0.99;
sainsburys-asian-beef-rendang-380g;Sainsbury's Asian Beef Rendang 380g;£3.00/unit;£7.89/kg;Ready meals;meals-for-1-ready-meals;142;7.6;12.8;1.3;6.1;1.4;2.7;0.35;
sainsburys-asian-beef-rendang-380g;Sainsbury's Asian Beef Rendang 380g;£3.00/unit;£7.89/kg;Ready meals;oriental-ready-meals;142;7.6;12.8;1.3;6.1;1.4;2.7;0.35;
sainsburys-asian-chicken-noodle-soup-400g;Sainsbury's Asian Chicken Noodle Soup 400g;£0.55/unit;£0.14/100g;Canned, tinned & packaged foods;soups;33;1.8;4.9;1.2;0.5;0.2;0.6;0.43;
sainsburys-asian-miso-chicken-380g;Sainsbury's Asian Miso Chicken 380g;£3.00/unit;£7.89/kg;Ready meals;meals-for-1-ready-meals;120;7.5;11.3;2.4;3.9;0.6;4.9;0.45;
sainsburys-asian-miso-chicken-380g;Sainsbury's Asian Miso Chicken 380g;£3.00/unit;£7.89/kg;Ready meals;oriental-ready-meals;120;7.5;11.3;2.4;3.9;0.6;4.9;0.45;
sainsburys-asian-pears-x3;Sainsbury's Asian Pears x3;£1.50/unit;£1.50/ea;Fresh fruit;apples-pears-rhubarb;54;0.5;10.7;7.1;0.2;0;3.6;0.00;
sainsburys-asian-pears-x3;Sainsbury's Asian Pears x3;£1.50/unit;£1.50/ea;Fresh fruit;mango-exotic-fruit-dates-nuts;54;0.5;10.7;7.1;0.2;0;3.6;0.00;
sainsburys-asian-teriyaki-salmon-380g;Sainsbury's Asian Teriyaki Salmon 380g;£3.00/unit;£7.89/kg;Ready meals;meals-for-1-ready-meals;138;6.5;12.8;4.2;5.7;0.7;4.9;0.45;
sainsburys-asian-teriyaki-salmon-380g;Sainsbury's Asian Teriyaki Salmon 380g;£3.00/unit;£7.89/kg;Ready meals;oriental-ready-meals;138;6.5;12.8;4.2;5.7;0.7;4.9;0.45;
sainsburys-asparagus-cup-soup-100g-%284x25g%29;Sainsbury's Asparagus Cup Soup 4x25g;£0.70/unit;£0.70/100g;Canned, tinned & packaged foods;soups;62;1.3;8.8;1.2;2.2;1.3;0.7;0.55;
sainsburys-asparagus-fine-100g;Sainsbury's Asparagus, Fine 100g;£1.60/unit;£16.00/kg;Fresh vegetables;peas-beans-sweetcorn-asparagus;15;1.6;0.7;0.7;0.5;0.1;1.0;0.07;
sainsburys-asparagus-spears-250g;Sainsbury's Asparagus Spears 250g;£1.60/unit;£6.40/kg;Fresh vegetables;peas-beans-sweetcorn-asparagus;15;1.6;0.7;0.7;0.5;0.1;1.0;0.07;
sainsburys-asparagus-spears-250g;Sainsbury's Asparagus Spears 250g;£1.60/unit;£6.40/kg;In season;new-in-season;15;1.6;0.7;0.7;0.5;0.1;1.0;0.07;
sainsburys-asparagus-spears-in-water-salt-added-425g;Sainsbury's Asparagus Spears In Water Salt Added 425g (244g*);£2.00/unit;£8.20/kg;Canned, tinned & packaged foods;canned-tinned-packaged-vegetables;29;3.4;1.4;1.4;0.8;0.1;1.4;0.53;
sainsburys-asparagus-stir-fry--taste-the-difference-240g;Sainsbury's Baby Vegetable Stir Fry, Taste the Difference 240g;£2.50/unit;£1.04/100g;Fresh herbs & ingredients;asian-ingredients;78;2.0;4.4;3.0;5.4;0.7;1.8;0;
sainsburys-asparagus-stir-fry--taste-the-difference-240g;Sainsbury's Baby Vegetable Stir Fry, Taste the Difference 240g;£2.50/unit;£1.04/100g;Fresh vegetables;baby-vegetables;78;2.0;4.4;3.0;5.4;0.7;1.8;0;
sainsburys-asparagus-stir-fry--taste-the-difference-240g;Sainsbury's Baby Vegetable Stir Fry, Taste the Difference 240g;£2.50/unit;£1.04/100g;Fresh vegetables;fresh-vegetables-stir-fry;78;2.0;4.4;3.0;5.4;0.7;1.8;0;
sainsburys-asparagus-stir-fry--taste-the-difference-240g;Sainsbury's Baby Vegetable Stir Fry, Taste the Difference 240g;£2.50/unit;£1.04/100g;Fresh vegetables;fresh-vegetables-world-exotic;78;2.0;4.4;3.0;5.4;0.7;1.8;0;
sainsburys-asparagus-stir-fry--taste-the-difference-240g;Sainsbury's Baby Vegetable Stir Fry, Taste the Difference 240g;£2.50/unit;£1.04/100g;Prepared & ready to eat;prepared-stir-fry;78;2.0;4.4;3.0;5.4;0.7;1.8;0;
sainsburys-asparagus-stir-fry--taste-the-difference-240g;Sainsbury's Baby Vegetable Stir Fry, Taste the Difference 240g;£2.50/unit;£1.04/100g;Prepared & ready to eat;prepared-vegetables;78;2.0;4.4;3.0;5.4;0.7;1.8;0;
sainsburys-asparagus-stir-fry--taste-the-difference-240g;Sainsbury's Baby Vegetable Stir Fry, Taste the Difference 240g;£2.50/unit;£1.04/100g;Taste the Difference;taste-the-difference-185761-44;78;2.0;4.4;3.0;5.4;0.7;1.8;0;
sainsburys-asparagus-tips-100g;Sainsbury's Asparagus Tips 100g;£1.60/unit;£16.00/kg;Fresh vegetables;baby-vegetables;15;1.6;0.7;0.7;0.5;0.1;1.0;0.07;
sainsburys-asparagus-tips-100g;Sainsbury's Asparagus Tips 100g;£1.60/unit;£16.00/kg;Fresh vegetables;peas-beans-sweetcorn-asparagus;15;1.6;0.7;0.7;0.5;0.1;1.0;0.07;
sainsburys-asparagus-tips-100g;Sainsbury's Asparagus Tips 100g;£1.60/unit;£16.00/kg;In season;new-in-season;15;1.6;0.7;0.7;0.5;0.1;1.0;0.07;
sainsburys-assorted-chocs---toffees--basics-1kg;Sainsbury's Assorted Chocs & Toffees, Basics 1kg;£3.80/unit;£0.38/100g;Confectionery;gifting-boxed-chocolate;431;2.3;72.5;60.9;14.6;8.6;1.4;0.25;
sainsburys-assorted-continental-wafers-400g;Sainsbury's Assorted Continental Wafers 400g;£1.70/unit;£0.43/100g;Biscuits & crackers;everyday-biscuits-shortbread;547;3.8;56.8;32.8;33.1;21.6;3.1;0.15;
sainsburys-assorted-crisps-6x25g;Sainsbury's Assorted Crisps 6x25g;£1.00/unit;£0.67/100g;Crisps, nuts & snacking fruit;crisps;537;5.3;55.4;0.5;32.2;2.8;2.3;1.18;
sainsburys-assorted-cupcakes-x12-680g;Sainsbury's Assorted Cupcakes x12 680g;£6.00/unit;£0.50/ea;Cakes;muffins-small-cakes;492;4.2;54;48;29;11;1.3;0.36;
sainsburys-assorted-cupcakes-x12-680g;Sainsbury's Assorted Cupcakes x12 680g;£6.00/unit;£0.50/ea;Celebration cakes;celebration-cakes;492;4.2;54;48;29;11;1.3;0.36;
sainsburys-assorted-cupcakes-x12-680g;Sainsbury's Assorted Cupcakes x12 680g;£6.00/unit;£0.50/ea;Easter treats;easter-treats;492;4.2;54;48;29;11;1.3;0.36;
sainsburys-aubergine;Sainsbury's Aubergine;£0.80/unit;£2.67/kg;Fresh vegetables;courgette-aubergine-squash;16;0.9;2.2;2.0;0.4;0;2.0;0;
sainsburys-aubergines--basics-500g;Sainsbury's Aubergines, Basics 500g;£1.30/unit;£2.60/kg;Fresh vegetables;courgette-aubergine-squash;10;2;1;2;1;1;0;1;
sainsburys-australia-macadamia-honey--taste-the-difference-340g;Sainsbury's Australia Macadamia Honey, Taste the Difference 340g;£3.00/unit;£0.88/100g;Jams, honey & spreads;honey;329;0.5;81.5;80.8;0.5;0.2;0.5;0.03;
sainsburys-avocado--basics-x4;Sainsbury's Avocado, Basics x4;£1.75/unit;£1.75/ea;Fresh salad;avocados;198;1.9;1.9;0.5;20;4.1;3.4;0.02;
sainsburys-avocado--basics-x4;Sainsbury's Avocado, Basics x4;£1.75/unit;£1.75/ea;Fresh vegetables;peppers-salad-vegetables;198;1.9;1.9;0.5;20;4.1;3.4;0.02;
sainsburys-avocado--ripe---ready-x2;Sainsbury's Avocado, Ripe & Ready x2;£1.80/unit;£1.80/ea;Fresh fruit;ripe---ready;198;1.9;1.9;0.5;19.5;4.1;3.4;0.01;
sainsburys-avocado--ripe---ready-x2;Sainsbury's Avocado, Ripe & Ready x2;£1.80/unit;£1.80/ea;Fresh salad;avocados;198;1.9;1.9;0.5;19.5;4.1;3.4;0.01;
sainsburys-avocado--ripe---ready-x2;Sainsbury's Avocado, Ripe & Ready x2;£1.80/unit;£1.80/ea;Fresh vegetables;peppers-salad-vegetables;198;1.9;1.9;0.5;19.5;4.1;3.4;0.01;
sainsburys-avocado--so-organic-x2;Sainsbury's Avocado, SO Organic x2;£2.50/unit;£2.50/ea;Fresh salad;avocados;190;1.9;1.9;0.5;19.5;4.1;3.4;0.5;
sainsburys-avocado--so-organic-x2;Sainsbury's Avocado, SO Organic x2;£2.50/unit;£2.50/ea;Fresh vegetables;peppers-salad-vegetables;190;1.9;1.9;0.5;19.5;4.1;3.4;0.5;
sainsburys-avocado--so-organic-x2;Sainsbury's Avocado, SO Organic x2;£2.50/unit;£2.50/ea;Organic;organic;190;1.9;1.9;0.5;19.5;4.1;3.4;0.5;
sainsburys-avocado-hass--large;Sainsbury's Avocado Hass, Large (each);£1.00/unit;£1.00/ea;Fresh salad;avocados;190;1.9;1.9;0.5;19.5;4.1;3.4;0.00;
sainsburys-avocado-hass--large;Sainsbury's Avocado Hass, Large (each);£1.00/unit;£1.00/ea;Fresh vegetables;peppers-salad-vegetables;190;1.9;1.9;0.5;19.5;4.1;3.4;0.00;
sainsburys-avocado-hass;Sainsbury's Avocado Hass (each);£0.90/unit;£0.90/ea;Fresh salad;avocados;190;1.9;1.9;0.5;19.5;4.1;3.4;0.00;
sainsburys-avocado-hass;Sainsbury's Avocado Hass (each);£0.90/unit;£0.90/ea;Fresh vegetables;peppers-salad-vegetables;190;1.9;1.9;0.5;19.5;4.1;3.4;0.00;
sainsburys-avocado-xl-pinkerton-loose-300g;Sainsbury's Avocado Ripe & Ready XL Loose 300g;£1.50/unit;£1.50/ea;Fresh fruit;ripe---ready;null;null;null;null;null;null;null;null;
sainsburys-avocado-xl-pinkerton-loose-300g;Sainsbury's Avocado Ripe & Ready XL Loose 300g;£1.50/unit;£1.50/ea;Fresh salad;avocados;null;null;null;null;null;null;null;null;
sainsburys-avocado-xl-pinkerton-loose-300g;Sainsbury's Avocado Ripe & Ready XL Loose 300g;£1.50/unit;£1.50/ea;Fresh vegetables;peppers-salad-vegetables;null;null;null;null;null;null;null;null;
sainsburys-avocados--ripe---ready-x4;Sainsbury's Avocados, Ripe & Ready x4;£3.20/unit;£3.20/ea;Fresh fruit;ripe---ready;195;1.9;1.3;0.5;19.5;4.1;3.4;0.02;
sainsburys-avocados--ripe---ready-x4;Sainsbury's Avocados, Ripe & Ready x4;£3.20/unit;£3.20/ea;Fresh salad;avocados;195;1.9;1.3;0.5;19.5;4.1;3.4;0.02;
sainsburys-baby-aubergines-200g;Sainsbury's Baby Aubergines 200g;£1.60/unit;£8.00/kg;Fresh herbs & ingredients;indian-ingredients;15;0.9;2.2;2.0;0.4;0.1;2.0;0;
sainsburys-baby-aubergines-200g;Sainsbury's Baby Aubergines 200g;£1.60/unit;£8.00/kg;Fresh herbs & ingredients;mediterranean-ingredients;15;0.9;2.2;2.0;0.4;0.1;2.0;0;
sainsburys-baby-aubergines-200g;Sainsbury's Baby Aubergines 200g;£1.60/unit;£8.00/kg;Fresh vegetables;baby-vegetables;15;0.9;2.2;2.0;0.4;0.1;2.0;0;
sainsburys-baby-aubergines-200g;Sainsbury's Baby Aubergines 200g;£1.60/unit;£8.00/kg;Fresh vegetables;courgette-aubergine-squash;15;0.9;2.2;2.0;0.4;0.1;2.0;0;
sainsburys-baby-aubergines-200g;Sainsbury's Baby Aubergines 200g;£1.60/unit;£8.00/kg;Fresh vegetables;fresh-vegetables-world-exotic;15;0.9;2.2;2.0;0.4;0.1;2.0;0;
sainsburys-baby-button-chestnut-mushrooms-150g;Sainsbury's Baby Button Chestnut Mushrooms 150g;£1.00/unit;£6.67/kg;Fresh vegetables;baby-vegetables;16;1.8;0.5;0.5;0.5;0.1;1.1;0.5;
sainsburys-baby-button-chestnut-mushrooms-150g;Sainsbury's Baby Button Chestnut Mushrooms 150g;£1.00/unit;£6.67/kg;Fresh vegetables;mushrooms;16;1.8;0.5;0.5;0.5;0.1;1.1;0.5;
sainsburys-baby-button-mushrooms-200g;Sainsbury's Baby Button Mushrooms 200g;£1.00/unit;£5.00/kg;Fresh vegetables;baby-vegetables;16;1.8;0.5;0.5;0.5;0.1;1.1;0.5;
sainsburys-baby-button-mushrooms-200g;Sainsbury's Baby Button Mushrooms 200g;£1.00/unit;£5.00/kg;Fresh vegetables;mushrooms;16;1.8;0.5;0.5;0.5;0.1;1.1;0.5;
sainsburys-baby-carrots-in-water-300g;Sainsbury's Baby Carrots In Water 300g (180g*);£0.30/unit;£1.67/kg;Canned, tinned & packaged foods;canned-tinned-packaged-vegetables;21;0.5;3.2;2.8;0.5;0.1;2.3;0.06;
sainsburys-baby-cauliflower--taste-the-difference-x2;Sainsbury's Baby Cauliflower, Taste the Difference x2;£1.60/unit;£1.60/ea;Fresh vegetables;baby-vegetables;34;2.5;4.2;2.8;0.5;0.2;1.8;0.02;
sainsburys-baby-cauliflower--taste-the-difference-x2;Sainsbury's Baby Cauliflower, Taste the Difference x2;£1.60/unit;£1.60/ea;Fresh vegetables;broccoli-cauliflower-cabbage-greens;34;2.5;4.2;2.8;0.5;0.2;1.8;0.02;
sainsburys-baby-cauliflower--taste-the-difference-x2;Sainsbury's Baby Cauliflower, Taste the Difference x2;£1.60/unit;£1.60/ea;Taste the Difference;taste-the-difference-185761-44;34;2.5;4.2;2.8;0.5;0.2;1.8;0.02;
sainsburys-baby-corn---mange-tout-200g;Sainsbury's Baby Corn & Mange Tout 200g;£2.00/unit;£10.00/kg;Fresh vegetables;baby-vegetables;62;2.8;5.9;4.5;2.6;0.2;2.0;0.13;
sainsburys-baby-corn---mange-tout-200g;Sainsbury's Baby Corn & Mange Tout 200g;£2.00/unit;£10.00/kg;Fresh vegetables;fresh-vegetables-stir-fry;62;2.8;5.9;4.5;2.6;0.2;2.0;0.13;
sainsburys-baby-corn---mange-tout-200g;Sainsbury's Baby Corn & Mange Tout 200g;£2.00/unit;£10.00/kg;Fresh vegetables;peas-beans-sweetcorn-asparagus;62;2.8;5.9;4.5;2.6;0.2;2.0;0.13;
sainsburys-baby-corn---mange-tout-200g;Sainsbury's Baby Corn & Mange Tout 200g;£2.00/unit;£10.00/kg;Prepared & ready to eat;prepared-vegetables;62;2.8;5.9;4.5;2.6;0.2;2.0;0.13;
sainsburys-baby-corn--so-organic-125g;Sainsbury's Baby Corn, SO Organic 125g;£1.50/unit;£12.00/kg;Fresh vegetables;baby-vegetables;42;2.0;6.4;5.0;0.5;0.2;2.6;0.01;
sainsburys-baby-corn--so-organic-125g;Sainsbury's Baby Corn, SO Organic 125g;£1.50/unit;£12.00/kg;Fresh vegetables;peas-beans-sweetcorn-asparagus;42;2.0;6.4;5.0;0.5;0.2;2.6;0.01;
sainsburys-baby-corn--so-organic-125g;Sainsbury's Baby Corn, SO Organic 125g;£1.50/unit;£12.00/kg;Organic;organic;42;2.0;6.4;5.0;0.5;0.2;2.6;0.01;
sainsburys-baby-fennel-200g;Sainsbury's Baby Fennel 200g;£1.85/unit;£9.25/kg;Fresh herbs & ingredients;mediterranean-ingredients;17;0.9;1.8;1.7;0.5;0.1;2.4;0.03;
sainsburys-baby-fennel-200g;Sainsbury's Baby Fennel 200g;£1.85/unit;£9.25/kg;Fresh vegetables;baby-vegetables;17;0.9;1.8;1.7;0.5;0.1;2.4;0.03;
sainsburys-baby-fennel-200g;Sainsbury's Baby Fennel 200g;£1.85/unit;£9.25/kg;Fresh vegetables;chillies-herbs-ingredients;17;0.9;1.8;1.7;0.5;0.1;2.4;0.03;
sainsburys-baby-fennel-200g;Sainsbury's Baby Fennel 200g;£1.85/unit;£9.25/kg;Fresh vegetables;fresh-vegetables-world-exotic;17;0.9;1.8;1.7;0.5;0.1;2.4;0.03;
sainsburys-baby-figs-120g;Sainsbury's Baby Figs 120g;£2.25/unit;£18.75/kg;Fresh fruit;mango-exotic-fruit-dates-nuts;235;3.3;48.6;48.6;1.5;null;6.9;null;
sainsburys-baby-green-cabbage--taste-the-difference-x-2;Sainsbury's Baby Green Cabbage, Taste the Difference x 2;£1.60/unit;£1.60/ea;Fresh vegetables;broccoli-cauliflower-cabbage-greens;32;2.4;3.9;3.9;0.5;0.1;2.7;0.02;
sainsburys-baby-green-cabbage--taste-the-difference-x-2;Sainsbury's Baby Green Cabbage, Taste the Difference x 2;£1.60/unit;£1.60/ea;Taste the Difference;taste-the-difference-185761-44;32;2.4;3.9;3.9;0.5;0.1;2.7;0.02;
sainsburys-baby-leaf-watercress-110g;Sainsbury's Baby Leaf Watercress 110g;£1.50/unit;£1.36/100g;Fresh salad;fresh-salad-prepared-ready-to-eat;21;2.8;0.6;0.5;0.5;0.1;1.4;0.22;
sainsburys-baby-leaf-watercress-110g;Sainsbury's Baby Leaf Watercress 110g;£1.50/unit;£1.36/100g;Fresh salad;salad-bags;21;2.8;0.6;0.5;0.5;0.1;1.4;0.22;
sainsburys-baby-leaf-watercress-110g;Sainsbury's Baby Leaf Watercress 110g;£1.50/unit;£1.36/100g;In season;new-in-season;21;2.8;0.6;0.5;0.5;0.1;1.4;0.22;
sainsburys-baby-leaf-watercress-110g;Sainsbury's Baby Leaf Watercress 110g;£1.50/unit;£1.36/100g;Prepared & ready to eat;prepared-salad-herbs;21;2.8;0.6;0.5;0.5;0.1;1.4;0.22;
sainsburys-baby-leeks--taste-the-difference-175g;Sainsbury's Baby Leeks, Taste the Difference 175g;£2.00/unit;£11.43/kg;Fresh vegetables;baby-vegetables;27;1.6;2.8;2.1;0.5;0.1;2.2;0.01;
sainsburys-baby-leeks--taste-the-difference-175g;Sainsbury's Baby Leeks, Taste the Difference 175g;£2.00/unit;£11.43/kg;Fresh vegetables;onions-leeks-garlic;27;1.6;2.8;2.1;0.5;0.1;2.2;0.01;
sainsburys-baby-leeks--taste-the-difference-175g;Sainsbury's Baby Leeks, Taste the Difference 175g;£2.00/unit;£11.43/kg;In season;new-in-season;27;1.6;2.8;2.1;0.5;0.1;2.2;0.01;
sainsburys-baby-leeks--taste-the-difference-175g;Sainsbury's Baby Leeks, Taste the Difference 175g;£2.00/unit;£11.43/kg;Taste the Difference;taste-the-difference-185761-44;27;1.6;2.8;2.1;0.5;0.1;2.2;0.01;
sainsburys-baby-plum-tomatoes--so-organic-225g;Sainsbury's Baby Plum Tomatoes, SO Organic 225g;£1.80/unit;£8.00/kg;Fresh salad;fresh-salad-tomatoes;20;0.7;3.1;3.1;0.5;0.1;1.0;0.02;
sainsburys-baby-plum-tomatoes--so-organic-225g;Sainsbury's Baby Plum Tomatoes, SO Organic 225g;£1.80/unit;£8.00/kg;Fresh vegetables;baby-vegetables;20;0.7;3.1;3.1;0.5;0.1;1.0;0.02;
sainsburys-baby-plum-tomatoes--so-organic-225g;Sainsbury's Baby Plum Tomatoes, SO Organic 225g;£1.80/unit;£8.00/kg;Fresh vegetables;fresh-vegetables-tomatoes;20;0.7;3.1;3.1;0.5;0.1;1.0;0.02;
sainsburys-baby-plum-tomatoes--so-organic-225g;Sainsbury's Baby Plum Tomatoes, SO Organic 225g;£1.80/unit;£8.00/kg;Organic;organic;20;0.7;3.1;3.1;0.5;0.1;1.0;0.02;
sainsburys-baby-plum-tomatoes-250g;Sainsbury's Baby Plum Tomatoes 250g;£1.10/unit;£4.40/kg;Fresh salad;fresh-salad-tomatoes;20;0.7;3.1;3.1;0.5;0.1;1.0;0.02;
sainsburys-baby-plum-tomatoes-250g;Sainsbury's Baby Plum Tomatoes 250g;£1.10/unit;£4.40/kg;Fresh vegetables;baby-vegetables;20;0.7;3.1;3.1;0.5;0.1;1.0;0.02;
sainsburys-baby-plum-tomatoes-250g;Sainsbury's Baby Plum Tomatoes 250g;£1.10/unit;£4.40/kg;Fresh vegetables;fresh-vegetables-tomatoes;20;0.7;3.1;3.1;0.5;0.1;1.0;0.02;
sainsburys-baby-potatoes-1kg;Sainsbury's Baby Potatoes 1kg;£1.00/unit;£1.00/kg;Fresh vegetables;baby-vegetables;68;1.4;14;0.9;0.5;0.1;1.9;100;
sainsburys-baby-potatoes-1kg;Sainsbury's Baby Potatoes 1kg;£1.00/unit;£1.00/kg;Fresh vegetables;potatoes;68;1.4;14;0.9;0.5;0.1;1.9;100;
sainsburys-baby-potatoes-with-herbs-385g;Sainsbury's Baby Potatoes With Herbs 385g;£1.50/unit;£3.90/kg;Prepared & ready to eat;prepared-vegetables;80;1.5;15.5;0.6;0.8;0.4;2.6;0.15;
sainsburys-baby-potatoes-with-herbs-385g;Sainsbury's Baby Potatoes With Herbs 385g;£1.50/unit;£3.90/kg;Ready meals;potato-vegetable-side-dishes;80;1.5;15.5;0.6;0.8;0.4;2.6;0.15;
sainsburys-baby-salad-potatoes--so-organic-750g;Sainsbury's Baby Salad Potatoes, SO Organic 750g;£1.50/unit;£2.00/kg;Fresh vegetables;potatoes;81;1.8;17.5;0.8;0.5;0.1;1.6;0.01;
sainsburys-baby-salad-potatoes--so-organic-750g;Sainsbury's Baby Salad Potatoes, SO Organic 750g;£1.50/unit;£2.00/kg;Organic;organic;81;1.8;17.5;0.8;0.5;0.1;1.6;0.01;
sainsburys-baby-sprouts-300g-7403126-p-44;Sainsbury's Baby Sprouts 300g;£1.30/unit;£4.33/kg;Fresh vegetables;broccoli-cauliflower-cabbage-greens;50;3.5;3.9;2.9;1.4;0.3;4.1;0.02;
sainsburys-baby-sweet-peppers--taste-the-difference-150g;Sainsbury's Baby Sweet Peppers, Taste the Difference 150g;£1.65/unit;£11.00/kg;Fresh salad;peppers;32;1.0;6.4;6.1;0.4;0.1;1.6;0;
sainsburys-baby-sweet-peppers--taste-the-difference-150g;Sainsbury's Baby Sweet Peppers, Taste the Difference 150g;£1.65/unit;£11.00/kg;Fresh vegetables;baby-vegetables;32;1.0;6.4;6.1;0.4;0.1;1.6;0;
sainsburys-baby-sweet-peppers--taste-the-difference-150g;Sainsbury's Baby Sweet Peppers, Taste the Difference 150g;£1.65/unit;£11.00/kg;Fresh vegetables;peppers-salad-vegetables;32;1.0;6.4;6.1;0.4;0.1;1.6;0;
sainsburys-baby-sweet-peppers--taste-the-difference-150g;Sainsbury's Baby Sweet Peppers, Taste the Difference 150g;£1.65/unit;£11.00/kg;Taste the Difference;taste-the-difference-185761-44;32;1.0;6.4;6.1;0.4;0.1;1.6;0;
sainsburys-baby-watermelon-%28each%29;Sainsbury's Watermelon, Baby (each);£2.00/unit;£2.00/ea;Fresh fruit;melon-pineapple-kiwi;31;0.5;7.1;7.1;0.3;0.1;0.1;0;
sainsburys-baby-whole-leaf-spinach-1kg;Sainsbury's Baby Whole Leaf Spinach 1kg;£1.40/unit;£1.40/kg;Fruit, vegetables & rice;frozen-vegetables;26;3.1;0.5;0.5;0.8;0.1;2.1;0.04;
sainsburys-babycorn-175g;Sainsbury's Babycorn 175g;£1.50/unit;£8.57/kg;Fresh vegetables;baby-vegetables;42;2.0;6.4;5.0;0.5;0.2;2.6;0.01;
sainsburys-babycorn-175g;Sainsbury's Babycorn 175g;£1.50/unit;£8.57/kg;Fresh vegetables;peas-beans-sweetcorn-asparagus;42;2.0;6.4;5.0;0.5;0.2;2.6;0.01;
sainsburys-babycorn-mix-175g;Sainsbury's Babycorn Mix 175g;£1.50/unit;£8.57/kg;Fresh vegetables;baby-vegetables;35;2.4;4.0;2.8;0.4;0.1;3.1;0;
sainsburys-babycorn-mix-175g;Sainsbury's Babycorn Mix 175g;£1.50/unit;£8.57/kg;Prepared & ready to eat;prepared-vegetables;35;2.4;4.0;2.8;0.4;0.1;3.1;0;
sainsburys-bacon---cheese-quiche-400g;Sainsbury's Bacon & Cheese Quiche 400g;£2.40/unit;£0.60/100g;Pies, pasties & quiche;quiche;263;9.4;19.8;2.2;16.0;6.9;1.2;0.53;
sainsburys-bacon---leek-pasta-bake-430g;Sainsbury's Bacon & Leek Pasta Bake 430g;£2.30/unit;£5.35/kg;Ready meals;italian-ready-meals;124;5.9;12.8;1.1;4.7;2.4;3.7;0.40;
sainsburys-bacon---leek-pasta-bake-430g;Sainsbury's Bacon & Leek Pasta Bake 430g;£2.30/unit;£5.35/kg;Ready meals;meals-for-1-ready-meals;124;5.9;12.8;1.1;4.7;2.4;3.7;0.40;
sainsburys-bacon---sausage-wraps-x12-260g-7663773-p-44;Sainsbury's Bacon & Sausage Wraps (pigs in blankets) x12 260g;£3.00/unit;£11.54/kg;Coleslaw, olives, salads & dips;party-food-128152-44;280;16.6;11.2;0.9;18.5;6.6;1.0;2.05;
sainsburys-bacon---sausage-wraps-x12-260g-7663773-p-44;Sainsbury's Bacon & Sausage Wraps (pigs in blankets) x12 260g;£3.00/unit;£11.54/kg;Sausages;sausages;280;16.6;11.2;0.9;18.5;6.6;1.0;2.05;
sainsburys-bacon---sausage-wraps-x12-260g;Sainsbury's Pork Sausage & Bacon Wraps (Pigs In Blankets) x12 260g;£3.00/unit;£11.54/kg;Coleslaw, olives, salads & dips;party-food-128152-44;280;16.6;11.2;0.9;18.5;6.6;1.0;2.05;
sainsburys-bacon---sausage-wraps-x12-260g;Sainsbury's Pork Sausage & Bacon Wraps (Pigs In Blankets) x12 260g;£3.00/unit;£11.54/kg;Sausages;sausages;280;16.6;11.2;0.9;18.5;6.6;1.0;2.05;
sainsburys-bacon--leek---cheddar-quiche--taste-the-difference-400g;Sainsbury's Bacon, Leek & Cheddar Quiche, Taste the Difference 400g;£3.10/unit;£0.78/100g;Pies, pasties & quiche;quiche;269;7.3;24.3;2.5;15.6;8.3;1.0;0.63;
sainsburys-bacon-brunch-with-onion-400g;Sainsbury's Bacon Brunch With Onion 400g;£1.75/unit;£4.38/kg;Canned, tinned & packaged foods;canned-tinned-packaged-vegetables;141;3.8;21.1;0.5;4.1;0.9;2.0;1.05;
sainsburys-bacon-crispies-140g;Sainsbury's Bacon Crispies 140g;£1.00/unit;£0.71/100g;Crisps, nuts & snacking fruit;crisps;480;7.5;65;2.3;21;2.3;1.5;2.1;
sainsburys-bacon-crispies-6x20g;Sainsbury's Bacon Crispies 6x20g;£1.00/unit;£0.83/100g;Crisps, nuts & snacking fruit;crisps;480;7.5;65;2.3;21;2.3;1.5;2.1;
sainsburys-baguette--so-organic-400g;Sainsbury's Baguette, SO Organic 400g;£0.90/unit;£0.23/100g;Baguettes & part baked bread;baguettes-part-baked-bread;null;null;null;null;null;null;null;null;
sainsburys-baguette--so-organic-400g;Sainsbury's Baguette, SO Organic 400g;£0.90/unit;£0.23/100g;From our in store bakery;baguettes-from-our-bakery;null;null;null;null;null;null;null;null;
sainsburys-baguettes-x4;Sainsbury's Baguettes x4;£2.00/unit;£0.50/ea;Baguettes & part baked bread;baguettes-part-baked-bread;285;8.5;58.8;3.8;1.1;0.2;2.9;1.09;
sainsburys-baguettine;Sainsbury's Baguettine;£0.60/unit;£0.60/ea;Baguettes & part baked bread;baguettes-part-baked-bread;null;null;null;null;null;null;null;null;
sainsburys-baguettine;Sainsbury's Baguettine;£0.60/unit;£0.60/ea;From our in store bakery;baguettes-from-our-bakery;null;null;null;null;null;null;null;null;
sainsburys-baguettine;Sainsbury's Baguettine;£0.60/unit;£0.60/ea;From our in store bakery;rolls-bagels-from-our-bakery;null;null;null;null;null;null;null;null;
sainsburys-bake-in-the-bag-line-caught-cod-with-a-rocket---butter-sauce-x2-300g;Sainsbury's Bake In The Bag Line Caught Cod With A Rocket & Pesto Sauce x2 300g;£3.25/unit;£10.83/kg;Fish & seafood;frozen-fish-seafood;119;20.1;0.6;0.5;4.0;2.6;0.5;0.50;
sainsburys-baked-beans--so-organic-420g;Sainsbury's Baked Beans, SO Organic 420g;£0.65/unit;£1.55/kg;Canned, tinned & packaged foods;baked-beans-canned-pasta;95;5.2;15.8;5.8;0.5;0.1;3.9;0.70;
sainsburys-baked-beans-6x420g;Sainsbury's Baked Beans 6x420g;£1.70/unit;£0.67/kg;Canned, tinned & packaged foods;baked-beans-canned-pasta;85;4.3;13;5.0;0.6;0.1;4.5;0.71;
sainsburys-baked-beans-in-reduced-sugar---salt--tomato-sauce-220g;Sainsbury's Baked Beans In Reduced Sugar & Salt, Tomato Sauce 220g;£0.30/unit;£1.36/kg;Canned, tinned & packaged foods;baked-beans-canned-pasta;76;4.4;11;3.4;0.5;0.1;5.2;0.44;
sainsburys-baked-beans-in-tomato-sauce-220g;Sainsbury's Baked Beans In Tomato Sauce 220g;£0.30/unit;£1.36/kg;Canned, tinned & packaged foods;baked-beans-canned-pasta;85;4.3;13;5.0;0.6;0.1;4.5;0.71;
sainsburys-baked-beans-in-tomato-sauce-420g;Sainsbury's Baked Beans In Tomato Sauce 420g;£0.40/unit;£0.95/kg;Canned, tinned & packaged foods;baked-beans-canned-pasta;85;4.3;13;5.0;0.6;0.1;4.5;0.71;
sainsburys-baked-beans-in-tomato-sauce-4x420g;Sainsbury's Baked Beans In Tomato Sauce 4x420g;£1.20/unit;£0.71/kg;Canned, tinned & packaged foods;baked-beans-canned-pasta;85;4.3;13;5.0;0.6;0.1;4.5;0.71;
sainsburys-baked-beans-in-tomato-sauce-with-sausages-420g;Sainsbury's Baked Beans In Tomato Sauce With Sausages 420g;£0.75/unit;£1.79/kg;Canned, tinned & packaged foods;baked-beans-canned-pasta;119;6.3;13.4;4.9;3.7;1.4;3.6;1.13;
sainsburys-baked-beans-snack-pots-in-tomato-sauce-2x200g;Sainsbury's Baked Beans Snack Pots in Tomato Sauce 2x200g;£0.90/unit;£2.25/kg;Canned, tinned & packaged foods;baked-beans-canned-pasta;79;4.0;12.4;3.0;0.5;0.1;4.2;0.50;
sainsburys-baked-beans-with-meatfree-sausages-420g;Sainsbury's Baked Beans With Meatfree Sausages 420g;£0.75/unit;£1.79/kg;Canned, tinned & packaged foods;baked-beans-canned-pasta;91;6.8;9.6;2.9;2.1;0.2;3.3;0.70;
sainsburys-bakery-bramley-apple-pie;Sainsbury's Bakery Bramley Apple Pie;£1.00/unit;£1.00/ea;Cakes;cakes-from-our-bakery-12374-44;null;null;null;null;null;null;null;null;
sainsburys-bakery-bramley-apple-pie;Sainsbury's Bakery Bramley Apple Pie;£1.00/unit;£1.00/ea;Croissants, brioche & pastries;croissants-brioche-pastries;null;null;null;null;null;null;null;null;
sainsburys-bakery-bramley-apple-pie;Sainsbury's Bakery Bramley Apple Pie;£1.00/unit;£1.00/ea;From our in store bakery;cakes-from-our-bakery;null;null;null;null;null;null;null;null;
sainsburys-bakewell-cake-slices-x6;Sainsbury's Bakewell Cake Slices x6;£1.10/unit;£0.18/ea;Cakes;slices-pies-tarts;411;3.0;59.6;40.3;17.5;5.3;1.9;0.35;
sainsburys-bakewell-slice-x3;Sainsbury's Bakewell Slices x3;£1.00/unit;£0.33/ea;Cakes;cakes-from-our-bakery-12374-44;null;null;null;null;null;null;null;null;
sainsburys-bakewell-slice-x3;Sainsbury's Bakewell Slices x3;£1.00/unit;£0.33/ea;From our in store bakery;cakes-from-our-bakery;null;null;null;null;null;null;null;null;
sainsburys-bakewell-tart-350g;Sainsbury's Bakewell Tart 350g;£2.75/unit;£0.79/100g;Desserts & cream;desserts;418;6.9;56.4;31.5;18.0;6.7;1.6;0.22;
sainsburys-baking-%28packet%29-250g;Sainsbury's Baking Block 250g;£0.55/unit;£2.20/kg;Butter, spreads & baking;cooking-and-baking1;675;0.5;0.5;0.5;75.0;28.0;0.5;1.13;
sainsburys-baking-camembert--taste-the-difference-250g;Sainsbury's Baking Camembert, Taste the Difference 250g;£3.00/unit;£12.00/kg;Cheese;organic-taste-the-difference-cheese;310;18.0;1.0;0.5;26.0;19.4;0.5;1.60;
sainsburys-baking-potatoes-%28loose%29;Sainsbury's Baking Potatoes (loose);£1.00/kg;£1.00/kg;Fresh vegetables;potatoes;138;3.8;28.8;1.1;0.2;0;2.7;100;
sainsburys-baking-potatoes-25kg-6001324-p-44;Sainsbury's Baking Potatoes 2.5kg;£2.00/unit;£0.80/kg;Fresh vegetables;potatoes;106;2.5;22.6;1.4;0.5;0.1;2.6;0.01;
sainsburys-baking-potatoes-x4;Sainsbury's Baking Potatoes x4;£1.00/unit;£1.43/kg;Fresh vegetables;potatoes;138;3.8;28.8;1.1;0.2;0;2.7;100;
sainsburys-baking-sweet-potatoes-x2;Sainsbury's Baking Sweet Potatoes x2;£1.25/unit;£2.27/kg;Fresh vegetables;fresh-vegetables-world-exotic;77;1.4;15.8;11.5;0.5;0.1;2.4;0.13;
sainsburys-baking-sweet-potatoes-x2;Sainsbury's Baking Sweet Potatoes x2;£1.25/unit;£2.27/kg;Fresh vegetables;potatoes;77;1.4;15.8;11.5;0.5;0.1;2.4;0.13;
sainsburys-balance-500g;Sainsbury's Balance 500g;£2.00/unit;£0.40/100g;Breakfast cereals;healthier-cereals;371;7.0;81.5;16.3;1.3;0.3;2.6;0.85;
sainsburys-balance-cinnamon-apple---raisins-400g;Sainsbury's Balance Cinnamon Apple & Raisins 400g;£2.00/unit;£0.50/100g;Breakfast cereals;healthier-cereals;358;5.9;79.6;28.1;1.0;0.2;3.3;0.60;
sainsburys-balance-peach---apricot-375g;Sainsbury's Balance Peach & Apricot 375g;£2.00/unit;£0.53/100g;Breakfast cereals;healthier-cereals;374;6.9;82.2;19.2;1.3;0.3;3.0;0.80;
sainsburys-balance-with-red-fruit-375g;Sainsbury's Balance With Red Fruit 375g;£2.00/unit;£0.53/100g;Breakfast cereals;healthier-cereals;374;7.0;81.7;18.5;1.3;0.4;3.6;0.83;
sainsburys-balsamic-dressing--taste-the-difference-255ml;Sainsbury's Balsamic Dressing, Taste The Difference 255ml;£1.85/unit;£0.73/100ml;Table sauces, dressings & condiments;salad-dressings;338;0.5;16.3;14.0;30.0;1.8;0.5;1.02;
sainsburys-balsamic-dressing-250ml;Sainsbury's Balsamic Dressing 250ml;£1.00/unit;£0.40/100ml;Table sauces, dressings & condiments;salad-dressings;124;0.5;19.7;15.2;4.9;0.4;0.5;1.00;
sainsburys-balsamic-glaze-250ml;Sainsbury's Balsamic Glaze 250ml;£2.00/unit;£8.00/ltr;Vinegar, pickles, olives & antipasti;vinegar;278;0.5;69.0;63.0;0.5;0.1;0.5;0.18;
sainsburys-balsamic-vinegar--so-organic-250ml;Sainsbury's Balsamic Vinegar, SO Organic 250ml;£2.00/unit;£8.00/ltr;Table sauces, dressings & condiments;salad-dressings;127;1.5;30.0;25.6;0.5;0.1;0.5;0.07;
sainsburys-balsamic-vinegar--so-organic-250ml;Sainsbury's Balsamic Vinegar, SO Organic 250ml;£2.00/unit;£8.00/ltr;Vinegar, pickles, olives & antipasti;vinegar;127;1.5;30.0;25.6;0.5;0.1;0.5;0.07;
sainsburys-balsamic-vinegar-12-year-old-250ml;Sainsbury's Giacobazzi Aged Balsamic Vinegar 250ml;£14.99/unit;£6.00/100ml;Vinegar, pickles, olives & antipasti;vinegar;null;null;null;null;null;null;null;null;
sainsburys-balsamic-vinegar-250ml;Sainsbury's Balsamic Vinegar 250ml;£1.80/unit;£7.20/ltr;Table sauces, dressings & condiments;salad-dressings;88;0.5;21.6;18.0;0.5;0.1;0.5;0.03;
sainsburys-balsamic-vinegar-250ml;Sainsbury's Balsamic Vinegar 250ml;£1.80/unit;£7.20/ltr;Vinegar, pickles, olives & antipasti;vinegar;88;0.5;21.6;18.0;0.5;0.1;0.5;0.03;
sainsburys-balsamic-vinegar-500ml;Sainsbury's Balsamic Vinegar 500ml;£3.00/unit;£6.00/ltr;Table sauces, dressings & condiments;salad-dressings;88;0.5;21.6;18.0;0.5;0.1;0.5;0.03;
sainsburys-balsamic-vinegar-500ml;Sainsbury's Balsamic Vinegar 500ml;£3.00/unit;£6.00/ltr;Vinegar, pickles, olives & antipasti;vinegar;88;0.5;21.6;18.0;0.5;0.1;0.5;0.03;
sainsburys-balsamic-vinegar-of-modena-3-leaf--taste-the-difference-250ml;Sainsbury's Balsamic Vinegar Of Modena 3 Leaf, Taste the Difference 250ml;£6.00/unit;£24.00/ltr;Table sauces, dressings & condiments;salad-dressings;160;0.5;39.6;32.5;0.5;0.1;0.5;0.04;
sainsburys-balsamic-vinegar-of-modena-3-leaf--taste-the-difference-250ml;Sainsbury's Balsamic Vinegar Of Modena 3 Leaf, Taste the Difference 250ml;£6.00/unit;£24.00/ltr;Vinegar, pickles, olives & antipasti;vinegar;160;0.5;39.6;32.5;0.5;0.1;0.5;0.04;
sainsburys-balsamic-vinegar-of-modena-4-leaf--taste-the-difference-250ml;Sainsbury's Balsamic Vinegar Of Modena 4 Leaf, Taste the Difference 250ml;£12.00/unit;£48.00/ltr;Table sauces, dressings & condiments;salad-dressings;280;1.2;68.0;62.0;0.5;0.2;0.7;0.09;
sainsburys-balsamic-vinegar-of-modena-4-leaf--taste-the-difference-250ml;Sainsbury's Balsamic Vinegar Of Modena 4 Leaf, Taste the Difference 250ml;£12.00/unit;£48.00/ltr;Vinegar, pickles, olives & antipasti;vinegar;280;1.2;68.0;62.0;0.5;0.2;0.7;0.09;
sainsburys-balsamic-vinegarofmodena-1-leaf-250ml;Sainsbury's Balsamic Vinegar Of Modena 1 Leaf 250ml;£1.20/unit;£4.80/ltr;Table sauces, dressings & condiments;salad-dressings;90;0.7;21.9;15.3;0.5;0.1;0.5;0.05;
sainsburys-balsamic-vinegarofmodena-1-leaf-250ml;Sainsbury's Balsamic Vinegar Of Modena 1 Leaf 250ml;£1.20/unit;£4.80/ltr;Vinegar, pickles, olives & antipasti;vinegar;90;0.7;21.9;15.3;0.5;0.1;0.5;0.05;
sainsburys-balti-cooking-sauce-500g;Sainsbury's Balti Cooking Sauce 500g;£1.29/unit;£0.26/100g;Cooking sauces & world foods;indian-cooking-sauces;49;0.5;7.7;4.3;1.6;0.1;1.1;0.47;
sainsburys-balti-paste-295g;Sainsbury's Balti Paste 295g;£1.60/unit;£0.54/100g;Cooking ingredients & oils;cooking-pastes;147;3.7;12.4;6.2;8.1;0.6;4.8;1.75;
sainsburys-balti-paste-295g;Sainsbury's Balti Paste 295g;£1.60/unit;£0.54/100g;Cooking sauces & world foods;indian-cooking-sauces;147;3.7;12.4;6.2;8.1;0.6;4.8;1.75;
sainsburys-banana-date---coconut-muesli-750g;Sainsbury's Banana Date & Coconut Muesli 750g;£2.40/unit;£0.32/100g;Breakfast cereals;muesli-granola-clusters;405;9.7;53.2;13.8;15.2;9.0;8.5;0;
sainsburys-banoffee-pie-470g;Sainsbury's Banoffee Pie 470g;£3.50/unit;£0.74/100g;Desserts & cream;desserts;367;3.0;38.3;18.6;22.0;12.4;1.7;0.30;
sainsburys-banquet-meal-for-2-18kg;Sainsbury's Indian Banquet Meal For 2 1.8kg;£9.00/unit;£4.98/kg;Ready meals;indian-ready-meals;168;3.4;32.7;0.5;2.0;0.2;2.7;0.39;
sainsburys-barbeque-beef-ribs-with-a-rich-soy---worcester-sauce-glaze-560g;Sainsbury's Just Cook Barbeque Beef Ribs With A Rich Soy & Worcester Sauce Glaze 560g;£5.00/unit;£8.93/kg;Beef;beef;225;16.9;6.3;6.2;14.6;6.6;0.5;0.83;
sainsburys-barbeque-beef-ribs-with-a-rich-soy---worcester-sauce-glaze-560g;Sainsbury's Just Cook Barbeque Beef Ribs With A Rich Soy & Worcester Sauce Glaze 560g;£5.00/unit;£8.93/kg;Just Cook, prepared & sauces;just-cook;225;16.9;6.3;6.2;14.6;6.6;0.5;0.83;
sainsburys-barbeque-beef-ribs-with-a-rich-soy---worcester-sauce-glaze-560g;Sainsbury's Just Cook Barbeque Beef Ribs With A Rich Soy & Worcester Sauce Glaze 560g;£5.00/unit;£8.93/kg;Just Cook, prepared & sauces;slow-cook;225;16.9;6.3;6.2;14.6;6.6;0.5;0.83;
sainsburys-barbers-west-country-farmhouse-mature-cheddar-250g;Sainsbury's Barbers West Country Farmhouse Mature Cheddar 250g;£2.15/unit;£8.60/kg;Cheese;cheddar-british-regional-cheese;410;25.0;0.5;0.5;34.4;21.7;null;1.68;
sainsburys-barn-eggs--basics-x18;Sainsbury's Barn Eggs, Basics x18;£1.45/unit;£0.08/ea;Fresh milk & eggs;eggs;143;14.1;0.5;0.5;9.6;2.7;0.5;0.38;
sainsburys-barn-eggs--basics-x18;Sainsbury's Barn Eggs, Basics x18;£1.45/unit;£0.08/ea;Sugar & home baking;home-baking-eggs;143;14.1;0.5;0.5;9.6;2.7;0.5;0.38;
sainsburys-barn-eggs--basics-x6;Sainsbury's Barn Eggs, Basics x6;£0.70/unit;£0.12/ea;Fresh milk & eggs;eggs;143;14.1;0.5;0.5;9.6;2.7;0.5;0.38;
sainsburys-barn-eggs--basics-x6;Sainsbury's Barn Eggs, Basics x6;£0.70/unit;£0.12/ea;Sugar & home baking;home-baking-eggs;143;14.1;0.5;0.5;9.6;2.7;0.5;0.38;
sainsburys-barnsley-lamb-chop-%28approx-480g%29;Sainsbury's Barnsley Lamb Chop, Taste the Difference (approx. 483g);£16.00/kg;£16.00/kg;Lamb;lamb;240;18.1;2.1;0.5;17.7;8.1;0.5;0.22;
sainsburys-barnsley-lamb-chop-%28approx-480g%29;Sainsbury's Barnsley Lamb Chop, Taste the Difference (approx. 483g);£16.00/kg;£16.00/kg;Organic & Taste the Difference;organic-taste-the-difference;240;18.1;2.1;0.5;17.7;8.1;0.5;0.22;
sainsburys-barrel-aged-feta--taste-the-difference-200g;Sainsbury's Barrel Aged Feta, Taste the Difference 200g;£2.50/unit;£12.50/kg;Cheese;cheeseboard-delights;284;16.0;0.5;0.5;24.3;15.4;0.5;3.00;
sainsburys-barrel-aged-feta--taste-the-difference-200g;Sainsbury's Barrel Aged Feta, Taste the Difference 200g;£2.50/unit;£12.50/kg;Cheese;organic-taste-the-difference-cheese;284;16.0;0.5;0.5;24.3;15.4;0.5;3.00;
sainsburys-basics-basa-fillets-400g;Sainsbury's Basics Basa Fillets 400g;£2.05/unit;£5.13/kg;Fish & seafood;frozen-fish-seafood;120;21.1;0.5;0.5;4.0;1.1;0.5;0.28;
sainsburys-basics-black-pitted-olives-150g;Sainsbury's Black Pitted Olives, Basics 150g;£1.55/unit;£1.03/100g;Coleslaw, olives, salads & dips;olives-tapas-antipasti;101;1.2;6.8;0.5;6.7;1.2;4.2;2.38;
sainsburys-basics-black-pitted-olives-150g;Sainsbury's Black Pitted Olives, Basics 150g;£1.55/unit;£1.03/100g;Vegetarian & meat free;deli-meat-alternatives;101;1.2;6.8;0.5;6.7;1.2;4.2;2.38;
sainsburys-basics-chicken-noodle-pot-70g;Sainsbury's Noodle Pot, Chicken, Basics 70g;£0.45/unit;£5.00/kg;Cooking sauces & world foods;world-foods-instant-snack-meals;146;2.9;21.7;3.9;5.1;2.2;1.0;0.38;
sainsburys-basics-chicken-noodle-pot-70g;Sainsbury's Noodle Pot, Chicken, Basics 70g;£0.45/unit;£5.00/kg;Rice, pasta & noodles;instant-snack-meals;146;2.9;21.7;3.9;5.1;2.2;1.0;0.38;
sainsburys-basics-chocolate---raisin-bars-x6-25g;Sainsbury's Basics Chocolate & Raisin Bars x6 25g;£0.75/unit;£0.50/100g;Biscuits & crackers;biscuits-crackers-kids-lunchbox;400;5.7;75.2;28.5;7.7;3.5;3.3;0.28;
sainsburys-basics-chocolate---raisin-bars-x6-25g;Sainsbury's Basics Chocolate & Raisin Bars x6 25g;£0.75/unit;£0.50/100g;Biscuits & crackers;chocolate-biscuits;400;5.7;75.2;28.5;7.7;3.5;3.3;0.28;
sainsburys-basics-fruit-cocktail-in-syrup-411g;Sainsbury's Basics Fruit Cocktail In Syrup 411g;£0.60/unit;£1.46/kg;Canned, tinned & packaged foods;canned-tinned-packaged-fruit;64;0.5;14.6;14.3;0.5;0.1;1.7;0.02;
sainsburys-basics-fruit-cocktail-in-syrup-411g;Sainsbury's Basics Fruit Cocktail In Syrup 411g;£0.60/unit;£1.46/kg;Fruit & desserts;dessert-fruit;64;0.5;14.6;14.3;0.5;0.1;1.7;0.02;
sainsburys-basics-green-olives-150g;Sainsbury's Green Pitted Olives, Basics 150g;£1.55/unit;£1.03/100g;Coleslaw, olives, salads & dips;olives-tapas-antipasti;121;1.3;7.7;0.5;8.6;1.3;3.7;3.45;
sainsburys-basics-green-olives-150g;Sainsbury's Green Pitted Olives, Basics 150g;£1.55/unit;£1.03/100g;Vegetarian & meat free;deli-meat-alternatives;121;1.3;7.7;0.5;8.6;1.3;3.7;3.45;
sainsburys-basics-pork-sausages-1kg;Sainsbury's Large Pork Sausages, Basics 1kg;£1.50/unit;£1.50/kg;Meat & poultry;frozen-burgers-sausages;224;10.8;12.5;2.6;14.1;5.1;1.9;1.12;
sainsburys-basics-pork-sausages-1kg;Sainsbury's Large Pork Sausages, Basics 1kg;£1.50/unit;£1.50/kg;Meat & poultry;frozen-pork;224;10.8;12.5;2.6;14.1;5.1;1.9;1.12;
sainsburys-basics-toffee-swirl-cheesecake-460g;Sainsbury's Toffee Swirl Cheesecake, Basics 460g;£1.05/unit;£0.23/100g;Ice cream & desserts;frozen-cold-desserts;318;5.1;38.9;23.7;15.6;5.1;0.7;0.30;
sainsburys-basil---pinenuts-margherite--taste-the-difference-250g;Sainsbury's Basil & Pine Nut Margherite, Taste the Difference 250g;£2.50/unit;£10.00/kg;Pizza, pasta & garlic bread;fresh-pasta-sauces;184;8.7;19.4;2.3;7.4;2.3;2.3;1.26;
sainsburys-basil-15g;Sainsbury's Basil 15g;£1.00/unit;£0.67/10g;Cooking ingredients & oils;herbs-spices-seasoning;null;null;null;null;null;null;null;null;
sainsburys-basil-paste-75g;Sainsbury's Basil Paste 75g;£1.60/unit;£2.13/100g;Cooking ingredients & oils;cooking-pastes;130;1.4;10.7;6.1;8.6;0.8;2.0;0.53;
sainsburys-basil-paste-75g;Sainsbury's Basil Paste 75g;£1.60/unit;£2.13/100g;Fresh herbs & ingredients;mediterranean-ingredients;130;1.4;10.7;6.1;8.6;0.8;2.0;0.53;
sainsburys-basmati---wild-rice-500g;Sainsbury's Basmati & Wild Rice 500g;£1.50/unit;£3.00/kg;Rice, pasta & noodles;rice-12592-44;116;2.8;24.5;0.5;0.5;0.1;1.8;0.01;
sainsburys-basmati-rice--taste-the-difference-1kg;Sainsbury's Aged Indian Basmati Rice, Taste the Difference 1kg;£2.70/unit;£2.70/kg;Rice, pasta & noodles;rice-12592-44;117;2.7;25.4;0.5;0.5;0.1;1.0;0.01;
sainsburys-basmati-rice-1kg;Sainsbury's Basmati Rice 1kg;£1.90/unit;£1.90/kg;Rice, pasta & noodles;rice-12592-44;117;2.7;25.4;0.5;0.5;0.1;1.0;0.01;
sainsburys-basmati-rice-2kg;Sainsbury's Basmati Rice 2kg;£3.30/unit;£1.65/kg;Rice, pasta & noodles;rice-12592-44;117;2.7;25.4;0.5;0.5;0.1;1.0;0.01;
sainsburys-basmati-rice-4kg;Sainsbury's Basmati Rice 4kg;£6.00/unit;£1.50/kg;Rice, pasta & noodles;rice-12592-44;117;2.7;25.4;0.5;0.5;0.1;1.0;0.01;
sainsburys-basmati-rice-500g;Sainsbury's Basmati Rice 500g;£1.20/unit;£2.40/kg;Rice, pasta & noodles;rice-12592-44;117;2.7;25.4;0.5;0.5;0.1;1.0;0.01;
sainsburys-basted-turkey-breast-joint-800g;Sainsbury's Frozen Basted Turkey Breast Joint 800g;£7.00/unit;£8.75/kg;Meat & poultry;turkey-duck-game;155;28.1;0.5;0.5;4.5;1.5;0.5;0.48;
sainsburys-batter-mix--basics-128g;Sainsbury's Batter Mix, Basics 125g;£0.20/unit;£1.60/kg;Cooking ingredients & oils;cooking-ingredients-pastry-savoury-mixes;202;5.7;27.7;1.4;7.4;0.7;0.8;0.61;
sainsburys-batter-mix--basics-128g;Sainsbury's Batter Mix, Basics 125g;£0.20/unit;£1.60/kg;Sugar & home baking;cake-sweet-mixes;202;5.7;27.7;1.4;7.4;0.7;0.8;0.61;
sainsburys-batter-mix--basics-128g;Sainsbury's Batter Mix, Basics 125g;£0.20/unit;£1.60/kg;Sugar & home baking;pastry-savoury-mixes;202;5.7;27.7;1.4;7.4;0.7;0.8;0.61;
sainsburys-batter-mix-225g;Sainsbury's Batter Mix 255g;£0.45/unit;£1.76/kg;Cooking ingredients & oils;cooking-ingredients-pastry-savoury-mixes;196;7.9;28.0;1.7;5.1;0.8;3.2;0.59;
sainsburys-batter-mix-225g;Sainsbury's Batter Mix 255g;£0.45/unit;£1.76/kg;Sugar & home baking;cake-sweet-mixes;196;7.9;28.0;1.7;5.1;0.8;3.2;0.59;
sainsburys-batter-mix-225g;Sainsbury's Batter Mix 255g;£0.45/unit;£1.76/kg;Sugar & home baking;pastry-savoury-mixes;196;7.9;28.0;1.7;5.1;0.8;3.2;0.59;
sainsburys-battered-chunky-cod--taste-the-difference-x2-350g;Sainsbury's Battered Chunky Cod, Taste the Difference x2 350g;£3.30/unit;£9.43/kg;Fish & seafood;fishcakes-breaded-fish;206;14.1;14.4;0.5;10.1;1.3;0.5;0.74;
sainsburys-battered-chunky-cod--taste-the-difference-x2-350g;Sainsbury's Battered Chunky Cod, Taste the Difference x2 350g;£3.30/unit;£9.43/kg;Great prices on meat & fish;great-prices-on-meat---fish;206;14.1;14.4;0.5;10.1;1.3;0.5;0.74;
sainsburys-battered-cod-fillets-x4-500g;Sainsbury's Battered Cod Fillets x4 500g;£2.75/unit;£5.50/kg;Fish & seafood;frozen-fish-seafood;209;12.7;14.0;0.6;11.2;0.8;0.8;0.68;
sainsburys-battered-onion-rings-800g;Sainsbury's Battered Onion Rings 800g;£1.50/unit;£1.88/kg;Fruit, vegetables & rice;frozen-vegetables;223;3.0;29.9;4.6;9.5;1.0;3.0;0.70;
sainsburys-battered-onion-rings-800g;Sainsbury's Battered Onion Rings 800g;£1.50/unit;£1.88/kg;Party food;frozen-party-food;223;3.0;29.9;4.6;9.5;1.0;3.0;0.70;
sainsburys-battered-sweet---sour-chicken-400g;Sainsbury's Crispy Sweet & Sour Chicken 400g;£3.30/unit;£8.25/kg;Ready meals;meals-for-1-ready-meals;169;9.9;24.2;15.8;3.2;0.3;1.6;0.58;
sainsburys-battered-sweet---sour-chicken-400g;Sainsbury's Crispy Sweet & Sour Chicken 400g;£3.30/unit;£8.25/kg;Ready meals;oriental-ready-meals;169;9.9;24.2;15.8;3.2;0.3;1.6;0.58;
sainsburys-bavarian-slices-180g;Sainsbury's Bavarian Slices 180g;£2.00/unit;£11.11/kg;Cheese;sliced-grated-cheese;299;20.7;0.5;0.5;24.0;15.8;0.5;3.25;
sainsburys-bay-leaves-6g;Sainsbury's Bay Leaves 6g;£1.00/unit;£1.67/10g;Cooking ingredients & oils;herbs-spices-seasoning;null;null;null;null;null;null;null;null;
sainsburys-bbq-cajun-pork-belly-slices-500g;Sainsbury's BBQ Cajun Pork Belly Slices 500g;£4.00/unit;£8.00/kg;Burgers & BBQ;burgers-bbq;366;21.9;1.4;1.4;30.1;10.3;0.7;0.68;
sainsburys-bbq-cajun-pork-belly-slices-500g;Sainsbury's BBQ Cajun Pork Belly Slices 500g;£4.00/unit;£8.00/kg;Pork;pork;366;21.9;1.4;1.4;30.1;10.3;0.7;0.68;
sainsburys-bbq-chicken---chorizo-kebab-270g-7676841-p-44;Sainsbury's BBQ Chicken & Chorizo Kebab 270g;£4.00/unit;£14.81/kg;Burgers & BBQ;burgers-bbq;214;24.9;0.5;0.5;12.5;3.9;0.5;0.80;
sainsburys-bbq-chicken---chorizo-kebab-270g-7676841-p-44;Sainsbury's BBQ Chicken & Chorizo Kebab 270g;£4.00/unit;£14.81/kg;Chicken;chicken;214;24.9;0.5;0.5;12.5;3.9;0.5;0.80;
sainsburys-bbq-chicken-goujons-245g;Sainsbury's Breaded BBQ Chicken Goujons 245g;£2.00/unit;£8.16/kg;Breaded & coated;breaded-coated-chicken-turkey-pork;241;18.1;15.8;2.4;11.3;0.9;1.9;0.73;
sainsburys-bbq-chicken-goujons-245g;Sainsbury's Breaded BBQ Chicken Goujons 245g;£2.00/unit;£8.16/kg;Chicken;chicken;241;18.1;15.8;2.4;11.3;0.9;1.9;0.73;
sainsburys-bbq-chicken-tikka-kebabs-289g-7676855-p-44;Sainsbury's BBQ Chicken Tikka Kebabs 289g;£3.50/unit;£13.21/kg;Burgers & BBQ;burgers-bbq;205;23.1;4.0;2.5;10.6;2.9;0.6;0.63;
sainsburys-bbq-chicken-tikka-kebabs-289g-7676855-p-44;Sainsbury's BBQ Chicken Tikka Kebabs 289g;£3.50/unit;£13.21/kg;Chicken;chicken;205;23.1;4.0;2.5;10.6;2.9;0.6;0.63;
sainsburys-bbq-chicken-wings-380g;Sainsbury's BBQ Chicken Wings 380g;£3.50/unit;£9.21/kg;Coleslaw, olives, salads & dips;party-food-128152-44;199;17.5;7.4;5.1;10.8;2.3;1.1;0.41;
sainsburys-bbq-chicken-wings-380g;Sainsbury's BBQ Chicken Wings 380g;£3.50/unit;£9.21/kg;Ready meals;mexican-caribbean-american-ready-meals;199;17.5;7.4;5.1;10.8;2.3;1.1;0.41;
sainsburys-bbq-chimichurri-pork-steaks-245g;Sainsbury's BBQ Chimichurri Pork Steaks 245g;£3.00/unit;£12.24/kg;Burgers & BBQ;burgers-bbq;283;26.1;4.5;0.5;17.7;6.5;0.5;0.50;
sainsburys-bbq-chimichurri-pork-steaks-245g;Sainsbury's BBQ Chimichurri Pork Steaks 245g;£3.00/unit;£12.24/kg;Pork;pork;283;26.1;4.5;0.5;17.7;6.5;0.5;0.50;
sainsburys-bbq-coated-peanuts-200g;Sainsbury's BBQ Coated Peanuts 200g;£1.50/unit;£0.75/100g;Crisps, nuts & snacking fruit;nuts;488;14.6;52.1;11.4;23.1;2.5;6.5;1.60;
sainsburys-bbq-cooked-chicken-drumsticks-400g;Sainsbury's Cooked Chicken BBQ Drumsticks 400g;£3.20/unit;£0.80/100g;Cooked meats & snacking;mfp-cooked-chicken-turkey;175;23.4;3.6;3.6;7.3;1.9;0.7;0.97;
sainsburys-bbq-cooked-chicken-drumsticks-400g;Sainsbury's Cooked Chicken BBQ Drumsticks 400g;£3.20/unit;£0.80/100g;Cooked meats, pate & sandwich fillers;cooked-chicken-turkey;175;23.4;3.6;3.6;7.3;1.9;0.7;0.97;
sainsburys-bbq-lamb-shish-kebab-360g;Sainsbury's BBQ Lamb Shish Kebab 360g;£3.50/unit;£9.72/kg;Burgers & BBQ;burgers-bbq;236;19.6;7.7;0.5;13.8;6.3;1.3;0.99;
sainsburys-bbq-lamb-shish-kebab-360g;Sainsbury's BBQ Lamb Shish Kebab 360g;£3.50/unit;£9.72/kg;Lamb;lamb;236;19.6;7.7;0.5;13.8;6.3;1.3;0.99;
sainsburys-bbq-mini-crackers-200g;Sainsbury's BBQ Mini Crackers 200g;£1.30/unit;£0.65/100g;Biscuits & crackers;crackers-savoury-biscuits;472;7.5;65.0;6.7;19.6;2.0;2.8;1.38;
sainsburys-bbq-pizza-sauce-topper-200g;Sainsbury's BBQ Pizza Sauce Topper 200g;£1.15/unit;£0.58/100g;Cooking sauces & world foods;italian-cooking-sauces;110;0.9;25.2;19.5;0.5;0.1;0.5;0.64;
sainsburys-bbq-pork---pepper-kebab-420g;Sainsbury's BBQ Pork & Pepper Kebab 420g;£3.50/unit;£8.33/kg;Burgers & BBQ;burgers-bbq;189;23.4;3.5;3.4;8.9;3.2;0.8;0.58;
sainsburys-bbq-pork---pepper-kebab-420g;Sainsbury's BBQ Pork & Pepper Kebab 420g;£3.50/unit;£8.33/kg;Pork;pork;189;23.4;3.5;3.4;8.9;3.2;0.8;0.58;
sainsburys-bbq-sauce-500g;Sainsbury's BBQ Sauce 500g;£1.20/unit;£0.24/100g;Table sauces, dressings & condiments;tomato-ketchup-brown-bbq-other-sauces;150;1.1;35.7;18.4;0.5;0.1;1.0;1.31;
sainsburys-bbq-smoked-chilli-pulled-pork-600g;Sainsbury's BBQ Smoked Chilli Pulled Pork 600g;£5.00/unit;£8.33/kg;Burgers & BBQ;burgers-bbq;212;26.2;4.6;4.6;9.7;3.7;0.5;0.50;
sainsburys-bbq-smoked-chilli-pulled-pork-600g;Sainsbury's BBQ Smoked Chilli Pulled Pork 600g;£5.00/unit;£8.33/kg;Pork;pork;212;26.2;4.6;4.6;9.7;3.7;0.5;0.50;
sainsburys-bbq-sweet-chilli-beef-kebab-360g;Sainsbury's BBQ Sweet Chilli Beef Kebab 360g;£3.00/unit;£8.33/kg;Beef;beef;222;16.4;7.6;0.5;13.7;5.9;1.0;1.07;
sainsburys-bbq-sweet-chilli-beef-kebab-360g;Sainsbury's BBQ Sweet Chilli Beef Kebab 360g;£3.00/unit;£8.33/kg;Burgers & BBQ;burgers-bbq;222;16.4;7.6;0.5;13.7;5.9;1.0;1.07;
sainsburys-bbq-sweet-chilli-chicken-kebabs-289g;Sainsbury's BBQ Sweet Chilli Chicken Kebabs 289g;£3.50/unit;£13.73/kg;Burgers & BBQ;burgers-bbq;147;27.0;7.8;7.3;0.7;0.3;0.5;0.38;
sainsburys-bbq-sweet-chilli-chicken-kebabs-289g;Sainsbury's BBQ Sweet Chilli Chicken Kebabs 289g;£3.50/unit;£13.73/kg;Chicken;chicken;147;27.0;7.8;7.3;0.7;0.3;0.5;0.38;
sainsburys-bbq-tandoori-chicken-legs-550g;Sainsbury's BBQ Tandoori Chicken Legs 550g;£3.00/unit;£5.45/kg;Burgers & BBQ;burgers-bbq;251;21.2;0.8;0.5;18.0;5.1;0.7;0.58;
sainsburys-bbq-tandoori-chicken-legs-550g;Sainsbury's BBQ Tandoori Chicken Legs 550g;£3.00/unit;£5.45/kg;Chicken;chicken;251;21.2;0.8;0.5;18.0;5.1;0.7;0.58;
sainsburys-bbq-wholegrains-100g;Sainsbury's Honey BBQ Wholegrain Bites 100g;£1.20/unit;£1.20/100g;Crisps, nuts & snacking fruit;crisps;497;7.3;58;9.4;25;2.4;3.7;2.4;
sainsburys-bbq-wholegrains-100g;Sainsbury's Honey BBQ Wholegrain Bites 100g;£1.20/unit;£1.20/100g;Crisps, nuts & snacking fruit;healthier-snacks-12459-44;497;7.3;58;9.4;25;2.4;3.7;2.4;
sainsburys-beacon-fell-creamy-lancashire--taste-the-difference-240g;Sainsbury's Beacon Fell Creamy Lancashire, Taste the Difference 240g;£2.50/unit;£10.42/kg;Cheese;cheddar-british-regional-cheese;371;22.8;0.5;0.5;31.0;19.4;0.5;1.48;
sainsburys-beacon-fell-creamy-lancashire--taste-the-difference-240g;Sainsbury's Beacon Fell Creamy Lancashire, Taste the Difference 240g;£2.50/unit;£10.42/kg;Cheese;cheeseboard-delights;371;22.8;0.5;0.5;31.0;19.4;0.5;1.48;
sainsburys-beacon-fell-creamy-lancashire--taste-the-difference-240g;Sainsbury's Beacon Fell Creamy Lancashire, Taste the Difference 240g;£2.50/unit;£10.42/kg;Cheese;organic-taste-the-difference-cheese;371;22.8;0.5;0.5;31.0;19.4;0.5;1.48;
sainsburys-beans---four-pork-sausages-in-tomato-sauce-220g;Sainsbury's Beans & Four Pork Sausages In Tomato Sauce 220g;£0.50/unit;£2.27/kg;Canned, tinned & packaged foods;baked-beans-canned-pasta;119;6.3;13.4;4.9;3.7;1.4;3.6;1.13;
sainsburys-beans---sausages--basics-420g;Sainsbury's Beans & Sausages, Basics 420g;£0.45/unit;£1.07/kg;Canned, tinned & packaged foods;baked-beans-canned-pasta;98;6.2;11.6;3.7;2.2;0.9;3.5;0.70;
sainsburys-beans-in-tomato-sauce--basics-420g;Sainsbury's Baked Beans In Tomato Sauce, Basics 420g;£0.25/unit;£0.60/kg;Canned, tinned & packaged foods;baked-beans-canned-pasta;77;3.6;12.5;4.8;0.5;0.1;3.5;0.53;
sainsburys-beansprouts-400g;Sainsbury's Beansprouts 400g;£0.60/unit;£1.50/kg;Fresh herbs & ingredients;asian-ingredients;63;1.8;0.7;0.6;5.7;0.9;1.0;0.03;
sainsburys-beansprouts-400g;Sainsbury's Beansprouts 400g;£0.60/unit;£1.50/kg;Fresh vegetables;fresh-vegetables-stir-fry;63;1.8;0.7;0.6;5.7;0.9;1.0;0.03;
sainsburys-beansprouts-400g;Sainsbury's Beansprouts 400g;£0.60/unit;£1.50/kg;Fresh vegetables;fresh-vegetables-world-exotic;63;1.8;0.7;0.6;5.7;0.9;1.0;0.03;
sainsburys-beansprouts-400g;Sainsbury's Beansprouts 400g;£0.60/unit;£1.50/kg;Prepared & ready to eat;prepared-stir-fry;63;1.8;0.7;0.6;5.7;0.9;1.0;0.03;
sainsburys-beansprouts-400g;Sainsbury's Beansprouts 400g;£0.60/unit;£1.50/kg;Prepared & ready to eat;prepared-vegetables;63;1.8;0.7;0.6;5.7;0.9;1.0;0.03;
sainsburys-bearnaise-sauce-125g;Sainsbury's Bearnaise Sauce 125g;£1.50/unit;£1.20/100g;Just Cook, prepared & sauces;stock---gravy;259;1.6;4.3;0.9;26.0;17.6;0.5;0.75;
sainsburys-bearnaise-sauce-160ml;Sainsbury's Bearnaise Sauce 160ml;£0.80/unit;£0.50/100ml;Table sauces, dressings & condiments;condiments;372;0.6;7.9;3.7;37.4;2.5;0.5;1.40;
sainsburys-bearnaise-steak-sauce-150g;Sainsbury's Bearnaise Steak Sauce 150g;£1.20/unit;£0.80/100g;Table sauces, dressings & condiments;tomato-ketchup-brown-bbq-other-sauces;199;1.8;6.7;2.0;18.2;7.8;0.6;0.73;
sainsburys-beef---cracked-black-pepper-sausages--taste-the-difference-x6-350g;Sainsbury's Beef & Cracked Black Pepper Sausages, Taste the Difference x6 350g;£2.50/unit;£7.14/kg;Burgers & BBQ;burgers-bbq;218;21.1;6.1;2.1;12.1;5.2;3.2;1.28;
sainsburys-beef---cracked-black-pepper-sausages--taste-the-difference-x6-350g;Sainsbury's Beef & Cracked Black Pepper Sausages, Taste the Difference x6 350g;£2.50/unit;£7.14/kg;Organic & Taste the Difference;organic-taste-the-difference;218;21.1;6.1;2.1;12.1;5.2;3.2;1.28;
sainsburys-beef---cracked-black-pepper-sausages--taste-the-difference-x6-350g;Sainsbury's Beef & Cracked Black Pepper Sausages, Taste the Difference x6 350g;£2.50/unit;£7.14/kg;Sausages;sausages;218;21.1;6.1;2.1;12.1;5.2;3.2;1.28;
sainsburys-beef---london-porter-ale-soup--taste-the-difference-600g;Sainsbury's Beef & London Porter Ale Soup, Taste the Difference 600g;£2.00/unit;£0.33/100g;Soup & lunchtime snacks;fresh-soups;48;3.1;7.2;2.7;0.5;0.2;null;0.35;
sainsburys-beef---london-porter-ale-soup--taste-the-difference-600g;Sainsbury's Beef & London Porter Ale Soup, Taste the Difference 600g;£2.00/unit;£0.33/100g;Soup & lunchtime snacks;lunchtime-snacks;48;3.1;7.2;2.7;0.5;0.2;null;0.35;
sainsburys-beef---pork-italian-style-meatballs--taste-the-difference-400g;Sainsbury's Beef & Pork Italian Style Meatballs, Taste the Difference 400g;£3.35/unit;£8.38/kg;Beef;beef;278;19.5;1.1;0.5;21.4;8.7;1.2;0.97;
sainsburys-beef---pork-italian-style-meatballs--taste-the-difference-400g;Sainsbury's Beef & Pork Italian Style Meatballs, Taste the Difference 400g;£3.35/unit;£8.38/kg;Great prices on meat & fish;great-prices-on-meat---fish;278;19.5;1.1;0.5;21.4;8.7;1.2;0.97;
sainsburys-beef---tomato-burgers--taste-the-difference-340g-7620222-p-44;Sainsbury's Beef & Tomato Burgers, Taste the Difference  x2 340g;£3.30/unit;£9.71/kg;Beef;beef;220;21.7;5.0;1.6;12.5;5.1;0.6;0.93;
sainsburys-beef---tomato-burgers--taste-the-difference-340g-7620222-p-44;Sainsbury's Beef & Tomato Burgers, Taste the Difference  x2 340g;£3.30/unit;£9.71/kg;Burgers & BBQ;burgers-bbq;220;21.7;5.0;1.6;12.5;5.1;0.6;0.93;
sainsburys-beef---tomato-burgers--taste-the-difference-340g-7620222-p-44;Sainsbury's Beef & Tomato Burgers, Taste the Difference  x2 340g;£3.30/unit;£9.71/kg;Organic & Taste the Difference;organic-taste-the-difference;220;21.7;5.0;1.6;12.5;5.1;0.6;0.93;
sainsburys-beef---tomato-noodle-pot-90g;Sainsbury's Noodle Pot, Beef & Tomato 90g;£0.70/unit;£7.78/kg;Cooking sauces & world foods;world-foods-instant-snack-meals;142;3.8;22.0;2.9;4.0;1.7;1.5;0.40;
sainsburys-beef---tomato-noodle-pot-90g;Sainsbury's Noodle Pot, Beef & Tomato 90g;£0.70/unit;£7.78/kg;Rice, pasta & noodles;instant-snack-meals;142;3.8;22.0;2.9;4.0;1.7;1.5;0.40;
sainsburys-beef---vegetable-pasties--basics-x4-600g;Sainsbury's Beef & Vegetable Pasties, Basics x4 600g;£1.55/unit;£0.26/100g;Pies, pasties & quiche;sausage-rolls-savouries;303;7.5;24.3;2.1;18.5;8.7;4.5;0.61;
sainsburys-beef---vegetable-pasties--basics-x4-600g;Sainsbury's Beef & Vegetable Pasties, Basics x4 600g;£1.55/unit;£0.26/100g;Pies, pasties & quiche;slices-pasties;303;7.5;24.3;2.1;18.5;8.7;4.5;0.61;
sainsburys-beef---vegetable-soup-400g;Sainsbury's Beef & Vegetable Soup 400g;£0.55/unit;£0.14/100g;Canned, tinned & packaged foods;soups;51;2.4;6.4;1.9;1.5;0.6;0.9;0.55;
sainsburys-beef--red-pepper---chilli-meatballs--taste-the-difference-400g;Sainsbury's Beef, Red Pepper & Chilli Meatballs, Taste the Difference 400g;£3.35/unit;£8.38/kg;Beef;beef;183;21.6;4.2;2.5;8.6;3.5;1.0;0.97;
sainsburys-beef--red-pepper---chilli-meatballs--taste-the-difference-400g;Sainsbury's Beef, Red Pepper & Chilli Meatballs, Taste the Difference 400g;£3.35/unit;£8.38/kg;Great prices on meat & fish;great-prices-on-meat---fish;183;21.6;4.2;2.5;8.6;3.5;1.0;0.97;
sainsburys-beef-bolognese-400g;Sainsbury's Beef Bolognese 400g;£1.50/unit;£3.75/kg;Canned, tinned & packaged foods;canned-tinned-packaged-hot-meat-meals;111;10.0;6.0;3.0;5.0;1.8;1.0;0.75;
sainsburys-beef-boneless-rib-roast-small-%28approx-107kg%29;Sainsbury's Beef Boneless Rib Roast Small (approx. 1.225kg);£15.00/kg;£15.00/kg;Beef;beef;296;28.9;0.5;0.5;20.0;8.4;0.5;0.20;
sainsburys-beef-bourguignon--taste-the-difference-bistro-800g;Sainsbury's Bistro Beef Bourguignon, Taste the Difference Bistro 800g;£6.00/unit;£7.50/kg;Ready meals;mediterranean-other-cuisine-ready-meals;137;10.5;12.7;2.7;3.8;1.2;4.9;0.53;
sainsburys-beef-bourguignon--taste-the-difference-bistro-800g;Sainsbury's Bistro Beef Bourguignon, Taste the Difference Bistro 800g;£6.00/unit;£7.50/kg;Ready meals;taste-the-difference-bistro-ready-meals;137;10.5;12.7;2.7;3.8;1.2;4.9;0.53;
sainsburys-beef-braising-steak-450g;Sainsbury's Beef Braising Steak 450g;£3.80/unit;£8.44/kg;Beef;beef;169;32.2;1.2;0.5;3.9;1.4;0.5;0.20;
sainsburys-beef-burgers--basics-x8-397g;Sainsbury's Beef Burgers, Basics x8 397g;£1.20/unit;£3.02/kg;Meat & poultry;frozen-beef;236;12.9;11.9;1.9;15.2;6.5;0.5;0.91;
sainsburys-beef-burgers--basics-x8-397g;Sainsbury's Beef Burgers, Basics x8 397g;£1.20/unit;£3.02/kg;Meat & poultry;frozen-burgers-sausages;236;12.9;11.9;1.9;15.2;6.5;0.5;0.91;
sainsburys-beef-burgers-with-caramalised-onion--taste-the-difference-x2-340g;Sainsbury's Beef Burgers With Caramelised Onion, Taste the Difference x2 340g;£3.30/unit;£9.71/kg;Beef;beef;216;20.2;7.8;4.7;11.5;4.9;0.5;0.95;
sainsburys-beef-burgers-with-caramalised-onion--taste-the-difference-x2-340g;Sainsbury's Beef Burgers With Caramelised Onion, Taste the Difference x2 340g;£3.30/unit;£9.71/kg;Burgers & BBQ;burgers-bbq;216;20.2;7.8;4.7;11.5;4.9;0.5;0.95;
sainsburys-beef-burgers-with-caramalised-onion--taste-the-difference-x2-340g;Sainsbury's Beef Burgers With Caramelised Onion, Taste the Difference x2 340g;£3.30/unit;£9.71/kg;Organic & Taste the Difference;organic-taste-the-difference;216;20.2;7.8;4.7;11.5;4.9;0.5;0.95;
sainsburys-beef-burgers-with-onion-x16-908g;Sainsbury's Beef Burgers With Onion x16 908g;£3.50/unit;£3.85/kg;Meat & poultry;frozen-beef;286;21.5;3.8;0.5;20.5;9.4;0.5;1.15;
sainsburys-beef-burgers-with-onion-x16-908g;Sainsbury's Beef Burgers With Onion x16 908g;£3.50/unit;£3.85/kg;Meat & poultry;frozen-burgers-sausages;286;21.5;3.8;0.5;20.5;9.4;0.5;1.15;
sainsburys-beef-burgers-with-onion-x8-454g;Sainsbury's Beef Burgers With Onion x8 454g;£2.00/unit;£4.41/kg;Meat & poultry;frozen-beef;286;21.5;3.8;0.5;20.5;9.4;0.5;1.15;
sainsburys-beef-burgers-with-onion-x8-454g;Sainsbury's Beef Burgers With Onion x8 454g;£2.00/unit;£4.41/kg;Meat & poultry;frozen-burgers-sausages;286;21.5;3.8;0.5;20.5;9.4;0.5;1.15;
sainsburys-beef-burgers-with-west-country-cheddar--taste-the-difference-x2-340g;Sainsbury's Beef Burgers With West Country Cheddar, Taste the Difference x2 340g;£3.30/unit;£9.71/kg;Beef;beef;237;23.7;2.6;0.5;14.5;6.9;0.5;1.02;
sainsburys-beef-burgers-with-west-country-cheddar--taste-the-difference-x2-340g;Sainsbury's Beef Burgers With West Country Cheddar, Taste the Difference x2 340g;£3.30/unit;£9.71/kg;Burgers & BBQ;burgers-bbq;237;23.7;2.6;0.5;14.5;6.9;0.5;1.02;
sainsburys-beef-burgers-with-west-country-cheddar--taste-the-difference-x2-340g;Sainsbury's Beef Burgers With West Country Cheddar, Taste the Difference x2 340g;£3.30/unit;£9.71/kg;Organic & Taste the Difference;organic-taste-the-difference;237;23.7;2.6;0.5;14.5;6.9;0.5;1.02;
sainsburys-beef-burrito-400g;Sainsbury's Beef Burrito 400g;£3.00/unit;£7.50/kg;Ready meals;meals-for-1-ready-meals;196;7.5;23.9;2.9;7.2;2.6;2.9;0.57;
sainsburys-beef-burrito-400g;Sainsbury's Beef Burrito 400g;£3.00/unit;£7.50/kg;Ready meals;mexican-caribbean-american-ready-meals;196;7.5;23.9;2.9;7.2;2.6;2.9;0.57;
sainsburys-beef-cannelloni-430g;Sainsbury's Beef Cannelloni 430g;£2.30/unit;£5.35/kg;Ready meals;italian-ready-meals;137;7.3;8.7;4.8;7.2;3.2;4.3;0.60;
sainsburys-beef-cannelloni-430g;Sainsbury's Beef Cannelloni 430g;£2.30/unit;£5.35/kg;Ready meals;meals-for-1-ready-meals;137;7.3;8.7;4.8;7.2;3.2;4.3;0.60;
sainsburys-beef-casserole-400g;Sainsbury's Beef Casserole 400g;£1.50/unit;£3.75/kg;Canned, tinned & packaged foods;canned-tinned-packaged-hot-meat-meals;79;9.1;6.1;3.4;1.8;0.4;1.2;0.68;
sainsburys-beef-casserole-mix-40g;Sainsbury's Beef Casserole Mix 40g;£0.40/unit;£1.00/100g;Cooking sauces & world foods;packet-sauces;78;10.6;5.0;4.4;1.4;0.5;1.7;0.43;
sainsburys-beef-chilli---rice-450g;Sainsbury's Beef Chilli & Rice 450g;£3.00/unit;£6.67/kg;Ready meals;mexican-caribbean-american-ready-meals;146;7.3;16.9;2.9;4.9;1.9;2.8;0.13;
sainsburys-beef-chilli-taco-bowl-400g;Sainsbury's Beef Chilli Taco Bowl 400g;£3.00/unit;£7.50/kg;Ready meals;mexican-caribbean-american-ready-meals;191;8.2;19.6;3.4;8.2;3.0;3.1;0.45;
sainsburys-beef-curry--basics-400g;Sainsbury's Beef Curry, Basics 400g;£1.00/unit;£2.50/kg;Ready meals & pies;frozen-ready-meals;130;5.0;20.0;1.4;2.9;1.4;2.1;0.59;
sainsburys-beef-curry--mild-400g;Sainsbury's Beef Curry, Mild 400g;£1.50/unit;£3.75/kg;Canned, tinned & packaged foods;canned-tinned-packaged-hot-meat-meals;119;10.7;6.7;3.2;5.2;1.2;1.3;0.83;
sainsburys-beef-fillet-steak-%28approx-1kg%29;Sainsbury's Beef Fillet Steak x2 (approx. 300g / 10.5oz);£30.00/kg;£30.00/kg;Beef;beef;159;25.1;0.5;0.5;6.5;3.0;0.5;0.18;
sainsburys-beef-fillet-steak--so-organic-%28approx-300g%29;Sainsbury's Beef Fillet Steak, SO Organic (approx. 200g / 7oz);£34.50/kg;£34.50/kg;Beef;beef;171;27.2;0.5;0.5;6.7;3.1;0.5;0.20;
sainsburys-beef-fillet-steak--so-organic-%28approx-300g%29;Sainsbury's Beef Fillet Steak, SO Organic (approx. 200g / 7oz);£34.50/kg;£34.50/kg;Organic & Taste the Difference;organic-taste-the-difference;171;27.2;0.5;0.5;6.7;3.1;0.5;0.20;
sainsburys-beef-fillet-steak-x-2-%28approx%29;Sainsbury's Beef Fillet Steak, Taste the Difference x 2 (approx. 340g / 12oz);£34.50/kg;£34.50/kg;Beef;beef;234;26.4;0.5;0.5;14.3;8.2;null;0.25;
sainsburys-beef-fillet-steak-x-2-%28approx%29;Sainsbury's Beef Fillet Steak, Taste the Difference x 2 (approx. 340g / 12oz);£34.50/kg;£34.50/kg;Organic & Taste the Difference;organic-taste-the-difference;234;26.4;0.5;0.5;14.3;8.2;null;0.25;
sainsburys-beef-frying-steak--basics-700g;Sainsbury's Beef Frying Steak, Basics 700g;£4.50/unit;£6.43/kg;Beef;beef;192;28.5;0.7;0.5;8.3;3.2;0.5;0.20;
sainsburys-beef-gravy--reduced-salt-170g;Sainsbury's Beef Gravy, Reduced Salt 170g;£0.70/unit;£0.41/100g;Cooking ingredients & oils;gravy;35;0.5;3.6;1.7;2.1;1.3;0.5;0.69;
sainsburys-beef-gravy--taste-the-difference-450g;Sainsbury's Beef Gravy, Taste the Difference 450g;£3.00/unit;£0.67/100g;Beef;beef;89;4.2;7.0;2.5;4.8;1.9;0.5;0.75;
sainsburys-beef-gravy--taste-the-difference-450g;Sainsbury's Beef Gravy, Taste the Difference 450g;£3.00/unit;£0.67/100g;Just Cook, prepared & sauces;stock---gravy;89;4.2;7.0;2.5;4.8;1.9;0.5;0.75;
sainsburys-beef-gravy--taste-the-difference-450g;Sainsbury's Beef Gravy, Taste the Difference 450g;£3.00/unit;£0.67/100g;Organic & Taste the Difference;organic-taste-the-difference;89;4.2;7.0;2.5;4.8;1.9;0.5;0.75;
sainsburys-beef-gravy-300g;Sainsbury's Beef Gravy 300g;£1.50/unit;£0.50/100g;Beef;beef;41;3.1;4.4;0.7;1.1;0.5;0.5;0.75;
sainsburys-beef-gravy-300g;Sainsbury's Beef Gravy 300g;£1.50/unit;£0.50/100g;Just Cook, prepared & sauces;stock---gravy;41;3.1;4.4;0.7;1.1;0.5;0.5;0.75;
sainsburys-beef-grills-x4-340g;Sainsbury's Beef Grills x4 340g;£2.00/unit;£5.88/kg;Meat & poultry;frozen-beef;316;29.9;1.7;0.5;20.9;9.9;0.5;1.33;
sainsburys-beef-in-ale-cooking-sauce-500g;Sainsbury's Beef & Ale Casserole Cooking Sauce 500g;£1.29/unit;£0.26/100g;Cooking sauces & world foods;traditional-cooking-sauces;31;0.9;6.5;1.8;0.5;0.1;0.5;0.65;
sainsburys-beef-in-black-bean---rice-450g;Sainsbury's Beef In Black Bean & Rice 450g;£3.00/unit;£6.67/kg;Ready meals;meals-for-1-ready-meals;130;6.7;13.8;1.6;4.7;0.6;3.0;0.68;
sainsburys-beef-in-black-bean---rice-450g;Sainsbury's Beef In Black Bean & Rice 450g;£3.00/unit;£6.67/kg;Ready meals;oriental-ready-meals;130;6.7;13.8;1.6;4.7;0.6;3.0;0.68;
sainsburys-beef-in-black-bean---rice-450g;Sainsbury's Beef In Black Bean & Rice 450g;£3.00/unit;£6.67/kg;Soup & lunchtime snacks;lunchtime-snacks;130;6.7;13.8;1.6;4.7;0.6;3.0;0.68;
sainsburys-beef-in-gravy--basics-210g;Sainsbury's Beef In Gravy, Basics 210g;£1.00/unit;£4.76/kg;Ready meals & pies;frozen-ready-meals;77;10.9;6.5;1.5;0.7;0.4;0.5;1.30;
sainsburys-beef-lasagne--basics-400g;Sainsbury's Beef Lasagne, Basics 400g;£1.00/unit;£2.50/kg;Ready meals & pies;frozen-ready-meals;121;6.5;13.8;3.2;4.1;2.1;1.3;0.49;
sainsburys-beef-lasagne--be-good-to-yourself-390g-7571422-p-44;Sainsbury's Beef Lasagne, Be Good To Yourself 390g;£1.20/unit;£3.08/kg;Ready meals & pies;frozen-healthier-meals;96;6.0;14.1;2.1;1.6;0.8;0.7;0.50;
sainsburys-beef-lasagne--be-good-to-yourself-390g-7571422-p-44;Sainsbury's Beef Lasagne, Be Good To Yourself 390g;£1.20/unit;£3.08/kg;Ready meals & pies;frozen-ready-meals;96;6.0;14.1;2.1;1.6;0.8;0.7;0.50;
sainsburys-beef-lasagne--be-good-to-yourself-390g;Sainsbury's Beef Lasagne, Be Good To Yourself 390g;£2.40/unit;£6.15/kg;Ready meals;healthier-choice-ready-meals;104;7.5;11.8;3.0;2.6;1.3;2.1;0.45;
sainsburys-beef-lasagne--be-good-to-yourself-390g;Sainsbury's Beef Lasagne, Be Good To Yourself 390g;£2.40/unit;£6.15/kg;Ready meals;italian-ready-meals;104;7.5;11.8;3.0;2.6;1.3;2.1;0.45;
sainsburys-beef-lasagne--be-good-to-yourself-390g;Sainsbury's Beef Lasagne, Be Good To Yourself 390g;£2.40/unit;£6.15/kg;Ready meals;meals-for-1-ready-meals;104;7.5;11.8;3.0;2.6;1.3;2.1;0.45;
sainsburys-beef-lasagne-400g-7571591-p-44;Sainsbury's Beef Lasagne 400g;£1.50/unit;£3.75/kg;Ready meals & pies;frozen-ready-meals;122;6.4;12.6;2.7;4.8;2.4;1.2;0.46;
sainsburys-beef-lasagne-430g;Sainsbury's Beef Lasagne 430g;£2.30/unit;£5.35/kg;Ready meals;italian-ready-meals;162;8.7;10.6;3.2;9.0;4.4;1.9;0.53;
sainsburys-beef-lasagne-430g;Sainsbury's Beef Lasagne 430g;£2.30/unit;£5.35/kg;Ready meals;meals-for-1-ready-meals;162;8.7;10.6;3.2;9.0;4.4;1.9;0.53;
sainsburys-beef-lasagne-800g;Sainsbury's Beef Lasagne 800g;£4.00/unit;£5.00/kg;Ready meals;italian-ready-meals;151;7.8;7.4;4.2;8.4;3.9;7.8;0.50;
sainsburys-beef-madras-curry-400g;Sainsbury's Beef Curry, Madras 400g;£1.50/unit;£3.75/kg;Canned, tinned & packaged foods;canned-tinned-packaged-hot-meat-meals;132;11;8.4;4.1;6.0;1.3;1.2;0.98;
sainsburys-beef-meatballs--taste-the-difference-400g;Sainsbury's Beef Meatballs, Taste the Difference 400g;£3.35/unit;£8.38/kg;Beef;beef;208;16.7;1.5;0.5;15.0;7.2;0.5;0.93;
sainsburys-beef-meatballs--taste-the-difference-400g;Sainsbury's Beef Meatballs, Taste the Difference 400g;£3.35/unit;£8.38/kg;Great prices on meat & fish;great-prices-on-meat---fish;208;16.7;1.5;0.5;15.0;7.2;0.5;0.93;
sainsburys-beef-meatballs-500g;Sainsbury's Beef Meatballs 500g;£2.50/unit;£5.00/kg;Meat & poultry;frozen-beef;247;21.5;3.6;0.5;16.3;7.4;0.5;0.75;
sainsburys-beef-mince-15kg;Sainsbury's Beef Mince 20% Fat 1.5kg;£6.95/unit;£4.63/kg;Meat & poultry;frozen-beef;278;24.0;0.5;0.5;20.0;9.5;0.5;0.27;
sainsburys-beef-paste-75g;Sainsbury's Beef Paste 75g;£0.45/unit;£0.60/100g;Jams, honey & spreads;savoury-pastes;207;15.3;1.3;0.2;14.9;5.7;3.1;0.83;
sainsburys-beef-quarter-pounders--butchers-choice-x8-908g;Sainsbury's Beef Quarter Pounders, Butcher's Choice x8 908g;£5.00/unit;£5.51/kg;Beef;beef;229;16.6;2.7;1.7;16.9;7.3;0;0.63;
sainsburys-beef-quarter-pounders--butchers-choice-x8-908g;Sainsbury's Beef Quarter Pounders, Butcher's Choice x8 908g;£5.00/unit;£5.51/kg;Burgers & BBQ;burgers-bbq;229;16.6;2.7;1.7;16.9;7.3;0;0.63;
sainsburys-beef-quarter-pounders-x4-454g;Sainsbury's Beef Quarter Pounders x4 454g;£2.00/unit;£4.41/kg;Meat & poultry;frozen-beef;269;21.1;2.4;0.5;19.5;8.5;0.5;1.08;
sainsburys-beef-quarter-pounders-x4-454g;Sainsbury's Beef Quarter Pounders x4 454g;£2.00/unit;£4.41/kg;Meat & poultry;frozen-burgers-sausages;269;21.1;2.4;0.5;19.5;8.5;0.5;1.08;
sainsburys-beef-rib-eye-steak--so-organic-%28approx-350g%29;Sainsbury's Beef Rib Eye Steak, SO Organic (approx. 260g / 9oz);£23.00/kg;£23.00/kg;Beef;beef;261;23.4;0.5;0.5;18.5;9.6;0.5;0.25;
sainsburys-beef-rib-eye-steak--so-organic-%28approx-350g%29;Sainsbury's Beef Rib Eye Steak, SO Organic (approx. 260g / 9oz);£23.00/kg;£23.00/kg;Organic & Taste the Difference;organic-taste-the-difference;261;23.4;0.5;0.5;18.5;9.6;0.5;0.25;
sainsburys-beef-roasting-joint-601g;Sainsbury's Beef Roasting Joint 728g;£8.00/unit;£10.99/kg;Beef;beef;183;33.0;0.5;0.5;5.6;2.2;null;0.18;
sainsburys-beef-rump-steak-250g;Sainsbury's Beef Rump Steak 250g;£4.00/unit;£16.00/kg;Beef;beef;196;22.1;0.5;0.5;11.9;5.0;0.5;0.18;
sainsburys-beef-rump-steak-large-%28approx-540g---19oz%29-79907-p-44;Sainsbury's Beef Rump Steak Large (approx. 540g / 19oz);£16.00/kg;£16.00/kg;Beef;beef;196;22.1;0.5;0.5;11.9;5.0;0.5;0.18;
sainsburys-beef-rump-steak-large-%28approx-540g---19oz%29-79907-p-44;Sainsbury's Beef Rump Steak Large (approx. 540g / 19oz);£16.00/kg;£16.00/kg;Great prices on meat & fish;great-prices-on-meat---fish;196;22.1;0.5;0.5;11.9;5.0;0.5;0.18;
sainsburys-beef-sirloin--so-organic-%28approx-405g%29;Sainsbury's Beef Sirloin, So Organic (approx. 405g);£22.50/kg;£22.50/kg;Beef;beef;207;24.5;0.9;0.5;11.7;5.7;0.5;0.30;
sainsburys-beef-sirloin--so-organic-%28approx-405g%29;Sainsbury's Beef Sirloin, So Organic (approx. 405g);£22.50/kg;£22.50/kg;Organic & Taste the Difference;organic-taste-the-difference;207;24.5;0.9;0.5;11.7;5.7;0.5;0.30;
sainsburys-beef-sirloin-steak--large-x2-%28approx-375g%29;Sainsbury's Beef Sirloin Steak, Large x2 (approx. 375g);£15.00/kg;£15.00/kg;Beef;beef;213;27.6;0.5;0.5;11.4;4.9;0.5;0.20;
sainsburys-beef-steak---red-onion-burgers--taste-the-difference-x4-680g;Sainsbury's Beef Steak & Red Onion Burgers, Taste the Difference x4 680g;£2.50/unit;£3.68/kg;Beef;beef;216;20.2;7.8;4.7;11.5;4.9;0.5;0.95;
sainsburys-beef-steak---red-onion-burgers--taste-the-difference-x4-680g;Sainsbury's Beef Steak & Red Onion Burgers, Taste the Difference x4 680g;£2.50/unit;£3.68/kg;Burgers & BBQ;burgers-bbq;216;20.2;7.8;4.7;11.5;4.9;0.5;0.95;
sainsburys-beef-steak---red-onion-burgers--taste-the-difference-x4-680g;Sainsbury's Beef Steak & Red Onion Burgers, Taste the Difference x4 680g;£2.50/unit;£3.68/kg;Organic & Taste the Difference;organic-taste-the-difference;216;20.2;7.8;4.7;11.5;4.9;0.5;0.95;
sainsburys-beef-steaks-with-peppercorn-324g;Sainsbury's Just Cook Beef Steaks With Peppercorn Sauce x2 324g;£3.50/unit;£10.80/kg;Beef;beef;157;21.1;1.4;0.5;7.4;3.4;0.5;0.26;
sainsburys-beef-steaks-with-peppercorn-324g;Sainsbury's Just Cook Beef Steaks With Peppercorn Sauce x2 324g;£3.50/unit;£10.80/kg;Great prices on meat & fish;great-prices-on-meat---fish;157;21.1;1.4;0.5;7.4;3.4;0.5;0.26;
sainsburys-beef-steaks-with-peppercorn-324g;Sainsbury's Just Cook Beef Steaks With Peppercorn Sauce x2 324g;£3.50/unit;£10.80/kg;Just Cook, prepared & sauces;just-cook;157;21.1;1.4;0.5;7.4;3.4;0.5;0.26;
sainsburys-beef-steaks-with-smoked-garlic-butter-324g;Sainsbury's Just Cook Beef Steaks With Smoked Garlic Butter 324g;£3.50/unit;£10.80/kg;Beef;beef;169;24.4;0.6;0.5;7.6;4.3;0.5;0.26;
sainsburys-beef-steaks-with-smoked-garlic-butter-324g;Sainsbury's Just Cook Beef Steaks With Smoked Garlic Butter 324g;£3.50/unit;£10.80/kg;Burgers & BBQ;burgers-bbq;169;24.4;0.6;0.5;7.6;4.3;0.5;0.26;
sainsburys-beef-steaks-with-smoked-garlic-butter-324g;Sainsbury's Just Cook Beef Steaks With Smoked Garlic Butter 324g;£3.50/unit;£10.80/kg;Great prices on meat & fish;great-prices-on-meat---fish;169;24.4;0.6;0.5;7.6;4.3;0.5;0.26;
sainsburys-beef-steaks-with-smoked-garlic-butter-324g;Sainsbury's Just Cook Beef Steaks With Smoked Garlic Butter 324g;£3.50/unit;£10.80/kg;Just Cook, prepared & sauces;just-cook;169;24.4;0.6;0.5;7.6;4.3;0.5;0.26;
sainsburys-beef-stew-450g;Sainsbury's Beef Stew 450g;£2.30/unit;£5.11/kg;Ready meals;british-ready-meals;154;8.0;13.3;2.2;6.1;3.4;6.5;0.72;
sainsburys-beef-stew-450g;Sainsbury's Beef Stew 450g;£2.30/unit;£5.11/kg;Ready meals;meals-for-1-ready-meals;154;8.0;13.3;2.2;6.1;3.4;6.5;0.72;
sainsburys-beef-stew-dinner-400g;Sainsbury's Beef Stew Dinner 400g;£1.75/unit;£4.38/kg;Ready meals & pies;frozen-ready-meals;93;6.0;10.6;2.3;2.5;1.1;2.1;0.61;
sainsburys-beef-stock-450g;Sainsbury's Beef Stock 450g;£2.00/unit;£0.44/100g;Just Cook, prepared & sauces;stock---gravy;24;5.1;0.5;0.5;0.5;0.1;0.5;0.25;
sainsburys-beef-stock-cubes--basics-10x10g;Sainsbury's Beef Stock Cubes, Basics 10x10g;£0.25/unit;£0.25/100g;Cooking ingredients & oils;stock;6;0.5;0.8;0.5;0.5;0.2;0.5;0.82;
sainsburys-beef-stroganoff---herb-rice--taste-the-difference-450g;Sainsbury's Beef Stroganoff & Herb Rice, Taste the Difference 450g;£3.30/unit;£7.33/kg;Ready meals;meals-for-1-ready-meals;148;8.0;18.2;2.0;4.1;2.0;2.9;0.38;
sainsburys-beef-stroganoff---herb-rice--taste-the-difference-450g;Sainsbury's Beef Stroganoff & Herb Rice, Taste the Difference 450g;£3.30/unit;£7.33/kg;Ready meals;mediterranean-other-cuisine-ready-meals;148;8.0;18.2;2.0;4.1;2.0;2.9;0.38;
sainsburys-beef-stroganoff---herb-rice--taste-the-difference-450g;Sainsbury's Beef Stroganoff & Herb Rice, Taste the Difference 450g;£3.30/unit;£7.33/kg;Ready meals;taste-the-difference-bistro-ready-meals;148;8.0;18.2;2.0;4.1;2.0;2.9;0.38;
sainsburys-beef-sweetflame-chilli-burger--taste-the-difference-340g;Sainsbury's Beef Sweetflame Chilli Burger, Taste the Difference x2 340g;£3.30/unit;£9.71/kg;Beef;beef;183;21.6;4.2;2.5;8.6;3.5;1.0;0.98;
sainsburys-beef-sweetflame-chilli-burger--taste-the-difference-340g;Sainsbury's Beef Sweetflame Chilli Burger, Taste the Difference x2 340g;£3.30/unit;£9.71/kg;Burgers & BBQ;burgers-bbq;183;21.6;4.2;2.5;8.6;3.5;1.0;0.98;
sainsburys-beef-sweetflame-chilli-burger--taste-the-difference-340g;Sainsbury's Beef Sweetflame Chilli Burger, Taste the Difference x2 340g;£3.30/unit;£9.71/kg;Organic & Taste the Difference;organic-taste-the-difference;183;21.6;4.2;2.5;8.6;3.5;1.0;0.98;
sainsburys-beef-tomato;Sainsbury's Beef Tomato (each);£0.80/unit;£4.00/kg;Fresh salad;fresh-salad-tomatoes;20;0.7;3.1;3.1;0.5;0.1;1.0;0.02;
sainsburys-beef-tomato;Sainsbury's Beef Tomato (each);£0.80/unit;£4.00/kg;Fresh vegetables;fresh-vegetables-tomatoes;20;0.7;3.1;3.1;0.5;0.1;1.0;0.02;
sainsburys-beer-battered-onion-rings--taste-the-difference-290g;Sainsbury's Beer Battered Onion Rings, Taste the Difference 290g;£1.60/unit;£5.52/kg;Fruit, vegetables & rice;frozen-vegetables;233;3.6;27.4;3.8;11.4;1.3;3.1;0.63;
sainsburys-beetroot---green-chilli-samosa--taste-the-difference-210g;Sainsbury's Beetroot & Green Chilli Samosa, Taste the Difference 210g;£2.00/unit;£9.52/kg;Ready meals;indian-ready-meals;197;2.3;3.6;1.6;19.0;1.3;1.2;0.30;
sainsburys-beetroot---green-chilli-samosa--taste-the-difference-210g;Sainsbury's Beetroot & Green Chilli Samosa, Taste the Difference 210g;£2.00/unit;£9.52/kg;Ready meals;taste-the-difference-bistro-ready-meals;197;2.3;3.6;1.6;19.0;1.3;1.2;0.30;
sainsburys-beetroot---sesame-dip-180g;Sainsbury's Beetroot & Sesame Dip 180g;£1.40/unit;£0.78/100g;Coleslaw, olives, salads & dips;fresh-dips-houmous;145;4.2;11.8;4.4;8.3;1.7;3.1;1.20;
sainsburys-beetroot-in-vinegar-300g;Sainsbury's Beetroot In Vinegar 300g;£1.00/unit;£0.33/100g;Fresh salad;dressings-coleslaw-accompaniments;40;1.1;7.3;6.4;0.5;0.1;2.2;0.20;
sainsburys-beetroot-in-vinegar-300g;Sainsbury's Beetroot In Vinegar 300g;£1.00/unit;£0.33/100g;Fresh salad;spring-onions-radish-beetroot;40;1.1;7.3;6.4;0.5;0.1;2.2;0.20;
sainsburys-beetroot-in-vinegar-300g;Sainsbury's Beetroot In Vinegar 300g;£1.00/unit;£0.33/100g;Fresh vegetables;peppers-salad-vegetables;40;1.1;7.3;6.4;0.5;0.1;2.2;0.20;
sainsburys-beetroot-salad-250g;Sainsbury's Beetroot Salad 250g;£1.00/unit;£0.40/100g;Coleslaw, olives, salads & dips;coleslaw-salads;54;0.8;9.1;8.0;1.1;0.1;2.1;0.13;
sainsburys-beetroot-salad-250g;Sainsbury's Beetroot Salad 250g;£1.00/unit;£0.40/100g;Fresh salad;dressings-coleslaw-accompaniments;54;0.8;9.1;8.0;1.1;0.1;2.1;0.13;
sainsburys-beetroot-salad-250g;Sainsbury's Beetroot Salad 250g;£1.00/unit;£0.40/100g;Fresh salad;fresh-salad-prepared-ready-to-eat;54;0.8;9.1;8.0;1.1;0.1;2.1;0.13;
sainsburys-beetroot-salad-250g;Sainsbury's Beetroot Salad 250g;£1.00/unit;£0.40/100g;Prepared & ready to eat;prepared-salad-herbs;54;0.8;9.1;8.0;1.1;0.1;2.1;0.13;
sainsburys-beetroot-salad-250g;Sainsbury's Beetroot Salad 250g;£1.00/unit;£0.40/100g;Soup & lunchtime snacks;lunchtime-snacks;54;0.8;9.1;8.0;1.1;0.1;2.1;0.13;
sainsburys-beetroot-salad-250g;Sainsbury's Beetroot Salad 250g;£1.00/unit;£0.40/100g;Vegetarian & meat free;coleslaw--olives--salads---dips-30658-44;54;0.8;9.1;8.0;1.1;0.1;2.1;0.13;
sainsburys-beetroot-vacuum-pack--so-organic-250g;Sainsbury's Beetroot Vacuum Pack, SO Organic 250g;£1.00/unit;£0.40/100g;Fresh salad;dressings-coleslaw-accompaniments;42;0.9;8.2;7.7;0.5;0.1;1.9;0.12;
sainsburys-beetroot-vacuum-pack--so-organic-250g;Sainsbury's Beetroot Vacuum Pack, SO Organic 250g;£1.00/unit;£0.40/100g;Fresh salad;spring-onions-radish-beetroot;42;0.9;8.2;7.7;0.5;0.1;1.9;0.12;
sainsburys-beetroot-vacuum-pack--so-organic-250g;Sainsbury's Beetroot Vacuum Pack, SO Organic 250g;£1.00/unit;£0.40/100g;Fresh vegetables;peppers-salad-vegetables;42;0.9;8.2;7.7;0.5;0.1;1.9;0.12;
sainsburys-beetroot-vacuum-pack--so-organic-250g;Sainsbury's Beetroot Vacuum Pack, SO Organic 250g;£1.00/unit;£0.40/100g;Organic;organic;42;0.9;8.2;7.7;0.5;0.1;1.9;0.12;
sainsburys-beetroot-vacuum-pack-250g;Sainsbury's Beetroot Vacuum Pack 250g;£0.60/unit;£0.24/100g;Fresh salad;dressings-coleslaw-accompaniments;42;1.4;7.2;7.1;0.3;0.2;2.2;0.18;
sainsburys-beetroot-vacuum-pack-250g;Sainsbury's Beetroot Vacuum Pack 250g;£0.60/unit;£0.24/100g;Fresh salad;spring-onions-radish-beetroot;42;1.4;7.2;7.1;0.3;0.2;2.2;0.18;
sainsburys-beetroot-vacuum-pack-250g;Sainsbury's Beetroot Vacuum Pack 250g;£0.60/unit;£0.24/100g;Fresh vegetables;peppers-salad-vegetables;42;1.4;7.2;7.1;0.3;0.2;2.2;0.18;
sainsburys-belgian-almond-florentines--taste-the-difference-100g;Sainsbury's Belgian Almond Florentines, Taste the Difference 100g;£2.00/unit;£2.00/100g;Biscuits & crackers;luxury-continental-biscuits;538;8.6;56.9;38.0;30.7;14.8;1.5;0.25;
sainsburys-belgian-champagne-truffles--taste-the-difference-140g;Sainsbury's Belgian Champagne Truffles, Taste the Difference 140g;£5.00/unit;£3.57/100g;Confectionery;gifting-boxed-chocolate;474;4.6;60.7;53.6;23.4;16.5;1.0;0.13;
sainsburys-belgian-champagne-truffles--taste-the-difference-140g;Sainsbury's Belgian Champagne Truffles, Taste the Difference 140g;£5.00/unit;£3.57/100g;Confectionery;premium-chocolate;474;4.6;60.7;53.6;23.4;16.5;1.0;0.13;
sainsburys-belgian-choc-billionaire-slice--taste-the-difference-60g;Sainsbury's Belgian Choc Billionaire Slice, Taste the Difference 60g;£0.80/unit;£1.33/100g;Cakes;flapjacks-traybakes-bites;518;3.7;60;41;29;17;1.9;0.40;
sainsburys-belgian-choc-billionaire-slice--taste-the-difference-60g;Sainsbury's Belgian Choc Billionaire Slice, Taste the Difference 60g;£0.80/unit;£1.33/100g;Cakes;taste-the-difference;518;3.7;60;41;29;17;1.9;0.40;
sainsburys-belgian-choc-egglets-stickpack--taste-the-difference-70g;Sainsbury's Belgian Chocolate Egglets Stickpack, Taste the Difference 70g;£2.00/unit;£2.86/100g;Confectionery;easter-eggs;545;5.4;53.4;49.1;33.9;19.7;2.2;0.13;
sainsburys-belgian-chocolate-assortment--taste-the-difference-200g;Sainsbury's Belgian Chocolate Assortment, Taste the Difference 200g;£5.00/unit;£2.50/100g;Confectionery;gifting-boxed-chocolate;487;5.5;57.6;50.9;25.3;14.6;3.3;0.13;
sainsburys-belgian-chocolate-assortment--taste-the-difference-200g;Sainsbury's Belgian Chocolate Assortment, Taste the Difference 200g;£5.00/unit;£2.50/100g;Confectionery;premium-chocolate;487;5.5;57.6;50.9;25.3;14.6;3.3;0.13;
sainsburys-belgian-chocolate-assortment--taste-the-difference-400g;Sainsbury's Belgian Chocolate Assortment, Taste the Difference 400g;£8.00/unit;£2.00/100g;Confectionery;gifting-boxed-chocolate;513;5.4;57.2;47.0;28.6;16.3;2.7;0.15;
sainsburys-belgian-chocolate-assortment--taste-the-difference-400g;Sainsbury's Belgian Chocolate Assortment, Taste the Difference 400g;£8.00/unit;£2.00/100g;Confectionery;premium-chocolate;513;5.4;57.2;47.0;28.6;16.3;2.7;0.15;
sainsburys-belgian-chocolate-choux-buns-2x83g;Sainsbury's Belgian Chocolate Choux Buns 2x83g;£1.20/unit;£0.72/100g;Desserts & cream;desserts;379;7.0;26.2;14.8;27.0;12.0;1.9;0.19;
sainsburys-belgian-chocolate-chunk-shortbread--taste-the-difference-175g;Sainsbury's Belgian Chocolate Chunk Shortbread, Taste the Difference 175g;£1.75/unit;£1.00/100g;Biscuits & crackers;everyday-biscuits-shortbread;536;4.9;57.6;27.4;31.1;21.7;2.8;0.48;
sainsburys-belgian-chocolate-chunk-shortbread--taste-the-difference-175g;Sainsbury's Belgian Chocolate Chunk Shortbread, Taste the Difference 175g;£1.75/unit;£1.00/100g;Biscuits & crackers;luxury-continental-biscuits;536;4.9;57.6;27.4;31.1;21.7;2.8;0.48;
sainsburys-belgian-chocolate-cupcakes--taste-the-difference-x2;Sainsbury's Belgian Chocolate Cupcakes, Taste the Difference x2;£2.00/unit;£0.94/100g;Cakes;muffins-small-cakes;486;3.7;54.5;44.2;27.6;14.4;2.3;0.27;
sainsburys-belgian-chocolate-cupcakes--taste-the-difference-x2;Sainsbury's Belgian Chocolate Cupcakes, Taste the Difference x2;£2.00/unit;£0.94/100g;Cakes;taste-the-difference;486;3.7;54.5;44.2;27.6;14.4;2.3;0.27;
sainsburys-belgian-chocolate-eclairs-2x55g;Sainsbury's Belgian Chocolate Eclairs 2x55g;£1.20/unit;£1.09/100g;Desserts & cream;desserts;386;6.5;30.7;21.4;26.0;11.8;1.5;0.16;
sainsburys-belgian-chocolate-flavoured-milk-330ml;Sainsbury's Belgian Double Chocolate Milkshake 330ml;£0.80/unit;£2.42/ltr;Fresh milk & eggs;flavoured-milk-92153-44;110;4.3;13.1;12.2;4.3;2.7;0.8;0.13;
sainsburys-belgian-chocolate-fudge-cake--taste-the-difference-5;Sainsbury's Belgian Chocolate Fudge Cake, Taste the Difference 5'';£2.65/unit;£0.67/100g;Cakes;sponge-slab-loaf-cakes;428;4.4;52.5;29.2;21.7;6.9;2.5;0.58;
sainsburys-belgian-chocolate-fudge-cake--taste-the-difference-5;Sainsbury's Belgian Chocolate Fudge Cake, Taste the Difference 5'';£2.65/unit;£0.67/100g;Cakes;taste-the-difference;428;4.4;52.5;29.2;21.7;6.9;2.5;0.58;
sainsburys-belgian-chocolate-mini-loaf-cakes-x2;Sainsbury's Belgian Chocolate Mini Loaf Cakes x2;£1.80/unit;£0.90/ea;Cakes;muffins-small-cakes;454;4.6;47.8;33.8;26.9;8.1;1.2;0.22;
sainsburys-belgian-chocolate-mini-loaf-cakes-x2;Sainsbury's Belgian Chocolate Mini Loaf Cakes x2;£1.80/unit;£0.90/ea;Cakes;taste-the-difference;454;4.6;47.8;33.8;26.9;8.1;1.2;0.22;
sainsburys-belgian-chocolate-salted-caramel-egg--taste-the-difference-220g;Sainsbury's Belgian Milk Chocolate Easter Egg with Salted Caramel, Taste the Difference 220g;£6.00/unit;£2.73/100g;Confectionery;easter-eggs;541;8.8;51.6;50.6;32.8;20.1;2.0;0.50;
sainsburys-belgian-chocolate-seashells-250g;Sainsbury's Belgian Chocolate Seashells 250g;£2.50/unit;£1.00/100g;Confectionery;gifting-boxed-chocolate;554;6.5;55.9;54.2;33.4;14.2;1.9;0.10;
sainsburys-belgian-chocolate-truffle--taste-the-difference-140g;Sainsbury's Belgian Dark Chocolate Truffle, Taste the Difference 140g;£5.00/unit;£3.57/100g;Confectionery;gifting-boxed-chocolate;525;7.1;39.8;31.4;35.8;23.1;null;0.21;
sainsburys-belgian-cooking-chocolate--milk-200g;Sainsbury's Belgian Cooking Chocolate, Milk 200g;£1.30/unit;£0.65/100g;Sugar & home baking;cooking-chocolate;566;6.6;51.6;50.7;36.6;23.2;1.9;0.19;
sainsburys-belgian-cooking-chocolate--white-200g;Sainsbury's Belgian Cooking Chocolate, White 200g;£1.30/unit;£6.50/kg;Sugar & home baking;cooking-chocolate;559;8.2;54.6;54.1;34.2;21.6;0.5;0.26;
sainsburys-belgian-dark-chips--taste-the-difference-150g;Sainsbury's Belgian Dark Chips, Taste The Difference 150g;£1.40/unit;£0.93/100g;Sugar & home baking;cooking-chocolate;533;8.7;30.5;26.2;38.7;24.3;13.9;0.02;
sainsburys-belgian-dark-chocolate-assortment--taste-the-difference-200g;Sainsbury's Belgian Dark Chocolate Assortment, Taste the Difference 200g;£5.00/unit;£2.50/100g;Confectionery;chocolate;526;5.2;61.3;45.5;27.6;17.3;6.0;0;
sainsburys-belgian-dark-chocolate-assortment--taste-the-difference-200g;Sainsbury's Belgian Dark Chocolate Assortment, Taste the Difference 200g;£5.00/unit;£2.50/100g;Confectionery;gifting-boxed-chocolate;526;5.2;61.3;45.5;27.6;17.3;6.0;0;
sainsburys-belgian-dark-chocolate-assortment--taste-the-difference-200g;Sainsbury's Belgian Dark Chocolate Assortment, Taste the Difference 200g;£5.00/unit;£2.50/100g;Confectionery;premium-chocolate;526;5.2;61.3;45.5;27.6;17.3;6.0;0;
sainsburys-belgian-dark-chocolate-cocoa-egg--taste-the-difference-220g;Sainsbury's Belgian Dark Chocolate Easter Egg with Cocoa Nibs, Taste the Difference 220g;£6.00/unit;£2.73/100g;Confectionery;easter-eggs;538;9.1;28.6;24.1;39.8;23.8;14.5;0.01;
sainsburys-belgian-dark-chocolate-easter-egg--taste-the-difference-100g;Sainsbury's Belgian Dark Chocolate Easter Egg, Taste the Difference 100g;£3.00/unit;£3.00/100g;Confectionery;easter-eggs;533;8.9;30.6;26.2;38.5;23.1;14.1;0.01;
sainsburys-belgian-dark-congo-chocolate--taste-the-difference-100g;Sainsbury's Belgian Dark 60% Cocoa Cooking Chocolate, Taste The Difference 100g;£1.50/unit;£1.50/100g;Sugar & home baking;cooking-chocolate;560;5.8;43.0;39.2;38.7;23.4;8.2;0.01;
sainsburys-belgian-dark-orange-chocolate--taste-the-difference-100g;Sainsbury's Belgian Dark Orange Chocolate, Taste the Difference 100g;£1.40/unit;£1.40/100g;Confectionery;chocolate;562;6.3;34.8;31.3;42.2;26.6;9.0;0.01;
sainsburys-belgian-dark-orange-chocolate--taste-the-difference-100g;Sainsbury's Belgian Dark Orange Chocolate, Taste the Difference 100g;£1.40/unit;£1.40/100g;Confectionery;premium-chocolate;562;6.3;34.8;31.3;42.2;26.6;9.0;0.01;
sainsburys-belgian-fairtrade-dark-chocolate--taste-the-difference-100g;Sainsbury's Belgian Fairtrade Dark Chocolate, Taste the Difference 100g;£1.40/unit;£1.40/100g;Confectionery;chocolate;592;7.0;29.3;25.3;47.4;29.8;10.1;0.02;
sainsburys-belgian-fairtrade-dark-chocolate--taste-the-difference-100g;Sainsbury's Belgian Fairtrade Dark Chocolate, Taste the Difference 100g;£1.40/unit;£1.40/100g;Confectionery;premium-chocolate;592;7.0;29.3;25.3;47.4;29.8;10.1;0.02;
sainsburys-belgian-fairtrade-dark-chocolate--taste-the-difference-40g;Sainsbury's Belgian Fairtrade Dark Chocolate, Taste the Difference 40g;£0.50/unit;£1.25/100g;Confectionery;chocolate;592;7.0;29.3;25.3;47.4;29.8;10.1;0;
sainsburys-belgian-fairtrade-dark-chocolate--taste-the-difference-40g;Sainsbury's Belgian Fairtrade Dark Chocolate, Taste the Difference 40g;£0.50/unit;£1.25/100g;Confectionery;premium-chocolate;592;7.0;29.3;25.3;47.4;29.8;10.1;0;
sainsburys-belgian-fairtrade-milk-chocolate--taste-the-difference-100g;Sainsbury's Belgian Fairtrade Milk Chocolate, Taste the Difference 100g;£1.40/unit;£1.40/100g;Confectionery;chocolate;552;9.6;48.3;47.1;35.2;22.3;2.0;0.28;
sainsburys-belgian-fairtrade-milk-chocolate--taste-the-difference-100g;Sainsbury's Belgian Fairtrade Milk Chocolate, Taste the Difference 100g;£1.40/unit;£1.40/100g;Confectionery;premium-chocolate;552;9.6;48.3;47.1;35.2;22.3;2.0;0.28;
sainsburys-belgian-fruit---nut-dark-chocolate-200g;Sainsbury's Belgian Fruit & Nut Dark Chocolate 200g;£1.35/unit;£0.68/100g;Confectionery;chocolate;508;7.0;47.6;44.5;30.4;16.4;8.1;0.02;
sainsburys-belgian-fruit---nut-milk-chocolate-200g;Sainsbury's Belgian Fruit & Nut Milk Chocolate 200g;£1.35/unit;£0.68/100g;Confectionery;chocolate;515;9.0;51.4;50.3;29.5;16.0;3.9;0.15;
sainsburys-belgian-milk-chips--taste-the-difference-150g;Sainsbury's Belgian Milk Chips, Taste The Difference 150g;£1.40/unit;£0.93/100g;Sugar & home baking;cooking-chocolate;562;7.0;51.0;50.0;36.2;22.9;2.0;0.21;
sainsburys-belgian-milk-chocolate-easter-egg--taste-the-difference-100g;Sainsbury's Belgian Milk Chocolate Easter Egg, Taste the Difference 100g;£3.00/unit;£3.00/100g;Confectionery;easter-eggs;553;9.6;48.0;46.9;35.3;21.2;2.2;0.30;
sainsburys-belgian-milk-chocolate-truffles--taste-the-difference-150g;Sainsbury's Belgian Milk Chocolate Truffles, Taste the Difference 150g;£3.00/unit;£2.00/100g;Confectionery;gifting-boxed-chocolate;584;5.1;50.1;47.7;39.8;31.1;2.7;0.10;
sainsburys-belgian-milk-chocolate-truffles--taste-the-difference-150g;Sainsbury's Belgian Milk Chocolate Truffles, Taste the Difference 150g;£3.00/unit;£2.00/100g;Confectionery;premium-chocolate;584;5.1;50.1;47.7;39.8;31.1;2.7;0.10;
sainsburys-belgian-milk-egg---chocolate-perles--taste-the-difference-450g;Sainsbury's Belgian Milk Egg & Chocolate Perles, Taste the Difference 450g;£8.00/unit;£1.78/100g;Confectionery;easter-eggs;553;9.2;47;46;36;23;2.8;0.26;
sainsburys-belgian-salted-caramels--taste-the-difference-140g;Sainsbury's Belgian Salted Caramels, Taste the Difference 140g;£5.00/unit;£3.57/100g;Confectionery;gifting-boxed-chocolate;466;5.1;63.9;55.4;21.0;13.2;0.5;0.81;
sainsburys-belgian-salted-caramels--taste-the-difference-140g;Sainsbury's Belgian Salted Caramels, Taste the Difference 140g;£5.00/unit;£3.57/100g;Confectionery;premium-chocolate;466;5.1;63.9;55.4;21.0;13.2;0.5;0.81;
sainsburys-belgian-waffles--taste-the-difference-x7-175g;Sainsbury's Belgian Waffles, Taste the Difference x7 175g;£2.00/unit;£0.29/ea;Croissants, brioche & pastries;croissants-brioche-pastries;494;5.9;51.3;33.5;29.2;18.6;1.2;0.65;
sainsburys-belgian-waffles--taste-the-difference-x7-175g;Sainsbury's Belgian Waffles, Taste the Difference x7 175g;£2.00/unit;£0.29/ea;Crumpets, breakfast muffins & pancakes;crumpets-breakfast-muffins-pancakes;494;5.9;51.3;33.5;29.2;18.6;1.2;0.65;
sainsburys-belgian-white-chocolate--taste-the-difference-100g;Sainsbury's Belgian White Chocolate, Taste the Difference 100g;£1.40/unit;£1.40/100g;Confectionery;chocolate;559;8.2;54.6;54.1;34.2;21.6;0.5;0.26;
sainsburys-belgian-white-chocolate--taste-the-difference-100g;Sainsbury's Belgian White Chocolate, Taste the Difference 100g;£1.40/unit;£1.40/100g;Confectionery;premium-chocolate;559;8.2;54.6;54.1;34.2;21.6;0.5;0.26;
sainsburys-belgian-white-chocolate-easter-egg--taste-the-difference-100g;Sainsbury's Belgian White Chocolate Easter Egg, Taste the Difference 100g;£3.00/unit;£300.00/100g;Confectionery;easter-eggs;550;8.3;55.2;54.7;32.9;19.8;0.5;0.30;
sainsburys-belgian-wholenut-dark-chocolate-200g;Sainsbury's Belgian Wholenut Dark Chocolate 200g;£1.35/unit;£0.68/100g;Confectionery;chocolate;555;6.8;41.7;38.7;38.2;18.2;8.6;0.01;
sainsburys-belgian-wholenut-milk-chocolate-200g;Sainsbury's Belgian Wholenut Milk Chocolate 200g;£1.35/unit;£0.68/100g;Confectionery;chocolate;562;9.0;45.8;44.9;37.2;18.0;4.1;0.15;
sainsburys-bellaverde-broccoli--taste-the-difference-200g;Sainsbury's Bellaverde Broccoli, Taste the Difference 200g;£2.00/unit;£10.00/kg;Fresh vegetables;broccoli-cauliflower-cabbage-greens;40;4.3;3.1;1.8;0.6;0.2;2.5;0.02;
sainsburys-bellaverde-broccoli--taste-the-difference-200g;Sainsbury's Bellaverde Broccoli, Taste the Difference 200g;£2.00/unit;£10.00/kg;Taste the Difference;taste-the-difference-185761-44;40;4.3;3.1;1.8;0.6;0.2;2.5;0.02;
sainsburys-berry-meringue-roulade--taste-the-difference-450g;Sainsbury's Berry Meringue Roulade, Taste the Difference 450g;£4.00/unit;£0.89/100g;Ice cream & desserts;frozen-cold-desserts;293;2.6;49.2;43.1;9.3;5.9;1.1;0.10;
sainsburys-berry-mix-100g;Sainsbury's Berry Mix 100g;£2.30/unit;£23.00/kg;Sugar & home baking;dried-fruit---peel;317;1.0;74.1;62.7;1.1;0.2;3.5;0.05;
sainsburys-best-of-british-apples-minimum-x4;Sainsbury's Best Of British Apples x4 (minimum);£2.00/unit;£2.00/ea;Fresh fruit;apples-pears-rhubarb;47;0.5;11.8;11.8;0.5;0.1;1.8;0.5;
sainsburys-best-of-british-tomatoes-250g;Sainsbury's Best Of British Tomatoes 250g;£1.75/unit;£7.00/kg;Fresh salad;fresh-salad-tomatoes;1;1;1;3;1;1;0;1;
sainsburys-bhuna-cooking-sauce-500g;Sainsbury's Bhuna Cooking Sauce 500g;£1.29/unit;£0.26/100g;Cooking sauces & world foods;indian-cooking-sauces;46;1.3;8.0;6.3;0.7;0.1;1.3;0.47;
sainsburys-bird-attracting-garden-seeds;Sainsbury's Bird Attracting Garden Seeds;£3.00/unit;£3.00/ea;Flowers & seeds;flowers---seeds;null;null;null;null;null;null;null;null;
sainsburys-bird-eye-chillies-20g-%28-red-green-%29;Sainsbury's Bird Eye Chillies (Red or Green) 20g;£0.75/unit;£37.50/kg;Fresh herbs & ingredients;afro-caribbean-ingredients;null;null;null;null;null;null;null;null;
sainsburys-bird-eye-chillies-20g-%28-red-green-%29;Sainsbury's Bird Eye Chillies (Red or Green) 20g;£0.75/unit;£37.50/kg;Fresh herbs & ingredients;asian-ingredients;null;null;null;null;null;null;null;null;
sainsburys-bird-eye-chillies-20g-%28-red-green-%29;Sainsbury's Bird Eye Chillies (Red or Green) 20g;£0.75/unit;£37.50/kg;Fresh herbs & ingredients;indian-ingredients;null;null;null;null;null;null;null;null;
sainsburys-bird-eye-chillies-20g-%28-red-green-%29;Sainsbury's Bird Eye Chillies (Red or Green) 20g;£0.75/unit;£37.50/kg;Fresh vegetables;chillies-herbs-ingredients;null;null;null;null;null;null;null;null;
sainsburys-bird-eye-chillies-20g-%28-red-green-%29;Sainsbury's Bird Eye Chillies (Red or Green) 20g;£0.75/unit;£37.50/kg;Fresh vegetables;fresh-vegetables-world-exotic;null;null;null;null;null;null;null;null;
sainsburys-biryani-cooking-sauce-500g;Sainsbury's Biryani Cooking Sauce 500g;£1.25/unit;£0.25/100g;Cooking sauces & world foods;indian-cooking-sauces;89;1.4;10.6;6.7;4.3;1.2;1.4;0.62;
sainsburys-biscuit-assortment-400g;Sainsbury's Biscuit Assortment 400g;£2.00/unit;£0.50/100g;Biscuits & crackers;biscuits-crackers-sharing-bags-assortments;null;null;null;null;null;null;null;null;
sainsburys-biscuit-for-cheese-170g;Sainsbury's Biscuit For Cheese 170g;£1.10/unit;£0.65/100g;Biscuits & crackers;biscuits-crackers-sharing-bags-assortments;436;9.9;67.1;1.4;13.4;6.1;3.8;1.20;
sainsburys-biscuit-for-cheese-170g;Sainsbury's Biscuit For Cheese 170g;£1.10/unit;£0.65/100g;Biscuits & crackers;crackers-savoury-biscuits;436;9.9;67.1;1.4;13.4;6.1;3.8;1.20;
sainsburys-biscuit-variety-pack--basics-700g;Sainsbury's Biscuit Variety Pack, Basics 700g;£1.00/unit;£0.14/100g;Biscuits & crackers;biscuits-crackers-sharing-bags-assortments;501;5.4;68.3;28.4;22.5;11.6;1.6;0.50;
sainsburys-biscuit-variety-pack--basics-700g;Sainsbury's Biscuit Variety Pack, Basics 700g;£1.00/unit;£0.14/100g;Biscuits & crackers;everyday-biscuits-shortbread;501;5.4;68.3;28.4;22.5;11.6;1.6;0.50;
sainsburys-biscuits-for-cheese-500g;Sainsbury's Biscuits For Cheese 500g;£3.00/unit;£0.60/100g;Biscuits & crackers;biscuits-crackers-sharing-bags-assortments;457;9.5;64.8;5.9;16.9;7.3;4.0;1.34;
sainsburys-biscuits-for-cheese-500g;Sainsbury's Biscuits For Cheese 500g;£3.00/unit;£0.60/100g;Biscuits & crackers;crackers-savoury-biscuits;457;9.5;64.8;5.9;16.9;7.3;4.0;1.34;
sainsburys-bistro-chicken--brie---bacon--taste-the-difference-800g;Sainsbury's Bistro Chicken with White Wine Cream Sauce, Taste the Difference 800g;£6.00/unit;£7.50/kg;Ready meals;british-ready-meals;119;12.2;4.9;1.1;5.3;2.7;1.1;0.43;
sainsburys-bistro-chicken--brie---bacon--taste-the-difference-800g;Sainsbury's Bistro Chicken with White Wine Cream Sauce, Taste the Difference 800g;£6.00/unit;£7.50/kg;Ready meals;taste-the-difference-bistro-ready-meals;119;12.2;4.9;1.1;5.3;2.7;1.1;0.43;
sainsburys-bistro-chicken-with-a-red-wine--madeira---mushroom-sauce--taste-the-difference-800g;Sainsbury's Bistro Chicken with Red Wine Sauce, Taste the Difference 800g;£6.00/unit;£7.50/kg;Ready meals;mediterranean-other-cuisine-ready-meals;101;9.5;6.1;1.9;4.0;1.0;1.4;0.25;
sainsburys-bistro-chicken-with-a-red-wine--madeira---mushroom-sauce--taste-the-difference-800g;Sainsbury's Bistro Chicken with Red Wine Sauce, Taste the Difference 800g;£6.00/unit;£7.50/kg;Ready meals;taste-the-difference-bistro-ready-meals;101;9.5;6.1;1.9;4.0;1.0;1.4;0.25;
sainsburys-bistro-chocolate-souffle--taste-the-difference-2x110g;Sainsbury's Bistro Chocolate Souffle, Taste the Difference 2x110g;£3.50/unit;£1.59/100g;Desserts & cream;desserts;350;3.4;19.6;15.2;28.3;17.2;1.9;0.08;
sainsburys-bistro-cod---chorizo--taste-the-difference-800g;Sainsbury's Bistro Cod & Chorizo Potato Bravas, Taste the Difference 800g;£6.00/unit;£7.50/kg;Ready meals;mediterranean-other-cuisine-ready-meals;123;6.5;12.7;2.9;4.8;1.0;1.6;0.61;
sainsburys-bistro-cod---chorizo--taste-the-difference-800g;Sainsbury's Bistro Cod & Chorizo Potato Bravas, Taste the Difference 800g;£6.00/unit;£7.50/kg;Ready meals;taste-the-difference-bistro-ready-meals;123;6.5;12.7;2.9;4.8;1.0;1.6;0.61;
sainsburys-bistro-creamy-ham-hock---chicken-pie--taste-the-difference-600g;Sainsbury's Bistro Creamy Ham Hock & Chicken Pie, Taste the Difference 600g;£6.00/unit;£10.00/kg;Ready meals;british-ready-meals;135;9.3;5.1;2.9;7.6;3.9;4.4;0.38;
sainsburys-bistro-creamy-ham-hock---chicken-pie--taste-the-difference-600g;Sainsbury's Bistro Creamy Ham Hock & Chicken Pie, Taste the Difference 600g;£6.00/unit;£10.00/kg;Ready meals;taste-the-difference-bistro-ready-meals;135;9.3;5.1;2.9;7.6;3.9;4.4;0.38;
sainsburys-bistro-lemon-possets-2--taste-the-difference-x90g;Sainsbury's Bistro Lemon Possets, Taste the Difference 2x90g;£3.50/unit;£1.94/100g;Desserts & cream;desserts;371;1.2;25.8;20.2;29.1;17.5;0.5;0.05;
sainsburys-bistro-melting-middle-chocolate-pudding--taste-the-difference-2x155g;Sainsbury's Bistro Melting Middle Chocolate Pudding, Taste the Difference 2x155g;£3.50/unit;£1.13/100g;Desserts & cream;desserts;376;4.0;38;23;22;14;3.1;0.34;
sainsburys-bistro-mushroom---spinach-risotto--taste-the-difference-800g;Sainsbury's Bistro Mushroom & Spinach Risotto, Taste the Difference 800g;£6.00/unit;£7.50/kg;Ready meals;italian-ready-meals;136;3.5;15.7;1.5;6.3;3.2;1.4;0.45;
sainsburys-bistro-mushroom---spinach-risotto--taste-the-difference-800g;Sainsbury's Bistro Mushroom & Spinach Risotto, Taste the Difference 800g;£6.00/unit;£7.50/kg;Ready meals;taste-the-difference-bistro-ready-meals;136;3.5;15.7;1.5;6.3;3.2;1.4;0.45;
sainsburys-bistro-navarin-of-lamb--taste-the-difference-800g;Sainsbury's Bistro Navarin Of Lamb, Taste the Difference 800g;£6.00/unit;£7.50/kg;Ready meals;mediterranean-other-cuisine-ready-meals;76;7.2;3.9;2.3;2.6;1.2;3.6;0.43;
sainsburys-bistro-navarin-of-lamb--taste-the-difference-800g;Sainsbury's Bistro Navarin Of Lamb, Taste the Difference 800g;£6.00/unit;£7.50/kg;Ready meals;taste-the-difference-bistro-ready-meals;76;7.2;3.9;2.3;2.6;1.2;3.6;0.43;
sainsburys-bistro-orchard-fruit-tarts--taste-the-difference-2x100g;Sainsbury's Bistro Orchard Fruit Tarts, Taste the Difference 2x100g;£3.50/unit;£1.75/100g;Desserts & cream;desserts;342;5.7;41.4;21.9;16.8;5.7;1.1;0.01;
sainsburys-bistro-raspberry-souffle--taste-the-difference-2x110g;Sainsbury's Bistro Raspberry Souffle, Taste the Difference 2x110g;£3.50/unit;£1.59/100g;Desserts & cream;desserts;215;1.7;17.5;11.9;14.8;9.1;2.4;0.07;
sainsburys-bistro-salad-120g;Sainsbury's Bistro Salad 120g;£1.50/unit;£1.25/100g;Fresh salad;fresh-salad-prepared-ready-to-eat;21;1.9;2.0;1.5;0.5;0.1;2.0;0.10;
sainsburys-bistro-salad-120g;Sainsbury's Bistro Salad 120g;£1.50/unit;£1.25/100g;Fresh salad;salad-bags;21;1.9;2.0;1.5;0.5;0.1;2.0;0.10;
sainsburys-bistro-salad-120g;Sainsbury's Bistro Salad 120g;£1.50/unit;£1.25/100g;Prepared & ready to eat;prepared-salad-herbs;21;1.9;2.0;1.5;0.5;0.1;2.0;0.10;
sainsburys-black-bean-cooking-sauce-500g;Sainsbury's Black Bean Cooking Sauce 500g;£1.29/unit;£0.26/100g;Cooking sauces & world foods;chinese-cooking-sauces;76;1.7;13.3;7.8;1.5;0.1;1.0;0.64;
sainsburys-black-beans-500g;Sainsbury's Black Beans 500g;£1.10/unit;£2.20/kg;Canned, tinned & packaged foods;pulses-beans;127;10.0;16.0;0.7;0.5;0.1;9.9;0.03;
sainsburys-black-colouring-48g;Sainsbury's Black Colouring 48g;£1.00/unit;£0.26/10ml;Sugar & home baking;baking-ingredients---colourings;null;null;null;null;null;null;null;null;
sainsburys-black-country-ham--taste-the-difference-120g;Sainsbury's Black Country Ham, Taste the Difference 120g;£3.00/unit;£2.50/100g;Cooked meats & snacking;ham-82654-44;176;24.5;1.2;1.2;8.1;2.6;0.5;1.61;
sainsburys-black-country-ham--taste-the-difference-120g;Sainsbury's Black Country Ham, Taste the Difference 120g;£3.00/unit;£2.50/100g;Cooked meats & snacking;mfp-cooked-meats-snacking-taste-the-difference;176;24.5;1.2;1.2;8.1;2.6;0.5;1.61;
sainsburys-black-country-ham--taste-the-difference-120g;Sainsbury's Black Country Ham, Taste the Difference 120g;£3.00/unit;£2.50/100g;Cooked meats, pate & sandwich fillers;cooked-meats-taste-the-difference;176;24.5;1.2;1.2;8.1;2.6;0.5;1.61;
sainsburys-black-country-ham--taste-the-difference-120g;Sainsbury's Black Country Ham, Taste the Difference 120g;£3.00/unit;£2.50/100g;Cooked meats, pate & sandwich fillers;ham;176;24.5;1.2;1.2;8.1;2.6;0.5;1.61;
sainsburys-black-designer-icing-120g;Sainsbury's Black Designer Icing 120g;£1.40/unit;£1.17/100g;Sugar & home baking;decorations;396;0.5;81.7;81.3;7.4;1.7;0.6;0.05;
sainsburys-black-designer-icing-120g;Sainsbury's Black Designer Icing 120g;£1.40/unit;£1.17/100g;Sugar & home baking;icing---marzipan;396;0.5;81.7;81.3;7.4;1.7;0.6;0.05;
sainsburys-black-eye-beans-water-410g;Sainsbury's Black Eye Beans Water 400g (235g*);£0.60/unit;£2.55/kg;Canned, tinned & packaged foods;pulses-beans;107;6.9;16.7;0.5;0.5;0.1;3.8;0.03;
sainsburys-black-forest-fruits-500g;Sainsbury's Black Forest Fruits 500g;£2.20/unit;£0.00/kg;Fruit, vegetables & rice;frozen-fruit;47;0.8;9.7;9.7;0.5;0.1;2.1;0.01;
sainsburys-black-forest-fruits-500g;Sainsbury's Black Forest Fruits 500g;£2.20/unit;£0.00/kg;Ice cream & desserts;desserts-fruit;47;0.8;9.7;9.7;0.5;0.1;2.1;0.01;
sainsburys-black-onion-seed-cracker--taste-the-difference-150g;Sainsbury's Black Onion Seed Cracker, Taste the Difference 150g;£1.50/unit;£1.00/100g;Biscuits & crackers;crackers-savoury-biscuits;508;8.9;59.0;1.0;25.8;16.4;2.2;1.21;
sainsburys-black-onion-seed-cracker--taste-the-difference-150g;Sainsbury's Black Onion Seed Cracker, Taste the Difference 150g;£1.50/unit;£1.00/100g;Biscuits & crackers;healthier-biscuits-crackers;508;8.9;59.0;1.0;25.8;16.4;2.2;1.21;
sainsburys-black-pepper---sea-salt-croutons-100g;Sainsbury's Black Pepper & Sea Salt Croutons 100g;£1.00/unit;£1.00/100g;Fresh salad;dressings-coleslaw-accompaniments;463;11.0;65.9;5.2;16.3;1.3;4.4;1.12;
sainsburys-black-pepper---sea-salt-croutons-100g;Sainsbury's Black Pepper & Sea Salt Croutons 100g;£1.00/unit;£1.00/100g;Soup & lunchtime snacks;fresh-soups;463;11.0;65.9;5.2;16.3;1.3;4.4;1.12;
sainsburys-black-pepper-croutons--be-good-to-yourself-100g;Sainsbury's Black Pepper Croutons, Be Good To Yourself 100g;£1.00/unit;£1.00/100g;Fresh salad;dressings-coleslaw-accompaniments;398;12.0;68.3;3.3;7.5;0.6;4.6;1.11;
sainsburys-black-pepper-croutons--be-good-to-yourself-100g;Sainsbury's Black Pepper Croutons, Be Good To Yourself 100g;£1.00/unit;£1.00/100g;Soup & lunchtime snacks;fresh-soups;398;12.0;68.3;3.3;7.5;0.6;4.6;1.11;
sainsburys-black-pepper-soup-crouton-60g;Sainsbury's Black Pepper Soup Crouton 60g;£0.65/unit;£1.08/100g;Canned, tinned & packaged foods;soups;398;11.2;70.6;5.5;6.8;0.5;4.8;0.82;
sainsburys-black-peppercorns--fairtrade-100g;Sainsbury's Black Peppercorns, Fairtrade 100g;£2.50/unit;£0.25/10g;Cooking ingredients & oils;salt-pepper;null;null;null;null;null;null;null;null;
sainsburys-black-peppercorns--organic-45g;Sainsbury's Black Peppercorns, SO Organic 45g;£1.80/unit;£0.40/10g;Cooking ingredients & oils;salt-pepper;null;null;null;null;null;null;null;null;
sainsburys-black-peppercorns-49g;Sainsbury's Fairtrade Black Peppercorns 49g;£1.50/unit;£0.31/10g;Cooking ingredients & oils;salt-pepper;null;null;null;null;null;null;null;null;
sainsburys-black-pitted-olives--basics-90g;Sainsbury's Black Pitted Olives, Basics 90g;£1.10/unit;£1.22/100g;Coleslaw, olives, salads & dips;olives-tapas-antipasti;101;1.2;6.8;0.5;6.7;1.2;4.2;2.38;
sainsburys-black-pitted-olives--basics-90g;Sainsbury's Black Pitted Olives, Basics 90g;£1.10/unit;£1.22/100g;Vegetarian & meat free;deli-meat-alternatives;101;1.2;6.8;0.5;6.7;1.2;4.2;2.38;
sainsburys-black-seedless-grapes-500g;Sainsbury's Black Seedless Grapes 500g;£2.00/unit;£4.00/kg;Fresh fruit;bananas-grapes;60;0.4;15.4;15.4;0.1;null;0.7;null;
sainsburys-blackbean-sauce-175ml;Sainsbury's Fresh Blackbean Sauce 175ml;£1.00/unit;£0.57/100ml;Fresh herbs & ingredients;asian-ingredients;81;2.6;12;7.8;2.5;0.3;0.7;1.5;
sainsburys-blackbean-sauce-175ml;Sainsbury's Fresh Blackbean Sauce 175ml;£1.00/unit;£0.57/100ml;Fresh vegetables;chillies-herbs-ingredients;81;2.6;12;7.8;2.5;0.3;0.7;1.5;
sainsburys-blackbean-sauce-175ml;Sainsbury's Fresh Blackbean Sauce 175ml;£1.00/unit;£0.57/100ml;Fresh vegetables;fresh-vegetables-stir-fry;81;2.6;12;7.8;2.5;0.3;0.7;1.5;
sainsburys-blackbean-sauce-175ml;Sainsbury's Fresh Blackbean Sauce 175ml;£1.00/unit;£0.57/100ml;Fresh vegetables;fresh-vegetables-world-exotic;81;2.6;12;7.8;2.5;0.3;0.7;1.5;
sainsburys-blackbean-sauce-175ml;Sainsbury's Fresh Blackbean Sauce 175ml;£1.00/unit;£0.57/100ml;Prepared & ready to eat;prepared-stir-fry;81;2.6;12;7.8;2.5;0.3;0.7;1.5;
sainsburys-blackbean-sauce-175ml;Sainsbury's Fresh Blackbean Sauce 175ml;£1.00/unit;£0.57/100ml;Prepared & ready to eat;prepared-vegetables;81;2.6;12;7.8;2.5;0.3;0.7;1.5;
sainsburys-blackberries--sweet-150g;Sainsbury's Blackberries, Sweet 150g;£2.00/unit;£13.33/kg;Fresh fruit;berries-cherries-currants;32;0.9;5.1;5.1;0.5;0.1;3.1;0.01;
sainsburys-blackberries--tangy-150g;Sainsbury's Blackberries, Tangy 150g;£2.00/unit;£13.33/kg;Fresh fruit;berries-cherries-currants;0;0.5;0.5;0.5;0.5;0.1;0.5;0.01;
sainsburys-blackberries--tangy-225g;Sainsbury's Blackberries, Tangy 225g;£2.50/unit;£11.11/kg;Fresh fruit;berries-cherries-currants;32;0.9;5.1;5.1;0.5;0.1;3.1;0.01;
sainsburys-blackcurrant---elderflower-jelly-250--taste-the-difference;Sainsbury's Jelly Blackcurrant Elderflower & Cassis, Taste the Difference 250ml;£2.00/unit;£0.85/100g;Fruit & desserts;jelly;125;0.5;30.5;26.7;0.5;0.1;0.5;0.01;
sainsburys-blackcurrant-cassis-compote--taste-the-difference-400g;Sainsbury's Compote Blackcurrant & Cassis, Taste the Difference 400g;£2.50/unit;£0.63/100g;Fruit & desserts;sauces-toppings;155;0.7;34.9;13.2;0.9;0.3;2.4;0.05;
sainsburys-blackcurrant-cheesecake-510g;Sainsbury's Blackcurrant Cheesecake 510g;£2.00/unit;£0.39/100g;Ice cream & desserts;frozen-cold-desserts;286;3.5;38.7;26.5;12.8;6.5;1.0;0.14;
sainsburys-blackcurrant-conserve--taste-the-difference-340g;Sainsbury's Blackcurrant Conserve, Taste the Difference 340g;£1.50/unit;£0.44/100g;Jams, honey & spreads;jams---conserves;255;0.5;59.7;55.3;1.0;0.5;2.3;0.30;
sainsburys-blackcurrant-fruit-fool-113g;Sainsbury's Fruit Fool Blackdown Blackcurrant 113g;£0.70/unit;£0.61/100g;Yogurts;luxury-yogurts;168;2.6;15.4;11.7;10.5;6.7;0.5;0.10;
sainsburys-blackcurrant-jam-454g;Sainsbury's Blackcurrant Jam 454g;£0.65/unit;£0.14/100g;Jams, honey & spreads;jams---conserves;249;0.5;60.3;48.1;0.3;0;1.9;0.18;
sainsburys-blackcurrants-in-juice-290g;Sainsbury's Blackcurrants In Juice 290g;£1.20/unit;£4.14/kg;Fruit & desserts;dessert-fruit;58;0.6;10.6;9.2;0.8;0.4;2.8;0.04;
sainsburys-blackforest-gateaux-630g;Sainsbury's Blackforest Gateau 630g;£2.00/unit;£0.32/100g;Ice cream & desserts;frozen-cold-desserts;207;3.3;28.7;19.6;8.5;5.0;1.2;0.15;
sainsburys-blanched-hazelnuts-100g;Sainsbury's Blanched Hazelnuts 100g;£1.70/unit;£1.70/100g;Sugar & home baking;nuts---seeds;651;13.7;6.0;3.5;61.2;4.7;11.0;0.01;
sainsburys-bleu-dauvergne--taste-the-difference-150g;Sainsbury's Bleu D'Auvergne, Taste the Difference 150g;£2.10/unit;£14.00/kg;Cheese;cheeseboard-delights;341;21.0;1.0;0.5;28.0;20.0;0.5;2.60;
sainsburys-bleu-dauvergne--taste-the-difference-150g;Sainsbury's Bleu D'Auvergne, Taste the Difference 150g;£2.10/unit;£14.00/kg;Cheese;organic-taste-the-difference-cheese;341;21.0;1.0;0.5;28.0;20.0;0.5;2.60;
sainsburys-block-puff-pastry-500g;Sainsbury's Block Puff Pastry 500g;£1.10/unit;£0.22/100g;Cooking ingredients & oils;cooking-ingredients-pastry-savoury-mixes;419;6.1;35.4;1.1;27.4;12.2;3.2;0.48;
sainsburys-block-puff-pastry-500g;Sainsbury's Block Puff Pastry 500g;£1.10/unit;£0.22/100g;Sugar & home baking;pastry-savoury-mixes;419;6.1;35.4;1.1;27.4;12.2;3.2;0.48;
sainsburys-blood-oranges-x5;Sainsbury's Blood Oranges x5;£1.50/unit;£0.30/ea;Fresh fruit;citrus-fruit;43;1.1;8.5;8.5;0.1;0;1.7;null;
sainsburys-blood-oranges-x5;Sainsbury's Blood Oranges x5;£1.50/unit;£0.30/ea;In season;new-in-season;43;1.1;8.5;8.5;0.1;0;1.7;null;
sainsburys-blue-cheese--basics-220g;Sainsbury's Blue Cheese, Basics 220g;£1.60/unit;£7.27/kg;Cheese;cheddar-british-regional-cheese;410;23.7;0.5;0.5;35.0;23.0;0.5;2.07;
sainsburys-blue-cheese-dressing--be-good-to-yourself-260ml;Sainsbury's Blue Cheese Dressing, Be Good To Yourself 260ml;£1.00/unit;£0.40/100ml;Table sauces, dressings & condiments;salad-dressings;53;1.4;7.9;2.9;1.6;0.7;0.5;1.23;
sainsburys-blue-designer-icing-120g;Sainsbury's Blue Designer Icing 120g;£1.40/unit;£1.17/100g;Sugar & home baking;decorations;396;0.5;81.7;81.3;7.4;1.7;0.6;0.05;
sainsburys-blue-designer-icing-120g;Sainsbury's Blue Designer Icing 120g;£1.40/unit;£1.17/100g;Sugar & home baking;icing---marzipan;396;0.5;81.7;81.3;7.4;1.7;0.6;0.05;
sainsburys-blue-food-colouring-38ml;Sainsbury's Blue Food Colouring 38ml;£1.00/unit;£0.26/10ml;Sugar & home baking;baking-ingredients---colourings;null;null;null;null;null;null;null;null;
sainsburys-blue-gingham-cake-cases-x100;Sainsbury's Blue Gingham Cake Cases x100;£1.25/unit;£0.01/ea;Sugar & home baking;cake-cases---baking-accessories;null;null;null;null;null;null;null;null;
sainsburys-blue-lustre-75g;Sainsbury's Edible Lustre, Blue 7.5g;£2.00/unit;£26.67/100g;Sugar & home baking;decorations;null;null;null;null;null;null;null;null;
sainsburys-blue-stilton-200g;Sainsbury's Blue Stilton 200g;£1.85/unit;£9.25/kg;Cheese;cheddar-british-regional-cheese;410;23.7;0.5;0.5;35.0;23.0;0.5;2.07;
sainsburys-blue-stilton-330g;Sainsbury's Blue Stilton 330g;£2.80/unit;£8.48/kg;Cheese;cheddar-british-regional-cheese;410;23.7;0.5;0.5;35.0;23.0;0.5;2.07;
sainsburys-blueberries---strawberries-400g;Sainsbury's Blueberries & Strawberries 400g;£2.20/unit;£5.50/kg;Fruit, vegetables & rice;frozen-fruit;49;0.8;10.2;8.0;0.5;0.1;1.8;0.01;
sainsburys-blueberries---strawberries-400g;Sainsbury's Blueberries & Strawberries 400g;£2.20/unit;£5.50/kg;Ice cream & desserts;desserts-fruit;49;0.8;10.2;8.0;0.5;0.1;1.8;0.01;
sainsburys-blueberries--basics-125g-7437579-p-44;Sainsbury's Blueberries, Basics 125g;£1.55/unit;£12.40/kg;Fresh fruit;berries-cherries-currants;45;0.9;9.1;9.1;0.5;0.1;1.5;0.01;
sainsburys-blueberries-150g;Sainsbury's Blueberries 150g;£2.00/unit;£13.33/kg;Fresh fruit;berries-cherries-currants;45;0.9;9.1;9.1;0.5;0.1;1.5;0.01;
sainsburys-blueberries-200g;Sainsbury's Blueberries 200g;£2.55/unit;£12.75/kg;Fresh fruit;berries-cherries-currants;45;0.9;9.1;9.1;0.5;0.1;1.5;0.01;
sainsburys-blueberries-400g-7546592-p-44;Sainsbury's Blueberries 400g;£2.20/unit;£5.50/kg;Fruit, vegetables & rice;frozen-fruit;69;0.7;14.5;10.0;0.5;0.1;2.4;0.01;
sainsburys-blueberries-400g-7546592-p-44;Sainsbury's Blueberries 400g;£2.20/unit;£5.50/kg;Ice cream & desserts;desserts-fruit;69;0.7;14.5;10.0;0.5;0.1;2.4;0.01;
sainsburys-blueberry---vanilla-cheesecake--taste-the-difference-950g;Sainsbury's Blueberry & Vanilla Cheesecake, Taste the Difference 950g;£6.00/unit;£0.63/100g;Desserts & cream;desserts;330;4.6;30.8;17.7;20.4;10.0;2.5;0.38;
sainsburys-blueberry-mini-muffins-x12;Sainsbury's Mini Muffins, Blueberry x12;£1.60/unit;£0.13/ea;Cakes;cakes-from-our-bakery-12374-44;null;null;null;null;null;null;null;null;
sainsburys-blueberry-mini-muffins-x12;Sainsbury's Mini Muffins, Blueberry x12;£1.60/unit;£0.13/ea;From our in store bakery;cakes-from-our-bakery;null;null;null;null;null;null;null;null;
sainsburys-blueberry-muffins-x4;Sainsbury's Muffins, Blueberry x4;£1.50/unit;£0.38/ea;Cakes;muffins-small-cakes;368;5.3;49.2;27.8;16.3;1.4;1.5;0.47;
sainsburys-blush-pears-x5-%28minimum%29;Sainsbury's Blush Pears x5 (minimum);£2.00/unit;£2.00/ea;Fresh fruit;apples-pears-rhubarb;40;0.5;10;10;0.5;0.1;2.2;0.5;
sainsburys-boil-in-bag-thai-fragrant-rice-500g;Sainsbury's Boil In Bag Thai Fragrant Rice 4x125g;£1.20/unit;£2.40/kg;Cooking sauces & world foods;thai-cooking-sauces;118;2.5;25.7;0.5;0.5;0.1;1.3;0.01;
sainsburys-boil-in-bag-thai-fragrant-rice-500g;Sainsbury's Boil In Bag Thai Fragrant Rice 4x125g;£1.20/unit;£2.40/kg;Rice, pasta & noodles;rice-12592-44;118;2.5;25.7;0.5;0.5;0.1;1.3;0.01;
sainsburys-boil-in-the-bag-basmati-rice-500g;Sainsbury's Boil In The Bag Basmati Rice 4x125g;£1.20/unit;£2.40/kg;Rice, pasta & noodles;rice-12592-44;117;2.7;25.4;0.5;0.5;0.1;1.0;0.01;
sainsburys-boil-in-the-bag-brown-rice-500g;Sainsbury's Boil In The Bag Brown Rice 4x125g;£1.00/unit;£2.00/kg;Rice, pasta & noodles;rice-12592-44;119;3.4;22.8;0.5;1.1;0.2;2.1;0.01;
sainsburys-boil-in-the-bag-kippers-with-butter-%28not-boneless%29-220g;Sainsbury's British Boil In The Bag Kippers With Butter (Not Boneless) 220g;£1.50/unit;£6.82/kg;Fish & seafood;fuss-free-fish;268;18.4;0.5;0.5;21.5;5.1;0.5;1.90;
sainsburys-boil-in-the-bag-kippers-with-butter-%28not-boneless%29-220g;Sainsbury's British Boil In The Bag Kippers With Butter (Not Boneless) 220g;£1.50/unit;£6.82/kg;Fish & seafood;smoked-fish;268;18.4;0.5;0.5;21.5;5.1;0.5;1.90;
sainsburys-boil-in-the-bag-rice-500g;Sainsbury's Boil In The Bag White Rice 4x125g;£1.00/unit;£2.00/kg;Rice, pasta & noodles;rice-12592-44;117;2.6;25.1;0.5;0.5;0.1;1.2;0.01;
sainsburys-bolognese-pasta-bake--basics-300g;Sainsbury's Bolognese Pasta Bake, Basics 300g;£0.80/unit;£2.67/kg;Ready meals;italian-ready-meals;104;5.0;14;1.6;2.9;1.1;1.4;0.45;
sainsburys-bolognese-pasta-sauce--taste-the-difference-340g;Sainsbury's Bolognese Pasta Sauce, Taste the Difference 340g;£1.80/unit;£0.53/100g;Cooking sauces & world foods;italian-cooking-sauces;62;1.6;4.3;3.4;4.0;0.7;1.3;0.98;
sainsburys-bolognese-sauce-350g;Sainsbury's Beef Bolognese Sauce 350g;£1.40/unit;£0.40/100g;Pizza, pasta & garlic bread;fresh-pasta-sauces;81;5.1;6.1;4.0;3.9;1.8;0.5;0.60;
sainsburys-bombay-mix-200g;Sainsbury's Bombay Mix 200g;£1.10/unit;£0.55/100g;Crisps, nuts & snacking fruit;nuts;526;15.5;35.5;3.2;33.3;7.8;10.9;1.34;
sainsburys-bombay-mix-200g;Sainsbury's Bombay Mix 200g;£1.10/unit;£0.55/100g;Crisps, nuts & snacking fruit;party-nibbles-bites;526;15.5;35.5;3.2;33.3;7.8;10.9;1.34;
sainsburys-bombay-potato-%28medium---spicy%29-300g;Sainsbury's Bombay Potato (medium & spicy) 300g;£1.75/unit;£5.83/kg;Ready meals;indian-ready-meals;95;1.6;7.8;2.4;5.3;0.3;4.9;0.58;
sainsburys-bombay-potato-%28medium---spicy%29-300g;Sainsbury's Bombay Potato (medium & spicy) 300g;£1.75/unit;£5.83/kg;Ready meals;potato-vegetable-side-dishes;95;1.6;7.8;2.4;5.3;0.3;4.9;0.58;
sainsburys-bombay-potato-%28medium---spicy%29-300g;Sainsbury's Bombay Potato (medium & spicy) 300g;£1.75/unit;£5.83/kg;Vegetarian & meat free;coleslaw--olives--salads---dips-30658-44;95;1.6;7.8;2.4;5.3;0.3;4.9;0.58;
sainsburys-bombay-potato-%28medium---spicy%29-300g;Sainsbury's Bombay Potato (medium & spicy) 300g;£1.75/unit;£5.83/kg;Vegetarian & meat free;vegetarian-meat-free-ready-meals;95;1.6;7.8;2.4;5.3;0.3;4.9;0.58;
sainsburys-bombay-potatoes-400g;Sainsbury's Bombay Potatoes 400g;£1.20/unit;£3.00/kg;Canned, tinned & packaged foods;canned-tinned-packaged-hot-meat-meals;102;1.4;11.2;2.9;5.7;0.5;2.3;0.63;
sainsburys-boneless-lamb-shoulder-400g;Sainsbury's Boneless Lamb Shoulder 400g;£3.60/unit;£9.00/kg;Lamb;lamb;245;15.9;2.4;0.5;19.1;9.5;0.5;0.20;
sainsburys-boneless-smoked-cod-fillets-240g;Sainsbury's Boneless Smoked Cod Fillets 240g;£3.30/unit;£13.75/kg;Fish & seafood;filleted-whole-fish;91;21.1;0.5;0.5;0.7;0.2;0.5;1.25;
sainsburys-boneless-smoked-cod-fillets-240g;Sainsbury's Boneless Smoked Cod Fillets 240g;£3.30/unit;£13.75/kg;Fish & seafood;smoked-fish;91;21.1;0.5;0.5;0.7;0.2;0.5;1.25;
sainsburys-boneless-smoked-cod-fillets-240g;Sainsbury's Boneless Smoked Cod Fillets 240g;£3.30/unit;£13.75/kg;Great prices on meat & fish;great-prices-on-meat---fish;91;21.1;0.5;0.5;0.7;0.2;0.5;1.25;
sainsburys-borders-abbey-mature-cheddar-400g;Sainsbury's Borders Abbey Mature Cheddar 400g;£3.00/unit;£7.50/kg;Cheese;cheddar-british-regional-cheese;390;25.5;0.5;0.5;32.0;20.8;0.5;1.80;
sainsburys-borlotti-beans-in-water-410g;Sainsbury's Borlotti Beans In Water 400g (235g*);£0.60/unit;£2.55/kg;Canned, tinned & packaged foods;pulses-beans;100;6.9;12.9;0.6;0.6;0.1;7.7;0.03;
sainsburys-bouquet-garni-5g;Sainsbury's Bouquet Garni 5g;£1.00/unit;£2.00/10g;Cooking ingredients & oils;herbs-spices-seasoning;null;null;null;null;null;null;null;null;
sainsburys-bourbon-bbq-glaze-marinade-200g;Sainsbury's Bourbon BBQ Glaze Marinade 200g;£2.00/unit;£1.00/100g;Just Cook, prepared & sauces;stock---gravy;null;null;null;null;null;null;null;null;
sainsburys-bourbon-creams--basics-200g;Sainsbury's Bourbon Creams, Basics 200g;£0.25/unit;£0.13/100g;Biscuits & crackers;everyday-biscuits-shortbread;486;5.5;66.2;30.0;21.4;12.8;3.4;0.26;
sainsburys-bourbon-creams-200g;Sainsbury's Bourbon Creams 200g;£0.55/unit;£0.28/100g;Biscuits & crackers;everyday-biscuits-shortbread;487;5.4;66.1;30.7;21.6;13.1;3.4;0.25;
sainsburys-bourbon-creams-400g;Sainsbury's Bourbon Creams 400g;£1.00/unit;£0.25/100g;Biscuits & crackers;everyday-biscuits-shortbread;487;5.4;66.1;30.7;21.6;13.1;3.4;0.25;
sainsburys-braeburn-apples-%28each%29;Sainsbury's Braeburn Apples Loose;£1.95/kg;£1.95/kg;Fresh fruit;apples-pears-rhubarb;null;null;null;null;null;null;null;null;
sainsburys-braeburn-apples--so-organic-x5-%28minimum%29;Sainsbury's Braeburn Apples, SO Organic x5 (minimum);£2.50/unit;£2.50/ea;Fresh fruit;apples-pears-rhubarb;47;0.5;11.8;11.8;0.5;0.1;1.8;0.5;
sainsburys-braeburn-apples--so-organic-x5-%28minimum%29;Sainsbury's Braeburn Apples, SO Organic x5 (minimum);£2.50/unit;£2.50/ea;Organic;organic;47;0.5;11.8;11.8;0.5;0.1;1.8;0.5;
sainsburys-braeburn-apples-x4-%28minimum%29;Sainsbury's Braeburn Apples x4 (minimum);£2.00/unit;£2.00/ea;Fresh fruit;apples-pears-rhubarb;47;0.5;12;12;0.5;0.1;1.8;0.5;
sainsburys-braeburn-apples-x5-%28minimum%29;Sainsbury's Braeburn Apples x5 (minimum);£1.00/unit;£1.00/ea;Fresh fruit;apples-pears-rhubarb;47;0.4;11.8;11.8;0.1;0;1.8;null;
sainsburys-braised-beef---mash--be-good-to-yourself-400g;Sainsbury's Braised Beef & Mash, Be Good To Yourself 400g;£3.00/unit;£7.50/kg;Ready meals;british-ready-meals;81;6.5;10.4;1.3;1.2;0.4;1.5;0.46;
sainsburys-braised-beef---mash--be-good-to-yourself-400g;Sainsbury's Braised Beef & Mash, Be Good To Yourself 400g;£3.00/unit;£7.50/kg;Ready meals;healthier-choice-ready-meals;81;6.5;10.4;1.3;1.2;0.4;1.5;0.46;
sainsburys-braised-beef---mash--be-good-to-yourself-400g;Sainsbury's Braised Beef & Mash, Be Good To Yourself 400g;£3.00/unit;£7.50/kg;Ready meals;meals-for-1-ready-meals;81;6.5;10.4;1.3;1.2;0.4;1.5;0.46;
sainsburys-bramble-jelly-454g;Sainsbury's Bramble Jelly 454g;£0.65/unit;£0.14/100g;Jams, honey & spreads;jams---conserves;266;0.3;65.5;60.8;0.1;0.1;0.7;0.13;
sainsburys-bramley-apple-berries-compote--taste-the-difference-385g;Sainsbury's Compote Bramley Apple & Berries, Taste the Difference 385g;£2.50/unit;£0.65/100g;Fruit & desserts;sauces-toppings;132;0.5;31.0;28.0;0.5;0.1;1.8;0.06;
sainsburys-bramley-apple-crumble-500g;Sainsbury's Bramley Apple Crumble 500g;£2.75/unit;£0.55/100g;Desserts & cream;desserts;252;1.9;43.7;29.1;7.5;3.3;1.2;0.32;
sainsburys-bramley-apple-crumbles-2x120g;Sainsbury's Bramley Apple Crumbles 2x120g;£1.00/unit;£0.42/100g;Desserts & cream;desserts;288;2.2;50.2;32.4;8.2;3.9;2.0;0.30;
sainsburys-bramley-apple-pie-700g-%28serves-6%29;Sainsbury's Bramley Apple Pie 700g (serves 6);£2.00/unit;£0.29/100g;Ice cream & desserts;frozen-hot-desserts;256;2.6;40.4;19.0;8.9;5.7;1.9;0.28;
sainsburys-bramley-apple-pies-x6-355g;Sainsbury's Bramley Apple Pies x6 355g;£1.00/unit;£0.17/ea;Cakes;slices-pies-tarts;365;3.3;55.3;24.8;14.1;4.1;1.9;0.22;
sainsburys-bramley-apple-sauce-420ml;Sainsbury's Bramley Apple Sauce 420ml;£1.20/unit;£0.29/100ml;Table sauces, dressings & condiments;condiments;134;0.5;31.8;31.8;0.5;0.1;2.5;0.03;
sainsburys-bramley-apple-turnovers-x6-200g;Sainsbury's Bramley Apple Turnovers x6 200g;£1.00/unit;£0.17/ea;Cakes;continental-cakes;410;3.6;60.5;38.4;16.9;8.9;0.8;0.40;
sainsburys-brazil-nunts-200g;Sainsbury's Brazil Nuts 200g;£2.80/unit;£1.40/100g;Sugar & home baking;nuts---seeds;699;16.3;2.9;2.3;68.2;16.4;4.3;0.01;
sainsburys-brazil-nuts--organic-200g;Sainsbury's Brazil Nuts, SO Organic 200g;£2.50/unit;£1.25/100g;Sugar & home baking;nuts---seeds;708;16.3;3.0;2.3;68.2;16.4;8.6;0.01;
sainsburys-brazil-nuts-100g;Sainsbury's Brazil Nuts 100g;£1.50/unit;£1.50/100g;Sugar & home baking;nuts---seeds;699;16.3;2.9;2.3;68.2;16.4;4.3;0.01;
sainsburys-brazil-nuts-28g;Sainsbury's Brazil Nuts 28g;£0.50/unit;£1.79/100g;Sugar & home baking;nuts---seeds;699;16.3;2.9;2.3;68.2;16.4;4.3;0.01;
sainsburys-brazils-nuts-multipack-140g;Sainsbury's Brazils Nuts Multipack 140g;£2.20/unit;£1.57/100g;Sugar & home baking;nuts---seeds;699;16.3;2.9;2.3;68.2;16.4;4.3;0.01;
sainsburys-bread---butter-pudding--be-good-to-yourself-2x120g;Sainsbury's Bread & Butter Pudding, Be Good To Yourself 2x120g;£1.75/unit;£0.73/100g;Desserts & cream;desserts;128;4.1;20.8;14.1;2.9;1.3;1.2;0.19;
sainsburys-bread---butter-pudding-2x125g;Sainsbury's Bread & Butter Pudding 2x125g;£1.75/unit;£0.70/100g;Desserts & cream;desserts;221;4.7;31.4;24.1;8.4;5.3;0.5;0.25;
sainsburys-bread---butter-pudding-515g;Sainsbury's Bread & Butter Pudding 515g;£2.75/unit;£0.53/100g;Desserts & cream;desserts;224;4.9;31;23;8.6;5.5;0.5;0.25;
sainsburys-bread-yeast--fast-action--dried-56g;Sainsbury's Fast Action Dried Yeast Sachets x8 56g;£0.85/unit;£15.18/kg;Sugar & home baking;baking-ingredients---colourings;null;null;null;null;null;null;null;null;
sainsburys-bread-yeast--fast-action--dried-56g;Sainsbury's Fast Action Dried Yeast Sachets x8 56g;£0.85/unit;£15.18/kg;Sugar & home baking;flour;null;null;null;null;null;null;null;null;
sainsburys-breaded-air-dried-ham-finely-sliced--taste-the-difference-120g;Sainsbury's Breaded Ham Air Dried Finely Sliced, Taste the Difference 120g;£3.00/unit;£2.50/100g;Cooked meats & snacking;ham-82654-44;125;25.6;1.2;0.5;2.0;0.7;0.5;2.60;
sainsburys-breaded-air-dried-ham-finely-sliced--taste-the-difference-120g;Sainsbury's Breaded Ham Air Dried Finely Sliced, Taste the Difference 120g;£3.00/unit;£2.50/100g;Cooked meats & snacking;mfp-cooked-meats-snacking-taste-the-difference;125;25.6;1.2;0.5;2.0;0.7;0.5;2.60;
sainsburys-breaded-air-dried-ham-finely-sliced--taste-the-difference-120g;Sainsbury's Breaded Ham Air Dried Finely Sliced, Taste the Difference 120g;£3.00/unit;£2.50/100g;Cooked meats, pate & sandwich fillers;cooked-meats-taste-the-difference;125;25.6;1.2;0.5;2.0;0.7;0.5;2.60;
sainsburys-breaded-air-dried-ham-finely-sliced--taste-the-difference-120g;Sainsbury's Breaded Ham Air Dried Finely Sliced, Taste the Difference 120g;£3.00/unit;£2.50/100g;Cooked meats, pate & sandwich fillers;ham;125;25.6;1.2;0.5;2.0;0.7;0.5;2.60;
sainsburys-breaded-air-dried-lean-ham--taste-the-difference-120g;Sainsbury's Breaded Ham Air Dried Lean, Taste the Difference 120g;£3.00/unit;£2.50/100g;Cooked meats & snacking;ham-82654-44;125;25.6;1.2;0.5;2.0;0.7;0.5;2.60;
sainsburys-breaded-air-dried-lean-ham--taste-the-difference-120g;Sainsbury's Breaded Ham Air Dried Lean, Taste the Difference 120g;£3.00/unit;£2.50/100g;Cooked meats & snacking;mfp-cooked-meats-snacking-taste-the-difference;125;25.6;1.2;0.5;2.0;0.7;0.5;2.60;
sainsburys-breaded-air-dried-lean-ham--taste-the-difference-120g;Sainsbury's Breaded Ham Air Dried Lean, Taste the Difference 120g;£3.00/unit;£2.50/100g;Cooked meats, pate & sandwich fillers;cooked-meats-taste-the-difference;125;25.6;1.2;0.5;2.0;0.7;0.5;2.60;
sainsburys-breaded-air-dried-lean-ham--taste-the-difference-120g;Sainsbury's Breaded Ham Air Dried Lean, Taste the Difference 120g;£3.00/unit;£2.50/100g;Cooked meats, pate & sandwich fillers;ham;125;25.6;1.2;0.5;2.0;0.7;0.5;2.60;
sainsburys-breaded-air-dried-lean-ham--taste-the-difference-240g;Sainsbury's Breaded Ham Air Dried Lean Slices, Taste the Difference 240g;£4.00/unit;£1.67/100g;Cooked meats & snacking;ham-82654-44;125;25.6;1.2;0.5;2.0;0.7;0.5;2.60;
sainsburys-breaded-air-dried-lean-ham--taste-the-difference-240g;Sainsbury's Breaded Ham Air Dried Lean Slices, Taste the Difference 240g;£4.00/unit;£1.67/100g;Cooked meats & snacking;mfp-cooked-meats-snacking-taste-the-difference;125;25.6;1.2;0.5;2.0;0.7;0.5;2.60;
sainsburys-breaded-air-dried-lean-ham--taste-the-difference-240g;Sainsbury's Breaded Ham Air Dried Lean Slices, Taste the Difference 240g;£4.00/unit;£1.67/100g;Cooked meats, pate & sandwich fillers;cooked-meats-taste-the-difference;125;25.6;1.2;0.5;2.0;0.7;0.5;2.60;
sainsburys-breaded-air-dried-lean-ham--taste-the-difference-240g;Sainsbury's Breaded Ham Air Dried Lean Slices, Taste the Difference 240g;£4.00/unit;£1.67/100g;Cooked meats, pate & sandwich fillers;ham;125;25.6;1.2;0.5;2.0;0.7;0.5;2.60;
sainsburys-breaded-bacon---leek-filled-chicken-kiev-260g;Sainsbury's Breaded Chicken Kiev Bacon & Leek Filled 260g;£2.00/unit;£7.69/kg;Breaded & coated;breaded-coated-chicken-turkey-pork;188;15.9;10.5;0.5;9.0;2.4;0.7;0.78;
sainsburys-breaded-bacon---leek-filled-chicken-kiev-260g;Sainsbury's Breaded Chicken Kiev Bacon & Leek Filled 260g;£2.00/unit;£7.69/kg;Chicken;chicken;188;15.9;10.5;0.5;9.0;2.4;0.7;0.78;
sainsburys-breaded-chicken-burger-454g;Sainsbury's Breaded Chicken Burger 454g;£3.00/unit;£6.61/kg;Breaded & coated;breaded-coated-chicken-turkey-pork;192;15.4;13.9;0.5;8.0;0.7;1.4;0.75;
sainsburys-breaded-chicken-burger-454g;Sainsbury's Breaded Chicken Burger 454g;£3.00/unit;£6.61/kg;Burgers & BBQ;burgers-bbq;192;15.4;13.9;0.5;8.0;0.7;1.4;0.75;
sainsburys-breaded-chicken-burger-454g;Sainsbury's Breaded Chicken Burger 454g;£3.00/unit;£6.61/kg;Chicken;chicken;192;15.4;13.9;0.5;8.0;0.7;1.4;0.75;
sainsburys-breaded-chicken-escalope-x2-250g;Sainsbury's Breaded Chicken Escalope x2 250g;£2.00/unit;£8.00/kg;Breaded & coated;breaded-coated-chicken-turkey-pork;217;14.7;16.8;0.5;9.8;0.8;1.5;0.31;
sainsburys-breaded-chicken-escalope-x2-250g;Sainsbury's Breaded Chicken Escalope x2 250g;£2.00/unit;£8.00/kg;Chicken;chicken;217;14.7;16.8;0.5;9.8;0.8;1.5;0.31;
sainsburys-breaded-chicken-fillets-325g;Sainsbury's Breaded Chicken Fillets 325g;£3.00/unit;£9.23/kg;Breaded & coated;breaded-coated-chicken-turkey-pork;191;19.0;10.0;0.5;8.1;0.7;1.0;0.73;
sainsburys-breaded-chicken-fillets-325g;Sainsbury's Breaded Chicken Fillets 325g;£3.00/unit;£9.23/kg;Chicken;chicken;191;19.0;10.0;0.5;8.1;0.7;1.0;0.73;
sainsburys-breaded-chicken-garlic-mini-fillets-305g;Sainsbury's Breaded Chicken Garlic Mini Fillets 305g;£3.00/unit;£9.84/kg;Breaded & coated;breaded-coated-chicken-turkey-pork;214;19.8;9.8;0.5;10.2;0.8;1.7;0.65;
sainsburys-breaded-chicken-garlic-mini-fillets-305g;Sainsbury's Breaded Chicken Garlic Mini Fillets 305g;£3.00/unit;£9.84/kg;Chicken;chicken;214;19.8;9.8;0.5;10.2;0.8;1.7;0.65;
sainsburys-breaded-chicken-goujons-245g;Sainsbury's Breaded Chicken Goujons 245g;£2.00/unit;£8.16/kg;Breaded & coated;breaded-coated-chicken-turkey-pork;244;17.7;18.3;0.5;10.7;0.9;1.6;0.72;
sainsburys-breaded-chicken-goujons-245g;Sainsbury's Breaded Chicken Goujons 245g;£2.00/unit;£8.16/kg;Chicken;chicken;244;17.7;18.3;0.5;10.7;0.9;1.6;0.72;
sainsburys-breaded-chicken-goujons-555g;Sainsbury's Breaded Chicken Goujons 555g;£3.00/unit;£5.41/kg;Breaded & coated;breaded-coated-chicken-turkey-pork;244;17.7;18.3;0.5;10.7;0.9;1.6;0.72;
sainsburys-breaded-chicken-goujons-555g;Sainsbury's Breaded Chicken Goujons 555g;£3.00/unit;£5.41/kg;Chicken;chicken;244;17.7;18.3;0.5;10.7;0.9;1.6;0.72;
sainsburys-breaded-chicken-goujons-555g;Sainsbury's Breaded Chicken Goujons 555g;£3.00/unit;£5.41/kg;Great prices on meat & fish;great-prices-on-meat---fish;244;17.7;18.3;0.5;10.7;0.9;1.6;0.72;
sainsburys-breaded-chicken-mini-fillets-x6-305g;Sainsbury's Breaded Chicken Mini Fillets x5 (minimum) 305g;£3.00/unit;£9.84/kg;Breaded & coated;breaded-coated-chicken-turkey-pork;200;20.1;10.6;0.5;8.4;2.0;0.9;0.58;
sainsburys-breaded-chicken-mini-fillets-x6-305g;Sainsbury's Breaded Chicken Mini Fillets x5 (minimum) 305g;£3.00/unit;£9.84/kg;Chicken;chicken;200;20.1;10.6;0.5;8.4;2.0;0.9;0.58;
sainsburys-breaded-chicken-moon---stars-380g;Sainsbury's Breaded Chicken Moon & Stars 380g;£2.50/unit;£6.58/kg;Breaded & coated;breaded-coated-chicken-turkey-pork;240;16.6;19.8;0.5;10.2;0.7;1.4;0.28;
sainsburys-breaded-chicken-moon---stars-380g;Sainsbury's Breaded Chicken Moon & Stars 380g;£2.50/unit;£6.58/kg;Chicken;chicken;240;16.6;19.8;0.5;10.2;0.7;1.4;0.28;
sainsburys-breaded-chicken-nuggets-200g;Sainsbury's Breaded Chicken Nuggets 200g;£2.00/unit;£10.00/kg;Breaded & coated;breaded-coated-chicken-turkey-pork;230;21.0;14.3;0.5;9.5;0.9;1.5;0.60;
sainsburys-breaded-chicken-nuggets-200g;Sainsbury's Breaded Chicken Nuggets 200g;£2.00/unit;£10.00/kg;Chicken;chicken;230;21.0;14.3;0.5;9.5;0.9;1.5;0.60;
sainsburys-breaded-chunky-cod--taste-the-difference-x2-350g;Sainsbury's Breaded Chunky Cod, Taste the Difference x2 350g;£3.30/unit;£9.43/kg;Breaded & coated;breaded-coated-fish-seafood;195;15.4;14.6;1.0;8.1;0.6;1.0;0.57;
sainsburys-breaded-chunky-cod--taste-the-difference-x2-350g;Sainsbury's Breaded Chunky Cod, Taste the Difference x2 350g;£3.30/unit;£9.43/kg;Fish & seafood;fishcakes-breaded-fish;195;15.4;14.6;1.0;8.1;0.6;1.0;0.57;
sainsburys-breaded-chunky-cod--taste-the-difference-x2-350g;Sainsbury's Breaded Chunky Cod, Taste the Difference x2 350g;£3.30/unit;£9.43/kg;Great prices on meat & fish;great-prices-on-meat---fish;195;15.4;14.6;1.0;8.1;0.6;1.0;0.57;
sainsburys-breaded-chunky-cod--taste-the-difference-x2-350g;Sainsbury's Breaded Chunky Cod, Taste the Difference x2 350g;£3.30/unit;£9.43/kg;Just Cook, prepared & sauces;fuss-free-fish-135654-44;195;15.4;14.6;1.0;8.1;0.6;1.0;0.57;
sainsburys-breaded-chunky-cod--taste-the-difference-x2-350g;Sainsbury's Breaded Chunky Cod, Taste the Difference x2 350g;£3.30/unit;£9.43/kg;Organic & Taste the Difference;organic-taste-the-difference;195;15.4;14.6;1.0;8.1;0.6;1.0;0.57;
sainsburys-breaded-chunky-cod-fillets--be-good-to-yourself-x4-500g;Sainsbury's Breaded Chunky Cod Fillets, Be Good To Yourself x4 500g;£3.90/unit;£7.80/kg;Fish & seafood;frozen-fish-seafood;156;16.6;16.4;1.9;2.3;0.2;1.9;0.81;
sainsburys-breaded-chunky-cod-loins--taste-the-difference-x2-300g;Sainsbury's Breaded Chunky Cod Loins, Taste the Difference x2 300g;£3.00/unit;£10.00/kg;Fish & seafood;frozen-fish-seafood;195;15.4;14.6;1.0;8.1;0.6;1.0;0.57;
sainsburys-breaded-chunky-haddock--taste-the-difference-x2-300g;Sainsbury's Breaded Chunky Haddock, Taste the Difference x2 300g;£3.00/unit;£10.00/kg;Fish & seafood;frozen-fish-seafood;182;16.0;13.5;0.9;7.0;0.5;0.5;0.50;
sainsburys-breaded-cod-fillets-x2-300g;Sainsbury's Breaded Cod Fillets x2 300g;£2.50/unit;£8.33/kg;Breaded & coated;breaded-coated-fish-seafood;194;14.7;17.2;1.4;7.2;0.6;1.0;0.95;
sainsburys-breaded-cod-fillets-x2-300g;Sainsbury's Breaded Cod Fillets x2 300g;£2.50/unit;£8.33/kg;Fish & seafood;fishcakes-breaded-fish;194;14.7;17.2;1.4;7.2;0.6;1.0;0.95;
sainsburys-breaded-cod-fillets-x2-300g;Sainsbury's Breaded Cod Fillets x2 300g;£2.50/unit;£8.33/kg;Great prices on meat & fish;great-prices-on-meat---fish;194;14.7;17.2;1.4;7.2;0.6;1.0;0.95;
sainsburys-breaded-cod-fillets-x2-300g;Sainsbury's Breaded Cod Fillets x2 300g;£2.50/unit;£8.33/kg;Just Cook, prepared & sauces;fuss-free-fish-135654-44;194;14.7;17.2;1.4;7.2;0.6;1.0;0.95;
sainsburys-breaded-cod-fillets-x4-500g;Sainsbury's Breaded Cod Fillets x4 500g;£2.75/unit;£5.50/kg;Fish & seafood;frozen-fish-seafood;227;15.1;17.6;1.3;10.4;0.7;1.1;0.61;
sainsburys-breaded-garlic-chicken-kiev--be-good-to-yourself-x2-260g;Sainsbury's Breaded Chicken Kiev Garlic, Be Good To Yourself x2 260g;£2.00/unit;£7.69/kg;Breaded & coated;breaded-coated-chicken-turkey-pork;228;14.5;12.1;0.7;13.3;4.2;0.7;0.44;
sainsburys-breaded-garlic-chicken-kiev--be-good-to-yourself-x2-260g;Sainsbury's Breaded Chicken Kiev Garlic, Be Good To Yourself x2 260g;£2.00/unit;£7.69/kg;Chicken;chicken;228;14.5;12.1;0.7;13.3;4.2;0.7;0.44;
sainsburys-breaded-garlic-chicken-kievs-x2-260g;Sainsbury's Breaded Chicken Kiev Garlic x2 260g;£2.00/unit;£7.69/kg;Breaded & coated;breaded-coated-chicken-turkey-pork;281;13.6;10.7;0.8;20.3;8.0;0.6;0.64;
sainsburys-breaded-garlic-chicken-kievs-x2-260g;Sainsbury's Breaded Chicken Kiev Garlic x2 260g;£2.00/unit;£7.69/kg;Chicken;chicken;281;13.6;10.7;0.8;20.3;8.0;0.6;0.64;
sainsburys-breaded-haddock-fillets-x2-300g;Sainsbury's Breaded Haddock Fillets x2 300g;£3.00/unit;£10.00/kg;Breaded & coated;breaded-coated-fish-seafood;199;14.9;17.3;1.5;7.5;0.6;1.4;0.98;
sainsburys-breaded-haddock-fillets-x2-300g;Sainsbury's Breaded Haddock Fillets x2 300g;£3.00/unit;£10.00/kg;Fish & seafood;fishcakes-breaded-fish;199;14.9;17.3;1.5;7.5;0.6;1.4;0.98;
sainsburys-breaded-haddock-fillets-x2-300g;Sainsbury's Breaded Haddock Fillets x2 300g;£3.00/unit;£10.00/kg;Just Cook, prepared & sauces;fuss-free-fish-135654-44;199;14.9;17.3;1.5;7.5;0.6;1.4;0.98;
sainsburys-breaded-ham---cheese-filled-chicken-kievs-x2-260g;Sainsbury's Breaded Chicken Kiev Ham & Cheese Filled x2 260g;£2.00/unit;£7.69/kg;Breaded & coated;breaded-coated-chicken-turkey-pork;230;17.0;11.3;0.6;12.9;2.9;0.5;0.86;
sainsburys-breaded-ham---cheese-filled-chicken-kievs-x2-260g;Sainsbury's Breaded Chicken Kiev Ham & Cheese Filled x2 260g;£2.00/unit;£7.69/kg;Chicken;chicken;230;17.0;11.3;0.6;12.9;2.9;0.5;0.86;
sainsburys-breaded-ham-240g;Sainsbury's Breaded Ham Slices x14 240g;£3.00/unit;£1.25/100g;Cooked meats & snacking;ham-82654-44;118;21.1;0.9;0.5;3.3;1.2;0.5;1.63;
sainsburys-breaded-ham-240g;Sainsbury's Breaded Ham Slices x14 240g;£3.00/unit;£1.25/100g;Cooked meats, pate & sandwich fillers;ham;118;21.1;0.9;0.5;3.3;1.2;0.5;1.63;
sainsburys-breaded-ham-family-size-375g;Sainsbury's Breaded Carvery Ham Slices x12 375g;£4.00/unit;£1.07/100g;Cooked meats & snacking;ham-82654-44;118;21.1;0.9;0.5;3.3;1.2;0.5;1.63;
sainsburys-breaded-ham-family-size-375g;Sainsbury's Breaded Carvery Ham Slices x12 375g;£4.00/unit;£1.07/100g;Cooked meats, pate & sandwich fillers;ham;118;21.1;0.9;0.5;3.3;1.2;0.5;1.63;
sainsburys-breaded-onion-rings-800g;Sainsbury's Breaded Onion Rings 800g;£1.50/unit;£1.88/kg;Fruit, vegetables & rice;frozen-vegetables;266;3.8;33.7;6.9;12.1;1.3;3.6;1.01;
sainsburys-breaded-onion-rings-800g;Sainsbury's Breaded Onion Rings 800g;£1.50/unit;£1.88/kg;Party food;frozen-party-food;266;3.8;33.7;6.9;12.1;1.3;3.6;1.01;
sainsburys-breaded-plaice-fillets-x2-260g;Sainsbury's Breaded Plaice Fillets x2 260g;£2.75/unit;£10.58/kg;Fish & seafood;frozen-fish-seafood;262;13.8;20.6;1.3;13.5;1.0;1.5;0.64;
sainsburys-breaded-plaice-x2-320g;Sainsbury's Breaded Plaice x2 320g;£2.50/unit;£7.81/kg;Breaded & coated;breaded-coated-fish-seafood;234;12.6;20.5;1.3;11.1;1.0;0.9;0.57;
sainsburys-breaded-plaice-x2-320g;Sainsbury's Breaded Plaice x2 320g;£2.50/unit;£7.81/kg;Fish & seafood;fishcakes-breaded-fish;234;12.6;20.5;1.3;11.1;1.0;0.9;0.57;
sainsburys-breaded-plaice-x2-320g;Sainsbury's Breaded Plaice x2 320g;£2.50/unit;£7.81/kg;Great prices on meat & fish;great-prices-on-meat---fish;234;12.6;20.5;1.3;11.1;1.0;0.9;0.57;
sainsburys-breaded-plaice-x2-320g;Sainsbury's Breaded Plaice x2 320g;£2.50/unit;£7.81/kg;Just Cook, prepared & sauces;fuss-free-fish-135654-44;234;12.6;20.5;1.3;11.1;1.0;0.9;0.57;
sainsburys-breaded-pollock-fillets-600g;Sainsbury's Breaded Pollock Fillets 600g;£3.50/unit;£5.83/kg;Breaded & coated;breaded-coated-fish-seafood;224;12.9;19.2;1.5;10.3;0.7;1.3;0.49;
sainsburys-breaded-pollock-fillets-600g;Sainsbury's Breaded Pollock Fillets 600g;£3.50/unit;£5.83/kg;Fish & seafood;fishcakes-breaded-fish;224;12.9;19.2;1.5;10.3;0.7;1.3;0.49;
sainsburys-breaded-pollock-fillets-600g;Sainsbury's Breaded Pollock Fillets 600g;£3.50/unit;£5.83/kg;Just Cook, prepared & sauces;fuss-free-fish-135654-44;224;12.9;19.2;1.5;10.3;0.7;1.3;0.49;
sainsburys-breaded-scampi-bites--basics-235g;Sainsbury's Breaded Scampi Bites, Basics 235g;£1.55/unit;£6.60/kg;Fish & seafood;frozen-fish-seafood;201;9.5;21.8;1.2;8.0;0.8;1.7;0.88;
sainsburys-breaded-southern-fried-chicken-goujons-245g;Sainsbury's Southern Fried Chicken Goujons 245g;£2.00/unit;£8.16/kg;Breaded & coated;breaded-coated-chicken-turkey-pork;197;18.5;11.8;0.5;8.2;0.6;1.2;0.49;
sainsburys-breaded-southern-fried-chicken-goujons-245g;Sainsbury's Southern Fried Chicken Goujons 245g;£2.00/unit;£8.16/kg;Chicken;chicken;197;18.5;11.8;0.5;8.2;0.6;1.2;0.49;
sainsburys-breaded-southern-fried-chicken-portions-800g;Sainsbury's Breaded Southern Fried Chicken Portions 800g;£4.00/unit;£5.00/kg;Breaded & coated;breaded-coated-chicken-turkey-pork;261;21.8;8.9;0.5;15.4;3.0;0.5;0.47;
sainsburys-breaded-southern-fried-chicken-portions-800g;Sainsbury's Breaded Southern Fried Chicken Portions 800g;£4.00/unit;£5.00/kg;Chicken;chicken;261;21.8;8.9;0.5;15.4;3.0;0.5;0.47;
sainsburys-breaded-southern-fried-mini-fillets-305g;Sainsbury's Breaded Chicken Mini Fillets, Southern Fried 305g;£3.00/unit;£9.84/kg;Breaded & coated;breaded-coated-chicken-turkey-pork;233;21.3;14.5;1.0;9.7;0.8;1.1;0.86;
sainsburys-breaded-southern-fried-mini-fillets-305g;Sainsbury's Breaded Chicken Mini Fillets, Southern Fried 305g;£3.00/unit;£9.84/kg;Chicken;chicken;233;21.3;14.5;1.0;9.7;0.8;1.1;0.86;
sainsburys-breaded-thick-cut-ham-120g;Sainsbury's Breaded Thick Cut Ham Slices x4 120g;£2.00/unit;£1.67/100g;Cooked meats & snacking;ham-82654-44;121;21.4;1.9;0.8;3.1;1.0;0.5;1.63;
sainsburys-breaded-thick-cut-ham-120g;Sainsbury's Breaded Thick Cut Ham Slices x4 120g;£2.00/unit;£1.67/100g;Cooked meats, pate & sandwich fillers;ham;121;21.4;1.9;0.8;3.1;1.0;0.5;1.63;
sainsburys-breaded-wiltshire-cured-ham--taste-the-difference-120g;Sainsbury's Breaded Ham Wiltshire Cured, Taste the Difference 120g;£3.00/unit;£2.50/100g;Cooked meats & snacking;ham-82654-44;134;23.2;1.2;0.5;4.0;1.3;0.5;2.50;
sainsburys-breaded-wiltshire-cured-ham--taste-the-difference-120g;Sainsbury's Breaded Ham Wiltshire Cured, Taste the Difference 120g;£3.00/unit;£2.50/100g;Cooked meats & snacking;mfp-cooked-meats-snacking-taste-the-difference;134;23.2;1.2;0.5;4.0;1.3;0.5;2.50;
sainsburys-breaded-wiltshire-cured-ham--taste-the-difference-120g;Sainsbury's Breaded Ham Wiltshire Cured, Taste the Difference 120g;£3.00/unit;£2.50/100g;Cooked meats, pate & sandwich fillers;cooked-meats-taste-the-difference;134;23.2;1.2;0.5;4.0;1.3;0.5;2.50;
sainsburys-breaded-wiltshire-cured-ham--taste-the-difference-120g;Sainsbury's Breaded Ham Wiltshire Cured, Taste the Difference 120g;£3.00/unit;£2.50/100g;Cooked meats, pate & sandwich fillers;ham;134;23.2;1.2;0.5;4.0;1.3;0.5;2.50;
sainsburys-breaded-wiltshire-ham--taste-the-difference-240g;Sainsbury's Breaded Wiltshire Ham, Taste the Difference 240g;£4.00/unit;£1.67/100g;Cooked meats & snacking;ham-82654-44;134;23.2;1.2;0.5;4.0;1.3;0.5;2.50;
sainsburys-breaded-wiltshire-ham--taste-the-difference-240g;Sainsbury's Breaded Wiltshire Ham, Taste the Difference 240g;£4.00/unit;£1.67/100g;Cooked meats & snacking;mfp-cooked-meats-snacking-taste-the-difference;134;23.2;1.2;0.5;4.0;1.3;0.5;2.50;
sainsburys-breaded-wiltshire-ham--taste-the-difference-240g;Sainsbury's Breaded Wiltshire Ham, Taste the Difference 240g;£4.00/unit;£1.67/100g;Cooked meats, pate & sandwich fillers;cooked-meats-taste-the-difference;134;23.2;1.2;0.5;4.0;1.3;0.5;2.50;
sainsburys-breaded-wiltshire-ham--taste-the-difference-240g;Sainsbury's Breaded Wiltshire Ham, Taste the Difference 240g;£4.00/unit;£1.67/100g;Cooked meats, pate & sandwich fillers;ham;134;23.2;1.2;0.5;4.0;1.3;0.5;2.50;
sainsburys-breaded-yorkshire-ham--taste-the-difference-120g-7732081-p-44;Sainsbury's Breaded Yorkshire Ham, Taste the Difference 120g;£1.50/unit;£1.25/100g;Cooked meats & snacking;ham-82654-44;135;22.1;1.1;0.5;4.7;1.5;0.5;2.30;
sainsburys-breaded-yorkshire-ham--taste-the-difference-120g-7732081-p-44;Sainsbury's Breaded Yorkshire Ham, Taste the Difference 120g;£1.50/unit;£1.25/100g;Cooked meats & snacking;mfp-cooked-meats-snacking-taste-the-difference;135;22.1;1.1;0.5;4.7;1.5;0.5;2.30;
sainsburys-breaded-yorkshire-ham--taste-the-difference-120g-7732081-p-44;Sainsbury's Breaded Yorkshire Ham, Taste the Difference 120g;£1.50/unit;£1.25/100g;Cooked meats, pate & sandwich fillers;cooked-meats-taste-the-difference;135;22.1;1.1;0.5;4.7;1.5;0.5;2.30;
sainsburys-breaded-yorkshire-ham--taste-the-difference-120g-7732081-p-44;Sainsbury's Breaded Yorkshire Ham, Taste the Difference 120g;£1.50/unit;£1.25/100g;Cooked meats, pate & sandwich fillers;ham;135;22.1;1.1;0.5;4.7;1.5;0.5;2.30;
sainsburys-breadsticks-toasted-wheat-bran-125g;Sainsbury's Breadsticks Toasted Wheat Bran 125g;£0.80/unit;£0.64/100g;Biscuits & crackers;crackers-savoury-biscuits;402;15.6;64.7;3.1;7.2;1.2;8.1;1.83;
sainsburys-breakfast-apricots--way-to-five-300g;Sainsbury's Breakfast Apricots in Fruit Juice 300g;£1.00/unit;£3.33/kg;Canned, tinned & packaged foods;canned-tinned-packaged-fruit;107;1.0;23.8;20.9;0.5;0.1;2.6;0.01;
sainsburys-breakfast-apricots--way-to-five-300g;Sainsbury's Breakfast Apricots in Fruit Juice 300g;£1.00/unit;£3.33/kg;Fruit & desserts;dessert-fruit;107;1.0;23.8;20.9;0.5;0.1;2.6;0.01;
sainsburys-breakfast-fruit-pot-grapefruit-melody-in-grapefruit-juice-x2-125g;Sainsbury's Grapefruit Segments in Extra Light Syrup 2x125g;£1.00/unit;£4.00/kg;Fruit & desserts;dessert-fruit;32;0.6;7.3;7.3;0.5;0.1;0.5;0.03;
sainsburys-breakfast-marmalade--taste-the-difference-340g;Sainsbury's Breakfast Marmalade, Taste the Difference 340g;£1.25/unit;£0.37/100g;Jams, honey & spreads;marmalade;285;0.5;69.2;59.4;0.5;0.1;3.0;0.13;
sainsburys-breakfast-muesli--taste-the-difference-750g;Sainsbury's Luxury Fruit & Nut Muesli, Taste the Difference 750g;£2.80/unit;£0.37/100g;Breakfast cereals;muesli-granola-clusters;376;8.1;61.5;31.2;9.0;2.6;8.2;0;
sainsburys-bresaola--taste-the-difference-80g;Sainsbury's Italian Bresaola, Taste The Difference 80g;£3.75/unit;£4.69/100g;Cooked meats & snacking;mfp-continental-meats;141;31.0;0.5;0.5;1.6;0.8;0.5;3.30;
sainsburys-bresaola--taste-the-difference-80g;Sainsbury's Italian Bresaola, Taste The Difference 80g;£3.75/unit;£4.69/100g;Cooked meats & snacking;mfp-cooked-meats-snacking-taste-the-difference;141;31.0;0.5;0.5;1.6;0.8;0.5;3.30;
sainsburys-bresaola--taste-the-difference-80g;Sainsbury's Italian Bresaola, Taste The Difference 80g;£3.75/unit;£4.69/100g;Cooked meats, pate & sandwich fillers;continental-meats;141;31.0;0.5;0.5;1.6;0.8;0.5;3.30;
sainsburys-brie-de-meau--taste-the-difference-x-175g;Sainsbury's Brie De Meaux, Taste the Difference 175g;£2.75/unit;£15.28/kg;Cheese;organic-taste-the-difference-cheese;273;20.3;0.5;0.5;21.0;15.4;0.5;2.05;
sainsburys-bright-coloured-strands-71g;Sainsbury's Cake Decorations, Coloured Vermicelli 70g;£1.00/unit;£1.43/100g;Sugar & home baking;decorations;406;0.5;98.3;94.5;1.1;0.9;0.6;0.05;
sainsburys-brillat-savarin--taste-the-difference-200g;Sainsbury's Brillat Savarin, Taste the Difference 200g;£4.00/unit;£20.00/kg;Cheese;cheeseboard-delights;390;10.0;2.0;1.0;38.0;27.0;0.5;1.00;
sainsburys-brillat-savarin--taste-the-difference-200g;Sainsbury's Brillat Savarin, Taste the Difference 200g;£4.00/unit;£20.00/kg;Cheese;organic-taste-the-difference-cheese;390;10.0;2.0;1.0;38.0;27.0;0.5;1.00;
sainsburys-brioche-bread---butter-pud--taste-the-difference-535g;Sainsbury's Brioche Bread & Butter Pud, Taste The Difference 535g;£3.75/unit;£0.70/100g;Desserts & cream;desserts;287;4.2;27.9;21.1;17.4;10.6;0.7;0.24;
sainsburys-british-2-pork-chops-450g;Sainsbury's British Pork Chops x2 450g;£3.00/unit;£6.67/kg;Great prices on meat & fish;great-prices-on-meat---fish;279;26.3;0.5;0.5;19.0;7.2;0.5;0.26;
sainsburys-british-2-pork-chops-450g;Sainsbury's British Pork Chops x2 450g;£3.00/unit;£6.67/kg;Pork;pork;279;26.3;0.5;0.5;19.0;7.2;0.5;0.26;
sainsburys-british-21-day-slow-matured-fillet-steak--taste-the-difference-%28approx-390g%29;Sainsbury's British 21 Day Slow Matured Fillet Steak, Taste the Difference (approx. 283g / 10oz);£36.50/kg;£36.50/kg;Beef;beef;234;26.4;0.5;0.5;14.3;8.2;null;0.25;
sainsburys-british-21-day-slow-matured-fillet-steak--taste-the-difference-%28approx-390g%29;Sainsbury's British 21 Day Slow Matured Fillet Steak, Taste the Difference (approx. 283g / 10oz);£36.50/kg;£36.50/kg;Organic & Taste the Difference;organic-taste-the-difference;234;26.4;0.5;0.5;14.3;8.2;null;0.25;
sainsburys-british-21-day-slow-matured-rib-eye-steak--taste-the-difference-%28approx-300g%29;Sainsbury's British 21 Day Slow Matured Rib Eye Steak, Taste the Difference (approx. 283g / 10oz);£25.50/kg;£25.50/kg;Beef;beef;296;25.2;0.5;0.5;21.7;11.0;null;0.25;
sainsburys-british-21-day-slow-matured-rib-eye-steak--taste-the-difference-%28approx-300g%29;Sainsbury's British 21 Day Slow Matured Rib Eye Steak, Taste the Difference (approx. 283g / 10oz);£25.50/kg;£25.50/kg;Organic & Taste the Difference;organic-taste-the-difference;296;25.2;0.5;0.5;21.7;11.0;null;0.25;
sainsburys-british-21-day-slow-matured-roasting-joint--taste-the-difference-%28approx-11kg%29;Sainsbury's British Beef 21 Day Slow Matured Roasting Joint, Taste the Difference (approx. 1.19kg);£13.00/kg;£13.00/kg;Beef;beef;155;20.3;1.5;0.5;7.5;3.5;0.5;0.22;
sainsburys-british-21-day-slow-matured-roasting-joint--taste-the-difference-%28approx-11kg%29;Sainsbury's British Beef 21 Day Slow Matured Roasting Joint, Taste the Difference (approx. 1.19kg);£13.00/kg;£13.00/kg;Organic & Taste the Difference;organic-taste-the-difference;155;20.3;1.5;0.5;7.5;3.5;0.5;0.22;
sainsburys-british-21-day-slow-matured-rump-steak--taste-the-difference-%28approx-350g%29;Sainsbury's British 21 Day Slow Matured Rump Steak, Taste the Difference (approx. 318g / 11oz);£22.00/kg;£22.00/kg;Beef;beef;242;29.2;0.5;0.5;13.9;6.3;null;0.25;
sainsburys-british-21-day-slow-matured-rump-steak--taste-the-difference-%28approx-350g%29;Sainsbury's British 21 Day Slow Matured Rump Steak, Taste the Difference (approx. 318g / 11oz);£22.00/kg;£22.00/kg;Organic & Taste the Difference;organic-taste-the-difference;242;29.2;0.5;0.5;13.9;6.3;null;0.25;
sainsburys-british-21-day-slow-matured-sirloin-steak--taste-the-difference-%28approx-330g%29;Sainsbury's British 21 Day Slow Matured Sirloin Steak, Taste the Difference (approx. 283g / 10oz);£25.50/kg;£25.50/kg;Beef;beef;275;26.0;0.5;0.5;19.0;9.6;0.5;0.25;
sainsburys-british-21-day-slow-matured-sirloin-steak--taste-the-difference-%28approx-330g%29;Sainsbury's British 21 Day Slow Matured Sirloin Steak, Taste the Difference (approx. 283g / 10oz);£25.50/kg;£25.50/kg;Organic & Taste the Difference;organic-taste-the-difference;275;26.0;0.5;0.5;19.0;9.6;0.5;0.25;
sainsburys-british-8-thin-cut-loin-steaks-800g-p;Sainsbury's British Pork Loin Steaks, Thin Cut x8 800g;£5.00/unit;£6.25/kg;Great prices on meat & fish;great-prices-on-meat---fish;220;27.5;0.5;0.5;12.0;4.2;0.6;0.98;
sainsburys-british-8-thin-cut-loin-steaks-800g-p;Sainsbury's British Pork Loin Steaks, Thin Cut x8 800g;£5.00/unit;£6.25/kg;Pork;pork;220;27.5;0.5;0.5;12.0;4.2;0.6;0.98;
sainsburys-british-apple-juice--not-from-concentrate-250ml;Sainsbury's British Apple Juice, Not From Concentrate 250ml;£0.75/unit;£0.30/100ml;Chilled fruit juice & smoothies;chilled-fruit-juice;43;0.5;10.5;9.0;0.5;0.1;0.5;0.01;
sainsburys-british-apples-x5-%28minimum%29;Sainsbury's Apples x5 (minimum);£1.50/unit;£1.50/ea;Fresh fruit;apples-pears-rhubarb;47;0.5;11.8;11.8;0.5;0.1;1.8;0.5;
sainsburys-british-beef-brisket-%28approx-850g%29;Sainsbury's British Beef Brisket (approx. 1kg);£8.00/kg;£8.00/kg;Beef;beef;241;31.9;1.1;0.5;12.1;4.3;0.5;0.20;
sainsburys-british-beef-fillet-steak-%28approx-310g%29;Sainsbury's Beef Fillet Steak (approx. 212g / 7.5oz);£30.00/kg;£30.00/kg;Beef;beef;159;25.1;0.5;0.5;6.5;3.0;0.5;0.18;
sainsburys-british-beef-medallion-steak-%28approx-410g%29;Sainsbury's Beef Medallion Steak, Extra Lean (approx. 418g / 14.5oz);£14.00/kg;£14.00/kg;Beef;beef;147;30.5;0.5;0.5;2.8;1.1;0.5;0.18;
sainsburys-british-beef-medallion-steak-%28approx-410g%29;Sainsbury's Beef Medallion Steak, Extra Lean (approx. 418g / 14.5oz);£14.00/kg;£14.00/kg;Burgers & BBQ;burgers-bbq;147;30.5;0.5;0.5;2.8;1.1;0.5;0.18;
sainsburys-british-beef-mince--so-organic-500g;Sainsbury's Beef Mince 15% Fat, SO Organic 500g;£3.50/unit;£7.00/kg;Beef;beef;232;25.0;0.5;0.5;14.5;6.5;0.5;0.28;
sainsburys-british-beef-mince--so-organic-500g;Sainsbury's Beef Mince 15% Fat, SO Organic 500g;£3.50/unit;£7.00/kg;Organic & Taste the Difference;organic-taste-the-difference;232;25.0;0.5;0.5;14.5;6.5;0.5;0.28;
sainsburys-british-beef-roasting-joint--small-%28approx-860g%29;Sainsbury's British Beef Roasting Joint, Small (approx. 745g);£11.00/kg;£11.00/kg;Beef;beef;170;34;0.5;0.5;3.5;1.6;0.5;0.15;
sainsburys-british-beef-roasting-joint-large--taste-the-difference-%28approx-1738kg%29;Sainsbury's British Beef Roasting Joint Large, Taste the Difference (approx. 1.738kg);£9.00/kg;£9.00/kg;Beef;beef;210;25.2;0.5;0.5;12.1;5.6;0.5;0.25;
sainsburys-british-beef-roasting-joint-large--taste-the-difference-%28approx-1738kg%29;Sainsbury's British Beef Roasting Joint Large, Taste the Difference (approx. 1.738kg);£9.00/kg;£9.00/kg;Organic & Taste the Difference;organic-taste-the-difference;210;25.2;0.5;0.5;12.1;5.6;0.5;0.25;
sainsburys-british-beef-sirloin-steak--thin-x2-%28approx-225g%29;Sainsbury's Beef Sirloin Steak, Thin x2 (approx. 265g / 9oz);£17.78/kg;£17.78/kg;Beef;beef;213;27.6;0.5;0.5;11.4;4.9;0.5;0.20;
sainsburys-british-beef-sirloin-steak--thin-x2-%28approx-225g%29;Sainsbury's Beef Sirloin Steak, Thin x2 (approx. 265g / 9oz);£17.78/kg;£17.78/kg;Great prices on meat & fish;great-prices-on-meat---fish;213;27.6;0.5;0.5;11.4;4.9;0.5;0.20;
sainsburys-british-beef-slow-roast-joint--taste-the-difference-%28approx-1kg%29;Sainsbury's British Beef Slow Roasting Joint, Taste the Difference (approx. 1.253kg);£11.00/kg;£11.00/kg;Beef;beef;210;25.2;0.5;0.5;12.1;5.6;0.5;0.25;
sainsburys-british-beef-slow-roast-joint--taste-the-difference-%28approx-1kg%29;Sainsbury's British Beef Slow Roasting Joint, Taste the Difference (approx. 1.253kg);£11.00/kg;£11.00/kg;Organic & Taste the Difference;organic-taste-the-difference;210;25.2;0.5;0.5;12.1;5.6;0.5;0.25;
sainsburys-british-beef-small-roast--so-organic-%28approx-800g%29;Sainsbury's British Beef Small Roast, SO Organic (approx. 540g);£11.00/kg;£11.00/kg;Beef;beef;171;34.1;0.5;0.5;3.7;1.8;null;0.15;
sainsburys-british-beef-small-roast--so-organic-%28approx-800g%29;Sainsbury's British Beef Small Roast, SO Organic (approx. 540g);£11.00/kg;£11.00/kg;Organic & Taste the Difference;organic-taste-the-difference;171;34.1;0.5;0.5;3.7;1.8;null;0.15;
sainsburys-british-boneless-pork-crackling-leg-joint--large-%28approx-22kg%29;Sainsbury's British Boneless Pork Crackling Leg Joint, Large (approx. 2.2kg);£6.00/kg;£6.00/kg;Pork;pork;221;29.9;0.8;0.5;10.8;4.2;0.5;0.52;
sainsburys-british-boneless-pork-shoulder-joint--basics-%28approx-14kg%29;Sainsbury's British Boneless Pork Shoulder Joint, Basics (approx. 1.4kg);£3.30/kg;£3.30/kg;Pork;pork;267;30.2;0.5;0.5;16.0;5.8;0.8;0.14;
sainsburys-british-boneless-rind-on-pork-belly-joint-%28approx-700g%29;Sainsbury's British Outdoor Reared Boneless Pork Belly Joint, Small (approx. 700g);£5.50/kg;£5.50/kg;Pork;pork;418;27.3;0.5;0.5;34.1;13.6;0.5;1.48;
sainsburys-british-bramley-apple-bag-x5-%28minimum%29;Sainsbury's British Bramley Apple Bag x4 (minimum);£1.50/unit;£1.50/ea;Fresh fruit;apples-pears-rhubarb;33;0.5;8.1;100;0.5;0.1;1.5;0.5;
sainsburys-british-bramley-apple-bag-x5-%28minimum%29;Sainsbury's British Bramley Apple Bag x4 (minimum);£1.50/unit;£1.50/ea;In season;new-in-season;33;0.5;8.1;100;0.5;0.1;1.5;0.5;
sainsburys-british-breaded-ham--be-good-to-yourself-100g;Sainsbury's Breaded Ham, Be Good To Yourself 100g;£2.00/unit;£2.00/100g;Cooked meats & snacking;ham-82654-44;110;21.8;2.0;0.5;1.6;0.6;0.5;1.38;
sainsburys-british-breaded-ham--be-good-to-yourself-100g;Sainsbury's Breaded Ham, Be Good To Yourself 100g;£2.00/unit;£2.00/100g;Cooked meats, pate & sandwich fillers;ham;110;21.8;2.0;0.5;1.6;0.6;0.5;1.38;
sainsburys-british-breaded-ham-120g;Sainsbury's British Breaded Ham 120g;£2.00/unit;£1.67/100g;Cooked meats & snacking;ham-82654-44;118;21.1;0.9;0.5;3.3;1.2;0.5;1.63;
sainsburys-british-breaded-ham-120g;Sainsbury's British Breaded Ham 120g;£2.00/unit;£1.67/100g;Cooked meats, pate & sandwich fillers;ham;118;21.1;0.9;0.5;3.3;1.2;0.5;1.63;
sainsburys-british-broad-beans-750g;Sainsbury's British Broad Beans 750g;£1.50/unit;£2.00/kg;Fruit, vegetables & rice;frozen-vegetables;93;7.9;10.7;1.2;0.6;0.1;6.5;0.02;
sainsburys-british-broccoli-florets-1kg;Sainsbury's British Broccoli Florets 1kg;£1.40/unit;£1.40/kg;Fruit, vegetables & rice;frozen-vegetables;37;3.3;2.3;1.4;0.9;0.1;3.0;0.03;
sainsburys-british-butterflied-lamb-leg-%28approx-750g%29;Sainsbury's British Butterflied Lamb Leg (approx. 750g);£12.50/kg;£12.50/kg;Lamb;lamb;162;25.1;0.5;0.5;6.8;3.3;0.5;0.18;
sainsburys-british-button-sprouts-1kg;Sainsbury's British Button Sprouts 1kg;£1.20/unit;£1.20/kg;Fruit, vegetables & rice;frozen-vegetables;45;3.5;2.7;2.4;1.3;0.3;4.1;0.01;
sainsburys-british-caster-sugar-1kg-7713296-p-44;Sainsbury's British White Caster Sugar 1kg;£1.35/unit;£1.35/kg;Sugar & home baking;sugar-sweeteners;400;0.5;99.9;99.9;0.5;0.1;0.5;0.01;
sainsburys-british-caster-sugar-500g;Sainsbury's British White Caster Sugar 500g;£1.00/unit;£2.00/kg;Sugar & home baking;sugar-sweeteners;400;0.5;99.9;99.9;0.5;0.1;0.5;0.01;
sainsburys-british-cauliflower---broccoli-floret-mix-1kg;Sainsbury's British Cauliflower & Broccoli Floret Mix 1kg;£1.40/unit;£1.40/kg;Fruit, vegetables & rice;frozen-vegetables;31;2.7;2.1;1.4;0.7;0.1;2.9;0.01;
sainsburys-british-cauliflower-florets-1kg;Sainsbury's British Cauliflower Florets 1kg;£1.40/unit;£1.40/kg;Fruit, vegetables & rice;frozen-vegetables;26;2.0;1.9;1.4;0.5;0.1;2.7;0.02;
sainsburys-british-chicken-breast-fillet-portions-460g;Sainsbury's British Chicken Breast Fillet Portions 460g;£3.30/unit;£7.17/kg;Chicken;chicken;141;30.7;0.5;0.5;1.7;0.4;0.5;0.13;
sainsburys-british-chicken-breast-fillet-portions-460g;Sainsbury's British Chicken Breast Fillet Portions 460g;£3.30/unit;£7.17/kg;Great prices on meat & fish;great-prices-on-meat---fish;141;30.7;0.5;0.5;1.7;0.4;0.5;0.13;
sainsburys-british-chicken-breast-fillets--fresh-for-freezing-1kg;Sainsbury's British Chicken Whole Breast Fillets (minimum 7) 1kg;£9.50/unit;£9.50/kg;Chicken;chicken;141;30.7;0.5;0.5;1.7;0.4;0.5;0.13;
sainsburys-british-chicken-breast-fillets--fresh-for-freezing-1kg;Sainsbury's British Chicken Whole Breast Fillets (minimum 7) 1kg;£9.50/unit;£9.50/kg;Great prices on meat & fish;great-prices-on-meat---fish;141;30.7;0.5;0.5;1.7;0.4;0.5;0.13;
sainsburys-british-chicken-breast-fillets--so-organic-%28approx-360g%29;Sainsbury's British Chicken Breast Fillets, SO Organic (approx. 360g);£19.00/kg;£19.00/kg;Chicken;chicken;137;31.1;0.5;0.5;1.1;0.3;0.5;0.14;
sainsburys-british-chicken-breast-fillets--so-organic-%28approx-360g%29;Sainsbury's British Chicken Breast Fillets, SO Organic (approx. 360g);£19.00/kg;£19.00/kg;Organic & Taste the Difference;organic-taste-the-difference;137;31.1;0.5;0.5;1.1;0.3;0.5;0.14;
sainsburys-british-chicken-breast-mini-fillets-500g;Sainsbury's British Chicken Breast Mini Fillets 500g;£3.30/unit;£6.60/kg;Meat & poultry;frozen-chicken;134;27.6;0.5;0.5;2.3;0.4;0.5;0.10;
sainsburys-british-chicken-fillets-650g;Sainsbury's British Chicken Breast Fillet Portions 650g;£4.50/unit;£6.92/kg;Chicken;chicken;141;30.7;0.5;0.5;1.7;0.4;0.5;0.13;
sainsburys-british-chicken-fillets-650g;Sainsbury's British Chicken Breast Fillet Portions 650g;£4.50/unit;£6.92/kg;Great prices on meat & fish;great-prices-on-meat---fish;141;30.7;0.5;0.5;1.7;0.4;0.5;0.13;
sainsburys-british-chicken-thigh-fillet--taste-the-difference-%28approx-360g%29;Sainsbury's British Free Range Chicken Thigh Fillet, Taste the Difference (approx. 360g);£9.45/kg;£9.45/kg;Chicken;chicken;231;35.8;0.5;0.5;9.4;2.4;0.5;0.25;
sainsburys-british-chicken-thigh-fillet--taste-the-difference-%28approx-360g%29;Sainsbury's British Free Range Chicken Thigh Fillet, Taste the Difference (approx. 360g);£9.45/kg;£9.45/kg;Great prices on meat & fish;great-prices-on-meat---fish;231;35.8;0.5;0.5;9.4;2.4;0.5;0.25;
sainsburys-british-chicken-thigh-fillet--taste-the-difference-%28approx-360g%29;Sainsbury's British Free Range Chicken Thigh Fillet, Taste the Difference (approx. 360g);£9.45/kg;£9.45/kg;Organic & Taste the Difference;organic-taste-the-difference;231;35.8;0.5;0.5;9.4;2.4;0.5;0.25;
sainsburys-british-chicken-thigh-fillet-460g;Sainsbury's British Chicken Thigh Fillets (4-5 pieces) 460g;£3.00/unit;£6.52/kg;Chicken;chicken;188;26.2;0.5;0.5;8.9;2.2;0.5;0.22;
sainsburys-british-chicken-thigh-fillet-460g;Sainsbury's British Chicken Thigh Fillets (4-5 pieces) 460g;£3.00/unit;£6.52/kg;Great prices on meat & fish;great-prices-on-meat---fish;188;26.2;0.5;0.5;8.9;2.2;0.5;0.22;
sainsburys-british-chicken-thigh-fillets--so-organic-%28approx-480g%29;Sainsbury's British Free Range Chicken Thigh Fillets, SO Organic (approx. 360g);£16.60/kg;£16.60/kg;Chicken;chicken;190;29.5;0.5;0.5;7.7;2.1;0.5;0.27;
sainsburys-british-chicken-thigh-fillets--so-organic-%28approx-480g%29;Sainsbury's British Free Range Chicken Thigh Fillets, SO Organic (approx. 360g);£16.60/kg;£16.60/kg;Organic & Taste the Difference;organic-taste-the-difference;190;29.5;0.5;0.5;7.7;2.1;0.5;0.27;
sainsburys-british-chicken-thigh-pack-460g;Sainsbury's British Chicken Thighs (3-4 pieces) 460g;£2.75/unit;£5.98/kg;Burgers & BBQ;burgers-bbq;229;25.2;0.5;0.5;13.9;3.7;0.5;0.13;
sainsburys-british-chicken-thigh-pack-460g;Sainsbury's British Chicken Thighs (3-4 pieces) 460g;£2.75/unit;£5.98/kg;Chicken;chicken;229;25.2;0.5;0.5;13.9;3.7;0.5;0.13;
sainsburys-british-chicken-thighs---drums-660g;Sainsbury's British Chicken Thighs & Drums 660g;£3.00/unit;£4.55/kg;Burgers & BBQ;burgers-bbq;178;26.1;0.5;0.5;7.8;2.1;0.5;0.13;
sainsburys-british-chicken-thighs---drums-660g;Sainsbury's British Chicken Thighs & Drums 660g;£3.00/unit;£4.55/kg;Chicken;chicken;178;26.1;0.5;0.5;7.8;2.1;0.5;0.13;
sainsburys-british-classic-bangers---mash-450g;Sainsbury's British Classic Bangers & Mash 450g;£2.30/unit;£5.11/kg;Ready meals;british-ready-meals;133;5.1;12.9;1.3;6.2;2.9;2.5;0.82;
sainsburys-british-classic-bangers---mash-450g;Sainsbury's British Classic Bangers & Mash 450g;£2.30/unit;£5.11/kg;Ready meals;meals-for-1-ready-meals;133;5.1;12.9;1.3;6.2;2.9;2.5;0.82;
sainsburys-british-classic-beef-dinner-400g;Sainsbury's British Classic Beef Dinner 400g;£3.50/unit;£8.75/kg;Ready meals;british-ready-meals;122;8.5;13.3;2.3;3.1;1.1;3.5;0.38;
sainsburys-british-classic-beef-dinner-400g;Sainsbury's British Classic Beef Dinner 400g;£3.50/unit;£8.75/kg;Ready meals;meals-for-1-ready-meals;122;8.5;13.3;2.3;3.1;1.1;3.5;0.38;
sainsburys-british-classic-braised-steak-450g;Sainsbury's British Classic Braised Steak 450g;£2.30/unit;£5.11/kg;Ready meals;british-ready-meals;121;7.7;11.5;1.1;4.5;2.3;2.0;0.61;
sainsburys-british-classic-braised-steak-450g;Sainsbury's British Classic Braised Steak 450g;£2.30/unit;£5.11/kg;Ready meals;meals-for-1-ready-meals;121;7.7;11.5;1.1;4.5;2.3;2.0;0.61;
sainsburys-british-classic-chicken-casserole-450g;Sainsbury's British Classic Chicken Casserole 450g;£2.30/unit;£5.11/kg;Ready meals;british-ready-meals;129;9.1;8.4;2.2;5.5;2.2;4.8;0.71;
sainsburys-british-classic-chicken-casserole-450g;Sainsbury's British Classic Chicken Casserole 450g;£2.30/unit;£5.11/kg;Ready meals;meals-for-1-ready-meals;129;9.1;8.4;2.2;5.5;2.2;4.8;0.71;
sainsburys-british-classic-cottage-pie-450g;Sainsbury's British Classic Cottage Pie 450g;£2.30/unit;£5.11/kg;Ready meals;british-ready-meals;90;5.6;6.9;0.9;4.1;2.2;1.6;0.45;
sainsburys-british-classic-cottage-pie-450g;Sainsbury's British Classic Cottage Pie 450g;£2.30/unit;£5.11/kg;Ready meals;meals-for-1-ready-meals;90;5.6;6.9;0.9;4.1;2.2;1.6;0.45;
sainsburys-british-classic-lancashire-hotpot-450g;Sainsbury's British Classic Lancashire Hotpot 450g;£3.00/unit;£6.67/kg;Ready meals;british-ready-meals;107;7.0;9.7;2.9;3.8;1.4;2.7;0.45;
sainsburys-british-classic-lancashire-hotpot-450g;Sainsbury's British Classic Lancashire Hotpot 450g;£3.00/unit;£6.67/kg;Ready meals;meals-for-1-ready-meals;107;7.0;9.7;2.9;3.8;1.4;2.7;0.45;
sainsburys-british-classic-minced-beef-hotpot-450g;Sainsbury's British Classic Minced Beef Hotpot 450g;£2.30/unit;£5.11/kg;Ready meals;british-ready-meals;127;6.3;12.1;1.9;4.9;2.2;4.5;0.49;
sainsburys-british-classic-minced-beef-hotpot-450g;Sainsbury's British Classic Minced Beef Hotpot 450g;£2.30/unit;£5.11/kg;Ready meals;meals-for-1-ready-meals;127;6.3;12.1;1.9;4.9;2.2;4.5;0.49;
sainsburys-british-classic-shepherds-pie-450g;Sainsbury's Classic Shepherds Pie 450g;£2.30/unit;£5.11/kg;Ready meals;british-ready-meals;95;5.0;10.0;1.3;3.4;1.9;2.2;0.55;
sainsburys-british-classic-shepherds-pie-450g;Sainsbury's Classic Shepherds Pie 450g;£2.30/unit;£5.11/kg;Ready meals;meals-for-1-ready-meals;95;5.0;10.0;1.3;3.4;1.9;2.2;0.55;
sainsburys-british-cold-pressed-rapessed-oil--taste-the-difference-500ml;Sainsbury's British Cold Pressed Rapessed Oil, Taste the Difference 500ml;£4.00/unit;£0.80/100ml;Cooking ingredients & oils;oils;869;0.5;2.1;0.5;95.5;6.3;null;0.01;
sainsburys-british-cooked-ham--basics-x30-400g;Sainsbury's British Cooked Ham, Basics x30 400g;£1.70/unit;£0.43/100g;Cooked meats & snacking;ham-82654-44;107;16.8;2.0;2.0;3.5;1.3;0.5;1.80;
sainsburys-british-cooked-ham--basics-x30-400g;Sainsbury's British Cooked Ham, Basics x30 400g;£1.70/unit;£0.43/100g;Cooked meats, pate & sandwich fillers;ham;107;16.8;2.0;2.0;3.5;1.3;0.5;1.80;
sainsburys-british-cooked-ham-120g;Sainsbury's British Cooked Ham 120g;£2.00/unit;£1.67/100g;Cooked meats & snacking;ham-82654-44;118;22.3;0.9;0.9;2.8;1.0;0.5;1.63;
sainsburys-british-cooked-ham-120g;Sainsbury's British Cooked Ham 120g;£2.00/unit;£1.67/100g;Cooked meats, pate & sandwich fillers;ham;118;22.3;0.9;0.9;2.8;1.0;0.5;1.63;
sainsburys-british-cooked-ham-125g;Sainsbury's British Ham Slices x10 125g;£1.00/unit;£0.80/100g;Cooked meats & snacking;ham-82654-44;103;18.0;0.5;0.5;3.4;1.3;0.5;1.80;
sainsburys-british-cooked-ham-125g;Sainsbury's British Ham Slices x10 125g;£1.00/unit;£0.80/100g;Cooked meats, pate & sandwich fillers;ham;103;18.0;0.5;0.5;3.4;1.3;0.5;1.80;
sainsburys-british-corn-fed-whole-chicken-%28approx-155kg%29;Sainsbury's British Whole Chicken Corn Fed (approx. 1.55kg);£4.40/kg;£4.40/kg;Chicken;chicken;214;26.0;0.5;0.5;11.9;3.6;0.5;0.19;
sainsburys-british-corned-beef--taste-the-difference-100g;Sainsbury's British Corned Beef, Taste the Difference 100g;£3.00/unit;£3.00/100g;Cooked meats & snacking;mfp-cooked-meats-snacking-taste-the-difference;233;23.1;0.5;0.5;15.4;6.6;0.5;1.35;
sainsburys-british-corned-beef--taste-the-difference-100g;Sainsbury's British Corned Beef, Taste the Difference 100g;£3.00/unit;£3.00/100g;Cooked meats, pate & sandwich fillers;cooked-meats-taste-the-difference;233;23.1;0.5;0.5;15.4;6.6;0.5;1.35;
sainsburys-british-creme-fraiche-300ml;Sainsbury's British Crème Fraîche 300ml;£0.85/unit;£0.28/100ml;Desserts & cream;fresh-cream-custard;296;2.1;2.0;2.0;31.1;21.6;0.5;0.05;
sainsburys-british-creme-fraiche-600ml;Sainsbury's British Crème Fraîche 600ml;£1.60/unit;£0.27/100ml;Desserts & cream;fresh-cream-custard;296;2.1;2.0;2.0;31.1;21.6;0.5;0.05;
sainsburys-british-diced-chicken-251g;Sainsbury's British Diced Chicken Breast 251g;£3.00/unit;£11.95/kg;Chicken;chicken;171;32.6;0.5;0.5;4.2;0.8;0.5;0.20;
sainsburys-british-diced-chicken-500g;Sainsbury's British Diced Chicken 500g;£3.30/unit;£6.60/kg;Meat & poultry;frozen-chicken;157;28.6;0.5;0.5;4.4;0.7;0.5;0.15;
sainsburys-british-diced-chicken-breast-400g;Sainsbury's British Diced Chicken Breast 400g;£3.50/unit;£8.75/kg;Chicken;chicken;171;32.6;0.5;0.5;4.2;0.8;0.5;0.20;
sainsburys-british-diced-chicken-breast-400g;Sainsbury's British Diced Chicken Breast 400g;£3.50/unit;£8.75/kg;Great prices on meat & fish;great-prices-on-meat---fish;171;32.6;0.5;0.5;4.2;0.8;0.5;0.20;
sainsburys-british-diced-pork-shoulder--basics-445g;Sainsbury's British Diced Pork Shoulder, Basics 445g;£2.50/unit;£5.62/kg;Great prices on meat & fish;great-prices-on-meat---fish;145;18.3;0.5;0.5;7.6;2.7;0.5;0.24;
sainsburys-british-diced-pork-shoulder--basics-445g;Sainsbury's British Diced Pork Shoulder, Basics 445g;£2.50/unit;£5.62/kg;Pork;pork;145;18.3;0.5;0.5;7.6;2.7;0.5;0.24;
sainsburys-british-extra-lean-beef-escalopes-300g;Sainsbury's Beef Escalopes, Extra Lean 300g / 10.5oz;£3.45/unit;£11.50/kg;Beef;beef;178;36.4;0.5;0.5;3.6;1.5;0.5;0.15;
sainsburys-british-extra-lean-beef-roasting-joint--mini--be-good-to-yourself-%28approx-530g%29;Sainsbury's British Extra Lean Beef Roasting Joint, Mini (approx. 682g);£12.00/kg;£12.00/kg;Beef;beef;173;33.4;0.5;0.5;4.3;1.9;0.5;0.15;
sainsburys-british-extra-lean-pork-fillet-medallion-300g;Sainsbury's British Extra Lean Pork Fillet Medallion 300g;£4.00/unit;£13.33/kg;Pork;pork;124;22.2;0.2;0.1;3.7;1.2;0.5;0.18;
sainsburys-british-extra-mature-cheddar-270g;Sainsbury's British Extra Mature Cheddar 270g;£2.15/unit;£7.96/kg;Cheese;cheddar-british-regional-cheese;410;25.0;0.5;0.5;34.4;21.7;0.5;1.68;
sainsburys-british-extra-mature-cheddar-400g;Sainsbury's British Extra Mature Cheddar 400g;£3.00/unit;£7.50/kg;Cheese;cheddar-british-regional-cheese;410;25.0;0.5;0.5;34.4;21.7;0.5;1.68;
sainsburys-british-extra-mature-cheddar-slices-240g;Sainsbury's British Extra Mature Cheddar Slices 240g;£2.00/unit;£8.33/kg;Cheese;cheddar-british-regional-cheese;390;25.5;0.5;0.5;32.0;20.8;0.5;1.80;
sainsburys-british-extra-mature-cheddar-slices-240g;Sainsbury's British Extra Mature Cheddar Slices 240g;£2.00/unit;£8.33/kg;Cheese;sliced-grated-cheese;390;25.5;0.5;0.5;32.0;20.8;0.5;1.80;
sainsburys-british-extra-mature-grated-cheddar-250g;Sainsbury's British Extra Mature Grated Cheddar 250g;£2.00/unit;£8.00/kg;Cheese;cheddar-british-regional-cheese;389;25.0;1.7;0.5;31.4;20.4;0.5;1.78;
sainsburys-british-extra-mature-grated-cheddar-250g;Sainsbury's British Extra Mature Grated Cheddar 250g;£2.00/unit;£8.00/kg;Cheese;sliced-grated-cheese;389;25.0;1.7;0.5;31.4;20.4;0.5;1.78;
sainsburys-british-fatted-medium-beef-roasting-joint-%28approx-13kg%29;Sainsbury's British Fatted Medium Beef Roasting Joint (approx. 1.27kg);£11.00/kg;£11.00/kg;Beef;beef;183;33.0;0.5;0.5;5.6;2.2;0.5;0.18;
sainsburys-british-filtered-skimmed-milk-2l;Sainsbury's British Filtered Skimmed Milk 2L;£1.50/unit;£0.75/ltr;Fresh milk & eggs;fresh-milk;35;3.2;4.9;4.9;0.5;0.1;0.5;0.14;
sainsburys-british-filtered-whole-milk-2l;Sainsbury's British Filtered Whole Milk 2L;£1.50/unit;£0.75/ltr;Fresh milk & eggs;fresh-milk;63;3.1;4.5;4.5;3.6;2.3;0.5;0.13;
sainsburys-british-free-range-whole-chicken--taste-the-difference-900g---22kg;Sainsbury's British Whole Chicken Free Range, Taste the Difference 900g - 2.2kg;£5.60/kg;£5.60/kg;Chicken;chicken;204;28.9;0.5;0.5;9.5;2.7;0.5;0.13;
sainsburys-british-free-range-whole-chicken--taste-the-difference-900g---22kg;Sainsbury's British Whole Chicken Free Range, Taste the Difference 900g - 2.2kg;£5.60/kg;£5.60/kg;Organic & Taste the Difference;organic-taste-the-difference;204;28.9;0.5;0.5;9.5;2.7;0.5;0.13;
sainsburys-british-fresh-chicken-legs-%28approx-12kg%29;Sainsbury's British Chicken Legs (approx. 1.2kg);£4.00/kg;£4.00/kg;Burgers & BBQ;burgers-bbq;229;23.1;0.5;0.5;14.8;4.0;0.5;0.13;
sainsburys-british-fresh-chicken-legs-%28approx-12kg%29;Sainsbury's British Chicken Legs (approx. 1.2kg);£4.00/kg;£4.00/kg;Chicken;chicken;229;23.1;0.5;0.5;14.8;4.0;0.5;0.13;
sainsburys-british-fresh-chicken-liver-400g;Sainsbury's British Fresh Chicken Liver 400g;£1.00/unit;£2.50/kg;Chicken;chicken;170;23.3;2.1;0.5;7.3;2.0;1.3;0.29;
sainsburys-british-fresh-chicken-thighs-%28approx-13kg%29;Sainsbury's British Chicken Thighs (approx. 1.3kg);£5.00/kg;£5.00/kg;Burgers & BBQ;burgers-bbq;229;25.2;0.5;0.5;13.9;3.7;0.5;0.13;
sainsburys-british-fresh-chicken-thighs-%28approx-13kg%29;Sainsbury's British Chicken Thighs (approx. 1.3kg);£5.00/kg;£5.00/kg;Chicken;chicken;229;25.2;0.5;0.5;13.9;3.7;0.5;0.13;
sainsburys-british-fresh-milk--organic-568ml-%281pint%29;Sainsbury's British Whole Milk, SO Organic 568ml (1 pint);£0.60/unit;£1.06/ltr;Fresh milk & eggs;fresh-milk;67;3.3;4.5;4.5;4.0;2.6;0.5;0.10;
sainsburys-british-fresh-milk--organic-568ml-%281pint%29;Sainsbury's British Whole Milk, SO Organic 568ml (1 pint);£0.60/unit;£1.06/ltr;Fresh milk & eggs;organic-milk;67;3.3;4.5;4.5;4.0;2.6;0.5;0.10;
sainsburys-british-fresh-milk--semi-skimmed--organic-568ml-%281pint%29;Sainsbury's British Semi Skimmed Milk, SO Organic 568ml (1 pint);£0.60/unit;£1.06/ltr;Fresh milk & eggs;fresh-milk;49;3.4;5.0;5.0;1.7;1.0;0.0;0.14;
sainsburys-british-fresh-milk--semi-skimmed--organic-568ml-%281pint%29;Sainsbury's British Semi Skimmed Milk, SO Organic 568ml (1 pint);£0.60/unit;£1.06/ltr;Fresh milk & eggs;organic-milk;49;3.4;5.0;5.0;1.7;1.0;0.0;0.14;
sainsburys-british-fresh-milk--semi-skimmed--so-organic-113l-%282-pint%29;Sainsbury's British Semi Skimmed Milk, SO Organic 1.13L (2 pint);£1.10/unit;£0.97/ltr;Fresh milk & eggs;fresh-milk;48;3.5;4.6;4.6;1.8;1.1;0.5;0.10;
sainsburys-british-fresh-milk--semi-skimmed--so-organic-113l-%282-pint%29;Sainsbury's British Semi Skimmed Milk, SO Organic 1.13L (2 pint);£1.10/unit;£0.97/ltr;Fresh milk & eggs;organic-milk;48;3.5;4.6;4.6;1.8;1.1;0.5;0.10;
sainsburys-british-fresh-milk--semi-skimmed--so-organic-227l-%284-pint%29;Sainsbury's British Semi Skimmed Milk, SO Organic 2.27L (4 pint);£1.85/unit;£0.81/ltr;Fresh milk & eggs;fresh-milk;48;3.5;4.6;4.6;1.8;1.1;0.5;0.10;
sainsburys-british-fresh-milk--semi-skimmed--so-organic-227l-%284-pint%29;Sainsbury's British Semi Skimmed Milk, SO Organic 2.27L (4 pint);£1.85/unit;£0.81/ltr;Fresh milk & eggs;organic-milk;48;3.5;4.6;4.6;1.8;1.1;0.5;0.10;
sainsburys-british-fresh-milk--semi-skimmed-113l-%282pint%29;Sainsbury's British Semi Skimmed Milk 1.13L (2 pint);£0.89/unit;£0.78/ltr;Fresh milk & eggs;fresh-milk;48;3.5;4.6;4.6;1.8;1.1;0.5;0.10;
sainsburys-british-fresh-milk--semi-skimmed-34l-%286-pint%29;Sainsbury's British Semi Skimmed Milk 3.4L (6 pint);£1.48/unit;£0.43/ltr;Fresh milk & eggs;fresh-milk;48;3.5;4.6;4.6;1.8;1.1;0.5;0.10;
sainsburys-british-fresh-milk--semi-skimmed-568ml-%281pint%29;Sainsbury's British Semi Skimmed Milk 568ml (1 pint);£0.49/unit;£0.86/ltr;Fresh milk & eggs;fresh-milk;48;3.5;4.6;4.6;1.8;1.1;0.5;0.10;
sainsburys-british-fresh-milk--skimmed-113l-%282pint%29;Sainsbury's British Skimmed Milk 1.13L (2 pint);£0.89/unit;£0.78/ltr;Fresh milk & eggs;fresh-milk;36;3.6;4.7;4.7;0.5;0.1;0.5;0.13;
sainsburys-british-fresh-milk-skimmed--organic-568ml-%281pint%29;Sainsbury's British Skimmed Milk, SO Organic 568ml (1 pint);£0.60/unit;£1.06/ltr;Fresh milk & eggs;fresh-milk;36;3.6;4.7;4.7;0.5;0.1;0.5;0.13;
sainsburys-british-fresh-milk-skimmed--organic-568ml-%281pint%29;Sainsbury's British Skimmed Milk, SO Organic 568ml (1 pint);£0.60/unit;£1.06/ltr;Fresh milk & eggs;organic-milk;36;3.6;4.7;4.7;0.5;0.1;0.5;0.13;
sainsburys-british-fresh-milk-skimmed--so-organic-113l-%282-pint%29;Sainsbury's British Skimmed Milk, SO Organic 1.13L (2 pint);£1.10/unit;£0.97/ltr;Fresh milk & eggs;fresh-milk;35;3.4;5.0;5.0;0.5;0.1;0.5;0.14;
sainsburys-british-fresh-milk-skimmed--so-organic-113l-%282-pint%29;Sainsbury's British Skimmed Milk, SO Organic 1.13L (2 pint);£1.10/unit;£0.97/ltr;Fresh milk & eggs;organic-milk;35;3.4;5.0;5.0;0.5;0.1;0.5;0.14;
sainsburys-british-fresh-pigs-liver-%28approx-420g%29;Sainsbury's British Fresh Pigs Liver (approx. 420g);£2.00/kg;£2.00/kg;Pork;pork;209;32.0;0.5;0.5;8.9;1.6;null;0.24;
sainsburys-british-fresh-whole-milk--so-organic-227l-%284-pint%29;Sainsbury's British Whole Milk, SO Organic 2.27L (4 Pint);£1.85/unit;£0.81/ltr;Fresh milk & eggs;fresh-milk;67;3.3;4.5;4.5;4.0;2.6;0.5;0.10;
sainsburys-british-fresh-whole-milk--so-organic-227l-%284-pint%29;Sainsbury's British Whole Milk, SO Organic 2.27L (4 Pint);£1.85/unit;£0.81/ltr;Fresh milk & eggs;organic-milk;67;3.3;4.5;4.5;4.0;2.6;0.5;0.10;
sainsburys-british-frozen-skinless-chicken-fillets-1kg;Sainsbury's British Skinless Chicken Fillets 1kg;£6.50/unit;£6.50/kg;Meat & poultry;frozen-chicken;138;30.7;0.0;0.0;1.7;0.4;0.0;0.13;
sainsburys-british-garden-peas-181kg;Sainsbury's British Garden Peas 1.81kg;£2.70/unit;£1.49/kg;Fruit, vegetables & rice;frozen-vegetables;79;5.9;9.0;2.6;0.9;0.2;5.5;0.01;
sainsburys-british-garden-peas-910g;Sainsbury's British Garden Peas 910g;£1.45/unit;£1.60/kg;Fruit, vegetables & rice;frozen-vegetables;79;5.9;9.0;2.6;0.9;0.2;5.5;0.01;
sainsburys-british-granulated-sugar-500g;Sainsbury's British White Granulated Sugar 500g;£0.55/unit;£1.10/kg;Sugar & home baking;sugar-sweeteners;400;0.5;99.9;99.9;0.5;0.1;0.5;0.01;
sainsburys-british-granulated-sugar-5kg;Sainsbury's British White Granulated Sugar 5kg;£3.00/unit;£0.60/kg;Sugar & home baking;sugar-sweeteners;400;0.5;99.9;99.9;0.5;0.1;0.5;0.01;
sainsburys-british-half-fat-creme-fraiche-300ml;Sainsbury's British Half Fat Crème Fraîche 300ml;£0.85/unit;£0.28/100ml;Desserts & cream;fresh-cream-custard;163;2.7;4.4;3.0;15.0;10.2;0.5;0.09;
sainsburys-british-half-fat-creme-fraiche-600ml;Sainsbury's British Half Fat Crème Fraîche 600ml;£1.60/unit;£0.27/100ml;Desserts & cream;fresh-cream-custard;163;2.7;4.4;3.0;15.0;10.2;0.5;0.09;
sainsburys-british-ham-joint-500g;Sainsbury's British Ham Joint 500g;£5.00/unit;£1.00/100g;Cooked meats & snacking;ham-82654-44;115;22.1;1.0;1.0;2.5;0.9;0.5;1.90;
sainsburys-british-ham-joint-500g;Sainsbury's British Ham Joint 500g;£5.00/unit;£1.00/100g;Cooked meats & snacking;mfp-continental-meats;115;22.1;1.0;1.0;2.5;0.9;0.5;1.90;
sainsburys-british-ham-joint-500g;Sainsbury's British Ham Joint 500g;£5.00/unit;£1.00/100g;Cooked meats, pate & sandwich fillers;continental-meats;115;22.1;1.0;1.0;2.5;0.9;0.5;1.90;
sainsburys-british-ham-joint-500g;Sainsbury's British Ham Joint 500g;£5.00/unit;£1.00/100g;Cooked meats, pate & sandwich fillers;ham;115;22.1;1.0;1.0;2.5;0.9;0.5;1.90;
sainsburys-british-ham-slices--basics-125g;Sainsbury's British Ham Slices, Basics 125g;£0.65/unit;£0.52/100g;Cooked meats & snacking;ham-82654-44;107;16.8;2.0;2.0;3.5;1.3;0.5;1.80;
sainsburys-british-ham-slices--basics-125g;Sainsbury's British Ham Slices, Basics 125g;£0.65/unit;£0.52/100g;Cooked meats, pate & sandwich fillers;ham;107;16.8;2.0;2.0;3.5;1.3;0.5;1.80;
sainsburys-british-honey-cured-ham-wafer-thin-sliced-450g;Sainsbury's British Honey Cured Ham Wafer Thin Sliced 450g;£2.00/unit;£0.45/100g;Cooked meats & snacking;ham-82654-44;107;16.3;2.0;2.0;3.8;1.5;0.5;1.80;
sainsburys-british-honey-cured-ham-wafer-thin-sliced-450g;Sainsbury's British Honey Cured Ham Wafer Thin Sliced 450g;£2.00/unit;£0.45/100g;Cooked meats, pate & sandwich fillers;ham;107;16.3;2.0;2.0;3.8;1.5;0.5;1.80;
sainsburys-british-honey-roast-ham-120g;Sainsbury's British Honey Roast Ham Slices x7 120g;£2.00/unit;£1.67/100g;Cooked meats & snacking;ham-82654-44;120;22.3;1.4;1.4;2.8;1.0;0.5;1.63;
sainsburys-british-honey-roast-ham-120g;Sainsbury's British Honey Roast Ham Slices x7 120g;£2.00/unit;£1.67/100g;Cooked meats, pate & sandwich fillers;ham;120;22.3;1.4;1.4;2.8;1.0;0.5;1.63;
sainsburys-british-honey-roast-ham-125g;Sainsbury's British Honey Roast Ham Slices x10 125g;£1.00/unit;£0.80/100g;Cooked meats & snacking;ham-82654-44;110;17.8;2.0;2.0;3.4;1.3;0.5;1.80;
sainsburys-british-honey-roast-ham-125g;Sainsbury's British Honey Roast Ham Slices x10 125g;£1.00/unit;£0.80/100g;Cooked meats, pate & sandwich fillers;ham;110;17.8;2.0;2.0;3.4;1.3;0.5;1.80;
sainsburys-british-icing-sugar-1kg;Sainsbury's British Icing Sugar 1kg;£1.60/unit;£1.60/kg;Sugar & home baking;icing---marzipan;399;0.5;99.7;99.7;0.5;0.1;0.5;0.01;
sainsburys-british-icing-sugar-1kg;Sainsbury's British Icing Sugar 1kg;£1.60/unit;£1.60/kg;Sugar & home baking;sugar-sweeteners;399;0.5;99.7;99.7;0.5;0.1;0.5;0.01;
sainsburys-british-icing-sugar-500g;Sainsbury's British Icing Sugar 500g;£0.90/unit;£1.80/kg;Sugar & home baking;icing---marzipan;399;0.5;99.7;99.7;0.5;0.1;0.5;0.01;
sainsburys-british-icing-sugar-500g;Sainsbury's British Icing Sugar 500g;£0.90/unit;£1.80/kg;Sugar & home baking;sugar-sweeteners;399;0.5;99.7;99.7;0.5;0.1;0.5;0.01;
sainsburys-british-jubilee-large-vine-tomatoes--taste-the-difference;Sainsbury's British Jubilee Large Vine Tomatoes, Taste the Difference;£1.75/unit;£3.98/kg;Fresh salad;fresh-salad-tomatoes;1;1;1;3;1;1;0;1;
sainsburys-british-jubilee-large-vine-tomatoes--taste-the-difference;Sainsbury's British Jubilee Large Vine Tomatoes, Taste the Difference;£1.75/unit;£3.98/kg;Fresh vegetables;fresh-vegetables-tomatoes;1;1;1;3;1;1;0;1;
sainsburys-british-jubilee-large-vine-tomatoes--taste-the-difference;Sainsbury's British Jubilee Large Vine Tomatoes, Taste the Difference;£1.75/unit;£3.98/kg;Taste the Difference;taste-the-difference-185761-44;1;1;1;3;1;1;0;1;
sainsburys-british-lean-pork-mince-500g;Sainsbury's British Pork Mince 10% Fat 500g;£3.30/unit;£6.60/kg;Pork;pork;185;23.1;0.5;0.5;10.0;3.4;0.5;0.15;
sainsburys-british-loin-steaks-x2-304g;Sainsbury's British Pork Loin Steaks x2 300g;£3.00/unit;£10.00/kg;Great prices on meat & fish;great-prices-on-meat---fish;0;0.5;0.5;0.5;0.5;0.1;0.5;0.01;
sainsburys-british-loin-steaks-x2-304g;Sainsbury's British Pork Loin Steaks x2 300g;£3.00/unit;£10.00/kg;Pork;pork;0;0.5;0.5;0.5;0.5;0.1;0.5;0.01;
sainsburys-british-mature-cheddar-270g;Sainsbury's British Mature Cheddar 270g;£2.15/unit;£7.96/kg;Cheese;cheddar-british-regional-cheese;390;25.5;0.5;0.5;32.0;20.8;0.5;1.80;
sainsburys-british-mature-cheddar-400g;Sainsbury's British Mature Cheddar 400g;£3.00/unit;£7.50/kg;Cheese;cheddar-british-regional-cheese;390;25.5;0.5;0.5;32.0;20.8;0.5;1.80;
sainsburys-british-mature-cheddar-slices-240g;Sainsbury's British Mature Cheddar Slices 240g;£2.00/unit;£8.33/kg;Cheese;cheddar-british-regional-cheese;390;25.5;0.5;0.5;32.0;20.8;0.5;1.80;
sainsburys-british-mature-cheddar-slices-240g;Sainsbury's British Mature Cheddar Slices 240g;£2.00/unit;£8.33/kg;Cheese;sliced-grated-cheese;390;25.5;0.5;0.5;32.0;20.8;0.5;1.80;
sainsburys-british-mature-grated-cheddar-250g;Sainsbury's British Mature Grated Cheddar 250g;£2.00/unit;£8.00/kg;Cheese;cheddar-british-regional-cheese;389;25.0;1.7;0.5;31.4;20.4;0.5;1.78;
sainsburys-british-mature-grated-cheddar-250g;Sainsbury's British Mature Grated Cheddar 250g;£2.00/unit;£8.00/kg;Cheese;sliced-grated-cheese;389;25.0;1.7;0.5;31.4;20.4;0.5;1.78;
sainsburys-british-mature-grated-cheddar-500g;Sainsbury's British Mature Grated Cheddar 500g;£3.50/unit;£7.00/kg;Cheese;cheddar-british-regional-cheese;389;25.0;1.7;0.5;31.4;20.4;0.5;1.78;
sainsburys-british-mature-grated-cheddar-500g;Sainsbury's British Mature Grated Cheddar 500g;£3.50/unit;£7.00/kg;Cheese;sliced-grated-cheese;389;25.0;1.7;0.5;31.4;20.4;0.5;1.78;
sainsburys-british-med-loin-joint-1kg-vac-pack;Sainsbury's British Boneless Pork Crackling Loin Joint, Medium 1kg;£5.00/unit;£5.00/kg;Pork;pork;210;30.2;0.5;0.5;9.7;3.7;0.6;0.13;
sainsburys-british-medium-cheddar-270g;Sainsbury's British Medium Cheddar 270g;£2.15/unit;£7.96/kg;Cheese;cheddar-british-regional-cheese;390;25.5;0.5;0.5;32.0;20.8;0.5;1.80;
sainsburys-british-medium-cheddar-400g;Sainsbury's British Medium Cheddar 400g;£3.00/unit;£7.50/kg;Cheese;cheddar-british-regional-cheese;390;25.5;0.5;0.5;32.0;20.8;0.5;1.80;
sainsburys-british-medium-cheddar-slices-240g;Sainsbury's British Medium Cheddar Slices 240g;£2.00/unit;£8.33/kg;Cheese;cheddar-british-regional-cheese;390;25.5;0.5;0.5;32.0;20.8;0.5;1.80;
sainsburys-british-medium-cheddar-slices-240g;Sainsbury's British Medium Cheddar Slices 240g;£2.00/unit;£8.33/kg;Cheese;sliced-grated-cheese;390;25.5;0.5;0.5;32.0;20.8;0.5;1.80;
sainsburys-british-medium-cheddar-slices-480g;Sainsbury's British Medium Cheddar Slices 480g;£3.50/unit;£7.29/kg;Cheese;cheddar-british-regional-cheese;390;25.5;0.5;0.5;32.0;20.8;0.5;1.80;
sainsburys-british-medium-cheddar-slices-480g;Sainsbury's British Medium Cheddar Slices 480g;£3.50/unit;£7.29/kg;Cheese;sliced-grated-cheese;390;25.5;0.5;0.5;32.0;20.8;0.5;1.80;
sainsburys-british-medium-grated-cheddar-250g;Sainsbury's British Medium Grated Cheddar 250g;£2.00/unit;£8.00/kg;Cheese;cheddar-british-regional-cheese;389;25.0;1.7;0.5;31.4;20.4;0.5;1.78;
sainsburys-british-medium-grated-cheddar-250g;Sainsbury's British Medium Grated Cheddar 250g;£2.00/unit;£8.00/kg;Cheese;sliced-grated-cheese;389;25.0;1.7;0.5;31.4;20.4;0.5;1.78;
sainsburys-british-medium-grated-cheddar-500g;Sainsbury's British Medium Grated Cheddar 500g;£3.50/unit;£7.00/kg;Cheese;cheddar-british-regional-cheese;389;25.0;1.7;0.5;31.4;20.4;0.5;1.78;
sainsburys-british-medium-grated-cheddar-500g;Sainsbury's British Medium Grated Cheddar 500g;£3.50/unit;£7.00/kg;Cheese;sliced-grated-cheese;389;25.0;1.7;0.5;31.4;20.4;0.5;1.78;
sainsburys-british-mild-cheddar-270g;Sainsbury's British Mild Cheddar 270g;£2.15/unit;£7.96/kg;Cheese;cheddar-british-regional-cheese;390;25.5;0.5;0.5;32.0;20.8;0.5;1.80;
sainsburys-british-mild-cheddar-slices-240g;Sainsbury's British Mild Cheddar Slices 240g;£2.00/unit;£8.33/kg;Cheese;cheddar-british-regional-cheese;390;25.5;0.5;0.5;32.0;20.8;0.5;1.80;
sainsburys-british-mild-cheddar-slices-240g;Sainsbury's British Mild Cheddar Slices 240g;£2.00/unit;£8.33/kg;Cheese;sliced-grated-cheese;390;25.5;0.5;0.5;32.0;20.8;0.5;1.80;
sainsburys-british-mild-cheese-400g;Sainsbury's British Mild Cheddar 400g;£3.00/unit;£7.50/kg;Cheese;cheddar-british-regional-cheese;390;25.5;0.5;0.5;32.0;20.8;0.5;1.80;
sainsburys-british-mini-chicken-fillets-400g;Sainsbury's British Mini Chicken Fillets 400g;£3.00/unit;£7.50/kg;Chicken;chicken;159;32.2;0.5;0.5;3.0;0.4;0.5;0.15;
sainsburys-british-mustard-ham-120g;Sainsbury's British Mustard Ham Slices x7 120g;£2.00/unit;£1.67/100g;Cooked meats & snacking;ham-82654-44;117;22.0;1.0;1.0;2.8;1.0;0.5;1.63;
sainsburys-british-mustard-ham-120g;Sainsbury's British Mustard Ham Slices x7 120g;£2.00/unit;£1.67/100g;Cooked meats, pate & sandwich fillers;ham;117;22.0;1.0;1.0;2.8;1.0;0.5;1.63;
sainsburys-british-onion-chutney-300g;Sainsbury's Chutney British Onion 300g;£1.40/unit;£0.47/100g;Table sauces, dressings & condiments;chutney-pickle-relishes;142;0.7;32;27;0.6;0.2;2.0;1.0;
sainsburys-british-onion-chutney-300g;Sainsbury's Chutney British Onion 300g;£1.40/unit;£0.47/100g;Vinegar, pickles, olives & antipasti;chutneys-pickle-relishes;142;0.7;32;27;0.6;0.2;2.0;1.0;
sainsburys-british-or-irish-beef-roasting-joint--large-%28approx-2050kg%29;Sainsbury's British or Irish Beef Roasting Joint, Large (approx. 2.050kg);£10.00/kg;£10.00/kg;Beef;beef;170;34.2;0.5;0.5;3.5;1.6;0.5;0.15;
sainsburys-british-peppered-ham-120g;Sainsbury's British Peppered Ham Slices x7 120g;£2.00/unit;£1.67/100g;Cooked meats & snacking;ham-82654-44;120;21.1;1.8;0.7;3.2;1.2;0.5;1.63;
sainsburys-british-peppered-ham-120g;Sainsbury's British Peppered Ham Slices x7 120g;£2.00/unit;£1.67/100g;Cooked meats, pate & sandwich fillers;ham;120;21.1;1.8;0.7;3.2;1.2;0.5;1.63;
sainsburys-british-petits-pois-181kg;Sainsbury's British Petits Pois 1.81kg;£3.00/unit;£1.66/kg;Fruit, vegetables & rice;frozen-vegetables;79;5.9;9.0;2.6;0.9;0.2;5.5;0.01;
sainsburys-british-petits-pois-907g;Sainsbury's British Petits Pois 910g;£1.60/unit;£1.76/kg;Fruit, vegetables & rice;frozen-vegetables;79;5.9;9.0;2.6;0.9;0.2;5.5;0.01;
sainsburys-british-pork-belly-roasting-joint--taste-the-difference-%28approx-800g%29;Sainsbury's British Pork Belly Joint, Taste the Difference (approx. 800g);£6.15/kg;£6.15/kg;Organic & Taste the Difference;organic-taste-the-difference;418;27.3;0.5;0.5;34.1;13.6;0.5;1.48;
sainsburys-british-pork-belly-roasting-joint--taste-the-difference-%28approx-800g%29;Sainsbury's British Pork Belly Joint, Taste the Difference (approx. 800g);£6.15/kg;£6.15/kg;Pork;pork;418;27.3;0.5;0.5;34.1;13.6;0.5;1.48;
sainsburys-british-pork-boneless-leg-joint--medium-%28approx-12kg%29;Sainsbury's British Boneless Pork Crackling Leg Joint, Medium (approx. 1.2kg);£6.00/kg;£6.00/kg;Pork;pork;221;29.9;0.8;0.5;10.8;4.2;0.5;0.52;
sainsburys-british-pork-boneless-leg-joint--small-%28approx-08kg%29;Sainsbury's British Boneless Pork Crackling Leg Joint, Small (approx. 800g);£6.00/kg;£6.00/kg;Pork;pork;221;29.9;0.8;0.5;10.8;4.2;0.5;0.52;
sainsburys-british-pork-boneless-loin-joint--small-%28approx-32kg%29;Sainsbury's British Boneless Pork Crackling Loin Joint, Small (approx. 800g);£7.00/kg;£7.00/kg;Pork;pork;210;30.2;0.5;0.5;9.7;3.7;0.6;0.13;
sainsburys-british-pork-boneless-loins--taste-the-difference-x2-%28approx-300g%29;Sainsbury's British Pork Loin Steaks Boneless, Taste the Difference x2 (approx. 300g);£13.33/kg;£13.33/kg;Organic & Taste the Difference;organic-taste-the-difference;220;27.5;0.5;0.5;12.0;4.2;0.6;0.98;
sainsburys-british-pork-boneless-loins--taste-the-difference-x2-%28approx-300g%29;Sainsbury's British Pork Loin Steaks Boneless, Taste the Difference x2 (approx. 300g);£13.33/kg;£13.33/kg;Pork;pork;220;27.5;0.5;0.5;12.0;4.2;0.6;0.98;
sainsburys-british-pork-boneless-shoulder-joint--medium-%28approx-12kg%29;Sainsbury's British Pork Shoulder Boneless Joint, Medium (approx. 1.2kg);£5.00/kg;£5.00/kg;Pork;pork;226;25.9;0.5;0.5;13.5;4.8;0.5;0.25;
sainsburys-british-pork-boneless-shoulder-joint--small-%28approx-800g%29;Sainsbury's British Pork Shoulder Boneless Joint, Small (approx. 800g);£5.00/kg;£5.00/kg;Pork;pork;226;25.9;0.5;0.5;13.5;4.8;0.5;0.25;
sainsburys-british-pork-chops-x3-525g;Sainsbury's British Pork Chops x3 525g;£3.30/unit;£6.29/kg;Great prices on meat & fish;great-prices-on-meat---fish;279;26.3;0.5;0.5;19.0;7.2;0.5;0.26;
sainsburys-british-pork-chops-x3-525g;Sainsbury's British Pork Chops x3 525g;£3.30/unit;£6.29/kg;Pork;pork;279;26.3;0.5;0.5;19.0;7.2;0.5;0.26;
sainsburys-british-pork-chops-x6-105kg;Sainsbury's British Pork Chops x6 1.05kg;£5.00/unit;£4.76/kg;Great prices on meat & fish;great-prices-on-meat---fish;279;26.3;0.5;0.5;19.0;7.2;0.5;0.26;
sainsburys-british-pork-chops-x6-105kg;Sainsbury's British Pork Chops x6 1.05kg;£5.00/unit;£4.76/kg;Pork;pork;279;26.3;0.5;0.5;19.0;7.2;0.5;0.26;
sainsburys-british-pork-kidney-%28approx-350g%29;Sainsbury's British Pork Kidney (approx. 350g);£1.80/kg;£1.80/kg;Pork;pork;173;26.7;0.5;0.5;7.3;1.1;0.5;0.57;
sainsburys-british-pork-loin-joint--small-%28approx-1kg%29;Sainsbury's British Pork Loin Joint, Small (approx. 1kg);£5.00/unit;£5.00/kg;Just Cook, prepared & sauces;prepared-joints;196;25.7;0.5;0.5;10.0;3.9;0.5;1.05;
sainsburys-british-pork-loin-joint--small-%28approx-1kg%29;Sainsbury's British Pork Loin Joint, Small (approx. 1kg);£5.00/unit;£5.00/kg;Pork;pork;196;25.7;0.5;0.5;10.0;3.9;0.5;1.05;
sainsburys-british-pork-loin-medallions-x6-500g;Sainsbury's British Pork Loin Medallions x6 500g;£4.00/unit;£8.00/kg;Pork;pork;165;31.8;0.6;0.6;3.9;1.4;0.5;0.11;
sainsburys-british-pork-loin-steaks--thin-cut-x4-450g;Sainsbury's British Pork Loin Steaks, Thin Cut x4 450g;£3.30/unit;£7.33/kg;Great prices on meat & fish;great-prices-on-meat---fish;220;27.5;0.5;0.5;12.0;4.2;0.6;0.98;
sainsburys-british-pork-loin-steaks--thin-cut-x4-450g;Sainsbury's British Pork Loin Steaks, Thin Cut x4 450g;£3.30/unit;£7.33/kg;Pork;pork;220;27.5;0.5;0.5;12.0;4.2;0.6;0.98;
sainsburys-british-pork-mince-250g;Sainsbury's British Pork Mince 250g;£1.20/unit;£4.80/kg;Pork;pork;272;22.7;0.5;0.5;20.0;7.1;0.5;0.18;
sainsburys-british-pork-mince-lean--so-organic-454g;Sainsbury's British Free Range Pork Mince 10% Fat, SO Organic 454g;£4.00/unit;£8.81/kg;Organic & Taste the Difference;organic-taste-the-difference;184;23.1;0.5;0.5;10.0;3.0;0.5;0.15;
sainsburys-british-pork-mince-lean--so-organic-454g;Sainsbury's British Free Range Pork Mince 10% Fat, SO Organic 454g;£4.00/unit;£8.81/kg;Pork;pork;184;23.1;0.5;0.5;10.0;3.0;0.5;0.15;
sainsburys-british-pork-rib-bucket-13-kg;Sainsbury's British Pork Rib Bucket 1.3 Kg;£6.00/unit;£4.62/kg;Pork;pork;314;27.7;0.5;0.5;22.2;8.9;0.5;0.31;
sainsburys-british-pork-ribs-%28approx-500g%29;Sainsbury's British Pork Ribs (approx. 500g);£6.00/kg;£6.00/kg;Burgers & BBQ;burgers-bbq;314;27.7;0.5;0.5;22.2;8.9;0.5;0.31;
sainsburys-british-pork-ribs-%28approx-500g%29;Sainsbury's British Pork Ribs (approx. 500g);£6.00/kg;£6.00/kg;Pork;pork;314;27.7;0.5;0.5;22.2;8.9;0.5;0.31;
sainsburys-british-pork-shoulder-boneless-joint-%28approx-18kg%29;Sainsbury's British Pork Shoulder Boneless Joint (approx. 1.8kg);£3.00/kg;£3.00/kg;Pork;pork;226;25.9;0.5;0.5;13.5;4.8;0.5;0.25;
sainsburys-british-pork-shoulder-steaks-x6-840g;Sainsbury's British Pork Shoulder Steaks x6 840g;£3.60/unit;£4.29/kg;Pork;pork;250;24.5;0.5;0.5;16.6;6.1;0.5;0.32;
sainsburys-british-pork-steaks--so-organic-%28approx-230g%29;Sainsbury's British Free Range Pork Steaks, SO Organic (approx. 230g);£15.00/kg;£15.00/kg;Burgers & BBQ;burgers-bbq;148;27.3;0.5;0.5;4.2;0.9;0.5;0.22;
sainsburys-british-pork-steaks--so-organic-%28approx-230g%29;Sainsbury's British Free Range Pork Steaks, SO Organic (approx. 230g);£15.00/kg;£15.00/kg;Organic & Taste the Difference;organic-taste-the-difference;148;27.3;0.5;0.5;4.2;0.9;0.5;0.22;
sainsburys-british-pork-steaks--so-organic-%28approx-230g%29;Sainsbury's British Free Range Pork Steaks, SO Organic (approx. 230g);£15.00/kg;£15.00/kg;Pork;pork;148;27.3;0.5;0.5;4.2;0.9;0.5;0.22;
sainsburys-british-pork-stir-fry--be-good-to-yourself-480g;Sainsbury's British Pork Stir Fry, Be Good To Yourself 480g;£4.00/unit;£8.33/kg;Pork;pork;169;29.5;0.5;0.5;5.5;1.7;0.6;0.12;
sainsburys-british-pork-streaky-rashers-%28approx-500g%29;Sainsbury's British Pork Streaky Rashers (approx. 625g);£5.85/kg;£5.85/kg;Pork;pork;325;23.7;0.5;0.5;25.4;9.7;0.5;0.19;
sainsburys-british-pork-tenderloin-fillet-%28approx-350g%29;Sainsbury's British Pork Tenderloin Fillet (approx. 350g);£8.00/kg;£8.00/kg;Pork;pork;144;29.0;0.5;0.5;2.8;0.9;0.5;0.10;
sainsburys-british-pork-tenderloin-fillets--taste-the-difference-%28approx-400g%29;Sainsbury's British Pork Tenderloin Fillets, Taste the Difference (approx. 400g);£12.00/kg;£12.00/kg;Organic & Taste the Difference;organic-taste-the-difference;144;29.0;0.5;0.5;2.8;0.9;0.5;0.10;
sainsburys-british-pork-tenderloin-fillets--taste-the-difference-%28approx-400g%29;Sainsbury's British Pork Tenderloin Fillets, Taste the Difference (approx. 400g);£12.00/kg;£12.00/kg;Pork;pork;144;29.0;0.5;0.5;2.8;0.9;0.5;0.10;
sainsburys-british-quick-cook-chicken-breast-steaks-400g;Sainsbury's British Quick Cook Chicken Breast Steaks 400g;£3.50/unit;£8.75/kg;Chicken;chicken;149;30.3;0.5;0.5;2.8;0.6;0.5;0.20;
sainsburys-british-raspberries--150g;Sainsbury's Raspberries, 150g;£2.00/unit;£13.33/kg;Fresh fruit;berries-cherries-currants;32;1.4;4.6;4.6;0.5;0.1;2.5;0.01;
sainsburys-british-rib-eye-steak-%28approx-400g%29;Sainsbury's Beef Rib Eye Steak x2 (approx. 454g / 16oz);£19.00/kg;£19.00/kg;Beef;beef;230;25;0.5;0.5;15;7.0;0.5;0.20;
sainsburys-british-rib-eye-steak-%28approx-400g%29;Sainsbury's Beef Rib Eye Steak x2 (approx. 454g / 16oz);£19.00/kg;£19.00/kg;Great prices on meat & fish;great-prices-on-meat---fish;230;25;0.5;0.5;15;7.0;0.5;0.20;
sainsburys-british-roast-chicken-drumsticks-450g;Sainsbury's British Roast Chicken Drumsticks 450g;£3.30/unit;£0.73/100g;Cooked meats & snacking;mfp-cooked-chicken-turkey;157;24.8;0.5;0.5;6.3;1.7;0.5;0.72;
sainsburys-british-roast-chicken-drumsticks-450g;Sainsbury's British Roast Chicken Drumsticks 450g;£3.30/unit;£0.73/100g;Cooked meats, pate & sandwich fillers;cooked-chicken-turkey;157;24.8;0.5;0.5;6.3;1.7;0.5;0.72;
sainsburys-british-sandwich-steak-368g;Sainsbury's Beef Sandwich Steak 368g / 13oz;£3.50/unit;£9.51/kg;Beef;beef;217;29.0;0.5;0.5;11.2;4.3;0.5;0.18;
sainsburys-british-sandwich-steak-368g;Sainsbury's Beef Sandwich Steak 368g / 13oz;£3.50/unit;£9.51/kg;Burgers & BBQ;burgers-bbq;217;29.0;0.5;0.5;11.2;4.3;0.5;0.18;
sainsburys-british-sandwich-steak-368g;Sainsbury's Beef Sandwich Steak 368g / 13oz;£3.50/unit;£9.51/kg;Great prices on meat & fish;great-prices-on-meat---fish;217;29.0;0.5;0.5;11.2;4.3;0.5;0.18;
sainsburys-british-semi-skimmed-milk-227l-%284-pint%29;Sainsbury's British Semi Skimmed Milk 2.27L (4 pint);£1.00/unit;£0.44/ltr;Fresh milk & eggs;fresh-milk;48;3.5;4.6;4.6;1.8;1.1;0.5;0.10;
sainsburys-british-skimmed-milk-227l-%284-pint%29;Sainsbury's British Skimmed Milk 2.27L (4 pint);£1.00/unit;£0.44/ltr;Fresh milk & eggs;fresh-milk;36;3.6;4.7;4.7;0.5;0.1;0.5;0.13;
sainsburys-british-skimmed-milk-568ml-%281pint%29;Sainsbury's British Skimmed Milk 568ml (1 pint);£0.49/unit;£0.86/ltr;Fresh milk & eggs;fresh-milk;36;3.6;4.7;4.7;0.5;0.1;0.5;0.13;
sainsburys-british-sliced-green-beans-1kg;Sainsbury's British Sliced Green Beans 1kg;£1.20/unit;£1.20/kg;Fruit, vegetables & rice;frozen-vegetables;35;1.8;4.4;2.1;0.5;0.1;3.0;0.02;
sainsburys-british-small-traditional-beef-rump-steak--taste-the-difference-%28approx-245g%29;Sainsbury's British Small Traditional Beef Rump Steak, Taste the Difference (approx. 265g / 9oz);£20.00/kg;£20.00/kg;Beef;beef;242;29.2;0.1;0.1;13.9;6.3;null;0.25;
sainsburys-british-small-traditional-beef-rump-steak--taste-the-difference-%28approx-245g%29;Sainsbury's British Small Traditional Beef Rump Steak, Taste the Difference (approx. 265g / 9oz);£20.00/kg;£20.00/kg;Organic & Taste the Difference;organic-taste-the-difference;242;29.2;0.1;0.1;13.9;6.3;null;0.25;
sainsburys-british-smoked-ham-120g;Sainsbury's British Smoked Ham Slices x7 120g;£2.00/unit;£1.67/100g;Cooked meats & snacking;ham-82654-44;120;22.7;0.9;0.9;2.8;1.0;0.5;1.63;
sainsburys-british-smoked-ham-120g;Sainsbury's British Smoked Ham Slices x7 120g;£2.00/unit;£1.67/100g;Cooked meats, pate & sandwich fillers;ham;120;22.7;0.9;0.9;2.8;1.0;0.5;1.63;
sainsburys-british-smoked-ham-slices-125g;Sainsbury's British Smoked Ham Slices x10 125g;£1.00/unit;£0.80/100g;Cooked meats & snacking;ham-82654-44;103;18.0;0.5;0.5;3.4;1.3;0.5;1.80;
sainsburys-british-smoked-ham-slices-125g;Sainsbury's British Smoked Ham Slices x10 125g;£1.00/unit;£0.80/100g;Cooked meats, pate & sandwich fillers;ham;103;18.0;0.5;0.5;3.4;1.3;0.5;1.80;
sainsburys-british-smoked-wiltshire-ham--taste-the-difference-120g;Sainsbury's British Smoked Ham Wiltshire Cure, Taste the Difference 120g;£3.00/unit;£2.50/100g;Cooked meats & snacking;ham-82654-44;135;23.5;0.5;0.5;4.5;1.5;0.5;2.50;
sainsburys-british-smoked-wiltshire-ham--taste-the-difference-120g;Sainsbury's British Smoked Ham Wiltshire Cure, Taste the Difference 120g;£3.00/unit;£2.50/100g;Cooked meats & snacking;mfp-cooked-meats-snacking-taste-the-difference;135;23.5;0.5;0.5;4.5;1.5;0.5;2.50;
sainsburys-british-smoked-wiltshire-ham--taste-the-difference-120g;Sainsbury's British Smoked Ham Wiltshire Cure, Taste the Difference 120g;£3.00/unit;£2.50/100g;Cooked meats, pate & sandwich fillers;cooked-meats-taste-the-difference;135;23.5;0.5;0.5;4.5;1.5;0.5;2.50;
sainsburys-british-smoked-wiltshire-ham--taste-the-difference-120g;Sainsbury's British Smoked Ham Wiltshire Cure, Taste the Difference 120g;£3.00/unit;£2.50/100g;Cooked meats, pate & sandwich fillers;ham;135;23.5;0.5;0.5;4.5;1.5;0.5;2.50;
sainsburys-british-strawberries-600g-7644644-p-44;Sainsbury's Strawberries 600g;£2.80/unit;£4.67/kg;Fresh fruit;berries-cherries-currants;33;0.6;6.1;6.1;0.5;0.1;1.0;0.01;
sainsburys-british-streaky-pork-rasher--basics-%28approx-700g%29;Sainsbury's British Streaky Pork Rasher, Basics (approx. 700g);£4.85/kg;£4.85/kg;Pork;pork;307;27.8;0.6;0.5;21.3;7.6;0.6;0.20;
sainsburys-british-stuffed-pork-shoulder-joint--sage---onion-11kg;Sainsbury's British Pork Shoulder Joint, Stuffed with Sage & Onion 1.1kg;£5.00/unit;£4.55/kg;Just Cook, prepared & sauces;prepared-joints;234;26.6;0.6;0.5;13.8;5.2;0.5;0.28;
sainsburys-british-stuffed-pork-shoulder-joint--sage---onion-11kg;Sainsbury's British Pork Shoulder Joint, Stuffed with Sage & Onion 1.1kg;£5.00/unit;£4.55/kg;Pork;pork;234;26.6;0.6;0.5;13.8;5.2;0.5;0.28;
sainsburys-british-thick-cut-breaded-ham--be-good-to-yourself-80g;Sainsbury's Breaded Thick Cut Ham, Be Good To Yourself 80g;£1.80/unit;£2.25/100g;Cooked meats & snacking;ham-82654-44;126;25.2;2.2;0.5;1.8;0.7;0.5;1.45;
sainsburys-british-thick-cut-breaded-ham--be-good-to-yourself-80g;Sainsbury's Breaded Thick Cut Ham, Be Good To Yourself 80g;£1.80/unit;£2.25/100g;Cooked meats, pate & sandwich fillers;ham;126;25.2;2.2;0.5;1.8;0.7;0.5;1.45;
sainsburys-british-thick-cut-cooked-ham--be-good-to-yourself-80g;Sainsbury's Cooked Ham Thick Cut, Be Good To Yourself 80g;£1.80/unit;£2.25/100g;Cooked meats & snacking;ham-82654-44;113;24.2;0.5;0.5;1.8;0.7;0.5;1.45;
sainsburys-british-thick-cut-cooked-ham--be-good-to-yourself-80g;Sainsbury's Cooked Ham Thick Cut, Be Good To Yourself 80g;£1.80/unit;£2.25/100g;Cooked meats, pate & sandwich fillers;ham;113;24.2;0.5;0.5;1.8;0.7;0.5;1.45;
sainsburys-british-tikka-chicken-breast-pieces-140g;Sainsbury's British Tikka Chicken Breast Pieces 140g;£3.30/unit;£2.36/100g;Cooked meats & snacking;mfp-cooked-chicken-turkey;131;24.9;2.2;0.6;2.4;0.5;0.5;0.75;
sainsburys-british-tikka-chicken-breast-pieces-140g;Sainsbury's British Tikka Chicken Breast Pieces 140g;£3.30/unit;£2.36/100g;Cooked meats & snacking;mfp-snacking-cooked-sausage;131;24.9;2.2;0.6;2.4;0.5;0.5;0.75;
sainsburys-british-tikka-chicken-breast-pieces-140g;Sainsbury's British Tikka Chicken Breast Pieces 140g;£3.30/unit;£2.36/100g;Cooked meats, pate & sandwich fillers;cooked-chicken-turkey;131;24.9;2.2;0.6;2.4;0.5;0.5;0.75;
sainsburys-british-tikka-chicken-breast-pieces-140g;Sainsbury's British Tikka Chicken Breast Pieces 140g;£3.30/unit;£2.36/100g;Cooked meats, pate & sandwich fillers;snacking-cooked-sausage;131;24.9;2.2;0.6;2.4;0.5;0.5;0.75;
sainsburys-british-tradional-beef-rib-eye-steak--taste-the-difference-%28approx-400g%29;Sainsbury's British Tradional Beef Rib Eye Steak, Taste the Difference x2 (approx. 418g / 14.5oz);£23.00/kg;£23.00/kg;Beef;beef;296;25.2;0.5;0.5;21.7;11.0;0.5;0.25;
sainsburys-british-tradional-beef-rib-eye-steak--taste-the-difference-%28approx-400g%29;Sainsbury's British Tradional Beef Rib Eye Steak, Taste the Difference x2 (approx. 418g / 14.5oz);£23.00/kg;£23.00/kg;Organic & Taste the Difference;organic-taste-the-difference;296;25.2;0.5;0.5;21.7;11.0;0.5;0.25;
sainsburys-british-traditional-beef-fillet-steak--taste-the-difference-%28approx-300g%29;Sainsbury's British Traditional Beef Fillet Steak, Taste the Difference (approx. 227g / 8oz);£34.50/kg;£34.50/kg;Beef;beef;234;26.4;0.5;0.5;14.3;8.2;null;0.25;
sainsburys-british-traditional-beef-fillet-steak--taste-the-difference-%28approx-300g%29;Sainsbury's British Traditional Beef Fillet Steak, Taste the Difference (approx. 227g / 8oz);£34.50/kg;£34.50/kg;Organic & Taste the Difference;organic-taste-the-difference;234;26.4;0.5;0.5;14.3;8.2;null;0.25;
sainsburys-british-traditional-beef-roasting-joint-small--taste-the-difference-%28approx-860g%29;Sainsbury's British Beef Roasting Joint Small, Taste the Difference (approx. 1.013kg);£13.00/kg;£13.00/kg;Beef;beef;210;25.2;0.5;0.5;12.1;5.6;null;0.25;
sainsburys-british-traditional-beef-roasting-joint-small--taste-the-difference-%28approx-860g%29;Sainsbury's British Beef Roasting Joint Small, Taste the Difference (approx. 1.013kg);£13.00/kg;£13.00/kg;Organic & Taste the Difference;organic-taste-the-difference;210;25.2;0.5;0.5;12.1;5.6;null;0.25;
sainsburys-british-traditional-beef-sirloin-steak--taste-the-difference-%28approx-195g%29;Sainsbury's British Traditional Beef Sirloin Steak, Taste the Difference (approx. 265g / 9oz);£22.50/kg;£22.50/kg;Beef;beef;275;26.0;0.5;0.5;19.0;9.6;null;0.25;
sainsburys-british-traditional-beef-sirloin-steak--taste-the-difference-%28approx-195g%29;Sainsbury's British Traditional Beef Sirloin Steak, Taste the Difference (approx. 265g / 9oz);£22.50/kg;£22.50/kg;Organic & Taste the Difference;organic-taste-the-difference;275;26.0;0.5;0.5;19.0;9.6;null;0.25;
sainsburys-british-turkey-breast-strips--basics-250g;Sainsbury's British Turkey Breast Strips, Basics 250g;£2.00/unit;£8.00/kg;Turkey;turkey;0;0.5;0.5;0.5;0.5;0.1;0.5;0.01;
sainsburys-british-ultimate-steak-burgers--taste-the-difference-x2-340g;Sainsbury's British Ultimate Steak Burgers, Taste the Difference x2 340g;£3.30/unit;£9.71/kg;Beef;beef;223;25.3;0.5;0.5;13.3;4.7;0.5;0.75;
sainsburys-british-ultimate-steak-burgers--taste-the-difference-x2-340g;Sainsbury's British Ultimate Steak Burgers, Taste the Difference x2 340g;£3.30/unit;£9.71/kg;Burgers & BBQ;burgers-bbq;223;25.3;0.5;0.5;13.3;4.7;0.5;0.75;
sainsburys-british-ultimate-steak-burgers--taste-the-difference-x2-340g;Sainsbury's British Ultimate Steak Burgers, Taste the Difference x2 340g;£3.30/unit;£9.71/kg;Organic & Taste the Difference;organic-taste-the-difference;223;25.3;0.5;0.5;13.3;4.7;0.5;0.75;
sainsburys-british-unsmoked-wafer-thin-cooked-ham-120g;Sainsbury's British Unsmoked Ham Wafer Thin Sliced 120g;£2.00/unit;£1.67/100g;Cooked meats & snacking;ham-82654-44;118;22.3;0.9;0.9;2.8;1.0;0.5;1.63;
sainsburys-british-unsmoked-wafer-thin-cooked-ham-120g;Sainsbury's British Unsmoked Ham Wafer Thin Sliced 120g;£2.00/unit;£1.67/100g;Cooked meats, pate & sandwich fillers;ham;118;22.3;0.9;0.9;2.8;1.0;0.5;1.63;
sainsburys-british-wafer-thin-chicken-140g;Sainsbury's British Wafer Thin Chicken 140g;£1.00/unit;£0.71/100g;Cooked meats & snacking;mfp-cooked-chicken-turkey;103;20.2;1.2;0.5;1.8;0.5;0.6;1.50;
sainsburys-british-wafer-thin-cooked-ham-140g;Sainsbury's British Wafer Thin Cooked Ham 140g;£1.00/unit;£0.71/100g;Cooked meats & snacking;ham-82654-44;102;18.7;1.0;0.8;2.4;0.9;0.7;1.92;
sainsburys-british-wafer-thin-cooked-ham-140g;Sainsbury's British Wafer Thin Cooked Ham 140g;£1.00/unit;£0.71/100g;Cooked meats, pate & sandwich fillers;ham;102;18.7;1.0;0.8;2.4;0.9;0.7;1.92;
sainsburys-british-wafer-thin-cooked-ham-200g;Sainsbury's British Cooked Ham Wafer Thin Sliced 200g;£1.50/unit;£0.75/100g;Cooked meats & snacking;ham-82654-44;101;16.5;0.5;0.5;3.8;1.5;0.5;1.80;
sainsburys-british-wafer-thin-cooked-ham-200g;Sainsbury's British Cooked Ham Wafer Thin Sliced 200g;£1.50/unit;£0.75/100g;Cooked meats, pate & sandwich fillers;ham;101;16.5;0.5;0.5;3.8;1.5;0.5;1.80;
sainsburys-british-wafer-thin-cooked-ham-450g;Sainsbury's British Cooked Ham Wafer Thin Sliced 450g;£2.50/unit;£0.56/100g;Cooked meats & snacking;ham-82654-44;101;16.5;0.5;0.5;3.8;1.5;0.5;1.80;
sainsburys-british-wafer-thin-cooked-ham-450g;Sainsbury's British Cooked Ham Wafer Thin Sliced 450g;£2.50/unit;£0.56/100g;Cooked meats, pate & sandwich fillers;ham;101;16.5;0.5;0.5;3.8;1.5;0.5;1.80;
sainsburys-british-wafer-thin-ham--basics-400g;Sainsbury's Ham Wafer Thin Sliced, Basics 400g;£1.55/unit;£0.39/100g;Cooked meats & snacking;ham-82654-44;109;16.2;0.5;0.5;4.8;1.9;0.5;1.80;
sainsburys-british-wafer-thin-ham--basics-400g;Sainsbury's Ham Wafer Thin Sliced, Basics 400g;£1.55/unit;£0.39/100g;Cooked meats, pate & sandwich fillers;ham;109;16.2;0.5;0.5;4.8;1.9;0.5;1.80;
sainsburys-british-wafer-thin-honey-roast-ham-140g;Sainsbury's British Wafer Thin Honey Roast Ham 140g;£1.00/unit;£0.71/100g;Cooked meats & snacking;ham-82654-44;111;18.7;3.2;3.2;2.6;1.0;0.5;1.93;
sainsburys-british-wafer-thin-honey-roast-ham-140g;Sainsbury's British Wafer Thin Honey Roast Ham 140g;£1.00/unit;£0.71/100g;Cooked meats, pate & sandwich fillers;ham;111;18.7;3.2;3.2;2.6;1.0;0.5;1.93;
sainsburys-british-wafer-thin-smoked-ham-140g;Sainsbury's British Wafer Thin Smoked Ham 140g;£1.00/unit;£0.71/100g;Cooked meats & snacking;ham-82654-44;100;18.8;1.0;0.9;2.2;0.8;0.6;1.92;
sainsburys-british-wafer-thin-smoked-ham-140g;Sainsbury's British Wafer Thin Smoked Ham 140g;£1.00/unit;£0.71/100g;Cooked meats, pate & sandwich fillers;ham;100;18.8;1.0;0.9;2.2;0.8;0.6;1.92;
sainsburys-british-white-granulated-sugar-1kg;Sainsbury's British White Granulated Sugar 1kg;£0.70/unit;£0.70/kg;Sugar & home baking;sugar-sweeteners;400;0.5;99.9;99.9;0.5;0.1;0.5;0.01;
sainsburys-british-whole-chicken--large-2kg-%28serves-4---6%29;Sainsbury's British Whole Chicken, Large 2kg (serves 4 - 6);£4.80/unit;£2.40/kg;Chicken;chicken;205;29.0;0.5;0.5;9.5;2.6;0.5;0.13;
sainsburys-british-whole-chicken--large-2kg-%28serves-4---6%29;Sainsbury's British Whole Chicken, Large 2kg (serves 4 - 6);£4.80/unit;£2.40/kg;Great prices on meat & fish;great-prices-on-meat---fish;205;29.0;0.5;0.5;9.5;2.6;0.5;0.13;
sainsburys-british-whole-chicken--medium-175kg-%28serves-3---4%29;Sainsbury's British Whole Chicken, Medium 1.75kg (serves 3 - 4);£4.25/unit;£2.43/kg;Chicken;chicken;205;29.0;0.5;0.5;9.5;2.6;0.5;0.13;
sainsburys-british-whole-chicken--medium-175kg-%28serves-3---4%29;Sainsbury's British Whole Chicken, Medium 1.75kg (serves 3 - 4);£4.25/unit;£2.43/kg;Great prices on meat & fish;great-prices-on-meat---fish;205;29.0;0.5;0.5;9.5;2.6;0.5;0.13;
sainsburys-british-whole-chicken--small-135kg-%28serves-2---3%29;Sainsbury's British Whole Chicken, Small 1.35kg (serves 2 - 3);£3.30/unit;£2.44/kg;Chicken;chicken;205;29.0;0.5;0.5;9.5;2.6;0.5;0.13;
sainsburys-british-whole-chicken--small-135kg-%28serves-2---3%29;Sainsbury's British Whole Chicken, Small 1.35kg (serves 2 - 3);£3.30/unit;£2.44/kg;Great prices on meat & fish;great-prices-on-meat---fish;205;29.0;0.5;0.5;9.5;2.6;0.5;0.13;
sainsburys-british-whole-chicken--so-organic-%28approx-175kg%29;Sainsbury's British Whole Chicken, SO Organic (approx. 1.75kg);£6.70/kg;£6.70/kg;Chicken;chicken;194;30.6;0.5;0.5;7.6;2.2;0.5;0.25;
sainsburys-british-whole-chicken--so-organic-%28approx-175kg%29;Sainsbury's British Whole Chicken, SO Organic (approx. 1.75kg);£6.70/kg;£6.70/kg;Organic & Taste the Difference;organic-taste-the-difference;194;30.6;0.5;0.5;7.6;2.2;0.5;0.25;
sainsburys-british-whole-chicken-breast-fillets-x2-%28approx-333g%29;Sainsbury's British Chicken Whole Breast Fillets x2 (approx. 333g);£12.20/kg;£12.20/kg;Chicken;chicken;141;30.7;0.5;0.5;1.7;0.4;0.5;0.13;
sainsburys-british-whole-chicken-breast-fillets-x2-%28approx-333g%29;Sainsbury's British Chicken Whole Breast Fillets x2 (approx. 333g);£12.20/kg;£12.20/kg;Great prices on meat & fish;great-prices-on-meat---fish;141;30.7;0.5;0.5;1.7;0.4;0.5;0.13;
sainsburys-british-whole-milk--so-organic-113l-%282-pint%29;Sainsbury's British Whole Milk, SO Organic 1.13L (2 pint);£1.10/unit;£0.97/ltr;Fresh milk & eggs;fresh-milk;67;3.3;4.5;4.5;4.0;2.6;0.5;0.10;
sainsburys-british-whole-milk--so-organic-113l-%282-pint%29;Sainsbury's British Whole Milk, SO Organic 1.13L (2 pint);£1.10/unit;£0.97/ltr;Fresh milk & eggs;organic-milk;67;3.3;4.5;4.5;4.0;2.6;0.5;0.10;
sainsburys-british-whole-milk-113l-%282pint%29;Sainsbury's British Whole Milk 1.13L (2 pint);£0.89/unit;£0.78/ltr;Fresh milk & eggs;fresh-milk;67;3.3;4.5;4.5;4.0;2.6;0.5;0.10;
sainsburys-british-whole-milk-227l-%284-pint%29;Sainsbury's British Whole Milk 2.27L (4 pint);£1.00/unit;£0.44/ltr;Fresh milk & eggs;fresh-milk;67;3.3;4.5;4.5;4.0;2.6;0.5;0.10;
sainsburys-british-whole-milk-34l-%286-pint%29;Sainsbury's British Whole Milk 3.4L (6 pint);£1.48/unit;£0.43/ltr;Fresh milk & eggs;fresh-milk;67;3.3;4.5;4.5;4.0;2.6;0.5;0.10;
sainsburys-british-whole-milk-568ml-%281pint%29;Sainsbury's British Whole Milk 568ml (1 pint);£0.49/unit;£0.86/ltr;Fresh milk & eggs;fresh-milk;67;3.3;4.5;4.5;4.0;2.6;0.5;0.10;
sainsburys-broccoli-%28loose%29;Sainsbury's Broccoli (loose);£1.35/kg;£1.35/kg;Fresh vegetables;broccoli-cauliflower-cabbage-greens;40;4.3;3.1;1.8;0.6;0.2;2.5;0.02;
sainsburys-broccoli---cauliflower-florets-240g;Sainsbury's Broccoli & Cauliflower Florets 240g;£1.00/unit;£4.17/kg;Fresh vegetables;broccoli-cauliflower-cabbage-greens;32;3.0;1.6;1.4;0.9;0.2;2.8;0.25;
sainsburys-broccoli---cauliflower-florets-240g;Sainsbury's Broccoli & Cauliflower Florets 240g;£1.00/unit;£4.17/kg;Prepared & ready to eat;prepared-vegetables;32;3.0;1.6;1.4;0.9;0.2;2.8;0.25;
sainsburys-broccoli---cauliflower-florets-300g;Sainsbury's Broccoli & Cauliflower Florets 300g;£1.20/unit;£4.00/kg;Fresh vegetables;broccoli-cauliflower-cabbage-greens;37;3.4;3.7;2.3;0.5;0.2;2.2;0.02;
sainsburys-broccoli---stilton-cup-soup-88g;Sainsbury's Broccoli & Stilton Cup Soup 4x22g;£0.90/unit;£1.02/100g;Canned, tinned & packaged foods;soups;47;0.8;8.0;1.4;1.2;0.7;0.7;0.67;
sainsburys-broccoli---stilton-soup-400g;Sainsbury's Broccoli & Stilton Soup 400g;£0.55/unit;£0.14/100g;Canned, tinned & packaged foods;soups;42;1.5;4.2;0.5;2.0;0.7;0.6;0.48;
sainsburys-broccoli---stilton-soup-600g;Sainsbury's Broccoli & Stilton Soup 600g;£1.40/unit;£0.23/100g;Soup & lunchtime snacks;fresh-soups;59;2.7;2.2;0.6;4.2;2.8;0.8;0.38;
sainsburys-broccoli--baby-corn--carrots---sugar-snap-peas-240g;Sainsbury's Broccoli, Baby Corn, Carrots & Sugar Snap Peas 240g;£1.50/unit;£6.25/kg;Fresh vegetables;fresh-vegetables-stir-fry;37;2.1;4.4;2.6;0.6;0.1;2.8;0.04;
sainsburys-broccoli--baby-corn--carrots---sugar-snap-peas-240g;Sainsbury's Broccoli, Baby Corn, Carrots & Sugar Snap Peas 240g;£1.50/unit;£6.25/kg;Fresh vegetables;peas-beans-sweetcorn-asparagus;37;2.1;4.4;2.6;0.6;0.1;2.8;0.04;
sainsburys-broccoli--cauliflower---baby-carrots-1kg;Sainsbury's Broccoli, Cauliflower & Baby Carrots 1kg;£1.40/unit;£1.40/kg;Fruit, vegetables & rice;frozen-vegetables;30;1.9;2.8;1.9;0.6;0.1;3.1;0.05;
sainsburys-broccoli--cheese---tomato-quiche-170g;Sainsbury's Broccoli, Tomato & Cheese Quiche 170g;£1.00/unit;£0.59/100g;Pies, pasties & quiche;quiche;248;5.6;18.7;3.2;16.5;7.3;1.3;0.38;
sainsburys-broccoli--cheese---tomato-quiche-170g;Sainsbury's Broccoli, Tomato & Cheese Quiche 170g;£1.00/unit;£0.59/100g;Soup & lunchtime snacks;lunchtime-snacks;248;5.6;18.7;3.2;16.5;7.3;1.3;0.38;
sainsburys-broccoli--cheese---tomato-quiche-170g;Sainsbury's Broccoli, Tomato & Cheese Quiche 170g;£1.00/unit;£0.59/100g;Vegetarian & meat free;deli-meat-alternatives;248;5.6;18.7;3.2;16.5;7.3;1.3;0.38;
sainsburys-broccoli--so-organic-300g;Sainsbury's Broccoli, SO Organic 300g;£1.20/unit;£4.00/kg;Fresh vegetables;broccoli-cauliflower-cabbage-greens;38;4.4;1.8;1.5;0.9;0.2;2.6;0;
sainsburys-broccoli--so-organic-300g;Sainsbury's Broccoli, SO Organic 300g;£1.20/unit;£4.00/kg;Organic;organic;38;4.4;1.8;1.5;0.9;0.2;2.6;0;
sainsburys-broccoli--tomato---cheese-quiche-400g;Sainsbury's Broccoli, Tomato & Cheese Quiche 400g;£2.40/unit;£0.60/100g;Pies, pasties & quiche;quiche;223;5.3;17.1;3.3;14.5;6.3;1.6;0.41;
sainsburys-broccoli--tomato---cheese-quiche-400g;Sainsbury's Broccoli, Tomato & Cheese Quiche 400g;£2.40/unit;£0.60/100g;Vegetarian & meat free;deli-meat-alternatives;223;5.3;17.1;3.3;14.5;6.3;1.6;0.41;
sainsburys-broccoli-florets-160g;Sainsbury's Broccoli Florets 160g;£1.00/unit;£6.25/kg;Fresh vegetables;broccoli-cauliflower-cabbage-greens;24;3.1;1.1;0.9;0.8;0.2;2.3;0.25;
sainsburys-broccoli-florets-160g;Sainsbury's Broccoli Florets 160g;£1.00/unit;£6.25/kg;Prepared & ready to eat;prepared-vegetables;24;3.1;1.1;0.9;0.8;0.2;2.3;0.25;
sainsburys-broccolli-cheese-400g;Sainsbury's Broccoli Cheese 400g;£2.00/unit;£5.00/kg;Prepared & ready to eat;prepared-vegetables;89;5.1;5.0;2.9;5.0;3.1;1.9;0.80;
sainsburys-broccolli-cheese-400g;Sainsbury's Broccoli Cheese 400g;£2.00/unit;£5.00/kg;Ready meals;british-ready-meals;89;5.1;5.0;2.9;5.0;3.1;1.9;0.80;
sainsburys-broccolli-cheese-400g;Sainsbury's Broccoli Cheese 400g;£2.00/unit;£5.00/kg;Ready meals;potato-vegetable-side-dishes;89;5.1;5.0;2.9;5.0;3.1;1.9;0.80;
sainsburys-broccolli-cheese-400g;Sainsbury's Broccoli Cheese 400g;£2.00/unit;£5.00/kg;Vegetarian & meat free;coleslaw--olives--salads---dips-30658-44;89;5.1;5.0;2.9;5.0;3.1;1.9;0.80;
sainsburys-broccolli-cheese-400g;Sainsbury's Broccoli Cheese 400g;£2.00/unit;£5.00/kg;Vegetarian & meat free;vegetarian-meat-free-ready-meals;89;5.1;5.0;2.9;5.0;3.1;1.9;0.80;
sainsburys-broken-grapefruit-segments--basics-539g;Sainsbury's Broken Grapefruit Segments, Basics 539g;£0.40/unit;£0.74/kg;Canned, tinned & packaged foods;canned-tinned-packaged-fruit;63;0.8;14.7;14.7;0.5;0.1;0.5;0.04;
sainsburys-broken-grapefruit-segments--basics-539g;Sainsbury's Broken Grapefruit Segments, Basics 539g;£0.40/unit;£0.74/kg;Fruit & desserts;dessert-fruit;63;0.8;14.7;14.7;0.5;0.1;0.5;0.04;
sainsburys-broken-mandarin-segments-in-juice--basics-298g;Sainsbury's Broken Mandarin Segments In Syrup, Basics 312g;£0.40/unit;£2.29/kg;Fruit & desserts;dessert-fruit;40;0.7;8.9;8.1;0.2;0;0.4;0;
sainsburys-brown-basmati-rice-1kg;Sainsbury's Brown Basmati Rice 1kg;£1.80/unit;£1.80/kg;Rice, pasta & noodles;rice-12592-44;119;3.6;21.9;0.5;1.3;0.3;2.5;0.01;
sainsburys-brown-linseed-100g;Sainsbury's Brown Linseed 100g;£0.85/unit;£8.50/kg;Sugar & home baking;nuts---seeds;514;18.3;1.6;1.6;42.2;3.7;27.3;0.08;
sainsburys-brown-rice--organic-500g;Sainsbury's Brown Rice, SO Organic 500g;£1.45/unit;£2.90/kg;Rice, pasta & noodles;rice-12592-44;119;3.3;22.5;0.5;1.2;0.3;2.3;0.01;
sainsburys-brown-rice-1kg;Sainsbury's Brown Rice 1kg;£1.50/unit;£1.50/kg;Rice, pasta & noodles;rice-12592-44;119;3.4;22.8;0.5;1.1;0.2;2.1;0.01;
sainsburys-brown-rice-250g;Sainsbury's Brown Rice 250g;£0.50/unit;£2.00/kg;Rice, pasta & noodles;rice-12592-44;161;3.8;31.1;0.5;1.9;0.2;1.9;0.21;
sainsburys-brown-rice-500g;Sainsbury's Brown Rice 500g;£0.95/unit;£1.90/kg;Rice, pasta & noodles;rice-12592-44;119;3.4;22.8;0.5;1.1;0.2;2.1;0.01;
sainsburys-brown-sauce--basics-450g;Sainsbury's Brown Sauce, Basics 450g;£0.35/unit;£0.08/100g;Table sauces, dressings & condiments;tomato-ketchup-brown-bbq-other-sauces;86;0.6;18.1;18.1;0.5;0.1;0.7;1.13;
sainsburys-brown-sauce--reduced-salt---sugar-450g;Sainsbury's Brown Sauce, Reduced Salt & Sugar 450g;£1.20/unit;£0.27/100g;Table sauces, dressings & condiments;tomato-ketchup-brown-bbq-other-sauces;86;0.5;20;15;0.5;0.1;0.8;0.73;
sainsburys-brown-sauce-315g;Sainsbury's Brown Sauce 315g;£0.80/unit;£0.25/100g;Table sauces, dressings & condiments;tomato-ketchup-brown-bbq-other-sauces;125;0.6;30;23;0.5;0.1;0.9;1.3;
sainsburys-brown-sauce-450g;Sainsbury's Brown Sauce 450g;£1.00/unit;£0.22/100g;Table sauces, dressings & condiments;tomato-ketchup-brown-bbq-other-sauces;125;0.6;30;23;0.5;0.1;0.9;1.3;
sainsburys-brown-sauce-690g;Sainsbury's Brown Sauce 690g;£1.40/unit;£0.20/100g;Table sauces, dressings & condiments;tomato-ketchup-brown-bbq-other-sauces;125;0.6;30;23;0.5;0.1;0.9;1.3;
sainsburys-brownie-mudslide-pie-480g;Sainsbury's Brownie Mudslide Pie 480g;£3.50/unit;£0.73/100g;Desserts & cream;desserts;368;6.1;40.8;26.1;19.9;10.6;0.7;0.18;
sainsburys-brownie-slices-x3;Sainsbury's Brownie Slices x3;£1.00/unit;£0.33/ea;Cakes;cakes-from-our-bakery-12374-44;null;null;null;null;null;null;null;null;
sainsburys-brownie-slices-x3;Sainsbury's Brownie Slices x3;£1.00/unit;£0.33/ea;From our in store bakery;cakes-from-our-bakery;null;null;null;null;null;null;null;null;
sainsburys-brunswick-ham-100g;Sainsbury's German Brunswick Ham Slices x5 100g;£1.65/unit;£1.65/100g;Cooked meats & snacking;ham-82654-44;158;21.2;0.6;0.6;7.8;3.2;0.5;2.00;
sainsburys-brunswick-ham-100g;Sainsbury's German Brunswick Ham Slices x5 100g;£1.65/unit;£1.65/100g;Cooked meats & snacking;mfp-continental-meats;158;21.2;0.6;0.6;7.8;3.2;0.5;2.00;
sainsburys-brunswick-ham-100g;Sainsbury's German Brunswick Ham Slices x5 100g;£1.65/unit;£1.65/100g;Cooked meats, pate & sandwich fillers;continental-meats;158;21.2;0.6;0.6;7.8;3.2;0.5;2.00;
sainsburys-brunswick-ham-100g;Sainsbury's German Brunswick Ham Slices x5 100g;£1.65/unit;£1.65/100g;Cooked meats, pate & sandwich fillers;ham;158;21.2;0.6;0.6;7.8;3.2;0.5;2.00;
sainsburys-brussels---garlic-pate-170g;Sainsbury's Brussels & Garlic Pate 170g;£1.40/unit;£0.82/100g;Cooked meats & snacking;mfp-pate;317;9.6;3.4;2.4;29.5;11.0;0.5;1.74;
sainsburys-brussels---garlic-pate-170g;Sainsbury's Brussels & Garlic Pate 170g;£1.40/unit;£0.82/100g;Cooked meats, pate & sandwich fillers;pate;317;9.6;3.4;2.4;29.5;11.0;0.5;1.74;
sainsburys-brussels-p%C3%A2t%C3%A9--be-good-to-yourself-170g;Sainsbury's Brussels Pâté, Be Good To Yourself 170g;£1.40/unit;£0.82/100g;Cooked meats & snacking;mfp-pate;201;10.7;3.8;2.3;15.9;4.9;0.5;1.68;
sainsburys-brussels-p%C3%A2t%C3%A9--be-good-to-yourself-170g;Sainsbury's Brussels Pâté, Be Good To Yourself 170g;£1.40/unit;£0.82/100g;Cooked meats, pate & sandwich fillers;pate;201;10.7;3.8;2.3;15.9;4.9;0.5;1.68;
sainsburys-brussels-p%C3%A2t%C3%A9-170g;Sainsbury's Brussels Pâté 170g;£1.00/unit;£0.59/100g;Cooked meats & snacking;mfp-pate;324;9.9;3.6;2.2;30.0;11.3;0.5;1.81;
sainsburys-brussels-p%C3%A2t%C3%A9-170g;Sainsbury's Brussels Pâté 170g;£1.00/unit;£0.59/100g;Cooked meats, pate & sandwich fillers;pate;324;9.9;3.6;2.2;30.0;11.3;0.5;1.81;
sainsburys-brussels-spreadable-p%C3%A2t%C3%A9-175g;Sainsbury's Brussels Spreadable Pâté 175g;£0.70/unit;£0.40/100g;Cooked meats & snacking;mfp-pate;324;9.9;3.6;2.2;30.0;11.3;0.5;1.81;
sainsburys-brussels-spreadable-p%C3%A2t%C3%A9-175g;Sainsbury's Brussels Spreadable Pâté 175g;£0.70/unit;£0.40/100g;Cooked meats, pate & sandwich fillers;pate;324;9.9;3.6;2.2;30.0;11.3;0.5;1.81;
sainsburys-brussels-sprouts-%28loose%29;Sainsbury's Brussels Sprouts (loose);£2.00/kg;£2.00/kg;Fresh vegetables;broccoli-cauliflower-cabbage-greens;50;3.5;3.9;2.9;1.4;0.3;4.1;0.02;
sainsburys-brussels-sprouts-%28loose%29;Sainsbury's Brussels Sprouts (loose);£2.00/kg;£2.00/kg;In season;new-in-season;50;3.5;3.9;2.9;1.4;0.3;4.1;0.02;
sainsburys-brussels-sprouts-500g;Sainsbury's Brussels Sprouts 500g;£1.00/unit;£2.00/kg;Fresh vegetables;broccoli-cauliflower-cabbage-greens;50;3.5;3.9;2.9;1.4;0.3;4.1;0.02;
sainsburys-brussels-sprouts-500g;Sainsbury's Brussels Sprouts 500g;£1.00/unit;£2.00/kg;In season;new-in-season;50;3.5;3.9;2.9;1.4;0.3;4.1;0.02;
sainsburys-buffalo-mozzarella--taste-the-difference-125g;Sainsbury's Buffalo Mozzarella, Taste the Difference 125g;£2.00/unit;£16.00/kg;Cheese;organic-taste-the-difference-cheese;280;14.8;0.8;0.7;24.3;14.9;0.5;0.48;
sainsburys-bulgar-wheat--chick-peas---quinoa-250g;Sainsbury's Bulgar Wheat, Chickpeas & Quinoa 250g;£1.50/unit;£6.00/kg;Canned, tinned & packaged foods;pulses-beans;191;7.7;30.3;1.4;3.3;0.4;4.7;0.01;
sainsburys-bunch-coriander-31g;Sainsbury's Fresh Packed Bunch Coriander 31g;£0.80/unit;£0.26/10g;Fresh herbs & ingredients;asian-ingredients;null;null;null;null;null;null;null;null;
sainsburys-bunch-coriander-31g;Sainsbury's Fresh Packed Bunch Coriander 31g;£0.80/unit;£0.26/10g;Fresh herbs & ingredients;fresh-pot-herbs;null;null;null;null;null;null;null;null;
sainsburys-bunch-coriander-31g;Sainsbury's Fresh Packed Bunch Coriander 31g;£0.80/unit;£0.26/10g;Fresh herbs & ingredients;indian-ingredients;null;null;null;null;null;null;null;null;
sainsburys-bunch-coriander-31g;Sainsbury's Fresh Packed Bunch Coriander 31g;£0.80/unit;£0.26/10g;Fresh herbs & ingredients;mediterranean-ingredients;null;null;null;null;null;null;null;null;
sainsburys-bunch-coriander-31g;Sainsbury's Fresh Packed Bunch Coriander 31g;£0.80/unit;£0.26/10g;Fresh vegetables;chillies-herbs-ingredients;null;null;null;null;null;null;null;null;
sainsburys-bunched-beetroot-500g;Sainsbury's Bunched Beetroot 500g;£1.65/unit;£3.30/kg;Fresh vegetables;carrots-root-vegetables;40;1.7;7.2;6.7;0.5;0.1;1.9;0.17;
sainsburys-bunched-beetroot-500g;Sainsbury's Bunched Beetroot 500g;£1.65/unit;£3.30/kg;Taste the Difference;taste-the-difference-185761-44;40;1.7;7.2;6.7;0.5;0.1;1.9;0.17;
sainsburys-bunched-carrots--so-organic-400g;Sainsbury's Bunched Carrots, SO Organic 400g;£1.50/unit;£3.75/kg;Fresh vegetables;carrots-root-vegetables;41;0.5;7.7;7.2;0.5;0.1;2.1;0.07;
sainsburys-bunched-carrots--so-organic-400g;Sainsbury's Bunched Carrots, SO Organic 400g;£1.50/unit;£3.75/kg;Organic;organic;41;0.5;7.7;7.2;0.5;0.1;2.1;0.07;
sainsburys-burger-sauce-285g;Sainsbury's Burger Sauce 285g;£1.20/unit;£0.42/100g;Table sauces, dressings & condiments;tomato-ketchup-brown-bbq-other-sauces;299;1.0;9.4;7.1;28.0;2.2;2.5;1.01;
sainsburys-butchers-choice-beef-burgers-x4-454g;Sainsbury's Butcher's Choice Beef Burgers x4 454g;£3.00/unit;£6.61/kg;Beef;beef;229;16.6;2.7;1.7;16.9;7.3;0;0.63;
sainsburys-butchers-choice-beef-burgers-x4-454g;Sainsbury's Butcher's Choice Beef Burgers x4 454g;£3.00/unit;£6.61/kg;Burgers & BBQ;burgers-bbq;229;16.6;2.7;1.7;16.9;7.3;0;0.63;
sainsburys-butchers-choice-beef-sausage-x8-454g;Sainsbury's Butcher's Choice Beef Sausage x8 454g;£1.80/unit;£3.96/kg;Sausages;sausages;210;15.6;10.8;0.5;10.9;4.6;3.1;1.45;
sainsburys-butchers-choice-british-pork---apple-sausages-x8-400g;Sainsbury's Butcher's Choice Pork & Apple Sausages x8 400g;£1.80/unit;£4.50/kg;Sausages;sausages;267;12.8;10.0;7.0;19.2;6.9;1.4;1.48;
sainsburys-butchers-choice-british-unsmoked-gammon-joint-%28approx-125kg%29;Sainsbury's Butcher's Choice British Unsmoked Gammon Joint (approx. 1.25kg);£8.00/kg;£8.00/kg;Bacon & gammon;gammon;285;25.1;0.8;0.8;20.2;6.3;0.0;2.42;
sainsburys-butchers-choice-cumberland-pork-sausages-x12-681g;Sainsbury's Butcher's Choice Cumberland Pork Sausages x12 681g;£2.55/unit;£3.74/kg;Sausages;sausages;269;13.6;7.8;0.5;20.1;5.2;1.1;1.46;
sainsburys-butchers-choice-cumberland-pork-sausages-x8-454g;Sainsbury's Butcher's Choice Cumberland Pork Sausages x8 454g;£1.80/unit;£3.96/kg;Sausages;sausages;269;13.6;7.8;0.5;20.1;5.2;1.1;1.46;
sainsburys-butchers-choice-dry-cure-smoked-bacon-x8;Sainsbury's Butcher's Choice Dry Cure Smoked Bacon x8;£2.50/unit;£9.09/kg;Bacon & gammon;bacon;262;32.0;0.7;0.7;14.6;5.7;0.5;4.68;
sainsburys-butchers-choice-dry-cured-unsmoked-bacon-x8-275g;Sainsbury's Butcher's Choice Dry Cured Unsmoked Bacon x8 275g;£2.50/unit;£9.09/kg;Bacon & gammon;bacon;262;32.0;0.7;0.7;14.6;5.7;0.5;4.68;
sainsburys-butchers-choice-lincolnshire-pork-sausages-x8-454g;Sainsbury's Butcher's Choice Lincolnshire Pork Sausages x8 454g;£1.80/unit;£3.96/kg;Sausages;sausages;250;13.0;6.7;0.5;18.7;6.8;1.6;1.45;
sainsburys-butchers-choice-pork---herb-sausages-x8-400g;Sainsbury's Butcher's Choice Pork & Herb Sausages x8 400g;£1.80/unit;£4.50/kg;Sausages;sausages;256;14.6;9.4;2.0;17.7;6.3;0.9;1.44;
sainsburys-butchers-choice-pork-chipolatas-x12-340g;Sainsbury's Butcher's Choice Pork Chipolata Sausages x12 340g;£1.80/unit;£5.29/kg;Sausages;sausages;262;16.9;9.1;3.2;17.0;6.3;2.3;1.47;
sainsburys-butchers-choice-pork-cocktails-sausages-x20-283g;Sainsbury's Butcher's Choice Pork Cocktail Sausages x20 283g;£2.30/unit;£8.13/kg;Sausages;sausages;258;14.5;8.7;3.2;18.1;6.6;1.5;1.17;
sainsburys-butchers-choice-pork-sausage--reduced-fat-x8-454g;Sainsbury's Butcher's Choice Pork Sausage, Reduced Fat x8 454g;£1.80/unit;£3.96/kg;Sausages;sausages;199;16.2;9.5;3.3;10.5;3.6;1.0;1.48;
sainsburys-butchers-choice-pork-sausages--large-x8-454g;Sainsbury's Butcher's Choice Pork Sausages, Large x8 454g;£1.80/unit;£3.96/kg;Sausages;sausages;281;12.4;10.1;2.3;21.0;6.7;0.7;1.50;
sainsburys-butchers-choice-pork-sausages-x12-681g;Sainsbury's Butcher's Choice Pork Sausages x12 681g;£2.55/unit;£3.74/kg;Sausages;sausages;281;12.4;10.1;2.3;21.0;6.7;0.7;1.50;
sainsburys-butchers-choice-sausagemeat-500g;Sainsbury's Butchers Choice Pork Sausagemeat 500g;£2.50/unit;£5.00/kg;Sausages;sausages;377;12.1;5.0;0.5;33.3;12.3;4.7;1.34;
sainsburys-butchers-choice-smoked-bacon-sweet-dry-cure-x8-275g;Sainsbury's Butcher's Choice Smoked Bacon Sweet Dry Cure x8 275g;£2.50/unit;£9.09/kg;Bacon & gammon;bacon;251;28.8;2.7;2.7;13.9;5.2;0.5;2.88;
sainsburys-butchers-choice-smoked-gammon-steaks-320g;Sainsbury's Butcher's Choice Smoked Gammon Steaks 320g;£3.60/unit;£11.25/kg;Bacon & gammon;gammon;147;22.9;1.1;1.1;5.7;2.0;0.5;2.70;
sainsburys-butchers-choice-smoked-streaky-bacon-dry-cure-x14-260g;Sainsbury's Butcher's Choice Smoked Streaky Bacon Dry Cure x14 260g;£2.50/unit;£9.43/kg;Bacon & gammon;bacon;349;29.3;0.6;0.6;25.5;10.9;0.5;3.75;
sainsburys-butchers-choice-sweetcure-gammon-joint-%28approx-145kg%29;Sainsbury's Butcher's Choice Sweetcure Gammon Joint (approx. 1.45kg);£8.00/kg;£8.00/kg;Bacon & gammon;gammon;285;25.1;0.8;0.8;20.2;6.3;0.5;2.42;
sainsburys-butchers-choice-unsmoked-bacon-sweet-dry-cure-x8-275g;Sainsbury's Butcher's Choice Unsmoked Bacon Sweet Dry Cure x8 275g;£2.50/unit;£9.09/kg;Bacon & gammon;bacon;251;28.8;2.7;2.7;13.9;5.2;0.5;2.88;
sainsburys-butchers-choice-unsmoked-gammon-steaks-320g;Sainsbury's Butcher's Choice Unsmoked Gammon Steaks 320g;£3.60/unit;£11.25/kg;Bacon & gammon;gammon;147;22.9;1.1;1.1;5.7;2.0;0.5;2.70;
sainsburys-butchers-choice-unsmoked-streaky-bacon-dry-cure-x14-260g;Sainsbury's Butcher's Choice Unsmoked Streaky Bacon Dry Cure x14 260g;£2.50/unit;£9.43/kg;Bacon & gammon;bacon;349;29.3;0.6;0.6;25.5;10.9;0.5;3.75;
sainsburys-butlers-farmhouse-traditional-lancashire--taste-the-difference-240g;Sainsbury's Butlers Farmhouse Traditional Lancashire, Taste the Difference 240g;£2.50/unit;£10.42/kg;Cheese;cheddar-british-regional-cheese;381;23.7;0.5;0.5;31.8;21.1;0.5;1.25;
sainsburys-butlers-farmhouse-traditional-lancashire--taste-the-difference-240g;Sainsbury's Butlers Farmhouse Traditional Lancashire, Taste the Difference 240g;£2.50/unit;£10.42/kg;Cheese;cheeseboard-delights;381;23.7;0.5;0.5;31.8;21.1;0.5;1.25;
sainsburys-butlers-farmhouse-traditional-lancashire--taste-the-difference-240g;Sainsbury's Butlers Farmhouse Traditional Lancashire, Taste the Difference 240g;£2.50/unit;£10.42/kg;Cheese;organic-taste-the-difference-cheese;381;23.7;0.5;0.5;31.8;21.1;0.5;1.25;
sainsburys-butter-basted-stuffed-chicken-800g;Sainsbury's Chicken with Pork, Onion and Sage Stuffing 800g;£5.00/unit;£6.25/kg;Meat & poultry;frozen-chicken;180;25.2;1.7;0.6;7.9;2.6;0.5;0.61;
sainsburys-butter-beans-in-water-215g;Sainsbury's Butter Beans In Water 215g (125g*);£0.45/unit;£3.60/kg;Canned, tinned & packaged foods;pulses-beans;108;6.9;14.8;0.5;0.7;0.1;7.3;0.03;
sainsburys-butter-beans-in-water-410g;Sainsbury's Butter Beans In Water 400g (235g*);£0.60/unit;£2.55/kg;Canned, tinned & packaged foods;pulses-beans;108;6.9;14.8;0.5;0.7;0.1;7.3;0.03;
sainsburys-butter-brioche-loaf-400g;Sainsbury's Butter Brioche Loaf 400g;£1.50/unit;£0.38/100g;Croissants, brioche & pastries;croissants-brioche-pastries;386;7.6;51.4;12.0;16.3;6.3;1.6;1.00;
sainsburys-butter-brioche-roll-x8;Sainsbury's Butter Brioche Roll x8;£1.65/unit;£0.21/ea;Croissants, brioche & pastries;croissants-brioche-pastries;352;8.1;53.5;12.5;11.3;4.7;1.8;0.95;
sainsburys-butter-chicken-%28mild---rich%29-400g;Sainsbury's Butter Chicken (mild & rich) 400g;£3.30/unit;£8.25/kg;Ready meals;indian-ready-meals;144;11.0;5.3;5.0;8.4;4.5;1.5;0.74;
sainsburys-butter-chicken-400g;Sainsbury's Butter Chicken 400g;£1.50/unit;£3.75/kg;Ready meals & pies;frozen-ready-meals;137;6.7;17.6;2.8;4.0;2.0;1.8;0.54;
sainsburys-butter-chicken-cooking-sauce500g;Sainsbury's Butter Chicken Cooking Sauce 500g;£1.29/unit;£0.26/100g;Cooking sauces & world foods;indian-cooking-sauces;107;0.8;6.2;3.0;8.4;5.3;1.7;0.50;
sainsburys-butter-croissants--bake-from-frozen-x6-300g-%28serves-6%29;Sainsbury's Frozen All Butter Croissants x6 300g;£2.00/unit;£0.67/100g;Ice cream & desserts;frozen-pastry-baking;384;8.8;40.1;5.6;20.4;13.9;2.5;0.65;
sainsburys-butter-enriched-shortbread-bites-x16;Sainsbury's Butter Enriched Shortbread Bites x16;£1.60/unit;£0.10/ea;Cakes;cakes-from-our-bakery-12374-44;null;null;null;null;null;null;null;null;
sainsburys-butter-enriched-shortbread-bites-x16;Sainsbury's Butter Enriched Shortbread Bites x16;£1.60/unit;£0.10/ea;From our in store bakery;cakes-from-our-bakery;null;null;null;null;null;null;null;null;
sainsburys-butter-mintoes-200g;Sainsbury's Butter Mintoes 200g;£0.95/unit;£0.48/100g;Confectionery;mints-chewing-gum;418;0.5;85.5;56.1;8.2;5.0;0.7;1.02;
sainsburys-butter-mintoes-200g;Sainsbury's Butter Mintoes 200g;£0.95/unit;£0.48/100g;Confectionery;sweets;418;0.5;85.5;56.1;8.2;5.0;0.7;1.02;
sainsburys-butter-puffs-biscuits-200g;Sainsbury's Butter Puffs Biscuits 200g;£1.00/unit;£0.50/100g;Biscuits & crackers;crackers-savoury-biscuits;488;8.3;57.5;1.2;25.0;11.9;3.1;0.94;
sainsburys-butter-roast-chicken--taste-the-difference-120g;Sainsbury's Cooked Chicken Slices Butter Roast, Taste the Difference 120g;£3.30/unit;£2.75/100g;Cooked meats & snacking;mfp-cooked-chicken-turkey;115;24.3;0.7;0.7;1.7;0.5;0.5;0.96;
sainsburys-butter-roast-chicken--taste-the-difference-120g;Sainsbury's Cooked Chicken Slices Butter Roast, Taste the Difference 120g;£3.30/unit;£2.75/100g;Cooked meats & snacking;mfp-cooked-meats-snacking-taste-the-difference;115;24.3;0.7;0.7;1.7;0.5;0.5;0.96;
sainsburys-butter-roast-chicken--taste-the-difference-120g;Sainsbury's Cooked Chicken Slices Butter Roast, Taste the Difference 120g;£3.30/unit;£2.75/100g;Cooked meats, pate & sandwich fillers;cooked-chicken-turkey;115;24.3;0.7;0.7;1.7;0.5;0.5;0.96;
sainsburys-butter-roast-chicken--taste-the-difference-120g;Sainsbury's Cooked Chicken Slices Butter Roast, Taste the Difference 120g;£3.30/unit;£2.75/100g;Cooked meats, pate & sandwich fillers;cooked-meats-taste-the-difference;115;24.3;0.7;0.7;1.7;0.5;0.5;0.96;
sainsburys-butter-sweet-pastry-tartlets--taste-the-difference-100g;Sainsbury's Butter Sweet Pastry Tartlets, Taste the Difference x18 117g;£2.00/unit;£1.71/100g;Fruit & desserts;meringues-bases;498;6.6;66.8;21.1;22.3;13.2;1.9;0.30;
sainsburys-butterbean---pesto-200g;Sainsbury's Butterbean & Pesto 200g;£1.40/unit;£0.70/100g;Coleslaw, olives, salads & dips;fresh-dips-houmous;189;5.1;13.0;4.6;12.1;4.1;3.8;1.08;
sainsburys-butterbean---pesto-200g;Sainsbury's Butterbean & Pesto 200g;£1.40/unit;£0.70/100g;Vegetarian & meat free;deli-meat-alternatives;189;5.1;13.0;4.6;12.1;4.1;3.8;1.08;
sainsburys-butterfly-confetti-53g;Sainsbury's Cake Decorations, Butterfly Confetti 53g;£1.00/unit;£2.13/100g;Sugar & home baking;decorations;422;0.8;92.3;91.6;5.4;3.2;0.6;0.05;
sainsburys-butterfly-sugar-decorations-12x3g;Sainsbury's Cake Decorations, Butterfly 12x3g;£1.50/unit;£1.50/ea;Sugar & home baking;decorations;396;2.3;96.4;95.7;0.5;0.1;0.5;0.08;
sainsburys-butterhead-salad-120g;Sainsbury's Butterhead Salad 120g;£1.50/unit;£1.25/100g;Fresh salad;fresh-salad-prepared-ready-to-eat;19;1.7;0.8;0.7;0.5;0.1;2.1;0.08;
sainsburys-butterhead-salad-120g;Sainsbury's Butterhead Salad 120g;£1.50/unit;£1.25/100g;Fresh salad;salad-bags;19;1.7;0.8;0.7;0.5;0.1;2.1;0.08;
sainsburys-butterhead-salad-120g;Sainsbury's Butterhead Salad 120g;£1.50/unit;£1.25/100g;Prepared & ready to eat;prepared-salad-herbs;19;1.7;0.8;0.7;0.5;0.1;2.1;0.08;
sainsburys-butterlicious-light-500g;Sainsbury's Butterlicious Light Spread 500g;£0.90/unit;£1.80/kg;Butter, spreads & baking;buttery-taste-and-sunflower-spreads;281;0.5;2.3;0.5;30.0;7.4;null;1.30;
sainsburys-butterlicious-spread-1kg;Sainsbury's Butterlicious Spread 1kg;£1.70/unit;£1.70/kg;Butter, spreads & baking;buttery-taste-and-sunflower-spreads;414;0.5;1.5;0.9;45.0;11.0;1.0;1.30;
sainsburys-buttermilk-300ml;Sainsbury's Buttermilk 300ml;£0.75/unit;£0.25/100ml;Butter, spreads & baking;cooking-and-baking1;47;4.8;5.9;5.9;0.5;0.3;0.5;0.15;
sainsburys-buttermilk-300ml;Sainsbury's Buttermilk 300ml;£0.75/unit;£0.25/100ml;Desserts & cream;fresh-cream-custard;47;4.8;5.9;5.9;0.5;0.3;0.5;0.15;
sainsburys-butternut-risotto-meal-soup-400g;Sainsbury's Butternut Risotto Meal Soup 400g;£1.40/unit;£0.35/100g;Soup & lunchtime snacks;fresh-soups;54;1.3;8.0;2.7;1.6;0.9;1.1;0.42;
sainsburys-butternut-risotto-meal-soup-400g;Sainsbury's Butternut Risotto Meal Soup 400g;£1.40/unit;£0.35/100g;Soup & lunchtime snacks;lunchtime-snacks;54;1.3;8.0;2.7;1.6;0.9;1.1;0.42;
sainsburys-butternut-squash-%28loose%29;Sainsbury's Butternut Squash (loose);£1.30/kg;£1.30/kg;Fresh vegetables;courgette-aubergine-squash;65;1.4;9.9;8.0;1.8;0.2;1.8;0.03;
sainsburys-butternut-squash---asparagus-medley-240g;Sainsbury's Butternut Squash & Asparagus Medley 240g;£2.00/unit;£8.33/kg;Prepared & ready to eat;prepared-vegetables;37;2.7;4.6;3.1;0.4;0.1;2.0;0;
sainsburys-butternut-squash---red-pepper-soup-390g;Sainsbury's Butternut Squash & Red Pepper Soup 390g;£0.55/unit;£0.14/100g;Canned, tinned & packaged foods;soups;51;1.0;6.6;2.6;2.2;0.5;0.6;0.53;
sainsburys-butternut-squash--so-organic-%28loose%29;Sainsbury's Butternut Squash, SO Organic (loose);£1.80/kg;£1.80/kg;Fresh vegetables;courgette-aubergine-squash;65;1.4;9.9;8.0;1.8;0.2;1.8;0.03;
sainsburys-butternut-squash--so-organic-%28loose%29;Sainsbury's Butternut Squash, SO Organic (loose);£1.80/kg;£1.80/kg;Organic;organic;65;1.4;9.9;8.0;1.8;0.2;1.8;0.03;
sainsburys-butternut-squash-mash--taste-the-difference-400g;Sainsbury's Butternut Squash Mash, Taste the Difference 400g;£2.40/unit;£6.00/kg;Prepared & ready to eat;prepared-vegetables;79;1.2;10.7;4.4;3.1;0.5;1.7;0.55;
sainsburys-butternut-squash-mash--taste-the-difference-400g;Sainsbury's Butternut Squash Mash, Taste the Difference 400g;£2.40/unit;£6.00/kg;Ready meals;potato-vegetable-side-dishes;79;1.2;10.7;4.4;3.1;0.5;1.7;0.55;
sainsburys-butternut-squash-mash--taste-the-difference-400g;Sainsbury's Butternut Squash Mash, Taste the Difference 400g;£2.40/unit;£6.00/kg;Ready meals;taste-the-difference-bistro-ready-meals;79;1.2;10.7;4.4;3.1;0.5;1.7;0.55;
sainsburys-butternut-squash-soup-600g;Sainsbury's Butternut Squash Soup 600g;£1.40/unit;£0.23/100g;Soup & lunchtime snacks;fresh-soups;41;0.9;4.8;3.0;1.8;0.1;0.9;0.43;
sainsburys-buttersoft-light-500g;Sainsbury's Buttersoft Light 500g;£1.80/unit;£3.60/kg;Butter, spreads & baking;spreadable-butter;386;0.5;1.4;0.5;42.0;14.5;null;0.90;
sainsburys-buttery-flapjacks-x5-175g;Sainsbury's Buttery Flapjacks x5 175g;£1.00/unit;£0.20/ea;Cakes;flapjacks-traybakes-bites;445;5.9;58;36;20;10.0;3.6;0.48;
sainsburys-buttery-potato-mash-450g;Sainsbury's Buttery Potato Mash 450g;£1.00/unit;£2.22/kg;Fresh vegetables;potatoes;97;1.8;14.2;0.5;3.4;2.3;1.2;0.33;
sainsburys-buttery-potato-mash-450g;Sainsbury's Buttery Potato Mash 450g;£1.00/unit;£2.22/kg;Prepared & ready to eat;prepared-vegetables;97;1.8;14.2;0.5;3.4;2.3;1.2;0.33;
sainsburys-buttery-potato-mash-450g;Sainsbury's Buttery Potato Mash 450g;£1.00/unit;£2.22/kg;Ready meals;british-ready-meals;97;1.8;14.2;0.5;3.4;2.3;1.2;0.33;
sainsburys-buttery-potato-mash-450g;Sainsbury's Buttery Potato Mash 450g;£1.00/unit;£2.22/kg;Ready meals;potato-vegetable-side-dishes;97;1.8;14.2;0.5;3.4;2.3;1.2;0.33;
sainsburys-buttery-potato-mash-450g;Sainsbury's Buttery Potato Mash 450g;£1.00/unit;£2.22/kg;Vegetarian & meat free;coleslaw--olives--salads---dips-30658-44;97;1.8;14.2;0.5;3.4;2.3;1.2;0.33;
sainsburys-buttery-potato-mash-450g;Sainsbury's Buttery Potato Mash 450g;£1.00/unit;£2.22/kg;Vegetarian & meat free;vegetarian-meat-free-ready-meals;97;1.8;14.2;0.5;3.4;2.3;1.2;0.33;
sainsburys-cabbage---leeks-240g;Sainsbury's Cabbage & Leeks 240g;£1.00/unit;£4.17/kg;Fresh vegetables;broccoli-cauliflower-cabbage-greens;34;1.5;4.9;3.9;0.5;0.1;3.2;0.02;
sainsburys-cabbage---leeks-240g;Sainsbury's Cabbage & Leeks 240g;£1.00/unit;£4.17/kg;Prepared & ready to eat;prepared-vegetables;34;1.5;4.9;3.9;0.5;0.1;3.2;0.02;
sainsburys-cabbage-medley-160g-7358652-p-44;Sainsbury's Cabbage Medley 160g;£1.00/unit;£6.25/kg;Fresh vegetables;broccoli-cauliflower-cabbage-greens;27;1.6;2.9;2.6;0.5;0.1;2.3;0.02;
sainsburys-cabbage-medley-160g-7358652-p-44;Sainsbury's Cabbage Medley 160g;£1.00/unit;£6.25/kg;Prepared & ready to eat;prepared-vegetables;27;1.6;2.9;2.6;0.5;0.1;2.3;0.02;
sainsburys-caerphilly-250g;Sainsbury's Caerphilly 250g;£2.00/unit;£8.00/kg;Cheese;cheddar-british-regional-cheese;373;22.8;0.5;0.5;31.3;19.6;0.5;1.65;
sainsburys-caesar-dressing--be-good-to-yourself-180ml;Sainsbury's Caesar Dressing, Be Good To Yourself 180ml;£1.20/unit;£0.67/100ml;Fresh salad;dressings-coleslaw-accompaniments;152;2.6;6.8;2.5;12.6;1.7;0.5;1.50;
sainsburys-caesar-dressing-180ml;Sainsbury's Caesar Dressing 180ml;£1.20/unit;£0.67/100ml;Fresh salad;dressings-coleslaw-accompaniments;359;3.3;5.7;2.4;35.8;3.6;0.5;1.53;
sainsburys-caesar-dressing-250ml-7621596-p-44;Sainsbury's Caesar Dressing 250ml;£1.00/unit;£0.40/100ml;Table sauces, dressings & condiments;salad-dressings;439;1.3;5.7;3.7;45.5;3.3;0.5;1.58;
sainsburys-caesar-salad--be-good-to-yourself-265g;Sainsbury's Caesar Salad, Be Good To Yourself 265g;£2.00/unit;£0.75/100g;Fresh salad;fresh-salad-prepared-ready-to-eat;108;3.5;8.9;2.2;6.3;1.2;0.5;0.50;
sainsburys-caesar-salad--be-good-to-yourself-265g;Sainsbury's Caesar Salad, Be Good To Yourself 265g;£2.00/unit;£0.75/100g;Fresh salad;salad-bags;108;3.5;8.9;2.2;6.3;1.2;0.5;0.50;
sainsburys-caesar-salad--be-good-to-yourself-265g;Sainsbury's Caesar Salad, Be Good To Yourself 265g;£2.00/unit;£0.75/100g;Prepared & ready to eat;prepared-salad-herbs;108;3.5;8.9;2.2;6.3;1.2;0.5;0.50;
sainsburys-caesar-salad-265g;Sainsbury's Caesar Salad 265g;£2.00/unit;£0.75/100g;Fresh salad;fresh-salad-prepared-ready-to-eat;168;3.9;8.1;2.3;13.3;1.8;0.6;0.58;
sainsburys-caesar-salad-265g;Sainsbury's Caesar Salad 265g;£2.00/unit;£0.75/100g;Fresh salad;salad-bags;168;3.9;8.1;2.3;13.3;1.8;0.6;0.58;
sainsburys-caesar-salad-265g;Sainsbury's Caesar Salad 265g;£2.00/unit;£0.75/100g;Prepared & ready to eat;prepared-salad-herbs;168;3.9;8.1;2.3;13.3;1.8;0.6;0.58;
sainsburys-cafe-latte-flavoured-milk-330ml;Sainsbury's Cafe Latte Milkshake 330ml;£0.80/unit;£2.42/ltr;Fresh milk & eggs;flavoured-milk-92153-44;97;4.3;10.7;9.0;4.1;2.6;0.5;0.13;
sainsburys-cafe-style-muffin-cases;Sainsbury's Cafe Style Muffin Cases;£2.00/unit;£5.71/100g;Sugar & home baking;cake-cases---baking-accessories;null;null;null;null;null;null;null;null;
sainsburys-cake-box--spot---floral-180g;Sainsbury's Cake Box, Spot & Floral 180g;£3.00/unit;£1.67/100g;Sugar & home baking;cake-cases---baking-accessories;null;null;null;null;null;null;null;null;
sainsburys-cake-decorations--happy-birthday-75g;Sainsbury's Cake Decorations, Happy Birthday 75g;£1.50/unit;£2.00/100g;Sugar & home baking;decorations;571;6.9;51.6;50.4;37.1;23.4;1.7;0.19;
sainsburys-cake-decorations--mini-carrots-x12-36g;Sainsbury's Cake Decorations, Mini Carrots x12 36g;£1.50/unit;£4.17/100g;Sugar & home baking;decorations;569;6.0;55.3;55.0;36.0;22.6;0.5;0.19;
sainsburys-cake-decorations--mini-flowers-x12-36g;Sainsbury's Cake Decorations, Mini Flowers x12 36g;£1.50/unit;£1.50/ea;Sugar & home baking;decorations;569;6.0;55.3;55.0;36.0;22.6;0.5;0.19;
sainsburys-cake-decorations--white-sugar-pearls-80g;Sainsbury's Cake Decorations, White Shimmer Pearls 80g;£1.00/unit;£1.25/100g;Sugar & home baking;decorations;394;0.5;97.3;92.5;0.5;0.2;0.6;0.05;
sainsburys-cake-decorations-chocolate-coated-popping-candy-80g;Sainsbury's Cake Decorations Chocolate Coated Popping Candy 80g;£2.25/unit;£2.81/100g;Sugar & home baking;decorations;473;5.0;74.3;52.1;17.2;10.5;0.6;0.13;
sainsburys-cake-decorations-gingerbread-men-46g;Sainsbury's Cake Decorations Gingerbread Men 46g;£1.00/unit;£2.22/100g;Sugar & home baking;decorations;401;1.6;90.7;87.2;3.3;1.8;1.2;0.08;
sainsburys-cake-decorations-glitter-strands-70g;Sainsbury's Cake Decorations Glitter Strands 70g;£1.00/unit;£1.43/100g;Sugar & home baking;decorations;403;0.5;98.7;96.9;0.6;0.5;0.6;0.05;
sainsburys-cake-decorations-hearts---stars;Sainsbury's Cake Decorations Hearts & Stars;£0.50/unit;£0.50/ea;Sugar & home baking;decorations;396;2.3;96.4;95.7;0.5;0.1;0.5;0.08;
sainsburys-cake-decorations-jelly-diamonds-55g;Sainsbury's Cake Decorations Jelly Diamonds 55g;£1.00/unit;£1.82/100g;Sugar & home baking;decorations;358;0.5;88.0;71.7;0.5;0.1;0.6;0.43;
sainsburys-cake-decorations-multi-coloured-confetti-50g;Sainsbury's Cake Decorations Multi Coloured Confetti 50g;£1.00/unit;£2.00/100g;Sugar & home baking;decorations;425;0.9;93.0;92.7;5.3;3.2;0.6;0.05;
sainsburys-cake-decorations-pink---lilac-mimosa-60g;Sainsbury's Cake Decorations Pink & Lilac Mimosa 60g;£1.00/unit;£1.67/100g;Sugar & home baking;decorations;399;0.5;98.1;96.1;0.5;0.3;0.6;0.05;
sainsburys-cake-decorations-pirates;Sainsbury's Cake Decorations Pirates;£0.50/unit;£0.50/ea;Sugar & home baking;decorations;396;2.3;96.4;95.7;0.5;0.1;0.5;0.08;
sainsburys-cake-decorations-red---pink-heart-confetti-55g;Sainsbury's Cake Decorations Red & Pink Heart Confetti 55g;£1.00/unit;£1.82/100g;Sugar & home baking;decorations;430;0.9;91.0;91.0;6.8;1.5;0.6;0.05;
sainsburys-cake-frills-6s-29g;Sainsbury's Cake Frills 6's 29g;£2.50/unit;£2.50/ea;Sugar & home baking;cake-cases---baking-accessories;null;null;null;null;null;null;null;null;
sainsburys-cake-piping-nozzle-set-7g;Sainsbury's Cake Piping Nozzle Set 7g;£1.50/unit;£1.50/ea;Sugar & home baking;cake-cases---baking-accessories;null;null;null;null;null;null;null;null;
sainsburys-cake-pop-stick-%28plastic%29-x12-35g;Sainsbury's Cake Pop Stick (Plastic) x12 35g;£1.00/unit;£0.08/ea;Sugar & home baking;cake-cases---baking-accessories;null;null;null;null;null;null;null;null;
sainsburys-cameo-apples-x5-%28minimum%29;Sainsbury's Cameo Apples x5 (Minimum);£1.00/unit;£1.00/ea;Fresh fruit;apples-pears-rhubarb;null;null;null;null;null;null;null;null;
sainsburys-canape-blinis-135g;Sainsbury's Canape Blinis 135g;£2.00/unit;£1.48/100g;Fish & seafood;canapes-snacking;268;5.9;38.0;6.2;9.8;1.2;2.3;1.40;
sainsburys-cannellini-beans-bag-500g;Sainsbury's Cannellini Beans Bag 500g;£1.10/unit;£2.20/kg;Canned, tinned & packaged foods;pulses-beans;112;6.6;16.6;0.8;0.5;0;7.4;0;
sainsburys-cannellini-beans-in-water-410g;Sainsbury's Cannellini Beans In Water 410g (235g*);£0.60/unit;£2.55/kg;Canned, tinned & packaged foods;pulses-beans;110;7.3;15.3;0.4;0.6;0.1;7.0;0;
sainsburys-cannelloni-250g;Sainsbury's Cannelloni 250g;£0.65/unit;£2.60/kg;Rice, pasta & noodles;pasta;160;4.4;33.6;0.6;0.6;0.1;1.4;0.01;
sainsburys-cantaloupe-melon-%28each%29;Sainsbury's Cantaloupe Melon (each);£2.00/unit;£2.00/ea;Fresh fruit;melon-pineapple-kiwi;null;null;null;null;null;null;null;null;
sainsburys-cantcini--taste-the-difference-150g;Sainsbury's Almond Cantucci, Taste the Difference 150g;£2.00/unit;£1.33/100g;Biscuits & crackers;luxury-continental-biscuits;459;10.4;61.8;33.6;18.9;4.4;3.9;0.18;
sainsburys-capellini-%28angel-hair%29--italian-500g;Sainsbury's Capellini (Angel Hair) 500g;£0.85/unit;£1.70/kg;Rice, pasta & noodles;pasta;160;4.4;33.6;0.6;0.6;0.1;1.4;0.01;
sainsburys-cappucine-cappers-198g;Sainsbury's Capucine Capers 198g (125g*);£1.40/unit;£1.12/100g;Vinegar, pickles, olives & antipasti;olives-antipasti;35;1.0;5.0;0.4;0.3;0;4.0;4.50;
sainsburys-cappucine-cappers-198g;Sainsbury's Capucine Capers 198g (125g*);£1.40/unit;£1.12/100g;Vinegar, pickles, olives & antipasti;pickled-food;35;1.0;5.0;0.4;0.3;0;4.0;4.50;
sainsburys-caramel---chocolate-crispy-bites-x20;Sainsbury's Caramel & Chocolate Crispy Bites x20;£1.60/unit;£0.08/ea;Cakes;cakes-from-our-bakery-12374-44;null;null;null;null;null;null;null;null;
sainsburys-caramel---chocolate-crispy-bites-x20;Sainsbury's Caramel & Chocolate Crispy Bites x20;£1.60/unit;£0.08/ea;From our in store bakery;cakes-from-our-bakery;null;null;null;null;null;null;null;null;
sainsburys-caramel---pecan-nut-slices--taste-the-difference;Sainsbury's Caramel & Pecan Nut Slices, Taste The Difference;£2.00/unit;£0.50/ea;Cakes;flapjacks-traybakes-bites;508;5.9;53.0;29.1;29.9;12.0;1.6;0.30;
sainsburys-caramel---pecan-nut-slices--taste-the-difference;Sainsbury's Caramel & Pecan Nut Slices, Taste The Difference;£2.00/unit;£0.50/ea;Cakes;taste-the-difference;508;5.9;53.0;29.1;29.9;12.0;1.6;0.30;
sainsburys-caramel-brownies-x4;Sainsbury's Caramel Brownies x4;£2.00/unit;£0.50/ea;Cakes;flapjacks-traybakes-bites;463;5.0;55.2;40.2;24.3;13.7;1.8;0.63;
sainsburys-caramel-brownies-x4;Sainsbury's Caramel Brownies x4;£2.00/unit;£0.50/ea;Cakes;taste-the-difference;463;5.0;55.2;40.2;24.3;13.7;1.8;0.63;
sainsburys-caramel-chocolate-bar-150g;Sainsbury's Caramel Chocolate Bar 150g;£1.35/unit;£0.90/100g;Confectionery;chocolate;467;5.3;60.2;59.5;22.5;14.1;1.1;0.18;
sainsburys-caramel-latte-cupcakes--taste-the-difference-x2;Sainsbury's Caramel Latte Cupcakes, Taste the Difference x2;£2.00/unit;£0.87/100g;Cakes;muffins-small-cakes;496;1.8;58.1;57.2;28.0;14.5;2.1;0.21;
sainsburys-caramel-latte-cupcakes--taste-the-difference-x2;Sainsbury's Caramel Latte Cupcakes, Taste the Difference x2;£2.00/unit;£0.87/100g;Cakes;taste-the-difference;496;1.8;58.1;57.2;28.0;14.5;2.1;0.21;
sainsburys-caramel-panna-cotta-2x120g;Sainsbury's Caramel Panna Cotta 2x120g;£1.50/unit;£0.63/100g;Desserts & cream;desserts;266;4.0;31.8;19.1;12.6;10.0;0.7;0.13;
sainsburys-caramel-shortcake-bites-x22;Sainsbury's Caramel Shortcake Bites x22;£1.60/unit;£0.07/ea;Cakes;cakes-from-our-bakery-12374-44;null;null;null;null;null;null;null;null;
sainsburys-caramel-shortcake-bites-x22;Sainsbury's Caramel Shortcake Bites x22;£1.60/unit;£0.07/ea;From our in store bakery;cakes-from-our-bakery;null;null;null;null;null;null;null;null;
sainsburys-caramel-shortcake-x3-%28serves-3%29;Sainsbury's Caramel Shortcake x3;£1.00/unit;£0.33/ea;Cakes;cakes-from-our-bakery-12374-44;null;null;null;null;null;null;null;null;
sainsburys-caramel-shortcake-x3-%28serves-3%29;Sainsbury's Caramel Shortcake x3;£1.00/unit;£0.33/ea;From our in store bakery;cakes-from-our-bakery;null;null;null;null;null;null;null;null;
sainsburys-caramel-wafers--basics-5x178g;Sainsbury's Caramel Wafers, Basics 5x17.8g;£0.45/unit;£0.51/100g;Biscuits & crackers;biscuits-crackers-kids-lunchbox;489;6.2;66.5;44.7;21.6;13.2;2.0;0.30;
sainsburys-caramel-wafers--basics-5x178g;Sainsbury's Caramel Wafers, Basics 5x17.8g;£0.45/unit;£0.51/100g;Biscuits & crackers;chocolate-biscuits;489;6.2;66.5;44.7;21.6;13.2;2.0;0.30;
sainsburys-caramel-wafers-290g;Sainsbury's Caramel Wafers 290g;£1.50/unit;£0.52/100g;Cakes;flapjacks-traybakes-bites;483;3.9;68;35;21;13;1.3;0.65;
sainsburys-caramelised-onion---goats-cheese-pastries-114g;Sainsbury's Caramelised Onion & Goats Cheese Pastries 114g;£2.50/unit;£2.19/100g;Pies, pasties & quiche;slices-pasties;308;7.2;33.3;4.7;15.7;2.9;2.4;0.96;
sainsburys-caramelised-onion---goats-cheese-pastries-114g;Sainsbury's Caramelised Onion & Goats Cheese Pastries 114g;£2.50/unit;£2.19/100g;Soup & lunchtime snacks;lunchtime-snacks;308;7.2;33.3;4.7;15.7;2.9;2.4;0.96;
sainsburys-caramelised-onion-cheese-nibble--taste-the-difference-125g;Sainsbury's Caramelised Onion Cheese Nibble, Taste the Difference 125g;£1.50/unit;£1.20/100g;Biscuits & crackers;crackers-savoury-biscuits;550;13.6;43.8;3.0;35.1;22.2;2.0;1.27;
sainsburys-caramelised-onion-chutney--organic-300g;Sainsbury's Caramelised Onion Chutney, SO Organic 300g;£1.40/unit;£0.44/100g;Table sauces, dressings & condiments;chutney-pickle-relishes;211;0.5;51.0;41.2;0.5;0.1;1.6;1.00;
sainsburys-caramelised-onion-chutney--organic-300g;Sainsbury's Caramelised Onion Chutney, SO Organic 300g;£1.40/unit;£0.44/100g;Vinegar, pickles, olives & antipasti;chutneys-pickle-relishes;211;0.5;51.0;41.2;0.5;0.1;1.6;1.00;
sainsburys-caramelised-onion-chutney--taste-the-difference-285g;Sainsbury's Chutney Caramelised Onion, Taste the Difference 285g;£1.80/unit;£0.63/100g;Table sauces, dressings & condiments;chutney-pickle-relishes;161;0.8;37.3;31.3;0.5;0.2;2.1;1.07;
sainsburys-caramelised-onion-chutney--taste-the-difference-285g;Sainsbury's Chutney Caramelised Onion, Taste the Difference 285g;£1.80/unit;£0.63/100g;Vinegar, pickles, olives & antipasti;chutneys-pickle-relishes;161;0.8;37.3;31.3;0.5;0.2;2.1;1.07;
sainsburys-caramelised-onion-houmous-200g;Sainsbury's Caramelised Onion Houmous 200g;£1.40/unit;£0.70/100g;Coleslaw, olives, salads & dips;fresh-dips-houmous;280;6.2;11.8;4.7;21.8;2.2;5.9;1.20;
sainsburys-caramelised-onion-houmous-200g;Sainsbury's Caramelised Onion Houmous 200g;£1.40/unit;£0.70/100g;Vegetarian & meat free;deli-meat-alternatives;280;6.2;11.8;4.7;21.8;2.2;5.9;1.20;
sainsburys-caramelised-red-onion---pork-sausages--taste-the-difference-x6-400g;Sainsbury's Pork & Caramelised Red Onion Sausages, Taste the Difference x6 400g;£2.50/unit;£6.25/kg;Burgers & BBQ;burgers-bbq;291;18.5;12.4;4.1;18.3;6.2;1.4;1.50;
sainsburys-caramelised-red-onion---pork-sausages--taste-the-difference-x6-400g;Sainsbury's Pork & Caramelised Red Onion Sausages, Taste the Difference x6 400g;£2.50/unit;£6.25/kg;Organic & Taste the Difference;organic-taste-the-difference;291;18.5;12.4;4.1;18.3;6.2;1.4;1.50;
sainsburys-caramelised-red-onion---pork-sausages--taste-the-difference-x6-400g;Sainsbury's Pork & Caramelised Red Onion Sausages, Taste the Difference x6 400g;£2.50/unit;£6.25/kg;Sausages;sausages;291;18.5;12.4;4.1;18.3;6.2;1.4;1.50;
sainsburys-carbonara-pasta-sauce-440g;Sainsbury's Pasta Sauce Carbonara 440g;£0.95/unit;£0.22/100g;Cooking sauces & world foods;italian-cooking-sauces;127;3.7;6.2;0.5;9.7;3.7;0.5;0.83;
sainsburys-carbonara-sauce--taste-the-difference-350g;Sainsbury's Carbonara Sauce, Taste the Difference 350g;£2.50/unit;£7.14/kg;Pizza, pasta & garlic bread;fresh-pasta-sauces;179;5.8;6.5;2.1;14.3;7.9;0.5;0.75;
sainsburys-carbonara-sauce-350g;Sainsbury's Carbonara Sauce 350g;£1.40/unit;£0.40/100g;Pizza, pasta & garlic bread;fresh-pasta-sauces;110;4.9;5.5;1.2;7.5;4.4;0.5;0.70;
sainsburys-cardamom-pods--fairtrade-28g;Sainsbury's Cardamom Pods 28g;£1.00/unit;£0.36/10g;Cooking ingredients & oils;herbs-spices-seasoning;null;null;null;null;null;null;null;null;
sainsburys-carrot---coriander-soup-400g;Sainsbury's Carrot & Coriander Soup 400g;£0.55/unit;£0.14/100g;Canned, tinned & packaged foods;soups;42;0.5;4.6;2.3;2.3;1.5;0.7;0.58;
sainsburys-carrot---coriander-soup-600g;Sainsbury's Carrot & Coriander Soup 600g;£1.40/unit;£0.23/100g;Soup & lunchtime snacks;fresh-soups;32;0.7;3.6;2.9;1.4;0.5;0.9;0.45;
sainsburys-carrot---swede-500g;Sainsbury's Carrot & Swede 500g;£0.75/unit;£1.50/kg;Fresh vegetables;carrots-root-vegetables;22;0.5;3.5;3.3;0.3;0.1;1.5;0.10;
sainsburys-carrot---swede-500g;Sainsbury's Carrot & Swede 500g;£0.75/unit;£1.50/kg;Prepared & ready to eat;prepared-vegetables;22;0.5;3.5;3.3;0.3;0.1;1.5;0.10;
sainsburys-carrot---swede-mash-450g;Sainsbury's Carrot & Swede Mash 450g;£1.00/unit;£2.22/kg;Prepared & ready to eat;prepared-vegetables;62;1.0;7.6;1.2;2.5;1.6;2.2;0.48;
sainsburys-carrot---swede-mash-450g;Sainsbury's Carrot & Swede Mash 450g;£1.00/unit;£2.22/kg;Ready meals;british-ready-meals;62;1.0;7.6;1.2;2.5;1.6;2.2;0.48;
sainsburys-carrot---swede-mash-450g;Sainsbury's Carrot & Swede Mash 450g;£1.00/unit;£2.22/kg;Ready meals;potato-vegetable-side-dishes;62;1.0;7.6;1.2;2.5;1.6;2.2;0.48;
sainsburys-carrot---swede-mash-450g;Sainsbury's Carrot & Swede Mash 450g;£1.00/unit;£2.22/kg;Vegetarian & meat free;coleslaw--olives--salads---dips-30658-44;62;1.0;7.6;1.2;2.5;1.6;2.2;0.48;
sainsburys-carrot---swede-mash-450g;Sainsbury's Carrot & Swede Mash 450g;£1.00/unit;£2.22/kg;Vegetarian & meat free;vegetarian-meat-free-ready-meals;62;1.0;7.6;1.2;2.5;1.6;2.2;0.48;
sainsburys-carrot---swede-potato-mash-400g;Sainsbury's Carrot & Swede Potato Mash 400g;£1.50/unit;£3.75/kg;Prepared & ready to eat;prepared-vegetables;55;0.9;8.1;1.5;1.7;1.1;1.8;0.32;
sainsburys-carrot---swede-potato-mash-400g;Sainsbury's Carrot & Swede Potato Mash 400g;£1.50/unit;£3.75/kg;Ready meals;british-ready-meals;55;0.9;8.1;1.5;1.7;1.1;1.8;0.32;
sainsburys-carrot---swede-potato-mash-400g;Sainsbury's Carrot & Swede Potato Mash 400g;£1.50/unit;£3.75/kg;Ready meals;potato-vegetable-side-dishes;55;0.9;8.1;1.5;1.7;1.1;1.8;0.32;
sainsburys-carrot---swede-potato-mash-400g;Sainsbury's Carrot & Swede Potato Mash 400g;£1.50/unit;£3.75/kg;Vegetarian & meat free;coleslaw--olives--salads---dips-30658-44;55;0.9;8.1;1.5;1.7;1.1;1.8;0.32;
sainsburys-carrot---swede-potato-mash-400g;Sainsbury's Carrot & Swede Potato Mash 400g;£1.50/unit;£3.75/kg;Vegetarian & meat free;vegetarian-meat-free-ready-meals;55;0.9;8.1;1.5;1.7;1.1;1.8;0.32;
sainsburys-carrot---tenderstem--taste-the-difference-275g;Sainsbury's Carrot & Tenderstem, Taste the Difference 275g;£2.40/unit;£8.73/kg;Prepared & ready to eat;prepared-vegetables;63;1.8;3.5;3.5;4.0;2.1;3.1;0.20;
sainsburys-carrot---tenderstem--taste-the-difference-275g;Sainsbury's Carrot & Tenderstem, Taste the Difference 275g;£2.40/unit;£8.73/kg;Ready meals;potato-vegetable-side-dishes;63;1.8;3.5;3.5;4.0;2.1;3.1;0.20;
sainsburys-carrot---tenderstem--taste-the-difference-275g;Sainsbury's Carrot & Tenderstem, Taste the Difference 275g;£2.40/unit;£8.73/kg;Ready meals;taste-the-difference-bistro-ready-meals;63;1.8;3.5;3.5;4.0;2.1;3.1;0.20;
sainsburys-carrot--broccoli--cauliflower---beans-240g;Sainsbury's Carrot, Broccoli, Cauliflower & Beans 240g;£1.50/unit;£6.25/kg;Prepared & ready to eat;prepared-vegetables;31;1.8;3.0;2.7;0.6;0.1;3.0;0.03;
sainsburys-carrot--broccoli--cauliflower---beans-240g;Sainsbury's Carrot, Broccoli, Cauliflower & Beans 240g;£1.50/unit;£6.25/kg;Ready meals;potato-vegetable-side-dishes;31;1.8;3.0;2.7;0.6;0.1;3.0;0.03;
sainsburys-carrot--cauliflower---broccoli-240g;Sainsbury's Carrot, Cauliflower & Broccoli 240g;£1.00/unit;£4.17/kg;Prepared & ready to eat;prepared-vegetables;30;1.8;2.9;2.7;0.6;0.2;2.9;0.04;
sainsburys-carrot--cauliflower---broccoli-480g;Sainsbury's Carrot, Cauliflower & Broccoli 480g;£1.50/unit;£3.13/kg;Prepared & ready to eat;prepared-vegetables;30;1.8;2.9;2.7;0.6;0.2;2.9;0.04;
sainsburys-carrot-batons-400g;Sainsbury's Carrot Batons 400g;£1.00/unit;£2.50/kg;Fresh vegetables;carrots-root-vegetables;29;0.6;4.3;4.1;0.5;0.1;3.1;0.06;
sainsburys-carrot-batons-400g;Sainsbury's Carrot Batons 400g;£1.00/unit;£2.50/kg;Prepared & ready to eat;prepared-vegetables;29;0.6;4.3;4.1;0.5;0.1;3.1;0.06;
sainsburys-carrot-cake--taste-the-difference-5;Sainsbury's Carrot Cake, Taste the Difference 430g;£2.65/unit;£0.62/100g;Cakes;sponge-slab-loaf-cakes;398;4.5;51.1;29.2;19.0;5.3;2.5;0.51;
sainsburys-carrot-cake--taste-the-difference-5;Sainsbury's Carrot Cake, Taste the Difference 430g;£2.65/unit;£0.62/100g;Cakes;taste-the-difference;398;4.5;51.1;29.2;19.0;5.3;2.5;0.51;
sainsburys-carrot-cake-slices-x6;Sainsbury's Carrot Cake Slices x6;£1.10/unit;£0.18/ea;Cakes;slices-pies-tarts;428;3.2;56.6;36.6;20.7;4.6;1.4;0.33;
sainsburys-carrots-%28loose%29;Sainsbury's Carrots (loose);£0.70/kg;£0.70/kg;Fresh vegetables;carrots-root-vegetables;41;0.5;7.7;7.2;0.5;0.1;2.1;null;
sainsburys-carrots---broccoli--basics-320g;Sainsbury's Carrots & Broccoli, Basics 320g;£0.85/unit;£2.66/kg;Prepared & ready to eat;prepared-vegetables;45;1.6;7.1;6.2;0.5;0.1;3.4;0.01;
sainsburys-carrots---fine-beans-240g;Sainsbury's Carrots & Fine Beans 240g;£1.50/unit;£6.25/kg;Prepared & ready to eat;prepared-vegetables;29;0.9;3.8;3.5;0.5;0.1;3.1;0.04;
sainsburys-carrots---fine-beans-240g;Sainsbury's Carrots & Fine Beans 240g;£1.50/unit;£6.25/kg;Ready meals;potato-vegetable-side-dishes;29;0.9;3.8;3.5;0.5;0.1;3.1;0.04;
sainsburys-carrots--baby-1kg;Sainsbury's Carrots, Baby 1kg;£1.20/unit;£1.20/kg;Fruit, vegetables & rice;frozen-vegetables;29;0.5;4.3;3.1;0.5;0.1;3.5;0.09;
sainsburys-carrots--basics-15kg;Sainsbury's Carrots, Basics 1.5kg;£0.75/unit;£0.50/kg;Fresh vegetables;carrots-root-vegetables;42;0.6;7.9;7.4;0.5;0.1;2.4;0.06;
sainsburys-carrots--broccoli---asparagus-240g;Sainsbury's Carrots, Broccoli & Asparagus 240g;£1.50/unit;£6.25/kg;Prepared & ready to eat;prepared-vegetables;27;1.6;2.6;2.5;0.5;0.1;2.6;0.05;
sainsburys-carrots--broccoli---asparagus-240g;Sainsbury's Carrots, Broccoli & Asparagus 240g;£1.50/unit;£6.25/kg;Ready meals;potato-vegetable-side-dishes;27;1.6;2.6;2.5;0.5;0.1;2.6;0.05;
sainsburys-carrots--broccoli---sweetcorn-microwaveable-steam-bags-x4-540g;Sainsbury's Carrots, Broccoli & Sweetcorn Microwaveable Steam Bags x4 540g;£1.50/unit;£2.78/kg;Fruit, vegetables & rice;frozen-vegetables;60;2.6;8.2;2.2;1.2;0.2;3.1;0.04;
sainsburys-carrots--caulifllower---peas-microwaveable-steam-bags-x4-540g;Sainsbury's Carrots, Caulifllower & Peas Microwaveable Steam Bags x4 540g;£1.50/unit;£2.78/kg;Fruit, vegetables & rice;frozen-vegetables;44;2.7;5.1;2.4;0.6;0.1;3.9;0.04;
sainsburys-carrots--so-organic-750g;Sainsbury's Carrots, SO Organic 750g;£1.00/unit;£1.33/kg;Fresh vegetables;carrots-root-vegetables;44;0.5;7.7;7.2;0.5;0.1;3.9;0.01;
sainsburys-carrots--so-organic-750g;Sainsbury's Carrots, SO Organic 750g;£1.00/unit;£1.33/kg;Organic;organic;44;0.5;7.7;7.2;0.5;0.1;3.9;0.01;
sainsburys-casarecce-500g;Sainsbury's Casarecce 500g;£0.85/unit;£1.70/kg;Rice, pasta & noodles;pasta;362;12.3;73.1;3.5;1.7;0.5;2.5;0;
sainsburys-cashew-kernels-200g;Sainsbury's Cashew Kernels 200g;£2.50/unit;£1.25/100g;Sugar & home baking;nuts---seeds;617;19.8;20.5;5.4;49.3;9.8;6.1;0.03;
sainsburys-cashew-nuts--organic-200g;Sainsbury's Cashew Nuts, SO Organic 200g;£3.00/unit;£1.50/100g;Sugar & home baking;nuts---seeds;596;20.9;16.7;4.4;48.2;9.5;5.9;0.04;
sainsburys-cashew-pieces-200g;Sainsbury's Cashew Pieces 200g;£2.50/unit;£1.25/100g;Sugar & home baking;nuts---seeds;617;19.8;20.5;5.4;49.3;9.8;6.1;0.03;
sainsburys-cashews-30g;Sainsbury's Cashews 30g;£0.50/unit;£1.67/100g;Sugar & home baking;nuts---seeds;617;19.8;20.5;5.4;49.3;9.8;6.1;0.03;
sainsburys-cashews-5-x-30g;Sainsbury's Cashews 5 x 30g;£2.20/unit;£1.47/100g;Sugar & home baking;nuts---seeds;595;18.2;30.2;5.9;43.9;7.8;3.3;0;
sainsburys-cassava-loose;Sainsbury's Cassava Loose;£1.80/kg;£1.80/kg;Fresh vegetables;fresh-vegetables-world-exotic;null;null;null;null;null;null;null;null;
sainsburys-casserole-vegetable--basics-450g-7356497-p-44;Sainsbury's Casserole Vegetable, Basics 450g;£0.90/unit;£2.00/kg;Prepared & ready to eat;prepared-vegetables;41;0.6;7.7;6.6;0.5;0.1;2.7;0.01;
sainsburys-casserole-vegetable-700g;Sainsbury's Casserole Vegetable 700g;£1.50/unit;£2.14/kg;Prepared & ready to eat;prepared-vegetables;48;1.2;9.2;3.9;0.5;0.1;2.0;0.01;
sainsburys-casserole-vegetable-selection-750g;Sainsbury's Casserole Vegetable Selection 750g;£1.20/unit;£1.60/kg;Fresh vegetables;carrots-root-vegetables;39;0.7;7.1;6.2;0.5;0.1;2.2;0.05;
sainsburys-catalan-chicken--taste-the-difference-bistro-800g;Sainsbury's Catalan Chicken, Taste the Difference Bistro 800g;£6.00/unit;£7.50/kg;Ready meals;mediterranean-other-cuisine-ready-meals;89;7.5;7.6;4.6;2.6;0.6;3.0;0.58;
sainsburys-catalan-chicken--taste-the-difference-bistro-800g;Sainsbury's Catalan Chicken, Taste the Difference Bistro 800g;£6.00/unit;£7.50/kg;Ready meals;taste-the-difference-bistro-ready-meals;89;7.5;7.6;4.6;2.6;0.6;3.0;0.58;
sainsburys-cauliflower--so-organic;Sainsbury's Cauliflower, SO Organic (each);£2.00/unit;£2.00/ea;Fresh vegetables;broccoli-cauliflower-cabbage-greens;34;2.5;4.2;2.8;0.5;0.2;1.8;0.02;
sainsburys-cauliflower--so-organic;Sainsbury's Cauliflower, SO Organic (each);£2.00/unit;£2.00/ea;Organic;organic;34;2.5;4.2;2.8;0.5;0.2;1.8;0.02;
sainsburys-cauliflower--sprouts---carrots-250g;Sainsbury's Cauliflower, Sprouts & Carrots 250g;£1.00/unit;£4.00/kg;Prepared & ready to eat;prepared-vegetables;35;2.2;3.2;2.9;0.9;0.2;2.8;0.22;
sainsburys-cauliflower-cheese--taste-the-difference-400g-6002597-p-44;Sainsbury's Cauliflower Cheese, Taste the Difference 400g;£2.40/unit;£6.00/kg;Prepared & ready to eat;prepared-vegetables;113;5.1;4.6;2.7;7.7;4.7;2.3;0.68;
sainsburys-cauliflower-cheese--taste-the-difference-400g-6002597-p-44;Sainsbury's Cauliflower Cheese, Taste the Difference 400g;£2.40/unit;£6.00/kg;Ready meals;british-ready-meals;113;5.1;4.6;2.7;7.7;4.7;2.3;0.68;
sainsburys-cauliflower-cheese--taste-the-difference-400g-6002597-p-44;Sainsbury's Cauliflower Cheese, Taste the Difference 400g;£2.40/unit;£6.00/kg;Ready meals;potato-vegetable-side-dishes;113;5.1;4.6;2.7;7.7;4.7;2.3;0.68;
sainsburys-cauliflower-cheese--taste-the-difference-400g-6002597-p-44;Sainsbury's Cauliflower Cheese, Taste the Difference 400g;£2.40/unit;£6.00/kg;Ready meals;taste-the-difference-bistro-ready-meals;113;5.1;4.6;2.7;7.7;4.7;2.3;0.68;
sainsburys-cauliflower-cheese--taste-the-difference-400g-6002597-p-44;Sainsbury's Cauliflower Cheese, Taste the Difference 400g;£2.40/unit;£6.00/kg;Vegetarian & meat free;coleslaw--olives--salads---dips-30658-44;113;5.1;4.6;2.7;7.7;4.7;2.3;0.68;
sainsburys-cauliflower-cheese--taste-the-difference-400g-6002597-p-44;Sainsbury's Cauliflower Cheese, Taste the Difference 400g;£2.40/unit;£6.00/kg;Vegetarian & meat free;vegetarian-meat-free-ready-meals;113;5.1;4.6;2.7;7.7;4.7;2.3;0.68;
sainsburys-cauliflower-cheese-400g-7651982-p-44;Sainsbury's Cauliflower Cheese 400g;£2.00/unit;£5.00/kg;Fresh vegetables;broccoli-cauliflower-cabbage-greens;83;5.0;3.7;0.9;4.9;3.5;2.2;0.72;
sainsburys-cauliflower-cheese-400g-7651982-p-44;Sainsbury's Cauliflower Cheese 400g;£2.00/unit;£5.00/kg;Prepared & ready to eat;prepared-vegetables;83;5.0;3.7;0.9;4.9;3.5;2.2;0.72;
sainsburys-cauliflower-cheese-400g-7651982-p-44;Sainsbury's Cauliflower Cheese 400g;£2.00/unit;£5.00/kg;Ready meals;potato-vegetable-side-dishes;83;5.0;3.7;0.9;4.9;3.5;2.2;0.72;
sainsburys-cauliflower-cheese-400g;Sainsbury's Cauliflower Cheese 400g;£2.00/unit;£5.00/kg;Prepared & ready to eat;prepared-vegetables;75;4.8;3.3;1.5;4.0;2.5;3.2;0.58;
sainsburys-cauliflower-cheese-400g;Sainsbury's Cauliflower Cheese 400g;£2.00/unit;£5.00/kg;Ready meals;british-ready-meals;75;4.8;3.3;1.5;4.0;2.5;3.2;0.58;
sainsburys-cauliflower-cheese-400g;Sainsbury's Cauliflower Cheese 400g;£2.00/unit;£5.00/kg;Ready meals;potato-vegetable-side-dishes;75;4.8;3.3;1.5;4.0;2.5;3.2;0.58;
sainsburys-cauliflower-cheese-400g;Sainsbury's Cauliflower Cheese 400g;£2.00/unit;£5.00/kg;Vegetarian & meat free;coleslaw--olives--salads---dips-30658-44;75;4.8;3.3;1.5;4.0;2.5;3.2;0.58;
sainsburys-cauliflower-cheese-400g;Sainsbury's Cauliflower Cheese 400g;£2.00/unit;£5.00/kg;Vegetarian & meat free;vegetarian-meat-free-ready-meals;75;4.8;3.3;1.5;4.0;2.5;3.2;0.58;
sainsburys-cauliflower-cheese-680g;Sainsbury's Cauliflower Cheese 680g;£2.00/unit;£2.94/kg;Fruit, vegetables & rice;frozen-vegetables;99;4.0;5.8;1.9;6.3;3.9;1.7;0.48;
sainsburys-cauliflower-cheese-grills-x4-397g-7718243-p-44;Sainsbury's Cauliflower Cheese Grills x4 397g;£1.80/unit;£4.53/kg;Meat free & vegetarian;meat-free-vegetarian;231;4.7;25.0;1.4;11.9;2.6;2.6;0.64;
sainsburys-cave-aged-farmhouse-mature-cheddar--taste-the-difference-200g;Sainsbury's Cave Aged Farmhouse Mature Cheddar, Taste the Difference 200g;£2.50/unit;£12.50/kg;Cheese;cheddar-british-regional-cheese;410;25.0;0.5;0.5;34.4;21.7;0.5;1.80;
sainsburys-cave-aged-farmhouse-mature-cheddar--taste-the-difference-200g;Sainsbury's Cave Aged Farmhouse Mature Cheddar, Taste the Difference 200g;£2.50/unit;£12.50/kg;Cheese;cheeseboard-delights;410;25.0;0.5;0.5;34.4;21.7;0.5;1.80;
sainsburys-cave-aged-farmhouse-mature-cheddar--taste-the-difference-200g;Sainsbury's Cave Aged Farmhouse Mature Cheddar, Taste the Difference 200g;£2.50/unit;£12.50/kg;Cheese;organic-taste-the-difference-cheese;410;25.0;0.5;0.5;34.4;21.7;0.5;1.80;
sainsburys-cavolo-nero--taste-the-difference-200g;Sainsbury's Cavolo Nero Cabbage Taste the Difference 200g;£1.40/unit;£7.00/kg;Fresh herbs & ingredients;mediterranean-ingredients;39;3.4;1.3;1.2;1.6;0.2;3.1;0.11;
sainsburys-cavolo-nero--taste-the-difference-200g;Sainsbury's Cavolo Nero Cabbage Taste the Difference 200g;£1.40/unit;£7.00/kg;Fresh vegetables;broccoli-cauliflower-cabbage-greens;39;3.4;1.3;1.2;1.6;0.2;3.1;0.11;
sainsburys-cavolo-nero--taste-the-difference-200g;Sainsbury's Cavolo Nero Cabbage Taste the Difference 200g;£1.40/unit;£7.00/kg;Fresh vegetables;fresh-vegetables-world-exotic;39;3.4;1.3;1.2;1.6;0.2;3.1;0.11;
sainsburys-cavolo-nero--taste-the-difference-200g;Sainsbury's Cavolo Nero Cabbage Taste the Difference 200g;£1.40/unit;£7.00/kg;Taste the Difference;taste-the-difference-185761-44;39;3.4;1.3;1.2;1.6;0.2;3.1;0.11;
sainsburys-cayenne-pepper-38g;Sainsbury's Cayenne Pepper 38g;£1.00/unit;£0.26/10g;Cooking ingredients & oils;herbs-spices-seasoning;null;null;null;null;null;null;null;null;
sainsburys-celebration-iced-fruit-cake-large--taste-the-difference;Sainsbury's Wedding Cake Tier, Large 2.44kg (serves 44);£24.00/unit;£24.00/ea;Celebration cakes;celebration-cakes;385;3.8;69;54;10;3.0;2.0;0.14;
sainsburys-celebration-iced-fruit-cake-medium--taste-the-difference;Sainsbury's Wedding Cake Tier, Medium 1.3kg (serves 24);£18.00/unit;£18.00/ea;Celebration cakes;celebration-cakes;376;3.7;67;57;9.8;3.1;1.8;0.14;
sainsburys-celebration-iced-fruit-cake-x-large--taste-the-difference;Sainsbury's Wedding Cake Tier, Extra Large 3.77kg (serves 64);£35.00/unit;£35.00/ea;Celebration cakes;celebration-cakes;369;4.0;65;49;9.9;3.3;2.0;0.15;
sainsburys-celeriac;Sainsbury's Celeriac (approx. 900g);£1.30/kg;£1.30/kg;Fresh vegetables;carrots-root-vegetables;25;1.2;2.2;1.7;0.5;0.1;3.7;0.23;
sainsburys-celeriac;Sainsbury's Celeriac (approx. 900g);£1.30/kg;£1.30/kg;In season;new-in-season;25;1.2;2.2;1.7;0.5;0.1;3.7;0.23;
sainsburys-celery--nut---sultana-salad-300g;Sainsbury's Fruit, Celery & Nut Salad 300g;£1.00/unit;£0.33/100g;Coleslaw, olives, salads & dips;coleslaw-salads;256;3.6;11.5;10.5;21.3;1.9;2.0;0.83;
sainsburys-celery--nut---sultana-salad-300g;Sainsbury's Fruit, Celery & Nut Salad 300g;£1.00/unit;£0.33/100g;Fresh salad;dressings-coleslaw-accompaniments;256;3.6;11.5;10.5;21.3;1.9;2.0;0.83;
sainsburys-celery--nut---sultana-salad-300g;Sainsbury's Fruit, Celery & Nut Salad 300g;£1.00/unit;£0.33/100g;Prepared & ready to eat;prepared-salad-herbs;256;3.6;11.5;10.5;21.3;1.9;2.0;0.83;
sainsburys-celery--nut---sultana-salad-300g;Sainsbury's Fruit, Celery & Nut Salad 300g;£1.00/unit;£0.33/100g;Vegetarian & meat free;coleslaw--olives--salads---dips-30658-44;256;3.6;11.5;10.5;21.3;1.9;2.0;0.83;
sainsburys-celery--so-organic-400g;Sainsbury's Celery, So Organic 350g;£1.20/unit;£0.34/100g;Fresh salad;cucumber-celery;10;0.5;0.9;0.9;0.5;0.1;1.1;0.5;
sainsburys-celery--so-organic-400g;Sainsbury's Celery, So Organic 350g;£1.20/unit;£0.34/100g;Fresh vegetables;peppers-salad-vegetables;10;0.5;0.9;0.9;0.5;0.1;1.1;0.5;
sainsburys-celery--so-organic-400g;Sainsbury's Celery, So Organic 350g;£1.20/unit;£0.34/100g;Organic;organic;10;0.5;0.9;0.9;0.5;0.1;1.1;0.5;
sainsburys-celery-450g;Sainsbury's Celery 450g;£0.80/unit;£0.18/100g;Fresh salad;cucumber-celery;7;0.5;0.9;0.9;0.2;0;1.1;0.50;
sainsburys-celery-450g;Sainsbury's Celery 450g;£0.80/unit;£0.18/100g;Fresh vegetables;peppers-salad-vegetables;7;0.5;0.9;0.9;0.2;0;1.1;0.50;
sainsburys-celery-hearts-x2;Sainsbury's Celery Hearts x2;£1.30/unit;£0.33/100g;Fresh salad;cucumber-celery;7;0.5;0.9;0.9;0.2;0;1.1;0.50;
sainsburys-celery-hearts-x2;Sainsbury's Celery Hearts x2;£1.30/unit;£0.33/100g;Fresh vegetables;peppers-salad-vegetables;7;0.5;0.9;0.9;0.2;0;1.1;0.50;
sainsburys-celery-salt-95g;Sainsbury's Celery Salt 95g;£1.00/unit;£0.11/10g;Cooking ingredients & oils;herbs-spices-seasoning;39;2.1;2.5;0.5;1.8;0.2;null;68.13;
sainsburys-celery-salt-95g;Sainsbury's Celery Salt 95g;£1.00/unit;£0.11/10g;Cooking ingredients & oils;salt-pepper;39;2.1;2.5;0.5;1.8;0.2;null;68.13;
sainsburys-celery-sticks-350g;Sainsbury's Celery Sticks 350g;£1.00/unit;£0.29/100g;Fresh salad;cucumber-celery;10;0.5;0.9;0.9;0.5;0.1;1.1;0.5;
sainsburys-celery-sticks-350g;Sainsbury's Celery Sticks 350g;£1.00/unit;£0.29/100g;Fresh vegetables;peppers-salad-vegetables;10;0.5;0.9;0.9;0.5;0.1;1.1;0.5;
sainsburys-chabichou--taste-the-difference-150g;Sainsbury's Chabichou, Taste the Difference 150g;£3.00/unit;£20.00/kg;Cheese;organic-taste-the-difference-cheese;303;17.6;1.9;1.7;25.0;18.5;0.5;1.50;
sainsburys-chair-de-tomate--taste-the-difference-430g;Sainsbury's Chair De Tomate, Taste The Difference 430g;£1.20/unit;£2.79/kg;Canned, tinned & packaged foods;canned-tinned-packaged-tomatoes;36;1.2;6.4;4.8;0.2;0;1.9;0.4;
sainsburys-channa-masala-%28medium---earthy%29-300g;Sainsbury's Channa Masala (medium & earthy) 300g;£1.75/unit;£5.83/kg;Ready meals;indian-ready-meals;114;3.9;6.8;2.8;6.4;1.0;6.5;0.75;
sainsburys-channa-masala-%28medium---earthy%29-300g;Sainsbury's Channa Masala (medium & earthy) 300g;£1.75/unit;£5.83/kg;Ready meals;potato-vegetable-side-dishes;114;3.9;6.8;2.8;6.4;1.0;6.5;0.75;
sainsburys-channa-masala-%28medium---earthy%29-300g;Sainsbury's Channa Masala (medium & earthy) 300g;£1.75/unit;£5.83/kg;Ready meals;vegetarian-ready-meals;114;3.9;6.8;2.8;6.4;1.0;6.5;0.75;
sainsburys-channa-masala-%28medium---earthy%29-300g;Sainsbury's Channa Masala (medium & earthy) 300g;£1.75/unit;£5.83/kg;Vegetarian & meat free;vegetarian-meat-free-ready-meals;114;3.9;6.8;2.8;6.4;1.0;6.5;0.75;
sainsburys-chantenay-carrot---parsnip-soup--taste-the-difference-600g;Sainsbury's Chantenay Carrot & Parsnip Soup, Taste the Difference 600g;£2.00/unit;£0.33/100g;Soup & lunchtime snacks;fresh-soups;44;0.5;5.0;4.4;2.2;1.3;1.5;0.43;
sainsburys-chantenay-carrots-500g;Sainsbury's Chantenay Carrots 500g;£1.00/unit;£2.00/kg;Fresh vegetables;baby-vegetables;41;0.5;7.7;7.2;0.5;0.1;2.1;0.07;
sainsburys-chantenay-carrots-500g;Sainsbury's Chantenay Carrots 500g;£1.00/unit;£2.00/kg;Fresh vegetables;carrots-root-vegetables;41;0.5;7.7;7.2;0.5;0.1;2.1;0.07;
sainsburys-chaource--taste-the-difference-250g;Sainsbury's Chaource, Taste the Difference 250g;£3.30/unit;£13.20/kg;Cheese;organic-taste-the-difference-cheese;270;17.0;1.0;0.5;22.0;15.8;0.5;2.00;
sainsburys-chapatti-170g;Sainsbury's Chapatti x2 170g;£0.75/unit;£0.44/100g;Ready meals;indian-ready-meals;279;7.7;50.8;1.8;4.2;0.3;3.7;0.53;
sainsburys-chapatti-170g;Sainsbury's Chapatti x2 170g;£0.75/unit;£0.44/100g;Vegetarian & meat free;vegetarian-meat-free-ready-meals;279;7.7;50.8;1.8;4.2;0.3;3.7;0.53;
sainsburys-chapattis-x2-200g;Sainsbury's Chapattis x2 200g;£1.15/unit;£0.58/100g;Cooking sauces & world foods;indian-cooking-sauces;308;7.7;52.0;2.0;7.0;0.7;3.5;1.54;
sainsburys-charentais-melon;Sainsbury's Charentais Melon;£2.00/unit;£2.00/ea;Fresh fruit;melon-pineapple-kiwi;null;null;null;null;null;null;null;null;
sainsburys-chargrill-quarter-pounders--be-good-to-yourself-454g;Sainsbury's Chargrill Quarter Pounders, Be Good To Yourself x4 454g;£2.75/unit;£6.06/kg;Meat & poultry;frozen-beef;163;23.5;4.6;0.8;5.5;2.6;0.5;0.90;
sainsburys-chargrill-quarter-pounders--be-good-to-yourself-454g;Sainsbury's Chargrill Quarter Pounders, Be Good To Yourself x4 454g;£2.75/unit;£6.06/kg;Meat & poultry;frozen-burgers-sausages;163;23.5;4.6;0.8;5.5;2.6;0.5;0.90;
sainsburys-chargrill-vegetable-cous-cous--be-good-to-yourself-200g;Sainsbury's Chargrill Vegetable Cous Cous, Be Good To Yourself 200g;£1.50/unit;£0.75/100g;Coleslaw, olives, salads & dips;coleslaw-salads;152;4.4;27.6;4.5;2.4;0.4;1.1;0.60;
sainsburys-chargrill-vegetable-cous-cous--be-good-to-yourself-200g;Sainsbury's Chargrill Vegetable Cous Cous, Be Good To Yourself 200g;£1.50/unit;£0.75/100g;Fresh salad;dressings-coleslaw-accompaniments;152;4.4;27.6;4.5;2.4;0.4;1.1;0.60;
sainsburys-chargrill-vegetable-cous-cous--be-good-to-yourself-200g;Sainsbury's Chargrill Vegetable Cous Cous, Be Good To Yourself 200g;£1.50/unit;£0.75/100g;Prepared & ready to eat;prepared-salad-herbs;152;4.4;27.6;4.5;2.4;0.4;1.1;0.60;
sainsburys-chargrill-vegetable-cous-cous--be-good-to-yourself-200g;Sainsbury's Chargrill Vegetable Cous Cous, Be Good To Yourself 200g;£1.50/unit;£0.75/100g;Soup & lunchtime snacks;lunchtime-snacks;152;4.4;27.6;4.5;2.4;0.4;1.1;0.60;
sainsburys-chargrilled-artichoke-salad--taste-the-difference-290g-%28184g*%29;Sainsbury's Chargrilled Artichoke Salad, Taste the Difference 290g (184g*);£3.50/unit;£1.90/100g;Vinegar, pickles, olives & antipasti;olives-antipasti;257;6.1;15.1;6.4;17.7;2.9;null;1.23;
sainsburys-chargrilled-artichokes-in-olive-oil--taste-the-difference-290g-%28195g*%29;Sainsbury's Chargrilled Artichokes In Olive Oil, Taste the Difference 290g (195g*);£3.50/unit;£1.79/100g;Vinegar, pickles, olives & antipasti;olives-antipasti;196;1.3;10.8;3.1;15.3;2.5;null;1.10;
sainsburys-chargrilled-burgers--butchers-choice-454g;Sainsbury's Chargrilled Burgers, Butcher's Choice x4 454g;£3.00/unit;£6.61/kg;Beef;beef;236;21.6;5.0;0.7;14.3;6.5;0.5;0.80;
sainsburys-chargrilled-burgers--butchers-choice-454g;Sainsbury's Chargrilled Burgers, Butcher's Choice x4 454g;£3.00/unit;£6.61/kg;Burgers & BBQ;burgers-bbq;236;21.6;5.0;0.7;14.3;6.5;0.5;0.80;
sainsburys-chargrilled-chicken-slices-300g;Sainsbury's Cooked Chicken Slices, Chargrilled 300g;£4.40/unit;£1.47/100g;Cooked meats & snacking;mfp-cooked-chicken-turkey;113;23.9;0.5;0.5;1.6;0.5;0.8;0.53;
sainsburys-chargrilled-chicken-slices-300g;Sainsbury's Cooked Chicken Slices, Chargrilled 300g;£4.40/unit;£1.47/100g;Cooked meats, pate & sandwich fillers;cooked-chicken-turkey;113;23.9;0.5;0.5;1.6;0.5;0.8;0.53;
sainsburys-chargrilled-mediterranean-vegetables-%28aubergine--courgette--red---yellow-peppers%29-500g;Sainsbury's Chargrilled Mediterranean Vegetables (Aubergine, Courgette, Red & Yellow Peppers) 500g;£1.50/unit;£3.00/kg;Fruit, vegetables & rice;frozen-vegetables;91;1.5;8.0;4.0;5.3;0.7;2.7;0.15;
sainsburys-chargrilled-peppers-antipasto-280g;Sainsbury's Chargrilled Peppers Antipasto 280g (170g*);£2.00/unit;£1.18/100g;Vinegar, pickles, olives & antipasti;olives-antipasti;118;1.7;9.5;6.3;7.7;0.8;1.8;0.40;
sainsburys-chargrilled-red-pepper-paste-90g;Sainsbury's Chargrilled Red Pepper Paste 90g;£1.00/unit;£1.11/100g;Cooking ingredients & oils;cooking-pastes;154;0.7;6.7;5.5;13.4;1.6;1.7;2.00;
sainsburys-chargrilled-vegetable-12-pizza--taste-the-difference;Sainsbury's Chargrilled Vegetable Pizza, Taste the Difference 12'' 530g;£5.00/unit;£9.43/kg;Pizza, pasta & garlic bread;pizza;248;11.0;31.6;3.7;8.0;3.6;2.9;0.83;
sainsburys-chargrilled-vegetable-12-pizza--taste-the-difference;Sainsbury's Chargrilled Vegetable Pizza, Taste the Difference 12'' 530g;£5.00/unit;£9.43/kg;Vegetarian & meat free;vegetarian-meat-free-pizza-pasta;248;11.0;31.6;3.7;8.0;3.6;2.9;0.83;
sainsburys-charlotte-potatoes-1kg;Sainsbury's Charlotte Potatoes 1kg;£1.00/unit;£1.00/kg;Fresh vegetables;potatoes;67;1.4;14.0;0.9;0.3;0.1;1.5;100;
sainsburys-cheddar---black-pepper-bites--taste-the-difference-125g;Sainsbury's Cheddar & Black Pepper Bites, Taste the Difference 125g;£1.50/unit;£1.20/100g;Biscuits & crackers;crackers-savoury-biscuits;541;15.4;41.9;0.2;34.0;21.7;3.0;1.30;
sainsburys-cheddar---black-pepper-slices-140g;Sainsbury's Cheddar & Black Pepper Slices 140g;£2.00/unit;£14.29/kg;Cheese;cheddar-british-regional-cheese;402;23.1;1.7;0.5;33.6;22.3;0.5;1.38;
sainsburys-cheddar---black-pepper-slices-140g;Sainsbury's Cheddar & Black Pepper Slices 140g;£2.00/unit;£14.29/kg;Cheese;sliced-grated-cheese;402;23.1;1.7;0.5;33.6;22.3;0.5;1.38;
sainsburys-cheddar---onion-crispbakes-x2-270g;Sainsbury's Cheddar & Onion Crispbakes x2 270g;£2.00/unit;£7.41/kg;Vegetarian & meat free;deli-meat-alternatives;278;7.8;20.5;1.6;18.0;6.7;1.3;0.90;
sainsburys-cheddar---spring-onion-crisps--taste-the-difference-150g;Sainsbury's Cheddar & Spring Onion Crisps, Taste the Difference 150g;£1.50/unit;£1.00/100g;Crisps, nuts & snacking fruit;crisps;507;6.5;51.4;2.9;29.2;3.8;6.1;1.40;
sainsburys-cheddar-cheese---chive-dip-230g;Sainsbury's Cheddar Cheese & Chive Dip 230g;£1.20/unit;£0.52/100g;Coleslaw, olives, salads & dips;fresh-dips-houmous;355;4.1;6.1;1.3;34.9;6.6;0.5;1.23;
sainsburys-cheddar-cheese---chive-dip-230g;Sainsbury's Cheddar Cheese & Chive Dip 230g;£1.20/unit;£0.52/100g;Vegetarian & meat free;deli-meat-alternatives;355;4.1;6.1;1.3;34.9;6.6;0.5;1.23;
sainsburys-cheddar-cheese-bites--taste-the-difference-125g;Sainsbury's Cheddar Cheese Bites, Taste the Difference 125g;£1.50/unit;£1.20/100g;Biscuits & crackers;crackers-savoury-biscuits;543;15.3;42.4;0.3;34.2;22.1;2.3;1.35;
sainsburys-cheddar-cheese-crispies--taste-the-difference-100g;Sainsbury's Cheddar Cheese Crispies, Taste the Difference 100g;£1.50/unit;£1.50/100g;Biscuits & crackers;crackers-savoury-biscuits;581;14.2;38.3;0.5;40.6;27.0;2.8;2.00;
sainsburys-cheddar-cheese-sauce-mix-40g;Sainsbury's Cheddar Cheese Sauce Mix 40g;£0.40/unit;£1.00/100g;Cooking sauces & world foods;packet-sauces;97;6.1;10.9;5.4;3.0;2.0;1.0;0.95;
sainsburys-cheddar-mash-potato-450g;Sainsbury's Cheddar Mash Potato 450g;£1.00/unit;£2.22/kg;Prepared & ready to eat;prepared-vegetables;117;4.1;10.0;1.4;6.3;3.8;2.1;0.68;
sainsburys-cheddar-mash-potato-450g;Sainsbury's Cheddar Mash Potato 450g;£1.00/unit;£2.22/kg;Ready meals;british-ready-meals;117;4.1;10.0;1.4;6.3;3.8;2.1;0.68;
sainsburys-cheddar-mash-potato-450g;Sainsbury's Cheddar Mash Potato 450g;£1.00/unit;£2.22/kg;Ready meals;potato-vegetable-side-dishes;117;4.1;10.0;1.4;6.3;3.8;2.1;0.68;
sainsburys-cheddar-mash-potato-450g;Sainsbury's Cheddar Mash Potato 450g;£1.00/unit;£2.22/kg;Vegetarian & meat free;coleslaw--olives--salads---dips-30658-44;117;4.1;10.0;1.4;6.3;3.8;2.1;0.68;
sainsburys-cheddar-mash-potato-450g;Sainsbury's Cheddar Mash Potato 450g;£1.00/unit;£2.22/kg;Vegetarian & meat free;vegetarian-meat-free-ready-meals;117;4.1;10.0;1.4;6.3;3.8;2.1;0.68;
sainsburys-cheddar-with-indian-spiced-chutney-200g;Sainsbury's Cheddar with Indian Spiced Chutney 200g;£2.00/unit;£10.00/kg;Cheese;cheddar-british-regional-cheese;383;22.2;7.0;4.6;29.5;18.8;0.7;1.77;
sainsburys-cheddar-with-jalepeno---garlic-slices-140g;Sainsbury's Cheddar Slices With Jalepeno & Garlic 140g;£2.00/unit;£14.29/kg;Cheese;cheddar-british-regional-cheese;404;24.6;0.0;0.0;34.0;21.3;0.0;1.48;
sainsburys-cheddar-with-jalepeno---garlic-slices-140g;Sainsbury's Cheddar Slices With Jalepeno & Garlic 140g;£2.00/unit;£14.29/kg;Cheese;sliced-grated-cheese;404;24.6;0.0;0.0;34.0;21.3;0.0;1.48;
sainsburys-cheddar-with-silverskin-onion---herb-200g;Sainsbury's Cheddar With Silverskin Onion & Herb 200g;£2.00/unit;£10.00/kg;Cheese;cheddar-british-regional-cheese;368;22.1;5.4;0.5;28.6;18.6;0.5;1.80;
sainsburys-cheese---bacon-potato-skins-280g;Sainsbury's Cheese & Bacon Potato Skins 280g;£3.00/unit;£10.71/kg;Ready meals;mexican-caribbean-american-ready-meals;222;8.9;13.8;2.1;13.9;6.8;3.0;0.58;
sainsburys-cheese---bacon-potato-skins-280g;Sainsbury's Cheese & Bacon Potato Skins 280g;£3.00/unit;£10.71/kg;Ready meals;potato-vegetable-side-dishes;222;8.9;13.8;2.1;13.9;6.8;3.0;0.58;
sainsburys-cheese---bacon-potato-skins-with-soured-cream---chive-dip-420g;Sainsbury's Cheese & Bacon Potato Skins With Soured Cream & Chive Dip 420g;£3.50/unit;£8.33/kg;Coleslaw, olives, salads & dips;party-food-128152-44;222;8.9;13.8;2.1;13.9;6.8;3.0;0.58;
sainsburys-cheese---bacon-potato-skins-with-soured-cream---chive-dip-420g;Sainsbury's Cheese & Bacon Potato Skins With Soured Cream & Chive Dip 420g;£3.50/unit;£8.33/kg;Ready meals;mexican-caribbean-american-ready-meals;222;8.9;13.8;2.1;13.9;6.8;3.0;0.58;
sainsburys-cheese---bacon-potato-skins-with-soured-cream---chive-dip-420g;Sainsbury's Cheese & Bacon Potato Skins With Soured Cream & Chive Dip 420g;£3.50/unit;£8.33/kg;Ready meals;potato-vegetable-side-dishes;222;8.9;13.8;2.1;13.9;6.8;3.0;0.58;
sainsburys-cheese---bacon-quiche--basics-400g;Sainsbury's Cheese & Bacon Quiche, Basics 400g;£1.05/unit;£0.26/100g;Pies, pasties & quiche;quiche;238;6.7;17.9;2.6;15.2;6.2;1.3;0.69;
sainsburys-cheese---bacon-tart-230g;Sainsbury's Bacon, Onion & Cheese Tart 230g;£2.00/unit;£0.87/100g;Pies, pasties & quiche;quiche;318;8.6;24.9;3.2;20.1;10.1;1.4;0.73;
sainsburys-cheese---bacon-tart-230g;Sainsbury's Bacon, Onion & Cheese Tart 230g;£2.00/unit;£0.87/100g;Soup & lunchtime snacks;lunchtime-snacks;318;8.6;24.9;3.2;20.1;10.1;1.4;0.73;
sainsburys-cheese---black-pepper-muffins--taste-the-difference-x4;Sainsbury's Cheese & Black Pepper Muffins, Taste the Difference x4;£1.50/unit;£0.38/ea;Crumpets, breakfast muffins & pancakes;crumpets-breakfast-muffins-pancakes;258;13.1;34.9;3.1;6.7;4.1;2.7;1.13;
sainsburys-cheese---broccoli-pasta---sauce-120g;Sainsbury's Pasta & Sauce, Cheese & Broccoli 120g;£0.70/unit;£5.83/kg;Cooking sauces & world foods;world-foods-instant-snack-meals;130;4.8;22.7;2.7;2.0;1.1;1.2;0.32;
sainsburys-cheese---broccoli-pasta---sauce-120g;Sainsbury's Pasta & Sauce, Cheese & Broccoli 120g;£0.70/unit;£5.83/kg;Rice, pasta & noodles;instant-snack-meals;130;4.8;22.7;2.7;2.0;1.1;1.2;0.32;
sainsburys-cheese---chive-onion-skins-with-soured-cream---chive-dip-420g;Sainsbury's Cheese & Chive Onion Skins With Soured Cream & Chive Dip 420g;£3.50/unit;£8.33/kg;Coleslaw, olives, salads & dips;party-food-128152-44;229;8.2;16.0;1.5;14.0;7.7;3.2;0.53;
sainsburys-cheese---chive-onion-skins-with-soured-cream---chive-dip-420g;Sainsbury's Cheese & Chive Onion Skins With Soured Cream & Chive Dip 420g;£3.50/unit;£8.33/kg;Ready meals;mexican-caribbean-american-ready-meals;229;8.2;16.0;1.5;14.0;7.7;3.2;0.53;
sainsburys-cheese---chive-onion-skins-with-soured-cream---chive-dip-420g;Sainsbury's Cheese & Chive Onion Skins With Soured Cream & Chive Dip 420g;£3.50/unit;£8.33/kg;Ready meals;potato-vegetable-side-dishes;229;8.2;16.0;1.5;14.0;7.7;3.2;0.53;
sainsburys-cheese---chive-onion-skins-with-soured-cream---chive-dip-420g;Sainsbury's Cheese & Chive Onion Skins With Soured Cream & Chive Dip 420g;£3.50/unit;£8.33/kg;Vegetarian & meat free;coleslaw--olives--salads---dips-30658-44;229;8.2;16.0;1.5;14.0;7.7;3.2;0.53;
sainsburys-cheese---chive-onion-skins-with-soured-cream---chive-dip-420g;Sainsbury's Cheese & Chive Onion Skins With Soured Cream & Chive Dip 420g;£3.50/unit;£8.33/kg;Vegetarian & meat free;vegetarian-meat-free-ready-meals;229;8.2;16.0;1.5;14.0;7.7;3.2;0.53;
sainsburys-cheese---coleslaw-side-salad-225g;Sainsbury's Cheese & Coleslaw Salad Bowl 225g;£2.50/unit;£1.11/100g;Coleslaw, olives, salads & dips;coleslaw-salads;97;3.5;3.7;3.1;7.3;2.9;1.4;0.36;
sainsburys-cheese---coleslaw-side-salad-225g;Sainsbury's Cheese & Coleslaw Salad Bowl 225g;£2.50/unit;£1.11/100g;Fresh salad;dressings-coleslaw-accompaniments;97;3.5;3.7;3.1;7.3;2.9;1.4;0.36;
sainsburys-cheese---coleslaw-side-salad-225g;Sainsbury's Cheese & Coleslaw Salad Bowl 225g;£2.50/unit;£1.11/100g;Fresh salad;fresh-salad-prepared-ready-to-eat;97;3.5;3.7;3.1;7.3;2.9;1.4;0.36;
sainsburys-cheese---coleslaw-side-salad-225g;Sainsbury's Cheese & Coleslaw Salad Bowl 225g;£2.50/unit;£1.11/100g;Prepared & ready to eat;prepared-salad-herbs;97;3.5;3.7;3.1;7.3;2.9;1.4;0.36;
sainsburys-cheese---coleslaw-side-salad-225g;Sainsbury's Cheese & Coleslaw Salad Bowl 225g;£2.50/unit;£1.11/100g;Vegetarian & meat free;coleslaw--olives--salads---dips-30658-44;97;3.5;3.7;3.1;7.3;2.9;1.4;0.36;
sainsburys-cheese---ham-kiev-568g;Sainsbury's Cheese & Ham Kiev 568g;£2.65/unit;£4.67/kg;Meat & poultry;frozen-chicken;230;17.0;10.7;0.5;12.9;2.8;1.3;0.91;
sainsburys-cheese---onion-crispbakes-x2-227g;Sainsbury's Cheese & Onion Crispbakes x2 227g;£1.00/unit;£4.41/kg;Meat free & vegetarian;meat-free-vegetarian;216;6.4;25.1;1.5;9.5;2.7;2.2;0.83;
sainsburys-cheese---onion-crisps-6x25g;Sainsbury's Cheese & Onion Crisps 6x25g;£1.00/unit;£0.67/100g;Crisps, nuts & snacking fruit;crisps;548;6.1;51.3;1.9;34.7;3.0;3.1;1.63;
sainsburys-cheese---onion-deli-filler--basics-140g;Sainsbury's Cheese & Onion Deli Filler, Basics 140g;£0.80/unit;£0.57/100g;Cooked meats, pate & sandwich fillers;sandwich-fillers;317;10.1;4.7;2.1;28.5;9.1;0.5;1.10;
sainsburys-cheese---onion-deli-filler--basics-140g;Sainsbury's Cheese & Onion Deli Filler, Basics 140g;£0.80/unit;£0.57/100g;Soup & lunchtime snacks;sandwich-fillers2;317;10.1;4.7;2.1;28.5;9.1;0.5;1.10;
sainsburys-cheese---onion-deli-filler--basics-140g;Sainsbury's Cheese & Onion Deli Filler, Basics 140g;£0.80/unit;£0.57/100g;Vegetarian & meat free;deli-meat-alternatives;317;10.1;4.7;2.1;28.5;9.1;0.5;1.10;
sainsburys-cheese---onion-deli-filler-230g;Sainsbury's Cheese & Onion Deli Filler 230g;£1.65/unit;£0.72/100g;Cooked meats, pate & sandwich fillers;sandwich-fillers;344;10.1;5.5;1.9;31.1;10.3;0.6;1.33;
sainsburys-cheese---onion-deli-filler-230g;Sainsbury's Cheese & Onion Deli Filler 230g;£1.65/unit;£0.72/100g;Soup & lunchtime snacks;sandwich-fillers2;344;10.1;5.5;1.9;31.1;10.3;0.6;1.33;
sainsburys-cheese---onion-deli-filler-230g;Sainsbury's Cheese & Onion Deli Filler 230g;£1.65/unit;£0.72/100g;Vegetarian & meat free;deli-meat-alternatives;344;10.1;5.5;1.9;31.1;10.3;0.6;1.33;
sainsburys-cheese---onion-deli-filler-400g;Sainsbury's Cheese & Onion Deli Filler 400g;£2.00/unit;£0.50/100g;Cooked meats, pate & sandwich fillers;sandwich-fillers;344;10.1;5.5;1.9;31.1;10.3;0.6;1.33;
sainsburys-cheese---onion-deli-filler-400g;Sainsbury's Cheese & Onion Deli Filler 400g;£2.00/unit;£0.50/100g;Soup & lunchtime snacks;sandwich-fillers2;344;10.1;5.5;1.9;31.1;10.3;0.6;1.33;
sainsburys-cheese---onion-deli-filler-400g;Sainsbury's Cheese & Onion Deli Filler 400g;£2.00/unit;£0.50/100g;Vegetarian & meat free;deli-meat-alternatives;344;10.1;5.5;1.9;31.1;10.3;0.6;1.33;
sainsburys-cheese---onion-pasties-x4-600g;Sainsbury's Cheese & Onion Pasties x4 600g;£2.00/unit;£0.33/100g;Pies, pasties & quiche;slices-pasties;284;7.8;22.5;1.8;17.5;9.8;2.7;0.72;
sainsburys-cheese---onion-pasties-x4-600g;Sainsbury's Cheese & Onion Pasties x4 600g;£2.00/unit;£0.33/100g;Vegetarian & meat free;deli-meat-alternatives;284;7.8;22.5;1.8;17.5;9.8;2.7;0.72;
sainsburys-cheese---onion-pasty-150g-6570120-p-44;Sainsbury's Cheese & Onion Pasty 150g;£0.75/unit;£0.50/100g;Pies, pasties & quiche;slices-pasties;284;7.8;22.5;1.8;17.5;9.8;2.7;0.72;
sainsburys-cheese---onion-pasty-150g-6570120-p-44;Sainsbury's Cheese & Onion Pasty 150g;£0.75/unit;£0.50/100g;Soup & lunchtime snacks;lunchtime-snacks;284;7.8;22.5;1.8;17.5;9.8;2.7;0.72;
sainsburys-cheese---onion-pasty-150g;Sainsbury's Cheese & Onion Pasty 150g;£0.75/unit;£0.50/100g;Pies, pasties & quiche;slices-pasties;284;7.8;22.5;1.8;17.5;9.8;2.7;0.72;
sainsburys-cheese---onion-pasty-150g;Sainsbury's Cheese & Onion Pasty 150g;£0.75/unit;£0.50/100g;Soup & lunchtime snacks;lunchtime-snacks;284;7.8;22.5;1.8;17.5;9.8;2.7;0.72;
sainsburys-cheese---onion-pasty-150g;Sainsbury's Cheese & Onion Pasty 150g;£0.75/unit;£0.50/100g;Vegetarian & meat free;deli-meat-alternatives;284;7.8;22.5;1.8;17.5;9.8;2.7;0.72;
sainsburys-cheese---onion-pizza;Sainsbury's Cheese & Onion Pizza Roll;£0.75/unit;£0.75/ea;From our in store bakery;rolls-bagels-from-our-bakery;null;null;null;null;null;null;null;null;
sainsburys-cheese---onion-pizza;Sainsbury's Cheese & Onion Pizza Roll;£0.75/unit;£0.75/ea;Rolls;rolls;null;null;null;null;null;null;null;null;
sainsburys-cheese---onion-popped-potato-snack88g;Sainsbury's Cheese & Onion Popped Potato Snack 88g;£1.20/unit;£1.36/100g;Crisps, nuts & snacking fruit;crisps;436;6.8;66.9;3.5;14.8;1.9;4.1;2.00;
sainsburys-cheese---onion-popped-potato-snack88g;Sainsbury's Cheese & Onion Popped Potato Snack 88g;£1.20/unit;£1.36/100g;Crisps, nuts & snacking fruit;healthier-snacks-12459-44;436;6.8;66.9;3.5;14.8;1.9;4.1;2.00;
sainsburys-cheese---onion-pretzels-150g;Sainsbury's Cheese & Onion Pretzels 150g;£1.20/unit;£0.80/100g;Crisps, nuts & snacking fruit;party-nibbles-bites;431;9.1;73;6.5;11;0.9;3.2;1.1;
sainsburys-cheese---onion-quiche-400g;Sainsbury's Cheese & Onion Quiche 400g;£2.40/unit;£0.60/100g;Pies, pasties & quiche;quiche;258;7.9;20.1;2.7;15.7;5.7;2.4;0.55;
sainsburys-cheese---onion-quiche-400g;Sainsbury's Cheese & Onion Quiche 400g;£2.40/unit;£0.60/100g;Vegetarian & meat free;deli-meat-alternatives;258;7.9;20.1;2.7;15.7;5.7;2.4;0.55;
sainsburys-cheese---onion-rolls-x2-132g;Sainsbury's Cheese & Onion Rolls x2 132g;£0.65/unit;£0.49/100g;Pies, pasties & quiche;sausage-rolls-savouries;304;7.2;28.5;2.3;17.2;8.7;3.3;1.12;
sainsburys-cheese---onion-rolls-x2-132g;Sainsbury's Cheese & Onion Rolls x2 132g;£0.65/unit;£0.49/100g;Pies, pasties & quiche;slices-pasties;304;7.2;28.5;2.3;17.2;8.7;3.3;1.12;
sainsburys-cheese---onion-rolls-x2-132g;Sainsbury's Cheese & Onion Rolls x2 132g;£0.65/unit;£0.49/100g;Soup & lunchtime snacks;lunchtime-snacks;304;7.2;28.5;2.3;17.2;8.7;3.3;1.12;
sainsburys-cheese---onion-rolls-x2-132g;Sainsbury's Cheese & Onion Rolls x2 132g;£0.65/unit;£0.49/100g;Vegetarian & meat free;deli-meat-alternatives;304;7.2;28.5;2.3;17.2;8.7;3.3;1.12;
sainsburys-cheese---onion-rolls-x6-396g;Sainsbury's Cheese & Onion Rolls x6 396g;£1.85/unit;£0.47/100g;Pies, pasties & quiche;sausage-rolls-savouries;304;7.2;28.5;2.3;17.2;8.7;3.3;1.12;
sainsburys-cheese---onion-rolls-x6-396g;Sainsbury's Cheese & Onion Rolls x6 396g;£1.85/unit;£0.47/100g;Pies, pasties & quiche;slices-pasties;304;7.2;28.5;2.3;17.2;8.7;3.3;1.12;
sainsburys-cheese---onion-rolls-x6-396g;Sainsbury's Cheese & Onion Rolls x6 396g;£1.85/unit;£0.47/100g;Vegetarian & meat free;deli-meat-alternatives;304;7.2;28.5;2.3;17.2;8.7;3.3;1.12;
sainsburys-cheese---onion-slice-x2-330g;Sainsbury's Cheese & Onion Slice x2 330g;£1.80/unit;£0.55/100g;Pies, pasties & quiche;sausage-rolls-savouries;294;7.7;22.7;1.5;18.2;7.2;4.3;0.88;
sainsburys-cheese---onion-slice-x2-330g;Sainsbury's Cheese & Onion Slice x2 330g;£1.80/unit;£0.55/100g;Pies, pasties & quiche;slices-pasties;294;7.7;22.7;1.5;18.2;7.2;4.3;0.88;
sainsburys-cheese---onion-slice-x2-330g;Sainsbury's Cheese & Onion Slice x2 330g;£1.80/unit;£0.55/100g;Vegetarian & meat free;deli-meat-alternatives;294;7.7;22.7;1.5;18.2;7.2;4.3;0.88;
sainsburys-cheese---potato-bake-400g;Sainsbury's Cheese & Potato Bake 400g;£2.00/unit;£5.00/kg;Ready meals;british-ready-meals;94;3.5;7.6;2.1;5.0;3.1;2.1;0.73;
sainsburys-cheese---potato-bake-400g;Sainsbury's Cheese & Potato Bake 400g;£2.00/unit;£5.00/kg;Ready meals;potato-vegetable-side-dishes;94;3.5;7.6;2.1;5.0;3.1;2.1;0.73;
sainsburys-cheese---potato-bake-400g;Sainsbury's Cheese & Potato Bake 400g;£2.00/unit;£5.00/kg;Vegetarian & meat free;coleslaw--olives--salads---dips-30658-44;94;3.5;7.6;2.1;5.0;3.1;2.1;0.73;
sainsburys-cheese---potato-bake-400g;Sainsbury's Cheese & Potato Bake 400g;£2.00/unit;£5.00/kg;Vegetarian & meat free;vegetarian-meat-free-ready-meals;94;3.5;7.6;2.1;5.0;3.1;2.1;0.73;
sainsburys-cheese---red-onion-soya---potato-snacks--be-good-to-yourself-5x22g;Sainsbury's Cheese & Red Onion Soya & Potato Snacks, Be Good To Yourself 5x22g;£1.30/unit;£1.18/100g;Crisps, nuts & snacking fruit;crisps;387;19.6;60.0;5.0;6.0;0.8;7.2;1.50;
sainsburys-cheese---red-onion-soya---potato-snacks--be-good-to-yourself-5x22g;Sainsbury's Cheese & Red Onion Soya & Potato Snacks, Be Good To Yourself 5x22g;£1.30/unit;£1.18/100g;Crisps, nuts & snacking fruit;healthier-snacks-12459-44;387;19.6;60.0;5.0;6.0;0.8;7.2;1.50;
sainsburys-cheese---tomato-12-pizza--basics;Sainsbury's Cheese & Tomato Pizza, Basics 12'' 440g;£1.55/unit;£3.52/kg;Pizza, pasta & garlic bread;pizza;281;12.6;34.9;3.6;9.8;4.1;1.2;0.95;
sainsburys-cheese---tomato-12-pizza--basics;Sainsbury's Cheese & Tomato Pizza, Basics 12'' 440g;£1.55/unit;£3.52/kg;Vegetarian & meat free;vegetarian-meat-free-pizza-pasta;281;12.6;34.9;3.6;9.8;4.1;1.2;0.95;
sainsburys-cheese---tomato-7-pizza--basics;Sainsbury's Cheese & TomatoPizza, Basics  7'' 119g;£0.55/unit;£4.62/kg;Pizza, pasta & garlic bread;pizza;307;13.7;40.9;3.0;9.5;4.3;1.4;1.05;
sainsburys-cheese---tomato-7-pizza--basics;Sainsbury's Cheese & TomatoPizza, Basics  7'' 119g;£0.55/unit;£4.62/kg;Vegetarian & meat free;vegetarian-meat-free-pizza-pasta;307;13.7;40.9;3.0;9.5;4.3;1.4;1.05;
sainsburys-cheese---tomato-flatbread-300g;Sainsbury's Tomato & Cheese Flatbread 300g;£1.60/unit;£0.53/100g;Bread;bread-from-our-bakery2;null;null;null;null;null;null;null;null;
sainsburys-cheese---tomato-flatbread-300g;Sainsbury's Tomato & Cheese Flatbread 300g;£1.60/unit;£0.53/100g;From our in store bakery;bread-from-our-bakery;null;null;null;null;null;null;null;null;
sainsburys-cheese---tomato-flatbread;Sainsbury's Cheese & Tomato Flatbread 225g;£1.30/unit;£0.58/100g;Naan, ciabatta & breads of the world;naan-ciabatta-breads-of-the-world;284;11.6;42.4;3.4;7.0;2.8;2.2;1.13;
sainsburys-cheese---tomato-pasta-300g;Sainsbury's Cheese & Tomato Pasta Salad 300g;£2.00/unit;£0.67/100g;Coleslaw, olives, salads & dips;coleslaw-salads;181;5.2;25.4;4.6;6.2;1.7;1.6;0.70;
sainsburys-cheese---tomato-pasta-300g;Sainsbury's Cheese & Tomato Pasta Salad 300g;£2.00/unit;£0.67/100g;Fresh salad;dressings-coleslaw-accompaniments;181;5.2;25.4;4.6;6.2;1.7;1.6;0.70;
sainsburys-cheese---tomato-pasta-300g;Sainsbury's Cheese & Tomato Pasta Salad 300g;£2.00/unit;£0.67/100g;Prepared & ready to eat;prepared-salad-herbs;181;5.2;25.4;4.6;6.2;1.7;1.6;0.70;
sainsburys-cheese---tomato-pasta-300g;Sainsbury's Cheese & Tomato Pasta Salad 300g;£2.00/unit;£0.67/100g;Soup & lunchtime snacks;lunchtime-snacks;181;5.2;25.4;4.6;6.2;1.7;1.6;0.70;
sainsburys-cheese---tomato-pizza--basics-243g;Sainsbury's Cheese & Tomato Pizza, Basics 243g;£0.65/unit;£2.67/kg;Pizza & garlic bread;frozen-pizza-garlic-bread;265;8.8;40;3.4;7.3;3.3;2.8;0.91;
sainsburys-cheese---tomato-ravioli-410g;Sainsbury's Cheese & Tomato Ravioli 410g;£0.65/unit;£1.59/kg;Canned, tinned & packaged foods;baked-beans-canned-pasta;85;3.5;15.0;4.0;1.0;0.3;0.9;0.63;
sainsburys-cheese-balls-140g;Sainsbury's Cheese Balls 140g;£1.00/unit;£0.71/100g;Crisps, nuts & snacking fruit;crisps;530;5.7;58.8;6.9;30.1;3.3;0.8;1.83;
sainsburys-cheese-balls-140g;Sainsbury's Cheese Balls 140g;£1.00/unit;£0.71/100g;Crisps, nuts & snacking fruit;party-nibbles-bites;530;5.7;58.8;6.9;30.1;3.3;0.8;1.83;
sainsburys-cheese-baton;Sainsbury's Cheese Baton;£0.45/unit;£0.45/ea;Baguettes & part baked bread;baguettes-part-baked-bread;null;null;null;null;null;null;null;null;
sainsburys-cheese-baton;Sainsbury's Cheese Baton;£0.45/unit;£0.45/ea;From our in store bakery;baguettes-from-our-bakery;null;null;null;null;null;null;null;null;
sainsburys-cheese-coleslaw-300g;Sainsbury's Cheese Coleslaw 300g;£1.00/unit;£0.33/100g;Coleslaw, olives, salads & dips;coleslaw-salads;246;3.8;6.5;5.6;22.4;6.3;1.4;0.95;
sainsburys-cheese-coleslaw-300g;Sainsbury's Cheese Coleslaw 300g;£1.00/unit;£0.33/100g;Fresh salad;dressings-coleslaw-accompaniments;246;3.8;6.5;5.6;22.4;6.3;1.4;0.95;
sainsburys-cheese-coleslaw-300g;Sainsbury's Cheese Coleslaw 300g;£1.00/unit;£0.33/100g;Prepared & ready to eat;prepared-salad-herbs;246;3.8;6.5;5.6;22.4;6.3;1.4;0.95;
sainsburys-cheese-coleslaw-300g;Sainsbury's Cheese Coleslaw 300g;£1.00/unit;£0.33/100g;Soup & lunchtime snacks;sandwich-fillers2;246;3.8;6.5;5.6;22.4;6.3;1.4;0.95;
sainsburys-cheese-coleslaw-300g;Sainsbury's Cheese Coleslaw 300g;£1.00/unit;£0.33/100g;Vegetarian & meat free;coleslaw--olives--salads---dips-30658-44;246;3.8;6.5;5.6;22.4;6.3;1.4;0.95;
sainsburys-cheese-collections-extra-matured-farmhouse-cheddar-170g;Sainsbury's Extra Matured Farmhouse Cheddar 170g;£3.00/unit;£17.65/kg;Cheese;cheddar-british-regional-cheese;411;24.9;0.5;0.5;34.5;21.6;0.5;1.72;
sainsburys-cheese-collections-goats-cheese-log-200g;Sainsbury's Goats' Cheese Log 200g;£3.00/unit;£16.67/kg;Cheese;healthier-choice-special-diet-cheese;295;21.0;1.0;1.0;23.0;16.3;0.5;1.50;
sainsburys-cheese-collections-manchego-150g;Sainsbury's Manchego 150g;£3.00/unit;£20.00/kg;Cheese;healthier-choice-special-diet-cheese;460;25.6;0.5;0.5;39.5;22.1;0.5;2.30;
sainsburys-cheese-collections-mature-blue-stilton-150g;Sainsbury's Mature Blue Stilton 150g;£3.00/unit;£20.00/kg;Cheese;cheddar-british-regional-cheese;410;23.7;0.5;0.5;35.0;23.0;0.5;2.07;
sainsburys-cheese-feast-stuffed-crust-10-quot%3B;Sainsbury's Stuffed Crust Cheese Feast Pizza 10" 470g;£3.50/unit;£7.45/kg;Pizza, pasta & garlic bread;pizza;294;14.3;30.8;4.3;12.0;5.5;2.9;1.23;
sainsburys-cheese-mini-crackers-200g;Sainsbury's Cheese Mini Crackers 200g;£1.30/unit;£0.65/100g;Biscuits & crackers;crackers-savoury-biscuits;461;7.9;68.5;6.2;16.7;1.9;2.4;1.38;
sainsburys-cheese-mini-crackers-200g;Sainsbury's Cheese Mini Crackers 200g;£1.30/unit;£0.65/100g;Crisps, nuts & snacking fruit;party-nibbles-bites;461;7.9;68.5;6.2;16.7;1.9;2.4;1.38;
sainsburys-cheese-mini-twists-125g;Sainsbury's Cheese Mini Twists 125g;£1.10/unit;£0.88/100g;Biscuits & crackers;crackers-savoury-biscuits;500;12.4;51.7;3.6;26.2;15.2;4.0;1.75;
sainsburys-cheese-puffs-125g;Sainsbury's Cheese Puffs 125g;£1.00/unit;£0.80/100g;Crisps, nuts & snacking fruit;crisps;538;5.8;55;11;33;4.2;0.9;2.1;
sainsburys-cheese-puffs-125g;Sainsbury's Cheese Puffs 125g;£1.00/unit;£0.80/100g;Crisps, nuts & snacking fruit;party-nibbles-bites;538;5.8;55;11;33;4.2;0.9;2.1;
sainsburys-cheese-puffs-6x18g;Sainsbury's Cheese Puffs 6x18g;£1.00/unit;£0.98/100g;Crisps, nuts & snacking fruit;crisps;524;5.9;62.3;9.3;27.9;3.3;0.5;2.17;
sainsburys-cheese-roll;Sainsbury's Cheese Roll;£0.40/unit;£0.40/ea;From our in store bakery;rolls-bagels-from-our-bakery;null;null;null;null;null;null;null;null;
sainsburys-cheese-roll;Sainsbury's Cheese Roll;£0.40/unit;£0.40/ea;Rolls;rolls;null;null;null;null;null;null;null;null;
sainsburys-cheese-savouries-250g;Sainsbury's Cheese Savouries 250g;£1.00/unit;£0.40/100g;Crisps, nuts & snacking fruit;party-nibbles-bites;527;11;50;4.1;31;12;3.0;1.9;
sainsburys-cheese-savoury-deli-filler-230g;Sainsbury's Cheese Savoury Deli Filler 230g;£1.65/unit;£0.72/100g;Cooked meats, pate & sandwich fillers;sandwich-fillers;338;8.5;6.3;1.0;30.7;8.2;1.1;0.91;
sainsburys-cheese-savoury-deli-filler-230g;Sainsbury's Cheese Savoury Deli Filler 230g;£1.65/unit;£0.72/100g;Soup & lunchtime snacks;sandwich-fillers2;338;8.5;6.3;1.0;30.7;8.2;1.1;0.91;
sainsburys-cheese-savoury-deli-filler-230g;Sainsbury's Cheese Savoury Deli Filler 230g;£1.65/unit;£0.72/100g;Vegetarian & meat free;deli-meat-alternatives;338;8.5;6.3;1.0;30.7;8.2;1.1;0.91;
sainsburys-cheese-selection--basics-320g;Sainsbury's Cheese Selection, Basics 320g;£3.30/unit;£10.31/kg;Cheese;cheddar-british-regional-cheese;383;21;11;8.0;28;19;0.5;1.3;
sainsburys-cheese-selection--taste-the-difference-590g;Sainsbury's Cheese Selection, Taste the Difference 590g;£8.00/unit;£13.56/kg;Cheese;cheeseboard-delights;410;23.7;0.5;0.5;35.0;23.0;0.5;2.07;
sainsburys-cheese-selection--taste-the-difference-590g;Sainsbury's Cheese Selection, Taste the Difference 590g;£8.00/unit;£13.56/kg;Cheese;organic-taste-the-difference-cheese;410;23.7;0.5;0.5;35.0;23.0;0.5;2.07;
sainsburys-cheese-singles-x10-200g;Sainsbury's Cheese Singles x10 200g;£1.20/unit;£6.00/kg;Cheese;sliced-grated-cheese;275;12.3;8.2;8.2;21.5;13.1;0.5;2.00;
sainsburys-cheese-singles-x10-200g;Sainsbury's Cheese Singles x10 200g;£1.20/unit;£6.00/kg;Cheese;snacking-lunchbox-cheese;275;12.3;8.2;8.2;21.5;13.1;0.5;2.00;
sainsburys-cheese-singles-x20-400g;Sainsbury's Cheese Singles x20 400g;£2.00/unit;£5.00/kg;Cheese;sliced-grated-cheese;275;12.3;8.2;8.2;21.5;13.1;0.5;2.00;
sainsburys-cheese-singles-x20-400g;Sainsbury's Cheese Singles x20 400g;£2.00/unit;£5.00/kg;Cheese;snacking-lunchbox-cheese;275;12.3;8.2;8.2;21.5;13.1;0.5;2.00;
sainsburys-cheese-slices--basics-x15-255g;Sainsbury's Cheese Slices, Basics x15 255g;£0.90/unit;£3.53/kg;Cheese;sliced-grated-cheese;269;14.3;4.5;4.3;21.5;9.7;0.5;2.00;
sainsburys-cheese-slices--basics-x15-255g;Sainsbury's Cheese Slices, Basics x15 255g;£0.90/unit;£3.53/kg;Cheese;snacking-lunchbox-cheese;269;14.3;4.5;4.3;21.5;9.7;0.5;2.00;
sainsburys-cheese-snack-mix-175g;Sainsbury's Cheese Snack Mix 175g;£2.00/unit;£1.14/100g;Crisps, nuts & snacking fruit;party-nibbles-bites;522;9.1;49.7;2.9;30.9;10.4;4.4;1.65;
sainsburys-cheese-spread--basics-200g;Sainsbury's Cheese Spread, Basics 200g;£0.60/unit;£3.00/kg;Cheese;snacking-lunchbox-cheese;169;11.0;11.0;8.5;9.0;5.7;0.5;1.90;
sainsburys-cheese-spread--basics-200g;Sainsbury's Cheese Spread, Basics 200g;£0.60/unit;£3.00/kg;Cheese;soft---spreadable;169;11.0;11.0;8.5;9.0;5.7;0.5;1.90;
sainsburys-cheese-topped-rolls-x4;Sainsbury's Cheese Topped Rolls x4;£0.65/unit;£0.16/ea;From our in store bakery;rolls-bagels-from-our-bakery;null;null;null;null;null;null;null;null;
sainsburys-cheese-topped-rolls-x4;Sainsbury's Cheese Topped Rolls x4;£0.65/unit;£0.16/ea;Rolls;rolls;null;null;null;null;null;null;null;null;
sainsburys-cheese-topped-straws--taste-the-difference-100g;Sainsbury's Cheese Topped Straws, Taste the Difference 100g;£1.50/unit;£1.50/100g;Biscuits & crackers;crackers-savoury-biscuits;497;15.1;50.5;3.5;26.0;15.3;0.4;2.36;
sainsburys-cheese-twists-125g;Sainsbury's Cheese Twists 125g;£1.00/unit;£0.80/100g;Biscuits & crackers;crackers-savoury-biscuits;511;13.0;49.0;4.0;28.5;15.5;3.0;1.90;
sainsburys-cheeseburger-pizza-12-quot%3B;Sainsbury's Cheeseburger Melt Pizza 12'' 575g;£3.50/unit;£6.09/kg;Pizza, pasta & garlic bread;pizza;280;11.0;29.7;5.0;12.5;3.7;2.6;1.00;
sainsburys-cheesy-bean-slice-180g;Sainsbury's Cheesy Bean Slice 180g;£1.00/unit;£0.56/100g;Pies, pasties & quiche;slices-pasties;292;8.0;26.1;4.1;16.8;7.8;2.4;0.84;
sainsburys-cheesy-bean-slice-180g;Sainsbury's Cheesy Bean Slice 180g;£1.00/unit;£0.56/100g;Soup & lunchtime snacks;lunchtime-snacks;292;8.0;26.1;4.1;16.8;7.8;2.4;0.84;
sainsburys-cheesy-curls-6x16g;Sainsbury's Cheesy Curls 6x16g;£1.00/unit;£0.98/100g;Crisps, nuts & snacking fruit;crisps;544;4.2;58.8;4.4;32.1;2.8;1.6;3.50;
sainsburys-cheesy-white-lasagne-sauce-500g;Sainsbury's Lasagne Sauce Cheesy White 500g;£0.95/unit;£0.20/100g;Cooking sauces & world foods;italian-cooking-sauces;138;3.3;5.5;0.5;11.4;4.8;0.5;0.83;
sainsburys-chelsea-bun-x4;Sainsbury's Chelsea Bun x4;£1.00/unit;£0.25/ea;Cakes;cakes-scones-fruited-buns;291;6.6;51.4;16.4;5.7;2.2;4.0;0.45;
sainsburys-chelsea-bun-x4;Sainsbury's Chelsea Bun x4;£1.00/unit;£0.25/ea;Scones, fruited & buns;scones-fruited-buns;291;6.6;51.4;16.4;5.7;2.2;4.0;0.45;
sainsburys-cherries-350g;Sainsbury's Cherries 350g;£4.25/unit;£12.14/kg;Fresh fruit;berries-cherries-currants;52;0.9;11.5;11.5;0.5;0.1;0.9;0.01;
sainsburys-cherries-loose;Sainsbury's Cherries Loose (approx. 500g);£12.95/kg;£12.95/kg;Fresh fruit;berries-cherries-currants;52;0.9;12;12;0.5;0.1;0.9;0.01;
sainsburys-cherry---amaretto-ice-cream--taste-the-difference-500ml;Sainsbury's Cherry & Amaretto Ice Cream, Taste the Difference 500ml;£3.25/unit;£0.65/100ml;Ice cream & desserts;ice-cream-tubs;205;4.3;22.9;22.9;10.7;7.1;0.5;0.10;
sainsburys-cherry-bakewell-tart--taste-the-difference-418g;Sainsbury's Cherry Bakewell Tart, Taste the Difference 418g;£4.00/unit;£0.96/100g;Desserts & cream;desserts;341;5.6;43.7;24.7;15.4;7.8;2.5;0.05;
sainsburys-cherry-bakewells-240g;Sainsbury's Cherry Bakewells 240g;£1.00/unit;£0.17/ea;Cakes;slices-pies-tarts;424;3.6;62.9;36.2;17.0;6.5;2.7;0.35;
sainsburys-cherry-juice-drink-1l;Sainsbury's Cherry Juice Drink 1L;£1.00/unit;£0.10/100ml;Chilled fruit juice & smoothies;chilled-fruit-juice;43;0.5;10.3;10.3;0.5;0.1;0.5;0.01;
sainsburys-cherry-madeira-cake;Sainsbury's Cherry Madeira Cake;£1.30/unit;£0.46/100g;Cakes;sponge-slab-loaf-cakes;362;4.6;62;37;10;5.1;1.3;0.53;
sainsburys-cherry-pie-550g;Sainsbury's Cherry Pie 550g;£2.75/unit;£0.50/100g;Desserts & cream;desserts;295;3.8;43;23;12;5.5;2.0;0.05;
sainsburys-cherry-punnet-225g;Sainsbury's Cherry Punnet 225g;£3.00/unit;£13.33/kg;Fresh fruit;berries-cherries-currants;52;0.9;12;12;0.5;0.1;0.9;0.5;
sainsburys-cherry-scones-x4;Sainsbury's Scones, Cherry x4;£1.00/unit;£0.25/ea;Cakes;cakes-from-our-bakery-12374-44;null;null;null;null;null;null;null;null;
sainsburys-cherry-scones-x4;Sainsbury's Scones, Cherry x4;£1.00/unit;£0.25/ea;From our in store bakery;cakes-from-our-bakery;null;null;null;null;null;null;null;null;
sainsburys-cherry-tomato---chilli-pasta-sauce--taste-the-difference-330g;Sainsbury's Pasta Sauce, Cherry Tomato & Chilli, Taste the Difference 330g;£1.40/unit;£0.42/100g;Cooking sauces & world foods;italian-cooking-sauces;88;2.1;5.9;5.9;5.6;0.9;2.8;1.08;
sainsburys-cherry-tomato-paste-with-basil--taste-the-difference-150g;Sainsbury's Cherry Tomato Paste With Basil, Taste the Difference 150g;£0.70/unit;£4.67/kg;Canned, tinned & packaged foods;canned-tinned-packaged-tomatoes;102;4.0;19.0;12.1;0.5;0.1;3.0;1.15;
sainsburys-cherry-tomatoes--taste-the-difference-400g;Sainsbury's Cherry Tomatoes, Taste the Difference 400g;£0.80/unit;£2.00/kg;Canned, tinned & packaged foods;canned-tinned-packaged-tomatoes;25;1.4;4.0;3.8;0.5;0.1;0.9;0.03;
sainsburys-cherry-tomatoes-335g;Sainsbury's Cherry Tomatoes 335g;£0.80/unit;£2.39/kg;Fresh salad;fresh-salad-tomatoes;20;0.7;3.1;3.1;0.5;0.1;1.0;0.02;
sainsburys-cherry-tomatoes-335g;Sainsbury's Cherry Tomatoes 335g;£0.80/unit;£2.39/kg;Fresh vegetables;baby-vegetables;20;0.7;3.1;3.1;0.5;0.1;1.0;0.02;
sainsburys-cherry-tomatoes-335g;Sainsbury's Cherry Tomatoes 335g;£0.80/unit;£2.39/kg;Fresh vegetables;fresh-vegetables-tomatoes;20;0.7;3.1;3.1;0.5;0.1;1.0;0.02;
sainsburys-cherry-tomatoes-650g;Sainsbury's Cherry Tomatoes 650g;£1.50/unit;£2.31/kg;Fresh salad;fresh-salad-tomatoes;20;0.7;3.1;3.1;0.5;0.1;1.0;0.02;
sainsburys-cherry-tomatoes-650g;Sainsbury's Cherry Tomatoes 650g;£1.50/unit;£2.31/kg;Fresh vegetables;baby-vegetables;20;0.7;3.1;3.1;0.5;0.1;1.0;0.02;
sainsburys-cherry-tomatoes-650g;Sainsbury's Cherry Tomatoes 650g;£1.50/unit;£2.31/kg;Fresh vegetables;fresh-vegetables-tomatoes;20;0.7;3.1;3.1;0.5;0.1;1.0;0.02;
sainsburys-cherry-tomatoes-on-the-vine-225g;Sainsbury's Cherry Tomatoes On The Vine 225g;£1.20/unit;£5.33/kg;Fresh salad;fresh-salad-tomatoes;20;0.7;3.1;3.1;0.5;0.1;1.0;0.02;
sainsburys-cherry-tomatoes-on-the-vine-225g;Sainsbury's Cherry Tomatoes On The Vine 225g;£1.20/unit;£5.33/kg;Fresh vegetables;baby-vegetables;20;0.7;3.1;3.1;0.5;0.1;1.0;0.02;
sainsburys-cherry-tomatoes-on-the-vine-225g;Sainsbury's Cherry Tomatoes On The Vine 225g;£1.20/unit;£5.33/kg;Fresh vegetables;fresh-vegetables-tomatoes;20;0.7;3.1;3.1;0.5;0.1;1.0;0.02;
sainsburys-chestnut---hazelnut-stuffing-mix--taste-the-difference-110g;Sainsbury's Chestnut & Hazelnut Stuffing Mix, Taste the Difference 110g;£1.35/unit;£12.27/kg;Cooking ingredients & oils;stuffing;178;5.0;30.0;3.2;3.3;0.3;3.9;0.70;
sainsburys-chestnut-closed-cup-mushrooms-450g;Sainsbury's Closed Cup Chestnut Mushrooms 450g;£1.70/unit;£3.78/kg;Fresh vegetables;mushrooms;16;1.8;0.5;0.5;0.5;0.1;1.1;0.5;
sainsburys-chestnut-mushrooms--so-organic-250g;Sainsbury's Chestnut Mushrooms, SO Organic 250g;£1.25/unit;£5.00/kg;Fresh vegetables;mushrooms;16;1.8;0.5;0.5;0.5;0.1;1.1;0.5;
sainsburys-chestnut-mushrooms--so-organic-250g;Sainsbury's Chestnut Mushrooms, SO Organic 250g;£1.25/unit;£5.00/kg;Organic;organic;16;1.8;0.5;0.5;0.5;0.1;1.1;0.5;
sainsburys-chestnut-smoked-salmon--taste-the-difference-120g;Sainsbury's Scottish Chestnut Smoked Salmon, Taste the Difference 120g;£4.50/unit;£3.75/100g;Fish & seafood;canapes-snacking;156;23.0;1.0;0.6;6.7;1.5;0.6;2.78;
sainsburys-chestnut-smoked-salmon--taste-the-difference-120g;Sainsbury's Scottish Chestnut Smoked Salmon, Taste the Difference 120g;£4.50/unit;£3.75/100g;Fish & seafood;smoked-fish;156;23.0;1.0;0.6;6.7;1.5;0.6;2.78;
sainsburys-chewy---crisp-roasted-nut-bar-8x26g;Sainsbury's Chewy & Crisp Roasted Nut Bar 8x26g;£1.30/unit;£0.63/100g;Biscuits & crackers;biscuits-crackers-kids-lunchbox;458;8.5;60.7;26.8;19.4;7.0;3.2;0.43;
sainsburys-chewy---crisp-roasted-nut-bar-8x26g;Sainsbury's Chewy & Crisp Roasted Nut Bar 8x26g;£1.30/unit;£0.63/100g;Biscuits & crackers;cereal-bars-breakfast-biscuits;458;8.5;60.7;26.8;19.4;7.0;3.2;0.43;
sainsburys-chewy---crisp-roasted-nut-bar-8x26g;Sainsbury's Chewy & Crisp Roasted Nut Bar 8x26g;£1.30/unit;£0.63/100g;Biscuits & crackers;healthier-biscuits-crackers;458;8.5;60.7;26.8;19.4;7.0;3.2;0.43;
sainsburys-chewy---crisp-roasted-nut-bar-8x26g;Sainsbury's Chewy & Crisp Roasted Nut Bar 8x26g;£1.30/unit;£0.63/100g;Breakfast cereals;breakfast-cereal-bars-breakfast-biscuits;458;8.5;60.7;26.8;19.4;7.0;3.2;0.43;
sainsburys-chewy-chocolate-chip-8x26g;Sainsbury's Chewy Chocolate Chip & Nut Bar 8x26g;£1.30/unit;£0.63/100g;Biscuits & crackers;biscuits-crackers-kids-lunchbox;448;7.4;64.2;28.5;17.3;6.9;2.9;0.45;
sainsburys-chewy-chocolate-chip-8x26g;Sainsbury's Chewy Chocolate Chip & Nut Bar 8x26g;£1.30/unit;£0.63/100g;Biscuits & crackers;cereal-bars-breakfast-biscuits;448;7.4;64.2;28.5;17.3;6.9;2.9;0.45;
sainsburys-chewy-chocolate-chip-8x26g;Sainsbury's Chewy Chocolate Chip & Nut Bar 8x26g;£1.30/unit;£0.63/100g;Biscuits & crackers;healthier-biscuits-crackers;448;7.4;64.2;28.5;17.3;6.9;2.9;0.45;
sainsburys-chewy-chocolate-chip-8x26g;Sainsbury's Chewy Chocolate Chip & Nut Bar 8x26g;£1.30/unit;£0.63/100g;Breakfast cereals;breakfast-cereal-bars-breakfast-biscuits;448;7.4;64.2;28.5;17.3;6.9;2.9;0.45;
sainsburys-chick---prawn-yaki-udon-noodles-380g;Sainsbury's Chicken & Prawn Yaki Udon Noodles 380g;£3.00/unit;£7.89/kg;Ready meals;healthier-choice-ready-meals;133;7.4;13.7;3.0;4.6;0.8;3.8;0.58;
sainsburys-chick---prawn-yaki-udon-noodles-380g;Sainsbury's Chicken & Prawn Yaki Udon Noodles 380g;£3.00/unit;£7.89/kg;Ready meals;meals-for-1-ready-meals;133;7.4;13.7;3.0;4.6;0.8;3.8;0.58;
sainsburys-chick---prawn-yaki-udon-noodles-380g;Sainsbury's Chicken & Prawn Yaki Udon Noodles 380g;£3.00/unit;£7.89/kg;Ready meals;oriental-ready-meals;133;7.4;13.7;3.0;4.6;0.8;3.8;0.58;
sainsburys-chick-peas-500g;Sainsbury's Chickpeas 500g;£1.10/unit;£2.20/kg;Canned, tinned & packaged foods;pulses-beans;134;8.4;18.2;1.0;2.1;0.2;4.3;0;
sainsburys-chick-peas-in-water-410g;Sainsbury's Chickpeas in Water 400g (240g*);£0.60/unit;£2.50/kg;Canned, tinned & packaged foods;pulses-beans;122;7.7;16.5;0.5;1.4;0.2;6.1;0.03;
sainsburys-chick-peas-so-organic-380g;Sainsbury's Chickpeas SO Organic 380g (230g*);£0.75/unit;£3.26/kg;Canned, tinned & packaged foods;pulses-beans;113;6.7;12.2;0.5;2.3;0.3;8.6;0.03;
sainsburys-chicken---bacon-layered-salad-360g;Sainsbury's Chicken & Bacon Layered Salad 360g;£2.50/unit;£0.69/100g;Coleslaw, olives, salads & dips;coleslaw-salads;134;6.0;12.3;3.3;6.4;0.9;1.7;0.30;
sainsburys-chicken---bacon-layered-salad-360g;Sainsbury's Chicken & Bacon Layered Salad 360g;£2.50/unit;£0.69/100g;Fresh salad;fresh-salad-prepared-ready-to-eat;134;6.0;12.3;3.3;6.4;0.9;1.7;0.30;
sainsburys-chicken---bacon-layered-salad-360g;Sainsbury's Chicken & Bacon Layered Salad 360g;£2.50/unit;£0.69/100g;Soup & lunchtime snacks;lunchtime-snacks;134;6.0;12.3;3.3;6.4;0.9;1.7;0.30;
sainsburys-chicken---bacon-layered-salad-380g-7722310-p-44;Sainsbury's Chicken & Bacon Layered Salad 380g;£2.50/unit;£0.66/100g;Coleslaw, olives, salads & dips;coleslaw-salads;123;6.3;13.5;2.6;4.6;0.9;1.3;0.58;
sainsburys-chicken---bacon-layered-salad-380g-7722310-p-44;Sainsbury's Chicken & Bacon Layered Salad 380g;£2.50/unit;£0.66/100g;Soup & lunchtime snacks;lunchtime-snacks;123;6.3;13.5;2.6;4.6;0.9;1.3;0.58;
sainsburys-chicken---bacon-pasta-bake-430g;Sainsbury's Chicken & Bacon Pasta Bake 430g;£2.30/unit;£5.35/kg;Ready meals;italian-ready-meals;139;7.6;10.9;1.8;6.1;3.1;5.5;0.75;
sainsburys-chicken---bacon-pasta-bake-430g;Sainsbury's Chicken & Bacon Pasta Bake 430g;£2.30/unit;£5.35/kg;Ready meals;meals-for-1-ready-meals;139;7.6;10.9;1.8;6.1;3.1;5.5;0.75;
sainsburys-chicken---broccoli-crispbakes-270g;Sainsbury's Chicken & Broccoli Crispbakes 270g;£2.00/unit;£7.41/kg;Breaded & coated;breaded-coated-chicken-turkey-pork;235;9.4;19.1;3.2;13.0;2.0;1.8;0.63;
sainsburys-chicken---broccoli-crispbakes-270g;Sainsbury's Chicken & Broccoli Crispbakes 270g;£2.00/unit;£7.41/kg;Great prices on meat & fish;great-prices-on-meat---fish;235;9.4;19.1;3.2;13.0;2.0;1.8;0.63;
sainsburys-chicken---chilli-spring-rolls-x4-200g;Sainsbury's Chicken & Chilli Spring Rolls x4 200g;£2.40/unit;£12.00/kg;Ready meals;oriental-ready-meals;264;7.1;25.6;2.8;14.3;1.9;2.0;0.57;
sainsburys-chicken---chorizo-12-pizza--taste-the-difference-515g;Sainsbury's Chicken & Chorizo Pizza, Taste the Difference 12'' 555g;£5.00/unit;£9.01/kg;Pizza, pasta & garlic bread;pizza;261;12.7;30.2;2.2;9.3;4.0;2.7;0.93;
sainsburys-chicken---chorizo-crispbakes-x2-300g;Sainsbury's Chicken & Chorizo Crispbakes x2 300g;£2.25/unit;£7.50/kg;Breaded & coated;breaded-coated-chicken-turkey-pork;251;10.9;22.6;2.0;12.7;1.9;1.6;0.78;
sainsburys-chicken---chorizo-ravioli--taste-the-difference-250g;Sainsbury's Chicken & Chorizo Ravioli, Taste the Difference 250g;£2.50/unit;£10.00/kg;Pizza, pasta & garlic bread;fresh-pasta-sauces;192;9.6;19.5;1.9;7.9;2.3;2.4;0.75;
sainsburys-chicken---gravy-shortcrust-pastry-pie-235g;Sainsbury's Chicken & Gravy Shortcrust Pastry Pie 235g;£2.00/unit;£0.85/100g;Pies, pasties & quiche;hot-cold-pies;259;12.5;19.7;1.0;14.2;5.1;1.5;0.65;
sainsburys-chicken---gravy-shortcrust-pastry-pie-550g;Sainsbury's Chicken & Gravy Shortcrust Pastry Pie 550g;£3.60/unit;£0.65/100g;Pies, pasties & quiche;hot-cold-pies;300;10.8;22.7;1.4;18.1;6.8;1.7;0.68;
sainsburys-chicken---gravy-shortcrust-pastry-pie-550g;Sainsbury's Chicken & Gravy Shortcrust Pastry Pie 550g;£3.60/unit;£0.65/100g;Ready meals;british-ready-meals;300;10.8;22.7;1.4;18.1;6.8;1.7;0.68;
sainsburys-chicken---ham-puff-pastry-pie--taste-the-difference-250g;Sainsbury's Chicken & Ham Puff Pastry Pie, Taste the Difference 250g;£3.00/unit;£1.20/100g;Pies, pasties & quiche;hot-cold-pies;276;11.4;21.9;1.5;15.5;8.8;1.8;0.66;
sainsburys-chicken---leek-slice-500g-7583902-p-44;Sainsbury's Chicken & Leek Slice 500g;£3.00/unit;£0.60/100g;Pies, pasties & quiche;slices-pasties;245;8.4;21.7;1.4;13.5;5.5;1.8;0.28;
sainsburys-chicken---leek-slice-500g-7583902-p-44;Sainsbury's Chicken & Leek Slice 500g;£3.00/unit;£0.60/100g;Soup & lunchtime snacks;lunchtime-snacks;245;8.4;21.7;1.4;13.5;5.5;1.8;0.28;
sainsburys-chicken---madeira-wine--be-good-to-yourself-400g;Sainsbury's Chicken & Madeira Wine, Be Good To Yourself 400g;£3.00/unit;£7.50/kg;Ready meals;healthier-choice-ready-meals;96;6.8;13.1;2.0;1.6;0.5;1.3;0.38;
sainsburys-chicken---madeira-wine--be-good-to-yourself-400g;Sainsbury's Chicken & Madeira Wine, Be Good To Yourself 400g;£3.00/unit;£7.50/kg;Ready meals;meals-for-1-ready-meals;96;6.8;13.1;2.0;1.6;0.5;1.3;0.38;
sainsburys-chicken---madeira-wine--be-good-to-yourself-400g;Sainsbury's Chicken & Madeira Wine, Be Good To Yourself 400g;£3.00/unit;£7.50/kg;Soup & lunchtime snacks;lunchtime-snacks;96;6.8;13.1;2.0;1.6;0.5;1.3;0.38;
sainsburys-chicken---mushroom-350g;Sainsbury's Chicken & Mushroom 350g;£3.30/unit;£9.43/kg;Ready meals;oriental-ready-meals;90;8.2;6.3;4.0;2.8;0.3;3.4;0.93;
sainsburys-chicken---mushroom-casserole-400g;Sainsbury's Chicken & Mushroom Casserole 400g;£1.50/unit;£3.75/kg;Canned, tinned & packaged foods;canned-tinned-packaged-hot-meat-meals;114;11.7;3.3;0.5;5.8;2.0;1.0;0.65;
sainsburys-chicken---mushroom-marsala--taste-the-difference-400g;Sainsbury's Chicken & Mushroom Marsala, Taste the Difference 400g;£3.30/unit;£8.25/kg;Ready meals;italian-ready-meals;109;7.6;10.8;2.7;3.3;1.1;2.8;0.53;
sainsburys-chicken---mushroom-marsala--taste-the-difference-400g;Sainsbury's Chicken & Mushroom Marsala, Taste the Difference 400g;£3.30/unit;£8.25/kg;Ready meals;meals-for-1-ready-meals;109;7.6;10.8;2.7;3.3;1.1;2.8;0.53;
sainsburys-chicken---mushroom-marsala--taste-the-difference-400g;Sainsbury's Chicken & Mushroom Marsala, Taste the Difference 400g;£3.30/unit;£8.25/kg;Ready meals;taste-the-difference-bistro-ready-meals;109;7.6;10.8;2.7;3.3;1.1;2.8;0.53;
sainsburys-chicken---mushroom-noodle-pot-90g;Sainsbury's Noodle Pot, Chicken & Mushroom 90g;£0.70/unit;£7.78/kg;Cooking sauces & world foods;world-foods-instant-snack-meals;145;3.6;22.4;2.2;4.2;1.8;1.4;0.48;
sainsburys-chicken---mushroom-noodle-pot-90g;Sainsbury's Noodle Pot, Chicken & Mushroom 90g;£0.70/unit;£7.78/kg;Rice, pasta & noodles;instant-snack-meals;145;3.6;22.4;2.2;4.2;1.8;1.4;0.48;
sainsburys-chicken---mushroom-pie--be-good-to-yourself-400g;Sainsbury's Chicken & Mushroom Pie, Be Good To Yourself 400g;£2.40/unit;£6.00/kg;Ready meals;british-ready-meals;92;6.6;11.1;0.6;2.1;0.9;1.2;0.32;
sainsburys-chicken---mushroom-pie--be-good-to-yourself-400g;Sainsbury's Chicken & Mushroom Pie, Be Good To Yourself 400g;£2.40/unit;£6.00/kg;Ready meals;healthier-choice-ready-meals;92;6.6;11.1;0.6;2.1;0.9;1.2;0.32;
sainsburys-chicken---mushroom-pie--be-good-to-yourself-400g;Sainsbury's Chicken & Mushroom Pie, Be Good To Yourself 400g;£2.40/unit;£6.00/kg;Ready meals;meals-for-1-ready-meals;92;6.6;11.1;0.6;2.1;0.9;1.2;0.32;
sainsburys-chicken---mushroom-pies-x4-600g;Sainsbury's Chicken & Mushroom Pies x4 600g;£2.00/unit;£0.33/100g;Ready meals & pies;frozen-pies;257;8.6;21.1;1.8;14.9;5.3;1.9;0.41;
sainsburys-chicken---mushroom-puff-pastry-pie-150g;Sainsbury's Chicken & Mushroom Puff Pastry Pie 150g;£0.70/unit;£0.47/100g;Pies, pasties & quiche;hot-cold-pies;278;9.0;22.1;3.0;16.7;7.4;1.5;0.49;
sainsburys-chicken---mushroom-puff-pastry-slices-x2-330g;Sainsbury's Chicken & Mushroom Puff Pastry Slices x2 330g;£1.80/unit;£0.55/100g;Pies, pasties & quiche;slices-pasties;268;8.3;21.7;1.8;15.9;7.4;2.5;0.53;
sainsburys-chicken---porcini-mushroom-pie--taste-the-difference-250g;Sainsbury's Chicken & Porcini Mushroom Pie, Taste the Difference 250g;£3.00/unit;£1.20/100g;Pies, pasties & quiche;hot-cold-pies;287;9.5;22.4;1.5;17.3;10.2;1.8;0.54;
sainsburys-chicken---spinach-filo-pie--taste-the-difference-380g;Sainsbury's Chicken & Spinach Filo Pie, Taste the Difference 380g;£3.30/unit;£8.68/kg;Pies, pasties & quiche;hot-cold-pies;135;9.0;11.0;6.2;5.5;2.9;2.7;0.38;
sainsburys-chicken---spinach-filo-pie--taste-the-difference-380g;Sainsbury's Chicken & Spinach Filo Pie, Taste the Difference 380g;£3.30/unit;£8.68/kg;Ready meals;british-ready-meals;135;9.0;11.0;6.2;5.5;2.9;2.7;0.38;
sainsburys-chicken---spinach-filo-pie--taste-the-difference-380g;Sainsbury's Chicken & Spinach Filo Pie, Taste the Difference 380g;£3.30/unit;£8.68/kg;Ready meals;meals-for-1-ready-meals;135;9.0;11.0;6.2;5.5;2.9;2.7;0.38;
sainsburys-chicken---spinach-filo-pie--taste-the-difference-380g;Sainsbury's Chicken & Spinach Filo Pie, Taste the Difference 380g;£3.30/unit;£8.68/kg;Ready meals;taste-the-difference-bistro-ready-meals;135;9.0;11.0;6.2;5.5;2.9;2.7;0.38;
sainsburys-chicken---stuffing-deli-filler-230g;Sainsbury's Chicken & Stuffing Deli Filler 230g;£1.65/unit;£0.72/100g;Cooked meats, pate & sandwich fillers;sandwich-fillers;235;12.9;7.5;1.2;16.8;1.8;1.0;0.69;
sainsburys-chicken---stuffing-deli-filler-230g;Sainsbury's Chicken & Stuffing Deli Filler 230g;£1.65/unit;£0.72/100g;Soup & lunchtime snacks;sandwich-fillers2;235;12.9;7.5;1.2;16.8;1.8;1.0;0.69;
sainsburys-chicken---sweetcorn-rice-250g;Sainsbury's Chicken & Sweetcorn Rice 250g;£0.50/unit;£2.00/kg;Rice, pasta & noodles;rice-12592-44;163;3.9;31.2;0.9;2.1;0.3;1.9;0.48;
sainsburys-chicken---sweetcorn-soup-600g;Sainsbury's Chicken & Sweetcorn Soup 600g;£1.40/unit;£0.23/100g;Soup & lunchtime snacks;fresh-soups;54;3.4;5.9;1.9;1.7;1.0;0.6;0.50;
sainsburys-chicken---tarragon-cup-soup-88g-%284x22g%29;Sainsbury's Chicken & Tarragon Cup Soup 4x22g;£0.90/unit;£1.02/100g;Canned, tinned & packaged foods;soups;43;1.8;7.0;1.0;0.7;0.3;0.5;0.55;
sainsburys-chicken---vegetable-broth-600g;Sainsbury's Chicken & Vegetable Broth 600g;£1.40/unit;£0.23/100g;Soup & lunchtime snacks;fresh-soups;36;3.3;3.6;1.4;0.8;0.2;0.7;0.43;
sainsburys-chicken---vegetable-pies--basics-x4-484g;Sainsbury's Chicken & Vegetable Pies, Basics x4 484g;£1.00/unit;£2.07/kg;Ready meals & pies;frozen-pies;224;7.6;27.5;1.9;8.8;3.9;2.2;0.54;
sainsburys-chicken---white-wine-puff-pastry-pie-550g;Sainsbury's Chicken & White Wine Puff Pastry Pie 550g;£3.60/unit;£0.65/100g;Pies, pasties & quiche;hot-cold-pies;267;9.0;23.4;2.9;14.9;6.5;1.5;0.65;
sainsburys-chicken---white-wine-puff-pastry-pie-550g;Sainsbury's Chicken & White Wine Puff Pastry Pie 550g;£3.60/unit;£0.65/100g;Ready meals;british-ready-meals;267;9.0;23.4;2.9;14.9;6.5;1.5;0.65;
sainsburys-chicken--bacon---sweetcorn-deli-filler-230g;Sainsbury's Chicken, Bacon & Sweetcorn Deli Filler 230g;£1.65/unit;£0.72/100g;Cooked meats, pate & sandwich fillers;sandwich-fillers;208;12.8;4.7;2.4;15.2;1.8;0.6;0.99;
sainsburys-chicken--bacon---sweetcorn-deli-filler-230g;Sainsbury's Chicken, Bacon & Sweetcorn Deli Filler 230g;£1.65/unit;£0.72/100g;Soup & lunchtime snacks;sandwich-fillers2;208;12.8;4.7;2.4;15.2;1.8;0.6;0.99;
sainsburys-chicken--ham-hock---leek-pies-x2-404g;Sainsbury's Chicken, Ham Hock & Leek Pies x2 404g;£3.00/unit;£0.74/100g;Ready meals & pies;frozen-pies;273;10.3;23.4;0.8;14.9;6.8;2.5;0.68;
sainsburys-chicken--potato---pesto--taste-the-difference-800g;Sainsbury's Creamy Basil Chicken with Potatoes, Taste the Difference Bistro 800g;£6.00/unit;£7.50/kg;Ready meals;british-ready-meals;115;10.0;3.2;2.9;6.0;2.0;4.3;0.58;
sainsburys-chicken--potato---pesto--taste-the-difference-800g;Sainsbury's Creamy Basil Chicken with Potatoes, Taste the Difference Bistro 800g;£6.00/unit;£7.50/kg;Ready meals;taste-the-difference-bistro-ready-meals;115;10.0;3.2;2.9;6.0;2.0;4.3;0.58;
sainsburys-chicken-arrabiata-meal-soup-400g;Sainsbury's Chicken Arrabiata Meal Soup 400g;£1.40/unit;£0.35/100g;Soup & lunchtime snacks;fresh-soups;58;4.1;6.3;4.2;1.5;0.3;1.5;0.37;
sainsburys-chicken-arrabiata-meal-soup-400g;Sainsbury's Chicken Arrabiata Meal Soup 400g;£1.40/unit;£0.35/100g;Soup & lunchtime snacks;lunchtime-snacks;58;4.1;6.3;4.2;1.5;0.3;1.5;0.37;
sainsburys-chicken-balti-%28medium---aromatic%29-400g;Sainsbury's Chicken Balti (medium & aromatic) 400g;£3.30/unit;£8.25/kg;Ready meals;indian-ready-meals;116;9.3;6.1;3.6;5.6;0.5;2.0;0.65;
sainsburys-chicken-balti---pilau-rice-%28medium---aromatic%29-500g;Sainsbury's Chicken Balti & Pilau Rice (medium & aromatic) 500g;£3.00/unit;£6.00/kg;Ready meals;indian-ready-meals;153;6.7;19.3;1.9;5.0;0.5;1.9;0.57;
sainsburys-chicken-balti---pilau-rice-%28medium---aromatic%29-500g;Sainsbury's Chicken Balti & Pilau Rice (medium & aromatic) 500g;£3.00/unit;£6.00/kg;Ready meals;meals-for-1-ready-meals;153;6.7;19.3;1.9;5.0;0.5;1.9;0.57;
sainsburys-chicken-balti-400g;Sainsbury's Chicken Balti 400g;£1.50/unit;£3.75/kg;Canned, tinned & packaged foods;canned-tinned-packaged-hot-meat-meals;96;11.0;3.3;1.7;3.7;0.4;2.8;0.55;
sainsburys-chicken-balti-meal-soup-400g;Sainsbury's Chicken Balti Meal Soup 400g;£1.40/unit;£0.35/100g;Soup & lunchtime snacks;fresh-soups;61;3.9;6.3;3.9;1.8;0.2;1.8;0.43;
sainsburys-chicken-balti-meal-soup-400g;Sainsbury's Chicken Balti Meal Soup 400g;£1.40/unit;£0.35/100g;Soup & lunchtime snacks;lunchtime-snacks;61;3.9;6.3;3.9;1.8;0.2;1.8;0.43;
sainsburys-chicken-bite-snack-bag-x5-60g;Sainsbury's Chicken Bites Snack Bag x5 60g;£0.65/unit;£1.08/100g;Pies, pasties & quiche;sausage-rolls-savouries;315;10.9;29.2;1.3;17.1;3.2;0.5;1.25;
sainsburys-chicken-bite-snack-bag-x5-60g;Sainsbury's Chicken Bites Snack Bag x5 60g;£0.65/unit;£1.08/100g;Soup & lunchtime snacks;lunchtime-snacks;315;10.9;29.2;1.3;17.1;3.2;0.5;1.25;
sainsburys-chicken-bites-190g;Sainsbury's Chicken Bites 190g;£1.00/unit;£5.26/kg;Meat & poultry;frozen-chicken;270;15.5;17.4;0.8;14.9;2.3;1.9;1.00;
sainsburys-chicken-bites-x12-144g;Sainsbury's Chicken Bites x12 144g;£1.85/unit;£1.28/100g;Pies, pasties & quiche;sausage-rolls-savouries;315;10.9;29.2;1.3;17.1;3.2;0.5;1.25;
sainsburys-chicken-breast--round-can-200g;Sainsbury's Cured Chicken Breast, Can 200g;£1.80/unit;£0.90/100g;Canned, tinned & packaged foods;cold-meat;115;24.1;0.9;0.9;1.6;0.5;0;1.60;
sainsburys-chicken-burger-420g;Sainsbury's Chicken Burger 420g;£2.00/unit;£4.76/kg;Meat & poultry;frozen-burgers-sausages;238;17.1;14.5;0.5;12.1;1.7;1.5;0.97;
sainsburys-chicken-burger-420g;Sainsbury's Chicken Burger 420g;£2.00/unit;£4.76/kg;Meat & poultry;frozen-chicken;238;17.1;14.5;0.5;12.1;1.7;1.5;0.97;
sainsburys-chicken-caesar-deli-filler-170g;Sainsbury's Chicken Caesar Deli Filler 170g;£1.65/unit;£0.97/100g;Cooked meats, pate & sandwich fillers;sandwich-fillers;227;14.1;4.1;0.6;17.1;2.2;0.5;0.80;
sainsburys-chicken-caesar-deli-filler-170g;Sainsbury's Chicken Caesar Deli Filler 170g;£1.65/unit;£0.97/100g;Soup & lunchtime snacks;sandwich-fillers2;227;14.1;4.1;0.6;17.1;2.2;0.5;0.80;
sainsburys-chicken-casserole--be-good-to-yourself-400g;Sainsbury's Chicken Casserole, Be Good To Yourself 400g;£3.00/unit;£7.50/kg;Ready meals;healthier-choice-ready-meals;69;5.6;8.0;1.9;1.3;0.1;1.8;0.42;
sainsburys-chicken-casserole--be-good-to-yourself-400g;Sainsbury's Chicken Casserole, Be Good To Yourself 400g;£3.00/unit;£7.50/kg;Ready meals;meals-for-1-ready-meals;69;5.6;8.0;1.9;1.3;0.1;1.8;0.42;
sainsburys-chicken-casserole--be-good-to-yourself-400g;Sainsbury's Chicken Casserole, Be Good To Yourself 400g;£3.00/unit;£7.50/kg;Soup & lunchtime snacks;lunchtime-snacks;69;5.6;8.0;1.9;1.3;0.1;1.8;0.42;
sainsburys-chicken-casserole-mix-40g;Sainsbury's Chicken Casserole Mix 40g;£0.40/unit;£1.00/100g;Cooking sauces & world foods;packet-sauces;72;10.2;4.2;3.6;1.2;0.3;1.7;0.50;
sainsburys-chicken-chorizo-stonebaked-pizza-439g;Sainsbury's Stonebaked Chicken & Chorizo Pizza 439g;£2.60/unit;£5.92/kg;Pizza & garlic bread;frozen-pizza-garlic-bread;247;11.9;28.0;3.7;9.1;3.5;2.9;1.18;
sainsburys-chicken-chow-mein--be-good-to-yourself-400g;Sainsbury's Chicken Chow Mein, Be Good To Yourself 400g;£3.00/unit;£7.50/kg;Ready meals;healthier-choice-ready-meals;91;6.6;9.5;2.7;2.4;0.4;2.3;0.42;
sainsburys-chicken-chow-mein--be-good-to-yourself-400g;Sainsbury's Chicken Chow Mein, Be Good To Yourself 400g;£3.00/unit;£7.50/kg;Ready meals;meals-for-1-ready-meals;91;6.6;9.5;2.7;2.4;0.4;2.3;0.42;
sainsburys-chicken-chow-mein--be-good-to-yourself-400g;Sainsbury's Chicken Chow Mein, Be Good To Yourself 400g;£3.00/unit;£7.50/kg;Ready meals;oriental-ready-meals;91;6.6;9.5;2.7;2.4;0.4;2.3;0.42;
sainsburys-chicken-chow-mein--be-good-to-yourself-400g;Sainsbury's Chicken Chow Mein, Be Good To Yourself 400g;£3.00/unit;£7.50/kg;Soup & lunchtime snacks;lunchtime-snacks;91;6.6;9.5;2.7;2.4;0.4;2.3;0.42;
sainsburys-chicken-chow-mein-400g;Sainsbury's Chicken Chow Mein 400g;£1.50/unit;£3.75/kg;Ready meals & pies;frozen-ready-meals;93;5.7;12.7;4.4;1.8;0.3;1.4;0.63;
sainsburys-chicken-chow-mein-450g;Sainsbury's Chicken Chow Mein 450g;£3.00/unit;£6.67/kg;Ready meals;meals-for-1-ready-meals;124;6.5;12.6;1.6;4.7;0.4;2.6;0.78;
sainsburys-chicken-chow-mein-450g;Sainsbury's Chicken Chow Mein 450g;£3.00/unit;£6.67/kg;Ready meals;oriental-ready-meals;124;6.5;12.6;1.6;4.7;0.4;2.6;0.78;
sainsburys-chicken-chow-mein-450g;Sainsbury's Chicken Chow Mein 450g;£3.00/unit;£6.67/kg;Soup & lunchtime snacks;lunchtime-snacks;124;6.5;12.6;1.6;4.7;0.4;2.6;0.78;
sainsburys-chicken-cordon-bleu--taste-the-difference-320g;Sainsbury's Chicken Cordon Bleu, Taste the Difference 320g;£3.00/unit;£9.38/kg;Meat & poultry;frozen-chicken;200;22.8;6.1;0.5;9.1;2.4;1.3;0.63;
sainsburys-chicken-crown-with-lemon---thyme-700g;Sainsbury's Chicken Crown with Lemon & Thyme 700g;£4.00/unit;£5.71/kg;Chicken;chicken;163;26.2;0.5;0.5;6.3;1.8;0.5;0.35;
sainsburys-chicken-curry--basics-392g;Sainsbury's Chicken Curry, Basics 392g;£0.60/unit;£1.53/kg;Canned, tinned & packaged foods;canned-tinned-packaged-hot-meat-meals;67;5.9;7.9;2.8;1.3;0.3;1.0;0.70;
sainsburys-chicken-curry--basics-400g;Sainsbury's Chicken Curry, Basics 400g;£1.00/unit;£2.50/kg;Ready meals & pies;frozen-ready-meals;139;6.0;21.7;1.9;2.7;1.8;1.7;0.54;
sainsburys-chicken-curry--be-good-to-yourself-380g;Sainsbury's Chicken Curry, Be Good To Yourself 380g;£1.20/unit;£3.16/kg;Ready meals & pies;frozen-healthier-meals;96;4.8;15.4;1.8;1.4;1.0;1.1;0.39;
sainsburys-chicken-curry--be-good-to-yourself-380g;Sainsbury's Chicken Curry, Be Good To Yourself 380g;£1.20/unit;£3.16/kg;Ready meals & pies;frozen-ready-meals;96;4.8;15.4;1.8;1.4;1.0;1.1;0.39;
sainsburys-chicken-dijonnaise--taste-the-difference-400g-7583049-p-44;Sainsbury's Chicken Dijonnaise, Taste the Difference 400g;£3.30/unit;£8.25/kg;Ready meals;meals-for-1-ready-meals;138;9.2;14.2;5.3;4.3;1.3;3.2;0.48;
sainsburys-chicken-dijonnaise--taste-the-difference-400g-7583049-p-44;Sainsbury's Chicken Dijonnaise, Taste the Difference 400g;£3.30/unit;£8.25/kg;Ready meals;mediterranean-other-cuisine-ready-meals;138;9.2;14.2;5.3;4.3;1.3;3.2;0.48;
sainsburys-chicken-dijonnaise--taste-the-difference-400g-7583049-p-44;Sainsbury's Chicken Dijonnaise, Taste the Difference 400g;£3.30/unit;£8.25/kg;Ready meals;taste-the-difference-bistro-ready-meals;138;9.2;14.2;5.3;4.3;1.3;3.2;0.48;
sainsburys-chicken-dippers-x20-367g;Sainsbury's Chicken Dippers x20 367g;£2.00/unit;£5.45/kg;Meat & poultry;frozen-chicken;277;14.5;17.7;0.7;16.2;1.8;1.2;0.90;
sainsburys-chicken-dippers-x42-770g;Sainsbury's Chicken Dippers x42 770g;£3.00/unit;£3.90/kg;Meat & poultry;frozen-chicken;277;14.5;17.7;0.7;16.2;1.8;1.2;0.90;
sainsburys-chicken-drumsticks-1kg;Sainsbury's British Chicken Drumsticks 1kg;£3.00/unit;£3.00/kg;Burgers & BBQ;burgers-bbq;178;26.1;0.5;0.5;7.8;2.1;0.5;0.13;
sainsburys-chicken-drumsticks-1kg;Sainsbury's British Chicken Drumsticks 1kg;£3.00/unit;£3.00/kg;Chicken;chicken;178;26.1;0.5;0.5;7.8;2.1;0.5;0.13;
sainsburys-chicken-drumsticks-1kg;Sainsbury's British Chicken Drumsticks 1kg;£3.00/unit;£3.00/kg;Great prices on meat & fish;great-prices-on-meat---fish;178;26.1;0.5;0.5;7.8;2.1;0.5;0.13;
sainsburys-chicken-drumsticks-x4-420g;Sainsbury's British Chicken Drumsticks x4 420g;£1.35/unit;£3.21/kg;Burgers & BBQ;burgers-bbq;178;26.1;0.5;0.5;7.8;2.1;0.5;0.13;
sainsburys-chicken-drumsticks-x4-420g;Sainsbury's British Chicken Drumsticks x4 420g;£1.35/unit;£3.21/kg;Chicken;chicken;178;26.1;0.5;0.5;7.8;2.1;0.5;0.13;
sainsburys-chicken-fajita-slice-180g;Sainsbury's Chicken Fajita Slice 180g;£1.00/unit;£0.56/100g;Pies, pasties & quiche;slices-pasties;251;9.1;23.6;3.9;12.8;5.1;2.5;0.75;
sainsburys-chicken-fajita-slice-180g;Sainsbury's Chicken Fajita Slice 180g;£1.00/unit;£0.56/100g;Soup & lunchtime snacks;lunchtime-snacks;251;9.1;23.6;3.9;12.8;5.1;2.5;0.75;
sainsburys-chicken-fillets--taste-the-difference-%28approx-420-920g%29;Sainsbury's Free Range Chicken Fillets, Taste the Difference (approx. 420-920g);£15.45/kg;£15.45/kg;Chicken;chicken;152;33.8;0.5;0.5;1.6;0.5;0.5;0.15;
sainsburys-chicken-fillets--taste-the-difference-%28approx-420-920g%29;Sainsbury's Free Range Chicken Fillets, Taste the Difference (approx. 420-920g);£15.45/kg;£15.45/kg;Organic & Taste the Difference;organic-taste-the-difference;152;33.8;0.5;0.5;1.6;0.5;0.5;0.15;
sainsburys-chicken-garlic-kiev--basics-x2-230g;Sainsbury's Chicken Garlic Kiev, Basics x2 230g;£1.00/unit;£4.35/kg;Meat & poultry;frozen-chicken;286;14.1;9.9;1.0;21.1;4.7;0.1;0.57;
sainsburys-chicken-garlic-kievs-x4-568g;Sainsbury's Chicken Garlic Kievs x4 568g;£2.65/unit;£4.67/kg;Meat & poultry;frozen-chicken;240;16.2;7.7;0.5;15.5;6.7;2.2;0.66;
sainsburys-chicken-goujons-x12-200g;Sainsbury's Chicken Goujons x12 200g;£2.25/unit;£11.25/kg;Party food;frozen-party-food;244;17.1;18.2;0.5;11.4;4.3;0.5;1.00;
sainsburys-chicken-gravy--taste-the-difference-320g;Sainsbury's Chicken Gravy, Taste the Difference 320g;£1.50/unit;£0.44/100g;Cooking ingredients & oils;gravy;55;4.4;6.6;0.8;1.2;0.7;0;0.93;
sainsburys-chicken-gravy-granules-170g;Sainsbury's Chicken Gravy Granules 170g;£0.70/unit;£0.41/100g;Cooking ingredients & oils;gravy;34;0.5;3.3;0.5;2.1;1.2;0.5;0.88;
sainsburys-chicken-hotpot--basics-400g;Sainsbury's Chicken Hotpot, Basics 400g;£1.00/unit;£2.50/kg;Ready meals & pies;frozen-ready-meals;122;5.3;12.2;3.4;5.5;1.5;1.1;0.53;
sainsburys-chicken-hotpot-dinner-400g;Sainsbury's Chicken Hotpot Dinner 400g;£1.75/unit;£4.38/kg;Ready meals & pies;frozen-ready-meals;72;5.9;7.1;1.5;2.0;0.5;1.2;0.56;
sainsburys-chicken-in-vintage-cider--taste-the-difference-bistro-800g;Sainsbury's Chicken In Vintage Cider, Taste the Difference Bistro 800g;£6.00/unit;£7.50/kg;Ready meals;british-ready-meals;125;8.5;11.2;3.1;4.6;1.0;2.5;0.38;
sainsburys-chicken-in-vintage-cider--taste-the-difference-bistro-800g;Sainsbury's Chicken In Vintage Cider, Taste the Difference Bistro 800g;£6.00/unit;£7.50/kg;Ready meals;taste-the-difference-bistro-ready-meals;125;8.5;11.2;3.1;4.6;1.0;2.5;0.38;
sainsburys-chicken-in-white-sauce-200g;Sainsbury's Chicken In White Sauce 200g;£1.00/unit;£5.00/kg;Canned, tinned & packaged foods;canned-tinned-packaged-hot-meat-meals;127;12.6;3.0;0.5;7.0;2.4;0.9;0.80;
sainsburys-chicken-in-white-sauce-400g;Sainsbury's Chicken In White Sauce 400g;£1.50/unit;£3.75/kg;Canned, tinned & packaged foods;canned-tinned-packaged-hot-meat-meals;127;12.6;3.0;0.5;7.0;2.4;0.9;0.80;
sainsburys-chicken-in-white-wine-with-mash-450g;Sainsbury's Chicken In White Wine With Mash 450g;£3.00/unit;£6.67/kg;Ready meals;british-ready-meals;119;8.5;10.3;1.8;4.1;2.4;3.3;0.55;
sainsburys-chicken-in-white-wine-with-mash-450g;Sainsbury's Chicken In White Wine With Mash 450g;£3.00/unit;£6.67/kg;Ready meals;meals-for-1-ready-meals;119;8.5;10.3;1.8;4.1;2.4;3.3;0.55;
sainsburys-chicken-jalfrezi-%28spicy---vibrant%29-400g;Sainsbury's Chicken Jalfrezi (spicy & vibrant) 400g;£3.30/unit;£8.25/kg;Ready meals;indian-ready-meals;127;10.5;5.8;4.8;6.2;0.7;2.7;0.59;
sainsburys-chicken-jalfrezi---pilau-rice-%28spicy---vibrant%29-500g;Sainsbury's Chicken Jalfrezi & Pilau Rice (spicy & vibrant) 500g;£3.00/unit;£6.00/kg;Ready meals;indian-ready-meals;156;5.7;19.1;1.9;5.9;0.5;1.8;0.56;
sainsburys-chicken-jalfrezi---pilau-rice-%28spicy---vibrant%29-500g;Sainsbury's Chicken Jalfrezi & Pilau Rice (spicy & vibrant) 500g;£3.00/unit;£6.00/kg;Ready meals;meals-for-1-ready-meals;156;5.7;19.1;1.9;5.9;0.5;1.8;0.56;
sainsburys-chicken-jalfrezi---rice--be-good-to-yourself-380g;Sainsbury's Chicken Jalfrezi & Rice, Be Good To Yourself 380g;£3.00/unit;£7.89/kg;Ready meals;healthier-choice-ready-meals;106;7.2;13.7;2.6;2.1;0.4;2.0;0.37;
sainsburys-chicken-jalfrezi---rice--be-good-to-yourself-380g;Sainsbury's Chicken Jalfrezi & Rice, Be Good To Yourself 380g;£3.00/unit;£7.89/kg;Ready meals;indian-ready-meals;106;7.2;13.7;2.6;2.1;0.4;2.0;0.37;
sainsburys-chicken-jalfrezi---rice--be-good-to-yourself-380g;Sainsbury's Chicken Jalfrezi & Rice, Be Good To Yourself 380g;£3.00/unit;£7.89/kg;Ready meals;meals-for-1-ready-meals;106;7.2;13.7;2.6;2.1;0.4;2.0;0.37;
sainsburys-chicken-jalfrezi---rice--be-good-to-yourself-380g;Sainsbury's Chicken Jalfrezi & Rice, Be Good To Yourself 380g;£3.00/unit;£7.89/kg;Soup & lunchtime snacks;lunchtime-snacks;106;7.2;13.7;2.6;2.1;0.4;2.0;0.37;
sainsburys-chicken-jalfrezi--taste-the-difference-450g;Sainsbury's Chicken Jalfrezi, Taste the Difference 450g;£3.60/unit;£8.00/kg;Ready meals;indian-ready-meals;147;7.6;17.3;2.3;4.5;0.9;3.0;0.58;
sainsburys-chicken-jalfrezi--taste-the-difference-450g;Sainsbury's Chicken Jalfrezi, Taste the Difference 450g;£3.60/unit;£8.00/kg;Ready meals;taste-the-difference-bistro-ready-meals;147;7.6;17.3;2.3;4.5;0.9;3.0;0.58;
sainsburys-chicken-jalfrezi-400g;Sainsbury's Chicken Jalfrezi 400g;£1.50/unit;£3.75/kg;Canned, tinned & packaged foods;canned-tinned-packaged-hot-meat-meals;94;10.9;3.5;1.2;3.5;0.4;2.4;0.57;
sainsburys-chicken-jalfrezi-with-pilau-rice-400g;Sainsbury's Chicken Jalfrezi With Pilau Rice 400g;£1.50/unit;£3.75/kg;Ready meals & pies;frozen-ready-meals;120;6.5;16.7;2.4;2.7;0.4;1.4;0.42;
sainsburys-chicken-korma-%28mild---creamy%29-400g;Sainsbury's Chicken Korma (mild & creamy) 400g;£3.30/unit;£8.25/kg;Ready meals;indian-ready-meals;147;11.2;4.7;3.3;8.9;4.1;1.9;0.50;
sainsburys-chicken-korma---rice-%28mild---creamy%29-500g;Sainsbury's Chicken Korma & Rice (mild & creamy) 500g;£3.00/unit;£6.00/kg;Ready meals;indian-ready-meals;158;7.7;16.2;1.4;6.2;2.5;3.5;0.49;
sainsburys-chicken-korma---rice-%28mild---creamy%29-500g;Sainsbury's Chicken Korma & Rice (mild & creamy) 500g;£3.00/unit;£6.00/kg;Ready meals;meals-for-1-ready-meals;158;7.7;16.2;1.4;6.2;2.5;3.5;0.49;
sainsburys-chicken-korma---rice--be-good-to-yourself-380g;Sainsbury's Chicken Korma & Rice, Be Good To Yourself 380g;£3.00/unit;£7.89/kg;Ready meals;healthier-choice-ready-meals;100;6.4;14.1;1.2;1.5;0.4;2.2;0.28;
sainsburys-chicken-korma---rice--be-good-to-yourself-380g;Sainsbury's Chicken Korma & Rice, Be Good To Yourself 380g;£3.00/unit;£7.89/kg;Ready meals;indian-ready-meals;100;6.4;14.1;1.2;1.5;0.4;2.2;0.28;
sainsburys-chicken-korma---rice--be-good-to-yourself-380g;Sainsbury's Chicken Korma & Rice, Be Good To Yourself 380g;£3.00/unit;£7.89/kg;Ready meals;meals-for-1-ready-meals;100;6.4;14.1;1.2;1.5;0.4;2.2;0.28;
sainsburys-chicken-korma---rice--be-good-to-yourself-380g;Sainsbury's Chicken Korma & Rice, Be Good To Yourself 380g;£3.00/unit;£7.89/kg;Soup & lunchtime snacks;lunchtime-snacks;100;6.4;14.1;1.2;1.5;0.4;2.2;0.28;
sainsburys-chicken-korma-400g;Sainsbury's Chicken Korma 400g;£1.50/unit;£3.75/kg;Canned, tinned & packaged foods;canned-tinned-packaged-hot-meat-meals;147;11.2;3.2;1.3;9.2;5.0;3.1;0.63;
sainsburys-chicken-korma-soup-400g;Sainsbury's Chicken Korma Soup 400g;£0.75/unit;£0.19/100g;Canned, tinned & packaged foods;soups;77;2.6;7.7;2.2;3.9;2.5;0.5;0.58;
sainsburys-chicken-korma-with-pilau-rice-400g;Sainsbury's Chicken Korma With Pilau Rice 400g;£1.50/unit;£3.75/kg;Ready meals & pies;frozen-ready-meals;171;7.5;20.8;2.7;6.0;2.6;1.9;0.53;
sainsburys-chicken-lasagne-430g;Sainsbury's Chicken Lasagne 430g;£2.30/unit;£5.35/kg;Ready meals;italian-ready-meals;125;9.1;10.8;4.1;4.8;2.4;null;0.44;
sainsburys-chicken-lasagne-430g;Sainsbury's Chicken Lasagne 430g;£2.30/unit;£5.35/kg;Ready meals;meals-for-1-ready-meals;125;9.1;10.8;4.1;4.8;2.4;null;0.44;
sainsburys-chicken-leek---barley-soup-400g;Sainsbury's Chicken Leek & Barley Soup 400g;£0.55/unit;£0.14/100g;Canned, tinned & packaged foods;soups;41;1.1;6.9;0.9;0.8;0.3;0.7;0.55;
sainsburys-chicken-liver-p%C3%A2t%C3%A9-170g;Sainsbury's Chicken Liver Pâté 170g;£1.40/unit;£0.82/100g;Cooked meats & snacking;mfp-pate;320;8.4;4.6;3.1;29.7;11.2;0.5;1.83;
sainsburys-chicken-liver-p%C3%A2t%C3%A9-170g;Sainsbury's Chicken Liver Pâté 170g;£1.40/unit;£0.82/100g;Cooked meats, pate & sandwich fillers;pate;320;8.4;4.6;3.1;29.7;11.2;0.5;1.83;
sainsburys-chicken-liver-parfait-with-madeira--taste-the-difference-150g;Sainsbury's Chicken Liver Parfait with Madeira, Taste the Difference 150g;£2.15/unit;£1.43/100g;Cooked meats & snacking;mfp-pate;226;7.1;8.9;3.5;17.7;6.9;1.3;0.90;
sainsburys-chicken-liver-parfait-with-madeira--taste-the-difference-150g;Sainsbury's Chicken Liver Parfait with Madeira, Taste the Difference 150g;£2.15/unit;£1.43/100g;Cooked meats, pate & sandwich fillers;pate;226;7.1;8.9;3.5;17.7;6.9;1.3;0.90;
sainsburys-chicken-liver-pate-with-smoked-bacon-170g;Sainsbury's Chicken Liver Pate with Smoked Bacon 170g;£1.65/unit;£0.97/100g;Cooked meats & snacking;mfp-pate;308;8.8;3.8;2.6;28.6;10.9;0.5;1.86;
sainsburys-chicken-liver-pate-with-smoked-bacon-170g;Sainsbury's Chicken Liver Pate with Smoked Bacon 170g;£1.65/unit;£0.97/100g;Cooked meats, pate & sandwich fillers;pate;308;8.8;3.8;2.6;28.6;10.9;0.5;1.86;
sainsburys-chicken-liver-pots-250g;Sainsbury's Chicken Liver Pots 250g;£0.50/unit;£2.00/kg;Meat & poultry;frozen-chicken;160;20;2.2;0.5;7.6;2.1;0.6;0.20;
sainsburys-chicken-madras---pilau-rice-%28hot---aromatic%29-500g;Sainsbury's Chicken Madras & Pilau Rice (hot & aromatic) 500g;£3.00/unit;£6.00/kg;Ready meals;indian-ready-meals;166;7.0;19.0;1.5;6.5;1.5;2.0;0.53;
sainsburys-chicken-madras---pilau-rice-%28hot---aromatic%29-500g;Sainsbury's Chicken Madras & Pilau Rice (hot & aromatic) 500g;£3.00/unit;£6.00/kg;Ready meals;meals-for-1-ready-meals;166;7.0;19.0;1.5;6.5;1.5;2.0;0.53;
sainsburys-chicken-madras-400g;Sainsbury's Chicken Madras 400g;£3.30/unit;£8.25/kg;Ready meals;indian-ready-meals;133;11.0;4.5;3.3;7.4;2.4;1.9;0.54;
sainsburys-chicken-mini-fillets--so-organic-%28approx-180-300g%29;Sainsbury's Chicken Mini Fillets, SO Organic (approx. 180-300g);£23.90/kg;£23.90/kg;Chicken;chicken;170;31.2;0.5;0.5;4.7;1.0;0.5;0.20;
sainsburys-chicken-mini-fillets--so-organic-%28approx-180-300g%29;Sainsbury's Chicken Mini Fillets, SO Organic (approx. 180-300g);£23.90/kg;£23.90/kg;Great prices on meat & fish;great-prices-on-meat---fish;170;31.2;0.5;0.5;4.7;1.0;0.5;0.20;
sainsburys-chicken-mini-fillets--so-organic-%28approx-180-300g%29;Sainsbury's Chicken Mini Fillets, SO Organic (approx. 180-300g);£23.90/kg;£23.90/kg;Organic & Taste the Difference;organic-taste-the-difference;170;31.2;0.5;0.5;4.7;1.0;0.5;0.20;
sainsburys-chicken-mulligatawny-soup--taste-the-difference-600g;Sainsbury's Chicken Mulligatawny Soup, Taste the Difference 600g;£2.00/unit;£0.33/100g;Soup & lunchtime snacks;fresh-soups;61;3.4;6.9;3.8;1.8;0.6;1.8;0.45;
sainsburys-chicken-mulligatawny-soup--taste-the-difference-600g;Sainsbury's Chicken Mulligatawny Soup, Taste the Difference 600g;£2.00/unit;£0.33/100g;Soup & lunchtime snacks;lunchtime-snacks;61;3.4;6.9;3.8;1.8;0.6;1.8;0.45;
sainsburys-chicken-noodle-cup-soup-52g--be-good-to-yourself-%284x13g%29;Sainsbury's Chicken Noodle Cup Soup, Be Good To Yourself 4x13g;£0.70/unit;£1.35/100g;Canned, tinned & packaged foods;soups;27;1.7;4.9;0.5;0.5;0.1;0.5;0.57;
sainsburys-chicken-nuggets-x20-367g;Sainsbury's Chicken Nuggets x20 367g;£2.00/unit;£5.45/kg;Meat & poultry;frozen-chicken;261;15.6;13.9;0.7;15.5;2.2;1.9;1.04;
sainsburys-chicken-nuggets-x42-770g;Sainsbury's Chicken Nuggets x42 770g;£3.00/unit;£3.90/kg;Meat & poultry;frozen-chicken;261;15.6;13.9;0.7;15.5;2.2;1.9;1.04;
sainsburys-chicken-p%C3%A2t%C3%A9-in-white-wine--so-organic-170g;Sainsbury's Chicken Pâté in White Wine, SO Organic 170g;£2.15/unit;£1.26/100g;Cooked meats & snacking;mfp-pate;287;9.3;5.4;0.6;25.1;10.3;1.0;1.58;
sainsburys-chicken-p%C3%A2t%C3%A9-in-white-wine--so-organic-170g;Sainsbury's Chicken Pâté in White Wine, SO Organic 170g;£2.15/unit;£1.26/100g;Cooked meats, pate & sandwich fillers;pate;287;9.3;5.4;0.6;25.1;10.3;1.0;1.58;
sainsburys-chicken-pad-thai--taste-the-difference-380g;Sainsbury's Chicken Pad Thai, Taste the Difference 380g;£3.60/unit;£9.47/kg;Ready meals;healthier-choice-ready-meals;122;7.4;14.9;3.8;3.0;0.6;3.0;0.40;
sainsburys-chicken-pad-thai--taste-the-difference-380g;Sainsbury's Chicken Pad Thai, Taste the Difference 380g;£3.60/unit;£9.47/kg;Ready meals;meals-for-1-ready-meals;122;7.4;14.9;3.8;3.0;0.6;3.0;0.40;
sainsburys-chicken-pad-thai--taste-the-difference-380g;Sainsbury's Chicken Pad Thai, Taste the Difference 380g;£3.60/unit;£9.47/kg;Ready meals;oriental-ready-meals;122;7.4;14.9;3.8;3.0;0.6;3.0;0.40;
sainsburys-chicken-pad-thai--taste-the-difference-380g;Sainsbury's Chicken Pad Thai, Taste the Difference 380g;£3.60/unit;£9.47/kg;Soup & lunchtime snacks;lunchtime-snacks;122;7.4;14.9;3.8;3.0;0.6;3.0;0.40;
sainsburys-chicken-paella-meal-soup-400g;Sainsbury's Chicken Paella Meal Soup 400g;£1.40/unit;£0.35/100g;Soup & lunchtime snacks;fresh-soups;52;4.1;5.2;3.2;1.3;0.3;1.6;0.40;
sainsburys-chicken-paella-meal-soup-400g;Sainsbury's Chicken Paella Meal Soup 400g;£1.40/unit;£0.35/100g;Soup & lunchtime snacks;lunchtime-snacks;52;4.1;5.2;3.2;1.3;0.3;1.6;0.40;
sainsburys-chicken-paste-75g;Sainsbury's Chicken Paste 75g;£0.45/unit;£0.62/100g;Jams, honey & spreads;savoury-pastes;170;16.9;0.3;0.3;10.6;2.6;2.9;1.08;
sainsburys-chicken-phal---rice-500g;Sainsbury's Chicken Phal & Rice 500g;£3.00/unit;£6.00/kg;Ready meals;indian-ready-meals;140;7.3;16.2;2.5;4.3;0.4;3.8;0.45;
sainsburys-chicken-phal---rice-500g;Sainsbury's Chicken Phal & Rice 500g;£3.00/unit;£6.00/kg;Ready meals;meals-for-1-ready-meals;140;7.3;16.2;2.5;4.3;0.4;3.8;0.45;
sainsburys-chicken-portions--basics-25kg;Sainsbury's British Chicken Portions, Basics 2.5kg;£4.00/unit;£1.60/kg;Meat & poultry;frozen-chicken;226;24.8;0.5;0.5;13.9;3.7;0.5;0.13;
sainsburys-chicken-quarter-pounder-454g;Sainsbury's Chicken Quarter Pounder 454g;£2.00/unit;£4.41/kg;Meat & poultry;frozen-burgers-sausages;160;19.9;5.7;0.5;6.4;2.5;0.5;1.30;
sainsburys-chicken-quarter-pounder-454g;Sainsbury's Chicken Quarter Pounder 454g;£2.00/unit;£4.41/kg;Meat & poultry;frozen-chicken;160;19.9;5.7;0.5;6.4;2.5;0.5;1.30;
sainsburys-chicken-roasting-thighs-600g;Sainsbury's Chicken Roasting Thighs 600g;£4.50/unit;£7.50/kg;Chicken;chicken;188;26.2;0.5;0.5;8.9;2.2;0.5;0.22;
sainsburys-chicken-roasting-thighs-600g;Sainsbury's Chicken Roasting Thighs 600g;£4.50/unit;£7.50/kg;Great prices on meat & fish;great-prices-on-meat---fish;188;26.2;0.5;0.5;8.9;2.2;0.5;0.22;
sainsburys-chicken-roll--basics-200g;Sainsbury's Chicken Roll, Basics 200g;£0.65/unit;£0.33/100g;Cooked meats & snacking;mfp-cooked-chicken-turkey;234;13.2;5.1;0.7;17.8;4.7;0.5;1.58;
sainsburys-chicken-roll--basics-200g;Sainsbury's Chicken Roll, Basics 200g;£0.65/unit;£0.33/100g;Cooked meats, pate & sandwich fillers;cooked-chicken-turkey;234;13.2;5.1;0.7;17.8;4.7;0.5;1.58;
sainsburys-chicken-roll--basics-400g;Sainsbury's Cooked Chicken Roll, Basics 400g;£1.05/unit;£0.26/100g;Cooked meats & snacking;mfp-cooked-chicken-turkey;234;13.2;5.1;0.7;17.8;4.7;0.5;1.58;
sainsburys-chicken-roll--basics-400g;Sainsbury's Cooked Chicken Roll, Basics 400g;£1.05/unit;£0.26/100g;Cooked meats, pate & sandwich fillers;cooked-chicken-turkey;234;13.2;5.1;0.7;17.8;4.7;0.5;1.58;
sainsburys-chicken-samosas-%28medium---spicy%29-x4;Sainsbury's Chicken Samosas (medium & spicy) x4;£2.20/unit;£9.65/kg;Ready meals;indian-ready-meals;237;9.4;25.0;1.6;10.0;1.0;4.6;0.92;
sainsburys-chicken-slices-x2-320g;Sainsbury's Chicken Slices x2 320g;£1.50/unit;£0.47/100g;Ready meals & pies;frozen-pies;249;9.7;24.9;1.7;11.7;5.6;2.6;0.72;
sainsburys-chicken-slices-x2-320g;Sainsbury's Chicken Slices x2 320g;£1.50/unit;£0.47/100g;Ready meals & pies;frozen-snacks;249;9.7;24.9;1.7;11.7;5.6;2.6;0.72;
sainsburys-chicken-steak-x2-190g;Sainsbury's Chicken Steak x2 190g;£1.50/unit;£7.89/kg;Meat & poultry;frozen-chicken;284;13.3;13.1;0.6;19.4;3.4;1.8;0.74;
sainsburys-chicken-steaks--basics-380g;Sainsbury's Chicken Steaks, Basics 380g;£1.20/unit;£3.16/kg;Meat & poultry;frozen-chicken;261;16.9;12.3;0.6;15.7;2.4;1.3;1.12;
sainsburys-chicken-steaks-in-crispy-crumb-380g;Sainsbury's Chicken Steaks In Crispy Crumb 380g;£2.00/unit;£5.26/kg;Meat & poultry;frozen-chicken;284;13.3;13.1;0.6;19.4;3.4;1.8;0.74;
sainsburys-chicken-stock-450g;Sainsbury's Chicken Stock 450g;£2.00/unit;£0.44/100g;Just Cook, prepared & sauces;stock---gravy;19;4.1;0.5;0.5;0.5;0.1;0.5;0.25;
sainsburys-chicken-style-kiev-250g;Sainsbury's Chicken Style Kiev 250g;£1.80/unit;£7.20/kg;Meat free & vegetarian;meat-free-vegetarian;251;14.3;16.7;1.4;13.6;3.1;2.5;0.80;
sainsburys-chicken-supreme-400g;Sainsbury's Chicken Supreme 400g;£1.50/unit;£3.75/kg;Ready meals & pies;frozen-ready-meals;125;7.2;16.5;0.5;2.9;1.7;2.0;0.59;
sainsburys-chicken-thigh---drumsticks--so-organic-%28approx-500-800g%29;Sainsbury's Chicken Thigh & Drumsticks, SO Organic (approx. 500-800g);£9.20/kg;£9.20/kg;Chicken;chicken;219;26.2;0.5;0.5;12.3;3.4;0.5;0.22;
sainsburys-chicken-thigh---drumsticks--so-organic-%28approx-500-800g%29;Sainsbury's Chicken Thigh & Drumsticks, SO Organic (approx. 500-800g);£9.20/kg;£9.20/kg;Organic & Taste the Difference;organic-taste-the-difference;219;26.2;0.5;0.5;12.3;3.4;0.5;0.22;
sainsburys-chicken-thigh---drumsticks--taste-the-difference-%28approx-450-750g%29;Sainsbury's Free Range Chicken Thigh & Drumsticks, Taste the Difference (approx. 450-750g);£7.00/kg;£7.00/kg;Chicken;chicken;227;25.4;0.5;0.5;13.7;3.8;0.5;0.25;
sainsburys-chicken-thigh---drumsticks--taste-the-difference-%28approx-450-750g%29;Sainsbury's Free Range Chicken Thigh & Drumsticks, Taste the Difference (approx. 450-750g);£7.00/kg;£7.00/kg;Organic & Taste the Difference;organic-taste-the-difference;227;25.4;0.5;0.5;13.7;3.8;0.5;0.25;
sainsburys-chicken-thigh-fillet-skinless---boneless-615g;Sainsbury's Chicken Thigh Fillet Skinless & Boneless 615g;£3.30/unit;£5.37/kg;Chicken;chicken;188;26.2;0.5;0.5;8.9;2.2;0.5;0.22;
sainsburys-chicken-thigh-fillet-skinless---boneless-615g;Sainsbury's Chicken Thigh Fillet Skinless & Boneless 615g;£3.30/unit;£5.37/kg;Great prices on meat & fish;great-prices-on-meat---fish;188;26.2;0.5;0.5;8.9;2.2;0.5;0.22;
sainsburys-chicken-thighs---drumsticks-850g;Sainsbury's Chicken Thighs & Drumsticks 850g;£3.00/unit;£3.53/kg;Burgers & BBQ;burgers-bbq;178;26.1;0.5;0.5;7.8;2.1;0.5;0.13;
sainsburys-chicken-thighs---drumsticks-850g;Sainsbury's Chicken Thighs & Drumsticks 850g;£3.00/unit;£3.53/kg;Chicken;chicken;178;26.1;0.5;0.5;7.8;2.1;0.5;0.13;
sainsburys-chicken-thighs---drumsticks-850g;Sainsbury's Chicken Thighs & Drumsticks 850g;£3.00/unit;£3.53/kg;Great prices on meat & fish;great-prices-on-meat---fish;178;26.1;0.5;0.5;7.8;2.1;0.5;0.13;
sainsburys-chicken-tikka-biryani--be-good-to-yourself-400g;Sainsbury's Chicken Tikka Biryani, Be Good To Yourself 400g;£3.00/unit;£7.50/kg;Ready meals;healthier-choice-ready-meals;84;6.8;10.7;2.1;1.0;0.1;2.9;0.33;
sainsburys-chicken-tikka-biryani--be-good-to-yourself-400g;Sainsbury's Chicken Tikka Biryani, Be Good To Yourself 400g;£3.00/unit;£7.50/kg;Ready meals;indian-ready-meals;84;6.8;10.7;2.1;1.0;0.1;2.9;0.33;
sainsburys-chicken-tikka-biryani--be-good-to-yourself-400g;Sainsbury's Chicken Tikka Biryani, Be Good To Yourself 400g;£3.00/unit;£7.50/kg;Ready meals;meals-for-1-ready-meals;84;6.8;10.7;2.1;1.0;0.1;2.9;0.33;
sainsburys-chicken-tikka-biryani--be-good-to-yourself-400g;Sainsbury's Chicken Tikka Biryani, Be Good To Yourself 400g;£3.00/unit;£7.50/kg;Soup & lunchtime snacks;lunchtime-snacks;84;6.8;10.7;2.1;1.0;0.1;2.9;0.33;
sainsburys-chicken-tikka-biryani-500g;Sainsbury's Chicken Tikka Biryani 500g;£3.00/unit;£6.00/kg;Ready meals;indian-ready-meals;156;8.1;19.1;2.0;4.6;0.9;3.3;0.55;
sainsburys-chicken-tikka-biryani-500g;Sainsbury's Chicken Tikka Biryani 500g;£3.00/unit;£6.00/kg;Ready meals;meals-for-1-ready-meals;156;8.1;19.1;2.0;4.6;0.9;3.3;0.55;
sainsburys-chicken-tikka-masala---rice--be-good-to-yourself-380g;Sainsbury's Chicken Tikka Masala & Rice, Be Good To Yourself 380g;£3.00/unit;£7.89/kg;Ready meals;healthier-choice-ready-meals;109;6.8;15.0;2.8;1.9;0.4;2.1;0.22;
sainsburys-chicken-tikka-masala---rice--be-good-to-yourself-380g;Sainsbury's Chicken Tikka Masala & Rice, Be Good To Yourself 380g;£3.00/unit;£7.89/kg;Ready meals;indian-ready-meals;109;6.8;15.0;2.8;1.9;0.4;2.1;0.22;
sainsburys-chicken-tikka-masala---rice--be-good-to-yourself-380g;Sainsbury's Chicken Tikka Masala & Rice, Be Good To Yourself 380g;£3.00/unit;£7.89/kg;Ready meals;meals-for-1-ready-meals;109;6.8;15.0;2.8;1.9;0.4;2.1;0.22;
sainsburys-chicken-tikka-masala---rice--be-good-to-yourself-380g;Sainsbury's Chicken Tikka Masala & Rice, Be Good To Yourself 380g;£3.00/unit;£7.89/kg;Soup & lunchtime snacks;lunchtime-snacks;109;6.8;15.0;2.8;1.9;0.4;2.1;0.22;
sainsburys-chicken-tikka-masala---rice--taste-the-difference-450g;Sainsbury's Chicken Tikka Masala & Rice, Taste the Difference 450g;£3.60/unit;£8.00/kg;Ready meals;indian-ready-meals;153;8.5;16.6;3.5;5.1;2.2;3.4;0.53;
sainsburys-chicken-tikka-masala---rice--taste-the-difference-450g;Sainsbury's Chicken Tikka Masala & Rice, Taste the Difference 450g;£3.60/unit;£8.00/kg;Ready meals;meals-for-1-ready-meals;153;8.5;16.6;3.5;5.1;2.2;3.4;0.53;
sainsburys-chicken-tikka-masala---rice--taste-the-difference-450g;Sainsbury's Chicken Tikka Masala & Rice, Taste the Difference 450g;£3.60/unit;£8.00/kg;Ready meals;taste-the-difference-bistro-ready-meals;153;8.5;16.6;3.5;5.1;2.2;3.4;0.53;
sainsburys-chicken-tikka-masala---rice-400g;Sainsbury's Chicken Tikka Masala & Rice 400g;£1.50/unit;£3.75/kg;Ready meals & pies;frozen-ready-meals;155;6.5;21.9;4.1;4.4;1.2;1.1;0.49;
sainsburys-chicken-tikka-masala-400g-1190847-p-44;Sainsbury's Chicken Tikka Masala 400g;£3.30/unit;£8.25/kg;Ready meals;indian-ready-meals;170;10.6;7.5;5.5;10.4;4.1;1.7;0.63;
sainsburys-chicken-tikka-masala-400g;Sainsbury's Chicken Tikka Masala 400g;£1.50/unit;£3.75/kg;Canned, tinned & packaged foods;canned-tinned-packaged-hot-meat-meals;164;12.8;5.8;3.5;9.9;3.3;1.0;1.00;
sainsburys-chicken-tikka-with-rice-500g;Sainsbury's Chicken Tikka Masala With Rice 500g;£3.00/unit;£6.00/kg;Ready meals;indian-ready-meals;161;7.5;18.7;4.9;5.5;1.7;3.3;0.58;
sainsburys-chicken-tikka-with-rice-500g;Sainsbury's Chicken Tikka Masala With Rice 500g;£3.00/unit;£6.00/kg;Ready meals;meals-for-1-ready-meals;161;7.5;18.7;4.9;5.5;1.7;3.3;0.58;
sainsburys-chicken-wings-%28approx-720g-108kg%29;Sainsbury's Chicken Wings (approx. 720g-1.08kg);£2.20/kg;£2.20/kg;Chicken;chicken;224;21.4;0.5;0.5;15.0;4.3;0.5;0.13;
sainsburys-chicken-with-cheese---bacon-sauce-340g;Sainsbury's Chicken With Cheese & Bacon Sauce 340g;£4.00/unit;£11.76/kg;Ready meals;british-ready-meals;166;19.8;3.0;0.8;7.4;4.1;4.3;0.78;
sainsburys-chicken-with-cheese---bacon-sauce-340g;Sainsbury's Chicken With Cheese & Bacon Sauce 340g;£4.00/unit;£11.76/kg;Ready meals;meals-for-1-ready-meals;166;19.8;3.0;0.8;7.4;4.1;4.3;0.78;
sainsburys-chicken-yakitori-x12-200g;Sainsbury's Chicken Yakitori x12 200g;£2.25/unit;£11.25/kg;Party food;frozen-party-food;195;19.2;11.1;6.6;8.1;2.7;0.5;2.25;
sainsburys-chickpea--tomato---basil-p%C3%A2t%C3%A9--so-organic-170g;Sainsbury's Chickpea, Tomato & Basil Pâté, SO Organic 170g;£2.15/unit;£1.26/100g;Cooked meats, pate & sandwich fillers;pate;208;4.2;17.1;1.6;13.3;4.2;1.4;1.02;
sainsburys-chickpea--tomato---basil-p%C3%A2t%C3%A9--so-organic-170g;Sainsbury's Chickpea, Tomato & Basil Pâté, SO Organic 170g;£2.15/unit;£1.26/100g;Vegetarian & meat free;deli-meat-alternatives;208;4.2;17.1;1.6;13.3;4.2;1.4;1.02;
sainsburys-chickpeas-215g;Sainsbury's Chickpeas 215g (130g*);£0.45/unit;£3.46/kg;Canned, tinned & packaged foods;pulses-beans;122;7.7;16.5;0.5;1.4;0.2;6.1;0.03;
sainsburys-chicory-180g;Sainsbury's Chicory 160g;£1.20/unit;£1.20/ea;Fresh salad;lettuce;null;null;null;null;null;null;null;null;
sainsburys-chicory-180g;Sainsbury's Chicory 160g;£1.20/unit;£1.20/ea;In season;new-in-season;null;null;null;null;null;null;null;null;
sainsburys-chilean-walnuts--taste-the-difference-150g;Sainsbury's Chilean Walnuts, Taste the Difference 150g;£3.20/unit;£2.13/100g;Sugar & home baking;nuts---seeds;705;17.3;3.1;2.5;68.5;5.6;3.5;0.02;
sainsburys-chilli---coconut-prawn-curry---rice-450g;Sainsbury's Chilli & Coconut Prawn Curry & Rice 450g;£3.00/unit;£6.67/kg;Ready meals;meals-for-1-ready-meals;119;4.1;16.6;0.7;3.7;2.2;1.3;0.48;
sainsburys-chilli---coconut-prawn-curry---rice-450g;Sainsbury's Chilli & Coconut Prawn Curry & Rice 450g;£3.00/unit;£6.67/kg;Ready meals;oriental-ready-meals;119;4.1;16.6;0.7;3.7;2.2;1.3;0.48;
sainsburys-chilli---coriander-king-prawns-150g;Sainsbury's Chilli & Coriander King Prawns 150g;£3.50/unit;£2.33/100g;Cooked meats & snacking;mfp-cooked-fish-seafood;104;17.7;0.5;0.5;3.5;0.4;0.5;0.90;
sainsburys-chilli---coriander-king-prawns-150g;Sainsbury's Chilli & Coriander King Prawns 150g;£3.50/unit;£2.33/100g;Cooked meats & snacking;mfp-snacking-cooked-sausage;104;17.7;0.5;0.5;3.5;0.4;0.5;0.90;
sainsburys-chilli---coriander-king-prawns-150g;Sainsbury's Chilli & Coriander King Prawns 150g;£3.50/unit;£2.33/100g;Cooked meats, pate & sandwich fillers;cooked-fish-seafood;104;17.7;0.5;0.5;3.5;0.4;0.5;0.90;
sainsburys-chilli---coriander-king-prawns-150g;Sainsbury's Chilli & Coriander King Prawns 150g;£3.50/unit;£2.33/100g;Cooked meats, pate & sandwich fillers;snacking-cooked-sausage;104;17.7;0.5;0.5;3.5;0.4;0.5;0.90;
sainsburys-chilli---coriander-king-prawns-150g;Sainsbury's Chilli & Coriander King Prawns 150g;£3.50/unit;£2.33/100g;Fish & seafood;canapes-snacking;104;17.7;0.5;0.5;3.5;0.4;0.5;0.90;
sainsburys-chilli---coriander-king-prawns-150g;Sainsbury's Chilli & Coriander King Prawns 150g;£3.50/unit;£2.33/100g;Fish & seafood;prawns-shellfish;104;17.7;0.5;0.5;3.5;0.4;0.5;0.90;
sainsburys-chilli---garlic-naan-x2-260g;Sainsbury's Chilli & Garlic Naan x2 260g;£1.15/unit;£0.44/100g;Cooking sauces & world foods;indian-cooking-sauces;278;7.1;51.4;2.2;4.2;0.6;3.5;1.45;
sainsburys-chilli-coated-peanuts-200g;Sainsbury's Chilli Coated Peanuts 200g;£1.50/unit;£0.75/100g;Crisps, nuts & snacking fruit;nuts;487;14.4;52.4;10.1;23.2;2.5;5.4;2.13;
sainsburys-chilli-con-carne--basics-392g;Sainsbury's Chilli Con Carne, Basics 392g;£0.60/unit;£1.53/kg;Canned, tinned & packaged foods;canned-tinned-packaged-hot-meat-meals;97;6.7;11.2;2.3;2.8;0.6;2.5;0.57;
sainsburys-chilli-con-carne--basics-400g;Sainsbury's Chilli Con Carne, Basics 400g;£1.00/unit;£2.50/kg;Ready meals & pies;frozen-ready-meals;141;6.4;19.8;2.1;3.3;1.2;3.3;0.35;
sainsburys-chilli-con-carne--be-good-to-yourself-400g;Sainsbury's Chilli Con Carne, Be Good To Yourself 400g;£2.40/unit;£6.00/kg;Ready meals;healthier-choice-ready-meals;94;4.9;13.4;2.7;1.8;0.8;2.2;0.41;
sainsburys-chilli-con-carne--be-good-to-yourself-400g;Sainsbury's Chilli Con Carne, Be Good To Yourself 400g;£2.40/unit;£6.00/kg;Ready meals;meals-for-1-ready-meals;94;4.9;13.4;2.7;1.8;0.8;2.2;0.41;
sainsburys-chilli-con-carne--be-good-to-yourself-400g;Sainsbury's Chilli Con Carne, Be Good To Yourself 400g;£2.40/unit;£6.00/kg;Ready meals;mexican-caribbean-american-ready-meals;94;4.9;13.4;2.7;1.8;0.8;2.2;0.41;
sainsburys-chilli-con-carne--be-good-to-yourself-400g;Sainsbury's Chilli Con Carne, Be Good To Yourself 400g;£2.40/unit;£6.00/kg;Soup & lunchtime snacks;lunchtime-snacks;94;4.9;13.4;2.7;1.8;0.8;2.2;0.41;
sainsburys-chilli-con-carne-400g;Sainsbury's Chilli Con Carne 400g;£1.50/unit;£3.75/kg;Canned, tinned & packaged foods;canned-tinned-packaged-hot-meat-meals;113;7.2;11;3.2;4.1;1.5;1.4;0.63;
sainsburys-chilli-con-carne-mix-50g;Sainsbury's Chilli Con Carne Mix 50g;£0.40/unit;£0.80/100g;Cooking sauces & world foods;packet-sauces;93;9.3;7.3;1.9;2.5;0.9;2.1;0.29;
sainsburys-chilli-egg-noodles-375g;Sainsbury's Chilli Egg Noodles 375g;£1.40/unit;£3.73/kg;Cooking sauces & world foods;chinese-cooking-sauces;343;11.0;69.0;3.0;1.7;0.4;4.0;0.38;
sainsburys-chilli-egg-noodles-375g;Sainsbury's Chilli Egg Noodles 375g;£1.40/unit;£3.73/kg;Rice, pasta & noodles;noodles;343;11.0;69.0;3.0;1.7;0.4;4.0;0.38;
sainsburys-chilli-jam--taste-the-difference-320g;Sainsbury's Chilli Jam, Taste the Difference 320g;£1.80/unit;£0.56/100g;Table sauces, dressings & condiments;chutney-pickle-relishes;273;0.5;63.7;62.9;1.4;0.6;2.0;0.13;
sainsburys-chilli-jam--taste-the-difference-320g;Sainsbury's Chilli Jam, Taste the Difference 320g;£1.80/unit;£0.56/100g;Table sauces, dressings & condiments;condiments;273;0.5;63.7;62.9;1.4;0.6;2.0;0.13;
sainsburys-chilli-jam--taste-the-difference-320g;Sainsbury's Chilli Jam, Taste the Difference 320g;£1.80/unit;£0.56/100g;Vinegar, pickles, olives & antipasti;chutneys-pickle-relishes;273;0.5;63.7;62.9;1.4;0.6;2.0;0.13;
sainsburys-chilli-lime---coriander-dressing-250ml-7621552-p-44;Sainsbury's Chilli Lime & Coriander Dressing 250ml;£1.00/unit;£0.40/100ml;Table sauces, dressings & condiments;salad-dressings;192;0.5;25.7;24.7;9.7;0.7;0.5;0.70;
sainsburys-chilli-noodles-quick-to-cook-300g;Sainsbury's Chilli Noodles Quick To Cook 300g;£1.10/unit;£3.67/kg;Cooking sauces & world foods;chinese-cooking-sauces;139;5.0;28.0;0.5;0.7;0.1;0.5;0.38;
sainsburys-chilli-noodles-quick-to-cook-300g;Sainsbury's Chilli Noodles Quick To Cook 300g;£1.10/unit;£3.67/kg;Rice, pasta & noodles;noodles;139;5.0;28.0;0.5;0.7;0.1;0.5;0.38;
sainsburys-chilli-paste-75g;Sainsbury's Chilli Paste 75g;£1.65/unit;£2.20/100g;Cooking ingredients & oils;cooking-pastes;82;1.0;2.9;0.7;5.8;0.5;7.3;1.17;
sainsburys-chilli-paste-75g;Sainsbury's Chilli Paste 75g;£1.65/unit;£2.20/100g;Fresh herbs & ingredients;afro-caribbean-ingredients;82;1.0;2.9;0.7;5.8;0.5;7.3;1.17;
sainsburys-chilli-paste-75g;Sainsbury's Chilli Paste 75g;£1.65/unit;£2.20/100g;Fresh herbs & ingredients;asian-ingredients;82;1.0;2.9;0.7;5.8;0.5;7.3;1.17;
sainsburys-chilli-paste-75g;Sainsbury's Chilli Paste 75g;£1.65/unit;£2.20/100g;Fresh herbs & ingredients;indian-ingredients;82;1.0;2.9;0.7;5.8;0.5;7.3;1.17;
sainsburys-chilli-penne-500g;Sainsbury's Chilli Penne 500g;£0.85/unit;£1.70/kg;Rice, pasta & noodles;pasta;362;12.3;73.1;3.5;1.7;0.5;2.5;0.01;
sainsburys-chilli-pesto-190g;Sainsbury's Chilli Pesto 190g;£1.00/unit;£0.53/100g;Cooking sauces & world foods;italian-cooking-sauces;260;2.2;4.1;3.7;25.4;3.1;3.0;1.50;
sainsburys-chilli-plant;Sainsbury's Chilli Plant;£2.50/unit;£2.50/ea;Fresh herbs & ingredients;afro-caribbean-ingredients;27;2.4;2.4;2.4;0.5;0.1;null;0.03;
sainsburys-chilli-plant;Sainsbury's Chilli Plant;£2.50/unit;£2.50/ea;Fresh herbs & ingredients;asian-ingredients;27;2.4;2.4;2.4;0.5;0.1;null;0.03;
sainsburys-chilli-plant;Sainsbury's Chilli Plant;£2.50/unit;£2.50/ea;Fresh herbs & ingredients;indian-ingredients;27;2.4;2.4;2.4;0.5;0.1;null;0.03;
sainsburys-chilli-plant;Sainsbury's Chilli Plant;£2.50/unit;£2.50/ea;Fresh vegetables;chillies-herbs-ingredients;27;2.4;2.4;2.4;0.5;0.1;null;0.03;
sainsburys-chilli-plant;Sainsbury's Chilli Plant;£2.50/unit;£2.50/ea;Fresh vegetables;fresh-vegetables-world-exotic;27;2.4;2.4;2.4;0.5;0.1;null;0.03;
sainsburys-chilli-poppadoms-80g;Sainsbury's Chilli Poppadoms 80g;£1.50/unit;£1.88/100g;Cooking sauces & world foods;indian-cooking-sauces;481;17.2;35.8;0.5;28.1;2.0;8.2;3.26;
sainsburys-chilli-wholegrains-100g;Sainsbury's Sour Cream & Sweet Chilli  Wholegrain Bites 100g;£1.20/unit;£1.20/100g;Crisps, nuts & snacking fruit;crisps;482;7.5;61;7.7;22;2.2;4.2;1.6;
sainsburys-chilli-wholegrains-100g;Sainsbury's Sour Cream & Sweet Chilli  Wholegrain Bites 100g;£1.20/unit;£1.20/100g;Crisps, nuts & snacking fruit;healthier-snacks-12459-44;482;7.5;61;7.7;22;2.2;4.2;1.6;
sainsburys-chilli-with-coriander-rice--taste-the-difference-450g;Sainsbury's Chilli With Coriander Rice, Taste the Difference 450g;£3.30/unit;£7.33/kg;Ready meals;meals-for-1-ready-meals;122;6.5;16.5;2.0;2.8;1.0;2.2;0.44;
sainsburys-chilli-with-coriander-rice--taste-the-difference-450g;Sainsbury's Chilli With Coriander Rice, Taste the Difference 450g;£3.30/unit;£7.33/kg;Ready meals;mexican-caribbean-american-ready-meals;122;6.5;16.5;2.0;2.8;1.0;2.2;0.44;
sainsburys-chilli-with-coriander-rice--taste-the-difference-450g;Sainsbury's Chilli With Coriander Rice, Taste the Difference 450g;£3.30/unit;£7.33/kg;Ready meals;taste-the-difference-bistro-ready-meals;122;6.5;16.5;2.0;2.8;1.0;2.2;0.44;
sainsburys-chillies--basics-150g;Sainsbury's Chillies, Basics 150g;£1.50/unit;£10.00/kg;Fresh herbs & ingredients;afro-caribbean-ingredients;27;2.4;2.4;2.4;0.5;0.1;null;0.03;
sainsburys-chillies--basics-150g;Sainsbury's Chillies, Basics 150g;£1.50/unit;£10.00/kg;Fresh herbs & ingredients;asian-ingredients;27;2.4;2.4;2.4;0.5;0.1;null;0.03;
sainsburys-chillies--basics-150g;Sainsbury's Chillies, Basics 150g;£1.50/unit;£10.00/kg;Fresh herbs & ingredients;indian-ingredients;27;2.4;2.4;2.4;0.5;0.1;null;0.03;
sainsburys-chillies--basics-150g;Sainsbury's Chillies, Basics 150g;£1.50/unit;£10.00/kg;Fresh vegetables;chillies-herbs-ingredients;27;2.4;2.4;2.4;0.5;0.1;null;0.03;
sainsburys-chillies--basics-150g;Sainsbury's Chillies, Basics 150g;£1.50/unit;£10.00/kg;Fresh vegetables;fresh-vegetables-world-exotic;27;2.4;2.4;2.4;0.5;0.1;null;0.03;
sainsburys-chillies--mixed-50g;Sainsbury's Chillies, Mixed 50g;£0.60/unit;£12.00/kg;Fresh herbs & ingredients;afro-caribbean-ingredients;27;2.4;2.4;2.4;0.5;0.1;null;0.03;
sainsburys-chillies--mixed-50g;Sainsbury's Chillies, Mixed 50g;£0.60/unit;£12.00/kg;Fresh herbs & ingredients;asian-ingredients;27;2.4;2.4;2.4;0.5;0.1;null;0.03;
sainsburys-chillies--mixed-50g;Sainsbury's Chillies, Mixed 50g;£0.60/unit;£12.00/kg;Fresh herbs & ingredients;indian-ingredients;27;2.4;2.4;2.4;0.5;0.1;null;0.03;
sainsburys-chillies--mixed-50g;Sainsbury's Chillies, Mixed 50g;£0.60/unit;£12.00/kg;Fresh vegetables;chillies-herbs-ingredients;27;2.4;2.4;2.4;0.5;0.1;null;0.03;
sainsburys-chillies--mixed-50g;Sainsbury's Chillies, Mixed 50g;£0.60/unit;£12.00/kg;Fresh vegetables;fresh-vegetables-world-exotic;27;2.4;2.4;2.4;0.5;0.1;null;0.03;
sainsburys-chinese-bbq-oven-bake-sauce-180g;Sainsbury's Chinese BBQ Oven Bake Sauce 180g;£1.20/unit;£0.67/100g;Cooking sauces & world foods;chinese-cooking-sauces;127;1.1;25.8;15.6;2.2;0.2;0.5;1.40;
sainsburys-chinese-chicken-curry---rice--be-good-to-yourself-380g;Sainsbury's Chinese Chicken Curry & Rice, Be Good To Yourself 380g;£3.00/unit;£7.89/kg;Ready meals;healthier-choice-ready-meals;109;6.7;16.0;2.8;1.5;0.5;2.2;0.43;
sainsburys-chinese-chicken-curry---rice--be-good-to-yourself-380g;Sainsbury's Chinese Chicken Curry & Rice, Be Good To Yourself 380g;£3.00/unit;£7.89/kg;Ready meals;meals-for-1-ready-meals;109;6.7;16.0;2.8;1.5;0.5;2.2;0.43;
sainsburys-chinese-chicken-curry---rice--be-good-to-yourself-380g;Sainsbury's Chinese Chicken Curry & Rice, Be Good To Yourself 380g;£3.00/unit;£7.89/kg;Ready meals;oriental-ready-meals;109;6.7;16.0;2.8;1.5;0.5;2.2;0.43;
sainsburys-chinese-chicken-curry---rice-450g;Sainsbury's Chinese Chicken Curry & Rice 450g;£3.00/unit;£6.67/kg;Ready meals;meals-for-1-ready-meals;132;7.7;19.3;1.0;2.4;0.5;1.1;0.43;
sainsburys-chinese-chicken-curry---rice-450g;Sainsbury's Chinese Chicken Curry & Rice 450g;£3.00/unit;£6.67/kg;Ready meals;oriental-ready-meals;132;7.7;19.3;1.0;2.4;0.5;1.1;0.43;
sainsburys-chinese-chip-shop-curry-500g;Sainsbury's Chinese Chip Shop Curry Sauce 500g;£1.29/unit;£0.26/100g;Cooking sauces & world foods;chinese-cooking-sauces;75;1.1;9.1;3.3;3.4;1.4;1.6;0.80;
sainsburys-chinese-leaf-lettuce;Sainsbury's Chinese Leaf Lettuce;£1.20/unit;£1.20/ea;Fresh herbs & ingredients;asian-ingredients;14;1.2;1.3;1.3;0.5;0.1;1.3;0.02;
sainsburys-chinese-leaf-lettuce;Sainsbury's Chinese Leaf Lettuce;£1.20/unit;£1.20/ea;Fresh salad;lettuce;14;1.2;1.3;1.3;0.5;0.1;1.3;0.02;
sainsburys-chinese-leaf-lettuce;Sainsbury's Chinese Leaf Lettuce;£1.20/unit;£1.20/ea;Fresh vegetables;fresh-vegetables-stir-fry;14;1.2;1.3;1.3;0.5;0.1;1.3;0.02;
sainsburys-chinese-leaf-lettuce;Sainsbury's Chinese Leaf Lettuce;£1.20/unit;£1.20/ea;Fresh vegetables;fresh-vegetables-world-exotic;14;1.2;1.3;1.3;0.5;0.1;1.3;0.02;
sainsburys-chinese-marinade-280g;Sainsbury's Chinese Marinade 280g;£1.20/unit;£0.43/100g;Table sauces, dressings & condiments;marinades-glazes;103;0.5;24.4;18.6;0.5;0.1;1.0;0.47;
sainsburys-chinese-sauce-175ml;Sainsbury's Fresh Chinese Sauce 175ml;£1.00/unit;£0.57/100ml;Fresh herbs & ingredients;asian-ingredients;90;1.1;13;7.7;3.8;0.3;0.5;1.4;
sainsburys-chinese-sauce-175ml;Sainsbury's Fresh Chinese Sauce 175ml;£1.00/unit;£0.57/100ml;Fresh vegetables;chillies-herbs-ingredients;90;1.1;13;7.7;3.8;0.3;0.5;1.4;
sainsburys-chinese-sauce-175ml;Sainsbury's Fresh Chinese Sauce 175ml;£1.00/unit;£0.57/100ml;Fresh vegetables;fresh-vegetables-stir-fry;90;1.1;13;7.7;3.8;0.3;0.5;1.4;
sainsburys-chinese-sauce-175ml;Sainsbury's Fresh Chinese Sauce 175ml;£1.00/unit;£0.57/100ml;Fresh vegetables;fresh-vegetables-world-exotic;90;1.1;13;7.7;3.8;0.3;0.5;1.4;
sainsburys-chinese-sauce-175ml;Sainsbury's Fresh Chinese Sauce 175ml;£1.00/unit;£0.57/100ml;Prepared & ready to eat;prepared-stir-fry;90;1.1;13;7.7;3.8;0.3;0.5;1.4;
sainsburys-chinese-sauce-175ml;Sainsbury's Fresh Chinese Sauce 175ml;£1.00/unit;£0.57/100ml;Prepared & ready to eat;prepared-vegetables;90;1.1;13;7.7;3.8;0.3;0.5;1.4;
sainsburys-chinese-style-chicken-drumsticks-700g;Sainsbury's Chinese Style Chicken Drumsticks 700g;£3.50/unit;£5.00/kg;Burgers & BBQ;burgers-bbq;155;22.2;2.7;2.5;6.2;1.5;0.5;0.61;
sainsburys-chinese-style-chicken-drumsticks-700g;Sainsbury's Chinese Style Chicken Drumsticks 700g;£3.50/unit;£5.00/kg;Chicken;chicken;155;22.2;2.7;2.5;6.2;1.5;0.5;0.61;
sainsburys-chinese-style-savoury-rice-120g;Sainsbury's Savoury Rice, Chinese Style  120g;£0.55/unit;£4.58/kg;Cooking sauces & world foods;world-foods-instant-snack-meals;120;2.3;25.1;1.3;0.8;0.4;1.6;0.42;
sainsburys-chinese-style-savoury-rice-120g;Sainsbury's Savoury Rice, Chinese Style  120g;£0.55/unit;£4.58/kg;Rice, pasta & noodles;instant-snack-meals;120;2.3;25.1;1.3;0.8;0.4;1.6;0.42;
sainsburys-chinese-style-savoury-rice-120g;Sainsbury's Savoury Rice, Chinese Style  120g;£0.55/unit;£4.58/kg;Rice, pasta & noodles;rice-12592-44;120;2.3;25.1;1.3;0.8;0.4;1.6;0.42;
sainsburys-chip-shop-curry-coated-peanuts-200g;Sainsbury's Chip Shop Curry Coated Peanuts 200g;£1.50/unit;£0.75/100g;Crisps, nuts & snacking fruit;nuts;489;14.0;53.9;11.0;23.0;2.5;5.1;1.55;
sainsburys-chip-shop-style-mushy-peas-300g;Sainsbury's Chip Shop Style Mushy Peas 300g;£0.40/unit;£1.33/kg;Canned, tinned & packaged foods;canned-tinned-packaged-vegetables;81;4.9;13.1;1.4;0.5;0.1;2.6;0.47;
sainsburys-chips--basics-900g;Sainsbury's Chips, Basics 900g;£0.65/unit;£0.72/kg;Chips & potatoes;chips-potatoes;194;3.5;30.7;0.5;5.3;0.6;5.2;0.08;
sainsburys-chive---onion-mini-twists-125g;Sainsbury's Chive & Onion Mini Twists 125g;£1.10/unit;£0.88/100g;Biscuits & crackers;crackers-savoury-biscuits;497;11.8;53.5;5.5;25.4;14.1;3.4;1.93;
sainsburys-chives-5g;Sainsbury's Chives 5g;£1.00/unit;£2.00/10g;Cooking ingredients & oils;herbs-spices-seasoning;null;null;null;null;null;null;null;null;
sainsburys-choc---amaretto-cheesecake-slices--taste-the-difference-2x100g;Sainsbury's Chocolate & Amaretto Cheesecake Slices, Taste the Difference 2x100g;£2.50/unit;£1.25/100g;Desserts & cream;desserts;319;4.9;30.0;20.0;19.0;10.9;0.7;0.47;
sainsburys-choc-brownie-tart--taste-the-difference-470g;Sainsbury's Choc Brownie Tart, Taste the Difference 470g;£4.00/unit;£8.51/kg;Desserts & cream;desserts;434;5.9;45.6;30.4;24.9;15.8;2.3;0.05;
sainsburys-choc-buttercream-style-icing-400g;Sainsbury's Chocolate Buttercream Icing 400g;£1.80/unit;£0.45/100g;Sugar & home baking;decorations;417;2.1;58.1;51.3;19.3;9.4;1.0;0.66;
sainsburys-choc-buttercream-style-icing-400g;Sainsbury's Chocolate Buttercream Icing 400g;£1.80/unit;£0.45/100g;Sugar & home baking;icing---marzipan;417;2.1;58.1;51.3;19.3;9.4;1.0;0.66;
sainsburys-choc-chip-shortbread-mini-bites-x16;Sainsbury's Choc Chip Shortbread Mini Bites x16;£1.60/unit;£0.10/ea;Cakes;cakes-from-our-bakery-12374-44;null;null;null;null;null;null;null;null;
sainsburys-choc-chip-shortbread-mini-bites-x16;Sainsbury's Choc Chip Shortbread Mini Bites x16;£1.60/unit;£0.10/ea;Cakes;flapjacks-traybakes-bites;null;null;null;null;null;null;null;null;
sainsburys-choc-chip-shortbread-mini-bites-x16;Sainsbury's Choc Chip Shortbread Mini Bites x16;£1.60/unit;£0.10/ea;From our in store bakery;cakes-from-our-bakery;null;null;null;null;null;null;null;null;
sainsburys-choco-caramel-duo-375g;Sainsbury's Choco Caramel Duo 375g;£1.40/unit;£0.37/100g;Breakfast cereals;kids-cereals;389;8.3;80.3;33.0;2.6;1.3;5.6;0.50;
sainsburys-choco-rice-pops-600g;Sainsbury's Choco Rice Pops 600g;£1.95/unit;£0.33/100g;Breakfast cereals;kids-cereals;390;5.7;84;35;3.0;1.6;2.4;0.73;
sainsburys-chocoalte---caramel-flavoured-writing-icing-76g;Sainsbury's Writing Icing, Chocolate & Caramel Flavour 4x19g;£2.00/unit;£2.63/100g;Sugar & home baking;decorations;394;1.1;71.8;68.6;11.0;2.3;1.7;0.18;
sainsburys-chocoalte---caramel-flavoured-writing-icing-76g;Sainsbury's Writing Icing, Chocolate & Caramel Flavour 4x19g;£2.00/unit;£2.63/100g;Sugar & home baking;icing---marzipan;394;1.1;71.8;68.6;11.0;2.3;1.7;0.18;
sainsburys-chocolate---caramel-shot-50g;Sainsbury's Chocolate & Caramel Shot 50g;£1.00/unit;£1.85/100g;Desserts & cream;desserts;405;3.9;36.4;32.6;26.7;16.5;1.7;0.16;
sainsburys-chocolate---caramel-spread-400g;Sainsbury's Chocolate & Caramel Spread 400g;£1.50/unit;£0.38/100g;Jams, honey & spreads;chocolate-sweet-spreads;580;2.5;57.5;56.5;37.5;9.5;1.0;0.14;
sainsburys-chocolate---carmamel-pots--taste-the-difference-2x100g;Sainsbury's Chocolate & Caramel Pots, Taste the Difference 2x100g;£3.00/unit;£1.50/100g;Desserts & cream;desserts;408;3.9;39.0;35.9;25.9;15.4;2.0;0.62;
sainsburys-chocolate---honeycomb-cheesecake-slices-2x98g;Sainsbury's Chocolate & Honeycomb Cheesecake Slices 2x98g;£2.00/unit;£1.02/100g;Desserts & cream;desserts;395;4.6;39.0;24.0;24.3;13.5;1.1;0.40;
sainsburys-chocolate---nut-cones-x4-440ml;Sainsbury's Ice Cream Cones, Chocolate & Nut 4x110ml;£1.00/unit;£0.23/100ml;Ice cream & desserts;lollies-bars-cones;263;3.4;38.8;22.7;10.3;8.1;1.0;0.10;
sainsburys-chocolate---vanilla-ice-cream-900ml;Sainsbury's Chocolate & Vanilla Ice Cream 900ml;£2.00/unit;£0.22/100ml;Ice cream & desserts;ice-cream-tubs;188;3.4;28.6;21.7;6.5;5.1;0.6;0.15;
sainsburys-chocolate-biscuit-selection-300g;Sainsbury's Chocolate Biscuit Selection 300g;£3.00/unit;£1.00/100g;Biscuits & crackers;biscuits-crackers-sharing-bags-assortments;522;6.1;61.1;46.3;27.7;16.6;2.3;0.42;
sainsburys-chocolate-brownie--taste-the-difference-62g;Sainsbury's Chocolate Brownie, Taste the Difference 62g;£0.80/unit;£1.29/100g;Cakes;flapjacks-traybakes-bites;449;5.9;50;34;25;15;3.0;0.10;
sainsburys-chocolate-brownie--taste-the-difference-62g;Sainsbury's Chocolate Brownie, Taste the Difference 62g;£0.80/unit;£1.29/100g;Cakes;taste-the-difference;449;5.9;50;34;25;15;3.0;0.10;
sainsburys-chocolate-brownie-500ml;Sainsbury's Chocolate Brownie Ice Cream 500ml;£2.50/unit;£0.50/100ml;Ice cream & desserts;ice-cream-tubs;223;4.2;31.3;23.7;8.6;5.3;2.0;0.15;
sainsburys-chocolate-brownie-bites-x16;Sainsbury's Chocolate Brownie Bites x16;£1.60/unit;£0.10/ea;Cakes;cakes-from-our-bakery-12374-44;null;null;null;null;null;null;null;null;
sainsburys-chocolate-brownie-bites-x16;Sainsbury's Chocolate Brownie Bites x16;£1.60/unit;£0.10/ea;Cakes;flapjacks-traybakes-bites;null;null;null;null;null;null;null;null;
sainsburys-chocolate-brownie-bites-x16;Sainsbury's Chocolate Brownie Bites x16;£1.60/unit;£0.10/ea;From our in store bakery;cakes-from-our-bakery;null;null;null;null;null;null;null;null;
sainsburys-chocolate-brownie-mix-450g;Sainsbury's Chocolate Brownie Mix 450g;£1.60/unit;£3.56/kg;Sugar & home baking;cake-sweet-mixes;412;4.1;62.3;56.3;15.3;5.9;4.5;0.18;
sainsburys-chocolate-brownie-pudding-400g;Sainsbury's Chocolate Brownie Pudding 400g;£2.75/unit;£0.69/100g;Desserts & cream;desserts;441;5.3;48.3;39.1;24.7;13.5;2.4;0.10;
sainsburys-chocolate-caramels-medium-easter-egg-150g;Sainsbury's Milk Chocolate Easter Egg with Chocolate Caramels 155g;£1.00/unit;£0.65/100g;Confectionery;easter-eggs;517;8.1;58.9;57.8;27.0;16.2;2.3;0.18;
sainsburys-chocolate-cheesecake-425g-%28serves-6%29;Sainsbury's Chocolate Cheesecake 425g (Serves 6);£2.00/unit;£0.47/100g;Ice cream & desserts;frozen-cold-desserts;370;6.3;41.7;30.9;19.5;10.6;1.3;0.33;
sainsburys-chocolate-chip-balance-cereal-bars-6x21g;Sainsbury's Chocolate Chip Balance Cereal Bars 6x21g;£1.60/unit;£1.27/100g;Biscuits & crackers;cereal-bars-breakfast-biscuits;381;4.7;76.0;27.0;5.6;3.2;3.8;0.46;
sainsburys-chocolate-chip-balance-cereal-bars-6x21g;Sainsbury's Chocolate Chip Balance Cereal Bars 6x21g;£1.60/unit;£1.27/100g;Breakfast cereals;breakfast-cereal-bars-breakfast-biscuits;381;4.7;76.0;27.0;5.6;3.2;3.8;0.46;
sainsburys-chocolate-chip-cereal-bars-x6--basics-150g;Sainsbury's Chocolate Chip Cereal Bars x6, Basics 150g;£1.00/unit;£0.67/100g;Biscuits & crackers;cereal-bars-breakfast-biscuits;397;6.6;70.0;24.6;9.0;4.3;4.7;0.25;
sainsburys-chocolate-chip-cereal-bars-x6--basics-150g;Sainsbury's Chocolate Chip Cereal Bars x6, Basics 150g;£1.00/unit;£0.67/100g;Breakfast cereals;breakfast-cereal-bars-breakfast-biscuits;397;6.6;70.0;24.6;9.0;4.3;4.7;0.25;
sainsburys-chocolate-chip-cookies-230g;Sainsbury's Chocolate Chip Cookies 230g;£0.75/unit;£0.33/100g;Biscuits & crackers;cookies;504;5.4;62.5;30.1;25.2;12.9;3.0;0.45;
sainsburys-chocolate-chip-cookies-400g;Sainsbury's Chocolate Chip Cookies 400g;£1.00/unit;£0.25/100g;Biscuits & crackers;cookies;504;5.4;62.5;30.1;25.2;12.9;3.0;0.45;
sainsburys-chocolate-chip-digestive-500g;Sainsbury's Dark Chocolate Chip Digestive 500g;£1.00/unit;£0.20/100g;Biscuits & crackers;everyday-biscuits-shortbread;491;6.7;62.7;25.3;22.9;11.2;3.6;1.05;
sainsburys-chocolate-chip-muffins-x4-7171272-p-44;Sainsbury's Muffins, Chocolate Chip x4;£1.00/unit;£0.25/ea;Cakes;cakes-from-our-bakery-12374-44;null;null;null;null;null;null;null;null;
sainsburys-chocolate-chip-muffins-x4-7171272-p-44;Sainsbury's Muffins, Chocolate Chip x4;£1.00/unit;£0.25/ea;From our in store bakery;cakes-from-our-bakery;null;null;null;null;null;null;null;null;
sainsburys-chocolate-chip-muffins-x4;Sainsbury's Muffins, Chocolate Chip x4;£1.50/unit;£0.38/ea;Cakes;muffins-small-cakes;407;5.0;52;28;19;3.5;1.6;0.41;
sainsburys-chocolate-chunk---hazelnut-cookies--taste-the-difference-200g;Sainsbury's Chocolate Chunk & Hazelnut Cookies, Taste the Difference 200g;£1.75/unit;£0.88/100g;Biscuits & crackers;cookies;527;6.7;54.2;29.0;30.8;13.8;3.3;0.80;
sainsburys-chocolate-chunk---hazelnut-cookies--taste-the-difference-200g;Sainsbury's Chocolate Chunk & Hazelnut Cookies, Taste the Difference 200g;£1.75/unit;£0.88/100g;Biscuits & crackers;luxury-continental-biscuits;527;6.7;54.2;29.0;30.8;13.8;3.3;0.80;
sainsburys-chocolate-cream-eclairs-2x70g;Sainsbury's Chocolate Cream Eclairs 2x70g;£2.00/unit;£1.43/100g;Desserts & cream;desserts;364;6.4;30.1;17.3;24.1;11.1;0.6;0.14;
sainsburys-chocolate-cup-cake-mix-370g;Sainsbury's Chocolate Cup Cake Mix 370g;£1.40/unit;£3.78/kg;Sugar & home baking;cake-sweet-mixes;465;3.6;54.1;45.5;25.8;15.1;1.1;0.28;
sainsburys-chocolate-cupcakes-x2;Sainsbury's Chocolate Cupcakes x2;£1.45/unit;£0.73/ea;Cakes;muffins-small-cakes;492;4.2;54;48;29;11;1.3;0.36;
sainsburys-chocolate-custard-pots-4x150g;Sainsbury's Custard Pots, Chocolate Flavour 4x150g;£1.25/unit;£0.21/100g;Fruit & desserts;custard;108;3.0;18.1;12.1;2.5;1.7;0.7;0.11;
sainsburys-chocolate-custard-pots-4x150g;Sainsbury's Custard Pots, Chocolate Flavour 4x150g;£1.25/unit;£0.21/100g;Fruit & desserts;dessert-pots;108;3.0;18.1;12.1;2.5;1.7;0.7;0.11;
sainsburys-chocolate-custard-pots-4x150g;Sainsbury's Custard Pots, Chocolate Flavour 4x150g;£1.25/unit;£0.21/100g;Fruit & desserts;kids-lunchbox-fruit-desserts;108;3.0;18.1;12.1;2.5;1.7;0.7;0.11;
sainsburys-chocolate-designer-icing-120g;Sainsbury's Chocolate Designer Icing 120g;£1.40/unit;£1.17/100g;Sugar & home baking;decorations;394;1.4;71.2;66.4;11.3;4.0;0.7;0.28;
sainsburys-chocolate-designer-icing-120g;Sainsbury's Chocolate Designer Icing 120g;£1.40/unit;£1.17/100g;Sugar & home baking;icing---marzipan;394;1.4;71.2;66.4;11.3;4.0;0.7;0.28;
sainsburys-chocolate-digestive-bars--basics-x20;Sainsbury's Chocolate Digestive Bars, Basics x20;£1.25/unit;£0.06/ea;Biscuits & crackers;biscuits-crackers-kids-lunchbox;503;6.5;63.7;32.8;24.1;12.8;2.7;0.93;
sainsburys-chocolate-digestive-bars--basics-x20;Sainsbury's Chocolate Digestive Bars, Basics x20;£1.25/unit;£0.06/ea;Biscuits & crackers;chocolate-biscuits;503;6.5;63.7;32.8;24.1;12.8;2.7;0.93;
sainsburys-chocolate-doughnuts-2x72g;Sainsbury's Chocolate Doughnuts 2x72g;£1.20/unit;£0.83/100g;Desserts & cream;desserts;352;6.4;34.5;12.0;20.5;10.0;2.0;0.62;
sainsburys-chocolate-fairy-cakes-x12;Sainsbury's Chocolate Fairy Cakes x12;£1.00/unit;£0.08/ea;Cakes;muffins-small-cakes;430;5.5;48.7;26.9;22.9;2.3;3.2;0.46;
sainsburys-chocolate-filled-crepes-x6;Sainsbury's Chocolate Filled Crepes x6;£1.50/unit;£0.78/100g;Crumpets, breakfast muffins & pancakes;crumpets-breakfast-muffins-pancakes;449;6.5;63.7;37.6;18.4;5.5;1.3;0.93;
sainsburys-chocolate-flavoured-cupcakes-x6;Sainsbury's Chocolate Flavoured Cupcakes x6;£1.30/unit;£0.22/ea;Cakes;muffins-small-cakes;408;4.0;60.4;43.8;16.4;3.0;1.5;0.44;
sainsburys-chocolate-fudge-cake-mix-605g;Sainsbury's Chocolate Fudge Cake Mix 605g;£1.90/unit;£3.14/kg;Sugar & home baking;cake-sweet-mixes;391;4.8;52.5;38.1;17.4;9.8;2.6;0.35;
sainsburys-chocolate-hazelnut-squares-375g;Sainsbury's Chocolate Hazelnut Squares 375g;£1.60/unit;£0.43/100g;Breakfast cereals;kids-cereals;415;6.0;67.0;28.1;12.7;3.8;4.5;0.58;
sainsburys-chocolate-ice-cream--taste-the-difference-500ml;Sainsbury's Belgian Chocolate Ice Cream, Taste the Difference 500ml;£3.25/unit;£0.65/100ml;Ice cream & desserts;ice-cream-tubs;230;6.0;21.8;17.2;12.7;6.8;2.0;0.11;
sainsburys-chocolate-iced-ring-donuts-x4;Sainsbury's Chocolate Iced Ring Doughnuts x4;£1.00/unit;£0.25/ea;Cakes;doughnuts-cookies;null;null;null;null;null;null;null;null;
sainsburys-chocolate-iced-ring-donuts-x4;Sainsbury's Chocolate Iced Ring Doughnuts x4;£1.00/unit;£0.25/ea;From our in store bakery;instore-bakery-doughnuts-cookies;null;null;null;null;null;null;null;null;
sainsburys-chocolate-macaroon-kit-305g;Sainsbury's Chocolate Macaroon Kit 305g;£2.00/unit;£6.56/kg;Sugar & home baking;cake-sweet-mixes;468;11.8;57.4;55.7;20.0;6.6;5.5;0.33;
sainsburys-chocolate-melting-middle-puds-2x135g;Sainsbury's Chocolate Melting Middle Puds 2x135g;£1.75/unit;£0.65/100g;Desserts & cream;desserts;381;4.2;39.4;25.0;22.4;10.6;2.6;0.20;
sainsburys-chocolate-mini-rolls-x14;Sainsbury's Chocolate Mini Rolls x14;£1.60/unit;£0.11/ea;Cakes;cakes-from-our-bakery-12374-44;null;null;null;null;null;null;null;null;
sainsburys-chocolate-mini-rolls-x14;Sainsbury's Chocolate Mini Rolls x14;£1.60/unit;£0.11/ea;From our in store bakery;cakes-from-our-bakery;null;null;null;null;null;null;null;null;
sainsburys-chocolate-mousse--basics-6x625g;Sainsbury's Mousse Chocolate, Basics 6x62.5g;£0.45/unit;£0.12/100g;Yogurts;rice-dessert-style-yogurts;136;4.6;18;16;4.6;3.7;2.0;0.25;
sainsburys-chocolate-mousse--taste-the-difference-100g;Sainsbury's Mousse Chocolate, Taste the Difference 100g;£1.00/unit;£1.00/100g;Desserts & cream;desserts;319;5.2;31.0;29.2;19.1;12.3;0.9;0.08;
sainsburys-chocolate-mousse--taste-the-difference-100g;Sainsbury's Mousse Chocolate, Taste the Difference 100g;£1.00/unit;£1.00/100g;Yogurts;luxury-yogurts;319;5.2;31.0;29.2;19.1;12.3;0.9;0.08;
sainsburys-chocolate-mousse--taste-the-difference-100g;Sainsbury's Mousse Chocolate, Taste the Difference 100g;£1.00/unit;£1.00/100g;Yogurts;rice-dessert-style-yogurts;319;5.2;31.0;29.2;19.1;12.3;0.9;0.08;
sainsburys-chocolate-mousse-6x625g;Sainsbury's Mousse Chocolate 6x62.5g;£0.90/unit;£0.24/100g;Yogurts;rice-dessert-style-yogurts;185;5.0;23.8;21.0;7.5;5.8;1.1;0.19;
sainsburys-chocolate-muffin-dessert--be-good-to-yourself-100g;Sainsbury's Chocolate Muffin Dessert, Be Good To Yourself 100g;£1.10/unit;£1.10/100g;Desserts & cream;desserts;153;6.1;26.0;21.5;2.6;1.5;0.8;0.33;
sainsburys-chocolate-party-cake-%28-serves-12-%29;Sainsbury's Chocolate Party Cake (Serves 12);£6.00/unit;£6.38/kg;Celebration cakes;celebration-cakes;393;5.1;54;35;17;2.9;2.2;0.48;
sainsburys-chocolate-party-traybake-%28serves-15%29;Sainsbury's Chocolate Party Traybake (Serves 15);£5.00/unit;£6.85/kg;Celebration cakes;celebration-cakes;458;4.4;55;41;24;10;2.2;0.44;
sainsburys-chocolate-profiterole-stack-280g;Sainsbury's Chocolate Profiterole Stack 280g;£2.50/unit;£0.89/100g;Desserts & cream;desserts;400;5.3;39.8;31.1;23.9;12.0;2.0;0.20;
sainsburys-chocolate-sauce--taste-the-difference-260g;Sainsbury's Belgian Chocolate Sauce, Taste the Difference 260g;£2.50/unit;£0.96/100g;Fruit & desserts;sauces-toppings;466;4.3;34.6;29.1;33.5;21.2;4.1;0.07;
sainsburys-chocolate-sauce--taste-the-difference-260g;Sainsbury's Belgian Chocolate Sauce, Taste the Difference 260g;£2.50/unit;£0.96/100g;Ice cream & desserts;wafers-sauces-toppings;466;4.3;34.6;29.1;33.5;21.2;4.1;0.07;
sainsburys-chocolate-sponge--be-good-to-yourself-250g;Sainsbury's Chocolate Sponge, Be Good To Yourself 250g;£1.75/unit;£0.80/100g;Desserts & cream;desserts;181;4.0;35.7;18.2;2.0;1.1;2.2;0.50;
sainsburys-chocolate-sponge-400g;Sainsbury's Chocolate Sponge Mix 400g;£1.00/unit;£2.50/kg;Sugar & home baking;cake-sweet-mixes;339;6.3;53.4;30.6;10.7;5.0;2.1;0.55;
sainsburys-chocolate-sponge-pudding--taste-the-difference-400g;Sainsbury's Chocolate Sponge Pudding, Taste the Difference 400g;£3.75/unit;£0.94/100g;Desserts & cream;desserts;412;5.4;44.3;29.9;23.0;13.3;3.0;0.32;
sainsburys-chocolate-sponge-pudding-120g;Sainsbury's Chocolate Sponge Pudding 120g;£0.65/unit;£0.54/100g;Fruit & desserts;rice-sponge-pudding;326;3.0;39.0;28.3;17.0;5.5;2.5;0.50;
sainsburys-chocolate-sponge-puddings-2x110g;Sainsbury's Chocolate Sponge Puddings 2x110g;£1.00/unit;£0.46/100g;Desserts & cream;desserts;359;5.1;41.2;28.4;18.8;11.5;2.4;0.99;
sainsburys-chocolate-sponge-sandwich-195g;Sainsbury's Chocolate Sponge Sandwich 195g;£1.00/unit;£1.00/ea;Cakes;sponge-slab-loaf-cakes;426;5.2;50.1;29.0;22.3;9.3;2.1;0.58;
sainsburys-chocolate-sprinkles-142g;Sainsbury's Cake Decorations, Chocolate Sprinkles 142g;£2.50/unit;£1.76/100g;Sugar & home baking;decorations;499;4.6;68.8;61.0;22.5;14.4;1.3;0.15;
sainsburys-chocolate-swiss-roll--basics;Sainsbury's Chocolate Swiss Roll, Basics 95g;£0.30/unit;£0.30/ea;Cakes;sponge-slab-loaf-cakes;383;5.3;55.3;32.9;15.1;5.1;2.2;0.50;
sainsburys-chocolate-traybake-kit-595g;Sainsbury's Chocolate Traybake Kit 595g;£1.90/unit;£3.19/kg;Sugar & home baking;cake-sweet-mixes;391;4.6;52.8;37.2;17.5;9.9;2.2;0.35;
sainsburys-chocolate-treats-350g;Sainsbury's Chocolate Treats 350g;£3.00/unit;£0.86/100g;Confectionery;chocolate;460;4.0;66.0;53.4;19.3;12.0;3.2;0.36;
sainsburys-chocolate-treats-350g;Sainsbury's Chocolate Treats 350g;£3.00/unit;£0.86/100g;Confectionery;gifting-boxed-chocolate;460;4.0;66.0;53.4;19.3;12.0;3.2;0.36;
sainsburys-chocolate-truffle-bar-150g;Sainsbury's Chocolate Truffle Bar 150g;£1.35/unit;£0.90/100g;Confectionery;chocolate;522;6.2;52.2;50.7;31.3;16.8;3.5;0.53;
sainsburys-chocolate-twist;Sainsbury's Chocolate Twist;£0.75/unit;£0.75/ea;Croissants, brioche & pastries;croissants-brioche-pastries;null;null;null;null;null;null;null;null;
sainsburys-chocolate-vermicelli-69g;Sainsbury's Cake Decorations, Chocolate Vermicelli 69g;£1.00/unit;£1.45/100g;Sugar & home baking;decorations;493;2.2;76.4;74.0;19.7;12.0;0.6;0.08;
sainsburys-chocolate-wafers--basics-5x168g;Sainsbury's Chocolate Wafers, Basics 5x16.8g;£0.45/unit;£0.54/100g;Biscuits & crackers;biscuits-crackers-kids-lunchbox;514;6.6;64;40;25;16;2.5;0.18;
sainsburys-chocolate-wafers--basics-5x168g;Sainsbury's Chocolate Wafers, Basics 5x16.8g;£0.45/unit;£0.54/100g;Biscuits & crackers;chocolate-biscuits;514;6.6;64;40;25;16;2.5;0.18;
sainsburys-chocolate-wheat-crispies-48g;Sainsbury's Cake Decorations, Chocolate Crispies 45g;£1.00/unit;£2.22/100g;Sugar & home baking;decorations;507;6.5;55.6;33.3;27.0;16.2;7.7;0.58;
sainsburys-choi-sum-200g;Sainsbury's Choi Sum 200g;£1.50/unit;£7.50/kg;Fresh herbs & ingredients;asian-ingredients;13;1.6;2.2;null;0.2;null;null;null;
sainsburys-choi-sum-200g;Sainsbury's Choi Sum 200g;£1.50/unit;£7.50/kg;Fresh vegetables;broccoli-cauliflower-cabbage-greens;13;1.6;2.2;null;0.2;null;null;null;
sainsburys-choi-sum-200g;Sainsbury's Choi Sum 200g;£1.50/unit;£7.50/kg;Fresh vegetables;fresh-vegetables-stir-fry;13;1.6;2.2;null;0.2;null;null;null;
sainsburys-choi-sum-200g;Sainsbury's Choi Sum 200g;£1.50/unit;£7.50/kg;Fresh vegetables;fresh-vegetables-world-exotic;13;1.6;2.2;null;0.2;null;null;null;
sainsburys-cholesterol-lowering-drink-original-6x100g;Sainsbury's Cholesterol Lowering Drink Original 6x100g;£2.30/unit;£0.38/100g;Yogurts;active-health-yogurts-drinks;61;3.2;11.3;10.2;0.5;0.1;0.5;0.01;
sainsburys-cholesterol-lowering-drink-strawberry-6x100g;Sainsbury's Cholesterol Lowering Drink Strawberry 6x100g;£2.30/unit;£0.38/100g;Yogurts;active-health-yogurts-drinks;58;3.0;10.9;10.3;0.5;0.1;0.5;0.09;
sainsburys-cholla-bread-400g;Sainsbury's Cholla Spiral 400g;£1.15/unit;£0.29/100g;Bread;bread-from-our-bakery2;null;null;null;null;null;null;null;null;
sainsburys-cholla-bread-400g;Sainsbury's Cholla Spiral 400g;£1.15/unit;£0.29/100g;From our in store bakery;bread-from-our-bakery;null;null;null;null;null;null;null;null;
sainsburys-cholla-rolls-x4;Sainsbury's Cholla Rolls x4;£0.65/unit;£0.16/ea;Naan, ciabatta & breads of the world;naan-ciabatta-breads-of-the-world;null;null;null;null;null;null;null;null;
sainsburys-cholla-rolls-x4;Sainsbury's Cholla Rolls x4;£0.65/unit;£0.16/ea;Rolls;rolls;null;null;null;null;null;null;null;null;
sainsburys-chopped-basil-50g;Sainsbury's Chopped Basil 50g;£1.50/unit;£3.00/100g;Fruit, vegetables & rice;frozen-herbs;36;3.5;2.6;0.5;0.5;0.1;4.5;0.05;
sainsburys-chopped-coriander-50g;Sainsbury's Chopped Coriander 50g;£1.50/unit;£3.00/100g;Fruit, vegetables & rice;frozen-herbs;34;3.4;0.5;0.5;0.8;0.2;5.7;0.08;
sainsburys-chopped-dates-250g;Sainsbury's Chopped Dates 250g;£2.50/unit;£10.00/kg;Sugar & home baking;dried-fruit---peel;295;3.3;68.0;68.0;0.5;0.1;4.0;0.03;
sainsburys-chopped-garlic-100g;Sainsbury's Chopped Garlic 100g;£1.50/unit;£1.50/100g;Fruit, vegetables & rice;frozen-herbs;94;4.3;16.1;1.4;0.5;0.1;5.6;0.05;
sainsburys-chopped-garlic-52g;Sainsbury's Chopped Garlic 52g;£1.00/unit;£0.19/10g;Cooking ingredients & oils;herbs-spices-seasoning;null;null;null;null;null;null;null;null;
sainsburys-chopped-ginger-75g;Sainsbury's Chopped Ginger 75g;£1.50/unit;£2.00/100g;Fruit, vegetables & rice;frozen-herbs;34;0.9;6.3;0.9;0.5;0.1;2.3;0.08;
sainsburys-chopped-mint-50g;Sainsbury's Chopped Mint 50g;£1.50/unit;£3.00/100g;Fruit, vegetables & rice;frozen-herbs;43;4.3;0.8;0.5;0.5;0.1;9.6;0.05;
sainsburys-chopped-mixed-nuts-200g;Sainsbury's Chopped Mixed Nuts 200g;£1.00/unit;£0.50/100g;Sugar & home baking;nuts---seeds;616;27.1;9.6;5.1;50.8;7.6;6.0;0.01;
sainsburys-chopped-onion-750g;Sainsbury's Chopped Onion 750g;£1.50/unit;£2.00/kg;Fruit, vegetables & rice;frozen-vegetables;41;1.2;7.9;5.6;0.5;0.1;1.4;0.03;
sainsburys-chopped-parsley-50g;Sainsbury's Chopped Parsley 50g;£1.50/unit;£3.00/100g;Fruit, vegetables & rice;frozen-herbs;41;4.1;3.3;1.0;0.5;0.1;4.1;0.13;
sainsburys-chopped-pork---ham--basics-200g;Sainsbury's Chopped Pork & Ham, Basics 200g;£0.80/unit;£0.40/100g;Canned, tinned & packaged foods;cold-meat;252;14;4.0;0.5;20;8.0;0.5;2.8;
sainsburys-chopped-pork---ham-340g;Sainsbury's Chopped Pork & Ham 340g;£1.70/unit;£0.50/100g;Canned, tinned & packaged foods;cold-meat;270;15.2;2.3;1.3;22.2;9.4;0;2.80;
sainsburys-chopped-pork-with-ham-200g;Sainsbury's Chopped Pork With Ham 200g;£1.20/unit;£0.60/100g;Canned, tinned & packaged foods;cold-meat;270;15.2;2.3;1.3;22.2;9.4;0;2.80;
sainsburys-chopped-red-chilli-75g;Sainsbury's Chopped Red Chilli 75g;£1.50/unit;£2.00/100g;Fruit, vegetables & rice;frozen-herbs;64;2.6;10.7;4.5;0.6;0.1;2.5;0.75;
sainsburys-chopped-red-chillies-90g;Sainsbury's Chilli Paste 90g;£1.20/unit;£1.26/100g;Cooking ingredients & oils;chilli-curry-powder;51;1.6;6.3;2.1;1.3;0.5;4.0;0;
sainsburys-chopped-red-chillies-90g;Sainsbury's Chilli Paste 90g;£1.20/unit;£1.26/100g;Cooking ingredients & oils;herbs-spices-seasoning;51;1.6;6.3;2.1;1.3;0.5;4.0;0;
sainsburys-chopped-spinach-1kg;Sainsbury's Chopped Spinach 1kg;£1.50/unit;£1.50/kg;Fruit, vegetables & rice;frozen-vegetables;26;3.1;0.5;0.5;0.8;0.1;2.1;0.04;
sainsburys-chopped-tomatoes--basics-400g;Sainsbury's Chopped Tomatoes, Basics 400g;£0.35/unit;£0.88/kg;Canned, tinned & packaged foods;canned-tinned-packaged-tomatoes;20;1.0;3.0;2.7;0.5;0.1;0.9;0.03;
sainsburys-chopped-tomatoes--so-organic-400g;Sainsbury's Chopped Tomatoes, SO Organic 400g;£0.80/unit;£2.00/kg;Canned, tinned & packaged foods;canned-tinned-packaged-tomatoes;20;1.1;2.8;2.8;0.5;0.1;1.5;0.08;
sainsburys-chopped-tomatoes-230g;Sainsbury's Chopped Tomatoes 230g;£0.35/unit;£1.52/kg;Canned, tinned & packaged foods;canned-tinned-packaged-tomatoes;22;1.2;3.5;3.2;0.5;0.1;0.9;0.02;
sainsburys-chopped-tomatoes-carton-390g;Sainsbury's Chopped Tomatoes Carton 390g;£0.50/unit;£1.28/kg;Canned, tinned & packaged foods;canned-tinned-packaged-tomatoes;20;1.0;3.0;2.8;0.5;0.1;0.8;0.03;
sainsburys-chopped-tomatoes-carton-4x-390g;Sainsbury's Chopped Tomatoes Carton 4x 390g;£1.50/unit;£0.96/kg;Canned, tinned & packaged foods;canned-tinned-packaged-tomatoes;20;1.0;3.0;2.8;0.5;0.1;0.8;0.03;
sainsburys-chopped-tomatoes-with-basil---onion-390g;Sainsbury's Chopped Tomatoes With Basil & Onion 390g;£0.40/unit;£1.02/kg;Canned, tinned & packaged foods;canned-tinned-packaged-tomatoes;30;1.4;4.9;4.2;0.3;0;1.2;0.60;
sainsburys-chopped-tomatoes-with-basil---oregano-390g;Sainsbury's Chopped Tomatoes With Basil & Oregano 390g;£0.70/unit;£1.79/kg;Canned, tinned & packaged foods;canned-tinned-packaged-tomatoes;27;1.3;4.4;4.0;0.5;0.1;1.2;0.60;
sainsburys-chopped-tomatoes-with-chargrilled-vegetable--taste-the-difference-390g;Sainsbury's Chopped Tomatoes with Chargrilled Vegetable, Taste the Difference 390g;£0.80/unit;£2.05/kg;Canned, tinned & packaged foods;canned-tinned-packaged-tomatoes;55;1.7;6.5;6.2;2.0;0.3;2.3;0.50;
sainsburys-chopped-tomatoes-with-chilli-390g;Sainsbury's Chopped Tomatoes With Chilli 390g;£0.40/unit;£1.02/kg;Canned, tinned & packaged foods;canned-tinned-packaged-tomatoes;28;1.7;4.3;3.7;0.3;0;0.7;0.60;
sainsburys-chopped-tomatoes-with-garlic---olive-oil-390g;Sainsbury's Chopped Tomatoes With Garlic & Olive Oil 390g;£0.70/unit;£1.79/kg;Canned, tinned & packaged foods;canned-tinned-packaged-tomatoes;50;1.3;5.9;5.2;2.1;0.3;1.0;0.60;
sainsburys-chopped-tomatoes-with-herbs-227g;Sainsbury's Chopped Tomatoes With Herbs 227g;£0.45/unit;£1.96/kg;Canned, tinned & packaged foods;canned-tinned-packaged-tomatoes;24;1.0;4.0;3.2;0.5;0.1;1.1;0.65;
sainsburys-chopped-tomatoes-with-sliced-olives-390g;Sainsbury's Chopped Tomatoes With Sliced Olives 390g;£0.70/unit;£1.79/kg;Canned, tinned & packaged foods;canned-tinned-packaged-tomatoes;48;1.3;5.6;5.0;2.1;0.2;0.7;0.60;
sainsburys-chorizo---butterbean-soup--taste-the-difference-600gr;Sainsbury's Chorizo & Butterbean Soup, Taste the Difference 600g;£2.00/unit;£0.33/100g;Soup & lunchtime snacks;fresh-soups;60;2.9;6.5;4.0;2.0;0.6;null;0.44;
sainsburys-chorizo---milano-177g;Sainsbury's Chorizo & Milano Selection 177g;£3.00/unit;£1.69/100g;Cooked meats & snacking;mfp-continental-meats;338;21.0;3.0;1.8;26.7;10.4;1.0;3.58;
sainsburys-chorizo---milano-177g;Sainsbury's Chorizo & Milano Selection 177g;£3.00/unit;£1.69/100g;Cooked meats, pate & sandwich fillers;continental-meats;338;21.0;3.0;1.8;26.7;10.4;1.0;3.58;
sainsburys-chorizo-iberico-bellota--taste-the-difference-40g;Sainsbury's Spanish Chorizo Iberico Bellota, Taste the Difference 40g;£1.85/unit;£4.63/100g;Cooked meats & snacking;mfp-continental-meats;469;25.2;0.6;0.5;40.4;15.7;1.0;3.58;
sainsburys-chorizo-iberico-bellota--taste-the-difference-40g;Sainsbury's Spanish Chorizo Iberico Bellota, Taste the Difference 40g;£1.85/unit;£4.63/100g;Cooked meats & snacking;mfp-cooked-meats-snacking-taste-the-difference;469;25.2;0.6;0.5;40.4;15.7;1.0;3.58;
sainsburys-chorizo-iberico-bellota--taste-the-difference-40g;Sainsbury's Spanish Chorizo Iberico Bellota, Taste the Difference 40g;£1.85/unit;£4.63/100g;Cooked meats, pate & sandwich fillers;continental-meats;469;25.2;0.6;0.5;40.4;15.7;1.0;3.58;
sainsburys-chorizo-iberico-bellota--taste-the-difference-40g;Sainsbury's Spanish Chorizo Iberico Bellota, Taste the Difference 40g;£1.85/unit;£4.63/100g;Cooked meats, pate & sandwich fillers;cooked-meats-taste-the-difference;469;25.2;0.6;0.5;40.4;15.7;1.0;3.58;
sainsburys-chorizo-style-pork-sausages--taste-the-difference-x6-400g;Sainsbury's Chorizo Style Pork Sausages, Taste the Difference x6 400g;£2.50/unit;£6.25/kg;Burgers & BBQ;burgers-bbq;241;20.0;4.3;0.8;15.9;5.9;0.5;1.42;
sainsburys-chorizo-style-pork-sausages--taste-the-difference-x6-400g;Sainsbury's Chorizo Style Pork Sausages, Taste the Difference x6 400g;£2.50/unit;£6.25/kg;Organic & Taste the Difference;organic-taste-the-difference;241;20.0;4.3;0.8;15.9;5.9;0.5;1.42;
sainsburys-chorizo-style-pork-sausages--taste-the-difference-x6-400g;Sainsbury's Chorizo Style Pork Sausages, Taste the Difference x6 400g;£2.50/unit;£6.25/kg;Sausages;sausages;241;20.0;4.3;0.8;15.9;5.9;0.5;1.42;
sainsburys-chow-mein-stir-fry-sauce-120g;Sainsbury's Chow Mein Stir Fry Sauce 120g;£0.50/unit;£0.42/100g;Cooking sauces & world foods;chinese-cooking-sauces;100;0.9;20.9;15.8;1.3;0.3;0.5;1.43;
sainsburys-christmas-cupcakes-x4;Sainsbury's Easter Lemon Cupcakes x4 228g;£2.00/unit;£0.50/ea;Cakes;muffins-small-cakes;500;3.4;56.9;52.3;28.5;10.2;1.0;0.39;
sainsburys-christmas-cupcakes-x4;Sainsbury's Easter Lemon Cupcakes x4 228g;£2.00/unit;£0.50/ea;Easter treats;easter-treats;500;3.4;56.9;52.3;28.5;10.2;1.0;0.39;
sainsburys-christmas-red-shimmer-doughnuts-x-12;Sainsbury's Red Shimmer Doughnuts x 12;£2.50/unit;£2.50/ea;Cakes;doughnuts-cookies;null;null;null;null;null;null;null;null;
sainsburys-christmas-red-shimmer-doughnuts-x-12;Sainsbury's Red Shimmer Doughnuts x 12;£2.50/unit;£2.50/ea;Easter treats;easter-treats;null;null;null;null;null;null;null;null;
sainsburys-christmas-red-shimmer-doughnuts-x-12;Sainsbury's Red Shimmer Doughnuts x 12;£2.50/unit;£2.50/ea;From our in store bakery;instore-bakery-doughnuts-cookies;null;null;null;null;null;null;null;null;
sainsburys-christmas-red-shimmer-doughnuts-x4;Sainsbury's Red Shimmer Doughnuts x4;£1.00/unit;£1.00/ea;Cakes;doughnuts-cookies;null;null;null;null;null;null;null;null;
sainsburys-christmas-red-shimmer-doughnuts-x4;Sainsbury's Red Shimmer Doughnuts x4;£1.00/unit;£1.00/ea;Easter treats;easter-treats;null;null;null;null;null;null;null;null;
sainsburys-christmas-red-shimmer-doughnuts-x4;Sainsbury's Red Shimmer Doughnuts x4;£1.00/unit;£1.00/ea;From our in store bakery;instore-bakery-doughnuts-cookies;null;null;null;null;null;null;null;null;
sainsburys-chunky-beef---dumplings-soup-400g;Sainsbury's Chunky Beef & Dumplings Soup 400g;£0.75/unit;£0.19/100g;Canned, tinned & packaged foods;soups;54;4.2;4.2;1.5;1.8;0.8;1.9;0.40;
sainsburys-chunky-beef---vegetable-soup-400g;Sainsbury's Chunky Beef & Vegetable Soup 400g;£0.75/unit;£0.19/100g;Canned, tinned & packaged foods;soups;54;4.2;4.2;1.5;1.8;0.8;1.9;0.40;
sainsburys-chunky-belgian-chocolate-shortbread-x4;Sainsbury's Chunky Belgian Chocolate Shortbread x4;£1.50/unit;£0.38/ea;Cakes;doughnuts-cookies;null;null;null;null;null;null;null;null;
sainsburys-chunky-belgian-chocolate-shortbread-x4;Sainsbury's Chunky Belgian Chocolate Shortbread x4;£1.50/unit;£0.38/ea;From our in store bakery;instore-bakery-doughnuts-cookies;null;null;null;null;null;null;null;null;
sainsburys-chunky-butter-bean---chorizo-soup-400g;Sainsbury's Chunky Butter Bean & Chorizo Soup 400g;£0.75/unit;£0.19/100g;Canned, tinned & packaged foods;soups;75;3.4;7.8;3.2;2.8;1.1;2.7;0.43;
sainsburys-chunky-chicken---vegetable-soup-400g;Sainsbury's Chunky Chicken & Vegetable Soup 400g;£0.75/unit;£0.19/100g;Canned, tinned & packaged foods;soups;49;4.6;5.1;1.5;0.9;0.2;1.2;0.40;
sainsburys-chunky-chicken-potato---bacon-soup-400g;Sainsbury's Chunky Chicken Potato & Bacon Soup 400g;£0.75/unit;£0.19/100g;Canned, tinned & packaged foods;soups;57;3.2;6.2;1.0;1.9;1.0;1.0;0.53;
sainsburys-chunky-chocolate-dessert-450g;Sainsbury's Chunky Chocolate Dessert 450g;£3.00/unit;£0.67/100g;Desserts & cream;desserts;309;4.7;29.2;21.4;19.0;10.3;1.5;0.20;
sainsburys-chunky-chopped-tomatoes-with-basil--taste-the-difference-390g;Sainsbury's Chunky Chopped Tomatoes with Basil, Taste the Difference 390g;£0.80/unit;£2.05/kg;Canned, tinned & packaged foods;canned-tinned-packaged-tomatoes;55;1.7;6.4;6.0;2.0;0.3;2.2;0.51;
sainsburys-chunky-cod-fish-fingers--taste-the-difference-x8-480g;Sainsbury's Chunky Cod Fish Fingers, Taste the Difference x8 480g;£3.00/unit;£6.25/kg;Fish & seafood;frozen-fish-seafood;200;15.6;15.1;1.1;8.4;0.6;1.2;0.63;
sainsburys-chunky-lamb-hotpot-soup-400g;Sainsbury's Chunky Lamb & Mint Soup 400g;£0.75/unit;£0.19/100g;Canned, tinned & packaged foods;soups;51;2.9;5.4;1.4;1.7;0.6;1.2;0.45;
sainsburys-chunky-mixed-vegetables-1kg;Sainsbury's Chunky Mixed Vegetables 1kg;£1.40/unit;£1.40/kg;Fruit, vegetables & rice;frozen-vegetables;44;2.9;4.7;2.3;0.8;0.2;3.1;0.01;
sainsburys-chunky-oven-chips--taste-the-difference-15kg;Sainsbury's Chunky Oven Chips, Taste the Difference 1.5kg;£2.30/unit;£1.53/kg;Chips & potatoes;chips-potatoes;156;2.0;28.6;0.5;3.2;0.7;2.3;0.45;
sainsburys-chunky-salsa-dip-230g;Sainsbury's Salsa Dip 230g;£1.20/unit;£0.52/100g;Coleslaw, olives, salads & dips;fresh-dips-houmous;62;1.0;9.9;7.5;1.8;0.2;1.2;0.45;
sainsburys-chunky-salsa-dip-230g;Sainsbury's Salsa Dip 230g;£1.20/unit;£0.52/100g;Vegetarian & meat free;deli-meat-alternatives;62;1.0;9.9;7.5;1.8;0.2;1.2;0.45;
sainsburys-chunky-vegetable-pasta-sauce-500g;Sainsbury's Pasta Sauce, Chunky Vegetable 500g;£0.95/unit;£0.19/100g;Cooking sauces & world foods;italian-cooking-sauces;48;1.3;7.9;6.9;0.9;0.2;1.5;0.61;
sainsburys-ciabatta--taste-the-difference;Sainsbury's Ciabatta, Taste the Difference;£1.25/unit;£2.50/100g;Bread;bread-from-our-bakery2;null;null;null;null;null;null;null;null;
sainsburys-ciabatta--taste-the-difference;Sainsbury's Ciabatta, Taste the Difference;£1.25/unit;£2.50/100g;From our in store bakery;bread-from-our-bakery;null;null;null;null;null;null;null;null;
sainsburys-ciabatta-bread-mix--taste-the-difference-500g;Sainsbury's Ciabatta Bread Mix, Taste the Difference 500g;£0.80/unit;£1.60/kg;Sugar & home baking;flour;279;10.0;46.7;3.4;5.2;0.8;2.8;0.85;
sainsburys-cider-vinegar-500ml;Sainsbury's Cider Vinegar 500ml;£1.15/unit;£2.30/ltr;Vinegar, pickles, olives & antipasti;vinegar;19;0.5;0.7;0.5;0.5;0.1;0.5;0.01;
sainsburys-cinnamon---raisin-bagels-x4;Sainsbury's Bagels, Cinnamon & Raisin x4;£1.00/unit;£0.25/ea;From our in store bakery;rolls-bagels-from-our-bakery;null;null;null;null;null;null;null;null;
sainsburys-cinnamon---raisin-bagels-x4;Sainsbury's Bagels, Cinnamon & Raisin x4;£1.00/unit;£0.25/ea;Wraps, bagels & pittas;wraps-bagels-pittas;null;null;null;null;null;null;null;null;
sainsburys-cinnamon-sticks-13g;Sainsbury's Cinnamon Sticks 13g;£1.00/unit;£0.77/10g;Cooking ingredients & oils;herbs-spices-seasoning;null;null;null;null;null;null;null;null;
sainsburys-classic-buttery-mash-side-for-4-800g;Sainsbury's Classic Buttery Mash Side For 4 800g;£2.00/unit;£2.50/kg;Prepared & ready to eat;prepared-vegetables;97;1.8;14.2;0.5;3.4;2.3;1.2;0.33;
sainsburys-classic-buttery-mash-side-for-4-800g;Sainsbury's Classic Buttery Mash Side For 4 800g;£2.00/unit;£2.50/kg;Ready meals;british-ready-meals;97;1.8;14.2;0.5;3.4;2.3;1.2;0.33;
sainsburys-classic-buttery-mash-side-for-4-800g;Sainsbury's Classic Buttery Mash Side For 4 800g;£2.00/unit;£2.50/kg;Ready meals;potato-vegetable-side-dishes;97;1.8;14.2;0.5;3.4;2.3;1.2;0.33;
sainsburys-classic-buttery-mash-side-for-4-800g;Sainsbury's Classic Buttery Mash Side For 4 800g;£2.00/unit;£2.50/kg;Vegetarian & meat free;coleslaw--olives--salads---dips-30658-44;97;1.8;14.2;0.5;3.4;2.3;1.2;0.33;
sainsburys-classic-buttery-mash-side-for-4-800g;Sainsbury's Classic Buttery Mash Side For 4 800g;£2.00/unit;£2.50/kg;Vegetarian & meat free;vegetarian-meat-free-ready-meals;97;1.8;14.2;0.5;3.4;2.3;1.2;0.33;
sainsburys-classic-chicken-hotpot-450g;Sainsbury's Classic Chicken Hotpot 450g;£3.00/unit;£6.67/kg;Ready meals;british-ready-meals;87;7.6;9.0;1.0;2.1;0.4;0.9;0.35;
sainsburys-classic-chicken-hotpot-450g;Sainsbury's Classic Chicken Hotpot 450g;£3.00/unit;£6.67/kg;Ready meals;meals-for-1-ready-meals;87;7.6;9.0;1.0;2.1;0.4;0.9;0.35;
sainsburys-classic-cod-in-parsley-sauce-420g;Sainsbury's Classic Cod In Parsley Sauce 420g;£3.50/unit;£8.33/kg;Ready meals;british-ready-meals;87;6.4;8.2;1.6;2.7;1.5;2.0;0.42;
sainsburys-classic-cod-in-parsley-sauce-420g;Sainsbury's Classic Cod In Parsley Sauce 420g;£3.50/unit;£8.33/kg;Ready meals;meals-for-1-ready-meals;87;6.4;8.2;1.6;2.7;1.5;2.0;0.42;
sainsburys-classic-cottage-pie-15kg-%28-serves-4-%29;Sainsbury's Classic Cottage Pie 1.5kg ( Serves 4 );£6.00/unit;£4.00/kg;Ready meals;british-ready-meals;90;5.6;6.9;0.9;4.1;2.2;1.6;0.45;
sainsburys-classic-cumberland-fish-pie-450g;Sainsbury's Classic Cumberland Fish Pie 450g;£2.30/unit;£5.11/kg;Ready meals;british-ready-meals;121;7.4;11.5;0.8;4.7;2.6;1.3;0.64;
sainsburys-classic-cumberland-fish-pie-450g;Sainsbury's Classic Cumberland Fish Pie 450g;£2.30/unit;£5.11/kg;Ready meals;meals-for-1-ready-meals;121;7.4;11.5;0.8;4.7;2.6;1.3;0.64;
sainsburys-classic-cumberland-pie-450g;Sainsbury's Classic Cumberland Pie 450g;£2.30/unit;£5.11/kg;Ready meals;british-ready-meals;128;5.7;12.2;2.1;5.7;2.9;2.7;0.72;
sainsburys-classic-cumberland-pie-450g;Sainsbury's Classic Cumberland Pie 450g;£2.30/unit;£5.11/kg;Ready meals;meals-for-1-ready-meals;128;5.7;12.2;2.1;5.7;2.9;2.7;0.72;
sainsburys-classic-dip-selection-560g;Sainsbury's Classic Dip Selection 560g;£2.40/unit;£0.43/100g;Coleslaw, olives, salads & dips;fresh-dips-houmous;331;1.8;6.9;2.8;32.9;5.3;0.5;1.00;
sainsburys-classic-dip-selection-560g;Sainsbury's Classic Dip Selection 560g;£2.40/unit;£0.43/100g;Vegetarian & meat free;deli-meat-alternatives;331;1.8;6.9;2.8;32.9;5.3;0.5;1.00;
sainsburys-classic-fruit-salad-180g;Sainsbury's Classic Fruit Salad 180g;£1.50/unit;£8.33/kg;Prepared & ready to eat;prepared-fruit;47;0.6;9.9;9.9;0.5;0.1;2.0;0.01;
sainsburys-classic-fruit-salad-320g;Sainsbury's Classic Fruit Salad 320g;£2.00/unit;£6.25/kg;Prepared & ready to eat;prepared-fruit;48;0.6;10.1;10.1;0.5;0.1;2.0;0.03;
sainsburys-classic-italian-pesto-sauce-190g;Sainsbury's Green Pesto 190g;£1.00/unit;£0.53/100g;Cooking sauces & world foods;italian-cooking-sauces;346;4.1;3.1;1.0;34.8;5.5;2.0;2.00;
sainsburys-classic-liver---bacon-with-mash-450g;Sainsbury's Classic Liver & Bacon With Mash 450g;£2.30/unit;£5.11/kg;Ready meals;british-ready-meals;112;6.0;10.9;1.3;4.5;2.3;1.8;0.66;
sainsburys-classic-liver---bacon-with-mash-450g;Sainsbury's Classic Liver & Bacon With Mash 450g;£2.30/unit;£5.11/kg;Ready meals;meals-for-1-ready-meals;112;6.0;10.9;1.3;4.5;2.3;1.8;0.66;
sainsburys-classic-minced-beef-cobbler-450g;Sainsbury's Classic Minced Beef Cobbler 450g;£2.30/unit;£5.11/kg;Ready meals;british-ready-meals;171;8.4;12.7;2.9;8.2;4.4;6.1;0.79;
sainsburys-classic-minced-beef-cobbler-450g;Sainsbury's Classic Minced Beef Cobbler 450g;£2.30/unit;£5.11/kg;Ready meals;meals-for-1-ready-meals;171;8.4;12.7;2.9;8.2;4.4;6.1;0.79;
sainsburys-classic-minced-lamb-hotpot-450g;Sainsbury's Classic Minced Lamb Hotpot 450g;£2.30/unit;£5.11/kg;Ready meals;british-ready-meals;129;7.3;8.2;3.0;6.7;2.7;3.6;0.60;
sainsburys-classic-minced-lamb-hotpot-450g;Sainsbury's Classic Minced Lamb Hotpot 450g;£2.30/unit;£5.11/kg;Ready meals;meals-for-1-ready-meals;129;7.3;8.2;3.0;6.7;2.7;3.6;0.60;
sainsburys-classic-roast-lamb-dinner-400g;Sainsbury's Classic Lamb Dinner 400g;£3.50/unit;£8.75/kg;Ready meals;british-ready-meals;107;6.3;11.0;2.7;3.3;1.3;3.9;0.33;
sainsburys-classic-roast-lamb-dinner-400g;Sainsbury's Classic Lamb Dinner 400g;£3.50/unit;£8.75/kg;Ready meals;meals-for-1-ready-meals;107;6.3;11.0;2.7;3.3;1.3;3.9;0.33;
sainsburys-classic-round-tomatoes-x6;Sainsbury's Classic Round Tomatoes x6;£0.70/unit;£1.75/kg;Fresh salad;fresh-salad-tomatoes;20;0.7;3.1;3.1;0.5;0.1;1.0;0.02;
sainsburys-classic-round-tomatoes-x6;Sainsbury's Classic Round Tomatoes x6;£0.70/unit;£1.75/kg;Fresh vegetables;fresh-vegetables-tomatoes;20;0.7;3.1;3.1;0.5;0.1;1.0;0.02;
sainsburys-classic-sausage---mash-yorkshire-430g;Sainsbury's Classic Sausage & Mash Yorkshire 430g;£3.50/unit;£8.14/kg;Ready meals;british-ready-meals;157;6.6;14.5;2.0;7.5;2.5;2.1;0.65;
sainsburys-classic-sausage---mash-yorkshire-430g;Sainsbury's Classic Sausage & Mash Yorkshire 430g;£3.50/unit;£8.14/kg;Ready meals;meals-for-1-ready-meals;157;6.6;14.5;2.0;7.5;2.5;2.1;0.65;
sainsburys-classic-shepherds-pie-900g;Sainsbury's Classic Shepherds Pie 900g;£3.80/unit;£4.22/kg;Ready meals;british-ready-meals;95;5.0;10.0;1.3;3.4;1.9;2.2;0.55;
sainsburys-classic-side-salad-bowl-220g;Sainsbury's Classic Salad Bowl 220g;£2.00/unit;£0.91/100g;Coleslaw, olives, salads & dips;coleslaw-salads;95;0.9;2.6;2.4;8.7;0.9;1.1;0.16;
sainsburys-classic-side-salad-bowl-220g;Sainsbury's Classic Salad Bowl 220g;£2.00/unit;£0.91/100g;Fresh salad;fresh-salad-prepared-ready-to-eat;95;0.9;2.6;2.4;8.7;0.9;1.1;0.16;
sainsburys-classic-side-salad-bowl-220g;Sainsbury's Classic Salad Bowl 220g;£2.00/unit;£0.91/100g;Prepared & ready to eat;prepared-salad-herbs;95;0.9;2.6;2.4;8.7;0.9;1.1;0.16;
sainsburys-classic-side-salad-bowl-220g;Sainsbury's Classic Salad Bowl 220g;£2.00/unit;£0.91/100g;Soup & lunchtime snacks;lunchtime-snacks;95;0.9;2.6;2.4;8.7;0.9;1.1;0.16;
sainsburys-classic-side-salad-bowl-220g;Sainsbury's Classic Salad Bowl 220g;£2.00/unit;£0.91/100g;Vegetarian & meat free;coleslaw--olives--salads---dips-30658-44;95;0.9;2.6;2.4;8.7;0.9;1.1;0.16;
sainsburys-classic-toad-in-the-hole-180g;Sainsbury's Classic Toad In The Hole 180g;£2.30/unit;£12.78/kg;Ready meals;british-ready-meals;262;13.2;17.9;1.2;15.1;5.6;1.1;0.76;
sainsburys-classic-toad-in-the-hole-180g;Sainsbury's Classic Toad In The Hole 180g;£2.30/unit;£12.78/kg;Ready meals;meals-for-1-ready-meals;262;13.2;17.9;1.2;15.1;5.6;1.1;0.76;
sainsburys-classis-cottage-pie-900g;Sainsbury's Classis Cottage Pie 900g;£3.80/unit;£4.22/kg;Ready meals;british-ready-meals;90;5.6;6.9;0.9;4.1;2.2;1.6;0.45;
sainsburys-clear-fruits-250g;Sainsbury's Clear Fruits 250g;£0.95/unit;£0.38/100g;Confectionery;sweets;394;0.5;97;65;0.5;0.2;0.5;0.07;
sainsburys-clear-honey--so-organic-340g;Sainsbury's Clear Honey, SO Organic 340g;£2.80/unit;£0.82/100g;Jams, honey & spreads;honey;329;0.5;81.5;80.8;0.5;0.2;0.5;0.03;
sainsburys-clear-mints--basics-250g;Sainsbury's Clear Mints, Basics 250g;£0.50/unit;£0.20/100g;Confectionery;mints-chewing-gum;391;0.5;96;62;0.6;0.1;0.5;0.01;
sainsburys-clementine-juice-1l;Sainsbury's Clementine Juice 1L;£1.40/unit;£0.14/100ml;Chilled fruit juice & smoothies;chilled-fruit-juice;48;0.6;11.0;9.4;0.5;0.1;0.5;0.01;
sainsburys-clements-lime-juice-1l;Sainsbury's St Clements & Lime Juice, Not From Concentrate 1L;£1.75/unit;£0.18/100ml;Chilled fruit juice & smoothies;chilled-fruit-juice;35;0.5;7.9;7.3;0.5;0.1;0.5;0.01;
sainsburys-closed-cup-chestnut-mushrooms-250g;Sainsbury's Closed Cup Chestnut Mushrooms 250g;£1.00/unit;£4.00/kg;Fresh vegetables;mushrooms;13;1.8;0.4;0.2;0.5;0.1;1.1;0;
sainsburys-clotted-cream--taste-the-difference-227g;Sainsbury's Clotted Cream, Taste the Difference 227g;£1.95/unit;£0.86/100g;Desserts & cream;fresh-cream-custard;587;1.6;2.2;2.2;63.5;39.7;0;0;
sainsburys-clotted-cream-rice-pudding-2x125g;Sainsbury's Clotted Cream Rice Pudding 2x125g;£1.75/unit;£0.70/100g;Desserts & cream;desserts;246;3.4;22.7;9.8;15.7;10.1;0.5;0.13;
sainsburys-cloudy-apple-juice--taste-the-difference-1l;Sainsbury's Pressed Cloudy Apple Juice, Taste the Difference 1L;£2.50/unit;£0.25/100ml;Chilled fruit juice & smoothies;chilled-fruit-juice;44;0.5;10.4;9.7;0.5;0.1;0.5;0.03;
sainsburys-coarse-ground-black-pepper--fairtrade-45g;Sainsbury's Coarse Ground Black Pepper, Fairtrade 45g;£1.50/unit;£0.33/10g;Cooking ingredients & oils;salt-pepper;null;null;null;null;null;null;null;null;
sainsburys-coarse-sea-salt-350g;Sainsbury's Coarse Sea Salt 350g;£0.60/unit;£1.71/kg;Cooking ingredients & oils;salt-pepper;null;null;null;null;null;null;null;null;
sainsburys-cochineal-red-colouring-38ml;Sainsbury's Cochineal Red Colouring 38ml;£1.00/unit;£0.26/10ml;Sugar & home baking;baking-ingredients---colourings;null;null;null;null;null;null;null;null;
sainsburys-cocktail-beetroot--taste-the-difference-200g;Sainsbury's Cocktail Beetroot, Taste the Difference 200g;£1.50/unit;£0.75/100g;Fresh salad;dressings-coleslaw-accompaniments;75;1.0;15.9;14.7;0.5;0.1;2.3;0.08;
sainsburys-cocktail-beetroot--taste-the-difference-200g;Sainsbury's Cocktail Beetroot, Taste the Difference 200g;£1.50/unit;£0.75/100g;Fresh salad;spring-onions-radish-beetroot;75;1.0;15.9;14.7;0.5;0.1;2.3;0.08;
sainsburys-cocktail-beetroot--taste-the-difference-200g;Sainsbury's Cocktail Beetroot, Taste the Difference 200g;£1.50/unit;£0.75/100g;Fresh vegetables;baby-vegetables;75;1.0;15.9;14.7;0.5;0.1;2.3;0.08;
sainsburys-cocktail-beetroot--taste-the-difference-200g;Sainsbury's Cocktail Beetroot, Taste the Difference 200g;£1.50/unit;£0.75/100g;Fresh vegetables;peppers-salad-vegetables;75;1.0;15.9;14.7;0.5;0.1;2.3;0.08;
sainsburys-cocktail-blinis-135g;Sainsbury's Cocktail Blinis x16 135g;£2.00/unit;£1.48/100g;Coleslaw, olives, salads & dips;olives-tapas-antipasti;268;5.9;38.0;6.2;9.8;1.2;2.3;1.40;
sainsburys-cocktail-blinis-135g;Sainsbury's Cocktail Blinis x16 135g;£2.00/unit;£1.48/100g;Cooked meats, pate & sandwich fillers;cooked-fish-seafood;268;5.9;38.0;6.2;9.8;1.2;2.3;1.40;
sainsburys-cocktail-blinis-135g;Sainsbury's Cocktail Blinis x16 135g;£2.00/unit;£1.48/100g;Fish & seafood;canapes-snacking;268;5.9;38.0;6.2;9.8;1.2;2.3;1.40;
sainsburys-cocktail-blinis-135g;Sainsbury's Cocktail Blinis x16 135g;£2.00/unit;£1.48/100g;Fish & seafood;prawns-shellfish;268;5.9;38.0;6.2;9.8;1.2;2.3;1.40;
sainsburys-cocktail-blinis-135g;Sainsbury's Cocktail Blinis x16 135g;£2.00/unit;£1.48/100g;Vegetarian & meat free;deli-meat-alternatives;268;5.9;38.0;6.2;9.8;1.2;2.3;1.40;
sainsburys-cocktail-sausage-snack-bag-x10-70g;Sainsbury's Pork Cocktail Sausages Mini x10 70g;£0.65/unit;£0.93/100g;Cooked meats & snacking;mfp-snacking-cooked-sausage;297;13.2;14.1;1.2;20.6;7.0;1.4;1.13;
sainsburys-cocktail-sausage-snack-bag-x10-70g;Sainsbury's Pork Cocktail Sausages Mini x10 70g;£0.65/unit;£0.93/100g;Cooked meats, pate & sandwich fillers;snacking-cooked-sausage;297;13.2;14.1;1.2;20.6;7.0;1.4;1.13;
sainsburys-cocktail-sausage-snack-bag-x10-70g;Sainsbury's Pork Cocktail Sausages Mini x10 70g;£0.65/unit;£0.93/100g;Pies, pasties & quiche;sausage-rolls-savouries;297;13.2;14.1;1.2;20.6;7.0;1.4;1.13;
sainsburys-cocktail-sausage-snack-bag-x10-70g;Sainsbury's Pork Cocktail Sausages Mini x10 70g;£0.65/unit;£0.93/100g;Soup & lunchtime snacks;lunchtime-snacks;297;13.2;14.1;1.2;20.6;7.0;1.4;1.13;
sainsburys-cocktail-sausages-x40;Sainsbury's Pork Cocktail Sausages x40 400g;£2.30/unit;£0.58/100g;Cooked meats & snacking;mfp-snacking-cooked-sausage;301;10.9;11.5;1.0;23.1;7.9;1.6;1.08;
sainsburys-cocktail-sausages-x40;Sainsbury's Pork Cocktail Sausages x40 400g;£2.30/unit;£0.58/100g;Cooked meats, pate & sandwich fillers;snacking-cooked-sausage;301;10.9;11.5;1.0;23.1;7.9;1.6;1.08;
sainsburys-cocktail-sausages-x40;Sainsbury's Pork Cocktail Sausages x40 400g;£2.30/unit;£0.58/100g;Pies, pasties & quiche;sausage-rolls-savouries;301;10.9;11.5;1.0;23.1;7.9;1.6;1.08;
sainsburys-coconut-%28each%29;Sainsbury's Coconut (each);£0.80/unit;£0.80/ea;Fresh fruit;mango-exotic-fruit-dates-nuts;null;null;null;null;null;null;null;null;
sainsburys-coconut---jam-loaf-cake-236g;Sainsbury's Coconut & Jam Loaf Cake 236g;£1.50/unit;£0.64/100g;Cakes;sponge-slab-loaf-cakes;424;5.1;49.2;42.0;22.5;4.9;2.1;0.40;
sainsburys-coconut-chicken-curry---noodles-450g;Sainsbury's Coconut Chicken Curry & Noodles 450g;£3.00/unit;£6.67/kg;Ready meals;meals-for-1-ready-meals;136;7.2;15.9;1.7;4.4;2.9;2.3;0.64;
sainsburys-coconut-chicken-curry---noodles-450g;Sainsbury's Coconut Chicken Curry & Noodles 450g;£3.00/unit;£6.67/kg;Ready meals;oriental-ready-meals;136;7.2;15.9;1.7;4.4;2.9;2.3;0.64;
sainsburys-coconut-cookies-200g;Sainsbury's Coconut Cookies 200g;£0.55/unit;£0.28/100g;Biscuits & crackers;cookies;525;5.7;53.4;23.6;31.1;19.9;4.2;0.57;
sainsburys-coconut-cookies-200g;Sainsbury's Coconut Cookies 200g;£0.55/unit;£0.28/100g;Biscuits & crackers;everyday-biscuits-shortbread;525;5.7;53.4;23.6;31.1;19.9;4.2;0.57;
sainsburys-coconut-cream-250ml;Sainsbury's Coconut Cream 250ml;£0.90/unit;£0.36/100ml;Cooking sauces & world foods;thai-cooking-sauces;212;0.9;2.9;1.7;21.8;17.2;0.5;0.08;
sainsburys-coconut-macaroons-x6;Sainsbury's Coconut Macaroons x6;£1.00/unit;£0.17/ea;Cakes;continental-cakes;424;4.5;58.0;54.0;18.0;15.5;6.0;0.13;
sainsburys-coconut-milk-400ml;Sainsbury's Coconut Milk 400ml;£1.60/unit;£0.40/100ml;Cooking sauces & world foods;thai-cooking-sauces;180;0.9;2.9;2.4;18.2;15.4;0.5;0.06;
sainsburys-coconut-milk-light-400g;Sainsbury's Coconut Milk Light 400g;£1.60/unit;£0.40/100ml;Cooking sauces & world foods;thai-cooking-sauces;75;0.9;2.9;2.4;6.5;5.3;0.5;0.06;
sainsburys-coconut-pieces-100g;Sainsbury's Coconut Pieces 100g;£1.00/unit;£10.00/kg;Fresh fruit;mango-exotic-fruit-dates-nuts;394;3.3;15.2;6.2;33.5;29.7;9.0;0.05;
sainsburys-coconut-pieces-100g;Sainsbury's Coconut Pieces 100g;£1.00/unit;£10.00/kg;Prepared & ready to eat;prepared-fruit;394;3.3;15.2;6.2;33.5;29.7;9.0;0.05;
sainsburys-coconut-rings-300g;Sainsbury's Coconut Rings 300g;£1.00/unit;£0.33/100g;Biscuits & crackers;everyday-biscuits-shortbread;487;5.9;65.9;26.1;21.5;11.1;3.1;0.83;
sainsburys-cod---cheddar-topped-fillets-370g;Sainsbury's Cod & Cheddar Topped Fillets 370g;£3.50/unit;£9.46/kg;Fish & seafood;fishcakes-breaded-fish;195;15.4;14.6;1.0;8.1;0.6;1.0;0.57;
sainsburys-cod---cheddar-topped-fillets-370g;Sainsbury's Cod & Cheddar Topped Fillets 370g;£3.50/unit;£9.46/kg;Fish & seafood;fuss-free-fish;195;15.4;14.6;1.0;8.1;0.6;1.0;0.57;
sainsburys-cod-fillet-fish-fingers-x6-300g;Sainsbury's Cod Fillet Fish Fingers x6 300g;£2.50/unit;£8.33/kg;Fish & seafood;fishcakes-breaded-fish;218;14.6;19.0;1.3;9.1;0.7;1.1;0.67;
sainsburys-cod-fillet-portion-400g;Sainsbury's Cod Fillet Portion 400g;£3.75/unit;£9.38/kg;Fish & seafood;frozen-fish-seafood;99;22.4;0.5;0.5;1.0;0.2;0.5;0.35;
sainsburys-cod-fillets--boneless-260g;Sainsbury's Cod Fillets, Boneless 260g;£3.30/unit;£12.69/kg;Fish & seafood;filleted-whole-fish;0;0.5;0.5;0.5;0.5;0.1;0.5;0.01;
sainsburys-cod-fillets--boneless-260g;Sainsbury's Cod Fillets, Boneless 260g;£3.30/unit;£12.69/kg;Great prices on meat & fish;great-prices-on-meat---fish;0;0.5;0.5;0.5;0.5;0.1;0.5;0.01;
sainsburys-cod-fish-fingers-x12-360g;Sainsbury's Cod Fish Fingers x12 360g;£2.00/unit;£5.56/kg;Fish & seafood;frozen-fish-seafood;188;13.0;15.9;0.9;7.9;0.9;0.8;0.78;
sainsburys-cod-fish-fingers-x30-900g;Sainsbury's Cod Fish Fingers x30 900g;£4.00/unit;£4.44/kg;Fish & seafood;frozen-fish-seafood;188;13.0;15.9;0.9;7.9;0.9;0.8;0.78;
sainsburys-cod-fishcakes--basics-x2-170g;Sainsbury's Cod Fishcakes, Basics x2 170g;£1.00/unit;£5.88/kg;Fish & seafood;fishcakes-breaded-fish;194;9.6;17.5;1.2;9.2;0.9;1.6;0.49;
sainsburys-cod-fishcakes-x2-270g;Sainsbury's Cod Fishcakes x2 270g;£2.00/unit;£7.41/kg;Breaded & coated;breaded-coated-fish-seafood;191;11.0;19.0;1.7;7.5;0.8;1.7;0.64;
sainsburys-cod-fishcakes-x2-270g;Sainsbury's Cod Fishcakes x2 270g;£2.00/unit;£7.41/kg;Fish & seafood;fishcakes-breaded-fish;191;11.0;19.0;1.7;7.5;0.8;1.7;0.64;
sainsburys-cod-in-parsley-sauce-600g;Sainsbury's Cod In Parsley Sauce 600g;£4.00/unit;£6.67/kg;Fish & seafood;frozen-fish-seafood;108;11.3;2.2;0.9;6.0;3.8;0.2;0.70;
sainsburys-cod-steaks-520g;Sainsbury's Cod Steaks 520g;£3.60/unit;£6.92/kg;Fish & seafood;frozen-fish-seafood;80;18.3;0.5;0.5;0.7;0.1;0.5;0.25;
sainsburys-coffee-cake--taste-the-difference-%28-serves-6-%29;Sainsbury's Coffee Cake, Taste the Difference 410g;£2.65/unit;£0.65/100g;Cakes;sponge-slab-loaf-cakes;422;4.3;51.3;32.9;21.9;7.6;1.5;0.40;
sainsburys-coffee-cake--taste-the-difference-%28-serves-6-%29;Sainsbury's Coffee Cake, Taste the Difference 410g;£2.65/unit;£0.65/100g;Cakes;taste-the-difference;422;4.3;51.3;32.9;21.9;7.6;1.5;0.40;
sainsburys-coffee-iced-madeira-cake-340g;Sainsbury's Coffee Iced Madeira Cake 340g;£1.30/unit;£0.43/100g;Cakes;sponge-slab-loaf-cakes;394;4.8;62;40;14;5.7;1.2;0.55;
sainsburys-coffee-mousse--taste-the-difference-100g;Sainsbury's Mousse Columbian Coffee, Taste the Difference 100g;£1.00/unit;£1.00/100g;Desserts & cream;desserts;271;4.8;23.8;22.3;17.3;11.5;0.5;0.10;
sainsburys-coffee-mousse--taste-the-difference-100g;Sainsbury's Mousse Columbian Coffee, Taste the Difference 100g;£1.00/unit;£1.00/100g;Yogurts;luxury-yogurts;271;4.8;23.8;22.3;17.3;11.5;0.5;0.10;
sainsburys-coffee-mousse--taste-the-difference-100g;Sainsbury's Mousse Columbian Coffee, Taste the Difference 100g;£1.00/unit;£1.00/100g;Yogurts;rice-dessert-style-yogurts;271;4.8;23.8;22.3;17.3;11.5;0.5;0.10;
sainsburys-cola-laces-75g;Sainsbury's Cola Laces 75g;£0.40/unit;£0.53/100g;Confectionery;sweets;362;3.5;79.0;52.0;3.0;1.5;0.8;0;
sainsburys-coleslaw--basics-500g;Sainsbury's Coleslaw, Basics 500g;£0.50/unit;£0.10/100g;Coleslaw, olives, salads & dips;coleslaw-salads;110;1.0;3.7;3.3;9.8;0.7;1.6;0.53;
sainsburys-coleslaw--basics-500g;Sainsbury's Coleslaw, Basics 500g;£0.50/unit;£0.10/100g;Fresh salad;dressings-coleslaw-accompaniments;110;1.0;3.7;3.3;9.8;0.7;1.6;0.53;
sainsburys-coleslaw--basics-500g;Sainsbury's Coleslaw, Basics 500g;£0.50/unit;£0.10/100g;Prepared & ready to eat;prepared-salad-herbs;110;1.0;3.7;3.3;9.8;0.7;1.6;0.53;
sainsburys-coleslaw--basics-500g;Sainsbury's Coleslaw, Basics 500g;£0.50/unit;£0.10/100g;Vegetarian & meat free;coleslaw--olives--salads---dips-30658-44;110;1.0;3.7;3.3;9.8;0.7;1.6;0.53;
sainsburys-coleslaw--taste-the-difference-300g;Sainsbury's Coleslaw, Taste the Difference 300g;£1.00/unit;£0.33/100g;Coleslaw, olives, salads & dips;coleslaw-salads;238;1.2;6.0;5.4;22.9;2.7;1.6;0.78;
sainsburys-coleslaw--taste-the-difference-300g;Sainsbury's Coleslaw, Taste the Difference 300g;£1.00/unit;£0.33/100g;Fresh salad;dressings-coleslaw-accompaniments;238;1.2;6.0;5.4;22.9;2.7;1.6;0.78;
sainsburys-coleslaw--taste-the-difference-300g;Sainsbury's Coleslaw, Taste the Difference 300g;£1.00/unit;£0.33/100g;Prepared & ready to eat;prepared-salad-herbs;238;1.2;6.0;5.4;22.9;2.7;1.6;0.78;
sainsburys-coleslaw--taste-the-difference-300g;Sainsbury's Coleslaw, Taste the Difference 300g;£1.00/unit;£0.33/100g;Vegetarian & meat free;coleslaw--olives--salads---dips-30658-44;238;1.2;6.0;5.4;22.9;2.7;1.6;0.78;
sainsburys-coleslaw--taste-the-difference-635g;Sainsbury's Coleslaw, Taste the Difference 635g;£2.00/unit;£0.31/100g;Coleslaw, olives, salads & dips;coleslaw-salads;238;1.2;6.0;5.4;22.9;2.7;1.6;0.78;
sainsburys-coleslaw--taste-the-difference-635g;Sainsbury's Coleslaw, Taste the Difference 635g;£2.00/unit;£0.31/100g;Fresh salad;dressings-coleslaw-accompaniments;238;1.2;6.0;5.4;22.9;2.7;1.6;0.78;
sainsburys-coleslaw--taste-the-difference-635g;Sainsbury's Coleslaw, Taste the Difference 635g;£2.00/unit;£0.31/100g;Prepared & ready to eat;prepared-salad-herbs;238;1.2;6.0;5.4;22.9;2.7;1.6;0.78;
sainsburys-coleslaw--taste-the-difference-635g;Sainsbury's Coleslaw, Taste the Difference 635g;£2.00/unit;£0.31/100g;Vegetarian & meat free;coleslaw--olives--salads---dips-30658-44;238;1.2;6.0;5.4;22.9;2.7;1.6;0.78;
sainsburys-colour-writing-icing-4-pack-76g-%28-red--yellow--green---black-%29;Sainsbury's Writing Icing, Colours 4x19g;£2.00/unit;£2.63/100g;Sugar & home baking;decorations;385;0.5;79.9;73.2;7.0;0.6;0.6;0.05;
sainsburys-colour-writing-icing-4-pack-76g-%28-red--yellow--green---black-%29;Sainsbury's Writing Icing, Colours 4x19g;£2.00/unit;£2.63/100g;Sugar & home baking;icing---marzipan;385;0.5;79.9;73.2;7.0;0.6;0.6;0.05;
sainsburys-combo-snack-mix--salt---pepper-150g;Sainsbury's Salt & Pepper Combo Snack Mix 150g;£1.50/unit;£1.00/100g;Crisps, nuts & snacking fruit;party-nibbles-bites;476;4.3;65;1.6;21;1.9;3.1;1.8;
sainsburys-combo-snacks--sour-cream---chive-150g;Sainsbury's Sour Cream & Chive Combo Snacks 150g;£1.50/unit;£1.00/100g;Crisps, nuts & snacking fruit;party-nibbles-bites;477;4.8;66;4.8;21;2.0;2.9;1.8;
sainsburys-comice-pears-%28each%29;Sainsbury's Comice Pears Loose;£2.00/kg;£2.00/kg;Fresh fruit;apples-pears-rhubarb;40;0.5;10.0;10.0;0.5;0.1;2.2;0.5;
sainsburys-conchiglie-%28shells%29--italian-1kg;Sainsbury's Conchiglie (Shells) 1kg;£1.20/unit;£1.20/kg;Rice, pasta & noodles;pasta;160;4.4;33.6;0.6;0.6;0.1;1.4;0.01;
sainsburys-conchiglie-%28shells%29--italian-500g;Sainsbury's Conchiglie (Shells) 500g;£0.85/unit;£1.70/kg;Rice, pasta & noodles;pasta;160;4.4;33.6;0.6;0.6;0.1;1.4;0.01;
sainsburys-conchigliette-500g;Sainsbury's Conchigliette 500g;£0.85/unit;£1.70/kg;Rice, pasta & noodles;pasta;160;4.4;33.6;0.6;0.6;0.1;1.4;0.01;
sainsburys-condensed-milk-397g;Sainsbury's Condensed Milk 397g;£1.00/unit;£0.25/100g;Fruit & desserts;dessert-milk-cream;325;6.9;56.4;56.4;8.0;5.4;0.0;0.23;
sainsburys-conference-pears-%28each%29;Sainsbury's Conference Pears Loose;£2.00/kg;£2.00/kg;Fresh fruit;apples-pears-rhubarb;40;0.5;10;10;0.5;0.1;2.2;0.5;
sainsburys-conference-pears--ripe---ready-x4-%28minimum%29;Sainsbury's Conference Pears, Ripe & Ready x4 (minimum);£2.00/unit;£2.00/ea;Fresh fruit;apples-pears-rhubarb;40;0.5;10;10;0.5;0.1;2.2;0.5;
sainsburys-conference-pears--ripe---ready-x4-%28minimum%29;Sainsbury's Conference Pears, Ripe & Ready x4 (minimum);£2.00/unit;£2.00/ea;Fresh fruit;ripe---ready;40;0.5;10;10;0.5;0.1;2.2;0.5;
sainsburys-confetti-fairy-cake-kit-320g;Sainsbury's Confetti Fairy Cake Kit 320g;£1.60/unit;£5.00/kg;Sugar & home baking;cake-sweet-mixes;435;3.4;57.2;45.6;21.0;12.6;1.6;0.22;
sainsburys-cooked---peeled-jumbo-king-prawns--taste-the-difference-225g;Sainsbury's Cooked & Peeled Jumbo King Prawns, Taste the Difference 225g;£4.00/unit;£17.77/kg;Fish & seafood;frozen-fish-seafood;80;17.9;0.1;0.1;0.8;0.4;null;null;
sainsburys-cooked---peeled-prawns--basics-300g;Sainsbury's Cooked & Peeled Prawns, Basics 300g;£2.30/unit;£7.67/kg;Fish & seafood;frozen-fish-seafood;66;14.6;0.5;0.5;0.7;0.2;0.5;1.45;
sainsburys-cooked-boneless-chicken-breasts-x4-480g;Sainsbury's British Roast Boneless Chicken Breasts x4 480g;£6.00/unit;£1.25/100g;Cooked meats & snacking;mfp-cooked-chicken-turkey;17;2.8;0.5;0.5;0.6;0.2;0.5;0.05;
sainsburys-cooked-boneless-chicken-breasts-x4-480g;Sainsbury's British Roast Boneless Chicken Breasts x4 480g;£6.00/unit;£1.25/100g;Cooked meats, pate & sandwich fillers;cooked-chicken-turkey;17;2.8;0.5;0.5;0.6;0.2;0.5;0.05;
sainsburys-cooked-chicken--be-good-to-yourself-100g;Sainsbury's Cooked Chicken Slices, Be Good To Yourself 100g;£2.00/unit;£2.00/100g;Cooked meats & snacking;mfp-cooked-chicken-turkey;106;22.6;0.5;0.5;1.7;0.5;0.5;1.23;
sainsburys-cooked-chicken--be-good-to-yourself-100g;Sainsbury's Cooked Chicken Slices, Be Good To Yourself 100g;£2.00/unit;£2.00/100g;Cooked meats, pate & sandwich fillers;cooked-chicken-turkey;106;22.6;0.5;0.5;1.7;0.5;0.5;1.23;
sainsburys-cooked-chicken-bbq-chunks-140g;Sainsbury's Cooked Chicken BBQ Chunks 140g;£3.00/unit;£2.14/100g;Cooked meats & snacking;mfp-cooked-chicken-turkey;132;23.8;6.3;4.9;1.2;0.3;0.5;0.88;
sainsburys-cooked-chicken-bbq-chunks-140g;Sainsbury's Cooked Chicken BBQ Chunks 140g;£3.00/unit;£2.14/100g;Cooked meats & snacking;mfp-snacking-cooked-sausage;132;23.8;6.3;4.9;1.2;0.3;0.5;0.88;
sainsburys-cooked-chicken-bbq-chunks-140g;Sainsbury's Cooked Chicken BBQ Chunks 140g;£3.00/unit;£2.14/100g;Cooked meats, pate & sandwich fillers;cooked-chicken-turkey;132;23.8;6.3;4.9;1.2;0.3;0.5;0.88;
sainsburys-cooked-chicken-bbq-chunks-140g;Sainsbury's Cooked Chicken BBQ Chunks 140g;£3.00/unit;£2.14/100g;Cooked meats, pate & sandwich fillers;snacking-cooked-sausage;132;23.8;6.3;4.9;1.2;0.3;0.5;0.88;
sainsburys-cooked-chicken-piri-piri-wings-450g;Sainsbury's Cooked Chicken Piri Piri Wings 450g;£3.30/unit;£0.73/100g;Cooked meats & snacking;mfp-cooked-chicken-turkey;199;20.6;3.4;1.4;11.4;2.9;0.5;0.61;
sainsburys-cooked-chicken-piri-piri-wings-450g;Sainsbury's Cooked Chicken Piri Piri Wings 450g;£3.30/unit;£0.73/100g;Cooked meats & snacking;mfp-snacking-cooked-sausage;199;20.6;3.4;1.4;11.4;2.9;0.5;0.61;
sainsburys-cooked-chicken-piri-piri-wings-450g;Sainsbury's Cooked Chicken Piri Piri Wings 450g;£3.30/unit;£0.73/100g;Cooked meats, pate & sandwich fillers;cooked-chicken-turkey;199;20.6;3.4;1.4;11.4;2.9;0.5;0.61;
sainsburys-cooked-chicken-piri-piri-wings-450g;Sainsbury's Cooked Chicken Piri Piri Wings 450g;£3.30/unit;£0.73/100g;Cooked meats, pate & sandwich fillers;snacking-cooked-sausage;199;20.6;3.4;1.4;11.4;2.9;0.5;0.61;
sainsburys-cooked-chicken-slices--bbq-160g;Sainsbury's Cooked Chicken Slices, BBQ 160g;£3.30/unit;£2.06/100g;Cooked meats & snacking;mfp-cooked-chicken-turkey;131;25.5;3.8;3.1;1.6;0.4;0.5;0.63;
sainsburys-cooked-chicken-slices--bbq-160g;Sainsbury's Cooked Chicken Slices, BBQ 160g;£3.30/unit;£2.06/100g;Cooked meats, pate & sandwich fillers;cooked-chicken-turkey;131;25.5;3.8;3.1;1.6;0.4;0.5;0.63;
sainsburys-cooked-chicken-slices--chargrilled-160g;Sainsbury's Cooked Chicken Slices, Chargrilled 160g;£3.30/unit;£2.06/100g;Cooked meats & snacking;mfp-cooked-chicken-turkey;113;23.9;0.5;0.5;1.6;0.5;0.8;0.53;
sainsburys-cooked-chicken-slices--chargrilled-160g;Sainsbury's Cooked Chicken Slices, Chargrilled 160g;£3.30/unit;£2.06/100g;Cooked meats, pate & sandwich fillers;cooked-chicken-turkey;113;23.9;0.5;0.5;1.6;0.5;0.8;0.53;
sainsburys-cooked-chicken-slices--chinese-160g;Sainsbury's Cooked Chicken Slices, Chinese 160g;£3.30/unit;£2.06/100g;Cooked meats & snacking;mfp-cooked-chicken-turkey;128;23.8;5.0;4.5;1.4;0.3;0.5;0.71;
sainsburys-cooked-chicken-slices--chinese-160g;Sainsbury's Cooked Chicken Slices, Chinese 160g;£3.30/unit;£2.06/100g;Cooked meats, pate & sandwich fillers;cooked-chicken-turkey;128;23.8;5.0;4.5;1.4;0.3;0.5;0.71;
sainsburys-cooked-chicken-slices--garlic---herb-160g;Sainsbury's Cooked Chicken Slices, Garlic & Herb 160g;£3.30/unit;£2.06/100g;Cooked meats & snacking;mfp-cooked-chicken-turkey;125;25.1;0.7;0.7;2.4;0.5;0.5;0.62;
sainsburys-cooked-chicken-slices--garlic---herb-160g;Sainsbury's Cooked Chicken Slices, Garlic & Herb 160g;£3.30/unit;£2.06/100g;Cooked meats & snacking;mfp-snacking-cooked-sausage;125;25.1;0.7;0.7;2.4;0.5;0.5;0.62;
sainsburys-cooked-chicken-slices--garlic---herb-160g;Sainsbury's Cooked Chicken Slices, Garlic & Herb 160g;£3.30/unit;£2.06/100g;Cooked meats, pate & sandwich fillers;cooked-chicken-turkey;125;25.1;0.7;0.7;2.4;0.5;0.5;0.62;
sainsburys-cooked-chicken-slices--garlic---herb-160g;Sainsbury's Cooked Chicken Slices, Garlic & Herb 160g;£3.30/unit;£2.06/100g;Cooked meats, pate & sandwich fillers;snacking-cooked-sausage;125;25.1;0.7;0.7;2.4;0.5;0.5;0.62;
sainsburys-cooked-chicken-slices--piri-piri-160g;Sainsbury's Cooked Chicken Slices, Piri Piri 160g;£3.30/unit;£2.06/100g;Cooked meats & snacking;mfp-cooked-chicken-turkey;125;25.3;2.0;1.4;1.7;0.5;0.5;0.62;
sainsburys-cooked-chicken-slices--piri-piri-160g;Sainsbury's Cooked Chicken Slices, Piri Piri 160g;£3.30/unit;£2.06/100g;Cooked meats & snacking;mfp-snacking-cooked-sausage;125;25.3;2.0;1.4;1.7;0.5;0.5;0.62;
sainsburys-cooked-chicken-slices--piri-piri-160g;Sainsbury's Cooked Chicken Slices, Piri Piri 160g;£3.30/unit;£2.06/100g;Cooked meats, pate & sandwich fillers;cooked-chicken-turkey;125;25.3;2.0;1.4;1.7;0.5;0.5;0.62;
sainsburys-cooked-chicken-slices--piri-piri-160g;Sainsbury's Cooked Chicken Slices, Piri Piri 160g;£3.30/unit;£2.06/100g;Cooked meats, pate & sandwich fillers;snacking-cooked-sausage;125;25.3;2.0;1.4;1.7;0.5;0.5;0.62;
sainsburys-cooked-chicken-slices--sweet-chilli-160g;Sainsbury's Cooked Chicken Slices, Sweet Chilli 160g;£3.30/unit;£2.06/100g;Cooked meats & snacking;mfp-cooked-chicken-turkey;127;22.8;5.3;3.9;1.6;0.4;0.5;0.63;
sainsburys-cooked-chicken-slices--sweet-chilli-160g;Sainsbury's Cooked Chicken Slices, Sweet Chilli 160g;£3.30/unit;£2.06/100g;Cooked meats, pate & sandwich fillers;cooked-chicken-turkey;127;22.8;5.3;3.9;1.6;0.4;0.5;0.63;
sainsburys-cooked-chicken-slices--tikka-160g;Sainsbury's Cooked Chicken Slices, Tikka 160g;£3.30/unit;£2.06/100g;Cooked meats & snacking;mfp-cooked-chicken-turkey;137;27.9;0.7;0.5;2.5;0.6;0.5;0.57;
sainsburys-cooked-chicken-slices--tikka-160g;Sainsbury's Cooked Chicken Slices, Tikka 160g;£3.30/unit;£2.06/100g;Cooked meats, pate & sandwich fillers;cooked-chicken-turkey;137;27.9;0.7;0.5;2.5;0.6;0.5;0.57;
sainsburys-cooked-chicken-slices-125g;Sainsbury's British Cooked Chicken Slices 125g;£1.00/unit;£0.80/100g;Cooked meats & snacking;mfp-cooked-chicken-turkey;104;21.0;2.4;0.9;1.2;0.3;0.5;1.50;
sainsburys-cooked-chicken-slices-125g;Sainsbury's British Cooked Chicken Slices 125g;£1.00/unit;£0.80/100g;Cooked meats, pate & sandwich fillers;cooked-chicken-turkey;104;21.0;2.4;0.9;1.2;0.3;0.5;1.50;
sainsburys-cooked-ham--be-good-to-yourself-100g;Sainsbury's Cooked Ham, Be Good To Yourself 100g;£2.00/unit;£2.00/100g;Cooked meats & snacking;ham-82654-44;98;21.1;0.5;0.5;1.5;0.6;0.5;1.38;
sainsburys-cooked-ham--be-good-to-yourself-100g;Sainsbury's Cooked Ham, Be Good To Yourself 100g;£2.00/unit;£2.00/100g;Cooked meats, pate & sandwich fillers;ham;98;21.1;0.5;0.5;1.5;0.6;0.5;1.38;
sainsburys-cooked-ham--so-organic-100g;Sainsbury's Cooked Ham, SO Organic 100g;£3.30/unit;£3.30/100g;Cooked meats & snacking;ham-82654-44;124;21.7;0.5;0.5;4.0;1.4;0.5;2.00;
sainsburys-cooked-ham--so-organic-100g;Sainsbury's Cooked Ham, SO Organic 100g;£3.30/unit;£3.30/100g;Cooked meats, pate & sandwich fillers;ham;124;21.7;0.5;0.5;4.0;1.4;0.5;2.00;
sainsburys-cooked-ham-240g;Sainsbury's Cooked Ham Slices x14 240g;£3.00/unit;£1.25/100g;Cooked meats & snacking;ham-82654-44;118;22.3;0.9;0.9;2.8;1.0;0.5;1.63;
sainsburys-cooked-ham-240g;Sainsbury's Cooked Ham Slices x14 240g;£3.00/unit;£1.25/100g;Cooked meats, pate & sandwich fillers;ham;118;22.3;0.9;0.9;2.8;1.0;0.5;1.63;
sainsburys-cooked-ham-family-size-375g;Sainsbury's Cooked Carvery Ham Slices x12 375g;£4.00/unit;£1.07/100g;Cooked meats & snacking;ham-82654-44;118;22.3;0.9;0.9;2.8;1.0;0.5;1.63;
sainsburys-cooked-ham-family-size-375g;Sainsbury's Cooked Carvery Ham Slices x12 375g;£4.00/unit;£1.07/100g;Cooked meats, pate & sandwich fillers;ham;118;22.3;0.9;0.9;2.8;1.0;0.5;1.63;
sainsburys-cooked-mussel-meat-200g;Sainsbury's Cooked Mussel Meat 200g;£2.00/unit;£1.00/100g;Fish & seafood;prawns-shellfish;104;14;4.3;0.5;3.2;0.6;0.5;1.3;
sainsburys-cooked-roast-chicken-breast-fillet-125g;Sainsbury's British Roast Chicken Breast Fillet 125g;£3.00/unit;£2.40/100g;Cooked meats & snacking;mfp-cooked-chicken-turkey;167;28.0;0.5;0.5;5.8;2.0;0.5;0.52;
sainsburys-cooked-roast-chicken-breast-fillet-125g;Sainsbury's British Roast Chicken Breast Fillet 125g;£3.00/unit;£2.40/100g;Cooked meats, pate & sandwich fillers;cooked-chicken-turkey;167;28.0;0.5;0.5;5.8;2.0;0.5;0.52;
sainsburys-cooked-roast-chicken-fillets-x2-240g;Sainsbury's Cooked Roast Chicken Fillets x2 240g;£4.00/unit;£1.67/100g;Cooked meats & snacking;mfp-cooked-chicken-turkey;167;28.0;0.5;0.5;5.8;2.0;0.5;0.52;
sainsburys-cooked-roast-chicken-fillets-x2-240g;Sainsbury's Cooked Roast Chicken Fillets x2 240g;£4.00/unit;£1.67/100g;Cooked meats, pate & sandwich fillers;cooked-chicken-turkey;167;28.0;0.5;0.5;5.8;2.0;0.5;0.52;
sainsburys-cooked-roast-chicken-legs-x2-300g;Sainsbury's British Roast Chicken Legs x2 300g;£1.65/unit;£0.55/100g;Cooked meats & snacking;mfp-cooked-chicken-turkey;202;23.5;0.5;0.5;11.8;3.3;0.5;0.66;
sainsburys-cooked-roast-chicken-legs-x2-300g;Sainsbury's British Roast Chicken Legs x2 300g;£1.65/unit;£0.55/100g;Cooked meats, pate & sandwich fillers;cooked-chicken-turkey;202;23.5;0.5;0.5;11.8;3.3;0.5;0.66;
sainsburys-cooked-roast-chicken-thighs-360g;Sainsbury's British Roast Chicken Thighs 360g;£2.50/unit;£0.69/100g;Cooked meats & snacking;mfp-cooked-chicken-turkey;258;23.4;0.5;0.5;18.0;4.5;0.5;0.64;
sainsburys-cooked-roast-chicken-thighs-360g;Sainsbury's British Roast Chicken Thighs 360g;£2.50/unit;£0.69/100g;Cooked meats, pate & sandwich fillers;cooked-chicken-turkey;258;23.4;0.5;0.5;18.0;4.5;0.5;0.64;
sainsburys-cooked-scottish-crab-claws--taste-the-difference-380g;Sainsbury's Cooked Scottish Crab Claws, Taste the Difference 380g;£6.00/unit;£15.79/kg;Fish & seafood;frozen-fish-seafood;86;20.0;0.5;0.5;0.6;0.3;0.5;0.60;
sainsburys-cookie-assortment-tin--taste-the-difference-450g;Sainsbury's Cookie Assortment Tin Taste the Difference 450g;£5.00/unit;£1.11/100g;Biscuits & crackers;biscuits-crackers-sharing-bags-assortments;527;6.7;54.2;29.0;30.8;13.8;3.3;0.80;
sainsburys-cookie-assortment-tin--taste-the-difference-450g;Sainsbury's Cookie Assortment Tin Taste the Difference 450g;£5.00/unit;£1.11/100g;Biscuits & crackers;cookies;527;6.7;54.2;29.0;30.8;13.8;3.3;0.80;
sainsburys-cookie-assortment-tin--taste-the-difference-450g;Sainsbury's Cookie Assortment Tin Taste the Difference 450g;£5.00/unit;£1.11/100g;Biscuits & crackers;everyday-biscuits-shortbread;527;6.7;54.2;29.0;30.8;13.8;3.3;0.80;
sainsburys-cookie-assortment-tin--taste-the-difference-450g;Sainsbury's Cookie Assortment Tin Taste the Difference 450g;£5.00/unit;£1.11/100g;Biscuits & crackers;luxury-continental-biscuits;527;6.7;54.2;29.0;30.8;13.8;3.3;0.80;
sainsburys-cookie-dough-500ml;Sainsbury's Cookie Dough Ice Cream 500ml;£2.50/unit;£0.50/100ml;Ice cream & desserts;ice-cream-tubs;214;3.4;31.1;19.9;8.4;5.4;0.6;0.17;
sainsburys-cookie-dough-block-350g;Sainsbury's Cookie Dough Block 350g;£2.00/unit;£0.57/100g;Butter, spreads & baking;pastry-and-dough;480;4.7;67.3;31.5;20.9;12.6;1.8;0.26;
sainsburys-cookie-mix-275g;Sainsbury's Cookie Mix 275g;£1.40/unit;£5.09/kg;Sugar & home baking;cake-sweet-mixes;397;5.6;63.2;40.8;12.9;6.9;2.8;0.49;
sainsburys-cookies--basics-250g;Sainsbury's Cookies, Basics 250g;£0.50/unit;£0.20/100g;Biscuits & crackers;cookies;496;5.9;64.3;29.3;23.9;11.7;2.0;0.68;
sainsburys-cooking-apples-%28each%29;Sainsbury's British Bramley Cooking Apples Loose;£1.50/kg;£1.50/kg;Fresh fruit;apples-pears-rhubarb;33;0.5;8.1;100;0.5;0.1;1.5;0.5;
sainsburys-cooking-apples-%28each%29;Sainsbury's British Bramley Cooking Apples Loose;£1.50/kg;£1.50/kg;In season;new-in-season;33;0.5;8.1;100;0.5;0.1;1.5;0.5;
sainsburys-cooking-bacon--basics-1kg;Sainsbury's Cooking Bacon, Basics 1kg;£2.05/unit;£2.05/kg;Meat & poultry;frozen-pork;235;22.7;0.1;0.1;16.0;6.0;0;3.50;
sainsburys-cooking-bacon--basics-670g;Sainsbury's Cooking Bacon, Basics 670g;£1.15/unit;£1.72/kg;Bacon & gammon;bacon;308;27.9;0.5;0.5;21.8;9.0;0.5;5.40;
sainsburys-cooking-salt--polybag-15kg;Sainsbury's Cooking Salt, Polybag 1.5kg;£0.70/unit;£0.47/kg;Cooking ingredients & oils;salt-pepper;null;null;null;null;null;null;null;null;
sainsburys-cooks-ingredient-bbq-pulled-pork-110g;Sainsbury's Cooked BBQ Pulled Pork 110g;£2.00/unit;£1.82/100g;Cooked meats & snacking;cooks-ingredients;163;27.2;0.5;0.5;5.9;2.0;0.5;0.48;
sainsburys-cooks-ingredient-bbq-pulled-pork-110g;Sainsbury's Cooked BBQ Pulled Pork 110g;£2.00/unit;£1.82/100g;Cooked meats, pate & sandwich fillers;cooks-ingredients-85658-44;163;27.2;0.5;0.5;5.9;2.0;0.5;0.48;
sainsburys-cooks-ingredients-ham-hock-100g;Sainsbury's Shedded British Ham Hock 110g;£2.00/unit;£1.82/100g;Cooked meats & snacking;cooks-ingredients;147;27.4;0.5;0.5;4.1;1.5;0.5;1.77;
sainsburys-cooks-ingredients-ham-hock-100g;Sainsbury's Shedded British Ham Hock 110g;£2.00/unit;£1.82/100g;Cooked meats & snacking;ham-82654-44;147;27.4;0.5;0.5;4.1;1.5;0.5;1.77;
sainsburys-cooks-ingredients-ham-hock-100g;Sainsbury's Shedded British Ham Hock 110g;£2.00/unit;£1.82/100g;Cooked meats & snacking;mfp-continental-meats;147;27.4;0.5;0.5;4.1;1.5;0.5;1.77;
sainsburys-cooks-ingredients-ham-hock-100g;Sainsbury's Shedded British Ham Hock 110g;£2.00/unit;£1.82/100g;Cooked meats, pate & sandwich fillers;continental-meats;147;27.4;0.5;0.5;4.1;1.5;0.5;1.77;
sainsburys-cooks-ingredients-ham-hock-100g;Sainsbury's Shedded British Ham Hock 110g;£2.00/unit;£1.82/100g;Cooked meats, pate & sandwich fillers;cooks-ingredients-85658-44;147;27.4;0.5;0.5;4.1;1.5;0.5;1.77;
sainsburys-cooks-ingredients-ham-hock-100g;Sainsbury's Shedded British Ham Hock 110g;£2.00/unit;£1.82/100g;Cooked meats, pate & sandwich fillers;ham;147;27.4;0.5;0.5;4.1;1.5;0.5;1.77;
sainsburys-cooks-ingredients-smoked-bacon-100g;Sainsbury's British Smoked Bacon 100g;£2.00/unit;£2.00/100g;Cooked meats & snacking;cooks-ingredients;436;42.5;3.6;0.5;28.0;9.3;0.5;3.25;
sainsburys-cooks-ingredients-smoked-bacon-100g;Sainsbury's British Smoked Bacon 100g;£2.00/unit;£2.00/100g;Cooked meats & snacking;mfp-continental-meats;436;42.5;3.6;0.5;28.0;9.3;0.5;3.25;
sainsburys-cooks-ingredients-smoked-bacon-100g;Sainsbury's British Smoked Bacon 100g;£2.00/unit;£2.00/100g;Cooked meats, pate & sandwich fillers;continental-meats;436;42.5;3.6;0.5;28.0;9.3;0.5;3.25;
sainsburys-cooks-ingredients-smoked-bacon-100g;Sainsbury's British Smoked Bacon 100g;£2.00/unit;£2.00/100g;Cooked meats, pate & sandwich fillers;cooks-ingredients-85658-44;436;42.5;3.6;0.5;28.0;9.3;0.5;3.25;
sainsburys-cool-salsa-dip-300g;Sainsbury's Cool Salsa Dip 300g;£1.10/unit;£0.37/100g;Crisps, nuts & snacking fruit;tortillas-dips;31;1.7;5.6;3.8;0.5;0.1;0.5;1.1;
sainsburys-coquina-squash--taste-the-difference;Sainsbury's Coquina Squash, Taste the Difference;£2.00/kg;£2.00/kg;Fresh vegetables;courgette-aubergine-squash;75;0.7;13.6;3.7;1.6;1.0;1.8;0.13;
sainsburys-coquina-squash--taste-the-difference;Sainsbury's Coquina Squash, Taste the Difference;£2.00/kg;£2.00/kg;Taste the Difference;taste-the-difference-185761-44;75;0.7;13.6;3.7;1.6;1.0;1.8;0.13;
sainsburys-coriander---lemon-cous-cous-110g;Sainsbury's Coriander & Lemon Cous Cous 110g;£0.60/unit;£5.45/kg;Canned, tinned & packaged foods;pulses-beans;139;4.8;27.5;1.4;0.7;0.2;1.9;0.29;
sainsburys-coriander---lemon-cous-cous-110g;Sainsbury's Coriander & Lemon Cous Cous 110g;£0.60/unit;£5.45/kg;Rice, pasta & noodles;couscous-grains;139;4.8;27.5;1.4;0.7;0.2;1.9;0.29;
sainsburys-coriander---mint-raita-%28cool---refreshing%29-150g;Sainsbury's Coriander & Mint Raita (cool & refreshing) 150g;£1.00/unit;£0.67/100g;Ready meals;indian-ready-meals;87;4.2;8.3;3.8;4.1;0.9;0.5;0.38;
sainsburys-coriander---mint-raita-%28cool---refreshing%29-150g;Sainsbury's Coriander & Mint Raita (cool & refreshing) 150g;£1.00/unit;£0.67/100g;Vegetarian & meat free;vegetarian-meat-free-ready-meals;87;4.2;8.3;3.8;4.1;0.9;0.5;0.38;
sainsburys-coriander-leaf-9g;Sainsbury's Coriander Leaf 9g;£1.00/unit;£1.11/10g;Cooking ingredients & oils;herbs-spices-seasoning;null;null;null;null;null;null;null;null;
sainsburys-coriander-paste-75g;Sainsbury's Coriander Paste 75g;£1.60/unit;£2.00/100g;Cooking ingredients & oils;cooking-pastes;125;1.7;11.0;7.0;7.9;0.7;1.5;0.62;
sainsburys-coriander-paste-75g;Sainsbury's Coriander Paste 75g;£1.60/unit;£2.00/100g;Fresh herbs & ingredients;asian-ingredients;125;1.7;11.0;7.0;7.9;0.7;1.5;0.62;
sainsburys-coriander-paste-75g;Sainsbury's Coriander Paste 75g;£1.60/unit;£2.00/100g;Fresh herbs & ingredients;indian-ingredients;125;1.7;11.0;7.0;7.9;0.7;1.5;0.62;
sainsburys-coriander-seed-30g;Sainsbury's Coriander Seed 30g;£1.00/unit;£0.33/10g;Cooking ingredients & oils;herbs-spices-seasoning;null;null;null;null;null;null;null;null;
sainsburys-corn-fed-chicken-breast-fillets-%28approx-450-750g%29;Sainsbury's Corn Fed Chicken Breast Fillets (approx. 450-750g);£14.10/kg;£14.10/kg;Chicken;chicken;137;30.6;0.5;0.5;1.3;0.5;0.5;0.16;
sainsburys-corn-fed-chicken-breast-fillets-%28approx-450-750g%29;Sainsbury's Corn Fed Chicken Breast Fillets (approx. 450-750g);£14.10/kg;£14.10/kg;Great prices on meat & fish;great-prices-on-meat---fish;137;30.6;0.5;0.5;1.3;0.5;0.5;0.16;
sainsburys-corn-fed-chicken-thigh---drumsticks-%28approx-500-900g%29;Sainsbury's Corn Fed Chicken Thigh & Drumsticks (approx. 500-900g);£5.80/kg;£5.80/kg;Chicken;chicken;262;24.4;0.5;0.5;17.9;5.3;0.5;0.22;
sainsburys-corn-fed-chicken-thigh---drumsticks-%28approx-500-900g%29;Sainsbury's Corn Fed Chicken Thigh & Drumsticks (approx. 500-900g);£5.80/kg;£5.80/kg;Great prices on meat & fish;great-prices-on-meat---fish;262;24.4;0.5;0.5;17.9;5.3;0.5;0.22;
sainsburys-corn-flakes-750g;Sainsbury's Corn Flakes 750g;£1.45/unit;£0.19/100g;Breakfast cereals;bigger-packs;381;7.3;84.1;7.2;0.9;0.3;3.8;1.05;
sainsburys-corn-flakes-750g;Sainsbury's Corn Flakes 750g;£1.45/unit;£0.19/100g;Breakfast cereals;family-cereals;381;7.3;84.1;7.2;0.9;0.3;3.8;1.05;
sainsburys-corn-oil-1l;Sainsbury's Corn Oil 1L;£1.40/unit;£0.14/100ml;Cooking ingredients & oils;oils;829;0.5;0.5;0.5;92.1;13.3;0.5;0.01;
sainsburys-corned-beef-198g;Sainsbury's Corned Beef 198g;£1.55/unit;£0.78/100g;Canned, tinned & packaged foods;cold-meat;217;25.0;1.0;1.0;12.5;6.0;0;2.30;
sainsburys-corned-beef-hash-crispbakes-x2-270g;Sainsbury's Corned Beef Hash Crispbakes x2 270g;£2.00/unit;£7.41/kg;Breaded & coated;breaded-coated-chicken-turkey-pork;246;10.9;20.2;3.2;13.1;2.7;2.0;0.78;
sainsburys-cornflakes--basics-500g;Sainsbury's Cornflakes, Basics 500g;£0.25/unit;£0.05/100g;Breakfast cereals;family-cereals;377;7.4;84.1;3.6;0.7;0.1;2.3;1.00;
sainsburys-cornflakes--so-organic-375g;Sainsbury's Cornflakes, SO Organic 375g;£1.25/unit;£0.33/100g;Breakfast cereals;family-cereals;381;7.8;84.7;2.1;0.7;0.1;2.3;0.80;
sainsburys-cornflakes-500g;Sainsbury's Cornflakes 500g;£1.00/unit;£0.20/100g;Breakfast cereals;family-cereals;381;7.3;84.1;7.2;0.9;0.3;3.8;1.05;
sainsburys-cornflour-500g;Sainsbury's Cornflour 500g;£1.20/unit;£2.40/kg;Sugar & home baking;flour;359;0.5;88.0;0.5;0.6;0.1;0.5;0.18;
sainsburys-cornish-clotted-cream-scones--taste-the-difference-x4;Sainsbury's Cornish Clotted Cream Scones, Taste the Difference x4;£1.50/unit;£0.38/ea;Cakes;cakes-scones-fruited-buns;368;7.8;49.1;10.4;15.2;9.9;1.7;1.25;
sainsburys-cornish-clotted-cream-scones--taste-the-difference-x4;Sainsbury's Cornish Clotted Cream Scones, Taste the Difference x4;£1.50/unit;£0.38/ea;Scones, fruited & buns;scones-fruited-buns;368;7.8;49.1;10.4;15.2;9.9;1.7;1.25;
sainsburys-cornish-dairy-ice-cream-2l;Sainsbury's Cornish Dairy Ice Cream 2L;£3.00/unit;£0.15/100ml;Ice cream & desserts;ice-cream-tubs;170;3.3;21.8;18.9;7.6;4.8;0.8;0.18;
sainsburys-cornish-pasties-x4-600g;Sainsbury's Cornish Pasties x4 600g;£2.00/unit;£0.33/100g;Pies, pasties & quiche;slices-pasties;277;7.2;22.7;2.2;16.9;8.0;2.7;0.58;
sainsburys-cornish-pasty-150g;Sainsbury's Cornish Pasty 150g;£0.75/unit;£0.50/100g;Pies, pasties & quiche;slices-pasties;277;7.2;22.7;2.2;16.9;8.0;2.7;0.58;
sainsburys-cornish-pasty-150g;Sainsbury's Cornish Pasty 150g;£0.75/unit;£0.50/100g;Soup & lunchtime snacks;lunchtime-snacks;277;7.2;22.7;2.2;16.9;8.0;2.7;0.58;
sainsburys-coronation-chicken-deli-filler--be-good-to-yourself-230g;Sainsbury's Coronation Chicken Deli Filler, Be Good To Yourself 230g;£1.65/unit;£0.72/100g;Cooked meats, pate & sandwich fillers;sandwich-fillers;149;11.4;10.4;9.6;6.7;1.1;0.9;0.87;
sainsburys-coronation-chicken-deli-filler--be-good-to-yourself-230g;Sainsbury's Coronation Chicken Deli Filler, Be Good To Yourself 230g;£1.65/unit;£0.72/100g;Soup & lunchtime snacks;sandwich-fillers2;149;11.4;10.4;9.6;6.7;1.1;0.9;0.87;
sainsburys-coronation-chicken-deli-filler-230g;Sainsbury's Coronation Chicken Deli Filler 230g;£1.65/unit;£0.72/100g;Cooked meats, pate & sandwich fillers;sandwich-fillers;208;11.6;10.0;9.4;13.3;1.6;1.1;0.63;
sainsburys-coronation-chicken-deli-filler-230g;Sainsbury's Coronation Chicken Deli Filler 230g;£1.65/unit;£0.72/100g;Soup & lunchtime snacks;sandwich-fillers2;208;11.6;10.0;9.4;13.3;1.6;1.1;0.63;
sainsburys-coronation-chicken-deli-filler-400g;Sainsbury's Coronation Chicken Deli Filler 400g;£2.00/unit;£0.50/100g;Cooked meats, pate & sandwich fillers;sandwich-fillers;208;11.6;10.0;9.4;13.3;1.6;1.1;0.63;
sainsburys-coronation-chicken-deli-filler-400g;Sainsbury's Coronation Chicken Deli Filler 400g;£2.00/unit;£0.50/100g;Soup & lunchtime snacks;sandwich-fillers2;208;11.6;10.0;9.4;13.3;1.6;1.1;0.63;
sainsburys-coronation-coleslaw-280g;Sainsbury's Coronation Coleslaw 280g;£1.00/unit;£0.36/100g;Coleslaw, olives, salads & dips;coleslaw-salads;193;1.0;11.4;9.8;15.5;1.3;1.9;0.68;
sainsburys-coronation-coleslaw-280g;Sainsbury's Coronation Coleslaw 280g;£1.00/unit;£0.36/100g;Fresh salad;dressings-coleslaw-accompaniments;193;1.0;11.4;9.8;15.5;1.3;1.9;0.68;
sainsburys-coronation-coleslaw-280g;Sainsbury's Coronation Coleslaw 280g;£1.00/unit;£0.36/100g;Prepared & ready to eat;prepared-salad-herbs;193;1.0;11.4;9.8;15.5;1.3;1.9;0.68;
sainsburys-coronation-coleslaw-280g;Sainsbury's Coronation Coleslaw 280g;£1.00/unit;£0.36/100g;Vegetarian & meat free;coleslaw--olives--salads---dips-30658-44;193;1.0;11.4;9.8;15.5;1.3;1.9;0.68;
sainsburys-cos-lettuce--mini-red-x2;Sainsbury's Cos Lettuce, Mini Red x2;£1.00/unit;£1.00/ea;Fresh salad;lettuce;14;1.2;1.3;1.3;0.5;0.1;1.3;0.02;
sainsburys-cos-lettuce;Sainsbury's Cos Lettuce;£1.00/unit;£1.00/ea;Fresh salad;lettuce;14;1.2;1.3;1.3;0.5;0.1;1.3;0.02;
sainsburys-cosmopolitan-salad-170g;Sainsbury's Cosmopolitan Salad 170g;£2.00/unit;£1.18/100g;Fresh salad;fresh-salad-prepared-ready-to-eat;21;1.8;1.4;0.9;0.5;0.1;1.9;0.20;
sainsburys-cosmopolitan-salad-170g;Sainsbury's Cosmopolitan Salad 170g;£2.00/unit;£1.18/100g;Fresh salad;salad-bags;21;1.8;1.4;0.9;0.5;0.1;1.9;0.20;
sainsburys-cosmopolitan-salad-170g;Sainsbury's Cosmopolitan Salad 170g;£2.00/unit;£1.18/100g;Prepared & ready to eat;prepared-salad-herbs;21;1.8;1.4;0.9;0.5;0.1;1.9;0.20;
sainsburys-cosmopolitan-salad-80g;Sainsbury's Cosmopolitan Salad 80g;£1.00/unit;£1.25/100g;Fresh salad;fresh-salad-prepared-ready-to-eat;21;1.8;1.4;0.9;0.5;0.1;1.9;0.20;
sainsburys-cosmopolitan-salad-80g;Sainsbury's Cosmopolitan Salad 80g;£1.00/unit;£1.25/100g;Fresh salad;salad-bags;21;1.8;1.4;0.9;0.5;0.1;1.9;0.20;
sainsburys-cosmopolitan-salad-80g;Sainsbury's Cosmopolitan Salad 80g;£1.00/unit;£1.25/100g;Prepared & ready to eat;prepared-salad-herbs;21;1.8;1.4;0.9;0.5;0.1;1.9;0.20;
sainsburys-cottage-cheese-300g;Sainsbury's Natural Cottage Cheese 300g;£1.40/unit;£4.67/kg;Cheese;cottage-cheese---healthier-choice;107;11.3;3.8;3.8;5.0;3.3;0.8;0.35;
sainsburys-cottage-cheese-300g;Sainsbury's Natural Cottage Cheese 300g;£1.40/unit;£4.67/kg;Cheese;healthier-choice-special-diet-cheese;107;11.3;3.8;3.8;5.0;3.3;0.8;0.35;
sainsburys-cottage-cheese-chive--be-good-to-yourself-300g;Sainsbury's Cottage Cheese Onion & Chive, Be Good To Yourself 300g;£1.40/unit;£4.67/kg;Cheese;cottage-cheese---healthier-choice;73;11.1;4.1;4.1;1.2;0.7;0.8;0.55;
sainsburys-cottage-cheese-chive--be-good-to-yourself-300g;Sainsbury's Cottage Cheese Onion & Chive, Be Good To Yourself 300g;£1.40/unit;£4.67/kg;Cheese;healthier-choice-special-diet-cheese;73;11.1;4.1;4.1;1.2;0.7;0.8;0.55;
sainsburys-cottage-cheese-natural--be-good-to-yourself-300g;Sainsbury's Cottage Cheese Natural, Be Good To Yourself 300g;£1.40/unit;£4.67/kg;Cheese;cottage-cheese---healthier-choice;72;11.2;3.9;3.9;1.2;0.7;0.6;0.43;
sainsburys-cottage-cheese-natural--be-good-to-yourself-300g;Sainsbury's Cottage Cheese Natural, Be Good To Yourself 300g;£1.40/unit;£4.67/kg;Cheese;healthier-choice-special-diet-cheese;72;11.2;3.9;3.9;1.2;0.7;0.6;0.43;
sainsburys-cottage-cheese-pineapple--be-good-to-yourself-300g;Sainsbury's Cottage Cheese Pineapple, Be Good To Yourself 300g;£1.40/unit;£4.67/kg;Cheese;cottage-cheese---healthier-choice;86;8.1;10.7;10.7;1.1;0.6;0.5;0.48;
sainsburys-cottage-cheese-pineapple--be-good-to-yourself-300g;Sainsbury's Cottage Cheese Pineapple, Be Good To Yourself 300g;£1.40/unit;£4.67/kg;Cheese;healthier-choice-special-diet-cheese;86;8.1;10.7;10.7;1.1;0.6;0.5;0.48;
sainsburys-cottage-pie--basics-300g;Sainsbury's Cottage Pie, Basics 300g;£0.80/unit;£2.67/kg;Ready meals;british-ready-meals;79;4.4;7.9;1.1;3.0;1.6;1.5;0.45;
sainsburys-cottage-pie--basics-300g;Sainsbury's Cottage Pie, Basics 300g;£0.80/unit;£2.67/kg;Ready meals;meals-for-1-ready-meals;79;4.4;7.9;1.1;3.0;1.6;1.5;0.45;
sainsburys-cottage-pie--basics-400g;Sainsbury's Cottage Pie, Basics 400g;£1.00/unit;£2.50/kg;Ready meals & pies;frozen-ready-meals;98;5.3;10.0;0.5;3.9;1.5;0.8;0.65;
sainsburys-cottage-pie--be-good-to-yourself-450g;Sainsbury's Cottage Pie, Be Good To Yourself 450g;£2.40/unit;£5.33/kg;Ready meals;british-ready-meals;89;5.1;10.9;1.7;2.4;1.2;1.7;0.40;
sainsburys-cottage-pie--be-good-to-yourself-450g;Sainsbury's Cottage Pie, Be Good To Yourself 450g;£2.40/unit;£5.33/kg;Ready meals;healthier-choice-ready-meals;89;5.1;10.9;1.7;2.4;1.2;1.7;0.40;
sainsburys-cottage-pie--be-good-to-yourself-450g;Sainsbury's Cottage Pie, Be Good To Yourself 450g;£2.40/unit;£5.33/kg;Ready meals;meals-for-1-ready-meals;89;5.1;10.9;1.7;2.4;1.2;1.7;0.40;
sainsburys-cottage-pie--taste-the-difference-400g-6288331-p-44;Sainsbury's Cottage Pie, Taste the Difference 400g;£3.30/unit;£8.25/kg;Ready meals;british-ready-meals;150;9.2;11.6;1.0;6.9;4.1;2.4;0.63;
sainsburys-cottage-pie--taste-the-difference-400g-6288331-p-44;Sainsbury's Cottage Pie, Taste the Difference 400g;£3.30/unit;£8.25/kg;Ready meals;meals-for-1-ready-meals;150;9.2;11.6;1.0;6.9;4.1;2.4;0.63;
sainsburys-cottage-pie--taste-the-difference-400g-6288331-p-44;Sainsbury's Cottage Pie, Taste the Difference 400g;£3.30/unit;£8.25/kg;Ready meals;taste-the-difference-bistro-ready-meals;150;9.2;11.6;1.0;6.9;4.1;2.4;0.63;
sainsburys-cottage-pie--taste-the-difference-800g-7333025-p-44;Sainsbury's Cottage Pie, Taste the Difference 800g;£5.40/unit;£6.75/kg;Ready meals;british-ready-meals;150;9.2;11.6;1.0;6.9;4.1;2.4;0.63;
sainsburys-cottage-pie--taste-the-difference-800g-7333025-p-44;Sainsbury's Cottage Pie, Taste the Difference 800g;£5.40/unit;£6.75/kg;Ready meals;taste-the-difference-bistro-ready-meals;150;9.2;11.6;1.0;6.9;4.1;2.4;0.63;
sainsburys-country-slices-x6;Sainsbury's Country Slices x6;£1.10/unit;£0.18/ea;Cakes;slices-pies-tarts;396;3.6;56.2;39.5;17.0;1.4;1.9;0.45;
sainsburys-country-soup-mixture-500g;Sainsbury's Pea & Barley Soup Mix 500g;£1.10/unit;£2.20/kg;Canned, tinned & packaged foods;pulses-beans;118;6.6;20.1;1.3;0.4;0;3.9;0;
sainsburys-courgettes-%28loose%29;Sainsbury's Courgettes (loose);£2.00/kg;£2.00/kg;Fresh vegetables;courgette-aubergine-squash;null;null;null;null;null;null;null;null;
sainsburys-courgettes--basics-1kg;Sainsbury's Courgettes, Basics 1kg;£1.80/unit;£1.80/kg;Fresh vegetables;courgette-aubergine-squash;22;2.0;2.0;1.9;0.5;0.1;1.2;0.01;
sainsburys-courgettes--so-organic;Sainsbury's Courgettes, SO Organic;£2.20/unit;£6.29/kg;Fresh vegetables;courgette-aubergine-squash;null;null;null;null;null;null;null;null;
sainsburys-courgettes--so-organic;Sainsbury's Courgettes, SO Organic;£2.20/unit;£6.29/kg;Organic;organic;null;null;null;null;null;null;null;null;
sainsburys-courgettes-500g;Sainsbury's Courgettes 500g;£1.50/unit;£3.00/kg;Fresh vegetables;courgette-aubergine-squash;22;2.0;2.0;1.9;0.5;0.1;1.2;0.01;
sainsburys-cous-cous--organic-500g;Sainsbury's Cous Cous, SO Organic 500g;£1.20/unit;£2.40/kg;Canned, tinned & packaged foods;pulses-beans;162;7.0;29.7;1.0;1.1;0.2;2.6;0.02;
sainsburys-cous-cous--organic-500g;Sainsbury's Cous Cous, SO Organic 500g;£1.20/unit;£2.40/kg;Rice, pasta & noodles;couscous-grains;162;7.0;29.7;1.0;1.1;0.2;2.6;0.02;
sainsburys-cous-cous-1kg;Sainsbury's Cous Cous 1kg;£1.20/unit;£1.20/kg;Canned, tinned & packaged foods;pulses-beans;162;7.0;29.7;1.0;1.1;0.2;2.6;0.02;
sainsburys-cous-cous-1kg;Sainsbury's Cous Cous 1kg;£1.20/unit;£1.20/kg;Rice, pasta & noodles;couscous-grains;162;7.0;29.7;1.0;1.1;0.2;2.6;0.02;
sainsburys-cous-cous-500g;Sainsbury's Cous Cous 500g;£0.65/unit;£1.30/kg;Canned, tinned & packaged foods;pulses-beans;162;7.0;29.7;1.0;1.1;0.2;2.6;0.02;
sainsburys-cous-cous-500g;Sainsbury's Cous Cous 500g;£0.65/unit;£1.30/kg;Rice, pasta & noodles;couscous-grains;162;7.0;29.7;1.0;1.1;0.2;2.6;0.02;
sainsburys-cr%C3%A8me-caramel-4x100g;Sainsbury's Crème Caramel 4x100g;£0.75/unit;£0.19/100g;Yogurts;rice-dessert-style-yogurts;110;2.2;22;21;1.6;1.0;0.5;0.20;
sainsburys-cr%C3%A8me-fra%C3%AEche-aoc--taste-the-difference-250g;Sainsbury's Crème Fraîche AOC, Taste the Difference 250ml;£1.20/unit;£0.48/100ml;Desserts & cream;fresh-cream-custard;381;2.4;2.9;2.9;40.0;25.0;0.5;0.08;
sainsburys-cr%C3%A8me-fraiche--be-good-to-yourself-300ml;Sainsbury's Crème Fraîche, Be Good To Yourself 300ml;£0.85/unit;£0.28/100ml;Desserts & cream;fresh-cream-custard;80;5.8;8.7;5.7;2.4;1.5;0.5;0.20;
sainsburys-crab-cakes--taste-the-difference-2-300g;Sainsbury's Crab Cakes, Taste the Difference x2 300g;£3.00/unit;£10.00/kg;Breaded & coated;breaded-coated-fish-seafood;288;11.2;22.1;2.2;16.9;1.2;1.5;1.14;
sainsburys-crab-cakes--taste-the-difference-2-300g;Sainsbury's Crab Cakes, Taste the Difference x2 300g;£3.00/unit;£10.00/kg;Fish & seafood;fishcakes-breaded-fish;288;11.2;22.1;2.2;16.9;1.2;1.5;1.14;
sainsburys-cracked-black-pepper-dressing-250ml;Sainsbury's Cracked Black Pepper Dressing 250ml;£1.00/unit;£0.40/100ml;Table sauces, dressings & condiments;salad-dressings;361;0.7;6.9;6.8;36.6;4.7;0.5;1.68;
sainsburys-cracked-bulgar-wheat-500g;Sainsbury's Cracked Bulgur Wheat 500g;£1.10/unit;£2.20/kg;Canned, tinned & packaged foods;pulses-beans;98;3.7;17.1;0.5;1.1;0.3;2.2;0.02;
sainsburys-cranberries---macadamias-100g;Sainsbury's Cranberries & Macadamias 100g;£2.20/unit;£2.20/100g;Crisps, nuts & snacking fruit;snacking-fruit-seeds;478;2.8;51.7;43.8;27.4;4.3;6.7;0.01;
sainsburys-cranberries---macadamias-100g;Sainsbury's Cranberries & Macadamias 100g;£2.20/unit;£2.20/100g;Fruit & desserts;snacking-fruit-nuts;478;2.8;51.7;43.8;27.4;4.3;6.7;0.01;
sainsburys-cranberry---raisin-hot-cross-buns--taste-the-difference-x-4;Sainsbury's Cranberry & Raisin Hot Cross Buns, Taste the Difference x4;£1.70/unit;£0.43/ea;Easter treats;easter-treats;290;7.3;52.2;25.9;4.9;1.2;3.7;0.68;
sainsburys-cranberry---raisin-hot-cross-buns--taste-the-difference-x-4;Sainsbury's Cranberry & Raisin Hot Cross Buns, Taste the Difference x4;£1.70/unit;£0.43/ea;Scones, fruited & buns;scones-fruited-buns;290;7.3;52.2;25.9;4.9;1.2;3.7;0.68;
sainsburys-cranberry---raspberry-juice-drink-1l;Sainsbury's Cranberry & Raspberry Juice Drink 1L;£1.00/unit;£0.10/100ml;Chilled fruit juice & smoothies;chilled-fruit-juice;39;0.5;9.6;7.5;0.5;0.1;0.5;0.01;
sainsburys-cranberry--orange---chestnut-stuffing--taste-the-difference-110g;Sainsbury's Cranberry, Orange & Chestnut Stuffing, Taste the Difference 110g;£1.35/unit;£12.27/kg;Cooking ingredients & oils;stuffing;209;5.7;42.1;7.7;1.0;0.2;4.3;0.58;
sainsburys-cranberry-juice-drink-1l-1291599-p-44;Sainsbury's Cranberry Juice Drink 1L;£1.00/unit;£0.10/100ml;Chilled fruit juice & smoothies;chilled-fruit-juice;49;0.5;12.2;9.4;0.5;0.1;0.5;0.10;
sainsburys-cranberry-sauce--taste-the-difference-220g;Sainsbury's Cranberry Sauce, Taste the Difference 220g;£1.80/unit;£0.82/100g;Table sauces, dressings & condiments;condiments;235;0.5;56.9;54.7;0.5;0.1;1.4;0.01;
sainsburys-cranberry-sauce-250ml;Sainsbury's Cranberry Sauce 250ml;£0.80/unit;£0.32/100ml;Table sauces, dressings & condiments;condiments;170;0.5;41.5;41.3;0.5;0.1;0.5;0.13;
sainsburys-cream-crackers-300g;Sainsbury's Cream Crackers 300g;£0.40/unit;£0.13/100g;Biscuits & crackers;crackers-savoury-biscuits;436;9.9;67.1;1.4;13.4;6.1;3.8;1.25;
sainsburys-cream-horns-2x50g;Sainsbury's Cream Horns 2x50g;£1.20/unit;£1.20/100g;Desserts & cream;desserts;404;4.9;46.8;18.1;21.7;12.4;1.1;0.58;
sainsburys-cream-of-asparagus-soup--taste-the-difference-400g;Sainsbury's Cream Of Asparagus Soup, Taste the Difference 400g;£0.90/unit;£0.23/100g;Canned, tinned & packaged foods;soups;54;1.0;5.1;1.4;3.2;2.1;0.5;0.48;
sainsburys-cream-of-chicken-cup-soup-4x22g;Sainsbury's Cream Of Chicken Cup Soup 4x22g;£0.70/unit;£0.80/100g;Canned, tinned & packaged foods;soups;38;0.8;6.6;1.1;0.8;0.4;0.6;0.58;
sainsburys-cream-of-chicken-soup--basics-400g;Sainsbury's Cream of Chicken Soup, Basics 400g;£0.30/unit;£0.08/100g;Canned, tinned & packaged foods;soups;37;0.7;2.9;1.0;2.3;0.7;1.1;0.60;
sainsburys-cream-of-chicken-soup-400g;Sainsbury's Cream Of Chicken Soup 400g;£0.55/unit;£0.14/100g;Canned, tinned & packaged foods;soups;59;1.6;4.7;0.5;3.6;0.7;0.5;0.50;
sainsburys-cream-of-chicken-soup-pot-340g;Sainsbury's Cream Of Chicken Soup Pot 340g;£1.10/unit;£0.32/100g;Canned, tinned & packaged foods;soups;48;0.8;3.1;0.2;3.3;0.6;1.2;0.50;
sainsburys-cream-of-mushroom-soup-400g;Sainsbury's Cream Of Mushroom Soup 400g;£0.55/unit;£0.14/100g;Canned, tinned & packaged foods;soups;54;0.9;4.3;0.9;3.7;0.6;0.5;0.60;
sainsburys-cream-of-tomato-cup-soup-4x25g;Sainsbury's Cream of Tomato Cup Soup 4x25g;£0.70/unit;£0.70/100g;Canned, tinned & packaged foods;soups;59;1.7;10.5;5.9;1.0;0.5;0.6;0.53;
sainsburys-cream-of-tomato-soup-4-pack-4x400g;Sainsbury's Cream Of Tomato Soup 4x400g;£2.00/unit;£0.13/100g;Canned, tinned & packaged foods;soups;57;0.9;7.4;5.9;2.5;0.2;0.8;0.56;
sainsburys-cream-of-tomato-soup-400g;Sainsbury's Cream Of Tomato Soup 400g;£0.55/unit;£0.14/100g;Canned, tinned & packaged foods;soups;57;0.9;7.4;5.9;2.5;0.2;0.8;0.56;
sainsburys-cream-of-tomato-soup-600g;Sainsbury's Cream Of Tomato Soup 600g;£1.40/unit;£0.23/100g;Soup & lunchtime snacks;fresh-soups;52;1.4;6.2;4.8;2.2;0.9;0.8;0.40;
sainsburys-cream-of-vegetable-soup-400g;Sainsbury's Cream Of Vegetable Soup 400g;£0.55/unit;£0.14/100g;Canned, tinned & packaged foods;soups;48;0.7;5.0;1.6;2.6;0.7;1.0;0.55;
sainsburys-creamed-corn-400g;Sainsbury's Creamed Corn 400g;£0.90/unit;£2.25/kg;Canned, tinned & packaged foods;canned-tinned-packaged-vegetables;51;1.0;10.5;5.1;0.5;0.1;0.5;0.33;
sainsburys-creamed-green-cabbage-300g;Sainsbury's Creamed Green Cabbage 300g;£2.00/unit;£6.67/kg;Prepared & ready to eat;prepared-vegetables;60;1.8;1.4;1.2;4.4;2.7;3.7;0.58;
sainsburys-creamed-green-cabbage-300g;Sainsbury's Creamed Green Cabbage 300g;£2.00/unit;£6.67/kg;Ready meals;british-ready-meals;60;1.8;1.4;1.2;4.4;2.7;3.7;0.58;
sainsburys-creamed-green-cabbage-300g;Sainsbury's Creamed Green Cabbage 300g;£2.00/unit;£6.67/kg;Ready meals;potato-vegetable-side-dishes;60;1.8;1.4;1.2;4.4;2.7;3.7;0.58;
sainsburys-creamed-green-cabbage-300g;Sainsbury's Creamed Green Cabbage 300g;£2.00/unit;£6.67/kg;Vegetarian & meat free;coleslaw--olives--salads---dips-30658-44;60;1.8;1.4;1.2;4.4;2.7;3.7;0.58;
sainsburys-creamed-green-cabbage-300g;Sainsbury's Creamed Green Cabbage 300g;£2.00/unit;£6.67/kg;Vegetarian & meat free;vegetarian-meat-free-ready-meals;60;1.8;1.4;1.2;4.4;2.7;3.7;0.58;
sainsburys-creamed-horseradish-sauce-160ml;Sainsbury's Creamed Horseradish Sauce 160ml;£0.80/unit;£0.50/100ml;Table sauces, dressings & condiments;condiments;253;2.8;26.9;25.4;14.3;1.9;2.3;2.90;
sainsburys-creamed-rice-213g;Sainsbury's Creamed Rice 213g;£0.40/unit;£0.19/100g;Fruit & desserts;rice-sponge-pudding;96;3.1;16.9;10.3;1.7;1.2;0.5;0.10;
sainsburys-creamed-tomato-soup--basics-400g;Sainsbury's Creamed Tomato Soup, Basics 400g;£0.30/unit;£0.08/100g;Canned, tinned & packaged foods;soups;39;0.5;5.5;3.8;1.7;0.1;0.9;0.48;
sainsburys-creamy-cheese---bacon-potato-bake-490g;Sainsbury's Creamy Cheese & Bacon Potato Bake 490g;£1.39/unit;£0.28/100g;Cooking sauces & world foods;traditional-cooking-sauces;134;2.6;6.0;1.7;10.9;2.8;0.5;0.57;
sainsburys-creamy-cheese-pasta-pot-61g;Sainsbury's Pasta Pot, Creamy Cheese 61g;£0.70/unit;£11.48/kg;Cooking sauces & world foods;world-foods-instant-snack-meals;89;3.1;14.5;4.1;1.9;1.0;0.5;0.40;
sainsburys-creamy-cheese-pasta-pot-61g;Sainsbury's Pasta Pot, Creamy Cheese 61g;£0.70/unit;£11.48/kg;Rice, pasta & noodles;instant-snack-meals;89;3.1;14.5;4.1;1.9;1.0;0.5;0.40;
sainsburys-creamy-chicken-pasta-pot-61g;Sainsbury's Pasta Pot, Creamy Chicken  61g;£0.70/unit;£11.48/kg;Cooking sauces & world foods;world-foods-instant-snack-meals;88;3.2;16.0;3.7;1.1;0.5;0.7;0.48;
sainsburys-creamy-chicken-pasta-pot-61g;Sainsbury's Pasta Pot, Creamy Chicken  61g;£0.70/unit;£11.48/kg;Rice, pasta & noodles;instant-snack-meals;88;3.2;16.0;3.7;1.1;0.5;0.7;0.48;
sainsburys-creamy-chive-dressing-180ml;Sainsbury's Creamy Chive Dressing 180ml;£1.20/unit;£0.67/100ml;Fresh salad;dressings-coleslaw-accompaniments;578;1.5;2.6;1.8;62.2;6.0;0.5;1.08;
sainsburys-creamy-coconut-stir-through-sauce-150g;Sainsbury's Creamy Coconut Stir Through Sauce 150g;£1.15/unit;£0.77/100g;Cooking sauces & world foods;indian-cooking-sauces;133;1.0;9.8;5.7;9.4;6.8;2.5;0.88;
sainsburys-creamy-dill-dressing--taste-the-difference-255ml;Sainsbury's Creamy Dill Dressing, Taste The Difference 255ml;£1.85/unit;£0.73/100ml;Table sauces, dressings & condiments;salad-dressings;336;0.6;7.2;7.0;33.8;2.0;0.5;1.10;
sainsburys-creamy-garlic-sauce-280g;Sainsbury's Creamy Garlic Sauce 280g;£1.20/unit;£0.43/100g;Table sauces, dressings & condiments;tomato-ketchup-brown-bbq-other-sauces;296;0.5;7.6;3.8;29.0;2.1;1.5;0.83;
sainsburys-creamy-horseradish-sauce--taste-the-difference-180g;Sainsbury's Creamy Horseradish Sauce, Taste the Difference 180g;£1.80/unit;£1.00/100g;Table sauces, dressings & condiments;condiments;391;2.1;13.4;12.2;36.0;3.2;2.4;0.97;
sainsburys-creamy-mushroom-cooking-sauce-460g;Sainsbury's Creamy Mushroom Cooking Sauce 460g;£1.29/unit;£0.28/100g;Cooking sauces & world foods;traditional-cooking-sauces;80;1.1;5.0;1.6;6.0;3.7;0.8;0.80;
sainsburys-creamy-mushroom-pasta-bake-485g;Sainsbury's Creamy Mushroom Pasta Bake 485g;£0.95/unit;£0.20/100g;Cooking sauces & world foods;italian-cooking-sauces;83;1.3;5.0;1.7;6.2;3.7;1.0;0.74;
sainsburys-creamy-vegetable-soup-600g;Sainsbury's Creamy Vegetable Soup 600g;£1.40/unit;£0.23/100g;Soup & lunchtime snacks;fresh-soups;36;0.9;4.8;2.1;1.3;0.6;0.9;0.43;
sainsburys-creamy-white-lasagne-sauce-500g;Sainsbury's Lasagne Sauce Creamy White 500g;£0.95/unit;£0.20/100g;Cooking sauces & world foods;italian-cooking-sauces;109;1.4;5.2;0.5;9.2;3.1;0.5;0.78;
sainsburys-creamy-white-wine-cooking-sauce-485g;Sainsbury's Creamy White Wine Cooking Sauce 485g;£1.29/unit;£0.27/100g;Cooking sauces & world foods;traditional-cooking-sauces;91;0.8;6.9;2.9;6.5;2.3;0.6;0.75;
sainsburys-creme-brulee-kit-100g;Sainsbury's Creme Brulee Kit 95g;£1.20/unit;£1.26/100g;Fruit & desserts;dessert-mixes;277;2.5;20.9;14.5;20.2;12.0;0.5;0.10;
sainsburys-creme-brulee-kit-100g;Sainsbury's Creme Brulee Kit 95g;£1.20/unit;£1.26/100g;Sugar & home baking;cake-sweet-mixes;277;2.5;20.9;14.5;20.2;12.0;0.5;0.10;
sainsburys-creme-caramel--basics-4x100g;Sainsbury's Creme Caramel, Basics 4x100g;£0.55/unit;£0.14/100g;Yogurts;rice-dessert-style-yogurts;103;2.4;21;20;0.9;0.6;0.5;0.10;
sainsburys-crinkle-crunch-biscuits--ginger-200g;Sainsbury's Crinkle Crunch Biscuits, Ginger 200g;£0.80/unit;£0.40/100g;Biscuits & crackers;everyday-biscuits-shortbread;490;5.5;65.8;29.8;22.1;9.9;3.0;0.86;
sainsburys-crinkle-cut-beetroot-sweet-vinegar-340g;Sainsbury's Crinkle Cut Beetroot in Sweet Vinegar 340g (200g*);£0.75/unit;£0.38/100g;Vinegar, pickles, olives & antipasti;beetroot;57;1.1;11.4;11.0;0.5;0.1;1.3;0.35;
sainsburys-crinkle-cut-beetroot-sweet-vinegar-340g;Sainsbury's Crinkle Cut Beetroot in Sweet Vinegar 340g (200g*);£0.75/unit;£0.38/100g;Vinegar, pickles, olives & antipasti;pickled-food;57;1.1;11.4;11.0;0.5;0.1;1.3;0.35;
sainsburys-crinkle-cut-chips-18kg;Sainsbury's Crinkle Cut Chips 1.8kg;£1.80/unit;£1.00/kg;Chips & potatoes;chips-potatoes;180;3.0;30.0;0.9;4.4;0.5;4.4;0.10;
sainsburys-crinkle-cut-chips-900g;Sainsbury's Crinkle Cut Chips 900g;£1.00/unit;£1.11/kg;Chips & potatoes;chips-potatoes;180;3.0;30.0;0.9;4.4;0.5;4.4;0.10;
sainsburys-crinkle-cut-gherkins-in-sweet-vinegar-340g;Sainsbury's Crinkle Cut Gherkins in Sweet Vinegar 340g (180g*);£0.90/unit;£0.50/100g;Vinegar, pickles, olives & antipasti;pickled-food;40;0.5;9.2;9.1;0.5;0.1;0.5;1.48;
sainsburys-crisps--prawn-cocktail-x6-25g;Sainsbury's Prawn Cocktail Crisps 6x25g;£1.00/unit;£0.67/100g;Crisps, nuts & snacking fruit;crisps;542;4.4;52.8;1.3;34.1;3.1;3.1;1.33;
sainsburys-crisps--salt---vinegar-6x25g;Sainsbury's Salt & Vinegar Crisps 6x25g;£1.00/unit;£0.67/100g;Crisps, nuts & snacking fruit;crisps;535;5.6;52.6;1.2;32.9;2.9;2.8;2.38;
sainsburys-crisps-classic-variety-12-pack;Sainsbury's Classic Variety Crisps 12x25g;£1.75/unit;£0.58/100g;Crisps, nuts & snacking fruit;crisps;542;4.4;52.7;1.3;34.1;3.1;3.1;1.32;
sainsburys-crispy-beef-with-sweet-chilli-sauce-250g;Sainsbury's Crispy Chilli Beef 250g;£3.30/unit;£13.20/kg;Ready meals;meals-for-1-ready-meals;0;0.5;0.5;0.5;0.5;0.1;0.5;0.01;
sainsburys-crispy-beef-with-sweet-chilli-sauce-250g;Sainsbury's Crispy Chilli Beef 250g;£3.30/unit;£13.20/kg;Ready meals;oriental-ready-meals;0;0.5;0.5;0.5;0.5;0.1;0.5;0.01;
sainsburys-crispy-chicken-nuggets-470g;Sainsbury's Crispy Chicken Nuggets 470g;£3.50/unit;£7.45/kg;Breaded & coated;breaded-coated-chicken-turkey-pork;236;13.9;18.0;0.9;11.7;1.0;1.7;1.07;
sainsburys-crispy-chicken-nuggets-470g;Sainsbury's Crispy Chicken Nuggets 470g;£3.50/unit;£7.45/kg;Chicken;chicken;236;13.9;18.0;0.9;11.7;1.0;1.7;1.07;
sainsburys-crispy-chicken-with-lemon-sauce-340g;Sainsbury's Crispy Chicken With Lemon Sauce 340g;£3.30/unit;£9.71/kg;Ready meals;meals-for-1-ready-meals;0;0.0;0.0;0.0;0.0;0.0;0.0;0.00;
sainsburys-crispy-chicken-with-lemon-sauce-340g;Sainsbury's Crispy Chicken With Lemon Sauce 340g;£3.30/unit;£9.71/kg;Ready meals;oriental-ready-meals;0;0.0;0.0;0.0;0.0;0.0;0.0;0.00;
sainsburys-crispy-chicken-with-sweet-chilli-sauce-340g;Sainsbury's Crispy Chicken With Sweet Chilli Sauce 340g;£3.30/unit;£9.71/kg;Ready meals;meals-for-1-ready-meals;0;0.0;0.0;0.0;0.0;0.0;0.0;0.00;
sainsburys-crispy-chicken-with-sweet-chilli-sauce-340g;Sainsbury's Crispy Chicken With Sweet Chilli Sauce 340g;£3.30/unit;£9.71/kg;Ready meals;oriental-ready-meals;0;0.0;0.0;0.0;0.0;0.0;0.0;0.00;
sainsburys-crispy-chilli-king-prawns-300g;Sainsbury's Crispy Chilli King Prawns 300g;£3.30/unit;£11.00/kg;Ready meals;meals-for-1-ready-meals;211;6.6;25.7;15.0;8.6;0.9;2.0;1.08;
sainsburys-crispy-chilli-king-prawns-300g;Sainsbury's Crispy Chilli King Prawns 300g;£3.30/unit;£11.00/kg;Ready meals;oriental-ready-meals;211;6.6;25.7;15.0;8.6;0.9;2.0;1.08;
sainsburys-crispy-coated-mushrooms-with-garlic-mayonnaise-dip-310g;Sainsbury's Crispy Coated Mushrooms With Garlic Mayonnaise Dip 310g;£3.50/unit;£11.29/kg;Coleslaw, olives, salads & dips;party-food-128152-44;0;0.5;0.5;0.5;0.5;0.1;0.5;0.01;
sainsburys-crispy-coated-mushrooms-with-garlic-mayonnaise-dip-310g;Sainsbury's Crispy Coated Mushrooms With Garlic Mayonnaise Dip 310g;£3.50/unit;£11.29/kg;Ready meals;mexican-caribbean-american-ready-meals;0;0.5;0.5;0.5;0.5;0.1;0.5;0.01;
sainsburys-crispy-coated-mushrooms-with-garlic-mayonnaise-dip-310g;Sainsbury's Crispy Coated Mushrooms With Garlic Mayonnaise Dip 310g;£3.50/unit;£11.29/kg;Ready meals;potato-vegetable-side-dishes;0;0.5;0.5;0.5;0.5;0.1;0.5;0.01;
sainsburys-crispy-coated-mushrooms-with-garlic-mayonnaise-dip-310g;Sainsbury's Crispy Coated Mushrooms With Garlic Mayonnaise Dip 310g;£3.50/unit;£11.29/kg;Vegetarian & meat free;coleslaw--olives--salads---dips-30658-44;0;0.5;0.5;0.5;0.5;0.1;0.5;0.01;
sainsburys-crispy-coated-mushrooms-with-garlic-mayonnaise-dip-310g;Sainsbury's Crispy Coated Mushrooms With Garlic Mayonnaise Dip 310g;£3.50/unit;£11.29/kg;Vegetarian & meat free;vegetarian-meat-free-ready-meals;0;0.5;0.5;0.5;0.5;0.1;0.5;0.01;
sainsburys-crispy-garlic-mushroom---dip-310g;Sainsbury's Crispy Garlic Mushroom & Dip 310g;£3.00/unit;£9.68/kg;Ready meals;mexican-caribbean-american-ready-meals;0;0.5;0.5;0.5;0.5;0.1;0.5;0.01;
sainsburys-crispy-garlic-mushroom---dip-310g;Sainsbury's Crispy Garlic Mushroom & Dip 310g;£3.00/unit;£9.68/kg;Ready meals;potato-vegetable-side-dishes;0;0.5;0.5;0.5;0.5;0.1;0.5;0.01;
sainsburys-crispy-garlic-mushrooms-300g;Sainsbury's Crispy Garlic Mushrooms 300g;£1.00/unit;£3.33/kg;Fruit, vegetables & rice;frozen-vegetables;167;4.5;20.2;1.2;7.4;0.8;0.6;0.85;
sainsburys-crispy-garlic-mushrooms-300g;Sainsbury's Crispy Garlic Mushrooms 300g;£1.00/unit;£3.33/kg;Party food;frozen-party-food;167;4.5;20.2;1.2;7.4;0.8;0.6;0.85;
sainsburys-crispy-leaf-salad-135g;Sainsbury's Crispy Leaf Salad 135g;£1.00/unit;£0.74/100g;Fresh salad;fresh-salad-prepared-ready-to-eat;14;0.9;1.7;1.5;0.5;0.1;1.5;0.06;
sainsburys-crispy-leaf-salad-135g;Sainsbury's Crispy Leaf Salad 135g;£1.00/unit;£0.74/100g;Fresh salad;salad-bags;14;0.9;1.7;1.5;0.5;0.1;1.5;0.06;
sainsburys-crispy-leaf-salad-135g;Sainsbury's Crispy Leaf Salad 135g;£1.00/unit;£0.74/100g;Prepared & ready to eat;prepared-salad-herbs;14;0.9;1.7;1.5;0.5;0.1;1.5;0.06;
sainsburys-crispy-leaf-salad-220g;Sainsbury's Crispy Leaf Salad 220g;£1.50/unit;£0.68/100g;Fresh salad;fresh-salad-prepared-ready-to-eat;14;0.9;1.7;1.5;0.5;0.1;1.5;0.06;
sainsburys-crispy-leaf-salad-220g;Sainsbury's Crispy Leaf Salad 220g;£1.50/unit;£0.68/100g;Fresh salad;salad-bags;14;0.9;1.7;1.5;0.5;0.1;1.5;0.06;
sainsburys-crispy-leaf-salad-220g;Sainsbury's Crispy Leaf Salad 220g;£1.50/unit;£0.68/100g;Prepared & ready to eat;prepared-salad-herbs;14;0.9;1.7;1.5;0.5;0.1;1.5;0.06;
sainsburys-crispy-nuggets-with-bbq-dip-x10-300g;Sainsbury's Crispy Chicken Nuggets With BBQ Dip x10 320g;£3.00/unit;£10.00/kg;Coleslaw, olives, salads & dips;party-food-128152-44;236;13.9;18.0;0.9;11.7;1.0;1.7;1.07;
sainsburys-crispy-nuggets-with-bbq-dip-x10-300g;Sainsbury's Crispy Chicken Nuggets With BBQ Dip x10 320g;£3.00/unit;£10.00/kg;Ready meals;mexican-caribbean-american-ready-meals;236;13.9;18.0;0.9;11.7;1.0;1.7;1.07;
sainsburys-crispy-onion-salad-sprinkle-20g;Sainsbury's Crispy Onion Salad Sprinkle 20g;£0.50/unit;£2.50/100g;Fresh salad;dressings-coleslaw-accompaniments;522;9.1;41.9;18.0;33.6;12.9;8.0;1.00;
sainsburys-crispy-pork-with-sweet---sour-sauce-350g;Sainsbury's Crispy Pork With Sweet & Sour Sauce 350g;£3.30/unit;£9.43/kg;Ready meals;meals-for-1-ready-meals;0;0.5;0.5;0.5;0.5;0.1;0.5;0.01;
sainsburys-crispy-pork-with-sweet---sour-sauce-350g;Sainsbury's Crispy Pork With Sweet & Sour Sauce 350g;£3.30/unit;£9.43/kg;Ready meals;oriental-ready-meals;0;0.5;0.5;0.5;0.5;0.1;0.5;0.01;
sainsburys-crispy-potato-slices-400g;Sainsbury's Crispy Potato Slices 400g;£1.50/unit;£3.75/kg;Prepared & ready to eat;prepared-vegetables;190;2.6;21.8;1.1;9.7;0.7;2.4;0.38;
sainsburys-crispy-potato-slices-400g;Sainsbury's Crispy Potato Slices 400g;£1.50/unit;£3.75/kg;Ready meals;british-ready-meals;190;2.6;21.8;1.1;9.7;0.7;2.4;0.38;
sainsburys-crispy-potato-slices-400g;Sainsbury's Crispy Potato Slices 400g;£1.50/unit;£3.75/kg;Ready meals;potato-vegetable-side-dishes;190;2.6;21.8;1.1;9.7;0.7;2.4;0.38;
sainsburys-crispy-potato-slices-400g;Sainsbury's Crispy Potato Slices 400g;£1.50/unit;£3.75/kg;Vegetarian & meat free;coleslaw--olives--salads---dips-30658-44;190;2.6;21.8;1.1;9.7;0.7;2.4;0.38;
sainsburys-crispy-potato-slices-400g;Sainsbury's Crispy Potato Slices 400g;£1.50/unit;£3.75/kg;Vegetarian & meat free;vegetarian-meat-free-ready-meals;190;2.6;21.8;1.1;9.7;0.7;2.4;0.38;
sainsburys-crispy-seaweed-70g;Sainsbury's Crispy Seaweed 70g;£1.40/unit;£20.00/kg;Ready meals;oriental-ready-meals;607;5.6;5.0;4.5;60.3;3.4;11.1;0.70;
sainsburys-crispy-seaweed-70g;Sainsbury's Crispy Seaweed 70g;£1.40/unit;£20.00/kg;Ready meals;potato-vegetable-side-dishes;607;5.6;5.0;4.5;60.3;3.4;11.1;0.70;
sainsburys-crispy-sweet---sour-chicken-with-rice-400g;Sainsbury's Crispy Sweet & Sour Chicken With Rice 400g;£3.30/unit;£8.25/kg;Ready meals;meals-for-1-ready-meals;182;7.4;28.3;10.3;3.9;0.4;1.9;0.57;
sainsburys-crispy-sweet---sour-chicken-with-rice-400g;Sainsbury's Crispy Sweet & Sour Chicken With Rice 400g;£3.30/unit;£8.25/kg;Ready meals;oriental-ready-meals;182;7.4;28.3;10.3;3.9;0.4;1.9;0.57;
sainsburys-croissants-x4--taste-the-difference;Sainsbury's Croissants x4, Taste the Difference;£1.80/unit;£0.45/ea;Croissants, brioche & pastries;croissants-brioche-pastries;438;7.7;41.9;5.6;26.1;17.5;2.3;0.97;
sainsburys-croissants-x8;Sainsbury's Croissants x8;£1.85/unit;£0.23/ea;Croissants, brioche & pastries;croissants-brioche-pastries;420;8.1;42.9;5.9;23.4;15.9;2.6;0.75;
sainsburys-crudo-antipasti-selection-120g;Sainsbury's Italian Antipasto Selection 120g;£2.70/unit;£2.25/100g;Coleslaw, olives, salads & dips;olives-tapas-antipasti;295;28.0;0.5;0.5;20.2;7.0;0.5;5.73;
sainsburys-crudo-antipasti-selection-120g;Sainsbury's Italian Antipasto Selection 120g;£2.70/unit;£2.25/100g;Cooked meats & snacking;mfp-continental-meats;295;28.0;0.5;0.5;20.2;7.0;0.5;5.73;
sainsburys-crudo-antipasti-selection-120g;Sainsbury's Italian Antipasto Selection 120g;£2.70/unit;£2.25/100g;Cooked meats, pate & sandwich fillers;continental-meats;295;28.0;0.5;0.5;20.2;7.0;0.5;5.73;
sainsburys-crumble-mix-225g;Sainsbury's Crumble Mix 225g;£0.30/unit;£1.34/kg;Sugar & home baking;cake-sweet-mixes;470;5.3;64.4;26.2;20.7;9.0;2.2;0.07;
sainsburys-crumble-mix-225g;Sainsbury's Crumble Mix 225g;£0.30/unit;£1.34/kg;Sugar & home baking;pastry-savoury-mixes;470;5.3;64.4;26.2;20.7;9.0;2.2;0.07;
sainsburys-crumpets--taste-the-difference-x6;Sainsbury's Crumpets, Taste the Difference x6;£0.85/unit;£0.14/ea;Crumpets, breakfast muffins & pancakes;crumpets-breakfast-muffins-pancakes;178;6.3;34.9;1.8;0.9;0.2;2.4;1.02;
sainsburys-crumpets-x8;Sainsbury's Crumpets x8;£0.65/unit;£0.08/ea;Crumpets, breakfast muffins & pancakes;crumpets-breakfast-muffins-pancakes;212;6.6;42.6;3.9;1.1;0.2;2.5;1.12;
sainsburys-crunchy-fries-6x19g;Sainsbury's Crunchy Fries 6x19g;£1.00/unit;£0.93/100g;Crisps, nuts & snacking fruit;crisps;505;5.2;60.0;0.7;26.6;2.2;2.4;1.85;
sainsburys-crunchy-mint-sticks-167g;Sainsbury's Crunchy Mint Sticks 167g;£1.25/unit;£0.75/100g;Confectionery;gifting-boxed-chocolate;495;5.3;66.1;63.6;22.7;14.2;2.8;0.12;
sainsburys-crunchy-orange-sticks-167g;Sainsbury's Crunchy Orange Sticks 167g;£1.25/unit;£0.75/100g;Confectionery;gifting-boxed-chocolate;498;5.2;65.9;63.4;23.1;14.1;2.8;0.12;
sainsburys-crunchy-peanut-butter--basics-340g;Sainsbury's Crunchy Peanut Butter, Basics 340g;£0.65/unit;£0.19/100g;Jams, honey & spreads;peanut-butter;672;26.4;6.8;3.3;58.8;10.5;4.9;0.75;
sainsburys-crunchy-salad--basics-200g;Sainsbury's Crunchy Salad, Basics 200g;£0.75/unit;£0.38/100g;Fresh salad;fresh-salad-prepared-ready-to-eat;25;1.3;3.4;0.5;0.5;0.1;2.2;0.18;
sainsburys-crunchy-salad--basics-200g;Sainsbury's Crunchy Salad, Basics 200g;£0.75/unit;£0.38/100g;Fresh salad;salad-bags;25;1.3;3.4;0.5;0.5;0.1;2.2;0.18;
sainsburys-crunchy-salad--basics-200g;Sainsbury's Crunchy Salad, Basics 200g;£0.75/unit;£0.38/100g;Prepared & ready to eat;prepared-salad-herbs;25;1.3;3.4;0.5;0.5;0.1;2.2;0.18;
sainsburys-crushed-chillies-32g;Sainsbury's Crushed Chillies 32g;£1.00/unit;£0.31/10g;Cooking ingredients & oils;chilli-curry-powder;null;null;null;null;null;null;null;null;
sainsburys-crushed-chillies-32g;Sainsbury's Crushed Chillies 32g;£1.00/unit;£0.31/10g;Cooking ingredients & oils;herbs-spices-seasoning;null;null;null;null;null;null;null;null;
sainsburys-crushed-pineapple--in-natural-juice-432g;Sainsbury's Crushed Pineapple, in Natural Juice 425g;£0.65/unit;£1.53/kg;Canned, tinned & packaged foods;canned-tinned-packaged-fruit;55;0.5;14;11;0.5;0.1;0.5;0.02;
sainsburys-crushed-pineapple--in-natural-juice-432g;Sainsbury's Crushed Pineapple, in Natural Juice 425g;£0.65/unit;£1.53/kg;Fruit & desserts;dessert-fruit;55;0.5;14;11;0.5;0.1;0.5;0.02;
sainsburys-crustles-tom-bas--mozarlla-quiche150g;Sainsbury's Crustless Tomato Basil & Mozzarella Quiche150g;£1.00/unit;£0.67/100g;Pies, pasties & quiche;quiche;236;8.8;14.9;2.1;15.4;7.8;1.4;0.73;
sainsburys-crustles-tom-bas--mozarlla-quiche150g;Sainsbury's Crustless Tomato Basil & Mozzarella Quiche150g;£1.00/unit;£0.67/100g;Soup & lunchtime snacks;lunchtime-snacks;236;8.8;14.9;2.1;15.4;7.8;1.4;0.73;
sainsburys-crustless-quiche-lorraine-150g;Sainsbury's Crustless Quiche Lorraine 150g;£1.00/unit;£0.67/100g;Pies, pasties & quiche;quiche;246;10.5;14.2;2.2;16.1;7.5;0.9;0.64;
sainsburys-crustless-quiche-lorraine-150g;Sainsbury's Crustless Quiche Lorraine 150g;£1.00/unit;£0.67/100g;Soup & lunchtime snacks;lunchtime-snacks;246;10.5;14.2;2.2;16.1;7.5;0.9;0.64;
sainsburys-crustless-quiche-lorraine-340g;Sainsbury's Crustless Quiche Lorraine 340g;£2.40/unit;£0.71/100g;Pies, pasties & quiche;quiche;259;12.1;18.1;1.4;15.1;8.1;0.9;0.62;
sainsburys-crustless-quiche-lorraine-340g;Sainsbury's Crustless Quiche Lorraine 340g;£2.40/unit;£0.71/100g;Soup & lunchtime snacks;lunchtime-snacks;259;12.1;18.1;1.4;15.1;8.1;0.9;0.62;
sainsburys-crustless-tomato---mozzella-quiche-340g;Sainsbury's Crustless Tomato & Mozzella Quiche 340g;£2.40/unit;£0.71/100g;Pies, pasties & quiche;quiche;243;7.7;18.4;2.5;15.1;7.1;1.2;0.44;
sainsburys-crustless-tomato---mozzella-quiche-340g;Sainsbury's Crustless Tomato & Mozzella Quiche 340g;£2.40/unit;£0.71/100g;Soup & lunchtime snacks;lunchtime-snacks;243;7.7;18.4;2.5;15.1;7.1;1.2;0.44;
sainsburys-crustless-tomato---mozzella-quiche-340g;Sainsbury's Crustless Tomato & Mozzella Quiche 340g;£2.40/unit;£0.71/100g;Vegetarian & meat free;deli-meat-alternatives;243;7.7;18.4;2.5;15.1;7.1;1.2;0.44;
sainsburys-crusty-bake-snack-pork-pie-x4-260g;Sainsbury's Crusty Bake Snack Pork Pie x4 260g;£1.90/unit;£0.73/100g;Pies, pasties & quiche;hot-cold-pies;367;10.1;27.2;1.3;23.9;9.4;1.6;1.08;
sainsburys-crusty-bake-snack-pork-pie-x4-260g;Sainsbury's Crusty Bake Snack Pork Pie x4 260g;£1.90/unit;£0.73/100g;Pies, pasties & quiche;sausage-rolls-savouries;367;10.1;27.2;1.3;23.9;9.4;1.6;1.08;
sainsburys-crusty-bake-snack-pork-pies-x2-130g;Sainsbury's Crusty Bake Snack Pork Pies x2 130g;£1.20/unit;£0.92/100g;Pies, pasties & quiche;hot-cold-pies;367;10.1;27.2;1.3;23.9;9.4;1.6;1.08;
sainsburys-crusty-bake-snack-pork-pies-x2-130g;Sainsbury's Crusty Bake Snack Pork Pies x2 130g;£1.20/unit;£0.92/100g;Pies, pasties & quiche;sausage-rolls-savouries;367;10.1;27.2;1.3;23.9;9.4;1.6;1.08;
sainsburys-crusty-bake-snack-pork-pies-x2-130g;Sainsbury's Crusty Bake Snack Pork Pies x2 130g;£1.20/unit;£0.92/100g;Soup & lunchtime snacks;lunchtime-snacks;367;10.1;27.2;1.3;23.9;9.4;1.6;1.08;
sainsburys-crusty-white-baguette-400g;Sainsbury's Crusty White Baguette 400g;£0.80/unit;£0.20/100g;Baguettes & part baked bread;baguettes-part-baked-bread;null;null;null;null;null;null;null;null;
sainsburys-crusty-white-baguette-400g;Sainsbury's Crusty White Baguette 400g;£0.80/unit;£0.20/100g;From our in store bakery;baguettes-from-our-bakery;null;null;null;null;null;null;null;null;
sainsburys-crusty-white-bread-mix-500g;Sainsbury's Crusty White Bread Mix 500g;£0.75/unit;£1.50/kg;Sugar & home baking;flour;248;9.8;44.1;2.5;2.9;0.6;3.1;0.94;
sainsburys-crusty-white-bread-mix-500g;Sainsbury's Crusty White Bread Mix 500g;£0.75/unit;£1.50/kg;Sugar & home baking;pastry-savoury-mixes;248;9.8;44.1;2.5;2.9;0.6;3.1;0.94;
sainsburys-crystallised-ginger-pcs-200g;Sainsbury's Crystallised Ginger Pieces 200g;£2.50/unit;£1.25/100g;Sugar & home baking;decorations;357;0.5;87.1;83.8;0.7;0.5;0.7;0.02;
sainsburys-cucumber--large;Sainsbury's Cucumber Whole, Large;£0.70/unit;£0.70/ea;Fresh salad;cucumber-celery;null;null;null;null;null;null;null;null;
sainsburys-cucumber--large;Sainsbury's Cucumber Whole, Large;£0.70/unit;£0.70/ea;Fresh vegetables;peppers-salad-vegetables;null;null;null;null;null;null;null;null;
sainsburys-cucumber-portion;Sainsbury's Cucumber Portion;£0.35/unit;£0.35/ea;Fresh salad;cucumber-celery;11;0.7;1.4;1.3;0.5;0.1;0.6;0.01;
sainsburys-cucumber-portion;Sainsbury's Cucumber Portion;£0.35/unit;£0.35/ea;Fresh vegetables;peppers-salad-vegetables;11;0.7;1.4;1.3;0.5;0.1;0.6;0.01;
sainsburys-cucumber-whole--so-organic;Sainsbury's Cucumber Whole, SO Organic;£1.25/unit;£1.25/ea;Fresh salad;cucumber-celery;null;null;null;null;null;null;null;null;
sainsburys-cucumber-whole--so-organic;Sainsbury's Cucumber Whole, SO Organic;£1.25/unit;£1.25/ea;Fresh vegetables;peppers-salad-vegetables;null;null;null;null;null;null;null;null;
sainsburys-cucumber-whole--so-organic;Sainsbury's Cucumber Whole, SO Organic;£1.25/unit;£1.25/ea;Organic;organic;null;null;null;null;null;null;null;null;
sainsburys-cumberland-pork-sausages--taste-the-difference-x6-400g;Sainsbury's Cumberland Pork Sausages, Taste the Difference x6 400g;£2.50/unit;£6.25/kg;Burgers & BBQ;burgers-bbq;266;17.1;3.8;0.5;20.1;7.1;0.7;1.48;
sainsburys-cumberland-pork-sausages--taste-the-difference-x6-400g;Sainsbury's Cumberland Pork Sausages, Taste the Difference x6 400g;£2.50/unit;£6.25/kg;Organic & Taste the Difference;organic-taste-the-difference;266;17.1;3.8;0.5;20.1;7.1;0.7;1.48;
sainsburys-cumberland-pork-sausages--taste-the-difference-x6-400g;Sainsbury's Cumberland Pork Sausages, Taste the Difference x6 400g;£2.50/unit;£6.25/kg;Sausages;sausages;266;17.1;3.8;0.5;20.1;7.1;0.7;1.48;
sainsburys-cumberland-sausage--be-good-to-yourself-454g;Sainsbury's Cumberland Pork Sausages, Be Good To Yourself x8 454g;£2.00/unit;£4.41/kg;Sausages;sausages;150;18.6;12.0;0.5;2.9;1.0;0.6;1.33;
sainsburys-cumberland-sausages-x8-454g;Sainsbury's Cumberland Pork Sausages x8 454g;£1.10/unit;£2.42/kg;Great prices on meat & fish;great-prices-on-meat---fish;259;13.3;10.8;2.0;17.7;6.4;1.4;1.48;
sainsburys-cumberland-sausages-x8-454g;Sainsbury's Cumberland Pork Sausages x8 454g;£1.10/unit;£2.42/kg;Sausages;sausages;259;13.3;10.8;2.0;17.7;6.4;1.4;1.48;
sainsburys-cumin-seeds-38g;Sainsbury's Cumin Seeds 38g;£1.00/unit;£0.26/10g;Cooking ingredients & oils;herbs-spices-seasoning;null;null;null;null;null;null;null;null;
sainsburys-cupcake-cases-london-calling-x75;Sainsbury's Cupcake Cases London Calling x75;£1.00/unit;£0.01/ea;Sugar & home baking;cake-cases---baking-accessories;null;null;null;null;null;null;null;null;
sainsburys-cupcake-sugar-decorations-3g;Sainsbury's Cake Decorations, Cupcakes x12;£1.50/unit;£1.50/ea;Sugar & home baking;decorations;398;1.6;97.7;4.2;0.5;0.1;0.5;0.07;
sainsburys-curly-fries-750g;Sainsbury's Curly Fries 750g;£1.50/unit;£2.00/kg;Chips & potatoes;chips-potatoes;229;3.4;29;0.9;11;1.2;3.1;0.49;
sainsburys-curly-leaf-lettuce;Sainsbury's Curly Leaf Lettuce;£0.70/unit;£0.70/ea;Fresh salad;lettuce;null;null;null;null;null;null;null;null;
sainsburys-curly-leaf-parsley-large-pot;Sainsbury's Fresh Living Curly Leaf Parsley Large Pot;£1.50/unit;£1.50/ea;Fresh herbs & ingredients;fresh-pot-herbs;51;3.0;6.3;null;0.8;null;null;null;
sainsburys-curly-leaf-parsley-large-pot;Sainsbury's Fresh Living Curly Leaf Parsley Large Pot;£1.50/unit;£1.50/ea;Fresh herbs & ingredients;mediterranean-ingredients;51;3.0;6.3;null;0.8;null;null;null;
sainsburys-curly-leaf-parsley-large-pot;Sainsbury's Fresh Living Curly Leaf Parsley Large Pot;£1.50/unit;£1.50/ea;Fresh vegetables;chillies-herbs-ingredients;51;3.0;6.3;null;0.8;null;null;null;
sainsburys-currants-500g;Sainsbury's Currants 500g;£1.70/unit;£3.40/kg;Sugar & home baking;dried-fruit---peel;287;2.3;67.7;67.7;0.5;0.1;1.9;0.04;
sainsburys-curried-parsnip-soup-400g;Sainsbury's Curried Parsnip Soup 400g;£0.55/unit;£0.14/100g;Canned, tinned & packaged foods;soups;41;0.6;4.9;1.2;1.9;1.2;0.7;0.50;
sainsburys-curry-leaves-20g;Sainsbury's Curry Leaves 20g;£0.60/unit;£30.00/kg;Fresh herbs & ingredients;asian-ingredients;null;null;null;null;null;null;null;null;
sainsburys-curry-leaves-20g;Sainsbury's Curry Leaves 20g;£0.60/unit;£30.00/kg;Fresh herbs & ingredients;fresh-pot-herbs;null;null;null;null;null;null;null;null;
sainsburys-curry-leaves-20g;Sainsbury's Curry Leaves 20g;£0.60/unit;£30.00/kg;Fresh vegetables;chillies-herbs-ingredients;null;null;null;null;null;null;null;null;
sainsburys-curry-noodle-pot-90g;Sainsbury's Noodle Pot, Curry 90g;£0.70/unit;£7.78/kg;Cooking sauces & world foods;world-foods-instant-snack-meals;142;2.6;21.2;4.4;5.0;2.2;1.1;0.33;
sainsburys-curry-noodle-pot-90g;Sainsbury's Noodle Pot, Curry 90g;£0.70/unit;£7.78/kg;Rice, pasta & noodles;instant-snack-meals;142;2.6;21.2;4.4;5.0;2.2;1.1;0.33;
sainsburys-curry-sauce--basics-500g;Sainsbury's Curry Sauce, Basics 500g;£0.30/unit;£0.06/100g;Cooking sauces & world foods;indian-cooking-sauces;62;0.8;9.0;5.3;2.2;0.2;1.4;0.70;
sainsburys-curry-savoury-rice-120g;Sainsbury's Savoury Rice, Curry 120g;£0.55/unit;£4.58/kg;Cooking sauces & world foods;world-foods-instant-snack-meals;113;2.3;23.3;2.0;0.7;0.3;2.0;0.36;
sainsburys-curry-savoury-rice-120g;Sainsbury's Savoury Rice, Curry 120g;£0.55/unit;£4.58/kg;Rice, pasta & noodles;instant-snack-meals;113;2.3;23.3;2.0;0.7;0.3;2.0;0.36;
sainsburys-curry-savoury-rice-120g;Sainsbury's Savoury Rice, Curry 120g;£0.55/unit;£4.58/kg;Rice, pasta & noodles;rice-12592-44;113;2.3;23.3;2.0;0.7;0.3;2.0;0.36;
sainsburys-custard--be-good-to-yourself-500g;Sainsbury's Custard, Be Good To Yourself 500g;£1.50/unit;£0.30/100g;Desserts & cream;desserts;64;3.0;9.6;3.5;1.5;1.0;0.5;0.09;
sainsburys-custard--be-good-to-yourself-500g;Sainsbury's Custard, Be Good To Yourself 500g;£1.50/unit;£0.30/100g;Desserts & cream;fresh-cream-custard;64;3.0;9.6;3.5;1.5;1.0;0.5;0.09;
sainsburys-custard-500g;Sainsbury's Custard 500g;£1.50/unit;£0.30/100g;Desserts & cream;desserts;119;2.6;14.4;10.0;5.7;3.8;0.5;0.07;
sainsburys-custard-500g;Sainsbury's Custard 500g;£1.50/unit;£0.30/100g;Desserts & cream;fresh-cream-custard;119;2.6;14.4;10.0;5.7;3.8;0.5;0.07;
sainsburys-custard-creams--basics-200g;Sainsbury's Custard Creams, Basics 200g;£0.20/unit;£0.10/100g;Biscuits & crackers;everyday-biscuits-shortbread;492;5.7;68.9;29.5;21.0;12.8;2.2;0.54;
sainsburys-custard-creams-200g;Sainsbury's Custard Creams 200g;£0.55/unit;£0.28/100g;Biscuits & crackers;everyday-biscuits-shortbread;493;5.6;69.6;28.5;20.9;10.8;1.7;0.50;
sainsburys-custard-creams-400g;Sainsbury's Custard Creams 400g;£1.00/unit;£0.25/100g;Biscuits & crackers;everyday-biscuits-shortbread;493;5.6;69.6;28.5;20.9;10.8;1.7;0.50;
sainsburys-custard-doughnuts-x2;Sainsbury's Custard Doughnuts x2;£1.20/unit;£0.60/ea;Desserts & cream;desserts;268;5.2;34.9;12.4;11.6;4.4;1.7;0.68;
sainsburys-custard-doughnuts-x5;Sainsbury's Custard Ball Doughnuts x5;£0.65/unit;£0.13/ea;Cakes;doughnuts-cookies;null;null;null;null;null;null;null;null;
sainsburys-custard-doughnuts-x5;Sainsbury's Custard Ball Doughnuts x5;£0.65/unit;£0.13/ea;From our in store bakery;instore-bakery-doughnuts-cookies;null;null;null;null;null;null;null;null;
sainsburys-cut-asparagus-spears-in-water-with-added-salt-411g;Sainsbury's Cut Asparagus Spears In Water With Added Salt 411g (244g*);£2.00/unit;£8.20/kg;Canned, tinned & packaged foods;canned-tinned-packaged-vegetables;29;3.4;1.4;1.4;0.8;0.1;1.4;0.53;
sainsburys-cut-french-green-beans-in-water-400g;Sainsbury's Cut French Green Beans In Water 400g (225g*);£0.75/unit;£3.33/kg;Canned, tinned & packaged foods;canned-tinned-packaged-vegetables;25;2.0;4.0;2.0;0.1;0;3.7;0;
sainsburys-dairy-cream-doughnuts-x2;Sainsbury's Dairy Cream Doughnuts x2;£1.40/unit;£0.70/ea;Cakes;doughnuts-cookies;null;null;null;null;null;null;null;null;
sainsburys-dairy-cream-doughnuts-x2;Sainsbury's Dairy Cream Doughnuts x2;£1.40/unit;£0.70/ea;From our in store bakery;instore-bakery-doughnuts-cookies;null;null;null;null;null;null;null;null;
sainsburys-danish-apple-trellis-x2;Sainsbury's Danish Apple Trellis x2;£1.20/unit;£0.60/ea;Cakes;cakes-from-our-bakery-12374-44;null;null;null;null;null;null;null;null;
sainsburys-danish-apple-trellis-x2;Sainsbury's Danish Apple Trellis x2;£1.20/unit;£0.60/ea;Croissants, brioche & pastries;croissants-brioche-pastries;null;null;null;null;null;null;null;null;
sainsburys-danish-apple-trellis-x2;Sainsbury's Danish Apple Trellis x2;£1.20/unit;£0.60/ea;From our in store bakery;cakes-from-our-bakery;null;null;null;null;null;null;null;null;
sainsburys-danish-cinnamon-whirl-x2;Sainsbury's Danish Cinnamon Whirl x2;£1.00/unit;£0.50/ea;Cakes;cakes-from-our-bakery-12374-44;null;null;null;null;null;null;null;null;
sainsburys-danish-cinnamon-whirl-x2;Sainsbury's Danish Cinnamon Whirl x2;£1.00/unit;£0.50/ea;Croissants, brioche & pastries;croissants-brioche-pastries;null;null;null;null;null;null;null;null;
sainsburys-danish-cinnamon-whirl-x2;Sainsbury's Danish Cinnamon Whirl x2;£1.00/unit;£0.50/ea;From our in store bakery;cakes-from-our-bakery;null;null;null;null;null;null;null;null;
sainsburys-danish-cinnamon-whirl;Sainsbury's Danish Cinnamon Whirl;£0.75/unit;£0.75/ea;Cakes;cakes-from-our-bakery-12374-44;null;null;null;null;null;null;null;null;
sainsburys-danish-cinnamon-whirl;Sainsbury's Danish Cinnamon Whirl;£0.75/unit;£0.75/ea;Croissants, brioche & pastries;croissants-brioche-pastries;null;null;null;null;null;null;null;null;
sainsburys-danish-cinnamon-whirl;Sainsbury's Danish Cinnamon Whirl;£0.75/unit;£0.75/ea;From our in store bakery;cakes-from-our-bakery;null;null;null;null;null;null;null;null;
sainsburys-danish-maple-pecan-twists-x2;Sainsbury's Danish Maple Pecan Twists x2;£1.20/unit;£0.60/ea;Cakes;cakes-from-our-bakery-12374-44;null;null;null;null;null;null;null;null;
sainsburys-danish-maple-pecan-twists-x2;Sainsbury's Danish Maple Pecan Twists x2;£1.20/unit;£0.60/ea;Croissants, brioche & pastries;croissants-brioche-pastries;null;null;null;null;null;null;null;null;
sainsburys-danish-maple-pecan-twists-x2;Sainsbury's Danish Maple Pecan Twists x2;£1.20/unit;£0.60/ea;From our in store bakery;cakes-from-our-bakery;null;null;null;null;null;null;null;null;
sainsburys-danish-raisin-whirls-x2;Sainsbury's Danish Raisin Whirls x2;£1.00/unit;£0.50/ea;Cakes;cakes-from-our-bakery-12374-44;null;null;null;null;null;null;null;null;
sainsburys-danish-raisin-whirls-x2;Sainsbury's Danish Raisin Whirls x2;£1.00/unit;£0.50/ea;Croissants, brioche & pastries;croissants-brioche-pastries;null;null;null;null;null;null;null;null;
sainsburys-danish-raisin-whirls-x2;Sainsbury's Danish Raisin Whirls x2;£1.00/unit;£0.50/ea;From our in store bakery;cakes-from-our-bakery;null;null;null;null;null;null;null;null;
sainsburys-dark-belguim-cooking-chocolate--taste-the-difference-100g;Sainsbury's Belgian Dark 76% Cocoa Cooking Chocolate, Taste the Difference 100g;£1.50/unit;£15.00/kg;Sugar & home baking;cooking-chocolate;534;10.1;25.4;19.0;40.3;25.2;14.6;0.02;
sainsburys-dark-choc-ices-x8-560ml;Sainsbury's Choc Ices, Dark x8 560ml;£1.00/unit;£0.18/100ml;Ice cream & desserts;lollies-bars-cones;354;2.9;30.8;26.0;24.1;20.6;1.2;0.14;
sainsburys-dark-chocolate---ginger-cookies--taste-the-difference-200g;Sainsbury's Dark Chocolate & Ginger Cookies, Taste the Difference 200g;£1.75/unit;£0.88/100g;Biscuits & crackers;cookies;516;5.1;62.4;38.3;26.9;17.0;2.0;0.63;
sainsburys-dark-chocolate---ginger-cookies--taste-the-difference-200g;Sainsbury's Dark Chocolate & Ginger Cookies, Taste the Difference 200g;£1.75/unit;£0.88/100g;Biscuits & crackers;luxury-continental-biscuits;516;5.1;62.4;38.3;26.9;17.0;2.0;0.63;
sainsburys-dark-chocolate--basics-100g;Sainsbury's Dark Chocolate, Basics 100g;£0.35/unit;£0.35/100g;Confectionery;chocolate;null;null;null;null;null;null;null;null;
sainsburys-dark-chocolate--fairtrade-200g;Sainsbury's Dark Chocolate, Fairtrade 200g;£1.35/unit;£0.68/100g;Confectionery;chocolate;529;5.7;47.8;44.2;33.1;20.8;8.3;0.01;
sainsburys-dark-chocolate-chips-100g;Sainsbury's Dark Chocolate Chips 100g;£0.80/unit;£0.80/100g;Sugar & home baking;cooking-chocolate;507;6.0;49.3;46.1;29.6;18.5;9.7;0.01;
sainsburys-dark-chocolate-corn-thins-130g;Sainsbury's Dark Chocolate Corn Thins 130g;£1.20/unit;£0.92/100g;Biscuits & crackers;crackers-savoury-biscuits;476;6.0;64.0;33.0;21.0;13.0;3.5;0.75;
sainsburys-dark-chocolate-double-take-9x21g;Sainsbury's Dark Chocolate Double Take 9x21g;£0.85/unit;£0.44/100g;Biscuits & crackers;biscuits-crackers-kids-lunchbox;530;5.5;63.1;45.6;28.0;17.7;1.6;0.05;
sainsburys-dark-chocolate-double-take-9x21g;Sainsbury's Dark Chocolate Double Take 9x21g;£0.85/unit;£0.44/100g;Biscuits & crackers;chocolate-biscuits;530;5.5;63.1;45.6;28.0;17.7;1.6;0.05;
sainsburys-dark-chocolate-orange-thins-200g;Sainsbury's Dark Chocolate Orange Thins 200g;£1.25/unit;£0.63/100g;Confectionery;gifting-boxed-chocolate;459;4.9;64.4;56.3;18.6;11.5;7.4;0;
sainsburys-dark-french-mustard-210g;Sainsbury's Dark French Mustard 210g;£0.80/unit;£0.38/100g;Table sauces, dressings & condiments;mustard;120;5.9;11.9;2.8;4.9;0.2;2.4;3.58;
sainsburys-dark-indulgence-stick-x4-480ml;Sainsbury's Indulgence Ice Cream, Dark Chocolate 4x120ml;£2.00/unit;£0.42/100ml;Ice cream & desserts;lollies-bars-cones;322;3.2;28.4;26.3;21.3;13.4;1.8;0.12;
sainsburys-dark-soy-sauce-150ml;Sainsbury's Dark Soy Sauce 150ml;£0.95/unit;£0.63/100ml;Cooking sauces & world foods;chinese-cooking-sauces;117;1.2;27.6;23.2;0.0;0.0;0.7;12.68;
sainsburys-dark-soy-sauce-150ml;Sainsbury's Dark Soy Sauce 150ml;£0.95/unit;£0.63/100ml;Table sauces, dressings & condiments;worcester-soy-sauce;117;1.2;27.6;23.2;0.0;0.0;0.7;12.68;
sainsburys-dark-sweet-cherries-480g;Sainsbury's Dark Sweet Cherries 480g;£2.20/unit;£0.46/100g;Fruit, vegetables & rice;frozen-fruit;52;0.9;11.5;11.5;0.5;0.1;0.9;0.01;
sainsburys-dark-sweet-cherries-480g;Sainsbury's Dark Sweet Cherries 480g;£2.20/unit;£0.46/100g;Ice cream & desserts;desserts-fruit;52;0.9;11.5;11.5;0.5;0.1;0.9;0.01;
sainsburys-date--sultana---toffee-mix-150g;Sainsbury's Date, Sultana & Toffee Mix 150g;£1.50/unit;£10.00/kg;Sugar & home baking;dried-fruit---peel;333;2.9;70.0;59.6;4.0;2.1;2.8;0.29;
sainsburys-dates--ready-to-eat-250g;Sainsbury's Dates 250g;£2.00/unit;£0.80/100g;Canned, tinned & packaged foods;canned-tinned-packaged-fruit;295;3.3;68.0;68.0;0.5;0.1;4.0;0.03;
sainsburys-dates--ready-to-eat-250g;Sainsbury's Dates 250g;£2.00/unit;£0.80/100g;Crisps, nuts & snacking fruit;snacking-fruit-seeds;295;3.3;68.0;68.0;0.5;0.1;4.0;0.03;
sainsburys-dates--ready-to-eat-250g;Sainsbury's Dates 250g;£2.00/unit;£0.80/100g;Fruit & desserts;dessert-fruit;295;3.3;68.0;68.0;0.5;0.1;4.0;0.03;
sainsburys-dates--ready-to-eat-250g;Sainsbury's Dates 250g;£2.00/unit;£0.80/100g;Fruit & desserts;snacking-fruit-nuts;295;3.3;68.0;68.0;0.5;0.1;4.0;0.03;
sainsburys-decorate-your-own-cake-%28-serves-8-%29;Sainsbury's Decorate Your Own Cake (Serves 8);£4.00/unit;£7.72/kg;Celebration cakes;celebration-cakes;418;3.1;65;53;16;7.6;1.7;0.32;
sainsburys-decorate-your-own-gingerbread-x5-tub;Sainsbury's 'Decorate Your Own' Gingerbread x5;£1.60/unit;£0.32/ea;Cakes;cakes-from-our-bakery-12374-44;null;null;null;null;null;null;null;null;
sainsburys-decorate-your-own-gingerbread-x5-tub;Sainsbury's 'Decorate Your Own' Gingerbread x5;£1.60/unit;£0.32/ea;From our in store bakery;cakes-from-our-bakery;null;null;null;null;null;null;null;null;
sainsburys-deep---loaded-cheese-feast-10-pizza-485g;Sainsbury's Deep & Loaded Cheese Feast 10'' Pizza 475g;£2.20/unit;£4.63/kg;Pizza, pasta & garlic bread;pizza;259;12.3;31.9;2.2;8.5;4.1;2.7;1.17;
sainsburys-deep---loaded-cheese-feast-10-pizza-485g;Sainsbury's Deep & Loaded Cheese Feast 10'' Pizza 475g;£2.20/unit;£4.63/kg;Vegetarian & meat free;vegetarian-meat-free-pizza-pasta;259;12.3;31.9;2.2;8.5;4.1;2.7;1.17;
sainsburys-deep---loaded-chilli-beef-10-pizza-488g;Sainsbury's Deep & Loaded Chilli Beef 10'' Pizza 482g;£2.20/unit;£4.56/kg;Pizza, pasta & garlic bread;pizza;238;10.7;31.6;1.7;6.9;2.7;3.4;0.98;
sainsburys-deep---loaded-ham---pineapple-10-pizza-515g;Sainsbury's Deep & Loaded Ham & Pineapple 10'' Pizza 500g;£2.20/unit;£4.40/kg;Pizza, pasta & garlic bread;pizza;234;10.5;29.4;2.6;7.6;3.0;3.1;1.10;
sainsburys-deep---loaded-pepperoni-10-pizza-460g;Sainsbury's Deep & Loaded Pepperoni 10'' Pizza 454g;£2.20/unit;£4.85/kg;Pizza, pasta & garlic bread;pizza;268;11.7;33.7;2.3;9.0;3.6;2.9;1.13;
sainsburys-deep-dish-cheese-pizza-x2-279g;Sainsbury's Deep Dish Cheese Pizza x2 279g;£1.60/unit;£5.73/kg;Pizza & garlic bread;frozen-pizza-garlic-bread;280;9.7;38.5;4.4;9.2;4.4;2.4;1.25;
sainsburys-deep-dish-pepperoni-pizza-x2-289g;Sainsbury's Deep Dish Pepperoni Pizza x2 289g;£1.60/unit;£5.54/kg;Pizza & garlic bread;frozen-pizza-garlic-bread;315;10.8;35.6;3.6;13.9;5.9;2.1;1.55;
sainsburys-deep-filled-mince-pies-x6;Sainsbury's Deep Filled Mince Pies x6;£1.30/unit;£0.22/ea;Cakes;slices-pies-tarts;389;4.0;56.8;26.7;15.8;6.7;1.8;0.28;
sainsburys-deep-filled-pork-sausage-rolls--taste-the-difference-x2-230g;Sainsbury's Pork Sausage Rolls Deep Filled, Taste the Difference x2 230g;£2.00/unit;£0.87/100g;Pies, pasties & quiche;sausage-rolls-savouries;384;10.6;20.2;1.0;28.4;12.1;2.4;0.88;
sainsburys-deep-filled-pork-sausage-rolls--taste-the-difference-x2-230g;Sainsbury's Pork Sausage Rolls Deep Filled, Taste the Difference x2 230g;£2.00/unit;£0.87/100g;Pies, pasties & quiche;slices-pasties;384;10.6;20.2;1.0;28.4;12.1;2.4;0.88;
sainsburys-deep-filled-pork-sausage-rolls--taste-the-difference-x2-230g;Sainsbury's Pork Sausage Rolls Deep Filled, Taste the Difference x2 230g;£2.00/unit;£0.87/100g;Soup & lunchtime snacks;lunchtime-snacks;384;10.6;20.2;1.0;28.4;12.1;2.4;0.88;
sainsburys-deep-pan-bbq-chicken-pizza-405g;Sainsbury's Deep Pan BBQ Chicken Pizza 405g;£1.60/unit;£3.95/kg;Pizza & garlic bread;frozen-pizza-garlic-bread;221;9.8;32.9;4.2;5.2;2.2;1.6;0.70;
sainsburys-deep-pan-margherita-pizza-404g;Sainsbury's Deep Pan Margherita Pizza 404g;£1.60/unit;£3.96/kg;Pizza & garlic bread;frozen-pizza-garlic-bread;254;11.9;31.8;3.5;8.2;4.4;2.9;0.88;
sainsburys-deep-pan-meat-feast-pizza-390g;Sainsbury's Deep Pan Meat Feast Pizza 390g;£1.60/unit;£4.10/kg;Pizza & garlic bread;frozen-pizza-garlic-bread;258;8.9;33.7;5.5;9.4;4.4;1.7;1.10;
sainsburys-deep-pan-pepperoni-pizza-390g;Sainsbury's Deep Pan Pepperoni Pizza 390g;£1.60/unit;£4.10/kg;Pizza & garlic bread;frozen-pizza-garlic-bread;273;11.6;32.1;3.7;10.3;4.3;2.9;1.15;
sainsburys-deglet-nour-dates-227g;Sainsbury's Deglet Nour Dates 227g;£1.50/unit;£6.61/kg;Fresh fruit;mango-exotic-fruit-dates-nuts;266;1.9;63.9;59.1;0.3;0.2;7.1;0;
sainsburys-deglet-nour-dates-40g;Sainsbury's Dates 40g;£0.50/unit;£1.25/100g;Sugar & home baking;dried-fruit---peel;295;3.3;68.0;68.0;0.5;0.1;4.0;0.03;
sainsburys-deglet-nour-dates-multipack-200g;Sainsbury's Dates 5x40g;£2.20/unit;£1.10/100g;Sugar & home baking;dried-fruit---peel;295;3.3;68.0;68.0;0.5;0.1;4.0;0.03;
sainsburys-deli-filler-egg-mayonnaise-sandwich-400g;Sainsbury's Egg Mayo Deli Filler 400g;£2.00/unit;£0.50/100g;Cooked meats, pate & sandwich fillers;sandwich-fillers;180;10.3;3.9;1.0;13.7;1.3;0.5;1.08;
sainsburys-deli-filler-egg-mayonnaise-sandwich-400g;Sainsbury's Egg Mayo Deli Filler 400g;£2.00/unit;£0.50/100g;Soup & lunchtime snacks;sandwich-fillers2;180;10.3;3.9;1.0;13.7;1.3;0.5;1.08;
sainsburys-deli-filler-egg-mayonnaise-sandwich-400g;Sainsbury's Egg Mayo Deli Filler 400g;£2.00/unit;£0.50/100g;Vegetarian & meat free;deli-meat-alternatives;180;10.3;3.9;1.0;13.7;1.3;0.5;1.08;
sainsburys-deli-filler-tuna---sweetcorn-sandwich-filler-400g;Sainsbury's Tuna & Sweetcorn Deli Filler 400g;£2.00/unit;£0.50/100g;Cooked meats, pate & sandwich fillers;sandwich-fillers;188;10.2;5.0;2.7;13.9;1.1;1.0;0.81;
sainsburys-deli-filler-tuna---sweetcorn-sandwich-filler-400g;Sainsbury's Tuna & Sweetcorn Deli Filler 400g;£2.00/unit;£0.50/100g;Soup & lunchtime snacks;sandwich-fillers2;188;10.2;5.0;2.7;13.9;1.1;1.0;0.81;
sainsburys-deli-style-coleslaw---potato-salad--twinpack-500g;Sainsbury's Deli-Style Coleslaw & Potato Salad, Twinpack 500g;£1.40/unit;£0.28/100g;Coleslaw, olives, salads & dips;coleslaw-salads;181;0.8;5.4;4.5;17.0;1.9;1.5;0.75;
sainsburys-deli-style-coleslaw---potato-salad--twinpack-500g;Sainsbury's Deli-Style Coleslaw & Potato Salad, Twinpack 500g;£1.40/unit;£0.28/100g;Fresh salad;dressings-coleslaw-accompaniments;181;0.8;5.4;4.5;17.0;1.9;1.5;0.75;
sainsburys-deli-style-coleslaw---potato-salad--twinpack-500g;Sainsbury's Deli-Style Coleslaw & Potato Salad, Twinpack 500g;£1.40/unit;£0.28/100g;Prepared & ready to eat;prepared-salad-herbs;181;0.8;5.4;4.5;17.0;1.9;1.5;0.75;
sainsburys-deli-style-coleslaw---potato-salad--twinpack-500g;Sainsbury's Deli-Style Coleslaw & Potato Salad, Twinpack 500g;£1.40/unit;£0.28/100g;Vegetarian & meat free;coleslaw--olives--salads---dips-30658-44;181;0.8;5.4;4.5;17.0;1.9;1.5;0.75;
sainsburys-deli-style-coleslaw--be-good-to-yourself-300g;Sainsbury's Deli-Style Coleslaw, Be Good To Yourself 300g;£0.70/unit;£0.23/100g;Coleslaw, olives, salads & dips;coleslaw-salads;103;1.1;5.0;4.3;8.4;0.7;1.7;0.58;
sainsburys-deli-style-coleslaw--be-good-to-yourself-300g;Sainsbury's Deli-Style Coleslaw, Be Good To Yourself 300g;£0.70/unit;£0.23/100g;Fresh salad;dressings-coleslaw-accompaniments;103;1.1;5.0;4.3;8.4;0.7;1.7;0.58;
sainsburys-deli-style-coleslaw--be-good-to-yourself-300g;Sainsbury's Deli-Style Coleslaw, Be Good To Yourself 300g;£0.70/unit;£0.23/100g;Prepared & ready to eat;prepared-salad-herbs;103;1.1;5.0;4.3;8.4;0.7;1.7;0.58;
sainsburys-deli-style-coleslaw--be-good-to-yourself-300g;Sainsbury's Deli-Style Coleslaw, Be Good To Yourself 300g;£0.70/unit;£0.23/100g;Vegetarian & meat free;coleslaw--olives--salads---dips-30658-44;103;1.1;5.0;4.3;8.4;0.7;1.7;0.58;
sainsburys-deli-style-coleslaw--be-good-to-yourself-600g;Sainsbury's Deli-Style Coleslaw, Be Good To Yourself 600g;£1.10/unit;£0.18/100g;Coleslaw, olives, salads & dips;coleslaw-salads;103;1.1;5.0;4.3;8.4;0.7;1.7;0.58;
sainsburys-deli-style-coleslaw--be-good-to-yourself-600g;Sainsbury's Deli-Style Coleslaw, Be Good To Yourself 600g;£1.10/unit;£0.18/100g;Fresh salad;dressings-coleslaw-accompaniments;103;1.1;5.0;4.3;8.4;0.7;1.7;0.58;
sainsburys-deli-style-coleslaw--be-good-to-yourself-600g;Sainsbury's Deli-Style Coleslaw, Be Good To Yourself 600g;£1.10/unit;£0.18/100g;Prepared & ready to eat;prepared-salad-herbs;103;1.1;5.0;4.3;8.4;0.7;1.7;0.58;
sainsburys-deli-style-coleslaw--be-good-to-yourself-600g;Sainsbury's Deli-Style Coleslaw, Be Good To Yourself 600g;£1.10/unit;£0.18/100g;Vegetarian & meat free;coleslaw--olives--salads---dips-30658-44;103;1.1;5.0;4.3;8.4;0.7;1.7;0.58;
sainsburys-deli-style-coleslaw-180g;Sainsbury's Deli-Style Coleslaw 180g;£0.50/unit;£0.28/100g;Coleslaw, olives, salads & dips;coleslaw-salads;181;0.8;5.4;4.5;17.0;1.9;1.5;0.75;
sainsburys-deli-style-coleslaw-180g;Sainsbury's Deli-Style Coleslaw 180g;£0.50/unit;£0.28/100g;Fresh salad;dressings-coleslaw-accompaniments;181;0.8;5.4;4.5;17.0;1.9;1.5;0.75;
sainsburys-deli-style-coleslaw-180g;Sainsbury's Deli-Style Coleslaw 180g;£0.50/unit;£0.28/100g;Prepared & ready to eat;prepared-salad-herbs;181;0.8;5.4;4.5;17.0;1.9;1.5;0.75;
sainsburys-deli-style-coleslaw-180g;Sainsbury's Deli-Style Coleslaw 180g;£0.50/unit;£0.28/100g;Vegetarian & meat free;coleslaw--olives--salads---dips-30658-44;181;0.8;5.4;4.5;17.0;1.9;1.5;0.75;
sainsburys-deli-style-coleslaw-300g;Sainsbury's Deli-Style Coleslaw 300g;£0.70/unit;£0.23/100g;Coleslaw, olives, salads & dips;coleslaw-salads;181;0.8;5.4;4.5;17.0;1.9;1.5;0.75;
sainsburys-deli-style-coleslaw-300g;Sainsbury's Deli-Style Coleslaw 300g;£0.70/unit;£0.23/100g;Fresh salad;dressings-coleslaw-accompaniments;181;0.8;5.4;4.5;17.0;1.9;1.5;0.75;
sainsburys-deli-style-coleslaw-300g;Sainsbury's Deli-Style Coleslaw 300g;£0.70/unit;£0.23/100g;Prepared & ready to eat;prepared-salad-herbs;181;0.8;5.4;4.5;17.0;1.9;1.5;0.75;
sainsburys-deli-style-coleslaw-300g;Sainsbury's Deli-Style Coleslaw 300g;£0.70/unit;£0.23/100g;Vegetarian & meat free;coleslaw--olives--salads---dips-30658-44;181;0.8;5.4;4.5;17.0;1.9;1.5;0.75;
sainsburys-deli-style-coleslaw-600g;Sainsbury's Deli-Style Coleslaw 600g;£1.10/unit;£0.18/100g;Coleslaw, olives, salads & dips;coleslaw-salads;181;0.8;5.4;4.5;17.0;1.9;1.5;0.75;
sainsburys-deli-style-coleslaw-600g;Sainsbury's Deli-Style Coleslaw 600g;£1.10/unit;£0.18/100g;Fresh salad;dressings-coleslaw-accompaniments;181;0.8;5.4;4.5;17.0;1.9;1.5;0.75;
sainsburys-deli-style-coleslaw-600g;Sainsbury's Deli-Style Coleslaw 600g;£1.10/unit;£0.18/100g;Prepared & ready to eat;prepared-salad-herbs;181;0.8;5.4;4.5;17.0;1.9;1.5;0.75;
sainsburys-demerera-shortbread-rounds--taste-the-difference-200g;Sainsbury's Demerera Shortbread Rounds, Taste the Difference 200g;£1.75/unit;£0.88/100g;Biscuits & crackers;everyday-biscuits-shortbread;511;5.4;60.0;21.8;27.1;18.0;2.7;0.95;
sainsburys-des-coconut-flakes-200g;Sainsbury's Des Coconut Flakes 200g;£1.50/unit;£0.75/100g;Sugar & home baking;nuts---seeds;632;5.6;6.1;6.1;62.0;53.4;13.7;0.07;
sainsburys-desiccated-coconut-250g;Sainsbury's Desiccated Coconut 250g;£1.50/unit;£6.00/kg;Sugar & home baking;nuts---seeds;632;5.6;6.1;6.1;62.0;53.4;13.7;0.07;
sainsburys-design-sandwich-bags-x40;Sainsbury's Patterned Sandwich Bags x40;£1.70/unit;£0.04/ea;Bread;sandwich-bags-food-storage;null;null;null;null;null;null;null;null;
sainsburys-design-snack-bags-x20;Sainsbury's Patterned Snack Bags x20;£1.00/unit;£0.05/ea;Bread;sandwich-bags-food-storage;null;null;null;null;null;null;null;null;
sainsburys-desiree-25kg;Sainsbury's Desiree Potatoes 2.5kg;£2.00/unit;£0.80/kg;Fresh vegetables;potatoes;81;1.8;17.5;0.8;0.5;0.1;1.6;100;
sainsburys-dessert-pastry-block-500g;Sainsbury's Dessert Pastry Block 500g;£1.55/unit;£0.31/100g;Butter, spreads & baking;pastry-and-dough;498;5.3;55.6;15.2;28.0;11.1;1.2;0.44;
sainsburys-dessert-pear-bag-x6-%28minimum%29;Sainsbury's Dessert Pear Bag x6 (minimum);£1.00/unit;£0.17/ea;Fresh fruit;apples-pears-rhubarb;40;0.5;10;10;0.5;0.1;2.2;0.5;
sainsburys-dessert-pears-%28each%29;Sainsbury's Dessert Pears Loose;£2.00/kg;£2.00/kg;Fresh fruit;apples-pears-rhubarb;null;null;null;null;null;null;null;null;
sainsburys-dewlays-dairy-lancashire-250g;Sainsbury's Dewlay's Dairy Lancashire 250g;£2.00/unit;£8.00/kg;Cheese;cheddar-british-regional-cheese;371;22.8;0.5;0.5;31.0;19.4;0.5;1.48;
sainsburys-dhudi;Sainsbury's Dhudi (each);£1.30/unit;£1.30/ea;Fresh herbs & ingredients;indian-ingredients;22;0.5;3.5;3.3;0.5;0.1;1.8;0.08;
sainsburys-dhudi;Sainsbury's Dhudi (each);£1.30/unit;£1.30/ea;Fresh vegetables;courgette-aubergine-squash;22;0.5;3.5;3.3;0.5;0.1;1.8;0.08;
sainsburys-dhudi;Sainsbury's Dhudi (each);£1.30/unit;£1.30/ea;Fresh vegetables;fresh-vegetables-world-exotic;22;0.5;3.5;3.3;0.5;0.1;1.8;0.08;
sainsburys-diane-sauce-150g;Sainsbury's Diane Sauce 150g;£1.50/unit;£1.00/100g;Just Cook, prepared & sauces;stock---gravy;123;3.2;4.3;0.8;10.2;6.5;0.5;0.75;
sainsburys-diced-beef--so-organic-450g;Sainsbury's Diced Beef, SO Organic 450g;£4.00/unit;£8.89/kg;Beef;beef;196;31.6;1.8;0.5;6.9;2.9;0.5;0.28;
sainsburys-diced-beef-500g;Sainsbury's Diced Beef 500g;£3.50/unit;£7.00/kg;Meat & poultry;frozen-beef;179;28.6;0.5;0.5;6.8;3.0;0.5;0.33;
sainsburys-diced-chorizo-150g;Sainsbury's Spanish Diced Chorizo 150g;£2.55/unit;£1.70/100g;Cooked meats & snacking;cooks-ingredients;338;21.0;3.0;1.8;26.7;10.4;1.0;3.58;
sainsburys-diced-chorizo-150g;Sainsbury's Spanish Diced Chorizo 150g;£2.55/unit;£1.70/100g;Cooked meats & snacking;mfp-continental-meats;338;21.0;3.0;1.8;26.7;10.4;1.0;3.58;
sainsburys-diced-chorizo-150g;Sainsbury's Spanish Diced Chorizo 150g;£2.55/unit;£1.70/100g;Cooked meats & snacking;mfp-snacking-cooked-sausage;338;21.0;3.0;1.8;26.7;10.4;1.0;3.58;
sainsburys-diced-chorizo-150g;Sainsbury's Spanish Diced Chorizo 150g;£2.55/unit;£1.70/100g;Cooked meats, pate & sandwich fillers;continental-meats;338;21.0;3.0;1.8;26.7;10.4;1.0;3.58;
sainsburys-diced-chorizo-150g;Sainsbury's Spanish Diced Chorizo 150g;£2.55/unit;£1.70/100g;Cooked meats, pate & sandwich fillers;cooks-ingredients-85658-44;338;21.0;3.0;1.8;26.7;10.4;1.0;3.58;
sainsburys-diced-chorizo-150g;Sainsbury's Spanish Diced Chorizo 150g;£2.55/unit;£1.70/100g;Cooked meats, pate & sandwich fillers;snacking-cooked-sausage;338;21.0;3.0;1.8;26.7;10.4;1.0;3.58;
sainsburys-diced-cooking-bacon--basics-200g;Sainsbury's Diced Cooking Bacon, Basics 200g;£1.15/unit;£5.75/kg;Bacon & gammon;bacon;165;24.2;0.7;0.7;7.3;2.7;0.5;4.72;
sainsburys-diced-lamb-450g;Sainsbury's Diced Lamb 450g;£5.00/unit;£11.11/kg;Great prices on meat & fish;great-prices-on-meat---fish;232;32.9;0.5;0.5;10.8;5.1;0.5;0.15;
sainsburys-diced-lamb-450g;Sainsbury's Diced Lamb 450g;£5.00/unit;£11.11/kg;Lamb;lamb;232;32.9;0.5;0.5;10.8;5.1;0.5;0.15;
sainsburys-diced-onions-300g;Sainsbury's Diced Onions 300g;£0.60/unit;£2.00/kg;Fresh vegetables;onions-leeks-garlic;42;1.3;7.8;5.5;0.5;0.1;1.8;0.01;
sainsburys-diced-onions-300g;Sainsbury's Diced Onions 300g;£0.60/unit;£2.00/kg;Prepared & ready to eat;prepared-vegetables;42;1.3;7.8;5.5;0.5;0.1;1.8;0.01;
sainsburys-diced-pork--so-organic-300g;Sainsbury's British Diced Pork, SO Organic 300g;£4.00/unit;£13.33/kg;Organic & Taste the Difference;organic-taste-the-difference;172;34.3;0.7;0.5;3.5;1.1;0.5;0.14;
sainsburys-diced-pork--so-organic-300g;Sainsbury's British Diced Pork, SO Organic 300g;£4.00/unit;£13.33/kg;Pork;pork;172;34.3;0.7;0.5;3.5;1.1;0.5;0.14;
sainsburys-diced-pork-leg-460g;Sainsbury's British Extra Lean Diced Pork Leg 460g;£4.00/unit;£8.70/kg;Pork;pork;172;34.3;0.7;0.5;3.5;1.1;0.5;0.14;
sainsburys-diced-stem-ginger-in-sugar-syrup-225g;Sainsbury's Diced Stem Ginger In Sugar Syrup 225g;£2.00/unit;£0.89/100g;Sugar & home baking;baking-ingredients---colourings;291;0.5;70.6;67.6;0.6;0.3;1.1;0.15;
sainsburys-diced-turkey-breast-250g;Sainsbury's British Diced Turkey Breast 250g;£2.20/unit;£8.80/kg;Turkey;turkey;152;32.2;0.5;0.5;2.4;0.5;0.7;0.15;
sainsburys-diced-turkey-breast-500g;Sainsbury's British Diced Turkey Breast 500g;£4.00/unit;£8.00/kg;Turkey;turkey;152;32.2;0.5;0.5;2.4;0.5;0.7;0.15;
sainsburys-diced-turkey-thigh-500g;Sainsbury's Diced Turkey Thigh 500g;£2.80/unit;£5.60/kg;Turkey;turkey;224;33.2;0.8;0.5;9.7;3.0;0.5;0.40;
sainsburys-digestive-biscuits--basics-400g;Sainsbury's Digestive Biscuits, Basics 400g;£0.35/unit;£0.09/100g;Biscuits & crackers;everyday-biscuits-shortbread;490;6.8;63;22;23;11;3.8;1.1;
sainsburys-digestive-biscuits--so-organic-250g;Sainsbury's Digestive Biscuits, SO Organic 250g;£0.80/unit;£0.32/100g;Biscuits & crackers;everyday-biscuits-shortbread;507;6.5;61.3;20.3;25.3;11.7;4.1;0.70;
sainsburys-digestive-biscuits--so-organic-250g;Sainsbury's Digestive Biscuits, SO Organic 250g;£0.80/unit;£0.32/100g;Biscuits & crackers;healthier-biscuits-crackers;507;6.5;61.3;20.3;25.3;11.7;4.1;0.70;
sainsburys-digestive-biscuits-500g;Sainsbury's Digestive Biscuits 500g;£0.80/unit;£0.16/100g;Biscuits & crackers;everyday-biscuits-shortbread;469;7.1;66.9;18.9;18.3;8.6;3.8;1.03;
sainsburys-dijon-mustard-210g;Sainsbury's Dijon Mustard 210g;£0.80/unit;£0.38/100g;Table sauces, dressings & condiments;mustard;168;7.7;5.4;2.5;12;0.6;2.7;6.0;
sainsburys-dill-bunch-100g;Sainsbury's Loose Bunched Dill 100g;£1.00/unit;£0.10/10g;Fresh herbs & ingredients;fresh-pot-herbs;null;null;null;null;null;null;null;null;
sainsburys-dill-bunch-100g;Sainsbury's Loose Bunched Dill 100g;£1.00/unit;£0.10/10g;Fresh herbs & ingredients;indian-ingredients;null;null;null;null;null;null;null;null;
sainsburys-dill-bunch-100g;Sainsbury's Loose Bunched Dill 100g;£1.00/unit;£0.10/10g;Fresh herbs & ingredients;mediterranean-ingredients;null;null;null;null;null;null;null;null;
sainsburys-dill-bunch-100g;Sainsbury's Loose Bunched Dill 100g;£1.00/unit;£0.10/10g;Fresh vegetables;chillies-herbs-ingredients;null;null;null;null;null;null;null;null;
sainsburys-dill-mustard-sauce-160ml;Sainsbury's Dill Mustard Sauce 160ml;£0.80/unit;£0.44/100g;Table sauces, dressings & condiments;condiments;440;2.1;22.7;18.4;37.6;2.5;1.4;1.90;
sainsburys-dill-mustard-sauce-160ml;Sainsbury's Dill Mustard Sauce 160ml;£0.80/unit;£0.44/100g;Table sauces, dressings & condiments;mustard;440;2.1;22.7;18.4;37.6;2.5;1.4;1.90;
sainsburys-dip-selection--basics-500g;Sainsbury's Dip Selection, Basics 500g;£1.15/unit;£0.23/100g;Coleslaw, olives, salads & dips;fresh-dips-houmous;306;4.4;5.3;1.6;29.6;5.6;0.5;0.83;
sainsburys-distilled-vinegar-568ml;Sainsbury's Distilled Vinegar 568ml;£0.50/unit;£0.88/ltr;Vinegar, pickles, olives & antipasti;vinegar;18;0.5;0.5;0.5;0.5;0.1;0.5;0.01;
sainsburys-dolly-mix-75g;Sainsbury's Dolly Mix 75g;£0.40/unit;£0.53/100g;Confectionery;sweets;391;1.4;91.2;90.7;2.2;1.1;0.5;0.03;
sainsburys-double-beef-rib-660g;Sainsbury's Double Beef Rib with Red Wine Sauce 660g;£5.00/unit;£7.58/kg;Meat & poultry;frozen-beef;186;18.1;1.7;1.2;11.9;5.6;0.5;0.45;
sainsburys-double-chocolate-chip-cookies-x20;Sainsbury's Double Chocolate Chip Cookies x20;£1.60/unit;£0.08/ea;Biscuits & crackers;cookies;null;null;null;null;null;null;null;null;
sainsburys-double-chocolate-chip-cookies-x20;Sainsbury's Double Chocolate Chip Cookies x20;£1.60/unit;£0.08/ea;Cakes;cakes-from-our-bakery-12374-44;null;null;null;null;null;null;null;null;
sainsburys-double-chocolate-chip-cookies-x20;Sainsbury's Double Chocolate Chip Cookies x20;£1.60/unit;£0.08/ea;Cakes;doughnuts-cookies;null;null;null;null;null;null;null;null;
sainsburys-double-chocolate-chip-cookies-x20;Sainsbury's Double Chocolate Chip Cookies x20;£1.60/unit;£0.08/ea;From our in store bakery;cakes-from-our-bakery;null;null;null;null;null;null;null;null;
sainsburys-double-chocolate-chip-cookies-x20;Sainsbury's Double Chocolate Chip Cookies x20;£1.60/unit;£0.08/ea;From our in store bakery;instore-bakery-doughnuts-cookies;null;null;null;null;null;null;null;null;
sainsburys-double-chocolate-chip-muffins-x4;Sainsbury's Muffins, Double Chocolate Chip x4;£1.50/unit;£0.38/ea;Cakes;muffins-small-cakes;422;5.5;50.4;32.7;21.7;3.9;1.6;0.60;
sainsburys-double-chocolate-g%C3%A2teau-350g-%28serves-5%29;Sainsbury's Double Chocolate Gateau 350g (Serves 5);£1.50/unit;£0.43/100g;Ice cream & desserts;frozen-cold-desserts;256;5.0;34.8;25.8;9.9;5.9;3.8;0.33;
sainsburys-double-chocolate-squegg-150g;Sainsbury's Double Chocolate Squegg 150g;£3.00/unit;£3.00/100g;Confectionery;easter-eggs;556;6.1;56.9;55.9;33.6;21.2;0.9;0.18;
sainsburys-double-chocolate-sundae--taste-the-difference-127g;Sainsbury's Double Chocolate Sundae, Taste the Difference 127g;£2.00/unit;£1.57/100g;Desserts & cream;desserts;381;4.2;23.2;17.7;29.9;18.6;1.3;0.13;
sainsburys-double-cream--so-organic-300ml;Sainsbury's Double Cream, SO Organic 300ml;£1.20/unit;£0.40/100ml;Desserts & cream;fresh-cream-custard;467;1.5;1.6;1.6;50.5;31.4;0.5;0.53;
sainsburys-double-cream-150ml;Sainsbury's British Double Cream 150ml;£0.60/unit;£0.40/100ml;Desserts & cream;fresh-cream-custard;439;1.5;1.5;1.5;47.5;29.7;0.5;0.05;
sainsburys-double-cream-300ml;Sainsbury's Double Cream 300ml;£0.85/unit;£0.28/100ml;Desserts & cream;fresh-cream-custard;439;1.5;1.5;1.5;47.5;29.7;0.5;0.05;
sainsburys-double-cream-600ml;Sainsbury's Double Cream 600ml;£1.60/unit;£0.27/100ml;Desserts & cream;fresh-cream-custard;439;1.5;1.5;1.5;47.5;29.7;0.5;0.06;
sainsburys-double-gloucester---chive-200g;Sainsbury's Double Gloucester & Chive 200g;£2.00/unit;£10.00/kg;Cheese;cheddar-british-regional-cheese;389;25.4;0.5;0.5;31.8;20.7;0.5;1.80;
sainsburys-double-gloucester-250g;Sainsbury's Double Gloucester 250g;£2.00/unit;£8.00/kg;Cheese;cheddar-british-regional-cheese;404;24.4;0.5;0.5;34.0;21.3;0.5;1.93;
sainsburys-double-pepperoni-stuffed-crust-pizza-10;Sainsbury's Stuffed Crust Double Pepperoni Pizza 410" 80g;£3.50/unit;£7.29/kg;Pizza, pasta & garlic bread;pizza;303;13.6;30.2;4.6;13.6;6.0;2.7;1.30;
sainsburys-dried-blueberries-75g;Sainsbury's Dried Blueberries 75g;£2.10/unit;£28.00/kg;Sugar & home baking;dried-fruit---peel;286;1.7;64.8;54.8;1.5;0.5;3.1;0.13;
sainsburys-dried-cranberries-75g;Sainsbury's Dried Cranberries 75g;£1.50/unit;£20.00/kg;Sugar & home baking;dried-fruit---peel;331;0.5;76.7;65.0;1.4;0.1;5.7;0.01;
sainsburys-dried-grated-hard-cheese-80g;Sainsbury's Dried Grated Hard Cheese 80g;£1.00/unit;£12.50/kg;Cheese;sliced-grated-cheese;530;45.7;2.9;0.5;37.3;22.8;0.5;2.62;
sainsburys-dried-green-lentils-500g;Sainsbury's Dried Green Lentils 500g;£1.10/unit;£2.20/kg;Canned, tinned & packaged foods;pulses-beans;96;7.6;13.4;0.7;0.5;0;3.7;0;
sainsburys-dried-mint-12g;Sainsbury's Dried Mint 12g;£1.00/unit;£0.83/10g;Cooking ingredients & oils;herbs-spices-seasoning;null;null;null;null;null;null;null;null;
sainsburys-dried-pinto-beans-bag-500g;Sainsbury's Dried Pinto Beans Bag 500g;£1.10/unit;£2.20/kg;Canned, tinned & packaged foods;pulses-beans;119;9.4;14.6;0.7;0.7;0.3;8.4;0.03;
sainsburys-dried-prunes--californian--ready-to-eat-250g;Sainsbury's Dried Prunes 250g;£1.50/unit;£0.60/100g;Crisps, nuts & snacking fruit;snacking-fruit-seeds;160;2.5;33.8;33.8;0.5;0.1;5.7;0.03;
sainsburys-dried-prunes--californian--ready-to-eat-250g;Sainsbury's Dried Prunes 250g;£1.50/unit;£0.60/100g;Fruit & desserts;dessert-fruit;160;2.5;33.8;33.8;0.5;0.1;5.7;0.03;
sainsburys-dried-prunes--californian--ready-to-eat-250g;Sainsbury's Dried Prunes 250g;£1.50/unit;£0.60/100g;Fruit & desserts;snacking-fruit-nuts;160;2.5;33.8;33.8;0.5;0.1;5.7;0.03;
sainsburys-dried-prunes--californian--ready-to-eat-250g;Sainsbury's Dried Prunes 250g;£1.50/unit;£0.60/100g;Sugar & home baking;dried-fruit---peel;160;2.5;33.8;33.8;0.5;0.1;5.7;0.03;
sainsburys-dried-prunes--ready-to-eat-500g;Sainsbury's Dried Prunes 500g;£2.00/unit;£0.40/100g;Canned, tinned & packaged foods;canned-tinned-packaged-fruit;160;2.5;33.8;33.8;0.5;0.1;5.7;0.03;
sainsburys-dried-prunes--ready-to-eat-500g;Sainsbury's Dried Prunes 500g;£2.00/unit;£0.40/100g;Crisps, nuts & snacking fruit;snacking-fruit-seeds;160;2.5;33.8;33.8;0.5;0.1;5.7;0.03;
sainsburys-dried-prunes--ready-to-eat-500g;Sainsbury's Dried Prunes 500g;£2.00/unit;£0.40/100g;Fruit & desserts;dessert-fruit;160;2.5;33.8;33.8;0.5;0.1;5.7;0.03;
sainsburys-dried-prunes--ready-to-eat-500g;Sainsbury's Dried Prunes 500g;£2.00/unit;£0.40/100g;Fruit & desserts;snacking-fruit-nuts;160;2.5;33.8;33.8;0.5;0.1;5.7;0.03;
sainsburys-dried-red-kidney-beans-500g;Sainsbury's Dried Red Kidney Beans 500g;£1.10/unit;£2.20/kg;Canned, tinned & packaged foods;pulses-beans;150;10.2;21.7;0.9;0.5;0.1;10.3;0.02;
sainsburys-dried-red-lentils-500g;Sainsbury's Dried Red Lentils 500g;£1.10/unit;£2.20/kg;Canned, tinned & packaged foods;pulses-beans;111;7.6;17.5;0.8;0.4;0;3.3;0;
sainsburys-dried-shiitake-mushrooms-50g;Sainsbury's Dried Shiitake Mushrooms 50g;£2.99/unit;£5.98/100g;Cooking sauces & world foods;japanese;274;20.0;20.6;10.0;3.3;0.9;40.9;0.06;
sainsburys-dried-yellow-split-peas-500g;Sainsbury's Dried Yellow Split Peas 500g;£0.55/unit;£1.10/kg;Canned, tinned & packaged foods;pulses-beans;145;10.0;21.3;0.5;0.9;0.4;5.9;0.02;
sainsburys-dry-cure-oak-smoked-pancetta--taste-the-difference-180g;Sainsbury's Dry Cure Oak Smoked Pancetta, Taste the Difference 180g;£3.00/unit;£16.67/kg;Bacon & gammon;bacon;425;31.0;1.0;0.5;32.9;14.9;0.6;4.95;
sainsburys-dry-cure-oak-smoked-pancetta--taste-the-difference-180g;Sainsbury's Dry Cure Oak Smoked Pancetta, Taste the Difference 180g;£3.00/unit;£16.67/kg;Cooked meats & snacking;cooks-ingredients;425;31.0;1.0;0.5;32.9;14.9;0.6;4.95;
sainsburys-dry-cure-oak-smoked-pancetta--taste-the-difference-180g;Sainsbury's Dry Cure Oak Smoked Pancetta, Taste the Difference 180g;£3.00/unit;£16.67/kg;Cooked meats, pate & sandwich fillers;continental-meats;425;31.0;1.0;0.5;32.9;14.9;0.6;4.95;
sainsburys-dry-cure-oak-smoked-pancetta--taste-the-difference-180g;Sainsbury's Dry Cure Oak Smoked Pancetta, Taste the Difference 180g;£3.00/unit;£16.67/kg;Cooked meats, pate & sandwich fillers;cooks-ingredients-85658-44;425;31.0;1.0;0.5;32.9;14.9;0.6;4.95;
sainsburys-dry-cure-unsmoked-gammon-joint--taste-the-difference;Sainsbury's Dry Cure Unsmoked Gammon Joint, Taste the Difference (approx. 825g);£12.00/kg;£12.00/kg;Bacon & gammon;gammon;218;28.5;0.8;0.5;11.0;3.9;0.7;2.58;
sainsburys-dry-cure-unsmoked-gammon-joint--taste-the-difference;Sainsbury's Dry Cure Unsmoked Gammon Joint, Taste the Difference (approx. 825g);£12.00/kg;£12.00/kg;Organic & Taste the Difference;organic-taste-the-difference;218;28.5;0.8;0.5;11.0;3.9;0.7;2.58;
sainsburys-dry-roasted-peanuts-200g;Sainsbury's Dry Roasted Barbecue Peanuts 200g;£1.35/unit;£0.68/100g;Crisps, nuts & snacking fruit;nuts;612;26.6;10.6;4.4;49.8;10.1;7.5;1.37;
sainsburys-dry-roasted-peanuts-600g;Sainsbury's Dry Roasted Peanuts 600g;£2.65/unit;£0.44/100g;Crisps, nuts & snacking fruit;nuts;612;26.6;10.6;4.4;49.8;10.1;7.5;1.37;
sainsburys-duck---orange-p%C3%A2t%C3%A9-170g;Sainsbury's Duck & Orange Pâté 170g;£1.40/unit;£0.82/100g;Cooked meats & snacking;mfp-pate;380;7.9;6.5;4.3;35.8;12.3;0.5;1.80;
sainsburys-duck---orange-p%C3%A2t%C3%A9-170g;Sainsbury's Duck & Orange Pâté 170g;£1.40/unit;£0.82/100g;Cooked meats, pate & sandwich fillers;pate;380;7.9;6.5;4.3;35.8;12.3;0.5;1.80;
sainsburys-duck---pak-choi-gyoza-190g;Sainsbury's Duck & Pak Choi Gyoza 190g;£2.75/unit;£14.47/kg;Ready meals;oriental-ready-meals;null;null;null;null;null;null;null;null;
sainsburys-duck--crispy-peking-800g;Sainsbury's Duck, Crispy Peking 800g;£9.00/unit;£11.25/kg;Ready meals;oriental-ready-meals;220;17.5;14.8;5.9;9.9;2.8;0.7;0.95;
sainsburys-duck-breast-fillets-375g;Sainsbury's Duck Breast Fillets 375g;£7.00/unit;£18.67/kg;Duck & game;duck-game;196;26.9;0.5;0.5;9.7;2.4;0.5;0.29;
sainsburys-duck-breast-joint-plum-stuffing-500g;Sainsbury's Duck Breast Joint Plum Stuffing 500g;£6.00/unit;£12.00/kg;Duck & game;duck-game;12;49;2;1;20;22;0;6;
sainsburys-duck-breast-joint-plum-stuffing-500g;Sainsbury's Duck Breast Joint Plum Stuffing 500g;£6.00/unit;£12.00/kg;Just Cook, prepared & sauces;prepared-joints;12;49;2;1;20;22;0;6;
sainsburys-duck-breast-plum-sauce-320g;Sainsbury's Duck Breast Plum Sauce 320g;£5.00/unit;£15.63/kg;Duck & game;duck-game;210;19.6;7.4;6.8;11.2;3.0;0.5;0.42;
sainsburys-duck-breast-plum-sauce-320g;Sainsbury's Duck Breast Plum Sauce 320g;£5.00/unit;£15.63/kg;Just Cook, prepared & sauces;prepared-joints;210;19.6;7.4;6.8;11.2;3.0;0.5;0.42;
sainsburys-duck-breast-with-soy---honey-sauce-320g;Sainsbury's Duck Breast with Soy & Honey Sauce 320g;£5.00/unit;£15.63/kg;Duck & game;duck-game;194;17.1;4.8;3.4;11.6;2.9;1.2;0.89;
sainsburys-duck-breast-with-soy---honey-sauce-320g;Sainsbury's Duck Breast with Soy & Honey Sauce 320g;£5.00/unit;£15.63/kg;Just Cook, prepared & sauces;prepared-joints;194;17.1;4.8;3.4;11.6;2.9;1.2;0.89;
sainsburys-duck-crown-900g-7511288-p-44;Sainsbury's Duck Crown 900g;£7.50/unit;£8.33/kg;Duck & game;duck-game;11;50;1;1;20;19;0;5;
sainsburys-duck-fat-295g;Sainsbury's Duck Fat 295g;£3.50/unit;£1.19/100g;Cooking ingredients & oils;oils;900;0.5;0.5;0.5;100.0;30.0;0.5;0.01;
sainsburys-duck-in-plum-sauce-350g;Sainsbury's Duck In Plum Sauce 350g;£3.30/unit;£9.43/kg;Ready meals;meals-for-1-ready-meals;145;8.0;21.2;15.9;2.9;0.7;1.3;0.44;
sainsburys-duck-in-plum-sauce-350g;Sainsbury's Duck In Plum Sauce 350g;£3.30/unit;£9.43/kg;Ready meals;oriental-ready-meals;145;8.0;21.2;15.9;2.9;0.7;1.3;0.44;
sainsburys-duck-in-plum-sauce-with-egg-fried-rice-450g;Sainsbury's Duck In Plum Sauce With Egg Fried Rice 450g;£3.00/unit;£6.67/kg;Ready meals;meals-for-1-ready-meals;170;6.1;24.5;11.1;4.8;0.8;2.0;0.55;
sainsburys-duck-in-plum-sauce-with-egg-fried-rice-450g;Sainsbury's Duck In Plum Sauce With Egg Fried Rice 450g;£3.00/unit;£6.67/kg;Ready meals;oriental-ready-meals;170;6.1;24.5;11.1;4.8;0.8;2.0;0.55;
sainsburys-duck-in-plum-sauce-with-egg-fried-rice-450g;Sainsbury's Duck In Plum Sauce With Egg Fried Rice 450g;£3.00/unit;£6.67/kg;Soup & lunchtime snacks;lunchtime-snacks;170;6.1;24.5;11.1;4.8;0.8;2.0;0.55;
sainsburys-duck-legs-430g;Sainsbury's Duck Legs 430g;£3.00/unit;£6.98/kg;Duck & game;duck-game;246;29.3;0.5;0.5;14.3;4.2;0.5;0.48;
sainsburys-duck-liver-pate-with-port--taste-the-difference-150g;Sainsbury's Duck Liver Pate With Port, Taste the Difference 150g;£2.15/unit;£1.43/100g;Cooked meats & snacking;mfp-pate;238;8.2;8.3;4.4;18.8;6.3;1.3;1.05;
sainsburys-duck-liver-pate-with-port--taste-the-difference-150g;Sainsbury's Duck Liver Pate With Port, Taste the Difference 150g;£2.15/unit;£1.43/100g;Cooked meats, pate & sandwich fillers;pate;238;8.2;8.3;4.4;18.8;6.3;1.3;1.05;
sainsburys-duck-spring-rolls-x10-250g-7602431-p-44;Sainsbury's Duck Spring Rolls x10 250g;£2.25/unit;£9.00/kg;Party food;frozen-party-food;326;9.0;28.6;6.9;18.4;2.2;4.8;0.48;
sainsburys-duck-spring-rolls-x10-250g;Sainsbury's Duck Spring Rolls x10 250g;£3.00/unit;£12.00/kg;Coleslaw, olives, salads & dips;party-food-128152-44;280;6.6;28.5;4.5;15.1;2.3;1.6;0.74;
sainsburys-duck-spring-rolls-x10-250g;Sainsbury's Duck Spring Rolls x10 250g;£3.00/unit;£12.00/kg;Ready meals;oriental-ready-meals;280;6.6;28.5;4.5;15.1;2.3;1.6;0.74;
sainsburys-duck-spring-rolls-x6;Sainsbury's Duck Spring Rolls x6;£2.00/unit;£13.33/kg;Ready meals;oriental-ready-meals;280;6.6;28.5;4.5;15.1;2.3;1.6;0.74;
sainsburys-dukkah-spices-60g;Sainsbury's Dukkah Spices 60g;£2.50/unit;£0.42/10g;Cooking ingredients & oils;herbs-spices-seasoning;358;17.8;28.9;3.0;12.1;1.7;31.2;2.65;
sainsburys-dumpling-mix-140g;Sainsbury's Dumpling Mix 142g;£0.50/unit;£3.52/kg;Cooking ingredients & oils;cooking-ingredients-pastry-savoury-mixes;260;5.0;34.4;1.3;10.6;5.7;3.4;1.11;
sainsburys-dumpling-mix-140g;Sainsbury's Dumpling Mix 142g;£0.50/unit;£3.52/kg;Sugar & home baking;pastry-savoury-mixes;260;5.0;34.4;1.3;10.6;5.7;3.4;1.11;
sainsburys-duo-chocolate-swirl-spread-400g;Sainsbury's Duo Chocolate Swirl Spread 400g;£1.50/unit;£0.38/100g;Jams, honey & spreads;chocolate-sweet-spreads;570;5.5;54.0;53.5;36.5;9.0;1.5;0.18;
sainsburys-dwarf-beans-300g;Sainsbury's Dwarf Beans 300g;£1.50/unit;£5.00/kg;Fresh vegetables;peas-beans-sweetcorn-asparagus;null;null;null;null;null;null;null;null;
sainsburys-easter-bunny-family-184g;Sainsbury's Easter Bunny Family 184g;£2.50/unit;£1.36/100g;Confectionery;easter-eggs;558;5.5;59.9;57.2;32.4;19.7;2.7;0.17;
sainsburys-easter-bunny-net-84g;Sainsbury's Easter Bunny Net 84g;£1.00/unit;£1.19/100g;Confectionery;chocolate;560;5.1;59.6;55.9;32.9;20.7;2.4;0.18;
sainsburys-easter-bunny-net-84g;Sainsbury's Easter Bunny Net 84g;£1.00/unit;£1.19/100g;Confectionery;easter-eggs;560;5.1;59.6;55.9;32.9;20.7;2.4;0.18;
sainsburys-easter-chocolate-lollipop-40g;Sainsbury's Easter Chocolate Lollipop 40g;£1.00/unit;£2.50/100g;Confectionery;easter-eggs;558;5.4;55.0;53.5;34.6;22.2;2.5;0.19;
sainsburys-easter-chocolate-nest-cake-390g;Sainsbury's Easter Chocolate Nest Cake 390g;£3.50/unit;£0.90/100g;Celebration cakes;celebration-cakes;410;4.6;55.5;40.4;18.4;6.1;2.2;0.55;
sainsburys-easter-chocolate-nest-cake-390g;Sainsbury's Easter Chocolate Nest Cake 390g;£3.50/unit;£0.90/100g;Easter treats;easter-treats;410;4.6;55.5;40.4;18.4;6.1;2.2;0.55;
sainsburys-easter-lemon-bakewells-x6-220g-7460868-p-44;Sainsbury's Easter Lemon Bakewells x6 220g;£1.00/unit;£0.17/ea;Cakes;muffins-small-cakes;432;4.0;61.9;29.7;18.3;7.2;1.7;0.35;
sainsburys-easter-lemon-bakewells-x6-220g-7460868-p-44;Sainsbury's Easter Lemon Bakewells x6 220g;£1.00/unit;£0.17/ea;Easter treats;easter-treats;432;4.0;61.9;29.7;18.3;7.2;1.7;0.35;
sainsburys-easter-lemon-shortbread-mini-bites--from-our-bakery-x16;Sainsbury's Easter Lemon Shortbread Mini Bites, From Our Bakery x16;£1.60/unit;£0.10/ea;Easter treats;easter-treats;null;null;null;null;null;null;null;null;
sainsburys-easter-mallow-bag-125g;Sainsbury's Easter Mallow Bag 125g;£1.00/unit;£0.80/100g;Confectionery;easter-eggs;314;6.0;72.1;68.5;0.5;0.1;0.5;0.05;
sainsburys-easter-mallow-bag-125g;Sainsbury's Easter Mallow Bag 125g;£1.00/unit;£0.80/100g;Confectionery;sweets;314;6.0;72.1;68.5;0.5;0.1;0.5;0.05;
sainsburys-easter-simnel-cake-740g;Sainsbury's Easter Simnel Cake 740g;£9.00/unit;£9.00/ea;Celebration cakes;celebration-cakes;396;5.1;65.1;50.0;12.2;3.8;2.4;0.20;
sainsburys-easter-simnel-cake-740g;Sainsbury's Easter Simnel Cake 740g;£9.00/unit;£9.00/ea;Easter treats;easter-treats;396;5.1;65.1;50.0;12.2;3.8;2.4;0.20;
sainsburys-easter-simnel-cake-bar-400g;Sainsbury's Easter Simnel Cake Bar 400g;£3.00/unit;£3.00/ea;Cakes;cake-bars-mini-rolls;382;4.8;61.8;46.1;12.1;3.2;3.2;0.30;
sainsburys-easter-simnel-cake-bar-400g;Sainsbury's Easter Simnel Cake Bar 400g;£3.00/unit;£3.00/ea;Easter treats;easter-treats;382;4.8;61.8;46.1;12.1;3.2;3.2;0.30;
sainsburys-easter-sweets-shaker-330g;Sainsbury's Easter Sweets Shaker 325g;£2.50/unit;£0.76/100g;Confectionery;easter-eggs;414;4.9;73.6;68.1;10.7;6.7;1.7;0.08;
sainsburys-easy-cook-rice-1kg;Sainsbury's Easy Cook Long Grain White Rice 1kg;£1.50/unit;£1.50/kg;Rice, pasta & noodles;rice-12592-44;117;2.6;25.1;0.5;0.5;0.1;1.2;0.01;
sainsburys-easy-cook-rice-2kg;Sainsbury's Easy Cook White Rice 2kg;£2.50/unit;£1.25/kg;Rice, pasta & noodles;rice-12592-44;117;2.6;25.1;0.5;0.5;0.1;1.2;0.01;
sainsburys-easy-cook-rice-500g;Sainsbury's Easy Cook White Rice 500g;£0.95/unit;£1.90/kg;Rice, pasta & noodles;rice-12592-44;117;2.6;25.1;0.5;0.5;0.1;1.2;0.01;
sainsburys-easy-peeler-%28each%29;Sainsbury's Easy Peeler Loose;£3.00/kg;£3.00/kg;Fresh fruit;citrus-fruit;42;0.9;8.7;8.7;0.5;0.1;1.2;0.01;
sainsburys-easy-peelers-box--taste-the-difference-1kg;Sainsbury's Easy Peelers Box, Taste the Difference 1kg;£3.00/unit;£3.00/kg;Fresh fruit;citrus-fruit;42;0.9;8.7;8.7;0.5;0.1;1.2;0.01;
sainsburys-easy-peelers-box--taste-the-difference-1kg;Sainsbury's Easy Peelers Box, Taste the Difference 1kg;£3.00/unit;£3.00/kg;Taste the Difference;taste-the-difference-185761-44;42;0.9;8.7;8.7;0.5;0.1;1.2;0.01;
sainsburys-easy-peelers-mini-x10-%28minimum%29;Sainsbury's Easy Peelers Mini x10 (minimum);£1.50/unit;£1.50/ea;Fresh fruit;citrus-fruit;42;0.9;8.7;8.7;0.5;0.1;1.2;0.01;
sainsburys-easy-peelers-x6-%28minimum%29;Sainsbury's Easy Peelers x6 (minimum);£1.75/unit;£1.75/ea;Fresh fruit;citrus-fruit;42;0.9;8.7;8.7;0.5;0.1;1.2;0.01;
sainsburys-easy-seal-sandwich-bags-x60;Sainsbury's Sandwich Bags Easy Seal x60;£1.70/unit;£0.03/bag;Bread;sandwich-bags-food-storage;null;null;null;null;null;null;null;null;
sainsburys-eccles-cakes-x2;Sainsbury's Eccles Cakes x2;£1.20/unit;£0.60/ea;Cakes;cakes-from-our-bakery-12374-44;null;null;null;null;null;null;null;null;
sainsburys-eccles-cakes-x2;Sainsbury's Eccles Cakes x2;£1.20/unit;£0.60/ea;Croissants, brioche & pastries;croissants-brioche-pastries;null;null;null;null;null;null;null;null;
sainsburys-eccles-cakes-x2;Sainsbury's Eccles Cakes x2;£1.20/unit;£0.60/ea;From our in store bakery;cakes-from-our-bakery;null;null;null;null;null;null;null;null;
sainsburys-echalion-shallots-400g;Sainsbury's Eschalion Shallots 400g;£1.50/unit;£3.75/kg;Fresh vegetables;baby-vegetables;24;1.5;3.3;3.3;0.2;0;1.4;0;
sainsburys-echalion-shallots-400g;Sainsbury's Eschalion Shallots 400g;£1.50/unit;£3.75/kg;Fresh vegetables;onions-leeks-garlic;24;1.5;3.3;3.3;0.2;0;1.4;0;
sainsburys-edam-slices-250g;Sainsbury's Edam Slices 250g;£2.00/unit;£8.00/kg;Cheese;sliced-grated-cheese;312;24.0;0.5;0.5;24.0;17.0;0.5;2.50;
sainsburys-edam-slices-400g;Sainsbury's Edam Slices 400g;£2.50/unit;£6.25/kg;Cheese;sliced-grated-cheese;312;24.0;0.5;0.5;24.0;17.0;0.5;2.50;
sainsburys-edamame---butter-bean-salad--taste-the-difference-185g;Sainsbury's Edamame & Butter Bean Salad, Taste the Difference 185g;£2.00/unit;£1.08/100g;Coleslaw, olives, salads & dips;coleslaw-salads;121;6.5;11.0;5.2;4.9;0.7;3.5;0.38;
sainsburys-edamame---butter-bean-salad--taste-the-difference-185g;Sainsbury's Edamame & Butter Bean Salad, Taste the Difference 185g;£2.00/unit;£1.08/100g;Fresh salad;dressings-coleslaw-accompaniments;121;6.5;11.0;5.2;4.9;0.7;3.5;0.38;
sainsburys-edamame---butter-bean-salad--taste-the-difference-185g;Sainsbury's Edamame & Butter Bean Salad, Taste the Difference 185g;£2.00/unit;£1.08/100g;Fresh salad;fresh-salad-prepared-ready-to-eat;121;6.5;11.0;5.2;4.9;0.7;3.5;0.38;
sainsburys-edamame---butter-bean-salad--taste-the-difference-185g;Sainsbury's Edamame & Butter Bean Salad, Taste the Difference 185g;£2.00/unit;£1.08/100g;Prepared & ready to eat;prepared-salad-herbs;121;6.5;11.0;5.2;4.9;0.7;3.5;0.38;
sainsburys-edamame---butter-bean-salad--taste-the-difference-185g;Sainsbury's Edamame & Butter Bean Salad, Taste the Difference 185g;£2.00/unit;£1.08/100g;Soup & lunchtime snacks;lunchtime-snacks;121;6.5;11.0;5.2;4.9;0.7;3.5;0.38;
sainsburys-edamame---butter-bean-salad--taste-the-difference-185g;Sainsbury's Edamame & Butter Bean Salad, Taste the Difference 185g;£2.00/unit;£1.08/100g;Vegetarian & meat free;coleslaw--olives--salads---dips-30658-44;121;6.5;11.0;5.2;4.9;0.7;3.5;0.38;
sainsburys-edamame---mint-dip-170g;Sainsbury's Edamame & Mint Dip 170g;£1.40/unit;£0.82/100g;Coleslaw, olives, salads & dips;fresh-dips-houmous;141;5.1;9.8;4.9;8.3;1.9;3.1;0.58;
sainsburys-edamame---mint-dip-170g;Sainsbury's Edamame & Mint Dip 170g;£1.40/unit;£0.82/100g;Vegetarian & meat free;deli-meat-alternatives;141;5.1;9.8;4.9;8.3;1.9;3.1;0.58;
sainsburys-edamame-stir-fry-300g;Sainsbury's Edamame Stir Fry 300g;£1.50/unit;£0.50/100g;Fresh herbs & ingredients;asian-ingredients;100;3.6;5.3;3.4;6.6;0.6;2.5;0.09;
sainsburys-edamame-stir-fry-300g;Sainsbury's Edamame Stir Fry 300g;£1.50/unit;£0.50/100g;Fresh vegetables;fresh-vegetables-stir-fry;100;3.6;5.3;3.4;6.6;0.6;2.5;0.09;
sainsburys-edamame-stir-fry-300g;Sainsbury's Edamame Stir Fry 300g;£1.50/unit;£0.50/100g;Fresh vegetables;fresh-vegetables-world-exotic;100;3.6;5.3;3.4;6.6;0.6;2.5;0.09;
sainsburys-edamame-stir-fry-300g;Sainsbury's Edamame Stir Fry 300g;£1.50/unit;£0.50/100g;Prepared & ready to eat;prepared-stir-fry;100;3.6;5.3;3.4;6.6;0.6;2.5;0.09;
sainsburys-edamame-stir-fry-300g;Sainsbury's Edamame Stir Fry 300g;£1.50/unit;£0.50/100g;Prepared & ready to eat;prepared-vegetables;100;3.6;5.3;3.4;6.6;0.6;2.5;0.09;
sainsburys-egg---bacon-deli-filler-230g;Sainsbury's Egg & Bacon Deli Filler 230g;£1.65/unit;£0.72/100g;Cooked meats, pate & sandwich fillers;sandwich-fillers;194;12.8;2.8;0.8;14.6;2.2;0.5;1.05;
sainsburys-egg---bacon-deli-filler-230g;Sainsbury's Egg & Bacon Deli Filler 230g;£1.65/unit;£0.72/100g;Soup & lunchtime snacks;sandwich-fillers2;194;12.8;2.8;0.8;14.6;2.2;0.5;1.05;
sainsburys-egg---spoon-race-kit-144g;Sainsbury's Egg & Spoon Race Kit 144g;£3.00/unit;£2.00/100g;Confectionery;easter-eggs;558;5.5;59.9;57.2;32.4;19.7;2.7;0.17;
sainsburys-egg-bites--basics-x12-240g;Sainsbury's Egg Bites, Basics x12 240g;£0.90/unit;£0.38/100g;Pies, pasties & quiche;sausage-rolls-savouries;292;8.9;25.2;1.1;16.9;4.6;1.5;0.60;
sainsburys-egg-bites-x12-240g;Sainsbury's Egg Bites x12 240g;£1.20/unit;£0.50/100g;Pies, pasties & quiche;sausage-rolls-savouries;285;9.1;21.8;0.6;17.7;5.0;1.3;0.86;
sainsburys-egg-bites-x4-80g;Sainsbury's Egg Bites x4 80g;£0.70/unit;£0.88/100g;Pies, pasties & quiche;sausage-rolls-savouries;281;9.5;20.5;0.6;17.6;5.0;1.2;0.83;
sainsburys-egg-bites-x4-80g;Sainsbury's Egg Bites x4 80g;£0.70/unit;£0.88/100g;Soup & lunchtime snacks;lunchtime-snacks;281;9.5;20.5;0.6;17.6;5.0;1.2;0.83;
sainsburys-egg-bites-x6-120g;Sainsbury's Egg Bites x6 120g;£0.80/unit;£0.67/100g;Pies, pasties & quiche;sausage-rolls-savouries;285;9.1;21.8;0.6;17.7;5.0;1.3;0.86;
sainsburys-egg-fried-rice-250g;Sainsbury's Egg Fried Rice 250g;£1.50/unit;£6.00/kg;Ready meals;oriental-ready-meals;177;4.5;23.8;0.5;6.5;0.8;2.9;0.51;
sainsburys-egg-fried-rice-250g;Sainsbury's Egg Fried Rice 250g;£1.50/unit;£6.00/kg;Vegetarian & meat free;vegetarian-meat-free-ready-meals;177;4.5;23.8;0.5;6.5;0.8;2.9;0.51;
sainsburys-egg-fried-rice-500g;Sainsbury's Egg Fried Rice 500g;£2.00/unit;£4.00/kg;Ready meals;oriental-ready-meals;177;4.5;23.8;0.5;6.5;0.8;2.9;0.51;
sainsburys-egg-fried-rice-500g;Sainsbury's Egg Fried Rice 500g;£2.00/unit;£4.00/kg;Vegetarian & meat free;vegetarian-meat-free-ready-meals;177;4.5;23.8;0.5;6.5;0.8;2.9;0.51;
sainsburys-egg-mayonnaise-deli-filler--be-good-to-yourself-230g;Sainsbury's Egg Mayo Deli Filler, Be Good To Yourself 230g;£1.65/unit;£0.72/100g;Cooked meats, pate & sandwich fillers;sandwich-fillers;113;10.2;3.4;0.8;6.5;0.7;0.5;0.65;
sainsburys-egg-mayonnaise-deli-filler--be-good-to-yourself-230g;Sainsbury's Egg Mayo Deli Filler, Be Good To Yourself 230g;£1.65/unit;£0.72/100g;Soup & lunchtime snacks;sandwich-fillers2;113;10.2;3.4;0.8;6.5;0.7;0.5;0.65;
sainsburys-egg-mayonnaise-deli-filler--be-good-to-yourself-230g;Sainsbury's Egg Mayo Deli Filler, Be Good To Yourself 230g;£1.65/unit;£0.72/100g;Vegetarian & meat free;deli-meat-alternatives;113;10.2;3.4;0.8;6.5;0.7;0.5;0.65;
sainsburys-egg-mayonnaise-deli-filler-230g;Sainsbury's Egg Mayo Deli Filler 230g;£1.65/unit;£0.72/100g;Cooked meats, pate & sandwich fillers;sandwich-fillers;180;10.3;3.9;1.0;13.7;1.3;0.5;1.08;
sainsburys-egg-mayonnaise-deli-filler-230g;Sainsbury's Egg Mayo Deli Filler 230g;£1.65/unit;£0.72/100g;Soup & lunchtime snacks;sandwich-fillers2;180;10.3;3.9;1.0;13.7;1.3;0.5;1.08;
sainsburys-egg-mayonnaise-deli-filler-230g;Sainsbury's Egg Mayo Deli Filler 230g;£1.65/unit;£0.72/100g;Vegetarian & meat free;deli-meat-alternatives;180;10.3;3.9;1.0;13.7;1.3;0.5;1.08;
sainsburys-emmental-slices-250g;Sainsbury's Emmental Slices 250g;£1.80/unit;£7.20/kg;Cheese;sliced-grated-cheese;388;30.5;0.5;0.5;29.5;21.0;0.5;0.75;
sainsburys-enchilada-kit-650g;Sainsbury's Enchilada Kit 650g;£2.00/unit;£0.31/100g;Cooking sauces & world foods;meal-kits;null;null;null;null;null;null;null;null;
sainsburys-enchilada-kit-650g;Sainsbury's Enchilada Kit 650g;£2.00/unit;£0.31/100g;Cooking sauces & world foods;mexican-cooking-sauces;null;null;null;null;null;null;null;null;
sainsburys-english-apple---william-pear-1l;Sainsbury's English Apple & William Pear Juice, Not From Concentrate 1L;£1.40/unit;£0.14/100ml;Chilled fruit juice & smoothies;chilled-fruit-juice;46;0.5;10.6;10.6;0.5;0.1;0.5;0.01;
sainsburys-english-apples--so-organic-x5-%28minimum%29;Sainsbury's English Apples, SO Organic x5 (minimum);£2.50/unit;£2.50/ea;Fresh fruit;apples-pears-rhubarb;47;0.5;11.8;11.8;0.5;0.1;1.8;0.5;
sainsburys-english-apples--so-organic-x5-%28minimum%29;Sainsbury's English Apples, SO Organic x5 (minimum);£2.50/unit;£2.50/ea;Organic;organic;47;0.5;11.8;11.8;0.5;0.1;1.8;0.5;
sainsburys-english-butter--salted-250g;Sainsbury's English Butter, Salted 250g;£0.95/unit;£3.80/kg;Butter, spreads & baking;block-butter;737;0.6;0.8;0.7;81;49;0.5;1.6;
sainsburys-english-butter--slightly-salted-250g;Sainsbury's English Butter, Slightly Salted 250g;£0.95/unit;£3.80/kg;Butter, spreads & baking;block-butter;742;0.7;0.7;0.6;81.8;51.0;0.5;1.10;
sainsburys-english-butter--slightly-salted-250g;Sainsbury's English Butter, Slightly Salted 250g;£0.95/unit;£3.80/kg;Butter, spreads & baking;cooking-and-baking1;742;0.7;0.7;0.6;81.8;51.0;0.5;1.10;
sainsburys-english-butter--slightly-salted-250g;Sainsbury's English Butter, Slightly Salted 250g;£0.95/unit;£3.80/kg;Sugar & home baking;fats-spreads;742;0.7;0.7;0.6;81.8;51.0;0.5;1.10;
sainsburys-english-butter--unsalted-250g;Sainsbury's English Butter, Unsalted 250g;£0.95/unit;£3.80/kg;Butter, spreads & baking;block-butter;751;0.6;0.6;0.6;82.9;49.3;0.5;0.02;
sainsburys-english-butter--unsalted-250g;Sainsbury's English Butter, Unsalted 250g;£0.95/unit;£3.80/kg;Sugar & home baking;fats-spreads;751;0.6;0.6;0.6;82.9;49.3;0.5;0.02;
sainsburys-english-mustard--basics-180g;Sainsbury's English Mustard, Basics 180g;£0.35/unit;£0.19/100g;Table sauces, dressings & condiments;mustard;193;6.5;23.6;15.8;7.5;0.5;2.6;8.10;
sainsburys-english-mustard-100g;Sainsbury's English Mustard 100g;£0.40/unit;£0.40/100g;Table sauces, dressings & condiments;mustard;191;6.2;18.4;13.5;9.8;0.5;2.4;8.25;
sainsburys-english-mustard-200g;Sainsbury's English Mustard 185g;£0.65/unit;£0.35/100g;Table sauces, dressings & condiments;mustard;191;6.2;18.4;13.5;9.8;0.5;2.4;8.25;
sainsburys-english-salted-butter-500g;Sainsbury's English Butter, Salted 500g;£1.80/unit;£3.60/kg;Butter, spreads & baking;block-butter;737;0.6;0.8;0.7;81;49;0.5;1.6;
sainsburys-english-vintage-reserve-cheddar--taste-the-difference-250g;Sainsbury's English Vintage Reserve Cheddar, Taste the Difference 250g;£2.75/unit;£11.00/kg;Cheese;cheddar-british-regional-cheese;410;25.0;0.5;0.5;34.4;21.7;null;1.68;
sainsburys-english-vintage-reserve-cheddar--taste-the-difference-250g;Sainsbury's English Vintage Reserve Cheddar, Taste the Difference 250g;£2.75/unit;£11.00/kg;Cheese;cheeseboard-delights;410;25.0;0.5;0.5;34.4;21.7;null;1.68;
sainsburys-english-vintage-reserve-cheddar--taste-the-difference-250g;Sainsbury's English Vintage Reserve Cheddar, Taste the Difference 250g;£2.75/unit;£11.00/kg;Cheese;organic-taste-the-difference-cheese;410;25.0;0.5;0.5;34.4;21.7;null;1.68;
sainsburys-eric---friends-small-bananas--fairtrade-x8;Sainsbury's Small Bananas, Fairtrade x8;£1.05/unit;£0.13/ea;Fairtrade;fruit-veg-fairtrade;100;1.2;23;21;0.5;0.1;1.1;0.00;
sainsburys-eric---friends-small-bananas--fairtrade-x8;Sainsbury's Small Bananas, Fairtrade x8;£1.05/unit;£0.13/ea;Fresh fruit;bananas-grapes;100;1.2;23;21;0.5;0.1;1.1;0.00;
sainsburys-eric-malted-milk-biscuit-150g;Sainsbury's Eric the Elephant Malted Milk Biscuits 150g;£0.90/unit;£0.60/100g;Biscuits & crackers;biscuits-crackers-kids-lunchbox;476;7.0;67.2;20.2;19.4;9.0;2.5;0.64;
sainsburys-eric-party-butter-biscuit-125g;Sainsbury's Eric the Elephant Party Biscuits 125g;£0.90/unit;£0.72/100g;Biscuits & crackers;biscuits-crackers-kids-lunchbox;445;8.1;75.1;24.5;11.9;7.4;2.7;0.86;
sainsburys-eric-the-elephant-180g;Sainsbury's Eric the Elephant Sweets 180g;£0.85/unit;£0.48/100g;Confectionery;sweets;341;5.1;78.1;52.1;0.2;0.1;0.5;0;
sainsburys-eric-the-elephant-chocolate-animal-biscuits-x8;Sainsbury's Eric the Elephant Chocolate Animal Biscuits x8;£0.90/unit;£0.45/100g;Biscuits & crackers;chocolate-biscuits;502;5.9;66.5;29.2;23.2;12.5;1.7;0.50;
sainsburys-eric-the-elephant-eric---friends-sweets-180g;Sainsbury's Eric the Elephant Eric & Friends Sweets 180g;£0.85/unit;£0.48/100g;Confectionery;sweets;341;5.5;77.8;51.9;0.2;0.1;0.5;0;
sainsburys-eric-the-elephant-erics-fizzy-trunks-sweets-180g;Sainsbury's Eric the Elephant Eric's Fizzy Trunks Sweets 180g;£0.85/unit;£0.48/100g;Confectionery;sweets;331;5.3;74.4;56.0;0.5;0.1;0.5;0.04;
sainsburys-eric-the-elephant-iced-biscuits-200g;Sainsbury's Eric the Elephant Iced Biscuits 200g;£0.90/unit;£0.45/100g;Biscuits & crackers;biscuits-crackers-kids-lunchbox;426;4.9;82.8;44.3;8.1;4.0;1.0;0.74;
sainsburys-eric-the-elephant-iced-biscuits-200g;Sainsbury's Eric the Elephant Iced Biscuits 200g;£0.90/unit;£0.45/100g;Biscuits & crackers;everyday-biscuits-shortbread;426;4.9;82.8;44.3;8.1;4.0;1.0;0.74;
sainsburys-eric-the-elephant-medium-easter-egg-165g;Sainsbury's Eric Medium Easter Egg with Soft Gummy Sweets 165g;£1.00/unit;£0.61/100g;Confectionery;easter-eggs;517;8.1;58.9;57.8;27.0;16.2;2.3;0.18;
sainsburys-eton-mess--taste-the-difference-459g;Sainsbury's Eton Mess, Taste the Difference 459g;£4.00/unit;£0.87/100g;Ice cream & desserts;frozen-cold-desserts;274;2.5;25.7;23.8;17.5;11.6;1.9;0.10;
sainsburys-etruscan-pepperoni-12-pizza--taste-the-difference;Sainsbury's Etruscan Pepperoni Pizza, Taste the Difference 12'' 515g;£5.00/unit;£9.71/kg;Pizza, pasta & garlic bread;pizza;283;14.0;32.4;2.6;10.3;4.7;2.1;1.02;
sainsburys-evaporated-milk-170g;Sainsbury's Evaporated Milk 170g;£0.55/unit;£0.32/100g;Fruit & desserts;dessert-milk-cream;161;8.4;11.7;11.7;9.0;5.7;0.0;0.50;
sainsburys-evaporated-milk-410g;Sainsbury's Evaporated Milk 410g;£0.65/unit;£0.16/100g;Fruit & desserts;dessert-milk-cream;161;8.4;11.7;11.7;9.0;5.7;0.0;0.50;
sainsburys-everyday-classic-salad-bowl-335g;Sainsbury's Everyday Classic Salad Bowl 335g;£3.00/unit;£0.90/100g;Coleslaw, olives, salads & dips;coleslaw-salads;21;1.1;2.7;2.3;0.5;0.1;1.4;0.10;
sainsburys-everyday-classic-salad-bowl-335g;Sainsbury's Everyday Classic Salad Bowl 335g;£3.00/unit;£0.90/100g;Fresh salad;fresh-salad-prepared-ready-to-eat;21;1.1;2.7;2.3;0.5;0.1;1.4;0.10;
sainsburys-everyday-classic-salad-bowl-335g;Sainsbury's Everyday Classic Salad Bowl 335g;£3.00/unit;£0.90/100g;Prepared & ready to eat;prepared-salad-herbs;21;1.1;2.7;2.3;0.5;0.1;1.4;0.10;
sainsburys-everyday-classic-salad-bowl-335g;Sainsbury's Everyday Classic Salad Bowl 335g;£3.00/unit;£0.90/100g;Soup & lunchtime snacks;lunchtime-snacks;21;1.1;2.7;2.3;0.5;0.1;1.4;0.10;
sainsburys-everyday-classic-salad-bowl-335g;Sainsbury's Everyday Classic Salad Bowl 335g;£3.00/unit;£0.90/100g;Vegetarian & meat free;coleslaw--olives--salads---dips-30658-44;21;1.1;2.7;2.3;0.5;0.1;1.4;0.10;
sainsburys-exotic-fruit-salad-190g;Sainsbury's Exotic Fruit Salad 190g;£1.50/unit;£7.89/kg;Prepared & ready to eat;prepared-fruit;45;0.7;9.2;9.0;0.5;0.1;1.7;0.01;
sainsburys-exotic-fruit-salad-320g;Sainsbury's Exotic Fruit Salad 320g;£2.00/unit;£6.25/kg;Prepared & ready to eat;prepared-fruit;43;0.6;9.0;8.9;0.5;0.1;1.6;0.03;
sainsburys-express-porridge-apple---cinnamon-x10-sachets-360g;Sainsbury's Express Porridge Apple & Cinnamon 10x36g;£1.50/unit;£0.42/100g;Breakfast cereals;porridge-oats;383;8.6;70.3;24.3;5.9;0.9;7.2;0;
sainsburys-express-porridge-blueberry---raspberry-360g;Sainsbury's Express Porridge Blueberry & Raspberry 10x36g;£1.50/unit;£0.42/100g;Breakfast cereals;porridge-oats;381;8.3;69.6;23.0;6.2;1.0;6.7;0;
sainsburys-express-porridge-golden-syrup-x10-sachets-360g;Sainsbury's Express Porridge Golden Syrup 10x36g;£1.50/unit;£0.42/100g;Breakfast cereals;porridge-oats;384;8.6;70.7;24.9;5.9;0.9;6.9;0.01;
sainsburys-express-porridge-honey-360g;Sainsbury's Express Porridge Honey 10x36g;£1.50/unit;£0.42/100g;Breakfast cereals;porridge-oats;390;8.2;72.2;26.0;6.5;1.0;5.0;0;
sainsburys-express-porridge-original-x10-sachets-270g;Sainsbury's Express Porridge Original 10x27g;£1.50/unit;£0.56/100g;Breakfast cereals;porridge-oats;370;11.0;58.0;1.0;8.0;1.2;10.8;0.01;
sainsburys-express-porridge-pot-apple---cinnamon-64g;Sainsbury's Express Porridge Pot Apple & Cinnamon 64g;£0.90/unit;£1.41/100g;Breakfast cereals;on-the-go;373;13.7;64.4;25.8;5.2;0.9;6.9;0.23;
sainsburys-express-porridge-pot-apple---cinnamon-64g;Sainsbury's Express Porridge Pot Apple & Cinnamon 64g;£0.90/unit;£1.41/100g;Breakfast cereals;porridge-oats;373;13.7;64.4;25.8;5.2;0.9;6.9;0.23;
sainsburys-express-porridge-pot-golden-syrup-64g;Sainsbury's Express Porridge Pot Golden Syrup 64g;£0.90/unit;£1.41/100g;Breakfast cereals;on-the-go;378;12.3;68.6;33.0;4.7;0.9;5.7;0.18;
sainsburys-express-porridge-pot-golden-syrup-64g;Sainsbury's Express Porridge Pot Golden Syrup 64g;£0.90/unit;£1.41/100g;Breakfast cereals;porridge-oats;378;12.3;68.6;33.0;4.7;0.9;5.7;0.18;
sainsburys-express-porridge-pot-original-55g;Sainsbury's Express Porridge Pot Original 55g;£0.90/unit;£1.64/100g;Breakfast cereals;on-the-go;372;15.8;59.6;15.9;6.2;1.1;7.2;0.25;
sainsburys-express-porridge-pot-original-55g;Sainsbury's Express Porridge Pot Original 55g;£0.90/unit;£1.64/100g;Breakfast cereals;porridge-oats;372;15.8;59.6;15.9;6.2;1.1;7.2;0.25;
sainsburys-express-porridge-variety-pack-x10-sachets-324g;Sainsbury's Express Porridge Variety x10 324g;£1.50/unit;£0.46/100g;Breakfast cereals;porridge-oats;383;8.6;70.3;24.3;5.9;0.9;7.2;0.01;
sainsburys-express-porridge-winter-spices-360g;Sainsbury's Express Porridge Winter Spices 10x36g;£1.50/unit;£0.42/100g;Breakfast cereals;porridge-oats;383;8.5;69.5;24.0;6.4;1.0;6.8;0;
sainsburys-express-pot-blueberry---raspberry-64g;Sainsbury's Express Porridge Pot Blueberry & Raspberry 64g;£0.90/unit;£1.41/100g;Breakfast cereals;on-the-go;372;11.1;67.2;25.8;5.3;0.9;5.7;0.21;
sainsburys-express-pot-blueberry---raspberry-64g;Sainsbury's Express Porridge Pot Blueberry & Raspberry 64g;£0.90/unit;£1.41/100g;Breakfast cereals;porridge-oats;372;11.1;67.2;25.8;5.3;0.9;5.7;0.21;
sainsburys-extra-fine-beans-200g;Sainsbury's Extra Fine Beans 200g;£1.50/unit;£7.50/kg;Fresh vegetables;peas-beans-sweetcorn-asparagus;31;1.9;3.1;2.3;0.5;0.1;3.4;0;
sainsburys-extra-fine-sponge-flour--taste-the-difference-1kg;Sainsbury's Extra Fine Sponge Flour, Taste the Difference 1kg;£0.80/unit;£0.80/kg;Sugar & home baking;flour;340;9.3;72.9;1.3;1.2;0.2;3.0;0.63;
sainsburys-extra-large-cauliflower-332545-p-44;Sainsbury's Cauliflower, Extra Large;£1.90/unit;£1.90/ea;Fresh vegetables;broccoli-cauliflower-cabbage-greens;34;2.5;4.2;2.8;0.5;0.2;1.8;0.02;
sainsburys-extra-lean-beef-stir-fry-450g;Sainsbury's Extra Lean Beef Stir Fry 450g;£4.50/unit;£10.00/kg;Beef;beef;172;33.1;0.5;0.5;4.4;1.3;0.5;0.22;
sainsburys-extra-lean-beef-stir-fry-450g;Sainsbury's Extra Lean Beef Stir Fry 450g;£4.50/unit;£10.00/kg;Great prices on meat & fish;great-prices-on-meat---fish;172;33.1;0.5;0.5;4.4;1.3;0.5;0.22;
sainsburys-extra-lean-british-pork-mince--be-good-to-yourself-500g;Sainsbury's British Pork Mince 5% Fat 500g;£4.00/unit;£8.00/kg;Pork;pork;152;26;0.5;0.5;5.0;1.7;0.5;0.13;
sainsburys-extra-lean-casserole-beef-steak-450g;Sainsbury's Extra Lean Casserole Beef Steak 450g;£4.00/unit;£8.89/kg;Beef;beef;168;30.1;1.8;0.5;4.4;1.8;0.5;0.24;
sainsburys-extra-lean-diced-lamb-450g;Sainsbury's Extra Lean Diced Lamb 450g;£6.50/unit;£14.44/kg;Lamb;lamb;197;35.9;0.5;0.5;5.9;2.7;0.5;0.15;
sainsburys-extra-mature-canadian-cheddar-cheese-400g;Sainsbury's Extra Mature Canadian Cheddar Cheese 400g;£3.50/unit;£8.75/kg;Cheese;cheddar-british-regional-cheese;416;25.4;0.5;0.5;34.9;21.7;0.5;1.81;
sainsburys-extra-strong-foil-5mx450mm;Sainsbury's Extra Strong Foil 5mx450mm;£1.50/unit;£0.30/mtr;Sugar & home baking;cake-cases---baking-accessories;null;null;null;null;null;null;null;null;
sainsburys-extra-thick-chunky-vegetable-soup-400g;Sainsbury's Extra Thick Chunky Vegetable Soup 400g;£0.75/unit;£0.19/100g;Canned, tinned & packaged foods;soups;42;1.2;6.7;2.1;0.8;0.2;1.4;0.45;
sainsburys-extra-thick-double-cream-300ml;Sainsbury's Extra Thick Double Cream 300ml;£1.20/unit;£0.40/100ml;Desserts & cream;fresh-cream-custard;439;1.5;1.5;1.5;47.5;29.7;0.5;0.05;
sainsburys-fab-creamy-vanilla-yogurts-4x125g;Sainsbury's Fab Creamy Vanilla Yogurts 4x125g;£1.85/unit;£0.37/100g;Yogurts;corners-everyday-yogurts;124;4.1;18.1;17.9;3.9;2.7;0.5;0.13;
sainsburys-fab-creamy-vanilla-yogurts-4x125g;Sainsbury's Fab Creamy Vanilla Yogurts 4x125g;£1.85/unit;£0.37/100g;Yogurts;diet-low-fat-yogurts;124;4.1;18.1;17.9;3.9;2.7;0.5;0.13;
sainsburys-fab-fruity-blackcurrent-yogurt-150g;Sainsbury's Fab Fruity Blackcurrant Yogurt 150g;£0.55/unit;£0.37/100g;Yogurts;corners-everyday-yogurts;93;4.1;16;15;1.2;0.8;0.5;0.13;
sainsburys-fab-fruity-blackcurrent-yogurt-150g;Sainsbury's Fab Fruity Blackcurrant Yogurt 150g;£0.55/unit;£0.37/100g;Yogurts;diet-low-fat-yogurts;93;4.1;16;15;1.2;0.8;0.5;0.13;
sainsburys-fab-fruity-cherry---blkcr-yogs-4x125g;Sainsbury's Fab Fruity Low Fat Cherry & Blackcurrant Yogurt 4x125g;£1.85/unit;£0.37/100g;Yogurts;corners-everyday-yogurts;93;4.1;16.2;15.4;1.2;0.8;0.5;0.13;
sainsburys-fab-fruity-cherry---blkcr-yogs-4x125g;Sainsbury's Fab Fruity Low Fat Cherry & Blackcurrant Yogurt 4x125g;£1.85/unit;£0.37/100g;Yogurts;diet-low-fat-yogurts;93;4.1;16.2;15.4;1.2;0.8;0.5;0.13;
sainsburys-fab-fruity-low-fat-cherry-yogurt-450g;Sainsbury's Fab Fruity Low Fat Cherry Yogurt 450g;£1.00/unit;£0.22/100g;Yogurts;big-pots-pouring-yogurts;98;4.3;17.5;16.9;1.1;0.7;0.5;0.15;
sainsburys-fab-fruity-low-fat-cherry-yogurt-450g;Sainsbury's Fab Fruity Low Fat Cherry Yogurt 450g;£1.00/unit;£0.22/100g;Yogurts;diet-low-fat-yogurts;98;4.3;17.5;16.9;1.1;0.7;0.5;0.15;
sainsburys-fab-fruity-low-fat-raspberry---elderflower-yogurt-450g;Sainsbury's Fab Fruity Low Fat Raspberry & Elderflower Yogurt 450g;£1.00/unit;£0.22/100g;Yogurts;big-pots-pouring-yogurts;95;4.4;16.1;16.0;1.3;0.9;0.5;0.15;
sainsburys-fab-fruity-low-fat-raspberry---elderflower-yogurt-450g;Sainsbury's Fab Fruity Low Fat Raspberry & Elderflower Yogurt 450g;£1.00/unit;£0.22/100g;Yogurts;diet-low-fat-yogurts;95;4.4;16.1;16.0;1.3;0.9;0.5;0.15;
sainsburys-fab-fruity-low-fat-strwberry-yogurt-450g;Sainsbury's Fab Fruity Low Fat Strwberry Yogurt 450g;£1.00/unit;£0.22/100g;Yogurts;big-pots-pouring-yogurts;87;4.7;14.1;13.4;1.2;0.8;0.5;0.15;
sainsburys-fab-fruity-low-fat-strwberry-yogurt-450g;Sainsbury's Fab Fruity Low Fat Strwberry Yogurt 450g;£1.00/unit;£0.22/100g;Yogurts;diet-low-fat-yogurts;87;4.7;14.1;13.4;1.2;0.8;0.5;0.15;
sainsburys-fab-fruity-strawberry---rhubrb-4x125g;Sainsbury's Fab Fruity Low Fat Strawberry & Rhubarb Yogurt 4x125g;£1.85/unit;£0.37/100g;Yogurts;corners-everyday-yogurts;86;4.7;14.1;13.9;1.2;0.8;0.5;0.13;
sainsburys-fab-fruity-strawberry---rhubrb-4x125g;Sainsbury's Fab Fruity Low Fat Strawberry & Rhubarb Yogurt 4x125g;£1.85/unit;£0.37/100g;Yogurts;diet-low-fat-yogurts;86;4.7;14.1;13.9;1.2;0.8;0.5;0.13;
sainsburys-fabulously-fruity-apricot--pineapple--mango---peach-4x125g;Sainsbury's Fab Fruity Mango & Passionfruit, Peach & Nectarine Yogurt 4x125g;£1.85/unit;£0.37/100g;Yogurts;corners-everyday-yogurts;88;4.4;14.6;13.4;1.2;0.8;0.5;0.18;
sainsburys-fabulously-fruity-apricot--pineapple--mango---peach-4x125g;Sainsbury's Fab Fruity Mango & Passionfruit, Peach & Nectarine Yogurt 4x125g;£1.85/unit;£0.37/100g;Yogurts;diet-low-fat-yogurts;88;4.4;14.6;13.4;1.2;0.8;0.5;0.18;
sainsburys-fabulously-fruity-peach---nectarine-150g;Sainsbury's Fab Fruity Peach & Nectarine Yogurt 150g;£0.55/unit;£0.37/100g;Yogurts;corners-everyday-yogurts;93;4.7;16;16;1.0;0.7;0.5;0.18;
sainsburys-fabulously-fruity-peach---nectarine-150g;Sainsbury's Fab Fruity Peach & Nectarine Yogurt 150g;£0.55/unit;£0.37/100g;Yogurts;diet-low-fat-yogurts;93;4.7;16;16;1.0;0.7;0.5;0.18;
sainsburys-fairtrade-bananas--so-organic;Sainsbury's Fairtrade Bananas, SO Organic;£1.20/kg;£1.20/kg;Fairtrade;fruit-veg-fairtrade;107;1.2;23.2;20.9;0.5;0.1;3.1;0.01;
sainsburys-fairtrade-bananas--so-organic;Sainsbury's Fairtrade Bananas, SO Organic;£1.20/kg;£1.20/kg;Fresh fruit;bananas-grapes;107;1.2;23.2;20.9;0.5;0.1;3.1;0.01;
sainsburys-fairtrade-bananas--so-organic;Sainsbury's Fairtrade Bananas, SO Organic;£1.20/kg;£1.20/kg;Organic;organic;107;1.2;23.2;20.9;0.5;0.1;3.1;0.01;
sainsburys-fairtrade-bananas-x5;Sainsbury's Fairtrade Bananas x5;£0.80/unit;£0.16/ea;Fairtrade;fruit-veg-fairtrade;95;1.2;23.2;null;0.3;null;1.1;0;
sainsburys-fairtrade-bananas-x5;Sainsbury's Fairtrade Bananas x5;£0.80/unit;£0.16/ea;Fresh fruit;bananas-grapes;95;1.2;23.2;null;0.3;null;1.1;0;
sainsburys-fairtrade-bananas-x8;Sainsbury's Fairtrade Bananas x8;£1.25/unit;£0.16/ea;Fairtrade;fruit-veg-fairtrade;103;1.2;23.2;20.9;0.3;0.1;1.1;0;
sainsburys-fairtrade-bananas-x8;Sainsbury's Fairtrade Bananas x8;£1.25/unit;£0.16/ea;Fresh fruit;bananas-grapes;103;1.2;23.2;20.9;0.3;0.1;1.1;0;
sainsburys-fairtrade-basmati-rice--organic-500g;Sainsbury's Basmati Rice, SO Organic 500g;£2.00/unit;£4.00/kg;Rice, pasta & noodles;rice-12592-44;117;2.7;25.4;0.5;0.5;0.1;1.0;0.01;
sainsburys-fairtrade-brazil-nuts-300g;Sainsbury's Fairtrade Brazil Nuts 300g;£4.50/unit;£1.50/100g;Sugar & home baking;nuts---seeds;699;16.3;2.9;2.3;68.2;16.4;4.3;0.01;
sainsburys-fairtrade-brazil-nuts-90g;Sainsbury's Fairtrade Brazil Nuts 100g;£1.65/unit;£1.65/100g;Sugar & home baking;nuts---seeds;699;16.3;2.9;2.3;68.2;16.4;4.3;0.01;
sainsburys-fairtrade-cashew-nuts-300g-7620988-p-44;Sainsbury's Fairtrade Cashew Nuts 300g;£4.50/unit;£1.50/100g;Fruit & desserts;snacking-fruit-nuts;598;21.4;11.4;5.9;49.3;9.7;11.7;0.04;
sainsburys-fairtrade-cashews-300g;Sainsbury's Fairtrade Cashew Nuts 100g;£2.20/unit;£2.20/100g;Sugar & home baking;nuts---seeds;598;21.4;11.4;5.9;49.3;9.7;11.7;0.03;
sainsburys-fairtrade-caster-sugar-1kg-7713049-p-44;Sainsbury's Fairtrade White Caster Sugar 1kg;£1.50/unit;£1.50/kg;Sugar & home baking;sugar-sweeteners;400;0.5;99.9;99.9;0.5;0.1;0.5;0.01;
sainsburys-fairtrade-dark-soft-brown-sugar-1kg;Sainsbury's Fairtrade Dark Soft Brown Sugar 1kg;£2.50/unit;£2.50/kg;Sugar & home baking;sugar-sweeteners;386;0.5;96.0;96.0;0.5;0.1;0.5;0.01;
sainsburys-fairtrade-dark-soft-brown-sugar-500g;Sainsbury's Fairtrade Dark Soft Brown Sugar 500g;£1.35/unit;£2.70/kg;Sugar & home baking;sugar-sweeteners;386;0.5;96.0;96.0;0.5;0.1;0.5;0.01;
sainsburys-fairtrade-demerara-cane-sugar-1kg;Sainsbury's Fairtrade Demerara Cane Sugar 1kg;£1.90/unit;£1.90/kg;Sugar & home baking;sugar-sweeteners;397;0.5;99.3;99.3;0.5;0.1;0.5;0.01;
sainsburys-fairtrade-demerara-cane-sugar-2kg;Sainsbury's Fairtrade Demerara Cane Sugar 2kg;£3.50/unit;£1.75/kg;Sugar & home baking;sugar-sweeteners;397;0.5;99.3;99.3;0.5;0.1;0.5;0.01;
sainsburys-fairtrade-demerara-cane-sugar-500g;Sainsbury's Fairtrade Demerara Cane Sugar 500g;£1.25/unit;£2.50/kg;Sugar & home baking;sugar-sweeteners;397;0.5;99.3;99.3;0.5;0.1;0.5;0.01;
sainsburys-fairtrade-golden-caster-sugar-1kg;Sainsbury's Fairtrade Golden Caster Sugar 1kg;£1.90/unit;£1.90/kg;Sugar & home baking;sugar-sweeteners;399;0.5;99.7;99.7;0.5;0.1;0.5;0.01;
sainsburys-fairtrade-golden-granulated-sugar-1kg;Sainsbury's Fairtrade Golden Granulated Sugar 1kg;£1.70/unit;£1.70/kg;Sugar & home baking;sugar-sweeteners;399;0.5;99.7;99.7;0.5;0.1;0.5;0.01;
sainsburys-fairtrade-granulated-sugar-1kg-7713027-p-44;Sainsbury's Fairtrade White Granulated Sugar 1kg;£0.90/unit;£0.90/kg;Sugar & home baking;sugar-sweeteners;400;0.5;99.9;99.9;0.5;0.1;0.5;0.01;
sainsburys-fairtrade-light-soft-brown-sugar-1kg-7713046-p-44;Sainsbury's Fairtrade Light Brown Soft Sugar 1kg;£2.50/unit;£2.50/kg;Sugar & home baking;sugar-sweeteners;385;0.5;96.0;96.0;0.5;0.1;0.5;0.01;
sainsburys-fairtrade-light-soft-brown-sugar-500g;Sainsbury's Fairtrade Light Soft Brown Sugar 500g;£1.35/unit;£2.70/kg;Sugar & home baking;sugar-sweeteners;385;0.5;96.0;96.0;0.5;0.1;0.5;0.01;
sainsburys-fairtrade-organic-cane-sugar-500g;Sainsbury's Fairtrade Cane Sugar, SO Organic 500g;£1.05/unit;£2.10/kg;Sugar & home baking;sugar-sweeteners;399;0.5;99.7;99.7;0.5;0.1;0.5;0.01;
sainsburys-fairtrade-peanuts---raisins-100g;Sainsbury's Fairtrade Peanuts & Raisins 100g;£0.85/unit;£0.85/100g;Sugar & home baking;dried-fruit---peel;468;18.0;33.4;32.3;29.2;5.3;11.7;0;
sainsburys-fairtrade-peanuts---raisins-100g;Sainsbury's Fairtrade Peanuts & Raisins 100g;£0.85/unit;£0.85/100g;Sugar & home baking;nuts---seeds;468;18.0;33.4;32.3;29.2;5.3;11.7;0;
sainsburys-fairtrade-peanuts-100g;Sainsbury's Fairtrade Peanuts 100g;£1.00/unit;£1.00/100g;Sugar & home baking;nuts---seeds;563;26.8;6.5;5.0;44.7;8.0;13.8;0.03;
sainsburys-fairtrade-pineapple-50g;Sainsbury's Pineapples 50g;£1.00/unit;£2.00/100g;Crisps, nuts & snacking fruit;snacking-fruit-seeds;331;1.6;79.6;69.7;0.5;0.1;2.2;0.02;
sainsburys-fairtrade-pineapple-50g;Sainsbury's Pineapples 50g;£1.00/unit;£2.00/100g;Fruit & desserts;dessert-fruit;331;1.6;79.6;69.7;0.5;0.1;2.2;0.02;
sainsburys-fairtrade-pineapple-50g;Sainsbury's Pineapples 50g;£1.00/unit;£2.00/100g;Fruit & desserts;snacking-fruit-nuts;331;1.6;79.6;69.7;0.5;0.1;2.2;0.02;
sainsburys-fairtrade-smooth-dark-chocolate-400g;Sainsbury's Fairtrade Smooth Dark Chocolate 400g;£2.50/unit;£0.63/100g;Confectionery;chocolate;529;5.7;47.8;44.2;33.1;20.8;8.3;0.01;
sainsburys-fairtrade-smooth-milk-chocolate-400g;Sainsbury's Fairtrade Smooth Milk Chocolate 400g;£2.50/unit;£0.63/100g;Confectionery;chocolate;538;8.4;52.8;51.7;31.9;20.2;2.9;0.20;
sainsburys-fairy-cake-cases---pirate-x100-40g;Sainsbury's Fairy Cake Cases - Pirate x100 40g;£1.25/unit;£0.01/ea;Sugar & home baking;cake-cases---baking-accessories;null;null;null;null;null;null;null;null;
sainsburys-fairy-cake-cases--princess-x100-40g;Sainsbury's Fairy Cake Cases, Princess x100 40g;£1.25/unit;£0.01/ea;Sugar & home baking;cake-cases---baking-accessories;null;null;null;null;null;null;null;null;
sainsburys-fairy-cakes--from-our-bakery-x6-139g;Sainsbury's Fairy Cakes, From Our Bakery x6 139g;£1.00/unit;£0.17/ea;Cakes;cakes-from-our-bakery-12374-44;null;null;null;null;null;null;null;null;
sainsburys-fairy-cakes--from-our-bakery-x6-139g;Sainsbury's Fairy Cakes, From Our Bakery x6 139g;£1.00/unit;£0.17/ea;From our in store bakery;cakes-from-our-bakery;null;null;null;null;null;null;null;null;
sainsburys-fairycake-party-time-cases-x100;Sainsbury's Fairycake Party Time Cases x100;£1.25/unit;£0.01/unit;Sugar & home baking;cake-cases---baking-accessories;null;null;null;null;null;null;null;null;
sainsburys-fajita-chicken-pizza-12-quot%3B;Sainsbury's Spicy Chicken Fajita Pizza 12'' 575g;£3.50/unit;£6.09/kg;Pizza, pasta & garlic bread;pizza;253;11.7;28.8;4.4;9.5;3.0;2.7;1.13;
sainsburys-fajita-kit-500g;Sainsbury's Fajita Kit 500g;£2.00/unit;£0.40/100g;Cooking sauces & world foods;meal-kits;null;null;null;null;null;null;null;null;
sainsburys-fajita-kit-500g;Sainsbury's Fajita Kit 500g;£2.00/unit;£0.40/100g;Cooking sauces & world foods;mexican-cooking-sauces;null;null;null;null;null;null;null;null;
sainsburys-falafel-240g;Sainsbury's Falafel 240g;£1.80/unit;£7.50/kg;Meat free & vegetarian;meat-free-vegetarian;246;8.6;19.3;0.8;11.9;0.8;13.8;0.72;
sainsburys-falafel-x12-200g;Sainsbury's Falafel x12 200g;£2.50/unit;£1.25/100g;Coleslaw, olives, salads & dips;olives-tapas-antipasti;294;7.7;21.2;2.5;18.1;1.5;7.8;1.38;
sainsburys-falafel-x12-200g;Sainsbury's Falafel x12 200g;£2.50/unit;£1.25/100g;Vegetarian & meat free;deli-meat-alternatives;294;7.7;21.2;2.5;18.1;1.5;7.8;1.38;
sainsburys-family-apple-bag-x8-%28minimum--variety---size-will-vary%29;Sainsbury's Family Apple Bag x8 (minimum, variety & size will vary);£1.50/unit;£1.50/ea;Fresh fruit;apples-pears-rhubarb;47;0.5;11.8;11.8;0.5;0.1;1.8;0.5;
sainsburys-family-beef-lasagne-15kg-%28-serves-4-%29;Sainsbury's Family Beef Lasagne 1.5kg ( Serves 4 );£6.00/unit;£4.00/kg;Ready meals;italian-ready-meals;148;7.8;6.8;4.0;8.6;4.1;6.7;0.53;
sainsburys-family-pack-tomatoes--so-organic-400g;Sainsbury's Family Pack Tomatoes, SO Organic 400g;£1.75/unit;£4.38/kg;Fresh salad;fresh-salad-tomatoes;20;0.7;3.1;3.1;0.5;0.1;1.0;0.02;
sainsburys-family-pack-tomatoes--so-organic-400g;Sainsbury's Family Pack Tomatoes, SO Organic 400g;£1.75/unit;£4.38/kg;Fresh vegetables;fresh-vegetables-tomatoes;20;0.7;3.1;3.1;0.5;0.1;1.0;0.02;
sainsburys-family-pack-tomatoes--so-organic-400g;Sainsbury's Family Pack Tomatoes, SO Organic 400g;£1.75/unit;£4.38/kg;Organic;organic;20;0.7;3.1;3.1;0.5;0.1;1.0;0.02;
sainsburys-family-penne-bolognese-bake-15kg-%28-serves-4-%29;Sainsbury's Family Penne Bolognese Bake 1.5kg ( Serves 4 );£6.00/unit;£4.00/kg;Ready meals;italian-ready-meals;172;7.4;9.2;3.6;10.0;4.5;8.0;0.50;
sainsburys-family-rhubarb-pie;Sainsbury's Family Rhubarb Pie;£1.00/unit;£1.00/ea;Cakes;cakes-from-our-bakery-12374-44;null;null;null;null;null;null;null;null;
sainsburys-family-rhubarb-pie;Sainsbury's Family Rhubarb Pie;£1.00/unit;£1.00/ea;From our in store bakery;cakes-from-our-bakery;null;null;null;null;null;null;null;null;
sainsburys-family-rice-pudding-500g;Sainsbury's Family Rice Pudding 500g;£2.75/unit;£0.55/100g;Desserts & cream;desserts;194;3.2;20.3;8.0;11.0;6.8;0.5;0.09;
sainsburys-family-sausage-pasta-bake-15kg-%28-serves-4-%29;Sainsbury's Family Sausage Pasta Bake 1.5kg ( Serves 4 );£6.00/unit;£4.00/kg;Ready meals;italian-ready-meals;144;4.8;19.8;3.6;4.6;1.4;1.9;0.43;
sainsburys-farfalle--italian-500g;Sainsbury's Farfalle 500g;£0.85/unit;£1.70/kg;Rice, pasta & noodles;pasta;160;4.4;33.6;0.6;0.6;0.1;1.4;0.01;
sainsburys-farfalle-tricolore-500g;Sainsbury's Farfalle Tricolore 500g;£0.85/unit;£1.70/kg;Rice, pasta & noodles;pasta;160;4.4;33.6;0.6;0.6;0.1;1.4;0.01;
sainsburys-farmhouse-butter--taste-the-difference-250g;Sainsbury's Farmhouse Butter, Taste the Difference 250g;£1.70/unit;£6.80/kg;Butter, spreads & baking;block-butter;753;0.5;0.5;0.5;83.2;53.1;0.5;2.13;
sainsburys-farmhouse-cheese-scone-x4--taste-the-difference;Sainsbury's Farmhouse Cheese Scone x4, Taste the Difference;£1.50/unit;£0.38/ea;Cakes;cakes-scones-fruited-buns;336;11.6;35.1;2.6;16.0;9.6;2.5;1.75;
sainsburys-farmhouse-cheese-scone-x4--taste-the-difference;Sainsbury's Farmhouse Cheese Scone x4, Taste the Difference;£1.50/unit;£0.38/ea;Scones, fruited & buns;scones-fruited-buns;336;11.6;35.1;2.6;16.0;9.6;2.5;1.75;
sainsburys-farmhouse-mature-cheddar--so-organic-270g;Sainsbury's Farmhouse Mature Cheddar, SO Organic 270g;£2.75/unit;£10.19/kg;Cheese;cheddar-british-regional-cheese;410;25.0;0.5;0.5;34.4;21.7;0.5;1.80;
sainsburys-farmhouse-mature-cheddar--so-organic-270g;Sainsbury's Farmhouse Mature Cheddar, SO Organic 270g;£2.75/unit;£10.19/kg;Cheese;cheeseboard-delights;410;25.0;0.5;0.5;34.4;21.7;0.5;1.80;
sainsburys-farmhouse-mature-cheddar--so-organic-270g;Sainsbury's Farmhouse Mature Cheddar, SO Organic 270g;£2.75/unit;£10.19/kg;Cheese;organic-taste-the-difference-cheese;410;25.0;0.5;0.5;34.4;21.7;0.5;1.80;
sainsburys-farmhouse-p%C3%A2t%C3%A9-with-mushrooms-170g;Sainsbury's Farmhouse Pâté with Mushrooms 170g;£1.65/unit;£0.97/100g;Cooked meats & snacking;mfp-pate;252;11.3;1.2;1.1;22.5;8.3;0.5;1.73;
sainsburys-farmhouse-p%C3%A2t%C3%A9-with-mushrooms-170g;Sainsbury's Farmhouse Pâté with Mushrooms 170g;£1.65/unit;£0.97/100g;Cooked meats, pate & sandwich fillers;pate;252;11.3;1.2;1.1;22.5;8.3;0.5;1.73;
sainsburys-farmhouse-toffee-ice-cream--taste-the-difference-500ml;Sainsbury's Farmhouse Toffee Ice Cream, Taste the Difference 500ml;£3.25/unit;£0.65/100ml;Ice cream & desserts;ice-cream-tubs;295;3.2;28.3;25.8;18.6;12.3;0.6;0.40;
sainsburys-fat-free-fromage-frais--be-good-to-yourself-200g;Sainsbury's Fat Free Fromage Frais, Be Good To Yourself 200g;£0.55/unit;£0.28/100g;Yogurts;corners-everyday-yogurts;50;8.0;4.2;4.2;0.5;0.1;0.5;0.09;
sainsburys-fat-free-fromage-frais--be-good-to-yourself-200g;Sainsbury's Fat Free Fromage Frais, Be Good To Yourself 200g;£0.55/unit;£0.28/100g;Yogurts;diet-low-fat-yogurts;50;8.0;4.2;4.2;0.5;0.1;0.5;0.09;
sainsburys-favourite-cheese-selection-470g;Sainsbury's Favourite Cheese Selection 456g;£5.50/unit;£12.06/kg;Cheese;cheddar-british-regional-cheese;364;16.7;16.3;10.3;25.6;17.9;0.6;1.00;
sainsburys-favourites-chinese-takeaway-for-2-120kg;Sainsbury's Favourites Chinese Takeaway For 2 1.2kg;£7.50/unit;£6.25/kg;Ready meals;oriental-ready-meals;177;4.5;23.8;0.5;6.5;0.8;2.9;0.51;
sainsburys-felino-salami--taste-the-difference-70g;Sainsbury's Italian Felino Salami, Taste the Difference 70g;£3.00/unit;£4.29/100g;Cooked meats & snacking;mfp-continental-meats;411;29.5;1.0;0.5;32.0;12.0;0.5;4.40;
sainsburys-felino-salami--taste-the-difference-70g;Sainsbury's Italian Felino Salami, Taste the Difference 70g;£3.00/unit;£4.29/100g;Cooked meats & snacking;mfp-cooked-meats-snacking-taste-the-difference;411;29.5;1.0;0.5;32.0;12.0;0.5;4.40;
sainsburys-felino-salami--taste-the-difference-70g;Sainsbury's Italian Felino Salami, Taste the Difference 70g;£3.00/unit;£4.29/100g;Cooked meats, pate & sandwich fillers;continental-meats;411;29.5;1.0;0.5;32.0;12.0;0.5;4.40;
sainsburys-felino-salami--taste-the-difference-70g;Sainsbury's Italian Felino Salami, Taste the Difference 70g;£3.00/unit;£4.29/100g;Cooked meats, pate & sandwich fillers;cooked-meats-taste-the-difference;411;29.5;1.0;0.5;32.0;12.0;0.5;4.40;
sainsburys-fennel-%28loose%29;Sainsbury's Fennel (loose);£3.75/kg;£3.75/kg;Fresh herbs & ingredients;mediterranean-ingredients;null;null;null;null;null;null;null;null;
sainsburys-fennel-%28loose%29;Sainsbury's Fennel (loose);£3.75/kg;£3.75/kg;Fresh vegetables;chillies-herbs-ingredients;null;null;null;null;null;null;null;null;
sainsburys-fennel-%28loose%29;Sainsbury's Fennel (loose);£3.75/kg;£3.75/kg;Fresh vegetables;fresh-vegetables-world-exotic;null;null;null;null;null;null;null;null;
sainsburys-fennel-seeds-39g;Sainsbury's Fennel Seeds 39g;£1.00/unit;£0.26/10g;Cooking ingredients & oils;herbs-spices-seasoning;null;null;null;null;null;null;null;null;
sainsburys-feta---spinach-parcels-x4;Sainsbury's Feta & Spinach Parcels x4;£2.50/unit;£3.47/100g;Coleslaw, olives, salads & dips;olives-tapas-antipasti;307;5.8;23.8;2.6;20.6;5.5;1.8;0.76;
sainsburys-feta---spinach-parcels-x4;Sainsbury's Feta & Spinach Parcels x4;£2.50/unit;£3.47/100g;Vegetarian & meat free;deli-meat-alternatives;307;5.8;23.8;2.6;20.6;5.5;1.8;0.76;
sainsburys-feta-cheese--so-organic-200g;Sainsbury's Feta Cheese, SO Organic 200g;£1.85/unit;£9.25/kg;Cheese;cheeseboard-delights;267;16.5;0.7;0.7;22.0;16.0;0.5;3.00;
sainsburys-feta-cheese--so-organic-200g;Sainsbury's Feta Cheese, SO Organic 200g;£1.85/unit;£9.25/kg;Cheese;organic-taste-the-difference-cheese;267;16.5;0.7;0.7;22.0;16.0;0.5;3.00;
sainsburys-feta-stuffed-halkidiki-olives--taste-the-difference-130g;Sainsbury's Feta Stuffed Halkidiki Olives, Taste the Difference 130g;£2.60/unit;£2.00/100g;Coleslaw, olives, salads & dips;olives-tapas-antipasti;163;1.9;1.4;0.5;16.1;3.0;2.4;3.06;
sainsburys-feta-stuffed-halkidiki-olives--taste-the-difference-130g;Sainsbury's Feta Stuffed Halkidiki Olives, Taste the Difference 130g;£2.60/unit;£2.00/100g;Vegetarian & meat free;deli-meat-alternatives;163;1.9;1.4;0.5;16.1;3.0;2.4;3.06;
sainsburys-ff-pecan-tarts-200g;Sainsbury's Freefrom Pecan Tarts 200g;£2.49/unit;£1.25/100g;Freefrom;bakery-freefrom;461;4.5;56.7;35.0;23.6;5.8;2.0;0.22;
sainsburys-fig-rolls-200g;Sainsbury's Fig Rolls 200g;£0.55/unit;£0.28/100g;Biscuits & crackers;everyday-biscuits-shortbread;360;4.3;64.5;30.3;8.7;4.0;3.4;0.38;
sainsburys-figs-140g;Sainsbury's Figs 140g;£2.50/unit;£17.86/kg;Fresh fruit;mango-exotic-fruit-dates-nuts;235;3.3;48.6;48.6;1.5;null;6.9;null;
sainsburys-filo-prawns---sweet-chilli-dip-x12-160g-7510473-p-44;Sainsbury's Filo Prawns & Sweet Chilli Dip x12 160g;£2.25/unit;£14.06/kg;Party food;frozen-party-food;276;0.9;63.2;51.3;2.0;1.8;0.9;1.79;
sainsburys-filtered-semi-skimmed-milk-2l;Sainsbury's British Filtered Semi-skimmed Milk 2L;£1.50/unit;£0.75/ltr;Fresh milk & eggs;fresh-milk;46;3.1;4.8;4.8;1.6;1.0;0.5;0.14;
sainsburys-fine-beans---carrots-270g;Sainsbury's Fine Beans & Carrots 270g;£2.00/unit;£7.41/kg;Fresh vegetables;baby-vegetables;42;1.4;7.2;4.5;0.5;0.1;2.6;0.13;
sainsburys-fine-beans---carrots-270g;Sainsbury's Fine Beans & Carrots 270g;£2.00/unit;£7.41/kg;Fresh vegetables;peas-beans-sweetcorn-asparagus;42;1.4;7.2;4.5;0.5;0.1;2.6;0.13;
sainsburys-fine-beans---carrots-270g;Sainsbury's Fine Beans & Carrots 270g;£2.00/unit;£7.41/kg;Prepared & ready to eat;prepared-vegetables;42;1.4;7.2;4.5;0.5;0.1;2.6;0.13;
sainsburys-fine-beans---tenderstem-200g;Sainsbury's Fine Beans & Tenderstem Broccoli 200g;£2.00/unit;£10.00/kg;Fresh vegetables;fresh-vegetables-stir-fry;41;3.8;4.5;2.2;0.5;0.1;2.3;0.13;
sainsburys-fine-beans---tenderstem-200g;Sainsbury's Fine Beans & Tenderstem Broccoli 200g;£2.00/unit;£10.00/kg;Fresh vegetables;peas-beans-sweetcorn-asparagus;41;3.8;4.5;2.2;0.5;0.1;2.3;0.13;
sainsburys-fine-beans---tenderstem-200g;Sainsbury's Fine Beans & Tenderstem Broccoli 200g;£2.00/unit;£10.00/kg;Prepared & ready to eat;prepared-vegetables;41;3.8;4.5;2.2;0.5;0.1;2.3;0.13;
sainsburys-fine-egg-noodles-375g;Sainsbury's Fine Egg Noodles 375g;£1.40/unit;£3.73/kg;Cooking sauces & world foods;chinese-cooking-sauces;375;12.5;76.4;1.1;1.9;0.8;1.3;0.37;
sainsburys-fine-egg-noodles-375g;Sainsbury's Fine Egg Noodles 375g;£1.40/unit;£3.73/kg;Rice, pasta & noodles;noodles;375;12.5;76.4;1.1;1.9;0.8;1.3;0.37;
sainsburys-fine-sea-salt-350g;Sainsbury's Fine Sea Salt 350g;£0.70/unit;£2.00/kg;Cooking ingredients & oils;salt-pepper;null;null;null;null;null;null;null;null;
sainsburys-finely-chopped-green-olives-90g;Sainsbury's Finely Chopped Green Olives 90g;£1.29/unit;£1.43/100g;Vinegar, pickles, olives & antipasti;olives-antipasti;213;1.1;0.5;0.5;22.1;3.5;4.6;2.50;
sainsburys-finely-sliced-ham--be-good-to-yourself-100g;Sainsbury's Ham Finely Sliced, Be Good To Yourself 100g;£2.00/unit;£2.00/100g;Cooked meats & snacking;ham-82654-44;98;21.1;0.5;0.5;1.5;0.6;0.5;1.38;
sainsburys-finely-sliced-ham--be-good-to-yourself-100g;Sainsbury's Ham Finely Sliced, Be Good To Yourself 100g;£2.00/unit;£2.00/100g;Cooked meats, pate & sandwich fillers;ham;98;21.1;0.5;0.5;1.5;0.6;0.5;1.38;
sainsburys-finely-sliced-ham--taste-the-difference-240g;Sainsbury's Finely Sliced Ham, Taste the Difference 240g;£4.00/unit;£1.67/100g;Cooked meats & snacking;ham-82654-44;122;25.9;0.6;0.6;1.8;0.6;0.5;2.68;
sainsburys-finely-sliced-ham--taste-the-difference-240g;Sainsbury's Finely Sliced Ham, Taste the Difference 240g;£4.00/unit;£1.67/100g;Cooked meats & snacking;mfp-cooked-meats-snacking-taste-the-difference;122;25.9;0.6;0.6;1.8;0.6;0.5;2.68;
sainsburys-finely-sliced-ham--taste-the-difference-240g;Sainsbury's Finely Sliced Ham, Taste the Difference 240g;£4.00/unit;£1.67/100g;Cooked meats, pate & sandwich fillers;cooked-meats-taste-the-difference;122;25.9;0.6;0.6;1.8;0.6;0.5;2.68;
sainsburys-finely-sliced-ham--taste-the-difference-240g;Sainsbury's Finely Sliced Ham, Taste the Difference 240g;£4.00/unit;£1.67/100g;Cooked meats, pate & sandwich fillers;ham;122;25.9;0.6;0.6;1.8;0.6;0.5;2.68;
sainsburys-finger-chillies-80g;Sainsbury's Finger Chillies 80g;£0.90/unit;£11.25/kg;Fresh herbs & ingredients;afro-caribbean-ingredients;23;2.9;0.7;0.7;0.6;0.1;null;0.02;
sainsburys-finger-chillies-80g;Sainsbury's Finger Chillies 80g;£0.90/unit;£11.25/kg;Fresh herbs & ingredients;asian-ingredients;23;2.9;0.7;0.7;0.6;0.1;null;0.02;
sainsburys-finger-chillies-80g;Sainsbury's Finger Chillies 80g;£0.90/unit;£11.25/kg;Fresh herbs & ingredients;indian-ingredients;23;2.9;0.7;0.7;0.6;0.1;null;0.02;
sainsburys-finger-chillies-80g;Sainsbury's Finger Chillies 80g;£0.90/unit;£11.25/kg;Fresh vegetables;chillies-herbs-ingredients;23;2.9;0.7;0.7;0.6;0.1;null;0.02;
sainsburys-finger-chillies-80g;Sainsbury's Finger Chillies 80g;£0.90/unit;£11.25/kg;Fresh vegetables;fresh-vegetables-world-exotic;23;2.9;0.7;0.7;0.6;0.1;null;0.02;
sainsburys-finger-rolls-x6;Sainsbury's Finger Rolls x6;£0.70/unit;£0.12/ea;Rolls;rolls;251;8.1;46.2;4.2;3.2;0.6;2.3;0.90;
sainsburys-finocchiona--taste-the-difference-70g;Sainsbury's Italian Finocchiona Salami, Taste the Difference 70g;£3.00/unit;£4.29/100g;Cooked meats & snacking;mfp-continental-meats;380;22.2;1.2;0.5;31.8;11.9;0.5;3.50;
sainsburys-finocchiona--taste-the-difference-70g;Sainsbury's Italian Finocchiona Salami, Taste the Difference 70g;£3.00/unit;£4.29/100g;Cooked meats & snacking;mfp-cooked-meats-snacking-taste-the-difference;380;22.2;1.2;0.5;31.8;11.9;0.5;3.50;
sainsburys-finocchiona--taste-the-difference-70g;Sainsbury's Italian Finocchiona Salami, Taste the Difference 70g;£3.00/unit;£4.29/100g;Cooked meats, pate & sandwich fillers;continental-meats;380;22.2;1.2;0.5;31.8;11.9;0.5;3.50;
sainsburys-finocchiona--taste-the-difference-70g;Sainsbury's Italian Finocchiona Salami, Taste the Difference 70g;£3.00/unit;£4.29/100g;Cooked meats, pate & sandwich fillers;cooked-meats-taste-the-difference;380;22.2;1.2;0.5;31.8;11.9;0.5;3.50;
sainsburys-firecracker-king-prawns---rice-380g;Sainsbury's Firecracker King Prawns & Rice 380g;£3.00/unit;£7.89/kg;Ready meals;meals-for-1-ready-meals;95;3.1;15.5;4.9;1.9;0.2;1.7;0.55;
sainsburys-firecracker-king-prawns---rice-380g;Sainsbury's Firecracker King Prawns & Rice 380g;£3.00/unit;£7.89/kg;Ready meals;oriental-ready-meals;95;3.1;15.5;4.9;1.9;0.2;1.7;0.55;
sainsburys-fish---chips-350g;Sainsbury's Fish & Chips 350g;£2.30/unit;£6.57/kg;Ready meals;british-ready-meals;208;9.1;24.9;1.0;7.4;0.7;2.7;0.30;
sainsburys-fish---chips-350g;Sainsbury's Fish & Chips 350g;£2.30/unit;£6.57/kg;Ready meals;meals-for-1-ready-meals;208;9.1;24.9;1.0;7.4;0.7;2.7;0.30;
sainsburys-fish-fingers--basics-x10-250g;Sainsbury's Fish Fingers, Basics x10 250g;£0.65/unit;£2.60/kg;Fish & seafood;frozen-fish-seafood;206;13.1;18.0;0.9;8.8;1.0;1.0;0.71;
sainsburys-fish-pie--be-good-to-yourself-450g;Sainsbury's Fish Pie, Be Good To Yourself 450g;£2.40/unit;£5.33/kg;Ready meals;british-ready-meals;90;6.7;10.2;0.9;2.1;0.9;1.6;0.44;
sainsburys-fish-pie--be-good-to-yourself-450g;Sainsbury's Fish Pie, Be Good To Yourself 450g;£2.40/unit;£5.33/kg;Ready meals;healthier-choice-ready-meals;90;6.7;10.2;0.9;2.1;0.9;1.6;0.44;
sainsburys-fish-pie--be-good-to-yourself-450g;Sainsbury's Fish Pie, Be Good To Yourself 450g;£2.40/unit;£5.33/kg;Ready meals;meals-for-1-ready-meals;90;6.7;10.2;0.9;2.1;0.9;1.6;0.44;
sainsburys-fish-pie--taste-the-difference-800g-7333055-p-44;Sainsbury's Fish Pie, Taste the Difference 800g;£5.40/unit;£6.75/kg;Ready meals;british-ready-meals;111;8.0;10;0.7;4.1;2.3;0.5;0.62;
sainsburys-fish-pie--taste-the-difference-800g-7333055-p-44;Sainsbury's Fish Pie, Taste the Difference 800g;£5.40/unit;£6.75/kg;Ready meals;taste-the-difference-bistro-ready-meals;111;8.0;10;0.7;4.1;2.3;0.5;0.62;
sainsburys-fish-pie-mix--basics-350g;Sainsbury's Fish Pie Mix, Basics 350g;£2.00/unit;£5.71/kg;Fish & seafood;frozen-fish-seafood;88;19.6;0.5;0.5;0.9;0.2;0.5;0.86;
sainsburys-fishcakes--basics-x10-500g;Sainsbury's Fishcakes, Basics x10 500g;£1.40/unit;£2.80/kg;Fish & seafood;frozen-fish-seafood;209;9.3;20.4;2.0;9.7;0.7;1.5;0.67;
sainsburys-fishermans-pie--basics-300g;Sainsbury's Fish Pie, Basics 300g;£0.80/unit;£2.67/kg;Ready meals;british-ready-meals;89;3.3;11.5;1.1;2.8;1.3;2.1;0.58;
sainsburys-fishermans-pie--basics-300g;Sainsbury's Fish Pie, Basics 300g;£0.80/unit;£2.67/kg;Ready meals;meals-for-1-ready-meals;89;3.3;11.5;1.1;2.8;1.3;2.1;0.58;
sainsburys-five-spice-paste-100g;Sainsbury's Five Spice Paste 100g;£1.99/unit;£1.99/100g;Cooking ingredients & oils;cooking-pastes;95;1.3;17.1;16.6;1.1;0.2;5.6;1.50;
sainsburys-fizzy-cola-straws-75g;Sainsbury's Fizzy Cola Straws 75g;£0.40/unit;£0.53/100g;Confectionery;sweets;365;2.7;81.0;60.0;2.3;1.3;0.6;0;
sainsburys-fizzy-fangs-75g;Sainsbury's Fizzy Fangs 75g;£0.40/unit;£0.53/100g;Confectionery;sweets;350;0.5;85.5;65.0;0.5;0.1;0.5;0.18;
sainsburys-fizzy-strawberry-lances-75g;Sainsbury's Fizzy Strawberry Straws 75g;£0.40/unit;£0.53/100g;Confectionery;sweets;362;2.5;80.0;59.0;2.3;1.2;0.6;0;
sainsburys-flageolet-beans-400g;Sainsbury's Flageolet Beans 400g (265g*);£0.60/unit;£2.26/kg;Canned, tinned & packaged foods;pulses-beans;64;3.6;9.4;0.6;0.5;0.2;4.2;0.10;
sainsburys-flame-baked-garlic---coriander-naans-x2-260g;Sainsbury's Flame Baked Garlic & Coriander Naans x2 260g;£0.80/unit;£0.31/100g;Naan, ciabatta & breads of the world;naan-ciabatta-breads-of-the-world;279;7.1;47.5;1.6;6.1;1.1;2.4;0.80;
sainsburys-flamebaked-plain-naans--large-x2-260g;Sainsbury's Flamebaked Plain Naans, Large x2 260g;£0.70/unit;£0.27/100g;Naan, ciabatta & breads of the world;naan-ciabatta-breads-of-the-world;299;7.8;48.0;1.8;7.8;1.5;2.5;0.98;
sainsburys-flan-case-200g;Sainsbury's Flan Case 200g;£0.90/unit;£4.50/kg;Fruit & desserts;meringues-bases;328;6.7;62.8;31.4;4.9;0.8;3.1;1.37;
sainsburys-flan-case-96g;Sainsbury's Flan Case 96g;£0.70/unit;£7.29/kg;Fruit & desserts;meringues-bases;328;6.7;62.8;31.4;4.9;0.8;3.1;1.37;
sainsburys-flapjack-bites-x18;Sainsbury's Flapjack Bites x18;£1.60/unit;£0.09/ea;Cakes;cakes-from-our-bakery-12374-44;null;null;null;null;null;null;null;null;
sainsburys-flapjack-bites-x18;Sainsbury's Flapjack Bites x18;£1.60/unit;£0.09/ea;From our in store bakery;cakes-from-our-bakery;null;null;null;null;null;null;null;null;
sainsburys-flapjacks-x3;Sainsbury's Flapjacks x3;£1.00/unit;£0.33/ea;Cakes;cakes-from-our-bakery-12374-44;null;null;null;null;null;null;null;null;
sainsburys-flapjacks-x3;Sainsbury's Flapjacks x3;£1.00/unit;£0.33/ea;From our in store bakery;cakes-from-our-bakery;null;null;null;null;null;null;null;null;
sainsburys-flat-mushroom--so-organic-250g;Sainsbury's Flat Mushroom, SO Organic 250g;£1.60/unit;£6.40/kg;Fresh vegetables;mushrooms;16;1.8;0.5;0.5;0.5;0.1;1.1;0.5;
sainsburys-flat-mushroom--so-organic-250g;Sainsbury's Flat Mushroom, SO Organic 250g;£1.60/unit;£6.40/kg;Organic;organic;16;1.8;0.5;0.5;0.5;0.1;1.1;0.5;
sainsburys-florida-salad-300g;Sainsbury's Florida Salad 300g;£1.00/unit;£0.33/100g;Coleslaw, olives, salads & dips;coleslaw-salads;142;0.8;8.7;8.7;11.2;0.9;1.4;0.43;
sainsburys-florida-salad-300g;Sainsbury's Florida Salad 300g;£1.00/unit;£0.33/100g;Fresh salad;dressings-coleslaw-accompaniments;142;0.8;8.7;8.7;11.2;0.9;1.4;0.43;
sainsburys-florida-salad-300g;Sainsbury's Florida Salad 300g;£1.00/unit;£0.33/100g;Prepared & ready to eat;prepared-salad-herbs;142;0.8;8.7;8.7;11.2;0.9;1.4;0.43;
sainsburys-floury-batch-rolls--white-x6;Sainsbury's Floury Batch Rolls, White x6;£0.90/unit;£0.15/ea;Rolls;rolls;251;8.1;46;4.2;3.2;0.6;2.3;0.90;
sainsburys-floury-batch-rolls--wholemeal-x6;Sainsbury's Floury Batch Rolls, Wholemeal x6;£0.90/unit;£0.15/ea;Rolls;rolls;212;9.4;35.4;4.5;2.1;0.6;6.8;0.88;
sainsburys-flower---modelling-icing-250g;Sainsbury's White Flower & Modelling Icing 250g;£2.50/unit;£1.00/100g;Sugar & home baking;decorations;369;0.5;91.8;91.6;0.5;0.1;0.5;0.01;
sainsburys-flower---modelling-icing-250g;Sainsbury's White Flower & Modelling Icing 250g;£2.50/unit;£1.00/100g;Sugar & home baking;icing---marzipan;369;0.5;91.8;91.6;0.5;0.1;0.5;0.01;
sainsburys-flower-sprouts-160g;Sainsbury's Flower Sprouts 160g;£1.50/unit;£9.38/kg;Fresh vegetables;broccoli-cauliflower-cabbage-greens;50;3.5;3.9;2.9;1.4;0.3;4.1;0.02;
sainsburys-flying-saucers-20g;Sainsbury's Flying Saucers 20g;£0.40/unit;£2.00/100g;Confectionery;sweets;364;0.2;90.7;51.8;0.0;0.0;0.0;0.95;
sainsburys-foam-bananas-75g;Sainsbury's Foam Bananas 75g;£0.40/unit;£0.53/100g;Confectionery;sweets;385;2.6;91.6;91.2;0.8;0.5;0.5;0.02;
sainsburys-foam-shrimps-75g;Sainsbury's Foam Shrimps 75g;£0.40/unit;£0.53/100g;Confectionery;sweets;377;2.9;90.5;81.1;0.5;0.1;0.5;0.02;
sainsburys-food---freezer-bags--small-resealable-x40;Sainsbury's Food & Freezer Bags, Small Resealable x40;£3.00/unit;£0.08/bag;Bread;sandwich-bags-food-storage;null;null;null;null;null;null;null;null;
sainsburys-football-crazy-cake-%28-serves-12-%29;Sainsbury's Football Crazy Cake (Serves 12);£7.00/unit;£9.33/kg;Celebration cakes;celebration-cakes;406;2.5;72;44;12;2.8;1.5;0.25;
sainsburys-forest-fruit-yoghurt-slices-216g;Sainsbury's Forest Fruit Yogurt Slices 216g;£1.30/unit;£0.60/100g;Biscuits & crackers;biscuits-crackers-kids-lunchbox;421;5.5;71.0;43.0;12.0;7.6;3.5;0.60;
sainsburys-forest-fruit-yoghurt-slices-216g;Sainsbury's Forest Fruit Yogurt Slices 216g;£1.30/unit;£0.60/100g;Biscuits & crackers;cereal-bars-breakfast-biscuits;421;5.5;71.0;43.0;12.0;7.6;3.5;0.60;
sainsburys-forest-fruit-yoghurt-slices-216g;Sainsbury's Forest Fruit Yogurt Slices 216g;£1.30/unit;£0.60/100g;Biscuits & crackers;healthier-biscuits-crackers;421;5.5;71.0;43.0;12.0;7.6;3.5;0.60;
sainsburys-forest-fruit-yoghurt-slices-216g;Sainsbury's Forest Fruit Yogurt Slices 216g;£1.30/unit;£0.60/100g;Breakfast cereals;breakfast-cereal-bars-breakfast-biscuits;421;5.5;71.0;43.0;12.0;7.6;3.5;0.60;
sainsburys-fos-2-crusty-bake-pork-pies-130g;Sainsbury's Crusty Bake Pork Pies x2 130g;£1.20/unit;£0.92/100g;Pies, pasties & quiche;hot-cold-pies;367;10.1;27.2;1.3;23.9;9.4;1.6;1.08;
sainsburys-fos-2-crusty-bake-pork-pies-130g;Sainsbury's Crusty Bake Pork Pies x2 130g;£1.20/unit;£0.92/100g;Pies, pasties & quiche;sausage-rolls-savouries;367;10.1;27.2;1.3;23.9;9.4;1.6;1.08;
sainsburys-fos-2-crusty-bake-pork-pies-130g;Sainsbury's Crusty Bake Pork Pies x2 130g;£1.20/unit;£0.92/100g;Soup & lunchtime snacks;lunchtime-snacks;367;10.1;27.2;1.3;23.9;9.4;1.6;1.08;
sainsburys-four-bean-salad-225g;Sainsbury's Four Bean Salad 225g;£1.50/unit;£0.67/100g;Coleslaw, olives, salads & dips;coleslaw-salads;107;6.6;11.5;1.0;2.8;0.4;4.8;0.25;
sainsburys-four-bean-salad-225g;Sainsbury's Four Bean Salad 225g;£1.50/unit;£0.67/100g;Fresh salad;dressings-coleslaw-accompaniments;107;6.6;11.5;1.0;2.8;0.4;4.8;0.25;
sainsburys-four-bean-salad-225g;Sainsbury's Four Bean Salad 225g;£1.50/unit;£0.67/100g;Fresh salad;fresh-salad-prepared-ready-to-eat;107;6.6;11.5;1.0;2.8;0.4;4.8;0.25;
sainsburys-four-bean-salad-225g;Sainsbury's Four Bean Salad 225g;£1.50/unit;£0.67/100g;Prepared & ready to eat;prepared-salad-herbs;107;6.6;11.5;1.0;2.8;0.4;4.8;0.25;
sainsburys-four-bean-salad-225g;Sainsbury's Four Bean Salad 225g;£1.50/unit;£0.67/100g;Soup & lunchtime snacks;lunchtime-snacks;107;6.6;11.5;1.0;2.8;0.4;4.8;0.25;
sainsburys-four-bean-salad-225g;Sainsbury's Four Bean Salad 225g;£1.50/unit;£0.67/100g;Vegetarian & meat free;coleslaw--olives--salads---dips-30658-44;107;6.6;11.5;1.0;2.8;0.4;4.8;0.25;
sainsburys-four-cheese-pasta-sauce-440g;Sainsbury's Pasta Sauce Four Cheese 440g;£0.95/unit;£0.22/100g;Cooking sauces & world foods;italian-cooking-sauces;156;3.5;6.2;0.5;13.0;4.8;0.5;0.83;
sainsburys-frangipanes;Sainsbury's Frangipanes;£1.00/unit;£0.33/ea;Cakes;continental-cakes;444;4.5;58.3;33.4;21.1;9.9;1.4;0.33;
sainsburys-frankfurters-x10-350g;Sainsbury's Frankfurters x10 350g;£2.00/unit;£0.57/100g;Cooked meats & snacking;mfp-snacking-cooked-sausage;285;14.0;0.5;0.5;25.2;9.2;1.0;2.23;
sainsburys-frankfurters-x10-350g;Sainsbury's Frankfurters x10 350g;£2.00/unit;£0.57/100g;Cooked meats, pate & sandwich fillers;snacking-cooked-sausage;285;14.0;0.5;0.5;25.2;9.2;1.0;2.23;
sainsburys-free-from-vegetable-fat-spread-500g;Sainsbury's Freefrom Vegetable Fat Spread 500g;£1.40/unit;£2.80/kg;Butter, spreads & baking;buttery-taste-and-sunflower-spreads;603;0;0;0;67.0;17.0;0;1.40;
sainsburys-free-from-vegetable-fat-spread-500g;Sainsbury's Freefrom Vegetable Fat Spread 500g;£1.40/unit;£2.80/kg;Butter, spreads & baking;dietary--free-from-and-organic;603;0;0;0;67.0;17.0;0;1.40;
sainsburys-free-range-egg-custard-tarts-2x85g;Sainsbury's Free Range Egg Custard Tarts 2x85g;£0.70/unit;£0.41/100g;Desserts & cream;desserts;273;6.3;35.0;13.8;11.8;5.3;0.9;0.14;
sainsburys-free-range-egg-custard-tarts-x4;Sainsbury's Free Range Egg Custard Tarts x4;£1.20/unit;£0.30/ea;Desserts & cream;desserts;273;6.3;35.0;13.8;11.8;5.3;0.9;0.14;
sainsburys-free-range-egg-mayonnaise-deli-filler-230g;Sainsbury's Free Range Egg Mayo Deli Filler 230g;£1.65/unit;£0.72/100g;Cooked meats, pate & sandwich fillers;sandwich-fillers;167;10.9;2.7;0.8;12.4;1.1;0.5;0.85;
sainsburys-free-range-egg-mayonnaise-deli-filler-230g;Sainsbury's Free Range Egg Mayo Deli Filler 230g;£1.65/unit;£0.72/100g;Soup & lunchtime snacks;sandwich-fillers2;167;10.9;2.7;0.8;12.4;1.1;0.5;0.85;
sainsburys-free-range-egg-mayonnaise-deli-filler-230g;Sainsbury's Free Range Egg Mayo Deli Filler 230g;£1.65/unit;£0.72/100g;Vegetarian & meat free;deli-meat-alternatives;167;10.9;2.7;0.8;12.4;1.1;0.5;0.85;
sainsburys-free-range-fresh-egg-noodles-410g;Sainsbury's Free Range Fresh Egg Noodles 410g;£1.20/unit;£0.29/100g;Fresh herbs & ingredients;asian-ingredients;166;5.0;28.0;0.5;3.4;0.4;1.8;0.19;
sainsburys-free-range-fresh-egg-noodles-410g;Sainsbury's Free Range Fresh Egg Noodles 410g;£1.20/unit;£0.29/100g;Fresh vegetables;fresh-vegetables-stir-fry;166;5.0;28.0;0.5;3.4;0.4;1.8;0.19;
sainsburys-free-range-fresh-egg-noodles-410g;Sainsbury's Free Range Fresh Egg Noodles 410g;£1.20/unit;£0.29/100g;Fresh vegetables;fresh-vegetables-world-exotic;166;5.0;28.0;0.5;3.4;0.4;1.8;0.19;
sainsburys-free-range-fresh-egg-noodles-410g;Sainsbury's Free Range Fresh Egg Noodles 410g;£1.20/unit;£0.29/100g;Prepared & ready to eat;prepared-stir-fry;166;5.0;28.0;0.5;3.4;0.4;1.8;0.19;
sainsburys-free-range-fresh-egg-noodles-410g;Sainsbury's Free Range Fresh Egg Noodles 410g;£1.20/unit;£0.29/100g;Prepared & ready to eat;prepared-vegetables;166;5.0;28.0;0.5;3.4;0.4;1.8;0.19;
sainsburys-free-range-large-eggs-x12;Sainsbury's Free Range Large Eggs x12;£2.75/unit;£0.23/ea;Fresh milk & eggs;eggs;143;14.1;0.5;0.5;9.6;2.7;0.5;0.38;
sainsburys-free-range-large-eggs-x12;Sainsbury's Free Range Large Eggs x12;£2.75/unit;£0.23/ea;Sugar & home baking;home-baking-eggs;143;14.1;0.5;0.5;9.6;2.7;0.5;0.38;
sainsburys-free-range-mixed-weight-eggs-x6;Sainsbury's Free Range Mixed Weight Eggs x6;£0.85/unit;£0.14/ea;Fresh milk & eggs;eggs;143;14.1;0.5;0.5;9.6;2.7;0.5;0.38;
sainsburys-free-range-mixed-weight-eggs-x6;Sainsbury's Free Range Mixed Weight Eggs x6;£0.85/unit;£0.14/ea;Sugar & home baking;home-baking-eggs;143;14.1;0.5;0.5;9.6;2.7;0.5;0.38;
sainsburys-free-range-turkey-lean-mince-500g;Sainsbury's British Free Range Turkey Mince 3% Fat 500g;£3.50/unit;£7.00/kg;Turkey;turkey;121;23.1;0.5;0.5;3.0;1.2;0.6;0.22;
sainsburys-free-range-turkey-steaks-250g;Sainsbury's Free Range Turkey Steaks 250g;£3.50/unit;£14.00/kg;Turkey;turkey;147;31.9;0.5;0.5;2.1;0.5;0.5;0.18;
sainsburys-free-range-woodland-eggs-rich-in-omega-3-x6;Sainsbury's Free Range Woodland Eggs Rich In Omega 3 x6;£1.80/unit;£0.30/ea;Fresh milk & eggs;eggs;143;14.1;0.5;0.5;9.6;2.7;0.5;0.38;
sainsburys-free-range-woodland-eggs-rich-in-omega-3-x6;Sainsbury's Free Range Woodland Eggs Rich In Omega 3 x6;£1.80/unit;£0.30/ea;Sugar & home baking;home-baking-eggs;143;14.1;0.5;0.5;9.6;2.7;0.5;0.38;
sainsburys-free-range-woodland-large-eggs--so-organic-x6;Sainsbury's Free Range Woodland Large Eggs, SO Organic x6;£2.15/unit;£0.36/ea;Fresh milk & eggs;eggs;143;14.1;0.5;0.5;9.6;2.7;0.5;0.38;
sainsburys-free-range-woodland-large-eggs--so-organic-x6;Sainsbury's Free Range Woodland Large Eggs, SO Organic x6;£2.15/unit;£0.36/ea;Fresh milk & eggs;organic-milk;143;14.1;0.5;0.5;9.6;2.7;0.5;0.38;
sainsburys-free-range-woodland-large-eggs--so-organic-x6;Sainsbury's Free Range Woodland Large Eggs, SO Organic x6;£2.15/unit;£0.36/ea;Sugar & home baking;home-baking-eggs;143;14.1;0.5;0.5;9.6;2.7;0.5;0.38;
sainsburys-free-range-woodland-large-eggs-x6;Sainsbury's Free Range Woodland Large Eggs x6;£1.65/unit;£0.28/ea;Fresh milk & eggs;eggs;143;14.1;0.5;0.5;9.6;2.7;0.5;0.38;
sainsburys-free-range-woodland-large-eggs-x6;Sainsbury's Free Range Woodland Large Eggs x6;£1.65/unit;£0.28/ea;Sugar & home baking;home-baking-eggs;143;14.1;0.5;0.5;9.6;2.7;0.5;0.38;
sainsburys-free-range-woodland-medium-eggs--so-organic-x6;Sainsbury's Free Range Woodland Medium Eggs, SO Organic x6;£1.90/unit;£0.32/ea;Fresh milk & eggs;eggs;143;14.1;0.5;0.5;9.6;2.7;0.5;0.38;
sainsburys-free-range-woodland-medium-eggs--so-organic-x6;Sainsbury's Free Range Woodland Medium Eggs, SO Organic x6;£1.90/unit;£0.32/ea;Fresh milk & eggs;organic-milk;143;14.1;0.5;0.5;9.6;2.7;0.5;0.38;
sainsburys-free-range-woodland-medium-eggs--so-organic-x6;Sainsbury's Free Range Woodland Medium Eggs, SO Organic x6;£1.90/unit;£0.32/ea;Sugar & home baking;home-baking-eggs;143;14.1;0.5;0.5;9.6;2.7;0.5;0.38;
sainsburys-free-range-woodland-medium-eggs-x12;Sainsbury's Free Range Woodland Medium Eggs x12;£2.30/unit;£0.19/ea;Fresh milk & eggs;eggs;143;14.1;0.5;0.5;9.6;2.7;0.5;0.38;
sainsburys-free-range-woodland-medium-eggs-x12;Sainsbury's Free Range Woodland Medium Eggs x12;£2.30/unit;£0.19/ea;Sugar & home baking;home-baking-eggs;143;14.1;0.5;0.5;9.6;2.7;0.5;0.38;
sainsburys-free-range-woodland-medium-eggs-x6;Sainsbury's Free Range Woodland Medium Eggs x6;£1.25/unit;£0.21/ea;Fresh milk & eggs;eggs;143;14.1;0.5;0.5;9.6;2.7;0.5;0.38;
sainsburys-free-range-woodland-medium-eggs-x6;Sainsbury's Free Range Woodland Medium Eggs x6;£1.25/unit;£0.21/ea;Sugar & home baking;home-baking-eggs;143;14.1;0.5;0.5;9.6;2.7;0.5;0.38;
sainsburys-free-range-woodland-very-large-eggs-x6;Sainsbury's Free Range Woodland Very Large Eggs x6;£1.80/unit;£0.30/ea;Fresh milk & eggs;eggs;143;14.1;0.5;0.5;9.6;2.7;0.5;0.38;
sainsburys-free-range-woodland-very-large-eggs-x6;Sainsbury's Free Range Woodland Very Large Eggs x6;£1.80/unit;£0.30/ea;Sugar & home baking;home-baking-eggs;143;14.1;0.5;0.5;9.6;2.7;0.5;0.38;
sainsburys-freedom-food-endorsed-british-corn-fed-chicken-breast--skin-on-%28approx-310g%29;Sainsbury's British Freedom Food Corn Fed Chicken Breast, Skin On (approx. 310g);£14.10/kg;£14.10/kg;Chicken;chicken;184;27.2;0.5;0.5;8.1;2.5;0.5;0.15;
sainsburys-freedom-food-veal-mince--taste-the-difference-500g;Sainsbury's Freedom Food Veal Mince, Taste the Difference 500g;£4.50/unit;£9.00/kg;Beef;beef;224;25.9;0.5;0.5;13.3;5.4;0.5;0.23;
sainsburys-freedom-food-veal-mince--taste-the-difference-500g;Sainsbury's Freedom Food Veal Mince, Taste the Difference 500g;£4.50/unit;£9.00/kg;Organic & Taste the Difference;organic-taste-the-difference;224;25.9;0.5;0.5;13.3;5.4;0.5;0.23;
sainsburys-freefrom-beef-gravy-300g;Sainsbury's Freefrom Beef Gravy 300g;£1.50/unit;£0.50/100g;Cooking ingredients & oils;gravy;58;2.3;5.3;1.3;3.1;0.6;0.5;1.0;
sainsburys-freefrom-beef-lasagne-400g;Sainsbury's Freefrom Beef Lasagne 400g;£3.00/unit;£7.50/kg;Freefrom;frozen-freefrom;170;7.9;18.0;4.0;7.2;4.1;1.0;0.51;
sainsburys-freefrom-beef-lasagne-400g;Sainsbury's Freefrom Beef Lasagne 400g;£3.00/unit;£7.50/kg;Ready meals & pies;frozen-ready-meals;170;7.9;18.0;4.0;7.2;4.1;1.0;0.51;
sainsburys-freefrom-blueberry-muffins-134g;Sainsbury's Freefrom Blueberry Muffins 134g;£1.50/unit;£1.12/100g;Freefrom;bakery-freefrom;382;2.8;53.9;22.5;17.0;2.1;1.3;0.42;
sainsburys-freefrom-bramley-apple-pies-x4-240g;Sainsbury's Freefrom Bramley Apple Pies x4 240g;£2.00/unit;£0.83/100g;Freefrom;bakery-freefrom;367;1.1;61.8;36.0;12.6;5.8;1.2;0.20;
sainsburys-freefrom-brown-loaf-400g;Sainsbury's Freefrom Brown Loaf 400g;£1.90/unit;£0.48/100g;Freefrom;bakery-freefrom;268;3.7;43.0;3.7;7.1;0.7;8.4;0.81;
sainsburys-freefrom-cherry---almond-slices-x4-130g;Sainsbury's Freefrom Cherry & Almond Slices x4 130g;£1.99/unit;£1.53/100g;Freefrom;bakery-freefrom;442;6.5;48.7;28.9;24.3;4.3;1.0;0.11;
sainsburys-freefrom-cherry-bakewells-tarts-x4-190g;Sainsbury's Freefrom Cherry Bakewells Tarts x4 190g;£2.00/unit;£1.05/100g;Freefrom;bakery-freefrom;476;3.0;65.0;40.7;22.3;6.6;1.5;0.23;
sainsburys-freefrom-chicken-nuggets-425g;Sainsbury's Freefrom Chicken Nuggets 425g;£3.75/unit;£8.82/kg;Freefrom;frozen-freefrom;258;21.4;17.5;1.1;11.1;1.3;1.0;1.10;
sainsburys-freefrom-chicken-nuggets-425g;Sainsbury's Freefrom Chicken Nuggets 425g;£3.75/unit;£8.82/kg;Meat & poultry;frozen-chicken;258;21.4;17.5;1.1;11.1;1.3;1.0;1.10;
sainsburys-freefrom-chicken-steaks-x4-380g;Sainsbury's Freefrom Chicken Steaks x4 380g;£3.75/unit;£9.87/kg;Freefrom;frozen-freefrom;272;25.4;17.5;1.2;10.9;1.3;1.3;1.23;
sainsburys-freefrom-chicken-steaks-x4-380g;Sainsbury's Freefrom Chicken Steaks x4 380g;£3.75/unit;£9.87/kg;Meat & poultry;frozen-chicken;272;25.4;17.5;1.2;10.9;1.3;1.3;1.23;
sainsburys-freefrom-chocolate-brownies-x4-120g;Sainsbury's Freefrom Chocolate Brownies x4 120g;£1.99/unit;£1.66/100g;Freefrom;bakery-freefrom;467;6.2;50.2;39.4;26.1;6.0;3.4;0.15;
sainsburys-freefrom-chocolate-chip-cookies-150g;Sainsbury's Freefrom Chocolate Chip Cookies 150g;£1.35/unit;£0.90/100g;Biscuits & crackers;biscuits-crackers-freefrom;503;3.7;65.1;37.4;24.6;12.9;3.3;0.40;
sainsburys-freefrom-chocolate-easter-egg-125g;Sainsbury's Freefrom Chocolate Easter Egg 125g;£3.49/unit;£2.79/100g;Confectionery;easter-eggs;560;2.5;57.8;42.3;34.9;21.5;2.3;0.04;
sainsburys-freefrom-ciabatta-rolls-x2-160g;Sainsbury's Freefrom Ciabatta Rolls x2 160g;£2.00/unit;£1.25/100g;Freefrom;bakery-freefrom;323;4.5;52.3;2.0;9.6;0.9;5.0;0.99;
sainsburys-freefrom-fish-fingers-300g;Sainsbury's Freefrom Fish Fingers 300g;£2.50/unit;£8.33/kg;Fish & seafood;frozen-fish-seafood;189;11.4;18.0;0.5;7.8;4.0;0.7;1.00;
sainsburys-freefrom-fish-fingers-300g;Sainsbury's Freefrom Fish Fingers 300g;£2.50/unit;£8.33/kg;Freefrom;frozen-freefrom;189;11.4;18.0;0.5;7.8;4.0;0.7;1.00;
sainsburys-freefrom-fruit-cake-slice-160g;Sainsbury's Freefrom Fruit Cake Slices x4 160g;£1.75/unit;£1.09/100g;Freefrom;bakery-freefrom;377;4.6;57.9;33.5;13.3;1.3;3.3;0.14;
sainsburys-freefrom-fruit-loaf-500g;Sainsbury's Freefrom Fruit Loaf 500g;£2.40/unit;£0.60/100g;Freefrom;bakery-freefrom;274;3.7;50.6;21.2;5.2;0.6;5.2;0.68;
sainsburys-freefrom-ginger-cake-slices-120g;Sainsbury's Freefrom Ginger Cake Slices 120g;£1.75/unit;£1.46/100g;Freefrom;bakery-freefrom;419;8.1;52.6;30.5;19.0;3.5;2.7;0.15;
sainsburys-freefrom-gingerbread-man-45g;Sainsbury's Freefrom Gingerbread Man 45g;£0.89/unit;£2.78/100g;Biscuits & crackers;biscuits-crackers-freefrom;451;6.7;66.7;35.4;16.7;4.4;3.6;0.53;
sainsburys-freefrom-gingerbread-man-45g;Sainsbury's Freefrom Gingerbread Man 45g;£0.89/unit;£2.78/100g;Biscuits & crackers;everyday-biscuits-shortbread;451;6.7;66.7;35.4;16.7;4.4;3.6;0.53;
sainsburys-freefrom-jam-tarts-x6-230g;Sainsbury's Freefrom Jam Tarts x6 230g;£2.00/unit;£0.87/100g;Freefrom;bakery-freefrom;420;1.9;70.8;29.0;13.8;3.8;2.8;0.38;
sainsburys-freefrom-mini-cherry-bakewell-x2-52g;Sainsbury's Freefrom Mini Cherry Bakewell x2 52g;£1.00/unit;£1.92/100g;Freefrom;bakery-freefrom;456;2.7;65.7;38.9;19.8;6.2;2.0;0.19;
sainsburys-freefrom-mini-choc-logs-220g;Sainsbury's Freefrom Mini Chocolate Logs x5 220g;£2.49/unit;£1.13/100g;Cakes;cake-bars-mini-rolls;450;5.6;51;40;24;6.5;3.0;0.20;
sainsburys-freefrom-mini-choc-logs-220g;Sainsbury's Freefrom Mini Chocolate Logs x5 220g;£2.49/unit;£1.13/100g;Freefrom;bakery-freefrom;450;5.6;51;40;24;6.5;3.0;0.20;
sainsburys-freefrom-part-baked-baguette-140g;Sainsbury's Freefrom Part Baked Baguette 140g;£1.49/unit;£1.06/100g;Freefrom;bakery-freefrom;305;3.9;48.4;4.9;9.4;1.6;5.7;0.81;
sainsburys-freefrom-part-baked-petit-pain-180g;Sainsbury's Freefrom Part Baked Petit Pain 180g;£1.89/unit;£1.05/100g;Freefrom;bakery-freefrom;308;3.7;46.8;6.7;10.6;1.5;5.2;0.79;
sainsburys-freefrom-pork-sausages-x10-454g;Sainsbury's Freefrom Pork Sausages x10 454g;£2.00/unit;£4.41/kg;Freefrom;frozen-freefrom;260;13.8;9.3;0.9;18.5;6.5;0.6;1.25;
sainsburys-freefrom-pork-sausages-x10-454g;Sainsbury's Freefrom Pork Sausages x10 454g;£2.00/unit;£4.41/kg;Meat & poultry;frozen-burgers-sausages;260;13.8;9.3;0.9;18.5;6.5;0.6;1.25;
sainsburys-freefrom-pure-oat-muesli-500g;Sainsbury's Freefrom Oaty Muesli 500g;£2.50/unit;£0.50/100g;Breakfast cereals;muesli-granola-clusters;358;9.1;59.0;35.1;8.3;1.1;5.6;0.04;
sainsburys-freefrom-shortcake-125g;Sainsbury's Freefrom Shortcake 125g;£1.25/unit;£1.00/100g;Biscuits & crackers;biscuits-crackers-freefrom;486;2.9;65.5;12.8;23.6;11.0;0.7;0.25;
sainsburys-freefrom-soft-brown-seeded-bread-400g;Sainsbury's Freefrom Soft Brown Seeded Bread 400g;£1.90/unit;£0.48/100g;Freefrom;bakery-freefrom;302;3.4;39.8;2.1;12.5;1.4;8.0;0.91;
sainsburys-freefrom-soft-multigrain-rolls-x4-300g;Sainsbury's Freefrom Soft Multigrain Rolls x4 300g;£2.20/unit;£0.73/100g;Freefrom;bakery-freefrom;336;5.0;44.7;2.1;13.7;1.4;6.7;0.75;
sainsburys-freefrom-soft-white-bread-400g;Sainsbury's Freefrom Soft White Bread 400g;£1.90/unit;£0.48/100g;Freefrom;bakery-freefrom;298;3.8;50.2;4.4;8.2;0.9;4.3;0.89;
sainsburys-freefrom-soft-white-rolls-x4-300g;Sainsbury's Freefrom Soft White Rolls x4 300g;£2.19/unit;£0.73/100g;Freefrom;bakery-freefrom;302;3.9;45.3;2.8;10.8;1.3;4.1;0.76;
sainsburys-freefrom-stem-ginger-cookies-150g;Sainsbury's Freefrom Stem Ginger Cookies 150g;£1.35/unit;£0.90/100g;Biscuits & crackers;biscuits-crackers-freefrom;482;2.5;67.8;34.5;21.8;10.6;2.4;0.10;
sainsburys-freefrom-tangy-lemon-cake-slices-130g;Sainsbury's Freefrom Lemon Cake Slices x4 130g;£1.80/unit;£1.38/100g;Freefrom;bakery-freefrom;457;8.0;44.2;27.7;27.1;4.8;2.3;0.30;
sainsburys-freefrom-tomato---basil-soup-300g;Sainsbury's Freefrom Tomato & Basil Soup 300g;£1.29/unit;£0.43/100g;Canned, tinned & packaged foods;soups;48;1.1;7.4;6.4;1.5;0.2;1.4;0.50;
sainsburys-freefrom-white-chocolate-egg-65g;Sainsbury's Freefrom White Chocolate Egg 65g;£2.49/unit;£3.83/100g;Confectionery;easter-eggs;526;0.5;50.8;42.6;32.4;19.7;15.0;0.02;
sainsburys-freefrom-white-sliced-bread-400g;Sainsbury's Freefrom White Sliced Bread 400g;£2.00/unit;£0.50/100g;Freefrom;bakery-freefrom;338;4.5;48.9;0.8;12.7;1.5;5.2;0.93;
sainsburys-freeze-dried-raspberries-6g;Sainsbury's Freeze Dried Raspberries 6g;£2.00/unit;£22.22/100g;Sugar & home baking;decorations;228;8.1;30.1;30.1;1.9;0.1;29.3;0.03;
sainsburys-freeze-dried-strawberries-6g;Sainsbury's Freeze Dried Strawberries 6g;£2.00/unit;£33.33/100g;Sugar & home baking;decorations;297;7.6;50.9;50.6;3.7;0.3;15.1;0.03;
sainsburys-french-bitter-almond-extract--taste-the-difference-38ml;Sainsbury's French Bitter Almond Extract, Taste the Difference 38ml;£1.50/unit;£0.39/10ml;Sugar & home baking;baking-ingredients---colourings;null;null;null;null;null;null;null;null;
sainsburys-french-camargue-red-rice-500g;Sainsbury's French Camargue Red Rice 500g;£1.50/unit;£3.00/kg;Rice, pasta & noodles;rice-12592-44;117;2.8;23.5;0.5;0.9;0.2;2.0;0.01;
sainsburys-french-camembert-cheese--taste-the-difference-250g;Sainsbury's French Camembert Cheese, Taste the Difference 250g;£2.35/unit;£9.40/kg;Cheese;cheeseboard-delights;310;18.0;1.0;0.5;26.0;19.4;0.5;1.60;
sainsburys-french-camembert-cheese--taste-the-difference-250g;Sainsbury's French Camembert Cheese, Taste the Difference 250g;£2.35/unit;£9.40/kg;Cheese;organic-taste-the-difference-cheese;310;18.0;1.0;0.5;26.0;19.4;0.5;1.60;
sainsburys-french-charcuterie-selection-80g;Sainsbury's French Charcuterie Selection 80g;£2.50/unit;£3.13/100g;Coleslaw, olives, salads & dips;olives-tapas-antipasti;406;27.2;0.5;0.5;32.9;12.7;0.5;5.50;
sainsburys-french-charcuterie-selection-80g;Sainsbury's French Charcuterie Selection 80g;£2.50/unit;£3.13/100g;Cooked meats & snacking;mfp-continental-meats;406;27.2;0.5;0.5;32.9;12.7;0.5;5.50;
sainsburys-french-charcuterie-selection-80g;Sainsbury's French Charcuterie Selection 80g;£2.50/unit;£3.13/100g;Cooked meats, pate & sandwich fillers;continental-meats;406;27.2;0.5;0.5;32.9;12.7;0.5;5.50;
sainsburys-french-chevre-blanc-goats-cheese-100g;Sainsbury's French Chevre Blanc Goats Cheese 100g;£1.70/unit;£17.00/kg;Cheese;healthier-choice-special-diet-cheese;295;21.0;1.0;1.0;23.0;16.3;0.5;1.50;
sainsburys-french-dressing--be-good-to-yourself-250g;Sainsbury's French Dressing, Be Good To Yourself 250ml;£1.00/unit;£0.40/100ml;Table sauces, dressings & condiments;salad-dressings;70;0.5;11.2;10.0;2.4;0.3;0.5;1.08;
sainsburys-french-dressing-250ml-7621599-p-44;Sainsbury's French Dressing 250ml;£1.00/unit;£0.40/100ml;Table sauces, dressings & condiments;salad-dressings;263;0.5;11.6;9.3;23.9;1.4;0.5;1.10;
sainsburys-french-fries-18kg;Sainsbury's French Fries 1.8kg;£1.80/unit;£1.00/kg;Chips & potatoes;chips-potatoes;247;3.2;39.3;0.5;7.7;1.0;3.7;0.18;
sainsburys-french-fries-900g;Sainsbury's French Fries 900g;£1.00/unit;£1.11/kg;Chips & potatoes;chips-potatoes;247;3.2;39.3;0.5;7.7;1.0;3.7;0.18;
sainsburys-french-garlic-sausage-slices-x10-100g;Sainsbury's French Garlic Sausage Slices x14 100g;£2.00/unit;£2.00/100g;Cooked meats & snacking;mfp-continental-meats;202;16.4;0.5;0.5;14.8;5.7;0.6;2.03;
sainsburys-french-garlic-sausage-slices-x10-100g;Sainsbury's French Garlic Sausage Slices x14 100g;£2.00/unit;£2.00/100g;Cooked meats, pate & sandwich fillers;continental-meats;202;16.4;0.5;0.5;14.8;5.7;0.6;2.03;
sainsburys-french-goats-cheese--mild-150g;Sainsbury's French Goats Cheese, Mild 150g;£1.85/unit;£12.33/kg;Cheese;healthier-choice-special-diet-cheese;158;9.5;3.0;3.0;12.0;8.0;0.5;1.25;
sainsburys-french-mayonnaise-500ml;Sainsbury's French Style Mayonnaise 500ml;£1.50/unit;£0.30/100ml;Table sauces, dressings & condiments;salad-cream-mayonnaise;642;0.9;3.3;2.0;69.5;6.7;0.5;1.17;
sainsburys-french-mayonnaise-750ml;Sainsbury's French Style Mayonnaise 750ml;£2.00/unit;£0.27/100ml;Table sauces, dressings & condiments;salad-cream-mayonnaise;642;0.9;3.3;2.0;69.5;6.7;0.5;1.17;
sainsburys-french-onion-soup-400g;Sainsbury's French Onion Soup 400g;£0.75/unit;£0.19/100g;Canned, tinned & packaged foods;soups;36;1.3;6.2;4.0;0.5;0.3;0.7;0.58;
sainsburys-french-onion-soup-600g;Sainsbury's French Onion Soup 600g;£1.40/unit;£0.23/100g;Soup & lunchtime snacks;fresh-soups;42;1.3;6.4;4.4;1.1;0.4;0.5;0.50;
sainsburys-french-set-yogurts-4x125g;Sainsbury's French Set Yogurt 4x125g;£0.80/unit;£0.16/100g;Yogurts;corners-everyday-yogurts;88;3.4;11.8;11.8;3.0;2.0;0.0;0.10;
sainsburys-french-style-dressing--be-good-to-yourself-180ml;Sainsbury's French Style Dressing, Be Good To Yourself 180ml;£1.20/unit;£0.67/100ml;Fresh salad;dressings-coleslaw-accompaniments;76;0.7;12.6;8.9;2.5;0.3;0.5;1.33;
sainsburys-french-style-dressing-180ml;Sainsbury's French Style Dressing 180ml;£1.20/unit;£0.67/100ml;Fresh salad;dressings-coleslaw-accompaniments;368;1.0;10.0;7.7;35.8;2.4;0.7;1.48;
sainsburys-french-vinaigrette--taste-the-difference-255ml;Sainsbury's French Vinaigrette, Taste The Difference 255ml;£1.85/unit;£0.73/100ml;Table sauces, dressings & condiments;salad-dressings;450;0.6;13.6;11.4;43.6;2.7;0.5;1.03;
sainsburys-fresh-apple-juice-175l;Sainsbury's 100% Apple Juice, Not From Concentrate 1.75L;£2.30/unit;£0.13/100ml;Chilled fruit juice & smoothies;chilled-fruit-juice;42;0.5;9.8;9.8;0.5;0.1;0.5;0.01;
sainsburys-fresh-banana-flavoured-milk-1l;Sainsbury's Banana Milkshake 1L;£1.20/unit;£1.20/ltr;Fresh milk & eggs;flavoured-milk-92153-44;66;3.6;10.5;9.3;1.0;0.7;0.5;0.10;
sainsburys-fresh-basil-28g;Sainsbury's Fresh Packed Basil 28g;£0.80/unit;£0.29/10g;Fresh herbs & ingredients;asian-ingredients;null;null;null;null;null;null;null;null;
sainsburys-fresh-basil-28g;Sainsbury's Fresh Packed Basil 28g;£0.80/unit;£0.29/10g;Fresh herbs & ingredients;fresh-pot-herbs;null;null;null;null;null;null;null;null;
sainsburys-fresh-basil-28g;Sainsbury's Fresh Packed Basil 28g;£0.80/unit;£0.29/10g;Fresh herbs & ingredients;mediterranean-ingredients;null;null;null;null;null;null;null;null;
sainsburys-fresh-basil-28g;Sainsbury's Fresh Packed Basil 28g;£0.80/unit;£0.29/10g;Fresh vegetables;chillies-herbs-ingredients;null;null;null;null;null;null;null;null;
sainsburys-fresh-bay-leaves;Sainsbury's Fresh Packed Bay Leaves;£0.80/unit;£0.80/ea;Fresh herbs & ingredients;fresh-pot-herbs;null;null;null;null;null;null;null;null;
sainsburys-fresh-bay-leaves;Sainsbury's Fresh Packed Bay Leaves;£0.80/unit;£0.80/ea;Fresh herbs & ingredients;mediterranean-ingredients;null;null;null;null;null;null;null;null;
sainsburys-fresh-bay-leaves;Sainsbury's Fresh Packed Bay Leaves;£0.80/unit;£0.80/ea;Fresh vegetables;chillies-herbs-ingredients;null;null;null;null;null;null;null;null;
sainsburys-fresh-casserole-herb-mix-30g-%28bay-leaf--thyme---flat-leaf-parsley%29;Sainsbury's Fresh Packed Casserole Herb Mix 30g (Bay Leaf, Thyme & Flat Leaf Parsley);£1.00/unit;£0.33/10g;Fresh herbs & ingredients;fresh-pot-herbs;null;null;null;null;null;null;null;null;
sainsburys-fresh-casserole-herb-mix-30g-%28bay-leaf--thyme---flat-leaf-parsley%29;Sainsbury's Fresh Packed Casserole Herb Mix 30g (Bay Leaf, Thyme & Flat Leaf Parsley);£1.00/unit;£0.33/10g;Fresh herbs & ingredients;mediterranean-ingredients;null;null;null;null;null;null;null;null;
sainsburys-fresh-casserole-herb-mix-30g-%28bay-leaf--thyme---flat-leaf-parsley%29;Sainsbury's Fresh Packed Casserole Herb Mix 30g (Bay Leaf, Thyme & Flat Leaf Parsley);£1.00/unit;£0.33/10g;Fresh vegetables;chillies-herbs-ingredients;null;null;null;null;null;null;null;null;
sainsburys-fresh-chives-25g;Sainsbury's Fresh Packed Chives 25g;£0.80/unit;£0.32/10g;Fresh herbs & ingredients;fresh-pot-herbs;null;null;null;null;null;null;null;null;
sainsburys-fresh-chives-25g;Sainsbury's Fresh Packed Chives 25g;£0.80/unit;£0.32/10g;Fresh herbs & ingredients;mediterranean-ingredients;null;null;null;null;null;null;null;null;
sainsburys-fresh-chives-25g;Sainsbury's Fresh Packed Chives 25g;£0.80/unit;£0.32/10g;Fresh vegetables;chillies-herbs-ingredients;null;null;null;null;null;null;null;null;
sainsburys-fresh-chocolate-flavoured-milk-1l;Sainsbury's Chocolate Milkshake 1L;£1.20/unit;£1.20/ltr;Fresh milk & eggs;flavoured-milk-92153-44;72;3.8;10.7;9.4;1.4;1.0;0.5;0.10;
sainsburys-fresh-coriander-100g;Sainsbury's Fresh Packed Coriander 100g;£1.25/unit;£0.13/10g;Fresh herbs & ingredients;asian-ingredients;null;null;null;null;null;null;null;null;
sainsburys-fresh-coriander-100g;Sainsbury's Fresh Packed Coriander 100g;£1.25/unit;£0.13/10g;Fresh herbs & ingredients;fresh-pot-herbs;null;null;null;null;null;null;null;null;
sainsburys-fresh-coriander-100g;Sainsbury's Fresh Packed Coriander 100g;£1.25/unit;£0.13/10g;Fresh herbs & ingredients;indian-ingredients;null;null;null;null;null;null;null;null;
sainsburys-fresh-coriander-100g;Sainsbury's Fresh Packed Coriander 100g;£1.25/unit;£0.13/10g;Fresh herbs & ingredients;mediterranean-ingredients;null;null;null;null;null;null;null;null;
sainsburys-fresh-coriander-100g;Sainsbury's Fresh Packed Coriander 100g;£1.25/unit;£0.13/10g;Fresh vegetables;chillies-herbs-ingredients;null;null;null;null;null;null;null;null;
sainsburys-fresh-coriander-bunch-150g;Sainsbury's Loose Bunched Coriander 150g;£1.00/unit;£0.07/10g;Fresh herbs & ingredients;asian-ingredients;null;null;null;null;null;null;null;null;
sainsburys-fresh-coriander-bunch-150g;Sainsbury's Loose Bunched Coriander 150g;£1.00/unit;£0.07/10g;Fresh herbs & ingredients;fresh-pot-herbs;null;null;null;null;null;null;null;null;
sainsburys-fresh-coriander-bunch-150g;Sainsbury's Loose Bunched Coriander 150g;£1.00/unit;£0.07/10g;Fresh herbs & ingredients;indian-ingredients;null;null;null;null;null;null;null;null;
sainsburys-fresh-coriander-bunch-150g;Sainsbury's Loose Bunched Coriander 150g;£1.00/unit;£0.07/10g;Fresh herbs & ingredients;mediterranean-ingredients;null;null;null;null;null;null;null;null;
sainsburys-fresh-coriander-bunch-150g;Sainsbury's Loose Bunched Coriander 150g;£1.00/unit;£0.07/10g;Fresh vegetables;chillies-herbs-ingredients;null;null;null;null;null;null;null;null;
sainsburys-fresh-cream-apple-turnover-x2;Sainsbury's Fresh Cream Apple Turnover x2;£1.40/unit;£0.70/ea;Cakes;cakes-from-our-bakery-12374-44;null;null;null;null;null;null;null;null;
sainsburys-fresh-cream-apple-turnover-x2;Sainsbury's Fresh Cream Apple Turnover x2;£1.40/unit;£0.70/ea;Croissants, brioche & pastries;croissants-brioche-pastries;null;null;null;null;null;null;null;null;
sainsburys-fresh-cream-apple-turnover-x2;Sainsbury's Fresh Cream Apple Turnover x2;£1.40/unit;£0.70/ea;Desserts & cream;desserts;null;null;null;null;null;null;null;null;
sainsburys-fresh-cream-apple-turnover-x2;Sainsbury's Fresh Cream Apple Turnover x2;£1.40/unit;£0.70/ea;From our in store bakery;cakes-from-our-bakery;null;null;null;null;null;null;null;null;
sainsburys-fresh-cream-belgian-chocolate-eclairs-4x35g;Sainsbury's Fresh Cream Belgian Chocolate Eclairs 4x35g;£1.40/unit;£1.00/100g;Desserts & cream;desserts;383;6.3;29.8;20.2;26.1;11.7;1.8;0.14;
sainsburys-fresh-cream-cake-selection-x4-225g;Sainsbury's Fresh Cream Cake Selection x4 225g;£2.00/unit;£0.78/100g;Desserts & cream;desserts;268;5.2;34.9;12.4;11.6;4.4;1.7;0.68;
sainsburys-fresh-cream-cake-selection-x6;Sainsbury's Fresh Cream Cake Selection x6;£3.00/unit;£0.90/100g;Desserts & cream;desserts;354;5.9;47.8;20.2;15.2;9.6;1.2;0.60;
sainsburys-fresh-cream-jam-doughnuts-2x73g;Sainsbury's Fresh Cream Jam Doughnuts 2x73g;£1.20/unit;£0.60/ea;Desserts & cream;desserts;321;6.0;40.3;13.2;14.8;6.6;1.4;0.78;
sainsburys-fresh-cream-slices-2x70g;Sainsbury's Fresh Cream Slices 2x70g;£1.20/unit;£0.86/100g;Desserts & cream;desserts;391;3.6;48.5;28.3;20.1;11.3;0.9;0.27;
sainsburys-fresh-cream-strawberry-scones-x2-64g;Sainsbury's Fresh Cream Strawberry Scones x2 64g;£1.20/unit;£0.94/100g;Desserts & cream;desserts;354;5.9;47.8;20.2;15.2;9.6;1.2;0.60;
sainsburys-fresh-curly-parsley-100g;Sainsbury's Fresh Packed Curly Parsley 100g;£1.25/unit;£0.13/10g;Fresh herbs & ingredients;fresh-pot-herbs;null;null;null;null;null;null;null;null;
sainsburys-fresh-curly-parsley-100g;Sainsbury's Fresh Packed Curly Parsley 100g;£1.25/unit;£0.13/10g;Fresh herbs & ingredients;mediterranean-ingredients;null;null;null;null;null;null;null;null;
sainsburys-fresh-curly-parsley-100g;Sainsbury's Fresh Packed Curly Parsley 100g;£1.25/unit;£0.13/10g;Fresh vegetables;chillies-herbs-ingredients;null;null;null;null;null;null;null;null;
sainsburys-fresh-curly-parsley-40g;Sainsbury's Fresh Packed Curly Parsley 40g;£0.80/unit;£0.20/10g;Fresh herbs & ingredients;fresh-pot-herbs;null;null;null;null;null;null;null;null;
sainsburys-fresh-curly-parsley-40g;Sainsbury's Fresh Packed Curly Parsley 40g;£0.80/unit;£0.20/10g;Fresh vegetables;chillies-herbs-ingredients;null;null;null;null;null;null;null;null;
sainsburys-fresh-custard--be-good-to-yourself-300g;Sainsbury's Fresh Custard, Be Good To Yourself 300g;£1.10/unit;£0.37/100g;Desserts & cream;fresh-cream-custard;64;3.0;9.6;3.5;1.5;1.0;0.0;0;
sainsburys-fresh-custard-300g;Sainsbury's Fresh Custard 300g;£1.10/unit;£0.37/100g;Desserts & cream;fresh-cream-custard;119;2.6;14.4;10.0;5.7;3.8;0.0;0;
sainsburys-fresh-custard-slices-x2-180g;Sainsbury's Fresh Custard Slices x2 180g;£1.20/unit;£0.67/100g;Desserts & cream;desserts;300;3.3;38.9;23.5;14.4;8.0;0.6;0.27;
sainsburys-fresh-dairy-cream-eclair-x2;Sainsbury's Fresh Dairy Cream Eclair x2;£1.40/unit;£0.70/ea;Cakes;cakes-from-our-bakery-12374-44;null;null;null;null;null;null;null;null;
sainsburys-fresh-dairy-cream-eclair-x2;Sainsbury's Fresh Dairy Cream Eclair x2;£1.40/unit;£0.70/ea;Desserts & cream;desserts;null;null;null;null;null;null;null;null;
sainsburys-fresh-dairy-cream-eclair-x2;Sainsbury's Fresh Dairy Cream Eclair x2;£1.40/unit;£0.70/ea;From our in store bakery;cakes-from-our-bakery;null;null;null;null;null;null;null;null;
sainsburys-fresh-dill-25g;Sainsbury's Fresh Packed Dill 25g;£0.80/unit;£0.32/10g;Fresh herbs & ingredients;fresh-pot-herbs;null;null;null;null;null;null;null;null;
sainsburys-fresh-dill-25g;Sainsbury's Fresh Packed Dill 25g;£0.80/unit;£0.32/10g;Fresh herbs & ingredients;indian-ingredients;null;null;null;null;null;null;null;null;
sainsburys-fresh-dill-25g;Sainsbury's Fresh Packed Dill 25g;£0.80/unit;£0.32/10g;Fresh herbs & ingredients;mediterranean-ingredients;null;null;null;null;null;null;null;null;
sainsburys-fresh-dill-25g;Sainsbury's Fresh Packed Dill 25g;£0.80/unit;£0.32/10g;Fresh vegetables;chillies-herbs-ingredients;null;null;null;null;null;null;null;null;
sainsburys-fresh-egg-fusilli-500g;Sainsbury's Fresh Egg Fusilli 500g;£1.65/unit;£3.30/kg;Pizza, pasta & garlic bread;fresh-pasta-sauces;151;6.3;26.9;0.5;1.6;0.4;1.9;0.03;
sainsburys-fresh-egg-fusilli-500g;Sainsbury's Fresh Egg Fusilli 500g;£1.65/unit;£3.30/kg;Vegetarian & meat free;vegetarian-meat-free-pizza-pasta;151;6.3;26.9;0.5;1.6;0.4;1.9;0.03;
sainsburys-fresh-egg-lasagne-sheets-250g;Sainsbury's Fresh Egg Lasagne Sheets 250g;£1.30/unit;£5.20/kg;Pizza, pasta & garlic bread;fresh-pasta-sauces;173;6.3;31.8;0.8;1.8;0.4;2.4;0.02;
sainsburys-fresh-egg-lasagne-sheets-250g;Sainsbury's Fresh Egg Lasagne Sheets 250g;£1.30/unit;£5.20/kg;Vegetarian & meat free;vegetarian-meat-free-pizza-pasta;173;6.3;31.8;0.8;1.8;0.4;2.4;0.02;
sainsburys-fresh-egg-penne-250g;Sainsbury's Fresh Egg Penne 250g;£1.20/unit;£4.80/kg;Pizza, pasta & garlic bread;fresh-pasta-sauces;151;6.3;26.9;0.5;1.6;0.4;1.9;0.03;
sainsburys-fresh-flat-leaf-parsley-100g;Sainsbury's Fresh Packed Flat Leaf Parsley 100g;£1.25/unit;£0.13/10g;Fresh herbs & ingredients;fresh-pot-herbs;51;3.0;6.3;0.9;0.8;0.1;3.3;0.15;
sainsburys-fresh-flat-leaf-parsley-100g;Sainsbury's Fresh Packed Flat Leaf Parsley 100g;£1.25/unit;£0.13/10g;Fresh herbs & ingredients;mediterranean-ingredients;51;3.0;6.3;0.9;0.8;0.1;3.3;0.15;
sainsburys-fresh-flat-leaf-parsley-100g;Sainsbury's Fresh Packed Flat Leaf Parsley 100g;£1.25/unit;£0.13/10g;Fresh vegetables;chillies-herbs-ingredients;51;3.0;6.3;0.9;0.8;0.1;3.3;0.15;
sainsburys-fresh-flat-leaf-parsley-28g;Sainsbury's Fresh Packed Flat Leaf Parsley 28g;£0.80/unit;£0.29/10g;Fresh herbs & ingredients;fresh-pot-herbs;null;null;null;null;null;null;null;null;
sainsburys-fresh-flat-leaf-parsley-28g;Sainsbury's Fresh Packed Flat Leaf Parsley 28g;£0.80/unit;£0.29/10g;Fresh herbs & ingredients;mediterranean-ingredients;null;null;null;null;null;null;null;null;
sainsburys-fresh-flat-leaf-parsley-28g;Sainsbury's Fresh Packed Flat Leaf Parsley 28g;£0.80/unit;£0.29/10g;Fresh vegetables;chillies-herbs-ingredients;null;null;null;null;null;null;null;null;
sainsburys-fresh-flat-parsley-bunch-100g;Sainsbury's Loose Bunched Parsley, Flat Leaf 100g;£1.00/unit;£0.10/10g;Fresh herbs & ingredients;fresh-pot-herbs;null;null;null;null;null;null;null;null;
sainsburys-fresh-flat-parsley-bunch-100g;Sainsbury's Loose Bunched Parsley, Flat Leaf 100g;£1.00/unit;£0.10/10g;Fresh herbs & ingredients;mediterranean-ingredients;null;null;null;null;null;null;null;null;
sainsburys-fresh-flat-parsley-bunch-100g;Sainsbury's Loose Bunched Parsley, Flat Leaf 100g;£1.00/unit;£0.10/10g;Fresh vegetables;chillies-herbs-ingredients;null;null;null;null;null;null;null;null;
sainsburys-fresh-for-longer-white-bread--medium-800g;Sainsbury's Fresh For Longer White Bread, Medium Sliced 800g;£0.55/unit;£0.07/100g;Bread;white-bread;241;7.4;45.3;4.4;2.7;0.5;3.0;0.94;
sainsburys-fresh-for-longer-wholemeal-bread--medium-800g;Sainsbury's Fresh For Longer Wholemeal Bread, Medium Sliced 800g;£0.55/unit;£0.07/100g;Bread;wholemeal-brown-bread;234;10.5;38.3;4.0;2.8;0.5;6.6;0.90;
sainsburys-fresh-fruit-bitter-orange-marmalade--taste-the-difference-340g;Sainsbury's Fresh Fruit Bitter Orange Marmalade, Taste the Difference 340g;£1.25/unit;£0.37/100g;Jams, honey & spreads;marmalade;273;0.5;66.4;64.5;0.2;0;1.9;0.20;
sainsburys-fresh-fruit-three-fruits-marmalade--taste-the-difference-340g;Sainsbury's Fresh Fruit Three Fruits Marmalade, Taste the Difference 340g;£1.25/unit;£0.37/100g;Jams, honey & spreads;marmalade;269;0.3;66.5;63.0;0.2;0;1.7;0.23;
sainsburys-fresh-galangal-100g;Sainsbury's Fresh Galangal 100g;£2.00/unit;£20.00/kg;Fresh herbs & ingredients;asian-ingredients;11;0.5;1.8;1.2;0.5;0.1;0.5;0.22;
sainsburys-fresh-galangal-100g;Sainsbury's Fresh Galangal 100g;£2.00/unit;£20.00/kg;Fresh herbs & ingredients;indian-ingredients;11;0.5;1.8;1.2;0.5;0.1;0.5;0.22;
sainsburys-fresh-galangal-100g;Sainsbury's Fresh Galangal 100g;£2.00/unit;£20.00/kg;Fresh vegetables;chillies-herbs-ingredients;11;0.5;1.8;1.2;0.5;0.1;0.5;0.22;
sainsburys-fresh-galangal-100g;Sainsbury's Fresh Galangal 100g;£2.00/unit;£20.00/kg;Fresh vegetables;fresh-vegetables-world-exotic;11;0.5;1.8;1.2;0.5;0.1;0.5;0.22;
sainsburys-fresh-gnocchi-500g;Sainsbury's Fresh Gnocchi 500g;£1.65/unit;£3.30/kg;Pizza, pasta & garlic bread;fresh-pasta-sauces;155;3.8;33.6;0.5;0.5;0.1;1.4;1.00;
sainsburys-fresh-gnocchi-500g;Sainsbury's Fresh Gnocchi 500g;£1.65/unit;£3.30/kg;Vegetarian & meat free;vegetarian-meat-free-pizza-pasta;155;3.8;33.6;0.5;0.5;0.1;1.4;1.00;
sainsburys-fresh-grated-parmigiano-60g;Sainsbury's Fresh Grated Parmigiano 60g;£1.60/unit;£26.67/kg;Cheese;sliced-grated-cheese;388;33.0;0.5;0.5;28.4;18.7;0.5;1.63;
sainsburys-fresh-lemon-thyme-15g;Sainsbury's Fresh Packed Lemon Thyme 15g;£0.80/unit;£0.53/10g;Fresh herbs & ingredients;fresh-pot-herbs;null;null;null;null;null;null;null;null;
sainsburys-fresh-lemon-thyme-15g;Sainsbury's Fresh Packed Lemon Thyme 15g;£0.80/unit;£0.53/10g;Fresh herbs & ingredients;mediterranean-ingredients;null;null;null;null;null;null;null;null;
sainsburys-fresh-lemon-thyme-15g;Sainsbury's Fresh Packed Lemon Thyme 15g;£0.80/unit;£0.53/10g;Fresh vegetables;chillies-herbs-ingredients;null;null;null;null;null;null;null;null;
sainsburys-fresh-lemongrass-sticks-x2;Sainsbury's Fresh Packed Lemongrass Sticks x2;£0.80/unit;£0.40/ea;Fresh herbs & ingredients;afro-caribbean-ingredients;null;null;null;null;null;null;null;null;
sainsburys-fresh-lemongrass-sticks-x2;Sainsbury's Fresh Packed Lemongrass Sticks x2;£0.80/unit;£0.40/ea;Fresh herbs & ingredients;asian-ingredients;null;null;null;null;null;null;null;null;
sainsburys-fresh-lemongrass-sticks-x2;Sainsbury's Fresh Packed Lemongrass Sticks x2;£0.80/unit;£0.40/ea;Fresh herbs & ingredients;fresh-pot-herbs;null;null;null;null;null;null;null;null;
sainsburys-fresh-lemongrass-sticks-x2;Sainsbury's Fresh Packed Lemongrass Sticks x2;£0.80/unit;£0.40/ea;Fresh vegetables;chillies-herbs-ingredients;null;null;null;null;null;null;null;null;
sainsburys-fresh-lime-leaves-%28perfect-for-curries---thai-soups%29;Sainsbury's Fresh Packed Lime Leaves x4;£1.50/unit;£1.50/ea;Fresh herbs & ingredients;asian-ingredients;null;null;null;null;null;null;null;null;
sainsburys-fresh-lime-leaves-%28perfect-for-curries---thai-soups%29;Sainsbury's Fresh Packed Lime Leaves x4;£1.50/unit;£1.50/ea;Fresh herbs & ingredients;fresh-pot-herbs;null;null;null;null;null;null;null;null;
sainsburys-fresh-lime-leaves-%28perfect-for-curries---thai-soups%29;Sainsbury's Fresh Packed Lime Leaves x4;£1.50/unit;£1.50/ea;Fresh vegetables;chillies-herbs-ingredients;null;null;null;null;null;null;null;null;
sainsburys-fresh-lime-leaves-%28perfect-for-curries---thai-soups%29;Sainsbury's Fresh Packed Lime Leaves x4;£1.50/unit;£1.50/ea;Fresh vegetables;fresh-vegetables-stir-fry;null;null;null;null;null;null;null;null;
sainsburys-fresh-living-basil-pot;Sainsbury's Fresh Living Basil Pot;£1.25/unit;£1.25/ea;Fresh herbs & ingredients;asian-ingredients;40;2.5;4.3;null;0.6;null;null;null;
sainsburys-fresh-living-basil-pot;Sainsbury's Fresh Living Basil Pot;£1.25/unit;£1.25/ea;Fresh herbs & ingredients;fresh-pot-herbs;40;2.5;4.3;null;0.6;null;null;null;
sainsburys-fresh-living-basil-pot;Sainsbury's Fresh Living Basil Pot;£1.25/unit;£1.25/ea;Fresh herbs & ingredients;mediterranean-ingredients;40;2.5;4.3;null;0.6;null;null;null;
sainsburys-fresh-living-basil-pot;Sainsbury's Fresh Living Basil Pot;£1.25/unit;£1.25/ea;Fresh vegetables;chillies-herbs-ingredients;40;2.5;4.3;null;0.6;null;null;null;
sainsburys-fresh-living-chives-pot;Sainsbury's Fresh Living Chives Pot;£1.50/unit;£1.50/ea;Fresh herbs & ingredients;fresh-pot-herbs;null;null;null;null;null;null;null;null;
sainsburys-fresh-living-chives-pot;Sainsbury's Fresh Living Chives Pot;£1.50/unit;£1.50/ea;Fresh herbs & ingredients;mediterranean-ingredients;null;null;null;null;null;null;null;null;
sainsburys-fresh-living-chives-pot;Sainsbury's Fresh Living Chives Pot;£1.50/unit;£1.50/ea;Fresh vegetables;chillies-herbs-ingredients;null;null;null;null;null;null;null;null;
sainsburys-fresh-living-coriander-pot;Sainsbury's Fresh Living Coriander Pot;£1.25/unit;£1.25/ea;Fresh herbs & ingredients;asian-ingredients;33;2.1;3.7;null;0.5;null;null;null;
sainsburys-fresh-living-coriander-pot;Sainsbury's Fresh Living Coriander Pot;£1.25/unit;£1.25/ea;Fresh herbs & ingredients;fresh-pot-herbs;33;2.1;3.7;null;0.5;null;null;null;
sainsburys-fresh-living-coriander-pot;Sainsbury's Fresh Living Coriander Pot;£1.25/unit;£1.25/ea;Fresh herbs & ingredients;indian-ingredients;33;2.1;3.7;null;0.5;null;null;null;
sainsburys-fresh-living-coriander-pot;Sainsbury's Fresh Living Coriander Pot;£1.25/unit;£1.25/ea;Fresh herbs & ingredients;mediterranean-ingredients;33;2.1;3.7;null;0.5;null;null;null;
sainsburys-fresh-living-coriander-pot;Sainsbury's Fresh Living Coriander Pot;£1.25/unit;£1.25/ea;Fresh vegetables;chillies-herbs-ingredients;33;2.1;3.7;null;0.5;null;null;null;
sainsburys-fresh-living-curly-parsley-pot;Sainsbury's Fresh Living Curly Parsley Pot;£1.25/unit;£1.25/ea;Fresh herbs & ingredients;fresh-pot-herbs;51;3.0;6.3;null;0.8;null;null;null;
sainsburys-fresh-living-curly-parsley-pot;Sainsbury's Fresh Living Curly Parsley Pot;£1.25/unit;£1.25/ea;Fresh herbs & ingredients;mediterranean-ingredients;51;3.0;6.3;null;0.8;null;null;null;
sainsburys-fresh-living-curly-parsley-pot;Sainsbury's Fresh Living Curly Parsley Pot;£1.25/unit;£1.25/ea;Fresh vegetables;chillies-herbs-ingredients;51;3.0;6.3;null;0.8;null;null;null;
sainsburys-fresh-living-flat-leaf-parsley-pot-240g;Sainsbury's Fresh Living Flat Leaf Parsley Pot 240g;£1.25/unit;£1.25/ea;Fresh herbs & ingredients;fresh-pot-herbs;51;3.0;6.3;null;0.8;null;null;null;
sainsburys-fresh-living-flat-leaf-parsley-pot-240g;Sainsbury's Fresh Living Flat Leaf Parsley Pot 240g;£1.25/unit;£1.25/ea;Fresh herbs & ingredients;mediterranean-ingredients;51;3.0;6.3;null;0.8;null;null;null;
sainsburys-fresh-living-flat-leaf-parsley-pot-240g;Sainsbury's Fresh Living Flat Leaf Parsley Pot 240g;£1.25/unit;£1.25/ea;Fresh vegetables;chillies-herbs-ingredients;51;3.0;6.3;null;0.8;null;null;null;
sainsburys-fresh-living-greek-basil-pot;Sainsbury's Fresh Living Greek Basil Pot;£1.50/unit;£1.50/ea;Fresh herbs & ingredients;fresh-pot-herbs;33;2.5;4.3;null;0.6;null;null;null;
sainsburys-fresh-living-greek-basil-pot;Sainsbury's Fresh Living Greek Basil Pot;£1.50/unit;£1.50/ea;Fresh herbs & ingredients;mediterranean-ingredients;33;2.5;4.3;null;0.6;null;null;null;
sainsburys-fresh-living-greek-basil-pot;Sainsbury's Fresh Living Greek Basil Pot;£1.50/unit;£1.50/ea;Fresh vegetables;chillies-herbs-ingredients;33;2.5;4.3;null;0.6;null;null;null;
sainsburys-fresh-living-mint-pot;Sainsbury's Fresh Living Mint Pot;£1.75/unit;£1.75/ea;Fresh herbs & ingredients;fresh-pot-herbs;38;3.3;1.1;null;0.7;null;null;null;
sainsburys-fresh-living-mint-pot;Sainsbury's Fresh Living Mint Pot;£1.75/unit;£1.75/ea;Fresh herbs & ingredients;indian-ingredients;38;3.3;1.1;null;0.7;null;null;null;
sainsburys-fresh-living-mint-pot;Sainsbury's Fresh Living Mint Pot;£1.75/unit;£1.75/ea;Fresh herbs & ingredients;mediterranean-ingredients;38;3.3;1.1;null;0.7;null;null;null;
sainsburys-fresh-living-mint-pot;Sainsbury's Fresh Living Mint Pot;£1.75/unit;£1.75/ea;Fresh vegetables;chillies-herbs-ingredients;38;3.3;1.1;null;0.7;null;null;null;
sainsburys-fresh-living-oregano-pot-%28spicy--peppery-flavour%29;Sainsbury's Fresh Living Oregano Pot;£1.35/unit;£1.35/ea;Fresh herbs & ingredients;fresh-pot-herbs;null;null;null;null;null;null;null;null;
sainsburys-fresh-living-oregano-pot-%28spicy--peppery-flavour%29;Sainsbury's Fresh Living Oregano Pot;£1.35/unit;£1.35/ea;Fresh herbs & ingredients;mediterranean-ingredients;null;null;null;null;null;null;null;null;
sainsburys-fresh-living-oregano-pot-%28spicy--peppery-flavour%29;Sainsbury's Fresh Living Oregano Pot;£1.35/unit;£1.35/ea;Fresh vegetables;chillies-herbs-ingredients;null;null;null;null;null;null;null;null;
sainsburys-fresh-living-thyme-pot;Sainsbury's Fresh Living Thyme Pot;£1.25/unit;£1.25/ea;Fresh herbs & ingredients;afro-caribbean-ingredients;136;5.6;24.5;null;1.7;null;null;null;
sainsburys-fresh-living-thyme-pot;Sainsbury's Fresh Living Thyme Pot;£1.25/unit;£1.25/ea;Fresh herbs & ingredients;fresh-pot-herbs;136;5.6;24.5;null;1.7;null;null;null;
sainsburys-fresh-living-thyme-pot;Sainsbury's Fresh Living Thyme Pot;£1.25/unit;£1.25/ea;Fresh herbs & ingredients;mediterranean-ingredients;136;5.6;24.5;null;1.7;null;null;null;
sainsburys-fresh-living-thyme-pot;Sainsbury's Fresh Living Thyme Pot;£1.25/unit;£1.25/ea;Fresh vegetables;chillies-herbs-ingredients;136;5.6;24.5;null;1.7;null;null;null;
sainsburys-fresh-mint---lamb-chipolatas-taste-the-difference-x10-300g;Sainsbury's Lamb & Mint Chipolata Sausages, Taste the Difference x10 300g;£2.50/unit;£8.33/kg;Lamb;lamb;219;20.6;7.6;3.1;11.6;5.3;0.8;1.45;
sainsburys-fresh-mint---lamb-chipolatas-taste-the-difference-x10-300g;Sainsbury's Lamb & Mint Chipolata Sausages, Taste the Difference x10 300g;£2.50/unit;£8.33/kg;Organic & Taste the Difference;organic-taste-the-difference;219;20.6;7.6;3.1;11.6;5.3;0.8;1.45;
sainsburys-fresh-mint---lamb-chipolatas-taste-the-difference-x10-300g;Sainsbury's Lamb & Mint Chipolata Sausages, Taste the Difference x10 300g;£2.50/unit;£8.33/kg;Sausages;sausages;219;20.6;7.6;3.1;11.6;5.3;0.8;1.45;
sainsburys-fresh-mint-bunch-100g;Sainsbury's Loose Bunched Mint 100g;£1.00/unit;£0.10/10g;Fresh herbs & ingredients;fresh-pot-herbs;null;null;null;null;null;null;null;null;
sainsburys-fresh-mint-bunch-100g;Sainsbury's Loose Bunched Mint 100g;£1.00/unit;£0.10/10g;Fresh herbs & ingredients;indian-ingredients;null;null;null;null;null;null;null;null;
sainsburys-fresh-mint-bunch-100g;Sainsbury's Loose Bunched Mint 100g;£1.00/unit;£0.10/10g;Fresh herbs & ingredients;mediterranean-ingredients;null;null;null;null;null;null;null;null;
sainsburys-fresh-mint-bunch-100g;Sainsbury's Loose Bunched Mint 100g;£1.00/unit;£0.10/10g;Fresh vegetables;chillies-herbs-ingredients;null;null;null;null;null;null;null;null;
sainsburys-fresh-mint-sauce-250ml;Sainsbury's Fresh Mint Sauce 250ml;£0.80/unit;£0.32/100ml;Table sauces, dressings & condiments;condiments;50;0.7;10.5;5.7;0.5;0.1;1.2;2.38;
sainsburys-fresh-orange-juice--so-organic-1l;Sainsbury's Orange Juice, SO Organic 1L;£2.25/unit;£0.23/100ml;Chilled fruit juice & smoothies;chilled-fruit-juice;45;0.6;10.0;10.0;0.5;0.1;0.5;0.01;
sainsburys-fresh-orange-juice-smooth-175l;Sainsbury's 100% Pure Squeezed Smooth Orange Juice, Not From Concentrate 1.75L;£2.30/unit;£0.13/100ml;Chilled fruit juice & smoothies;chilled-fruit-juice;44;0.6;10.0;10.0;0.5;0.1;0.5;0.01;
sainsburys-fresh-packed-mint-28g;Sainsbury's Fresh Packed Mint 28g;£0.80/unit;£0.29/10g;Fresh herbs & ingredients;fresh-pot-herbs;null;null;null;null;null;null;null;null;
sainsburys-fresh-packed-mint-28g;Sainsbury's Fresh Packed Mint 28g;£0.80/unit;£0.29/10g;Fresh herbs & ingredients;indian-ingredients;null;null;null;null;null;null;null;null;
sainsburys-fresh-packed-mint-28g;Sainsbury's Fresh Packed Mint 28g;£0.80/unit;£0.29/10g;Fresh herbs & ingredients;mediterranean-ingredients;null;null;null;null;null;null;null;null;
sainsburys-fresh-packed-mint-28g;Sainsbury's Fresh Packed Mint 28g;£0.80/unit;£0.29/10g;Fresh vegetables;chillies-herbs-ingredients;null;null;null;null;null;null;null;null;
sainsburys-fresh-penne-pasta-500g;Sainsbury's Fresh Egg Penne 500g;£1.65/unit;£3.30/kg;Pizza, pasta & garlic bread;fresh-pasta-sauces;151;6.3;26.9;0.5;1.6;0.4;1.9;0.03;
sainsburys-fresh-penne-pasta-500g;Sainsbury's Fresh Egg Penne 500g;£1.65/unit;£3.30/kg;Vegetarian & meat free;vegetarian-meat-free-pizza-pasta;151;6.3;26.9;0.5;1.6;0.4;1.9;0.03;
sainsburys-fresh-rosemary-20g;Sainsbury's Fresh Packed Rosemary 20g;£0.80/unit;£0.40/10g;Fresh herbs & ingredients;fresh-pot-herbs;null;null;null;null;null;null;null;null;
sainsburys-fresh-rosemary-20g;Sainsbury's Fresh Packed Rosemary 20g;£0.80/unit;£0.40/10g;Fresh herbs & ingredients;mediterranean-ingredients;null;null;null;null;null;null;null;null;
sainsburys-fresh-rosemary-20g;Sainsbury's Fresh Packed Rosemary 20g;£0.80/unit;£0.40/10g;Fresh vegetables;chillies-herbs-ingredients;null;null;null;null;null;null;null;null;
sainsburys-fresh-sage-20g;Sainsbury's Fresh Packed Sage 20g;£0.80/unit;£0.40/10g;Fresh herbs & ingredients;fresh-pot-herbs;null;null;null;null;null;null;null;null;
sainsburys-fresh-sage-20g;Sainsbury's Fresh Packed Sage 20g;£0.80/unit;£0.40/10g;Fresh herbs & ingredients;mediterranean-ingredients;null;null;null;null;null;null;null;null;
sainsburys-fresh-sage-20g;Sainsbury's Fresh Packed Sage 20g;£0.80/unit;£0.40/10g;Fresh vegetables;chillies-herbs-ingredients;null;null;null;null;null;null;null;null;
sainsburys-fresh-salad-cress-20g;Sainsbury's Fresh Salad Cress 20g;£0.25/unit;£0.13/10g;Fresh herbs & ingredients;fresh-pot-herbs;null;null;null;null;null;null;null;null;
sainsburys-fresh-salad-cress-20g;Sainsbury's Fresh Salad Cress 20g;£0.25/unit;£0.13/10g;Fresh herbs & ingredients;mediterranean-ingredients;null;null;null;null;null;null;null;null;
sainsburys-fresh-salad-cress-20g;Sainsbury's Fresh Salad Cress 20g;£0.25/unit;£0.13/10g;Fresh salad;lettuce;null;null;null;null;null;null;null;null;
sainsburys-fresh-spaghetti-500g;Sainsbury's Fresh Egg Spaghetti 500g;£1.65/unit;£3.30/kg;Pizza, pasta & garlic bread;fresh-pasta-sauces;142;5.2;27.3;0.5;1.3;0.4;0.5;0.02;
sainsburys-fresh-spaghetti-500g;Sainsbury's Fresh Egg Spaghetti 500g;£1.65/unit;£3.30/kg;Vegetarian & meat free;vegetarian-meat-free-pizza-pasta;142;5.2;27.3;0.5;1.3;0.4;0.5;0.02;
sainsburys-fresh-strawberry-flavoured-milk-1l;Sainsbury's Strawberry Milkshake 1L;£1.20/unit;£1.20/ltr;Fresh milk & eggs;flavoured-milk-92153-44;69;4.0;10.6;10.6;1.1;0.7;0.5;0.13;
sainsburys-fresh-tarragon-20g;Sainsbury's Fresh Packed Tarragon 20g;£0.80/unit;£0.40/10g;Fresh herbs & ingredients;fresh-pot-herbs;null;null;null;null;null;null;null;null;
sainsburys-fresh-tarragon-20g;Sainsbury's Fresh Packed Tarragon 20g;£0.80/unit;£0.40/10g;Fresh herbs & ingredients;mediterranean-ingredients;null;null;null;null;null;null;null;null;
sainsburys-fresh-tarragon-20g;Sainsbury's Fresh Packed Tarragon 20g;£0.80/unit;£0.40/10g;Fresh vegetables;chillies-herbs-ingredients;null;null;null;null;null;null;null;null;
sainsburys-fresh-thyme-15g;Sainsbury's Fresh Packed Thyme 15g;£0.80/unit;£0.53/10g;Fresh herbs & ingredients;afro-caribbean-ingredients;null;null;null;null;null;null;null;null;
sainsburys-fresh-thyme-15g;Sainsbury's Fresh Packed Thyme 15g;£0.80/unit;£0.53/10g;Fresh herbs & ingredients;fresh-pot-herbs;null;null;null;null;null;null;null;null;
sainsburys-fresh-thyme-15g;Sainsbury's Fresh Packed Thyme 15g;£0.80/unit;£0.53/10g;Fresh herbs & ingredients;mediterranean-ingredients;null;null;null;null;null;null;null;null;
sainsburys-fresh-thyme-15g;Sainsbury's Fresh Packed Thyme 15g;£0.80/unit;£0.53/10g;Fresh vegetables;chillies-herbs-ingredients;null;null;null;null;null;null;null;null;
sainsburys-fresh-tomato---mascarpone-sauce-350g;Sainsbury's Tomato & Mascarpone Sauce 350g;£1.40/unit;£0.40/100g;Pizza, pasta & garlic bread;fresh-pasta-sauces;73;1.5;5.7;3.4;4.7;2.5;0.7;0.70;
sainsburys-fresh-tomato---mascarpone-sauce-350g;Sainsbury's Tomato & Mascarpone Sauce 350g;£1.40/unit;£0.40/100g;Vegetarian & meat free;vegetarian-meat-free-pizza-pasta;73;1.5;5.7;3.4;4.7;2.5;0.7;0.70;
sainsburys-fresh-turmeric-100g;Sainsbury's Fresh Turmeric 100g;£1.50/unit;£15.00/kg;Fresh herbs & ingredients;indian-ingredients;30;0.5;5.2;1.0;0.5;0.1;2.5;0.25;
sainsburys-fresh-turmeric-100g;Sainsbury's Fresh Turmeric 100g;£1.50/unit;£15.00/kg;Fresh vegetables;chillies-herbs-ingredients;30;0.5;5.2;1.0;0.5;0.1;2.5;0.25;
sainsburys-fresh-turmeric-100g;Sainsbury's Fresh Turmeric 100g;£1.50/unit;£15.00/kg;Fresh vegetables;fresh-vegetables-world-exotic;30;0.5;5.2;1.0;0.5;0.1;2.5;0.25;
sainsburys-freshly-squeezed-orange-juice-with-bits--taste-the-difference-1l;Sainsbury's Freshly Squeezed Orange Juice with Bits, Taste the Difference 1L;£2.50/unit;£0.25/100ml;Chilled fruit juice & smoothies;chilled-fruit-juice;53;0.7;11.4;9.2;0.5;0.1;0.5;0.03;
sainsburys-freshly-squeezed-orange-juice-with-bits--taste-the-difference-500ml;Sainsbury's Freshly Squeezed Orange Juice with Bits, Taste the Difference 500ml;£1.70/unit;£0.34/100ml;Chilled fruit juice & smoothies;chilled-fruit-juice;53;0.7;11.4;9.2;0.5;0.1;0.5;0.03;
sainsburys-fromage-frais--basics-6x50g;Sainsbury's Fromage Frais, Basics 6x50g;£0.45/unit;£0.15/100g;Yogurts;corners-everyday-yogurts;87;4.9;13;12;1.5;1.0;0.5;0.09;
sainsburys-fromage-frais--basics-6x50g;Sainsbury's Fromage Frais, Basics 6x50g;£0.45/unit;£0.15/100g;Yogurts;diet-low-fat-yogurts;87;4.9;13;12;1.5;1.0;0.5;0.09;
sainsburys-frosted-flakes-cereal-500g;Sainsbury's Frosted Flakes Cereal 500g;£1.60/unit;£0.32/100g;Breakfast cereals;kids-cereals;381;4.9;88;37;0.6;0.2;2.0;0.55;
sainsburys-frosted-flakes-cereal-750g;Sainsbury's Frosted Flakes Cereal 750g;£1.95/unit;£0.26/100g;Breakfast cereals;bigger-packs;381;4.9;88;37;0.6;0.2;2.0;0.55;
sainsburys-frosted-flakes-cereal-750g;Sainsbury's Frosted Flakes Cereal 750g;£1.95/unit;£0.26/100g;Breakfast cereals;kids-cereals;381;4.9;88;37;0.6;0.2;2.0;0.55;
sainsburys-frozen-chicken-drumsticks-2kg;Sainsbury's Chicken Drumsticks 2kg;£4.95/unit;£2.48/kg;Meat & poultry;frozen-chicken;175;26.1;0.5;0.5;7.8;2.1;0.5;0.13;
sainsburys-frozen-chicken-fillets-pieces-500g;Sainsbury's Chicken Fillets Pieces 500g;£3.30/unit;£6.60/kg;Meat & poultry;frozen-chicken;137;27.7;0.5;0.5;2.5;0.1;0.5;0.12;
sainsburys-frozen-chicken-thighs-2kg;Sainsbury's Chicken Thighs 2kg;£4.95/unit;£2.48/kg;Meat & poultry;frozen-chicken;226;25.2;0.5;0.5;13.9;3.7;0.5;0.13;
sainsburys-frozen-pork-chops--basics-800g;Sainsbury's Frozen Pork Chops, Basics 800g;£2.55/unit;£3.19/kg;Meat & poultry;frozen-pork;261;31.5;0.5;0.5;14.8;5.5;0.5;0.25;
sainsburys-frozen-raspberries-350g;Sainsbury's Frozen Raspberries 350g;£2.20/unit;£0.63/100g;Fruit, vegetables & rice;frozen-fruit;32;1.4;4.6;4.6;0.5;0.1;2.5;0.01;
sainsburys-frozen-raspberries-350g;Sainsbury's Frozen Raspberries 350g;£2.20/unit;£0.63/100g;Ice cream & desserts;desserts-fruit;32;1.4;4.6;4.6;0.5;0.1;2.5;0.01;
sainsburys-fruit---honey-seed-mix-30g;Sainsbury's Fruit & Honey Seed Mix 30g;£0.50/unit;£1.67/100g;Fresh salad;dressings-coleslaw-accompaniments;374;10.7;44.8;37.1;15.7;2.3;5.3;0.02;
sainsburys-fruit---nut-mix--so-organic-300g;Sainsbury's Fruit & Nut Mix, SO Organic 300g;£3.00/unit;£1.00/100g;Crisps, nuts & snacking fruit;snacking-fruit-seeds;542;13.6;27.7;24.5;40.1;7.3;8.0;0.02;
sainsburys-fruit---nut-mix--so-organic-300g;Sainsbury's Fruit & Nut Mix, SO Organic 300g;£3.00/unit;£1.00/100g;Fruit & desserts;snacking-fruit-nuts;542;13.6;27.7;24.5;40.1;7.3;8.0;0.02;
sainsburys-fruit---nut-mix-yogurt-200g;Sainsbury's Fruit & Nut Mix With Yogurt Cranberries 200g;£2.10/unit;£1.05/100g;Crisps, nuts & snacking fruit;nuts;465;11.9;46.7;44.3;24.7;7.0;4.0;0.01;
sainsburys-fruit---nut-muesli-750g;Sainsbury's Fruit & Nut Muesli 750g;£2.40/unit;£0.32/100g;Breakfast cereals;muesli-granola-clusters;359;8.0;58.9;28.0;9.0;1.8;5.3;0.03;
sainsburys-fruit---nut-trail-mix-250g;Sainsbury's Fruit & Nut Trail Mix 250g;£2.50/unit;£1.00/100g;Sugar & home baking;dried-fruit---peel;404;7.0;38.5;36.9;23.7;9.6;4.3;0.18;
sainsburys-fruit---spice-ring--taste-the-difference-400g;Sainsbury's Fruit & Spice Ring, Taste the Difference 400g;£1.25/unit;£0.24/100g;Cakes;cakes-scones-fruited-buns;null;null;null;null;null;null;null;null;
sainsburys-fruit---spice-ring--taste-the-difference-400g;Sainsbury's Fruit & Spice Ring, Taste the Difference 400g;£1.25/unit;£0.24/100g;From our in store bakery;cakes-from-our-bakery;null;null;null;null;null;null;null;null;
sainsburys-fruit---spice-ring--taste-the-difference-400g;Sainsbury's Fruit & Spice Ring, Taste the Difference 400g;£1.25/unit;£0.24/100g;Scones, fruited & buns;scones-fruited-buns;null;null;null;null;null;null;null;null;
sainsburys-fruit-cocktail--basics-1l;Sainsbury's Fruit Cocktail Juice Drink, Basics 1L;£0.80/unit;£0.08/100ml;Chilled fruit juice & smoothies;chilled-fruit-juice;38;0.5;9.3;7.4;0.5;0.1;0.5;0.01;
sainsburys-fruit-cocktail-drink-2l;Sainsbury's Fruit Cocktail Juice Drink 2L;£1.40/unit;£0.07/100ml;Chilled fruit juice & smoothies;chilled-fruit-juice;42;0.5;10.3;9.2;0.5;0.1;0.5;0.01;
sainsburys-fruit-cocktail-in-fruit-juice-227g;Sainsbury's Fruit Cocktail In Fruit Juice 227g;£0.65/unit;£2.86/kg;Canned, tinned & packaged foods;canned-tinned-packaged-fruit;47;0.5;10.5;9.3;0.5;0.1;0.7;0.13;
sainsburys-fruit-cocktail-in-fruit-juice-227g;Sainsbury's Fruit Cocktail In Fruit Juice 227g;£0.65/unit;£2.86/kg;Fruit & desserts;dessert-fruit;47;0.5;10.5;9.3;0.5;0.1;0.7;0.13;
sainsburys-fruit-cocktail-in-fruit-juice-411g;Sainsbury's Fruit Cocktail In Fruit Juice 411g;£1.00/unit;£2.43/kg;Canned, tinned & packaged foods;canned-tinned-packaged-fruit;47;0.5;10.8;9.7;0.5;0.1;0.9;0.02;
sainsburys-fruit-cocktail-in-fruit-juice-411g;Sainsbury's Fruit Cocktail In Fruit Juice 411g;£1.00/unit;£2.43/kg;Fruit & desserts;dessert-fruit;47;0.5;10.8;9.7;0.5;0.1;0.9;0.02;
sainsburys-fruit-cocktail-juice-drink-2l;Sainsbury's Fruit Cocktail Juice Drink, Reduced Sugar 2L;£1.40/unit;£0.07/100ml;Chilled fruit juice & smoothies;chilled-fruit-juice;29;0.5;7.0;6.2;0.5;0.1;0.5;0.01;
sainsburys-fruit-cocktail-juice-drink-2l;Sainsbury's Fruit Cocktail Juice Drink, Reduced Sugar 2L;£1.40/unit;£0.07/100ml;Chilled fruit juice & smoothies;reduced-sugar;29;0.5;7.0;6.2;0.5;0.1;0.5;0.01;
sainsburys-fruit-cocktail-trifle--basics-600g;Sainsbury's Fruit Cocktail Trifle, Basics 600g;£1.35/unit;£0.23/100g;Desserts & cream;desserts;149;1.7;21.0;17.1;6.3;4.0;0.8;0.21;
sainsburys-fruit-dairy-splits-x6-438ml;Sainsbury's Fruit Juice Ice Cream Splits 6x73ml;£1.30/unit;£0.30/100ml;Ice cream & desserts;lollies-bars-cones;143;2.0;24.0;22.5;4.3;2.9;0.5;0.28;
sainsburys-fruit-flapjacks-x5-175g;Sainsbury's Fruit Flapjacks x5 175g;£1.00/unit;£0.20/ea;Cakes;flapjacks-traybakes-bites;435;5.3;59;38;19;9.2;3.4;0.45;
sainsburys-fruit-fool-mango---passionfruit-114g;Sainsbury's Fruit Fool Mango & Passionfruit 114g;£0.70/unit;£0.61/100g;Yogurts;luxury-yogurts;172;3.4;9.5;9.5;13.3;9.2;0.5;0.10;
sainsburys-fruit-fool-mango---passionfruit-114g;Sainsbury's Fruit Fool Mango & Passionfruit 114g;£0.70/unit;£0.61/100g;Yogurts;rice-dessert-style-yogurts;172;3.4;9.5;9.5;13.3;9.2;0.5;0.10;
sainsburys-fruit-fool-strawberry---cream-114g;Sainsbury's Fruit Fool Strawberry & Cream 114g;£0.70/unit;£0.61/100g;Yogurts;rice-dessert-style-yogurts;172;2.9;13.4;11.9;11.7;8.1;0.5;0.08;
sainsburys-fruit-jellies-250g;Sainsbury's Fruit Jellies 250g;£0.95/unit;£0.38/100g;Confectionery;sweets;336;0.5;81.7;70.9;0.5;0.2;2.3;0.21;
sainsburys-fruit-juice-lollies-8x73ml;Sainsbury's Fruit Juice Lollies 8x73ml;£1.30/unit;£0.22/100ml;Ice cream & desserts;lollies-bars-cones;88;0.5;21.5;19.4;0.5;0.1;0.5;0.01;
sainsburys-fruit-loaf-388g;Sainsbury's Fruit Loaf 388g;£0.95/unit;£0.24/100g;Cakes;cakes-scones-fruited-buns;287;7.7;51.2;19.5;5.1;0.9;2.7;0.36;
sainsburys-fruit-loaf-388g;Sainsbury's Fruit Loaf 388g;£0.95/unit;£0.24/100g;Scones, fruited & buns;scones-fruited-buns;287;7.7;51.2;19.5;5.1;0.9;2.7;0.36;
sainsburys-fruit-nut-medley-35g;Sainsbury's Fruit & Nut Medley 35g;£2.50/unit;£1.00/100g;Crisps, nuts & snacking fruit;snacking-fruit-seeds;465;8.8;42.3;37.9;28.0;4.5;4.3;0.01;
sainsburys-fruit-nut-medley-35g;Sainsbury's Fruit & Nut Medley 35g;£2.50/unit;£1.00/100g;Fruit & desserts;snacking-fruit-nuts;465;8.8;42.3;37.9;28.0;4.5;4.3;0.01;
sainsburys-fruit-pastilles-250g;Sainsbury's Fruit Pastilles 250g;£0.95/unit;£0.38/100g;Confectionery;sweets;344;4.1;81;58;0.5;0.2;0.6;0.10;
sainsburys-fruit-sherbets-200g;Sainsbury's Fruit Sherbets 200g;£0.95/unit;£0.48/100g;Confectionery;sweets;404;0.5;94;62;3.0;1.3;0.5;0.04;
sainsburys-fruit-spirals-x5-350ml;Sainsbury's Fruit Spirals x5 350ml;£1.30/unit;£0.37/100ml;Ice cream & desserts;lollies-bars-cones;83;0.5;20.3;19.6;0.5;0.1;0.5;0.08;
sainsburys-fruited-iced-finger-x2;Sainsbury's Iced Finger x2;£0.80/unit;£0.40/ea;Cakes;cakes-from-our-bakery-12374-44;null;null;null;null;null;null;null;null;
sainsburys-fruited-iced-finger-x2;Sainsbury's Iced Finger x2;£0.80/unit;£0.40/ea;From our in store bakery;cakes-from-our-bakery;null;null;null;null;null;null;null;null;
sainsburys-fruits---honey-seeds-250g;Sainsbury's Fruits & Honey Seeds 250g;£3.30/unit;£1.32/100g;Sugar & home baking;dried-fruit---peel;378;10.7;48.3;41.2;14.9;2.0;4.2;0.05;
sainsburys-fruits---honey-seeds-250g;Sainsbury's Fruits & Honey Seeds 250g;£3.30/unit;£1.32/100g;Sugar & home baking;nuts---seeds;378;10.7;48.3;41.2;14.9;2.0;4.2;0.05;
sainsburys-fruits---honey-seeds-35g;Sainsbury's Fruits & Honey Seeds 35g;£0.50/unit;£1.43/100g;Sugar & home baking;dried-fruit---peel;378;10.7;48.3;41.2;14.9;2.0;4.2;0.05;
sainsburys-fruits---honey-seeds-35g;Sainsbury's Fruits & Honey Seeds 35g;£0.50/unit;£1.43/100g;Sugar & home baking;nuts---seeds;378;10.7;48.3;41.2;14.9;2.0;4.2;0.05;
sainsburys-fruity--nuts---seeds-250g;Sainsbury's Fruity, Nuts & Seeds 250g;£3.30/unit;£1.32/100g;Sugar & home baking;dried-fruit---peel;473;13.9;36.9;30.2;28.7;3.6;5.5;0.01;
sainsburys-fruity--nuts---seeds-250g;Sainsbury's Fruity, Nuts & Seeds 250g;£3.30/unit;£1.32/100g;Sugar & home baking;nuts---seeds;473;13.9;36.9;30.2;28.7;3.6;5.5;0.01;
sainsburys-fruity-cous-cous-200g;Sainsbury's Fruity Cous Cous 200g;£1.00/unit;£0.50/100g;Coleslaw, olives, salads & dips;coleslaw-salads;194;4.4;33.2;9.5;4.5;0.4;1.7;0.28;
sainsburys-fruity-cous-cous-200g;Sainsbury's Fruity Cous Cous 200g;£1.00/unit;£0.50/100g;Fresh salad;dressings-coleslaw-accompaniments;194;4.4;33.2;9.5;4.5;0.4;1.7;0.28;
sainsburys-fruity-cous-cous-200g;Sainsbury's Fruity Cous Cous 200g;£1.00/unit;£0.50/100g;Prepared & ready to eat;prepared-salad-herbs;194;4.4;33.2;9.5;4.5;0.4;1.7;0.28;
sainsburys-fruity-cous-cous-200g;Sainsbury's Fruity Cous Cous 200g;£1.00/unit;£0.50/100g;Soup & lunchtime snacks;lunchtime-snacks;194;4.4;33.2;9.5;4.5;0.4;1.7;0.28;
sainsburys-fruity-cous-cous-200g;Sainsbury's Fruity Cous Cous 200g;£1.00/unit;£0.50/100g;Vegetarian & meat free;coleslaw--olives--salads---dips-30658-44;194;4.4;33.2;9.5;4.5;0.4;1.7;0.28;
sainsburys-fruity-hot-cross-buns--taste-the-difference-x4-280g;Sainsbury's Fruity Hot Cross Buns, Taste the Difference x4 280g;£1.70/unit;£0.43/ea;Cakes;cakes-scones-fruited-buns;298;7.6;54.2;25.7;5.0;1.3;2.7;0.65;
sainsburys-fruity-hot-cross-buns--taste-the-difference-x4-280g;Sainsbury's Fruity Hot Cross Buns, Taste the Difference x4 280g;£1.70/unit;£0.43/ea;Easter treats;easter-treats;298;7.6;54.2;25.7;5.0;1.3;2.7;0.65;
sainsburys-fruity-hot-cross-buns--taste-the-difference-x4-280g;Sainsbury's Fruity Hot Cross Buns, Taste the Difference x4 280g;£1.70/unit;£0.43/ea;Scones, fruited & buns;scones-fruited-buns;298;7.6;54.2;25.7;5.0;1.3;2.7;0.65;
sainsburys-fudge-mousse--taste-the-difference-100g;Sainsbury's Mousse West Country Fudge, Taste the Difference 100g;£1.00/unit;£1.00/100g;Desserts & cream;desserts;290;4.6;23.2;23.2;19.8;13.3;0.5;0.15;
sainsburys-fudge-mousse--taste-the-difference-100g;Sainsbury's Mousse West Country Fudge, Taste the Difference 100g;£1.00/unit;£1.00/100g;Yogurts;luxury-yogurts;290;4.6;23.2;23.2;19.8;13.3;0.5;0.15;
sainsburys-fudge-mousse--taste-the-difference-100g;Sainsbury's Mousse West Country Fudge, Taste the Difference 100g;£1.00/unit;£1.00/100g;Yogurts;rice-dessert-style-yogurts;290;4.6;23.2;23.2;19.8;13.3;0.5;0.15;
sainsburys-fudge-yogurt--taste-the-difference-150g;Sainsbury's West Country Creamy Fudge Yogurt, Taste the Difference 150g;£0.75/unit;£0.50/100g;Yogurts;luxury-yogurts;154;3.0;17.8;17.6;7.8;5.1;0.8;0.15;
sainsburys-full-flavour-cheddar--basics-1kg;Sainsbury's Full Flavour Cheddar, Basics 1kg;£4.50/unit;£4.50/kg;Cheese;cheddar-british-regional-cheese;390;25.5;0.5;0.5;32.0;20.8;0.5;1.80;
sainsburys-full-flavour-cheddar--basics-300g;Sainsbury's Full Flavour Cheddar, Basics 300g;£2.00/unit;£6.67/kg;Cheese;cheddar-british-regional-cheese;390;25.5;0.5;0.5;32.0;20.8;0.5;1.80;
sainsburys-full-flavour-cheddar--basics-625g;Sainsbury's Full Flavour Cheddar, Basics 625g;£4.00/unit;£6.40/kg;Cheese;cheddar-british-regional-cheese;390;25.5;0.5;0.5;32.0;20.8;0.5;1.80;
sainsburys-fusilli--bucati-500g;Sainsbury's Fusilli Bucati 500g;£0.85/unit;£1.70/kg;Rice, pasta & noodles;pasta;160;4.4;33.6;0.6;0.6;0.1;1.4;0.01;
sainsburys-fusilli--italian-500g;Sainsbury's Fusilli 500g;£0.85/unit;£1.70/kg;Rice, pasta & noodles;pasta;160;4.4;33.6;0.6;0.6;0.1;1.4;0.01;
sainsburys-fusilli--taste-the-difference-500g;Sainsbury's Fusilli, Taste the Difference 500g;£1.25/unit;£2.50/kg;Rice, pasta & noodles;pasta;172;6.3;34.0;0.7;0.9;0.2;1.6;0.01;
sainsburys-fusilli-1kg;Sainsbury's Fusilli 1kg;£1.20/unit;£1.20/kg;Rice, pasta & noodles;pasta;160;4.4;33.6;0.6;0.6;0.1;1.4;0.01;
sainsburys-fusillini-500g;Sainsbury's Fusillini 500g;£0.85/unit;£1.70/kg;Rice, pasta & noodles;pasta;160;4.4;33.6;0.6;0.6;0.1;1.4;0.01;
sainsburys-galangal-paste-90g;Sainsbury's Galangal Paste 90g;£1.29/unit;£1.43/100g;Cooking ingredients & oils;cooking-pastes;134;0.2;11.0;7.0;9.5;0.7;1.6;1.63;
sainsburys-galia-melon-%28each%29;Sainsbury's Galia Melon (each);£2.00/unit;£2.00/ea;Fresh fruit;melon-pineapple-kiwi;24;0.5;5.6;5.6;0.1;0.0;0;0;
sainsburys-gammon-dinner-400g;Sainsbury's Gammon Dinner 400g;£1.75/unit;£4.38/kg;Ready meals & pies;frozen-ready-meals;79;4.5;9.1;1.6;2.4;1.2;1.7;0.55;
sainsburys-gammon-joint-with-muscovado---orange-glaze-13kg;Sainsbury's Gammon Joint With Muscovado & Orange Glaze 1.3kg;£10.00/unit;£7.69/kg;Bacon & gammon;gammon;151;27.2;3.5;3.5;3.1;1.1;0.5;2.38;
sainsburys-garam-masala-42g;Sainsbury's Garam Masala 42g;£1.00/unit;£0.24/10g;Cooking ingredients & oils;herbs-spices-seasoning;null;null;null;null;null;null;null;null;
sainsburys-garden-peas--basics-12kg;Sainsbury's Garden Peas, Basics 1.2kg;£1.40/unit;£1.17/kg;Fruit, vegetables & rice;frozen-vegetables;79;5.9;9.0;2.6;0.9;0.2;5.5;0.01;
sainsburys-garden-peas--taste-the-difference-750g;Sainsbury's Garden Peas, Taste the Difference 750g;£2.00/unit;£2.67/kg;Fruit, vegetables & rice;frozen-vegetables;79;5.9;9.0;2.6;0.9;0.2;5.5;0.01;
sainsburys-garden-peas-in-water--salt---sugar-added-142g;Sainsbury's Garden Peas In Water, Salt & Sugar Added 142g (90g*);£0.30/unit;£3.33/kg;Canned, tinned & packaged foods;canned-tinned-packaged-vegetables;81;6.7;10.0;1.2;1.6;0.3;4.5;0.00;
sainsburys-garden-peas-in-water-300g;Sainsbury's Garden Peas In Water 300g (185g*);£0.40/unit;£2.16/kg;Canned, tinned & packaged foods;canned-tinned-packaged-vegetables;81;6.7;10.0;1.2;1.6;0.3;4.5;0.01;
sainsburys-garden-vegetables-240g;Sainsbury's Garden Vegetables 240g;£1.50/unit;£6.25/kg;Prepared & ready to eat;prepared-vegetables;28;2.1;2.5;2.3;0.6;0.1;1.9;0.25;
sainsburys-garibaldi-biscuits-200g;Sainsbury's Garibaldi Biscuits 200g;£1.00/unit;£0.50/100g;Biscuits & crackers;everyday-biscuits-shortbread;382;4.8;68.8;37.9;9.2;4.3;2.4;0.30;
sainsburys-garlic---cheese-pizza-bread-275g;Sainsbury's Garlic & Cheese Pizza Bread 275g;£1.50/unit;£0.55/100g;Pizza, pasta & garlic bread;garlic-bread;298;10.0;41.0;2.6;10.0;5.2;1.8;1.05;
sainsburys-garlic---cheese-pizza-bread-275g;Sainsbury's Garlic & Cheese Pizza Bread 275g;£1.50/unit;£0.55/100g;Vegetarian & meat free;vegetarian-meat-free-pizza-pasta;298;10.0;41.0;2.6;10.0;5.2;1.8;1.05;
sainsburys-garlic---cheese-slices-x8-250g;Sainsbury's Garlic & Cheese Slices x8 250g;£1.40/unit;£0.56/100g;Pizza, pasta & garlic bread;garlic-bread;340;9.5;35.9;1.8;17.0;8.3;2.8;1.07;
sainsburys-garlic---cheese-slices-x8-250g;Sainsbury's Garlic & Cheese Slices x8 250g;£1.40/unit;£0.56/100g;Vegetarian & meat free;vegetarian-meat-free-pizza-pasta;340;9.5;35.9;1.8;17.0;8.3;2.8;1.07;
sainsburys-garlic---chilli-chicken-%28medium---spicy%29-400g;Sainsbury's Garlic & Chilli Chicken (medium & spicy) 400g;£3.30/unit;£8.25/kg;Ready meals;indian-ready-meals;121;11.9;5.5;3.0;5.2;0.4;2.0;0.61;
sainsburys-garlic---coriander-large-naan-bread--taste-the-difference;Sainsbury's Garlic & Coriander Large Naan Bread, Taste the Difference;£1.70/unit;£0.85/ea;Naan, ciabatta & breads of the world;naan-ciabatta-breads-of-the-world;299;7.4;44.9;1.5;9.3;2.9;2.8;0.83;
sainsburys-garlic---coriander-mini-naan-x4-188g;Sainsbury's Garlic & Coriander Mini Naan x4 188g;£1.15/unit;£0.61/100g;Cooking sauces & world foods;indian-cooking-sauces;281;7.3;51.9;2.3;4.2;0.6;3.1;1.49;
sainsburys-garlic---coriander-naan-130g;Sainsbury's Garlic & Coriander Naan 130g;£0.50/unit;£0.38/100g;Ready meals;indian-ready-meals;266;8.3;47.5;2.3;4.1;0.3;2.8;0.76;
sainsburys-garlic---coriander-naan-130g;Sainsbury's Garlic & Coriander Naan 130g;£0.50/unit;£0.38/100g;Vegetarian & meat free;vegetarian-meat-free-ready-meals;266;8.3;47.5;2.3;4.1;0.3;2.8;0.76;
sainsburys-garlic---coriander-naan-260g;Sainsbury's Garlic & Coriander Naan 260g;£0.75/unit;£0.29/100g;Ready meals;indian-ready-meals;270;8.5;48.9;2.5;3.8;0.3;3.0;0.84;
sainsburys-garlic---coriander-naan-260g;Sainsbury's Garlic & Coriander Naan 260g;£0.75/unit;£0.29/100g;Vegetarian & meat free;vegetarian-meat-free-ready-meals;270;8.5;48.9;2.5;3.8;0.3;3.0;0.84;
sainsburys-garlic---coriander-naan-bread-x2--taste-the-difference;Sainsbury's Garlic & Coriander Naan Bread x2, Taste the Difference;£1.75/unit;£0.63/100g;Ready meals;indian-ready-meals;313;7.0;44;1.3;12;2.6;2.9;0.65;
sainsburys-garlic---coriander-naan-bread-x2--taste-the-difference;Sainsbury's Garlic & Coriander Naan Bread x2, Taste the Difference;£1.75/unit;£0.63/100g;Ready meals;taste-the-difference-bistro-ready-meals;313;7.0;44;1.3;12;2.6;2.9;0.65;
sainsburys-garlic---coriander-naan-bread-x2--taste-the-difference;Sainsbury's Garlic & Coriander Naan Bread x2, Taste the Difference;£1.75/unit;£0.63/100g;Vegetarian & meat free;vegetarian-meat-free-ready-meals;313;7.0;44;1.3;12;2.6;2.9;0.65;
sainsburys-garlic---coriander-naan-x2-260g;Sainsbury's Garlic & Coriander Naan x2 260g;£1.15/unit;£0.44/100g;Cooking sauces & world foods;indian-cooking-sauces;281;7.3;51.9;2.3;4.2;0.6;3.1;1.49;
sainsburys-garlic---coriander-pitta-x6;Sainsbury's Garlic & Coriander Pitta x6;£0.80/unit;£0.13/ea;Wraps, bagels & pittas;wraps-bagels-pittas;256;9.6;50.0;4.8;1.2;0.2;3.3;0.90;
sainsburys-garlic---coriander-poppadoms-80g;Sainsbury's Garlic & Coriander Poppadoms 80g;£1.50/unit;£1.88/100g;Cooking sauces & world foods;indian-cooking-sauces;452;18.4;37.1;1.0;23.4;1.6;9.9;3.62;
sainsburys-garlic---herb-croutons-100g;Sainsbury's Garlic & Herb Croutons 100g;£1.00/unit;£1.00/100g;Fresh salad;dressings-coleslaw-accompaniments;431;12.0;65.0;4.7;12.7;1.8;4.2;1.42;
sainsburys-garlic---herb-croutons-100g;Sainsbury's Garlic & Herb Croutons 100g;£1.00/unit;£1.00/100g;Soup & lunchtime snacks;fresh-soups;431;12.0;65.0;4.7;12.7;1.8;4.2;1.42;
sainsburys-garlic---herb-marinade-265g;Sainsbury's Garlic & Herb Marinade 265g;£1.20/unit;£0.45/100g;Table sauces, dressings & condiments;marinades-glazes;90;0.7;8.7;4.7;5.6;0.5;1.2;0.83;
sainsburys-garlic---herb-soup-crouton-60g;Sainsbury's Garlic & Herb Soup Crouton 60g;£0.65/unit;£1.08/100g;Canned, tinned & packaged foods;soups;396;11.2;67.7;5.3;7.9;0.6;4.8;0.79;
sainsburys-garlic---herb-tear-n-share-300g;Sainsbury's Garlic & Herb Tear 'N' Share 300g;£1.50/unit;£0.50/100g;Pizza, pasta & garlic bread;garlic-bread;356;9.1;40.0;1.8;17.2;6.6;2.3;0.85;
sainsburys-garlic---herb-tear-n-share-300g;Sainsbury's Garlic & Herb Tear 'N' Share 300g;£1.50/unit;£0.50/100g;Vegetarian & meat free;vegetarian-meat-free-pizza-pasta;356;9.1;40.0;1.8;17.2;6.6;2.3;0.85;
sainsburys-garlic---herb-tear-n-share-400g;Sainsbury's Garlic & Herb Tear 'N' Share 400g;£2.50/unit;£6.25/kg;Pizza, pasta & garlic bread;garlic-bread;356;9.1;40.0;1.8;17.2;6.6;2.3;0.85;
sainsburys-garlic---herb-tear-n-share-400g;Sainsbury's Garlic & Herb Tear 'N' Share 400g;£2.50/unit;£6.25/kg;Vegetarian & meat free;vegetarian-meat-free-pizza-pasta;356;9.1;40.0;1.8;17.2;6.6;2.3;0.85;
sainsburys-garlic---parsley-flatbread;Sainsbury's Garlic & Parsley Flatbread;£1.30/unit;£0.62/100g;Naan, ciabatta & breads of the world;naan-ciabatta-breads-of-the-world;311;9.5;46.5;2.9;9.0;2.7;3.1;0.73;
sainsburys-garlic---parsley-king-prawns-150g;Sainsbury's Garlic & Parsley King Prawns 150g;£3.50/unit;£2.33/100g;Fish & seafood;fuss-free-fish;96;17.2;0.5;0.5;2.8;0.3;0.5;1.00;
sainsburys-garlic---parsley-king-prawns-150g;Sainsbury's Garlic & Parsley King Prawns 150g;£3.50/unit;£2.33/100g;Fish & seafood;prawns-shellfish;96;17.2;0.5;0.5;2.8;0.3;0.5;1.00;
sainsburys-garlic---rosemary-seasoning-62g;Sainsbury's Garlic & Rosemary Seasoning 62g;£1.00/unit;£0.16/10g;Cooking ingredients & oils;herbs-spices-seasoning;298;10.0;52.8;18.0;1.8;0.3;null;8.88;
sainsburys-garlic--basics-x2;Sainsbury's Garlic, Basics x2;£0.35/unit;£0.35/ea;Fresh herbs & ingredients;afro-caribbean-ingredients;110;7.9;15;1.5;0.6;0.1;4.1;0.5;
sainsburys-garlic--basics-x2;Sainsbury's Garlic, Basics x2;£0.35/unit;£0.35/ea;Fresh herbs & ingredients;asian-ingredients;110;7.9;15;1.5;0.6;0.1;4.1;0.5;
sainsburys-garlic--basics-x2;Sainsbury's Garlic, Basics x2;£0.35/unit;£0.35/ea;Fresh herbs & ingredients;indian-ingredients;110;7.9;15;1.5;0.6;0.1;4.1;0.5;
sainsburys-garlic--basics-x2;Sainsbury's Garlic, Basics x2;£0.35/unit;£0.35/ea;Fresh herbs & ingredients;mediterranean-ingredients;110;7.9;15;1.5;0.6;0.1;4.1;0.5;
sainsburys-garlic--basics-x2;Sainsbury's Garlic, Basics x2;£0.35/unit;£0.35/ea;Fresh vegetables;chillies-herbs-ingredients;110;7.9;15;1.5;0.6;0.1;4.1;0.5;
sainsburys-garlic--basics-x2;Sainsbury's Garlic, Basics x2;£0.35/unit;£0.35/ea;Fresh vegetables;fresh-vegetables-world-exotic;110;7.9;15;1.5;0.6;0.1;4.1;0.5;
sainsburys-garlic--basics-x2;Sainsbury's Garlic, Basics x2;£0.35/unit;£0.35/ea;Fresh vegetables;onions-leeks-garlic;110;7.9;15;1.5;0.6;0.1;4.1;0.5;
sainsburys-garlic--large-single;Sainsbury's Garlic, Large (each);£0.55/unit;£0.55/ea;Fresh herbs & ingredients;afro-caribbean-ingredients;104;7.9;14.8;1.5;0.6;0.1;4.1;0.01;
sainsburys-garlic--large-single;Sainsbury's Garlic, Large (each);£0.55/unit;£0.55/ea;Fresh herbs & ingredients;asian-ingredients;104;7.9;14.8;1.5;0.6;0.1;4.1;0.01;
sainsburys-garlic--large-single;Sainsbury's Garlic, Large (each);£0.55/unit;£0.55/ea;Fresh herbs & ingredients;indian-ingredients;104;7.9;14.8;1.5;0.6;0.1;4.1;0.01;
sainsburys-garlic--large-single;Sainsbury's Garlic, Large (each);£0.55/unit;£0.55/ea;Fresh herbs & ingredients;mediterranean-ingredients;104;7.9;14.8;1.5;0.6;0.1;4.1;0.01;
sainsburys-garlic--large-single;Sainsbury's Garlic, Large (each);£0.55/unit;£0.55/ea;Fresh vegetables;onions-leeks-garlic;104;7.9;14.8;1.5;0.6;0.1;4.1;0.01;
sainsburys-garlic--pepper---chilli-seasoning-60g;Sainsbury's Garlic, Pepper & Chilli Seasoning 60g;£1.00/unit;£0.17/10g;Cooking ingredients & oils;herbs-spices-seasoning;289;13.1;40.5;9.6;3.9;0.7;null;10.75;
sainsburys-garlic--so-organic-x3;Sainsbury's Garlic, SO Organic x3;£0.90/unit;£0.90/ea;Fresh herbs & ingredients;afro-caribbean-ingredients;104;7.9;14.8;1.5;0.6;0.1;4.1;0.01;
sainsburys-garlic--so-organic-x3;Sainsbury's Garlic, SO Organic x3;£0.90/unit;£0.90/ea;Fresh herbs & ingredients;asian-ingredients;104;7.9;14.8;1.5;0.6;0.1;4.1;0.01;
sainsburys-garlic--so-organic-x3;Sainsbury's Garlic, SO Organic x3;£0.90/unit;£0.90/ea;Fresh herbs & ingredients;indian-ingredients;104;7.9;14.8;1.5;0.6;0.1;4.1;0.01;
sainsburys-garlic--so-organic-x3;Sainsbury's Garlic, SO Organic x3;£0.90/unit;£0.90/ea;Fresh herbs & ingredients;mediterranean-ingredients;104;7.9;14.8;1.5;0.6;0.1;4.1;0.01;
sainsburys-garlic--so-organic-x3;Sainsbury's Garlic, SO Organic x3;£0.90/unit;£0.90/ea;Fresh vegetables;chillies-herbs-ingredients;104;7.9;14.8;1.5;0.6;0.1;4.1;0.01;
sainsburys-garlic--so-organic-x3;Sainsbury's Garlic, SO Organic x3;£0.90/unit;£0.90/ea;Fresh vegetables;fresh-vegetables-world-exotic;104;7.9;14.8;1.5;0.6;0.1;4.1;0.01;
sainsburys-garlic--so-organic-x3;Sainsbury's Garlic, SO Organic x3;£0.90/unit;£0.90/ea;Fresh vegetables;onions-leeks-garlic;104;7.9;14.8;1.5;0.6;0.1;4.1;0.01;
sainsburys-garlic--so-organic-x3;Sainsbury's Garlic, SO Organic x3;£0.90/unit;£0.90/ea;Organic;organic;104;7.9;14.8;1.5;0.6;0.1;4.1;0.01;
sainsburys-garlic-baguette--basics-x2-340g;Sainsbury's Garlic Baguette, Basics x2 340g;£0.70/unit;£0.21/100g;Pizza, pasta & garlic bread;garlic-bread;347;7.9;44.5;3.0;14.9;4.8;1.6;0.93;
sainsburys-garlic-baguette--basics-x2-340g;Sainsbury's Garlic Baguette, Basics x2 340g;£0.70/unit;£0.21/100g;Vegetarian & meat free;vegetarian-meat-free-pizza-pasta;347;7.9;44.5;3.0;14.9;4.8;1.6;0.93;
sainsburys-garlic-baguette--be-good-to-yourself--twin-pack-420g;Sainsbury's Garlic Baguette, Be Good To Yourself, Twin Pack 420g;£1.40/unit;£0.33/100g;Pizza, pasta & garlic bread;garlic-bread;280;8.3;47.0;2.8;6.1;2.2;1.9;0.93;
sainsburys-garlic-baguette--be-good-to-yourself--twin-pack-420g;Sainsbury's Garlic Baguette, Be Good To Yourself, Twin Pack 420g;£1.40/unit;£0.33/100g;Ready meals;healthier-choice-ready-meals;280;8.3;47.0;2.8;6.1;2.2;1.9;0.93;
sainsburys-garlic-baguette--be-good-to-yourself--twin-pack-420g;Sainsbury's Garlic Baguette, Be Good To Yourself, Twin Pack 420g;£1.40/unit;£0.33/100g;Ready meals;vegetarian-ready-meals;280;8.3;47.0;2.8;6.1;2.2;1.9;0.93;
sainsburys-garlic-baguette--be-good-to-yourself--twin-pack-420g;Sainsbury's Garlic Baguette, Be Good To Yourself, Twin Pack 420g;£1.40/unit;£0.33/100g;Vegetarian & meat free;vegetarian-meat-free-pizza-pasta;280;8.3;47.0;2.8;6.1;2.2;1.9;0.93;
sainsburys-garlic-baguette--extra-strong-x2-420g;Sainsbury's Garlic Baguette, Extra Strong x2 420g;£1.60/unit;£0.38/100g;Pizza, pasta & garlic bread;garlic-bread;323;8.2;45.9;3.0;11.5;6.9;1.5;1.05;
sainsburys-garlic-baguette--extra-strong-x2-420g;Sainsbury's Garlic Baguette, Extra Strong x2 420g;£1.60/unit;£0.38/100g;Vegetarian & meat free;vegetarian-meat-free-pizza-pasta;323;8.2;45.9;3.0;11.5;6.9;1.5;1.05;
sainsburys-garlic-baguette-210g;Sainsbury's Garlic Baguette 210g;£0.80/unit;£0.38/100g;Pizza, pasta & garlic bread;garlic-bread;374;7.3;45.6;2.2;17.4;10.7;3.0;0.95;
sainsburys-garlic-baguette-210g;Sainsbury's Garlic Baguette 210g;£0.80/unit;£0.38/100g;Vegetarian & meat free;vegetarian-meat-free-pizza-pasta;374;7.3;45.6;2.2;17.4;10.7;3.0;0.95;
sainsburys-garlic-baguette-x2-420g;Sainsbury's Garlic Baguette x2 420g;£1.40/unit;£0.33/100g;Pizza, pasta & garlic bread;garlic-bread;374;7.3;45.6;2.2;17.4;10.7;3.0;0.95;
sainsburys-garlic-baguette-x2-420g;Sainsbury's Garlic Baguette x2 420g;£1.40/unit;£0.33/100g;Vegetarian & meat free;vegetarian-meat-free-pizza-pasta;374;7.3;45.6;2.2;17.4;10.7;3.0;0.95;
sainsburys-garlic-baguettes--be-good-to-yourself-x2-320g;Sainsbury's Garlic Baguettes, Be Good To Yourself x2 320g;£1.00/unit;£3.13/kg;Pizza & garlic bread;frozen-pizza-garlic-bread;268;7.4;37.3;3.5;9.2;2.5;3.4;1.18;
sainsburys-garlic-baguettes-x2-310g;Sainsbury's Garlic Baguettes x2 310g;£1.00/unit;£3.23/kg;Pizza & garlic bread;frozen-pizza-garlic-bread;336;6.9;40.0;1.8;16.0;9.9;2.4;0.94;
sainsburys-garlic-bread--basics-150g;Sainsbury's Garlic Bagutte, Basics 150g;£0.40/unit;£2.67/kg;Pizza & garlic bread;frozen-pizza-garlic-bread;358;7.2;41.0;2.8;18.0;5.2;1.7;1.00;
sainsburys-garlic-bread-slices--be-good-to-yourself-x9-270g;Sainsbury's Garlic Bread Slices, Be Good To Yourself x9 270g;£1.40/unit;£0.52/100g;Pizza, pasta & garlic bread;garlic-bread;285;7.2;45.5;2.1;7.7;2.3;2.6;0.74;
sainsburys-garlic-bread-slices--be-good-to-yourself-x9-270g;Sainsbury's Garlic Bread Slices, Be Good To Yourself x9 270g;£1.40/unit;£0.52/100g;Ready meals;healthier-choice-ready-meals;285;7.2;45.5;2.1;7.7;2.3;2.6;0.74;
sainsburys-garlic-bread-slices--be-good-to-yourself-x9-270g;Sainsbury's Garlic Bread Slices, Be Good To Yourself x9 270g;£1.40/unit;£0.52/100g;Vegetarian & meat free;vegetarian-meat-free-pizza-pasta;285;7.2;45.5;2.1;7.7;2.3;2.6;0.74;
sainsburys-garlic-bread-slices-x10-260g;Sainsbury's Garlic Bread Slices x10 260g;£1.10/unit;£4.23/kg;Pizza & garlic bread;frozen-pizza-garlic-bread;362;5.6;36.9;0.5;20.7;12.2;2.7;0.84;
sainsburys-garlic-butterfly-prawns-x10-150g;Sainsbury's Garlic Butterfly Prawns x10 150g;£3.00/unit;£20.00/kg;Coleslaw, olives, salads & dips;party-food-128152-44;332;8.4;31.3;5.5;19.2;9.9;0.5;0.71;
sainsburys-garlic-ciabatta-260g;Sainsbury's Garlic Ciabatta 260g;£1.00/unit;£0.39/100g;Pizza, pasta & garlic bread;garlic-bread;320;8.3;40.2;2.0;13.5;8.3;2.1;0.78;
sainsburys-garlic-ciabatta-260g;Sainsbury's Garlic Ciabatta 260g;£1.00/unit;£0.39/100g;Vegetarian & meat free;vegetarian-meat-free-pizza-pasta;320;8.3;40.2;2.0;13.5;8.3;2.1;0.78;
sainsburys-garlic-fillet-kievs-400g;Sainsbury's Garlic Fillet Kievs 400g;£4.50/unit;£11.25/kg;Breaded & coated;breaded-coated-chicken-turkey-pork;198;20.2;9.1;0.5;8.7;2.7;1.3;0.45;
sainsburys-garlic-fillet-kievs-400g;Sainsbury's Garlic Fillet Kievs 400g;£4.50/unit;£11.25/kg;Chicken;chicken;198;20.2;9.1;0.5;8.7;2.7;1.3;0.45;
sainsburys-garlic-flatbread--taste-the-difference-195g;Sainsbury's Garlic Flatbread, Taste the Difference 195g;£2.20/unit;£1.13/100g;Pizza, pasta & garlic bread;garlic-bread;325;9.3;45.7;5.8;11.1;1.7;2.8;0.98;
sainsburys-garlic-flatbread--taste-the-difference-195g;Sainsbury's Garlic Flatbread, Taste the Difference 195g;£2.20/unit;£1.13/100g;Ready meals;taste-the-difference-bistro-ready-meals;325;9.3;45.7;5.8;11.1;1.7;2.8;0.98;
sainsburys-garlic-flatbread--taste-the-difference-195g;Sainsbury's Garlic Flatbread, Taste the Difference 195g;£2.20/unit;£1.13/100g;Vegetarian & meat free;vegetarian-meat-free-pizza-pasta;325;9.3;45.7;5.8;11.1;1.7;2.8;0.98;
sainsburys-garlic-granules-58g;Sainsbury's Garlic Granules 58g;£1.00/unit;£0.17/10g;Cooking ingredients & oils;herbs-spices-seasoning;null;null;null;null;null;null;null;null;
sainsburys-garlic-mayonnaise--taste-the-difference-230g;Sainsbury's Garlic Mayonnaise, Taste the Difference 230g;£1.50/unit;£0.64/100ml;Table sauces, dressings & condiments;salad-cream-mayonnaise;654;1.7;7.8;4.2;68.3;5.4;0.5;0.98;
sainsburys-garlic-paste-75g;Sainsbury's Garlic Paste 75g;£1.59/unit;£1.87/100g;Cooking ingredients & oils;cooking-pastes;115;3.1;16.6;4.5;3.5;0.3;2.2;1.58;
sainsburys-garlic-paste-75g;Sainsbury's Garlic Paste 75g;£1.59/unit;£1.87/100g;Fresh herbs & ingredients;asian-ingredients;115;3.1;16.6;4.5;3.5;0.3;2.2;1.58;
sainsburys-garlic-paste-75g;Sainsbury's Garlic Paste 75g;£1.59/unit;£1.87/100g;Fresh herbs & ingredients;mediterranean-ingredients;115;3.1;16.6;4.5;3.5;0.3;2.2;1.58;
sainsburys-garlic-pepper-50g;Sainsbury's Garlic Pepper 50g;£1.00/unit;£0.20/10g;Cooking ingredients & oils;herbs-spices-seasoning;null;null;null;null;null;null;null;null;
sainsburys-garlic-pepper-50g;Sainsbury's Garlic Pepper 50g;£1.00/unit;£0.20/10g;Cooking ingredients & oils;salt-pepper;null;null;null;null;null;null;null;null;
sainsburys-garlic-pizza-bread-235g;Sainsbury's Garlic Pizza Bread 235g;£1.50/unit;£0.64/100g;Pizza, pasta & garlic bread;garlic-bread;297;9.3;44.5;2.7;8.5;4.3;2.6;1.02;
sainsburys-garlic-pizza-bread-235g;Sainsbury's Garlic Pizza Bread 235g;£1.50/unit;£0.64/100g;Vegetarian & meat free;vegetarian-meat-free-pizza-pasta;297;9.3;44.5;2.7;8.5;4.3;2.6;1.02;
sainsburys-garlic-slices-x9-270g;Sainsbury's Garlic Slices x9 270g;£1.40/unit;£0.52/100g;Pizza, pasta & garlic bread;garlic-bread;341;6.4;40.3;2.0;16.6;9.3;2.4;0.80;
sainsburys-garlic-slices-x9-270g;Sainsbury's Garlic Slices x9 270g;£1.40/unit;£0.52/100g;Vegetarian & meat free;vegetarian-meat-free-pizza-pasta;341;6.4;40.3;2.0;16.6;9.3;2.4;0.80;
sainsburys-garlic-stuffed-greek-olives--taste-the-difference-285g-%28160g*%29;Sainsbury's Garlic Stuffed Greek Olives, Taste the Difference 285g (160g*);£2.50/unit;£1.56/100g;Vinegar, pickles, olives & antipasti;olives-antipasti;131;1.4;0.5;0.5;13.1;1.9;3.2;3.18;
sainsburys-garlic-x4;Sainsbury's Garlic x4;£1.10/unit;£1.10/ea;Fresh herbs & ingredients;afro-caribbean-ingredients;104;7.9;14.8;1.5;0.6;0.1;4.1;0.01;
sainsburys-garlic-x4;Sainsbury's Garlic x4;£1.10/unit;£1.10/ea;Fresh herbs & ingredients;asian-ingredients;104;7.9;14.8;1.5;0.6;0.1;4.1;0.01;
sainsburys-garlic-x4;Sainsbury's Garlic x4;£1.10/unit;£1.10/ea;Fresh herbs & ingredients;indian-ingredients;104;7.9;14.8;1.5;0.6;0.1;4.1;0.01;
sainsburys-garlic-x4;Sainsbury's Garlic x4;£1.10/unit;£1.10/ea;Fresh herbs & ingredients;mediterranean-ingredients;104;7.9;14.8;1.5;0.6;0.1;4.1;0.01;
sainsburys-garlic-x4;Sainsbury's Garlic x4;£1.10/unit;£1.10/ea;Fresh vegetables;chillies-herbs-ingredients;104;7.9;14.8;1.5;0.6;0.1;4.1;0.01;
sainsburys-garlic-x4;Sainsbury's Garlic x4;£1.10/unit;£1.10/ea;Fresh vegetables;fresh-vegetables-world-exotic;104;7.9;14.8;1.5;0.6;0.1;4.1;0.01;
sainsburys-garlic-x4;Sainsbury's Garlic x4;£1.10/unit;£1.10/ea;Fresh vegetables;onions-leeks-garlic;104;7.9;14.8;1.5;0.6;0.1;4.1;0.01;
sainsburys-garlic;Sainsbury's Garlic (each);£0.30/unit;£0.30/ea;Fresh herbs & ingredients;afro-caribbean-ingredients;104;7.9;14.8;1.5;0.6;0.1;4.1;0.01;
sainsburys-garlic;Sainsbury's Garlic (each);£0.30/unit;£0.30/ea;Fresh herbs & ingredients;asian-ingredients;104;7.9;14.8;1.5;0.6;0.1;4.1;0.01;
sainsburys-garlic;Sainsbury's Garlic (each);£0.30/unit;£0.30/ea;Fresh herbs & ingredients;indian-ingredients;104;7.9;14.8;1.5;0.6;0.1;4.1;0.01;
sainsburys-garlic;Sainsbury's Garlic (each);£0.30/unit;£0.30/ea;Fresh herbs & ingredients;mediterranean-ingredients;104;7.9;14.8;1.5;0.6;0.1;4.1;0.01;
sainsburys-garlic;Sainsbury's Garlic (each);£0.30/unit;£0.30/ea;Fresh vegetables;chillies-herbs-ingredients;104;7.9;14.8;1.5;0.6;0.1;4.1;0.01;
sainsburys-garlic;Sainsbury's Garlic (each);£0.30/unit;£0.30/ea;Fresh vegetables;fresh-vegetables-world-exotic;104;7.9;14.8;1.5;0.6;0.1;4.1;0.01;
sainsburys-garlic;Sainsbury's Garlic (each);£0.30/unit;£0.30/ea;Fresh vegetables;onions-leeks-garlic;104;7.9;14.8;1.5;0.6;0.1;4.1;0.01;
sainsburys-genoa-cake-305g;Sainsbury's Genoa Cake 305g;£1.30/unit;£0.43/100g;Cakes;sponge-slab-loaf-cakes;350;4.2;61;50;9.3;5.4;2.0;0.30;
sainsburys-german-brunswick-ham-wafer-thin-slices-x10-125g;Sainsbury's German Brunswick Ham Wafer Thin Slices x10 125g;£2.00/unit;£1.60/100g;Cooked meats & snacking;mfp-continental-meats;158;21.2;0.6;0.6;7.8;3.2;0.5;2.00;
sainsburys-german-brunswick-ham-wafer-thin-slices-x10-125g;Sainsbury's German Brunswick Ham Wafer Thin Slices x10 125g;£2.00/unit;£1.60/100g;Cooked meats, pate & sandwich fillers;continental-meats;158;21.2;0.6;0.6;7.8;3.2;0.5;2.00;
sainsburys-german-pepper-salami-slices-140g;Sainsbury's German Black Pepper Salami Slices 140g;£1.70/unit;£1.21/100g;Cooked meats & snacking;mfp-continental-meats;340;25.1;1.0;1.0;26.0;10.7;0.7;4.00;
sainsburys-german-pepper-salami-slices-140g;Sainsbury's German Black Pepper Salami Slices 140g;£1.70/unit;£1.21/100g;Cooked meats, pate & sandwich fillers;continental-meats;340;25.1;1.0;1.0;26.0;10.7;0.7;4.00;
sainsburys-german-salami-150g;Sainsbury's German Salami Slices 150g;£1.25/unit;£0.83/100g;Cooked meats & snacking;mfp-continental-meats;310;20.0;1.0;1.0;25.0;10.3;0.5;3.75;
sainsburys-german-salami-150g;Sainsbury's German Salami Slices 150g;£1.25/unit;£0.83/100g;Cooked meats, pate & sandwich fillers;continental-meats;310;20.0;1.0;1.0;25.0;10.3;0.5;3.75;
sainsburys-german-salami-selection-slices-100g;Sainsbury's German Salami Selection Slices x30 100g;£1.60/unit;£1.60/100g;Coleslaw, olives, salads & dips;olives-tapas-antipasti;330;20.3;1.0;1.0;27.0;11.1;0.7;4.00;
sainsburys-german-salami-selection-slices-100g;Sainsbury's German Salami Selection Slices x30 100g;£1.60/unit;£1.60/100g;Cooked meats & snacking;mfp-continental-meats;330;20.3;1.0;1.0;27.0;11.1;0.7;4.00;
sainsburys-german-salami-selection-slices-100g;Sainsbury's German Salami Selection Slices x30 100g;£1.60/unit;£1.60/100g;Cooked meats, pate & sandwich fillers;continental-meats;330;20.3;1.0;1.0;27.0;11.1;0.7;4.00;
sainsburys-german-sausage-selection-slices-100g;Sainsbury's German Sausage Selection Slices x30 100g;£1.50/unit;£1.50/100g;Coleslaw, olives, salads & dips;olives-tapas-antipasti;251;13.1;0.5;0.5;21.9;9.0;0.5;3.00;
sainsburys-german-sausage-selection-slices-100g;Sainsbury's German Sausage Selection Slices x30 100g;£1.50/unit;£1.50/100g;Cooked meats & snacking;mfp-continental-meats;251;13.1;0.5;0.5;21.9;9.0;0.5;3.00;
sainsburys-german-sausage-selection-slices-100g;Sainsbury's German Sausage Selection Slices x30 100g;£1.50/unit;£1.50/100g;Cooked meats, pate & sandwich fillers;continental-meats;251;13.1;0.5;0.5;21.9;9.0;0.5;3.00;
sainsburys-gevrik-goats-cheese-70g;Sainsbury's Gevrik Goats Cheese 70g;£1.20/unit;£17.14/kg;Cheese;healthier-choice-special-diet-cheese;350;18.4;0.5;0.5;30.4;20.1;0.5;1.19;
sainsburys-gherkins-in-sweet-vinegar-340g;Sainsbury's Gherkins in Sweet Vinegar 340g (180g*);£0.90/unit;£0.50/100g;Vinegar, pickles, olives & antipasti;pickled-food;26;0.5;5.6;5.5;0.5;0.1;0.5;1.17;
sainsburys-giant-chocolate---hazelnut-cookies-300g;Sainsbury's Giant Chocolate & Hazelnut Cookies 300g;£2.00/unit;£0.67/100g;Biscuits & crackers;cookies;521;5.8;56.4;30.5;29.3;11.3;4.2;0.45;
sainsburys-giant-chocolate---hazelnut-cookies-300g;Sainsbury's Giant Chocolate & Hazelnut Cookies 300g;£2.00/unit;£0.67/100g;Biscuits & crackers;luxury-continental-biscuits;521;5.8;56.4;30.5;29.3;11.3;4.2;0.45;
sainsburys-giant-chocolate-cupcake-695g;Sainsbury's Giant Chocolate Cupcake 695g;£6.00/unit;£8.63/kg;Cakes;muffins-small-cakes;423;4.4;52.5;32.3;21.2;5.3;2.2;0.49;
sainsburys-giant-cous-cous---feta--taste-the-difference-220g;Sainsbury's Giant Cous Cous & Feta Salad, Taste the Difference 220g;£2.00/unit;£0.91/100g;Coleslaw, olives, salads & dips;coleslaw-salads;177;6.8;21.4;1.8;6.7;2.1;2.1;0.60;
sainsburys-giant-cous-cous---feta--taste-the-difference-220g;Sainsbury's Giant Cous Cous & Feta Salad, Taste the Difference 220g;£2.00/unit;£0.91/100g;Fresh salad;dressings-coleslaw-accompaniments;177;6.8;21.4;1.8;6.7;2.1;2.1;0.60;
sainsburys-giant-cous-cous---feta--taste-the-difference-220g;Sainsbury's Giant Cous Cous & Feta Salad, Taste the Difference 220g;£2.00/unit;£0.91/100g;Prepared & ready to eat;prepared-salad-herbs;177;6.8;21.4;1.8;6.7;2.1;2.1;0.60;
sainsburys-giant-cous-cous---feta--taste-the-difference-220g;Sainsbury's Giant Cous Cous & Feta Salad, Taste the Difference 220g;£2.00/unit;£0.91/100g;Soup & lunchtime snacks;lunchtime-snacks;177;6.8;21.4;1.8;6.7;2.1;2.1;0.60;
sainsburys-giant-cous-cous---feta--taste-the-difference-220g;Sainsbury's Giant Cous Cous & Feta Salad, Taste the Difference 220g;£2.00/unit;£0.91/100g;Vegetarian & meat free;coleslaw--olives--salads---dips-30658-44;177;6.8;21.4;1.8;6.7;2.1;2.1;0.60;
sainsburys-giant-cous-cous-300g;Sainsbury's Giant Cous Cous 300g;£1.10/unit;£3.67/kg;Canned, tinned & packaged foods;pulses-beans;97;3.6;16.2;0.5;1.6;0.6;1.7;0.01;
sainsburys-giant-extremeley-chocolatey-cookies-300g;Sainsbury's Giant Extremely Chocolatey Cookies 300g;£2.00/unit;£0.67/100g;Biscuits & crackers;cookies;524;5.3;59.0;36.0;29.0;15.0;2.8;0.57;
sainsburys-giant-extremeley-chocolatey-cookies-300g;Sainsbury's Giant Extremely Chocolatey Cookies 300g;£2.00/unit;£0.67/100g;Biscuits & crackers;luxury-continental-biscuits;524;5.3;59.0;36.0;29.0;15.0;2.8;0.57;
sainsburys-giant-harvest-grain-baps-x4;Sainsbury's Giant Harvest Grain Baps x4;£0.65/unit;£0.16/ea;From our in store bakery;rolls-bagels-from-our-bakery;null;null;null;null;null;null;null;null;
sainsburys-giant-harvest-grain-baps-x4;Sainsbury's Giant Harvest Grain Baps x4;£0.65/unit;£0.16/ea;Rolls;rolls;null;null;null;null;null;null;null;null;
sainsburys-giant-oat---raisin-cookies-300g;Sainsbury's Giant Oat & Raisin Cookies 300g;£2.00/unit;£0.67/100g;Biscuits & crackers;cookies;466;5.1;59.0;31.0;22.0;9.5;6.0;0.55;
sainsburys-giant-oat---raisin-cookies-300g;Sainsbury's Giant Oat & Raisin Cookies 300g;£2.00/unit;£0.67/100g;Biscuits & crackers;luxury-continental-biscuits;466;5.1;59.0;31.0;22.0;9.5;6.0;0.55;
sainsburys-giant-papaya;Sainsbury's Papaya, Giant (each);£4.00/unit;£4.00/ea;Fresh fruit;mango-exotic-fruit-dates-nuts;null;null;null;null;null;null;null;null;
sainsburys-giant-papaya;Sainsbury's Papaya, Giant (each);£4.00/unit;£4.00/ea;Fresh herbs & ingredients;asian-ingredients;null;null;null;null;null;null;null;null;
sainsburys-giant-pineapple-%28each%29;Sainsbury's Giant Pineapple (each);£2.00/unit;£2.00/ea;Fresh fruit;melon-pineapple-kiwi;46;0.4;10.1;10.1;0.2;0;1.2;0;
sainsburys-giant-pretzels-200g;Sainsbury's Giant Pretzels 200g;£1.50/unit;£0.75/100g;Crisps, nuts & snacking fruit;party-nibbles-bites;418;11;73;2.3;9.1;0.8;1.7;1.8;
sainsburys-giant-shortbread-fingers-280g;Sainsbury's Giant Shortbread Fingers 280g;£1.05/unit;£0.38/100g;Biscuits & crackers;everyday-biscuits-shortbread;521;4.8;59.4;18.7;28.8;18.8;2.7;0.78;
sainsburys-giant-shortbread-fingers-280g;Sainsbury's Giant Shortbread Fingers 280g;£1.05/unit;£0.38/100g;Biscuits & crackers;luxury-continental-biscuits;521;4.8;59.4;18.7;28.8;18.8;2.7;0.78;
sainsburys-giant-white-baps-x4;Sainsbury's Giant White Baps x4;£0.65/unit;£0.16/ea;From our in store bakery;rolls-bagels-from-our-bakery;null;null;null;null;null;null;null;null;
sainsburys-giant-white-baps-x4;Sainsbury's Giant White Baps x4;£0.65/unit;£0.16/ea;Rolls;rolls;null;null;null;null;null;null;null;null;
sainsburys-giant-white-chocolate---raspberry-cookies-300g;Sainsbury's Giant White Chocolate & Raspberry Cookies 300g;£2.00/unit;£0.67/100g;Biscuits & crackers;cookies;499;5.0;59.2;33.3;26.1;13.0;3.8;0.65;
sainsburys-giant-white-chocolate---raspberry-cookies-300g;Sainsbury's Giant White Chocolate & Raspberry Cookies 300g;£2.00/unit;£0.67/100g;Biscuits & crackers;luxury-continental-biscuits;499;5.0;59.2;33.3;26.1;13.0;3.8;0.65;
sainsburys-giant-wholemeal-baps-x4;Sainsbury's Giant Wholemeal Baps x4;£0.65/unit;£0.16/ea;From our in store bakery;rolls-bagels-from-our-bakery;null;null;null;null;null;null;null;null;
sainsburys-giant-wholemeal-baps-x4;Sainsbury's Giant Wholemeal Baps x4;£0.65/unit;£0.16/ea;Rolls;rolls;null;null;null;null;null;null;null;null;
sainsburys-gigantes-beans-220g;Sainsbury's Gigantes Beans 220g;£2.30/unit;£1.05/100g;Vinegar, pickles, olives & antipasti;olives-antipasti;154;5.8;12.5;4.2;7.5;1.1;6.6;0.69;
sainsburys-ginger-loaf-cake-236g;Sainsbury's Ginger Loaf Cake 236g;£1.50/unit;£0.64/100g;Cakes;sponge-slab-loaf-cakes;392;4.1;64.7;51.7;12.4;1.1;2.5;0.40;
sainsburys-ginger-nut-biscuits--so-organic-200g;Sainsbury's Ginger Nut Biscuits, SO Organic 200g;£0.80/unit;£0.40/100g;Biscuits & crackers;everyday-biscuits-shortbread;493;7.6;62.8;29.1;22.6;13.8;4.1;0.35;
sainsburys-ginger-nut-biscuits--so-organic-200g;Sainsbury's Ginger Nut Biscuits, SO Organic 200g;£0.80/unit;£0.40/100g;Biscuits & crackers;healthier-biscuits-crackers;493;7.6;62.8;29.1;22.6;13.8;4.1;0.35;
sainsburys-ginger-paste-80g;Sainsbury's Ginger Paste 80g;£1.60/unit;£2.00/100g;Cooking ingredients & oils;cooking-pastes;48;0.6;3.5;0.5;3.0;0.2;2.5;1.17;
sainsburys-ginger-paste-80g;Sainsbury's Ginger Paste 80g;£1.60/unit;£2.00/100g;Fresh herbs & ingredients;afro-caribbean-ingredients;48;0.6;3.5;0.5;3.0;0.2;2.5;1.17;
sainsburys-ginger-paste-80g;Sainsbury's Ginger Paste 80g;£1.60/unit;£2.00/100g;Fresh herbs & ingredients;asian-ingredients;48;0.6;3.5;0.5;3.0;0.2;2.5;1.17;
sainsburys-ginger-paste-80g;Sainsbury's Ginger Paste 80g;£1.60/unit;£2.00/100g;Fresh herbs & ingredients;indian-ingredients;48;0.6;3.5;0.5;3.0;0.2;2.5;1.17;
sainsburys-ginger-preserve-454g;Sainsbury's Ginger Preserve 454g;£0.65/unit;£0.14/100g;Jams, honey & spreads;jams---conserves;290;0.5;71.6;69.7;0.5;0.1;1.1;0.13;
sainsburys-ginger-snaps--basics-300g;Sainsbury's Ginger Snaps, Basics 300g;£0.30/unit;£0.10/100g;Biscuits & crackers;everyday-biscuits-shortbread;456;5.8;71;28;16;7.6;2.3;1.0;
sainsburys-ginger-snaps-200g;Sainsbury's Ginger Snaps 200g;£0.55/unit;£0.28/100g;Biscuits & crackers;everyday-biscuits-shortbread;450;5.3;73.2;33.5;14.7;6.9;2.2;0.99;
sainsburys-ginger-snaps-400g;Sainsbury's Ginger Snaps 400g;£0.80/unit;£0.20/100g;Biscuits & crackers;everyday-biscuits-shortbread;450;5.3;73.2;33.5;14.7;6.9;2.2;0.99;
sainsburys-gingerbread-man-cake-decorations;Sainsbury's Cake Decorations, Gingerbread Men x12;£1.50/unit;£1.50/ea;Sugar & home baking;decorations;396;2.3;96.4;95.7;0.5;0.1;0.5;0.08;
sainsburys-gingerbread-men-mix-199g;Sainsbury's Gingerbread Men Mix 199g;£1.40/unit;£7.04/kg;Sugar & home baking;cake-sweet-mixes;435;5.2;71.4;39.5;13.9;8.0;1.5;0.51;
sainsburys-giraffe-baguette-%28tiger%29-400g;Sainsbury's Giraffe Baguette (Tiger) 400g;£0.80/unit;£0.20/100g;Baguettes & part baked bread;baguettes-part-baked-bread;null;null;null;null;null;null;null;null;
sainsburys-giraffe-baguette-%28tiger%29-400g;Sainsbury's Giraffe Baguette (Tiger) 400g;£0.80/unit;£0.20/100g;From our in store bakery;baguettes-from-our-bakery;null;null;null;null;null;null;null;null;
sainsburys-giraffe-bread-%28tiger%29-400g;Sainsbury's Giraffe Bread (Tiger) 400g;£0.75/unit;£0.19/100g;Bread;bread-from-our-bakery2;null;null;null;null;null;null;null;null;
sainsburys-giraffe-bread-%28tiger%29-400g;Sainsbury's Giraffe Bread (Tiger) 400g;£0.75/unit;£0.19/100g;From our in store bakery;bread-from-our-bakery;null;null;null;null;null;null;null;null;
sainsburys-giraffe-bread-%28tiger%29-800g;Sainsbury's Giraffe Bread (Tiger) 800g;£1.00/unit;£0.13/100g;Bread;bread-from-our-bakery2;null;null;null;null;null;null;null;null;
sainsburys-giraffe-bread-%28tiger%29-800g;Sainsbury's Giraffe Bread (Tiger) 800g;£1.00/unit;£0.13/100g;From our in store bakery;bread-from-our-bakery;null;null;null;null;null;null;null;null;
sainsburys-giraffe-vienna-rolls-%28tiger%29-x4;Sainsbury's Giraffe Vienna Rolls (Tiger) x4;£0.65/unit;£0.16/ea;From our in store bakery;rolls-bagels-from-our-bakery;null;null;null;null;null;null;null;null;
sainsburys-glac%C3%A9-ginger-200g;Sainsbury's Glacé Ginger 200g;£1.40/unit;£7.00/kg;Sugar & home baking;dried-fruit---peel;300;0.5;73.2;69.1;0.5;0.2;1.2;0.12;
sainsburys-glace-cherries-200g;Sainsbury's Glace Cherries 200g;£1.40/unit;£7.00/kg;Sugar & home baking;dried-fruit---peel;326;0.5;80.5;61.2;0.5;0.1;0.5;0.02;
sainsburys-gladioli-garden-seeds;Sainsbury's Gladioli Garden Seeds;£5.00/unit;£5.00/ea;Flowers & seeds;flowers---seeds;null;null;null;null;null;null;null;null;
sainsburys-glamorgan-sausages-x6-300g;Sainsbury's Glamorgan Sausages x6 300g;£1.80/unit;£6.00/kg;Meat free & vegetarian;meat-free-vegetarian;210;7.5;18.4;3.7;11.0;3.4;3.6;0.90;
sainsburys-glazed-ring-doughnuts-x4;Sainsbury's Glazed Ring Doughnuts x4;£1.00/unit;£0.25/ea;Cakes;doughnuts-cookies;null;null;null;null;null;null;null;null;
sainsburys-glazed-ring-doughnuts-x4;Sainsbury's Glazed Ring Doughnuts x4;£1.00/unit;£0.25/ea;From our in store bakery;instore-bakery-doughnuts-cookies;null;null;null;null;null;null;null;null;
sainsburys-glen-ample-raspberry-west-country-yogurt--taste-the-difference-150g;Sainsbury's West Country Glen Ample Raspberry Yogurt, Taste the Difference 150g;£0.75/unit;£0.50/100g;Yogurts;luxury-yogurts;128;2.7;13.2;11.7;7.0;4.3;0.5;0.10;
sainsburys-glitter-writing-icing-4-pack-76g-%28-pink--purple--silver---blue-%29;Sainsbury's Writing Icing, Glitter 4x19g;£2.00/unit;£2.63/100g;Sugar & home baking;decorations;306;0.5;75.5;55.4;0.5;0.1;0.9;0.05;
sainsburys-glitter-writing-icing-4-pack-76g-%28-pink--purple--silver---blue-%29;Sainsbury's Writing Icing, Glitter 4x19g;£2.00/unit;£2.63/100g;Sugar & home baking;icing---marzipan;306;0.5;75.5;55.4;0.5;0.1;0.9;0.05;
sainsburys-goats-cheese---spinach-quiche--taste-the-difference-170g;Sainsbury's Goats Cheese & Spinach Quiche, Taste the Difference 170g;£2.25/unit;£1.32/100g;Pies, pasties & quiche;quiche;253;6.4;19.3;2.1;16.4;9.2;1.4;0.70;
sainsburys-goats-cheese---spinach-quiche--taste-the-difference-170g;Sainsbury's Goats Cheese & Spinach Quiche, Taste the Difference 170g;£2.25/unit;£1.32/100g;Soup & lunchtime snacks;lunchtime-snacks;253;6.4;19.3;2.1;16.4;9.2;1.4;0.70;
sainsburys-goats-cheese---spinach-quiche--taste-the-difference-170g;Sainsbury's Goats Cheese & Spinach Quiche, Taste the Difference 170g;£2.25/unit;£1.32/100g;Vegetarian & meat free;deli-meat-alternatives;253;6.4;19.3;2.1;16.4;9.2;1.4;0.70;
sainsburys-goats-cheese--taste-the-difference-120g;Sainsbury's Goats' Cheese, Taste the Difference 120g;£1.70/unit;£14.17/kg;Cheese;cheeseboard-delights;295;21.0;1.0;1.0;23.0;16.3;0.5;1.50;
sainsburys-goats-cheese--taste-the-difference-120g;Sainsbury's Goats' Cheese, Taste the Difference 120g;£1.70/unit;£14.17/kg;Cheese;healthier-choice-special-diet-cheese;295;21.0;1.0;1.0;23.0;16.3;0.5;1.50;
sainsburys-goats-cheese--taste-the-difference-120g;Sainsbury's Goats' Cheese, Taste the Difference 120g;£1.70/unit;£14.17/kg;Cheese;organic-taste-the-difference-cheese;295;21.0;1.0;1.0;23.0;16.3;0.5;1.50;
sainsburys-goats-milk-camembert--taste-the-difference-180g;Sainsbury's Goats' Milk Camembert, Taste the Difference 180g;£2.80/unit;£15.56/kg;Cheese;cheeseboard-delights;289;20.0;0.5;0.5;23.0;16.5;0.5;1.75;
sainsburys-goats-milk-camembert--taste-the-difference-180g;Sainsbury's Goats' Milk Camembert, Taste the Difference 180g;£2.80/unit;£15.56/kg;Cheese;healthier-choice-special-diet-cheese;289;20.0;0.5;0.5;23.0;16.5;0.5;1.75;
sainsburys-goats-milk-camembert--taste-the-difference-180g;Sainsbury's Goats' Milk Camembert, Taste the Difference 180g;£2.80/unit;£15.56/kg;Cheese;organic-taste-the-difference-cheese;289;20.0;0.5;0.5;23.0;16.5;0.5;1.75;
sainsburys-gold---silver-cake-boards;Sainsbury's Gold & Silver Cake Boards;£1.50/unit;£1.50/ea;Sugar & home baking;cake-cases---baking-accessories;null;null;null;null;null;null;null;null;
sainsburys-gold---silver-sprinkles-83g;Sainsbury's Cake Decorations, Gold & Silver Sprinkles 83g;£2.50/unit;£3.01/100g;Sugar & home baking;decorations;404;0.5;91.5;84.4;3.9;3.4;0.6;0.10;
sainsburys-gold-cake-ribbon-75g;Sainsbury's Gold Cake Ribbon 7.5g;£2.00/unit;£2.00/ea;Sugar & home baking;cake-cases---baking-accessories;null;null;null;null;null;null;null;null;
sainsburys-gold-foil-cupcake-cases-x45;Sainsbury's Gold Foil Cupcake Cases x45;£1.50/unit;£0.03/unit;Sugar & home baking;cake-cases---baking-accessories;null;null;null;null;null;null;null;null;
sainsburys-gold-glimmer-sugar-75g;Sainsbury's Glimmer Sugar Gold 75g;£1.00/unit;£1.33/100g;Sugar & home baking;decorations;396;0.5;98.0;93.3;0.5;0.1;0.6;0.05;
sainsburys-gold-pearls-82g;Sainsbury's Cake Decorations, Gold Pearls 80g;£1.00/unit;£1.25/100g;Sugar & home baking;decorations;396;0.5;97.5;93.5;0.5;0.3;0.6;0.05;
sainsburys-golden-breadcrumbs-230g;Sainsbury's Golden Breadcrumbs 230g;£0.80/unit;£3.48/kg;Cooking ingredients & oils;breaded-batter-coatings;397;14;70;3.5;6.2;1.4;3.8;0.76;
sainsburys-golden-delicious-apples-%28each%29;Sainsbury's Golden Delicious Apples Loose;£1.95/kg;£1.95/kg;Fresh fruit;apples-pears-rhubarb;null;null;null;null;null;null;null;null;
sainsburys-golden-delicious-apples-x5-%28minimum%29;Sainsbury's Golden Delicious Apples x5 (minimum);£1.50/unit;£1.50/ea;Fresh fruit;apples-pears-rhubarb;47;0.4;11.8;11.8;0.1;0;1.8;null;
sainsburys-golden-linseed-100g;Sainsbury's Golden Linseed 100g;£0.85/unit;£8.50/kg;Crisps, nuts & snacking fruit;snacking-fruit-seeds;514;18.3;1.6;1.6;42.2;3.7;27.3;0.08;
sainsburys-golden-linseed-100g;Sainsbury's Golden Linseed 100g;£0.85/unit;£8.50/kg;Sugar & home baking;nuts---seeds;514;18.3;1.6;1.6;42.2;3.7;27.3;0.08;
sainsburys-golden-marzipan-454g;Sainsbury's Golden Marzipan 454g;£1.60/unit;£0.35/100g;Sugar & home baking;icing---marzipan;418;6.6;67.2;65.5;12.8;1.1;3.9;0;
sainsburys-golden-multiseed-bread-mix--taste-the-difference-500g;Sainsbury's Golden Multiseed Bread Mix, Taste the Difference 500g;£0.80/unit;£1.60/kg;Sugar & home baking;flour;261;12.2;42.0;2.2;3.7;0.5;5.6;0.79;
sainsburys-golden-syrup-680g;Sainsbury's Golden Syrup 680g;£1.25/unit;£0.18/100g;Sugar & home baking;baking-ingredients---colourings;328;0.5;82.0;82.0;0.5;0.1;0.5;0.03;
sainsburys-golden-syrup-wheats-500g;Sainsbury's Golden Syrup Wheats 500g;£1.95/unit;£0.39/100g;Breakfast cereals;kids-cereals;336;7.6;73;19;1.0;0.2;8.4;0.34;
sainsburys-golden-vegetable-rice-250g;Sainsbury's Golden Vegetable Rice 250g;£0.50/unit;£2.00/kg;Rice, pasta & noodles;rice-12592-44;154;4.7;30.2;0.9;1.4;0.2;0.9;0.51;
sainsburys-golden-vegetable-savoury-rice-120g;Sainsbury's Savoury Rice, Golden Vegetable 120g;£0.55/unit;£4.58/kg;Cooking sauces & world foods;world-foods-instant-snack-meals;115;2.4;24.1;1.7;0.6;0.2;1.8;0.53;
sainsburys-golden-vegetable-savoury-rice-120g;Sainsbury's Savoury Rice, Golden Vegetable 120g;£0.55/unit;£4.58/kg;Rice, pasta & noodles;instant-snack-meals;115;2.4;24.1;1.7;0.6;0.2;1.8;0.53;
sainsburys-golden-vegetable-savoury-rice-120g;Sainsbury's Savoury Rice, Golden Vegetable 120g;£0.55/unit;£4.58/kg;Rice, pasta & noodles;rice-12592-44;115;2.4;24.1;1.7;0.6;0.2;1.8;0.53;
sainsburys-golden-yolked-free-range-eggs--taste-the-difference-x6;Sainsbury's Golden Yolked Free Range Eggs, Taste the Difference x6;£2.10/unit;£0.35/ea;Fresh milk & eggs;eggs;143;14.1;0.5;0.5;9.6;2.7;0.5;0.38;
sainsburys-golden-yolked-free-range-eggs--taste-the-difference-x6;Sainsbury's Golden Yolked Free Range Eggs, Taste the Difference x6;£2.10/unit;£0.35/ea;Sugar & home baking;home-baking-eggs;143;14.1;0.5;0.5;9.6;2.7;0.5;0.38;
sainsburys-goose-fat-200g;Sainsbury's Goose Fat 200g;£2.50/unit;£12.50/kg;Duck & game;duck-game;898;0.5;0.5;0.5;99.8;28.4;0.5;0.01;
sainsburys-goose-fat-295g;Sainsbury's Goose Fat 295g;£3.50/unit;£1.19/100g;Cooking ingredients & oils;oils;897;0.5;0.7;0.5;99.3;28.7;0.5;0.01;
sainsburys-gooseberry-fool-113g;Sainsbury's Fruit Fool Careless Gooseberry 113g;£0.70/unit;£0.61/100g;Yogurts;rice-dessert-style-yogurts;173;2.7;17.1;15.4;10.2;6.6;1.2;0.10;
sainsburys-gorgonzola-dolce--taste-the-difference-200g;Sainsbury's Gorgonzola Dolce, Taste the Difference 200g;£2.00/unit;£10.00/kg;Cheese;cheeseboard-delights;313;18.8;0.8;0.5;26.1;18.9;null;2.15;
sainsburys-gorgonzola-dolce--taste-the-difference-200g;Sainsbury's Gorgonzola Dolce, Taste the Difference 200g;£2.00/unit;£10.00/kg;Cheese;organic-taste-the-difference-cheese;313;18.8;0.8;0.5;26.1;18.9;null;2.15;
sainsburys-gouda-slices-250g;Sainsbury's Gouda Slices 250g;£2.00/unit;£8.00/kg;Cheese;sliced-grated-cheese;370;25.0;0.5;0.5;30.0;18.3;0.5;2.00;
sainsburys-gourmet-sea-salt-crisps--taste-the-difference-150g;Sainsbury's Gourmet Sea Salt Crisps, Taste the Difference 150g;£1.50/unit;£1.00/100g;Crisps, nuts & snacking fruit;crisps;498;5.7;51.4;0.5;30.0;3.5;6.4;1.20;
sainsburys-grade-pasta-flour--taste-the-difference-1kg;Sainsbury's 00 Grade Pasta Flour, Taste the Difference 1kg;£0.80/unit;£0.80/kg;Sugar & home baking;flour;339;11.5;70.3;1.4;1.3;0.3;3.0;0;
sainsburys-grana-padano-riserva--taste-the-difference-150g;Sainsbury's Grana Padano Riserva, Taste the Difference 150g;£2.75/unit;£18.33/kg;Cheese;organic-taste-the-difference-cheese;388;33.0;0.5;0.5;28.4;17.7;0.5;1.50;
sainsburys-granny-smith-apple-%28each%29;Sainsbury's Granny Smith Apple Loose;£1.95/kg;£1.95/kg;Fresh fruit;apples-pears-rhubarb;null;null;null;null;null;null;null;null;
sainsburys-granny-smith-apples-x5-%28minimum%29;Sainsbury's Granny Smith Apples x5 (minimum);£1.50/unit;£1.50/ea;Fresh fruit;apples-pears-rhubarb;47;0.4;11.8;11.8;0.1;0;1.8;null;
sainsburys-granola--so-organic-1kg;Sainsbury's Granola, SO Organic 1kg;£2.70/unit;£0.27/100g;Breakfast cereals;bigger-packs;419;7.8;66.2;22.4;12.2;4.3;6.7;0;
sainsburys-granola--so-organic-1kg;Sainsbury's Granola, SO Organic 1kg;£2.70/unit;£0.27/100g;Breakfast cereals;muesli-granola-clusters;419;7.8;66.2;22.4;12.2;4.3;6.7;0;
sainsburys-granola-slices--taste-the-difference-x4;Sainsbury's Granola Slices, Taste the Difference x4;£1.50/unit;£0.38/ea;Cakes;doughnuts-cookies;null;null;null;null;null;null;null;null;
sainsburys-granola-slices--taste-the-difference-x4;Sainsbury's Granola Slices, Taste the Difference x4;£1.50/unit;£0.38/ea;From our in store bakery;instore-bakery-doughnuts-cookies;null;null;null;null;null;null;null;null;
sainsburys-grape-bag-80g;Sainsbury's Grape Bag 80g;£0.65/unit;£8.13/kg;Fresh fruit;bananas-grapes;66;0.5;15.4;15.4;0.5;0.1;1.0;0.01;
sainsburys-grape-bag-80g;Sainsbury's Grape Bag 80g;£0.65/unit;£8.13/kg;Prepared & ready to eat;prepared-fruit;66;0.5;15.4;15.4;0.5;0.1;1.0;0.01;
sainsburys-grapefruit-segments--in-light-syrup-540g;Sainsbury's Grapefruit Segments, In Light Syrup 540g;£0.65/unit;£1.21/kg;Canned, tinned & packaged foods;canned-tinned-packaged-fruit;63;0.5;14.7;12.7;0.5;0.1;0.5;0.03;
sainsburys-grapefruit-segments--in-light-syrup-540g;Sainsbury's Grapefruit Segments, In Light Syrup 540g;£0.65/unit;£1.21/kg;Fruit & desserts;dessert-fruit;63;0.5;14.7;12.7;0.5;0.1;0.5;0.03;
sainsburys-grapefruit-segments-in-juice--unsweetened-539g;Sainsbury's Grapefruit Segments In Juice, Unsweetened 539g;£0.65/unit;£1.21/kg;Fruit & desserts;dessert-fruit;40;0.5;9.3;6.9;0.5;0.1;0.5;0.03;
sainsburys-grapes--basics-500g-%28green-or-red--colour-may-vary-due-to-supply%29;Sainsbury's Grapes, Basics 500g (green or red, colour may vary due to supply);£1.25/unit;£2.50/kg;Fresh fruit;bananas-grapes;60;0.4;15.4;15.4;0.1;null;0.7;null;
sainsburys-grapes--so-organic-400g-%28red-or-black--colour-may-vary-due-to-supply%29;Sainsbury's Grapes, SO Organic 400g (red or black, colour may vary due to supply);£2.50/unit;£6.25/kg;Fresh fruit;bananas-grapes;66;0.4;15.4;15.4;0.1;0;0.7;null;
sainsburys-grapes--so-organic-400g-%28red-or-black--colour-may-vary-due-to-supply%29;Sainsbury's Grapes, SO Organic 400g (red or black, colour may vary due to supply);£2.50/unit;£6.25/kg;Organic;organic;66;0.4;15.4;15.4;0.1;0;0.7;null;
sainsburys-grapeseed-oil-500ml;Sainsbury's Grapeseed Oil 500ml;£2.30/unit;£0.46/100ml;Cooking ingredients & oils;oils;832;0.5;0.5;0.5;92.4;10.4;0.5;0.01;
sainsburys-grated-cheddar--so-organic-200g;Sainsbury's Grated Cheddar, SO Organic 200g;£1.85/unit;£9.25/kg;Cheese;cheddar-british-regional-cheese;412;25.0;0.6;0.5;34.4;21.7;0.5;1.75;
sainsburys-grated-cheddar--so-organic-200g;Sainsbury's Grated Cheddar, SO Organic 200g;£1.85/unit;£9.25/kg;Cheese;organic-taste-the-difference-cheese;412;25.0;0.6;0.5;34.4;21.7;0.5;1.75;
sainsburys-grated-cheddar--so-organic-200g;Sainsbury's Grated Cheddar, SO Organic 200g;£1.85/unit;£9.25/kg;Cheese;sliced-grated-cheese;412;25.0;0.6;0.5;34.4;21.7;0.5;1.75;
sainsburys-grated-grana-padano-125g;Sainsbury's Grated Grana Padano 125g;£1.85/unit;£14.80/kg;Cheese;sliced-grated-cheese;384;33.0;0.5;0.5;28.0;17.7;0.5;1.50;
sainsburys-grated-mozzarella--basics-200g;Sainsbury's Grated Mozzarella, Basics 200g;£1.20/unit;£6.00/kg;Cheese;sliced-grated-cheese;337;26;2.5;0.7;25;18;0.5;1.1;
sainsburys-grated-mozzarella-250g;Sainsbury's Grated Mozzarella 250g;£2.00/unit;£8.00/kg;Cheese;sliced-grated-cheese;294;25.3;0.9;0.5;21.0;13.3;0.5;1.61;
sainsburys-grated-mozzarella-500g;Sainsbury's Grated Mozzarella 500g;£3.50/unit;£7.00/kg;Cheese;sliced-grated-cheese;294;25.3;0.9;0.5;21.0;13.3;0.5;1.61;
sainsburys-grated-parmesan--taste-the-difference-60g;Sainsbury's Grated Parmesan, Taste the Difference 60g;£1.75/unit;£29.17/kg;Cheese;organic-taste-the-difference-cheese;388;33.0;0.5;0.5;28.4;18.7;0.5;1.63;
sainsburys-grated-parmesan-120g;Sainsbury's Grated Parmesan 120g;£2.50/unit;£20.83/kg;Cheese;sliced-grated-cheese;388;33.0;0.5;0.5;28.4;18.7;0.5;1.63;
sainsburys-gravy--basics-170g;Sainsbury's Gravy, Basics 170g;£0.25/unit;£0.15/100g;Cooking ingredients & oils;gravy;31;0.5;2.9;0.5;2.0;1.1;0.5;0.93;
sainsburys-gravy-granules--beef-170g;Sainsbury's Gravy Granules, Beef 170g;£0.70/unit;£0.41/100g;Cooking ingredients & oils;gravy;34;0.5;3.4;0.5;2.1;1.2;0.5;1.03;
sainsburys-gravy-granules-500g;Sainsbury's Gravy Granules 500g;£1.50/unit;£0.30/100g;Cooking ingredients & oils;gravy;34;0.5;3.4;0.5;2.1;1.2;0.5;1.03;
sainsburys-gravy-powder-450g;Sainsbury's Gravy Powder 450g;£1.30/unit;£0.29/100g;Cooking ingredients & oils;gravy;23;0.5;5.1;0.6;0.5;0.1;0.5;1.27;
sainsburys-greek-feta-stuffed-olives--taste-the-difference-275g-%28160g*%29;Sainsbury's Greek Feta Stuffed Olives, Taste the Difference 275g (160g*);£2.50/unit;£1.56/100g;Vinegar, pickles, olives & antipasti;olives-antipasti;207;2.4;1.2;0.5;20.9;3.9;2.4;2.42;
sainsburys-greek-kalamata-extra-virgin-olive-oil--taste-the-difference-500ml;Sainsbury's Greek Kalamata Extra Virgin Olive Oil, Taste the Difference 500ml;£5.75/unit;£1.15/100ml;Cooking ingredients & oils;oils;823;0.5;0.5;0.5;91.4;13.3;0.5;0.01;
sainsburys-greek-kalamata-extra-virgin-olive-oil--taste-the-difference-500ml;Sainsbury's Greek Kalamata Extra Virgin Olive Oil, Taste the Difference 500ml;£5.75/unit;£1.15/100ml;Table sauces, dressings & condiments;salad-dressings;823;0.5;0.5;0.5;91.4;13.3;0.5;0.01;
sainsburys-greek-kalamata-olives-345g;Sainsbury's Greek Kalamata Olives 345g (205g*);£2.00/unit;£0.98/100g;Vinegar, pickles, olives & antipasti;olives-antipasti;305;2.7;0.5;0.5;31.7;3.8;3.8;3.05;
sainsburys-greek-kalamata-olives-oregano--taste-the-difference-300g;Sainsbury's Greek Kalamata Olives Oregano, Taste the Difference 300g (181g*);£2.50/unit;£1.38/100g;Vinegar, pickles, olives & antipasti;olives-antipasti;227;1.7;0.7;0.0;23.1;2.8;4.7;3.38;
sainsburys-greek-olive-oil--extra-virgin-500ml;Sainsbury's Greek Olive Oil, Extra Virgin 500ml;£2.90/unit;£0.58/100ml;Cooking ingredients & oils;oils;823;0;0;0;91.4;13.1;0;0;
sainsburys-greek-olives--basil---garlic-cracked--taste-the-difference-300g;Sainsbury's Greek Olives, Basil & Garlic Cracked, Taste the Difference 300g (189g*);£2.50/unit;£1.32/100g;Vinegar, pickles, olives & antipasti;olives-antipasti;152;1.3;0.3;0.0;15.3;2.6;3.9;5.20;
sainsburys-greek-pitted-kalamata-olives-335g;Sainsbury's Greek Pitted Kalamata Olives 335g (180g*);£2.00/unit;£1.11/100g;Vinegar, pickles, olives & antipasti;olives-antipasti;205;1.6;0.5;0.5;21.4;2.7;3.2;3.18;
sainsburys-greek-salad--taste-the-difference-165g;Sainsbury's Greek Salad Bowl, Taste the Difference 165g;£2.50/unit;£1.52/100g;Coleslaw, olives, salads & dips;coleslaw-salads;105;3.1;5.0;3.3;7.8;2.4;1.4;1.06;
sainsburys-greek-salad--taste-the-difference-165g;Sainsbury's Greek Salad Bowl, Taste the Difference 165g;£2.50/unit;£1.52/100g;Fresh salad;fresh-salad-prepared-ready-to-eat;105;3.1;5.0;3.3;7.8;2.4;1.4;1.06;
sainsburys-greek-salad--taste-the-difference-165g;Sainsbury's Greek Salad Bowl, Taste the Difference 165g;£2.50/unit;£1.52/100g;Prepared & ready to eat;prepared-salad-herbs;105;3.1;5.0;3.3;7.8;2.4;1.4;1.06;
sainsburys-greek-salad--taste-the-difference-165g;Sainsbury's Greek Salad Bowl, Taste the Difference 165g;£2.50/unit;£1.52/100g;Soup & lunchtime snacks;lunchtime-snacks;105;3.1;5.0;3.3;7.8;2.4;1.4;1.06;
sainsburys-greek-salad--taste-the-difference-165g;Sainsbury's Greek Salad Bowl, Taste the Difference 165g;£2.50/unit;£1.52/100g;Taste the Difference;taste-the-difference-185761-44;105;3.1;5.0;3.3;7.8;2.4;1.4;1.06;
sainsburys-greek-style-cheese--be-good-to-yourself-200g;Sainsbury's Greek Style Cheese, Be Good To Yourself 200g;£1.60/unit;£8.00/kg;Cheese;cottage-cheese---healthier-choice;182;18.5;1.0;1.0;11.5;8.5;null;1.90;
sainsburys-greek-style-fat-free-yogurt-500g;Sainsbury's Greek Style Fat Free Natural Yogurt 500g;£1.20/unit;£0.24/100g;Yogurts;big-pots-pouring-yogurts;54;7.3;5.2;5.2;0.5;0.3;0.5;0.18;
sainsburys-greek-style-fat-free-yogurt-500g;Sainsbury's Greek Style Fat Free Natural Yogurt 500g;£1.20/unit;£0.24/100g;Yogurts;diet-low-fat-yogurts;54;7.3;5.2;5.2;0.5;0.3;0.5;0.18;
sainsburys-greek-style-fat-free-yogurt-500g;Sainsbury's Greek Style Fat Free Natural Yogurt 500g;£1.20/unit;£0.24/100g;Yogurts;natural-greek-yogurts;54;7.3;5.2;5.2;0.5;0.3;0.5;0.18;
sainsburys-greek-style-natural-yogurt-200g;Sainsbury's Greek Style Natural Yogurt 200g;£0.50/unit;£0.25/100g;Yogurts;big-pots-pouring-yogurts;120;4.1;5.3;5.1;9.2;6.0;0.5;0.15;
sainsburys-greek-style-natural-yogurt-200g;Sainsbury's Greek Style Natural Yogurt 200g;£0.50/unit;£0.25/100g;Yogurts;natural-greek-yogurts;120;4.1;5.3;5.1;9.2;6.0;0.5;0.15;
sainsburys-greek-style-orange---mango-yog-4x125g;Sainsbury's Greek Style Yogurt, Orange & Mango 4x125g;£1.40/unit;£0.28/100g;Yogurts;corners-everyday-yogurts;134;3.6;13;12;7.5;5.3;0.5;0.13;
sainsburys-greek-style-orange---mango-yog-4x125g;Sainsbury's Greek Style Yogurt, Orange & Mango 4x125g;£1.40/unit;£0.28/100g;Yogurts;natural-greek-yogurts;134;3.6;13;12;7.5;5.3;0.5;0.13;
sainsburys-greek-style-yogurt---honey-4x125g;Sainsbury's Greek Style Yogurt, With Honey 4x125g;£1.40/unit;£0.28/100g;Yogurts;corners-everyday-yogurts;149;3.8;14.2;14.2;8.4;5.9;0.5;0.13;
sainsburys-greek-style-yogurt---honey-4x125g;Sainsbury's Greek Style Yogurt, With Honey 4x125g;£1.40/unit;£0.28/100g;Yogurts;natural-greek-yogurts;149;3.8;14.2;14.2;8.4;5.9;0.5;0.13;
sainsburys-green-beans--basics-200g;Sainsbury's Green Beans, Basics 200g;£0.95/unit;£4.75/kg;Fresh vegetables;peas-beans-sweetcorn-asparagus;29;1.9;3.2;2.3;0.5;0.1;2.2;0.00;
sainsburys-green-cabbage-%28each%29;Sainsbury's Green Cabbage (each);£0.80/unit;£0.80/ea;Fresh vegetables;broccoli-cauliflower-cabbage-greens;32;2.4;3.9;3.9;0.5;0.1;2.7;0.02;
sainsburys-green-chilli-peppers-310g-%28150g*%29;Sainsbury's Green Chilli Peppers 310g (150g*);£1.50/unit;£0.48/100g;Vinegar, pickles, olives & antipasti;olives-antipasti;23;0.6;0.9;0.5;0.5;0.1;6.0;4.99;
sainsburys-green-chillies-50g;Sainsbury's Green Chillies 50g;£0.60/unit;£12.00/kg;Fresh herbs & ingredients;afro-caribbean-ingredients;23;2.9;0.7;0.7;0.6;0.1;null;0.02;
sainsburys-green-chillies-50g;Sainsbury's Green Chillies 50g;£0.60/unit;£12.00/kg;Fresh herbs & ingredients;asian-ingredients;23;2.9;0.7;0.7;0.6;0.1;null;0.02;
sainsburys-green-chillies-50g;Sainsbury's Green Chillies 50g;£0.60/unit;£12.00/kg;Fresh herbs & ingredients;indian-ingredients;23;2.9;0.7;0.7;0.6;0.1;null;0.02;
sainsburys-green-chillies-50g;Sainsbury's Green Chillies 50g;£0.60/unit;£12.00/kg;Fresh vegetables;chillies-herbs-ingredients;23;2.9;0.7;0.7;0.6;0.1;null;0.02;
sainsburys-green-chillies-50g;Sainsbury's Green Chillies 50g;£0.60/unit;£12.00/kg;Fresh vegetables;fresh-vegetables-world-exotic;23;2.9;0.7;0.7;0.6;0.1;null;0.02;
sainsburys-green-designer-icing-120g;Sainsbury's Green Designer Icing 120g;£1.40/unit;£1.17/100g;Sugar & home baking;decorations;396;0.5;81.7;81.3;7.4;1.7;0.6;0.05;
sainsburys-green-designer-icing-120g;Sainsbury's Green Designer Icing 120g;£1.40/unit;£1.17/100g;Sugar & home baking;icing---marzipan;396;0.5;81.7;81.3;7.4;1.7;0.6;0.05;
sainsburys-green-food-colouring-38ml;Sainsbury's Green Food Colouring 38ml;£1.00/unit;£0.26/10ml;Sugar & home baking;baking-ingredients---colourings;null;null;null;null;null;null;null;null;
sainsburys-green-jalapeno-peppers-x10-250g;Sainsbury's Green Jalapeno Peppers x10 250g;£3.00/unit;£12.00/kg;Coleslaw, olives, salads & dips;party-food-128152-44;320;10.4;19.1;7.1;22.0;9.3;2.0;1.27;
sainsburys-green-lentils---kidney-beans-250g;Sainsbury's Green Lentils & Kidney Beans 250g;£1.50/unit;£6.00/kg;Canned, tinned & packaged foods;pulses-beans;154;10.5;19.9;1.6;1.9;0.5;7.5;0.01;
sainsburys-green-lentils-250g;Sainsbury's Green Lentils 250g;£1.50/unit;£6.00/kg;Canned, tinned & packaged foods;pulses-beans;143;10.2;19.0;1.1;1.4;0.5;6.7;0.01;
sainsburys-green-lentils-in-water-410g;Sainsbury's Green Lentils In Water 410g (265g*);£0.60/unit;£2.26/kg;Canned, tinned & packaged foods;pulses-beans;82;6.1;10.9;0.5;0.6;0.1;4.4;0.03;
sainsburys-green-olive-tapenade-with-herbs-100g;Sainsbury's Green Olive Tapenade With Herbs 100g;£1.50/unit;£1.50/100g;Vinegar, pickles, olives & antipasti;olives-antipasti;265;1.1;1.1;0.5;27.8;4.0;3.2;3.68;
sainsburys-green-olives--organic-290g;Sainsbury's Green Olives, SO Organic 290g (165g*);£1.70/unit;£1.03/100g;Vinegar, pickles, olives & antipasti;olives-antipasti;127;1.3;1.7;0.5;11.2;1.9;7.0;2.25;
sainsburys-green-olives-with-sweet-pepper---basil-180g;Sainsbury's Queen Olives with Sweet Pepper & Basil 180g;£1.50/unit;£0.83/100g;Coleslaw, olives, salads & dips;olives-tapas-antipasti;166;1.6;0.9;0.7;16.4;2.0;4.3;2.68;
sainsburys-green-olives-with-sweet-pepper---basil-180g;Sainsbury's Queen Olives with Sweet Pepper & Basil 180g;£1.50/unit;£0.83/100g;Vegetarian & meat free;deli-meat-alternatives;166;1.6;0.9;0.7;16.4;2.0;4.3;2.68;
sainsburys-green-pepper-%28each%29;Sainsbury's Green Pepper (each);£0.60/unit;£0.60/ea;Fresh salad;peppers;null;null;null;null;null;null;null;null;
sainsburys-green-pepper-%28each%29;Sainsbury's Green Pepper (each);£0.60/unit;£0.60/ea;Fresh vegetables;peppers-salad-vegetables;null;null;null;null;null;null;null;null;
sainsburys-green-peppercorns-100g;Sainsbury's Green Peppercorns 100g;£1.20/unit;£0.12/10g;Cooking ingredients & oils;salt-pepper;106;2.9;16.5;0.1;1.5;0.8;7.5;8.60;
sainsburys-green-pitted-olives--basics-90g;Sainsbury's Green Pitted Olives, Basics 90g;£1.10/unit;£1.22/100g;Coleslaw, olives, salads & dips;olives-tapas-antipasti;121;1.3;7.7;0.5;8.6;1.3;3.7;3.45;
sainsburys-green-pitted-olives--basics-90g;Sainsbury's Green Pitted Olives, Basics 90g;£1.10/unit;£1.22/100g;Vegetarian & meat free;deli-meat-alternatives;121;1.3;7.7;0.5;8.6;1.3;3.7;3.45;
sainsburys-green-thai-chicken-soup-600g;Sainsbury's Thai Green Chicken Soup 600g;£1.40/unit;£0.23/100g;Soup & lunchtime snacks;fresh-soups;68;2.4;5.6;2.1;3.8;3.1;1.0;0.43;
sainsburys-green-thai-paste-180g;Sainsbury's Thai Green Curry Paste 180g;£1.50/unit;£0.83/100g;Cooking ingredients & oils;cooking-pastes;132;1.4;12.0;4.7;8.3;3.1;1.8;1.75;
sainsburys-green-thai-paste-180g;Sainsbury's Thai Green Curry Paste 180g;£1.50/unit;£0.83/100g;Cooking sauces & world foods;thai-cooking-sauces;132;1.4;12.0;4.7;8.3;3.1;1.8;1.75;
sainsburys-green-vegetable-medley-200g;Sainsbury's Asparagus, Sugar Snaps & Tenderstem Broccoli 200g;£2.00/unit;£10.00/kg;Fresh vegetables;fresh-vegetables-stir-fry;50;3.3;7.1;3.7;0.5;0.1;2.6;0.13;
sainsburys-green-vegetable-medley-200g;Sainsbury's Asparagus, Sugar Snaps & Tenderstem Broccoli 200g;£2.00/unit;£10.00/kg;Fresh vegetables;peas-beans-sweetcorn-asparagus;50;3.3;7.1;3.7;0.5;0.1;2.6;0.13;
sainsburys-green-vegetable-medley-200g;Sainsbury's Asparagus, Sugar Snaps & Tenderstem Broccoli 200g;£2.00/unit;£10.00/kg;Prepared & ready to eat;prepared-vegetables;50;3.3;7.1;3.7;0.5;0.1;2.6;0.13;
sainsburys-green-vegetable-primavera-soup--taste-the-difference-600gr;Sainsbury's Green Vegetable Primavera Soup, Taste the Difference 600g;£2.00/unit;£0.33/100g;Soup & lunchtime snacks;fresh-soups;46;2.7;6.1;2.2;0.7;0.4;2.3;0.38;
sainsburys-green-vegetable-risotto-kiev-300g;Sainsbury's Green Vegetable Risotto Kiev 300g;£2.30/unit;£7.67/kg;Ready meals;healthier-choice-ready-meals;234;6.3;25.1;1.1;11.2;3.4;3.8;0.58;
sainsburys-green-vegetable-risotto-kiev-300g;Sainsbury's Green Vegetable Risotto Kiev 300g;£2.30/unit;£7.67/kg;Ready meals;mediterranean-other-cuisine-ready-meals;234;6.3;25.1;1.1;11.2;3.4;3.8;0.58;
sainsburys-green-vegetable-risotto-kiev-300g;Sainsbury's Green Vegetable Risotto Kiev 300g;£2.30/unit;£7.67/kg;Ready meals;potato-vegetable-side-dishes;234;6.3;25.1;1.1;11.2;3.4;3.8;0.58;
sainsburys-green-vegetable-risotto-kiev-300g;Sainsbury's Green Vegetable Risotto Kiev 300g;£2.30/unit;£7.67/kg;Ready meals;vegetarian-ready-meals;234;6.3;25.1;1.1;11.2;3.4;3.8;0.58;
sainsburys-green-vegetable-risotto-kiev-300g;Sainsbury's Green Vegetable Risotto Kiev 300g;£2.30/unit;£7.67/kg;Vegetarian & meat free;deli-meat-alternatives;234;6.3;25.1;1.1;11.2;3.4;3.8;0.58;
sainsburys-green-vegetable-selection--taste-the-difference-200g;Sainsbury's Green Vegetable Selection, Taste the Difference 200g;£2.40/unit;£12.00/kg;Prepared & ready to eat;prepared-vegetables;81;4.2;3.0;2.0;4.7;2.7;4.6;0.14;
sainsburys-green-vegetable-selection--taste-the-difference-200g;Sainsbury's Green Vegetable Selection, Taste the Difference 200g;£2.40/unit;£12.00/kg;Ready meals;potato-vegetable-side-dishes;81;4.2;3.0;2.0;4.7;2.7;4.6;0.14;
sainsburys-green-vegetable-selection--taste-the-difference-200g;Sainsbury's Green Vegetable Selection, Taste the Difference 200g;£2.40/unit;£12.00/kg;Ready meals;taste-the-difference-bistro-ready-meals;81;4.2;3.0;2.0;4.7;2.7;4.6;0.14;
sainsburys-green-vegetable-selection-450g;Sainsbury's Green Vegetable Selection 450g;£2.50/unit;£5.56/kg;Ready meals;british-ready-meals;58;2.6;4.7;2.4;2.1;1.1;5.0;0.15;
sainsburys-green-vegetable-selection-450g;Sainsbury's Green Vegetable Selection 450g;£2.50/unit;£5.56/kg;Ready meals;potato-vegetable-side-dishes;58;2.6;4.7;2.4;2.1;1.1;5.0;0.15;
sainsburys-green-vegetable-selection-450g;Sainsbury's Green Vegetable Selection 450g;£2.50/unit;£5.56/kg;Ready meals;vegetarian-ready-meals;58;2.6;4.7;2.4;2.1;1.1;5.0;0.15;
sainsburys-green-vegetable-selection-with-mint-butter-260g;Sainsbury's Green Vegetable Selection With Mint Butter 260g;£2.00/unit;£7.69/kg;Prepared & ready to eat;prepared-vegetables;58;2.6;4.7;2.4;2.1;1.1;5.0;0.15;
sainsburys-green-vegetable-selection-with-mint-butter-260g;Sainsbury's Green Vegetable Selection With Mint Butter 260g;£2.00/unit;£7.69/kg;Ready meals;british-ready-meals;58;2.6;4.7;2.4;2.1;1.1;5.0;0.15;
sainsburys-green-vegetable-selection-with-mint-butter-260g;Sainsbury's Green Vegetable Selection With Mint Butter 260g;£2.00/unit;£7.69/kg;Ready meals;potato-vegetable-side-dishes;58;2.6;4.7;2.4;2.1;1.1;5.0;0.15;
sainsburys-green-vegetable-selection-with-mint-butter-260g;Sainsbury's Green Vegetable Selection With Mint Butter 260g;£2.00/unit;£7.69/kg;Vegetarian & meat free;coleslaw--olives--salads---dips-30658-44;58;2.6;4.7;2.4;2.1;1.1;5.0;0.15;
sainsburys-green-vegetable-selection-with-mint-butter-260g;Sainsbury's Green Vegetable Selection With Mint Butter 260g;£2.00/unit;£7.69/kg;Vegetarian & meat free;vegetarian-meat-free-ready-meals;58;2.6;4.7;2.4;2.1;1.1;5.0;0.15;
sainsburys-green-vegetables-with-mint-butter-450g;Sainsbury's Green Vegetables With Mint Butter 450g;£2.50/unit;£5.56/kg;Prepared & ready to eat;prepared-vegetables;58;2.6;4.7;2.4;2.1;1.1;5.0;0.15;
sainsburys-greens-500g;Sainsbury's Greens 500g;£1.00/unit;£2.00/kg;Fresh vegetables;broccoli-cauliflower-cabbage-greens;38;3.0;3.0;2.6;0.8;0.1;3.4;0.05;
sainsburys-grilled-whole-artichokes-180g;Sainsbury's Italian Grilled Artichokes 180g;£3.25/unit;£1.81/100g;Coleslaw, olives, salads & dips;olives-tapas-antipasti;168;2.7;3.1;1.8;15.3;1.7;3.9;2.38;
sainsburys-grissini---bread-sticks--sesame-seed-125g;Sainsbury's Grissini - Bread Sticks, Sesame Seed 125g;£0.55/unit;£0.44/100g;Biscuits & crackers;crackers-savoury-biscuits;419;12.7;65.5;3.0;11.8;1.8;3.2;1.75;
sainsburys-grissini---bread-sticks-125g;Sainsbury's Grissini Bread Sticks 125g;£0.80/unit;£0.64/100g;Biscuits & crackers;crackers-savoury-biscuits;414;11.2;73.1;2.8;7.9;1.4;2.8;1.75;
sainsburys-ground-allspice-40g;Sainsbury's Ground Allspice 40g;£1.00/unit;£0.25/10g;Cooking ingredients & oils;herbs-spices-seasoning;null;null;null;null;null;null;null;null;
sainsburys-ground-almonds-200g;Sainsbury's Ground Almonds 200g;£2.20/unit;£1.10/100g;Sugar & home baking;nuts---seeds;645;25;6.5;4.0;56;4.4;7.4;0.04;
sainsburys-ground-black-pepper--basics-25g;Sainsbury's Ground Black Pepper, Basics 25g;£0.40/unit;£0.16/10g;Cooking ingredients & oils;salt-pepper;null;null;null;null;null;null;null;null;
sainsburys-ground-black-pepper--fairtrade-43g;Sainsbury's Ground Black Pepper, Fairtrade 43g;£1.50/unit;£0.35/10g;Cooking ingredients & oils;salt-pepper;null;null;null;null;null;null;null;null;
sainsburys-ground-black-pepper--fairtrade-80g;Sainsbury's Ground Black Pepper, Fairtrade 80g;£2.50/unit;£0.31/10g;Cooking ingredients & oils;salt-pepper;null;null;null;null;null;null;null;null;
sainsburys-ground-cinnamon--fairtrade-45g;Sainsbury's Ground Cinnamon, Fairtrade 45g;£1.00/unit;£0.22/10g;Cooking ingredients & oils;herbs-spices-seasoning;null;null;null;null;null;null;null;null;
sainsburys-ground-coriander-34g;Sainsbury's Ground Coriander 34g;£1.00/unit;£0.29/10g;Cooking ingredients & oils;herbs-spices-seasoning;null;null;null;null;null;null;null;null;
sainsburys-ground-cumin-46g;Sainsbury's Ground Cumin 46g;£1.00/unit;£0.22/10g;Cooking ingredients & oils;herbs-spices-seasoning;null;null;null;null;null;null;null;null;
sainsburys-ground-ginger--fairtrade-32g;Sainsbury's Ground Ginger, Fairtrade 32g;£1.00/unit;£0.31/10g;Cooking ingredients & oils;herbs-spices-seasoning;null;null;null;null;null;null;null;null;
sainsburys-ground-hazelnuts-100g;Sainsbury's Ground Hazelnuts 100g;£1.70/unit;£1.70/100g;Sugar & home baking;nuts---seeds;673;15.0;8.2;4.9;62.4;4.5;9.4;0.01;
sainsburys-ground-mace-38g;Sainsbury's Ground Mace 38g;£1.00/unit;£0.26/10g;Cooking ingredients & oils;herbs-spices-seasoning;null;null;null;null;null;null;null;null;
sainsburys-ground-mixed-spice--fairtrade-38g;Sainsbury's Ground Mixed Spice, Fairtrade 38g;£1.00/unit;£0.26/10g;Cooking ingredients & oils;herbs-spices-seasoning;null;null;null;null;null;null;null;null;
sainsburys-ground-nutmeg-35g;Sainsbury's Ground Nutmeg 35g;£1.00/unit;£0.29/10g;Cooking ingredients & oils;herbs-spices-seasoning;null;null;null;null;null;null;null;null;
sainsburys-ground-rice-500g;Sainsbury's Ground Rice 500g;£1.00/unit;£2.00/kg;Rice, pasta & noodles;rice-12592-44;350;7.4;78.0;0.5;0.6;0.1;1.4;0.01;
sainsburys-ground-white-pepper-44g;Sainsbury's Ground White Pepper 44g;£1.50/unit;£0.34/10g;Cooking ingredients & oils;salt-pepper;null;null;null;null;null;null;null;null;
sainsburys-ground-white-pepper-80g;Sainsbury's Ground White Pepper 80g;£2.50/unit;£0.31/10g;Cooking ingredients & oils;salt-pepper;null;null;null;null;null;null;null;null;
sainsburys-groundnut-oil-500ml;Sainsbury's Groundnut Oil 500ml;£1.65/unit;£0.33/100ml;Cooking ingredients & oils;oils;823;0.5;0.5;0.5;91.4;15.7;0.5;0.01;
sainsburys-gruyere---garlic-fougasse--taste-the-difference-295g;Sainsbury's Gruyere & Garlic Fougasse, Taste the Difference 295g;£2.20/unit;£0.75/100g;Pizza, pasta & garlic bread;garlic-bread;294;9.5;42.6;2.0;8.9;4.0;2.9;1.00;
sainsburys-gruyere---garlic-fougasse--taste-the-difference-295g;Sainsbury's Gruyere & Garlic Fougasse, Taste the Difference 295g;£2.20/unit;£0.75/100g;Ready meals;taste-the-difference-bistro-ready-meals;294;9.5;42.6;2.0;8.9;4.0;2.9;1.00;
sainsburys-gruyere---garlic-fougasse--taste-the-difference-295g;Sainsbury's Gruyere & Garlic Fougasse, Taste the Difference 295g;£2.20/unit;£0.75/100g;Vegetarian & meat free;vegetarian-meat-free-pizza-pasta;294;9.5;42.6;2.0;8.9;4.0;2.9;1.00;
sainsburys-gruyere-cheese---red-onion-focaccia--taste-the-difference;Sainsbury's Gruyere Cheese & Red Onion Focaccia, Taste the Difference;£1.65/unit;£0.83/100g;Naan, ciabatta & breads of the world;naan-ciabatta-breads-of-the-world;296;12.8;34.0;2.2;11.1;3.5;4.6;0.90;
sainsburys-gruyere-poppy-seed-twists--taste-the-difference-125g;Sainsbury's Gruyere Poppy Seed Twists, Taste the Difference 125g;£1.50/unit;£1.20/100g;Biscuits & crackers;crackers-savoury-biscuits;509;13.7;50.5;3.4;28.0;18.1;2.6;1.90;
sainsburys-guacamole-170g;Sainsbury's Guacamole 170g;£1.70/unit;£1.00/100g;Coleslaw, olives, salads & dips;fresh-dips-houmous;212;1.5;4.2;2.9;20.2;7.4;3.7;0.50;
sainsburys-guacamole-170g;Sainsbury's Guacamole 170g;£1.70/unit;£1.00/100g;Vegetarian & meat free;deli-meat-alternatives;212;1.5;4.2;2.9;20.2;7.4;3.7;0.50;
sainsburys-gummy-mix-75g;Sainsbury's Gummy Mix 75g;£0.40/unit;£0.53/100g;Confectionery;sweets;328;6.4;73.9;44.1;0.2;0.1;0.0;0;
sainsburys-haddock---prawn-gratin--taste-the-difference-400g-7583051-p-44;Sainsbury's Haddock & Prawn Dauphinoise Taste the Difference 400g;£3.30/unit;£8.25/kg;Ready meals;british-ready-meals;153;9.0;12.7;2.9;7.1;3.0;1.3;0.58;
sainsburys-haddock---prawn-gratin--taste-the-difference-400g-7583051-p-44;Sainsbury's Haddock & Prawn Dauphinoise Taste the Difference 400g;£3.30/unit;£8.25/kg;Ready meals;meals-for-1-ready-meals;153;9.0;12.7;2.9;7.1;3.0;1.3;0.58;
sainsburys-haddock---prawn-gratin--taste-the-difference-400g-7583051-p-44;Sainsbury's Haddock & Prawn Dauphinoise Taste the Difference 400g;£3.30/unit;£8.25/kg;Ready meals;taste-the-difference-bistro-ready-meals;153;9.0;12.7;2.9;7.1;3.0;1.3;0.58;
sainsburys-haddock-fillet-portion-400g;Sainsbury's Haddock Fillet Portion 400g;£4.50/unit;£11.25/kg;Fish & seafood;frozen-fish-seafood;105;24.1;0.5;0.5;0.9;0.2;0.5;0.38;
sainsburys-haddock-fishcakes-x2-270g;Sainsbury's Haddock Fishcakes x2 270g;£2.00/unit;£7.41/kg;Breaded & coated;breaded-coated-fish-seafood;188;10.8;18.7;1.7;7.4;0.8;1.5;0.76;
sainsburys-haddock-fishcakes-x2-270g;Sainsbury's Haddock Fishcakes x2 270g;£2.00/unit;£7.41/kg;Fish & seafood;fishcakes-breaded-fish;188;10.8;18.7;1.7;7.4;0.8;1.5;0.76;
sainsburys-haddock-fishcakes-x2-270g;Sainsbury's Haddock Fishcakes x2 270g;£2.00/unit;£7.41/kg;Just Cook, prepared & sauces;fuss-free-fish-135654-44;188;10.8;18.7;1.7;7.4;0.8;1.5;0.76;
sainsburys-haddock-loins--taste-the-difference-266g;Sainsbury's Haddock Loins, Taste the Difference 266g;£3.75/unit;£14.10/kg;Fish & seafood;frozen-fish-seafood;105;24.1;0.5;0.5;0.9;0.2;0.5;0.38;
sainsburys-haddock-skinless---boneless-fillets-%28approx-325g%29;Sainsbury's Haddock Fillets, Skinless & Boneless (approx. 325g);£16.00/kg;£16.00/kg;Fish & seafood;filleted-whole-fish;0;0.5;0.5;0.5;0.5;0.1;0.5;0.01;
sainsburys-half-aromatic-duck-with-pancakes---hoi-sin-sauce-550g;Sainsbury's Half Aromatic Duck With Pancakes & Hoi Sin Sauce 500g;£7.00/unit;£14.00/kg;Duck & game;duck-game;265;18.8;23.0;11.4;10.7;2.7;0.8;0.95;
sainsburys-half-aromatic-duck-with-pancakes---hoi-sin-sauce-550g;Sainsbury's Half Aromatic Duck With Pancakes & Hoi Sin Sauce 500g;£7.00/unit;£14.00/kg;Just Cook, prepared & sauces;prepared-joints;265;18.8;23.0;11.4;10.7;2.7;0.8;0.95;
sainsburys-half-fat-burgers--butchers-choice-x4-454g;Sainsbury's Half Fat Burgers, Butcher's Choice x4 454g;£3.00/unit;£6.61/kg;Beef;beef;197;22.4;3.5;0.5;10.2;4.2;0.5;0.75;
sainsburys-half-fat-burgers--butchers-choice-x4-454g;Sainsbury's Half Fat Burgers, Butcher's Choice x4 454g;£3.00/unit;£6.61/kg;Burgers & BBQ;burgers-bbq;197;22.4;3.5;0.5;10.2;4.2;0.5;0.75;
sainsburys-halloween-mega-chocolate-traybake;Sainsbury's Mega Chocolate Traybake;£10.00/unit;£5.92/kg;Celebration cakes;celebration-cakes;426;4.4;52;41;22;8.6;2.3;0.50;
sainsburys-ham---mushroom-pasta-melt-800g;Sainsbury's Ham & Mushroom Pasta Melt 800g;£4.00/unit;£5.00/kg;Ready meals;italian-ready-meals;177;7.3;18.3;3.1;7.8;2.4;2.0;0.55;
sainsburys-ham---mushroom-stonebaked-pizza-427g;Sainsbury's Stonebaked Ham & Mushroom Pizza 427g;£2.60/unit;£6.09/kg;Pizza & garlic bread;frozen-pizza-garlic-bread;248;11.5;28.2;2.6;9.4;4.3;2.7;1.11;
sainsburys-ham---mushroom-tagliatelle--be-good-to-yourself-400g;Sainsbury's Ham & Mushroom Tagliatelle, Be Good To Yourself 400g;£2.40/unit;£6.00/kg;Ready meals;healthier-choice-ready-meals;86;4.3;13.5;1.1;1.3;0.5;1.5;0.38;
sainsburys-ham---mushroom-tagliatelle--be-good-to-yourself-400g;Sainsbury's Ham & Mushroom Tagliatelle, Be Good To Yourself 400g;£2.40/unit;£6.00/kg;Ready meals;italian-ready-meals;86;4.3;13.5;1.1;1.3;0.5;1.5;0.38;
sainsburys-ham---mushroom-tagliatelle--be-good-to-yourself-400g;Sainsbury's Ham & Mushroom Tagliatelle, Be Good To Yourself 400g;£2.40/unit;£6.00/kg;Ready meals;meals-for-1-ready-meals;86;4.3;13.5;1.1;1.3;0.5;1.5;0.38;
sainsburys-ham---mushroom-tagliatelle--be-good-to-yourself-400g;Sainsbury's Ham & Mushroom Tagliatelle, Be Good To Yourself 400g;£2.40/unit;£6.00/kg;Soup & lunchtime snacks;lunchtime-snacks;86;4.3;13.5;1.1;1.3;0.5;1.5;0.38;
sainsburys-ham---mushroom-tagliatelle-430g;Sainsbury's Ham & Mushroom Tagliatelle 430g;£2.30/unit;£5.35/kg;Ready meals;italian-ready-meals;136;6.6;11.9;1.8;5.7;2.9;5.4;0.50;
sainsburys-ham---mushroom-tagliatelle-430g;Sainsbury's Ham & Mushroom Tagliatelle 430g;£2.30/unit;£5.35/kg;Ready meals;meals-for-1-ready-meals;136;6.6;11.9;1.8;5.7;2.9;5.4;0.50;
sainsburys-ham--basics-200g;Sainsbury's Ham, Basics 200g;£1.05/unit;£0.53/100g;Canned, tinned & packaged foods;cold-meat;89;13;0.5;0.5;4.0;1.6;0.5;2.3;
sainsburys-ham--lean-cooked-454g;Sainsbury's Lean Ham, Can 454g;£2.80/unit;£0.62/100g;Canned, tinned & packaged foods;cold-meat;91;17.8;0.2;0.2;2.1;0.9;0;2.75;
sainsburys-ham--mushroom---mascarpone-12-pizza--taste-the-difference-520g;Sainsbury's Ham, Mushroom & Mascarpone Pizza, Taste the Difference 12'' 525g;£5.00/unit;£9.52/kg;Pizza, pasta & garlic bread;pizza;244;11.9;31.6;2.5;7.2;3.8;2.4;0.83;
sainsburys-ham-hock---sweet-potato-mash--be-good-to-yourself-400g;Sainsbury's Ham Hock & Sweet Potato Mash, Be Good To Yourself 400g;£3.00/unit;£7.50/kg;Ready meals;healthier-choice-ready-meals;77;4.8;9.1;2.2;2.0;0.7;2.1;0.38;
sainsburys-ham-hock---sweet-potato-mash--be-good-to-yourself-400g;Sainsbury's Ham Hock & Sweet Potato Mash, Be Good To Yourself 400g;£3.00/unit;£7.50/kg;Ready meals;meals-for-1-ready-meals;77;4.8;9.1;2.2;2.0;0.7;2.1;0.38;
sainsburys-ham-hock---sweet-potato-mash--be-good-to-yourself-400g;Sainsbury's Ham Hock & Sweet Potato Mash, Be Good To Yourself 400g;£3.00/unit;£7.50/kg;Soup & lunchtime snacks;lunchtime-snacks;77;4.8;9.1;2.2;2.0;0.7;2.1;0.38;
sainsburys-ham-hock--red-onion---goats-cheese-12-pizza--taste-the-difference;Sainsbury's Ham Hock, Red Onion & Goats' Cheese Pizza, Taste the Difference 12'' 480g;£5.00/unit;£10.42/kg;Pizza, pasta & garlic bread;pizza;275;13.4;36.2;1.6;8.1;3.4;1.8;1.23;
sainsburys-ham-hock-crispbakes-x2-300g;Sainsbury's Ham Hock Crispbakes x2 300g;£2.25/unit;£7.50/kg;Breaded & coated;breaded-coated-chicken-turkey-pork;211;10.9;17.9;1.3;10.3;2.0;1.7;0.78;
sainsburys-ham-hocks-in-honey---mustard-x2-670g;Sainsbury's Ham Hocks In Honey & Mustard x2 670g;£5.00/unit;£7.46/kg;Meat & poultry;frozen-pork;142;18.3;1.3;1.2;7.0;2.9;0.5;1.23;
sainsburys-hand-crafted-bread--taste-the-difference-400g;Sainsbury's Hand Crafted Bread, Taste the Difference 400g;£1.00/unit;£0.25/100g;Bread;bread-from-our-bakery2;null;null;null;null;null;null;null;null;
sainsburys-hand-crafted-bread--taste-the-difference-400g;Sainsbury's Hand Crafted Bread, Taste the Difference 400g;£1.00/unit;£0.25/100g;From our in store bakery;bread-from-our-bakery;null;null;null;null;null;null;null;null;
sainsburys-hand-crimped-cornish-pasty--taste-the-difference-200g;Sainsbury's Hand Crimped Cornish Pasty, Taste the Difference 200g;£1.50/unit;£0.75/100g;Pies, pasties & quiche;slices-pasties;260;8.3;23.7;1.7;14.4;6.7;1.2;0.88;
sainsburys-hand-crimped-cornish-pasty--taste-the-difference-200g;Sainsbury's Hand Crimped Cornish Pasty, Taste the Difference 200g;£1.50/unit;£0.75/100g;Soup & lunchtime snacks;lunchtime-snacks;260;8.3;23.7;1.7;14.4;6.7;1.2;0.88;
sainsburys-handbag---shoe-cake-792g;Sainsbury's Handbag & Shoe Madeira Cake 792g;£9.00/unit;£11.39/kg;Celebration cakes;celebration-cakes;454;2.3;65.4;53.0;20.2;4.1;0.8;0.35;
sainsburys-happy-birthday-madeira-cake-1260g;Sainsbury's Happy Birthday Madeira Cake 1260g;£10.00/unit;£7.94/kg;Celebration cakes;celebration-cakes;399;2.6;69;48;12;2.6;0.9;0.44;
sainsburys-haricot-beans-in-water-410g;Sainsbury's Haricot Beans In Water 410g (265g*);£0.60/unit;£2.26/kg;Canned, tinned & packaged foods;pulses-beans;101;8.0;12.1;0.5;0.7;0.1;7.2;0.03;
sainsburys-harissa-cous-cous-110g-7612424-p-44;Sainsbury's Harissa Cous Cous 110g;£0.60/unit;£5.45/kg;Canned, tinned & packaged foods;pulses-beans;136;5.0;26.2;2.6;0.7;0.2;2.3;0.34;
sainsburys-harissa-cous-cous-110g-7612424-p-44;Sainsbury's Harissa Cous Cous 110g;£0.60/unit;£5.45/kg;Rice, pasta & noodles;couscous-grains;136;5.0;26.2;2.6;0.7;0.2;2.3;0.34;
sainsburys-harissa-dressing--taste-the-difference-255ml;Sainsbury's Harissa Dressing, Taste The Difference 255ml;£1.85/unit;£0.73/100ml;Table sauces, dressings & condiments;salad-dressings;128;0.5;11.8;9.3;8.6;1.1;1.1;1.01;
sainsburys-harissa-paste-75g;Sainsbury's Harissa Paste 75g;£0.80/unit;£1.00/100g;Cooking ingredients & oils;cooking-pastes;127;2.2;6.9;6.1;8.7;0.7;6.1;1.45;
sainsburys-harissa-paste-75g;Sainsbury's Harissa Paste 75g;£0.80/unit;£1.00/100g;Fresh herbs & ingredients;mediterranean-ingredients;127;2.2;6.9;6.1;8.7;0.7;6.1;1.45;
sainsburys-harissa-paste-90g;Sainsbury's Harissa Paste 90g;£1.99/unit;£2.21/100g;Cooking ingredients & oils;cooking-pastes;226;2.1;6.6;5.6;20.1;1.4;5.1;1.75;
sainsburys-harissa-spices-50g;Sainsbury's Harissa Spices 50g;£2.50/unit;£0.50/10g;Cooking ingredients & oils;herbs-spices-seasoning;320;14.6;28.7;9.5;10.9;1.9;24.3;8.13;
sainsburys-harrissa-lamb-koftas-152g;Sainsbury's Harrissa Lamb & Chicken Koftas 152g;£2.50/unit;£1.64/100g;Coleslaw, olives, salads & dips;olives-tapas-antipasti;259;18.7;8.9;2.3;15.9;3.6;2.3;0.95;
sainsburys-harvest-grain-crackers-200g;Sainsbury's Harvest Grain Crackers 200g;£1.00/unit;£0.50/100g;Biscuits & crackers;crackers-savoury-biscuits;461;8.4;63.5;7.1;18.1;7.9;5.1;1.52;
sainsburys-harvest-grain-rolls-x6;Sainsbury's Harvest Grain Rolls x6;£0.65/unit;£0.11/ea;From our in store bakery;rolls-bagels-from-our-bakery;null;null;null;null;null;null;null;null;
sainsburys-harvest-grain-rolls-x6;Sainsbury's Harvest Grain Rolls x6;£0.65/unit;£0.11/ea;Rolls;rolls;null;null;null;null;null;null;null;null;
sainsburys-harvest-grain-snack-rolls-x8;Sainsbury's Harvest Grain Snack Rolls x8;£0.65/unit;£0.08/ea;From our in store bakery;rolls-bagels-from-our-bakery;null;null;null;null;null;null;null;null;
sainsburys-harvest-grain-snack-rolls-x8;Sainsbury's Harvest Grain Snack Rolls x8;£0.65/unit;£0.08/ea;Rolls;rolls;null;null;null;null;null;null;null;null;
sainsburys-hash-browns-700g;Sainsbury's Hash Browns 700g;£1.00/unit;£1.43/kg;Chips & potatoes;chips-potatoes;189;2.4;22.2;0.5;9.3;1.1;3.2;0.36;
sainsburys-hazelnut-chocolate-spread-200g-7678935-p-44;Sainsbury's Hazelnut Chocolate Spread 200g;£1.10/unit;£0.55/100g;Jams, honey & spreads;chocolate-sweet-spreads;555;6.0;53.5;52.5;34.5;7.0;3.0;0.13;
sainsburys-hazelnut-chocolate-spread-400g;Sainsbury's Hazelnut Chocolate Spread 400g;£1.50/unit;£0.38/100g;Jams, honey & spreads;chocolate-sweet-spreads;556;6.2;55.0;55.0;34.0;6.8;2.8;0.12;
sainsburys-hazelnut-cooking-oil-250ml;Sainsbury's Hazelnut Cooking Oil 250ml;£3.90/unit;£1.56/100ml;Cooking ingredients & oils;oils;822;0;0;0;91.3;7.1;0;0;
sainsburys-hazelnut-meringue-biscuits--taste-the-difference-150g;Sainsbury's Hazelnut Meringue Biscuits, Taste the Difference 150g;£2.00/unit;£1.33/100g;Biscuits & crackers;luxury-continental-biscuits;549;11.6;47.4;42.2;34.0;3.3;3.6;0.10;
sainsburys-hazelnut-yogurt--taste-the-difference-150g;Sainsbury's Hazelnut Yogurt, Taste the Difference 150g;£0.75/unit;£0.50/100g;Yogurts;luxury-yogurts;169;3.4;16.5;15.7;9.9;5.5;0.5;0.08;
sainsburys-hazelnut-yogurt-150g;Sainsbury's Fab Creamy Hazelnut Yogurt 150g;£0.55/unit;£0.37/100g;Yogurts;corners-everyday-yogurts;130;4.4;15;15;5.6;2.4;0.5;0.10;
sainsburys-hazelnut-yogurt-150g;Sainsbury's Fab Creamy Hazelnut Yogurt 150g;£0.55/unit;£0.37/100g;Yogurts;diet-low-fat-yogurts;130;4.4;15;15;5.6;2.4;0.5;0.10;
sainsburys-herbes-de-provence-16g;Sainsbury's Herbes De Provence 16g;£1.00/unit;£0.63/10g;Cooking ingredients & oils;herbs-spices-seasoning;null;null;null;null;null;null;null;null;
sainsburys-herby-dumpling-mix-142g;Sainsbury's Herby Dumpling Mix 142g;£0.50/unit;£3.52/kg;Sugar & home baking;pastry-savoury-mixes;259;4.9;35.2;1.4;10.2;5.3;3.3;1.28;
sainsburys-heritage-baby-parsnips--taste-the-difference-230g-526937-p-44;Sainsbury's Heritage Baby Parsnips, Taste the Difference 230g;£1.60/unit;£6.96/kg;Fresh vegetables;carrots-root-vegetables;72;1.8;11.4;5.4;1.1;0.2;4.6;0.03;
sainsburys-heritage-baby-parsnips--taste-the-difference-230g-526937-p-44;Sainsbury's Heritage Baby Parsnips, Taste the Difference 230g;£1.60/unit;£6.96/kg;Taste the Difference;taste-the-difference-185761-44;72;1.8;11.4;5.4;1.1;0.2;4.6;0.03;
sainsburys-heritage-potatoes--taste-the-difference-15kg;Sainsbury's Roasting Potatoes, Taste the Difference 1.5kg;£2.00/unit;£1.33/kg;Fresh vegetables;potatoes;73;1.8;15.4;0.6;0.1;0;1.5;100;
sainsburys-heritage-potatoes--taste-the-difference-15kg;Sainsbury's Roasting Potatoes, Taste the Difference 1.5kg;£2.00/unit;£1.33/kg;Taste the Difference;taste-the-difference-185761-44;73;1.8;15.4;0.6;0.1;0;1.5;100;
sainsburys-hickory-chicken-wing-800g;Sainsbury's Hickory Chicken Wing 800g;£3.50/unit;£4.38/kg;Meat & poultry;frozen-chicken;253;23.8;4.4;2.8;15.4;4.1;0.8;0.77;
sainsburys-high-fibre-bran-500g;Sainsbury's High Fibre Bran 500g;£1.25/unit;£0.25/100g;Breakfast cereals;healthier-cereals;341;14.1;50.7;13.3;3.6;0.7;24.5;0.50;
sainsburys-high-fibre-white-farfalle-500g;Sainsbury's High Fibre White Farfalle 500g;£0.85/unit;£1.70/kg;Rice, pasta & noodles;pasta;145;4.2;28.5;0.5;0.5;0.1;4.7;0.01;
sainsburys-high-fibre-white-lasagne-500g;Sainsbury's High Fibre White Lasagne Sheets 500g;£0.85/unit;£1.70/kg;Rice, pasta & noodles;pasta;145;4.2;28.5;0.5;0.5;0.1;4.7;0.01;
sainsburys-high-fibre-white-macaroni-500g;Sainsbury's High Fibre White Macaroni 500g;£0.85/unit;£1.70/kg;Rice, pasta & noodles;pasta;145;4.2;28.5;0.5;0.5;0.1;4.7;0.01;
sainsburys-highland-all-butter-shortbread-fingers-200g;Sainsbury's Highland All Butter Shortbread Fingers 200g;£0.80/unit;£0.40/100g;Biscuits & crackers;everyday-biscuits-shortbread;521;4.8;59.4;18.7;28.8;18.8;2.7;0.65;
sainsburys-highland-all-butter-shortbread-fingers-400g;Sainsbury's Highland All Butter Shortbread Fingers 400g;£1.50/unit;£0.38/100g;Biscuits & crackers;everyday-biscuits-shortbread;521;4.8;59.4;18.7;28.8;18.8;2.7;0.65;
sainsburys-highland-all-butter-shortbread-petticoat-tails-150g;Sainsbury's Highland All Butter Shortbread Petticoat Tails 150g;£0.60/unit;£0.40/100g;Biscuits & crackers;everyday-biscuits-shortbread;521;6.3;58.0;16.1;28.8;18.5;2.2;0.68;
sainsburys-highland-shortbread-finger--taste-the-difference-200g;Sainsbury's Highland Shortbread Finger, Taste the Difference 200g;£1.75/unit;£0.88/100g;Biscuits & crackers;everyday-biscuits-shortbread;515;4.6;61.8;20.9;27.4;17.1;1.2;0.88;
sainsburys-highland-shortbread-finger--taste-the-difference-200g;Sainsbury's Highland Shortbread Finger, Taste the Difference 200g;£1.75/unit;£0.88/100g;Biscuits & crackers;luxury-continental-biscuits;515;4.6;61.8;20.9;27.4;17.1;1.2;0.88;
sainsburys-highland-shortbread-fingers--so-organic-160g;Sainsbury's Highland Shortbread Fingers, SO Organic 160g;£0.80/unit;£0.50/100g;Biscuits & crackers;everyday-biscuits-shortbread;530;5.9;58.1;15.0;30.0;19.3;2.1;0.75;
sainsburys-highland-shortbread-fingers--so-organic-160g;Sainsbury's Highland Shortbread Fingers, SO Organic 160g;£0.80/unit;£0.50/100g;Biscuits & crackers;healthier-biscuits-crackers;530;5.9;58.1;15.0;30.0;19.3;2.1;0.75;
sainsburys-hoisin---garlic-stir-fry-sauce-120g-7573488-p-44;Sainsbury's Hoisin & Garlic Stir Fry Sauce 120g;£0.50/unit;£0.42/100g;Cooking sauces & world foods;chinese-cooking-sauces;144;1.2;29.7;21.8;1.9;0.3;1.6;1.88;
sainsburys-hoisin-dipping-sauce-150g;Sainsbury's Hoisin Dipping Sauce 150g;£1.10/unit;£0.73/100g;Cooking sauces & world foods;chinese-cooking-sauces;176;1.5;41.8;29.6;0.5;0.1;1.2;1.71;
sainsburys-hoisin-dipping-sauce-150g;Sainsbury's Hoisin Dipping Sauce 150g;£1.10/unit;£0.73/100g;Cooking sauces & world foods;thai-cooking-sauces;176;1.5;41.8;29.6;0.5;0.1;1.2;1.71;
sainsburys-hoisin-dipping-sauce-150g;Sainsbury's Hoisin Dipping Sauce 150g;£1.10/unit;£0.73/100g;Table sauces, dressings & condiments;tomato-ketchup-brown-bbq-other-sauces;176;1.5;41.8;29.6;0.5;0.1;1.2;1.71;
sainsburys-hoisin-slow-cooked-duck-noodles-380g;Sainsbury's Hoisin Slow Cooked Duck Noodles 380g;£3.00/unit;£7.89/kg;Ready meals;meals-for-1-ready-meals;133;7.0;11.8;4.5;5.3;0.7;5.4;0.53;
sainsburys-hoisin-slow-cooked-duck-noodles-380g;Sainsbury's Hoisin Slow Cooked Duck Noodles 380g;£3.00/unit;£7.89/kg;Ready meals;oriental-ready-meals;133;7.0;11.8;4.5;5.3;0.7;5.4;0.53;
sainsburys-hoisin-stir-fry-sauce-175ml;Sainsbury's Hoisin Stir Fry Sauce 175ml;£1.00/unit;£0.57/100ml;Fresh herbs & ingredients;asian-ingredients;103;1.0;21.4;17.5;1.4;0.2;0.6;1.40;
sainsburys-hoisin-stir-fry-sauce-175ml;Sainsbury's Hoisin Stir Fry Sauce 175ml;£1.00/unit;£0.57/100ml;Fresh vegetables;chillies-herbs-ingredients;103;1.0;21.4;17.5;1.4;0.2;0.6;1.40;
sainsburys-hoisin-stir-fry-sauce-175ml;Sainsbury's Hoisin Stir Fry Sauce 175ml;£1.00/unit;£0.57/100ml;Fresh vegetables;fresh-vegetables-stir-fry;103;1.0;21.4;17.5;1.4;0.2;0.6;1.40;
sainsburys-hoisin-stir-fry-sauce-175ml;Sainsbury's Hoisin Stir Fry Sauce 175ml;£1.00/unit;£0.57/100ml;Prepared & ready to eat;prepared-stir-fry;103;1.0;21.4;17.5;1.4;0.2;0.6;1.40;
sainsburys-hollandaise-sauce-125g;Sainsbury's Hollandaise Sauce 125g;£1.50/unit;£1.20/100g;Just Cook, prepared & sauces;stock---gravy;259;1.7;5.0;0.9;25.7;16.6;0.5;0.78;
sainsburys-hollandaise-sauce-160ml;Sainsbury's Hollandaise Sauce 160ml;£0.80/unit;£0.50/100ml;Table sauces, dressings & condiments;condiments;504;0.7;5.7;3.0;53.1;3.9;0.5;1.58;
sainsburys-hollow-milk-chocolate-eggs-x25-375g;Sainsbury's Hollow Milk Chocolate Eggs x25 350g;£3.00/unit;£0.80/100g;Confectionery;easter-eggs;558;5.5;59.9;57.2;32.4;19.7;2.7;0.17;
sainsburys-homestyle-straight-cut-chips-15-kg;Sainsbury's Homestyle Straight Cut Chips 1.5 Kg;£2.00/unit;£1.33/kg;Chips & potatoes;chips-potatoes;163;2.6;26.6;0.5;4.4;0.5;3.5;0.33;
sainsburys-honey---mustard-chicken-pasta-350g;Sainsbury's Honey & Mustard Chicken Pasta Salad 350g;£3.20/unit;£0.84/100g;Coleslaw, olives, salads & dips;coleslaw-salads;179;7.3;18.4;3.9;8.1;1.0;1.5;0.50;
sainsburys-honey---mustard-chicken-pasta-350g;Sainsbury's Honey & Mustard Chicken Pasta Salad 350g;£3.20/unit;£0.84/100g;Prepared & ready to eat;prepared-salad-herbs;179;7.3;18.4;3.9;8.1;1.0;1.5;0.50;
sainsburys-honey---mustard-chicken-pasta-350g;Sainsbury's Honey & Mustard Chicken Pasta Salad 350g;£3.20/unit;£0.84/100g;Soup & lunchtime snacks;lunchtime-snacks;179;7.3;18.4;3.9;8.1;1.0;1.5;0.50;
sainsburys-honey---mustard-cooking-sauce-510g;Sainsbury's Honey & Mustard Cooking Sauce 510g;£1.29/unit;£0.25/100g;Cooking sauces & world foods;traditional-cooking-sauces;96;0.9;13.4;8.7;4.2;1.0;0.5;0.68;
sainsburys-honey---mustard-dressing--be-good-to-yourself-260g;Sainsbury's Honey & Mustard Dressing, Be Good To Yourself 260g;£1.00/unit;£0.40/100ml;Table sauces, dressings & condiments;salad-dressings;78;0.5;16.1;10.7;1.3;0.4;0.5;0.68;
sainsburys-honey---mustard-dressing-180ml;Sainsbury's Honey & Mustard Dressing 180ml;£1.20/unit;£0.67/100ml;Fresh salad;dressings-coleslaw-accompaniments;577;1.3;7.9;7.9;59.7;4.3;1.5;1.10;
sainsburys-honey---mustard-dressing-250ml-7621578-p-44;Sainsbury's Honey & Mustard Dressing 250ml;£1.00/unit;£0.40/100ml;Table sauces, dressings & condiments;salad-dressings;159;0.5;18.6;15.9;9.2;1.4;0.5;1.40;
sainsburys-honey---mustard-marinade-280g;Sainsbury's Honey & Mustard Marinade 270g;£1.20/unit;£0.44/100g;Table sauces, dressings & condiments;marinades-glazes;163;1.4;16.1;12.8;10.0;0.7;1.6;1.39;
sainsburys-honey---sunflower-seed-bloomer--taste-the-difference-400g;Sainsbury's Honey & Sunflower Seed Bloomer, Taste the Difference 400g;£1.15/unit;£0.29/100g;Bread;seeded-grains-bread;255;9.7;42.3;6.8;3.4;0.3;8.6;0.93;
sainsburys-honey---sunflower-seed-bloomer--taste-the-difference-400g;Sainsbury's Honey & Sunflower Seed Bloomer, Taste the Difference 400g;£1.15/unit;£0.29/100g;Bread;small-loaves;255;9.7;42.3;6.8;3.4;0.3;8.6;0.93;
sainsburys-honey--basics-340g;Sainsbury's Honey, Basics 340g;£1.00/unit;£0.29/100g;Jams, honey & spreads;honey;329;0.5;81.5;80.8;0.5;0.2;0.5;0.03;
sainsburys-honey--clear-340g;Sainsbury's Honey, Clear 340g;£1.50/unit;£0.44/100g;Jams, honey & spreads;honey;329;0.5;81.5;80.8;0.5;0.2;0.5;0.03;
sainsburys-honey--set-340g;Sainsbury's Honey, Set 340g;£1.50/unit;£0.44/100g;Jams, honey & spreads;honey;329;0.5;81.5;80.8;0.5;0.2;0.5;0.03;
sainsburys-honey--squeezy-340g;Sainsbury's Runny Honey 340g;£1.70/unit;£0.50/100g;Jams, honey & spreads;honey;329;0.5;81.5;80.8;0.5;0.2;0.5;0.03;
sainsburys-honey-glazed-gammon-joint-800g;Sainsbury's Honey Glazed Gammon Joint 800g;£5.00/unit;£6.25/kg;Meat & poultry;frozen-pork;6;46;1;4;2;3;0;39;
sainsburys-honey-mustard-glaze-marinade-200g;Sainsbury's Honey Mustard Glaze Marinade 200g;£2.00/unit;£1.00/100g;Just Cook, prepared & sauces;stock---gravy;241;2.8;38.6;38.6;7.8;0.9;2.8;1.50;
sainsburys-honey-nut-cornflakes-500g;Sainsbury's Honey Nut Cornflakes 500g;£1.70/unit;£0.34/100g;Breakfast cereals;family-cereals;403;6.9;82.3;36.3;4.5;0.7;2.8;0.76;
sainsburys-honey-nut-cornflakes-750g;Sainsbury's Honey Nut Cornflakes 750g;£1.95/unit;£0.26/100g;Breakfast cereals;bigger-packs;403;6.9;82.3;36.3;4.5;0.7;2.8;0.76;
sainsburys-honey-nut-cornflakes-750g;Sainsbury's Honey Nut Cornflakes 750g;£1.95/unit;£0.26/100g;Breakfast cereals;family-cereals;403;6.9;82.3;36.3;4.5;0.7;2.8;0.76;
sainsburys-honey-roast-air-dried-lean-ham-finely-sliced--taste-the-difference-120g;Sainsbury's Honey Roast Ham Air Dried Lean Finely Sliced, Taste the Difference 120g;£3.00/unit;£2.50/100g;Cooked meats & snacking;ham-82654-44;140;28.0;0.8;0.8;2.8;0.9;0.5;2.78;
sainsburys-honey-roast-air-dried-lean-ham-finely-sliced--taste-the-difference-120g;Sainsbury's Honey Roast Ham Air Dried Lean Finely Sliced, Taste the Difference 120g;£3.00/unit;£2.50/100g;Cooked meats & snacking;mfp-cooked-meats-snacking-taste-the-difference;140;28.0;0.8;0.8;2.8;0.9;0.5;2.78;
sainsburys-honey-roast-air-dried-lean-ham-finely-sliced--taste-the-difference-120g;Sainsbury's Honey Roast Ham Air Dried Lean Finely Sliced, Taste the Difference 120g;£3.00/unit;£2.50/100g;Cooked meats, pate & sandwich fillers;cooked-meats-taste-the-difference;140;28.0;0.8;0.8;2.8;0.9;0.5;2.78;
sainsburys-honey-roast-air-dried-lean-ham-finely-sliced--taste-the-difference-120g;Sainsbury's Honey Roast Ham Air Dried Lean Finely Sliced, Taste the Difference 120g;£3.00/unit;£2.50/100g;Cooked meats, pate & sandwich fillers;ham;140;28.0;0.8;0.8;2.8;0.9;0.5;2.78;
sainsburys-honey-roast-cashews-200g;Sainsbury's Jumbo Honey Roast Cashew Nuts 200g;£3.00/unit;£1.50/100g;Crisps, nuts & snacking fruit;nuts;588;17.0;29.2;19.0;43.6;7.0;5.6;0.95;
sainsburys-honey-roast-ham--taste-the-difference-240g;Sainsbury's Honey Roast Ham, Taste the Difference 240g;£4.00/unit;£1.67/100g;Cooked meats & snacking;ham-82654-44;140;28.0;0.8;0.8;2.8;0.9;0.5;2.78;
sainsburys-honey-roast-ham--taste-the-difference-240g;Sainsbury's Honey Roast Ham, Taste the Difference 240g;£4.00/unit;£1.67/100g;Cooked meats & snacking;mfp-cooked-meats-snacking-taste-the-difference;140;28.0;0.8;0.8;2.8;0.9;0.5;2.78;
sainsburys-honey-roast-ham--taste-the-difference-240g;Sainsbury's Honey Roast Ham, Taste the Difference 240g;£4.00/unit;£1.67/100g;Cooked meats, pate & sandwich fillers;cooked-meats-taste-the-difference;140;28.0;0.8;0.8;2.8;0.9;0.5;2.78;
sainsburys-honey-roast-ham--taste-the-difference-240g;Sainsbury's Honey Roast Ham, Taste the Difference 240g;£4.00/unit;£1.67/100g;Cooked meats, pate & sandwich fillers;ham;140;28.0;0.8;0.8;2.8;0.9;0.5;2.78;
sainsburys-honey-roast-ham-240g;Sainsbury's Honey Roast Ham Slices x14 240g;£3.00/unit;£1.25/100g;Cooked meats & snacking;ham-82654-44;120;22.3;1.4;1.4;2.8;1.0;0.5;1.63;
sainsburys-honey-roast-ham-240g;Sainsbury's Honey Roast Ham Slices x14 240g;£3.00/unit;£1.25/100g;Cooked meats, pate & sandwich fillers;ham;120;22.3;1.4;1.4;2.8;1.0;0.5;1.63;
sainsburys-honey-roast-ham-chunks-110g;Sainsbury's Honey Roast Ham Chunks 110g;£2.00/unit;£1.82/100g;Cooked meats & snacking;ham-82654-44;145;25.8;3.1;3.1;3.3;1.4;0.5;1.63;
sainsburys-honey-roast-ham-chunks-110g;Sainsbury's Honey Roast Ham Chunks 110g;£2.00/unit;£1.82/100g;Cooked meats, pate & sandwich fillers;ham;145;25.8;3.1;3.1;3.3;1.4;0.5;1.63;
sainsburys-honey-roast-ham-family-size-375g;Sainsbury's Honey Roast Ham Slices x12 375g;£4.00/unit;£1.07/100g;Cooked meats & snacking;ham-82654-44;120;22.3;1.4;1.4;2.8;1.0;0.5;1.63;
sainsburys-honey-roast-ham-family-size-375g;Sainsbury's Honey Roast Ham Slices x12 375g;£4.00/unit;£1.07/100g;Cooked meats, pate & sandwich fillers;ham;120;22.3;1.4;1.4;2.8;1.0;0.5;1.63;
sainsburys-honey-roast-peanuts-200g;Sainsbury's Honey Roast Peanuts 200g;£1.35/unit;£0.68/100g;Crisps, nuts & snacking fruit;nuts;574;22.3;24.4;20.9;41.3;4.8;7.8;1.00;
sainsburys-honey-roast-salmon-flakes-120g;Sainsbury's Honey Roast Salmon Flakes 120g;£3.75/unit;£3.13/100g;Cooked meats & snacking;mfp-cooked-fish-seafood;192;25.4;2.0;0.8;9.0;1.6;0.6;1.08;
sainsburys-honey-roast-salmon-flakes-120g;Sainsbury's Honey Roast Salmon Flakes 120g;£3.75/unit;£3.13/100g;Cooked meats, pate & sandwich fillers;cooked-fish-seafood;192;25.4;2.0;0.8;9.0;1.6;0.6;1.08;
sainsburys-honey-roast-salmon-flakes-120g;Sainsbury's Honey Roast Salmon Flakes 120g;£3.75/unit;£3.13/100g;Fish & seafood;canapes-snacking;192;25.4;2.0;0.8;9.0;1.6;0.6;1.08;
sainsburys-honey-roast-salmon-portions-180g;Sainsbury's Honey Roast Salmon Portions 180g;£4.50/unit;£2.50/100g;Cooked meats & snacking;mfp-cooked-fish-seafood;275;24.3;4.8;1.7;17.3;4.2;1.2;0.93;
sainsburys-honey-roast-salmon-portions-180g;Sainsbury's Honey Roast Salmon Portions 180g;£4.50/unit;£2.50/100g;Cooked meats, pate & sandwich fillers;cooked-fish-seafood;275;24.3;4.8;1.7;17.3;4.2;1.2;0.93;
sainsburys-honey-roast-salmon-portions-180g;Sainsbury's Honey Roast Salmon Portions 180g;£4.50/unit;£2.50/100g;Fish & seafood;canapes-snacking;275;24.3;4.8;1.7;17.3;4.2;1.2;0.93;
sainsburys-honey-roast-thick-cut-ham-120g;Sainsbury's Honey Roast Thick Cut Ham 120g;£2.00/unit;£1.67/100g;Cooked meats & snacking;ham-82654-44;129;23.3;2.0;2.0;3.1;1.1;0.5;1.63;
sainsburys-honey-roast-thick-cut-ham-120g;Sainsbury's Honey Roast Thick Cut Ham 120g;£2.00/unit;£1.67/100g;Cooked meats, pate & sandwich fillers;ham;129;23.3;2.0;2.0;3.1;1.1;0.5;1.63;
sainsburys-honey-roast-wiltshire-cured-ham--taste-the-difference-120g;Sainsbury's British Honey Roast Wiltshire Cure Ham, Taste the Difference 120g;£3.00/unit;£2.50/100g;Cooked meats & snacking;ham-82654-44;136;23.4;0.5;0.5;4.6;1.5;0.5;2.50;
sainsburys-honey-roast-wiltshire-cured-ham--taste-the-difference-120g;Sainsbury's British Honey Roast Wiltshire Cure Ham, Taste the Difference 120g;£3.00/unit;£2.50/100g;Cooked meats & snacking;mfp-cooked-meats-snacking-taste-the-difference;136;23.4;0.5;0.5;4.6;1.5;0.5;2.50;
sainsburys-honey-roast-wiltshire-cured-ham--taste-the-difference-120g;Sainsbury's British Honey Roast Wiltshire Cure Ham, Taste the Difference 120g;£3.00/unit;£2.50/100g;Cooked meats, pate & sandwich fillers;cooked-meats-taste-the-difference;136;23.4;0.5;0.5;4.6;1.5;0.5;2.50;
sainsburys-honey-roast-wiltshire-cured-ham--taste-the-difference-120g;Sainsbury's British Honey Roast Wiltshire Cure Ham, Taste the Difference 120g;£3.00/unit;£2.50/100g;Cooked meats, pate & sandwich fillers;ham;136;23.4;0.5;0.5;4.6;1.5;0.5;2.50;
sainsburys-honeydew-melon-%28each%29;Sainsbury's Honeydew Melon (each);£1.50/unit;£1.50/ea;Fresh fruit;melon-pineapple-kiwi;null;null;null;null;null;null;null;null;
sainsburys-horseradish-mustard-205g;Sainsbury's Horseradish Mustard 205g;£0.80/unit;£0.39/100g;Table sauces, dressings & condiments;mustard;128;5.8;8.3;2.7;7.1;0.4;3.9;3.37;
sainsburys-horseradish-sauce-160ml;Sainsbury's Horseradish Sauce 160ml;£0.80/unit;£0.50/100ml;Table sauces, dressings & condiments;condiments;168;2.1;20.2;16.1;8.0;0.5;3.1;1.97;
sainsburys-hot---spicy-chicken-fajita-450g;Sainsbury's Hot & Spicy Chicken Fajita 450g;£3.00/unit;£6.67/kg;Ready meals;mexican-caribbean-american-ready-meals;173;9.3;18.3;4.1;6.6;1.6;1.9;0.60;
sainsburys-hot---spicy-chicken-fillet-325g;Sainsbury's Hot & Spicy Breaded Chicken Fillet 325g;£3.00/unit;£9.23/kg;Breaded & coated;breaded-coated-chicken-turkey-pork;201;21.5;11.3;0.5;7.5;0.7;1.0;0.54;
sainsburys-hot---spicy-chicken-fillet-325g;Sainsbury's Hot & Spicy Breaded Chicken Fillet 325g;£3.00/unit;£9.23/kg;Chicken;chicken;201;21.5;11.3;0.5;7.5;0.7;1.0;0.54;
sainsburys-hot---spicy-chicken-wings-1kg;Sainsbury's Hot & Spicy Chicken Wings 1kg;£3.25/unit;£3.25/kg;Chicken;chicken;273;17.3;14.5;0.9;16.0;2.6;0.9;0.81;
sainsburys-hot---spicy-houmous-200g;Sainsbury's Hot & Spicy Houmous 200g;£1.40/unit;£0.70/100g;Coleslaw, olives, salads & dips;fresh-dips-houmous;277;6.2;9.6;1.5;22.0;2.0;8.1;0.81;
sainsburys-hot---spicy-houmous-200g;Sainsbury's Hot & Spicy Houmous 200g;£1.40/unit;£0.70/100g;Vegetarian & meat free;deli-meat-alternatives;277;6.2;9.6;1.5;22.0;2.0;8.1;0.81;
sainsburys-hot---spicy-stir-fry-300g;Sainsbury's Hot & Spicy Stir Fry 300g;£1.70/unit;£1.00/100g;Fresh herbs & ingredients;asian-ingredients;57;1.2;4.9;3.3;3.1;0.3;2.2;0.04;
sainsburys-hot---spicy-stir-fry-300g;Sainsbury's Hot & Spicy Stir Fry 300g;£1.70/unit;£1.00/100g;Fresh vegetables;fresh-vegetables-stir-fry;57;1.2;4.9;3.3;3.1;0.3;2.2;0.04;
sainsburys-hot---spicy-stir-fry-300g;Sainsbury's Hot & Spicy Stir Fry 300g;£1.70/unit;£1.00/100g;Prepared & ready to eat;prepared-stir-fry;57;1.2;4.9;3.3;3.1;0.3;2.2;0.04;
sainsburys-hot---spicy-stir-fry-300g;Sainsbury's Hot & Spicy Stir Fry 300g;£1.70/unit;£1.00/100g;Prepared & ready to eat;prepared-vegetables;57;1.2;4.9;3.3;3.1;0.3;2.2;0.04;
sainsburys-hot-cherry-pepper-stuffed-goats-cheese--taste-the-difference-290g;Sainsbury's Hot Cherry Pepper Stuffed Goat's Cheese, Taste the Difference 290g;£3.50/unit;£1.21/100g;Vinegar, pickles, olives & antipasti;olives-antipasti;175;4.9;22.4;12.2;6.2;1.0;null;0.43;
sainsburys-hot-chicken-vindaloo-%28hot---fiery%29-400g;Sainsbury's Hot Chicken Vindaloo (hot & fiery) 400g;£3.30/unit;£8.25/kg;Ready meals;indian-ready-meals;119;10.6;7.9;4.9;4.6;0.5;1.9;0.66;
sainsburys-hot-chilli-cooking-sauce-500g;Sainsbury's Chilli Cooking Sauce, Hot 500g;£1.20/unit;£0.24/100g;Cooking sauces & world foods;mexican-cooking-sauces;78;2.5;11.2;6.1;1.8;0.2;3.4;0.58;
sainsburys-hot-chilli-powder-33g;Sainsbury's Hot Chilli Powder 33g;£1.00/unit;£0.30/10g;Cooking ingredients & oils;chilli-curry-powder;null;null;null;null;null;null;null;null;
sainsburys-hot-chilli-powder-33g;Sainsbury's Hot Chilli Powder 33g;£1.00/unit;£0.30/10g;Cooking ingredients & oils;herbs-spices-seasoning;null;null;null;null;null;null;null;null;
sainsburys-hot-chocolate-fudge-cake-730g;Sainsbury's Hot Chocolate Fudge Cake 730g;£5.00/unit;£0.68/100g;Desserts & cream;desserts;385;5.4;49.5;34.1;17.3;6.9;4.7;0.52;
sainsburys-hot-chocolate-fudge-pudding-225g;Sainsbury's Hot Chocolate Fudge Pudding 225g;£3.00/unit;£1.33/100g;Desserts & cream;desserts;395;5.1;54.1;38.3;17.0;7.0;2.8;0.64;
sainsburys-hot-cross-buns--be-good-to-yourself-x6;Sainsbury's Hot Cross Buns, Be Good To Yourself x6;£1.30/unit;£0.22/ea;Cakes;cakes-scones-fruited-buns;267;6.3;52.7;20.1;2.7;0.7;3.5;0.39;
sainsburys-hot-cross-buns--be-good-to-yourself-x6;Sainsbury's Hot Cross Buns, Be Good To Yourself x6;£1.30/unit;£0.22/ea;Easter treats;easter-treats;267;6.3;52.7;20.1;2.7;0.7;3.5;0.39;
sainsburys-hot-cross-buns--be-good-to-yourself-x6;Sainsbury's Hot Cross Buns, Be Good To Yourself x6;£1.30/unit;£0.22/ea;Scones, fruited & buns;scones-fruited-buns;267;6.3;52.7;20.1;2.7;0.7;3.5;0.39;
sainsburys-hot-cross-buns-x6-7730659-p-44;Sainsbury's Hot Cross Buns x6;£1.00/unit;£0.17/ea;Cakes;cakes-scones-fruited-buns;null;null;null;null;null;null;null;null;
sainsburys-hot-cross-buns-x6-7730659-p-44;Sainsbury's Hot Cross Buns x6;£1.00/unit;£0.17/ea;Easter treats;easter-treats;null;null;null;null;null;null;null;null;
sainsburys-hot-cross-buns-x6-7730659-p-44;Sainsbury's Hot Cross Buns x6;£1.00/unit;£0.17/ea;Scones, fruited & buns;scones-fruited-buns;null;null;null;null;null;null;null;null;
sainsburys-hot-cross-buns-x6;Sainsbury's Hot Cross Buns x6;£1.30/unit;£0.22/ea;Cakes;cakes-scones-fruited-buns;289;6.6;52.5;20.1;5.1;1.2;3.5;0.44;
sainsburys-hot-cross-buns-x6;Sainsbury's Hot Cross Buns x6;£1.30/unit;£0.22/ea;Easter treats;easter-treats;289;6.6;52.5;20.1;5.1;1.2;3.5;0.44;
sainsburys-hot-cross-buns-x6;Sainsbury's Hot Cross Buns x6;£1.30/unit;£0.22/ea;Scones, fruited & buns;scones-fruited-buns;289;6.6;52.5;20.1;5.1;1.2;3.5;0.44;
sainsburys-hot-curry-powder-83g;Sainsbury's Hot Curry Powder 83g;£1.00/unit;£0.12/10g;Cooking ingredients & oils;chilli-curry-powder;319;13.6;17.5;2.4;13.8;1.0;null;5.75;
sainsburys-hot-curry-powder-83g;Sainsbury's Hot Curry Powder 83g;£1.00/unit;£0.12/10g;Cooking ingredients & oils;herbs-spices-seasoning;319;13.6;17.5;2.4;13.8;1.0;null;5.75;
sainsburys-hot-dogs-x6-600g;Sainsbury's Hot Dogs x6 600g;£3.50/unit;£5.83/kg;Sausages;sausages;289;14.7;3.8;1.1;23.5;8.5;1.6;1.50;
sainsburys-hot-pepper-sauce-155g;Sainsbury's Hot Pepper Sauce 155g;£1.20/unit;£0.77/100g;Table sauces, dressings & condiments;tomato-ketchup-brown-bbq-other-sauces;26;0.5;5.3;3.8;0.5;0.1;0.9;1.66;
sainsburys-hot-salsa-dip-300g;Sainsbury's Hot Salsa Dip 300g;£1.10/unit;£0.37/100g;Crisps, nuts & snacking fruit;tortillas-dips;31;1.7;5.6;3.8;0.5;0.1;0.5;1.1;
sainsburys-hot-smoked--honey-flavoured-smoked-mackerel-%28approx-220g%29;Sainsbury's British Hot Smoked Honey Mackerel Fillets (approx. 220g);£15.75/kg;£1.58/100g;Cooked meats & snacking;mfp-cooked-fish-seafood;248;21.7;1.5;1.1;17.1;4.0;0.6;2.80;
sainsburys-hot-smoked--honey-flavoured-smoked-mackerel-%28approx-220g%29;Sainsbury's British Hot Smoked Honey Mackerel Fillets (approx. 220g);£15.75/kg;£1.58/100g;Cooked meats, pate & sandwich fillers;cooked-fish-seafood;248;21.7;1.5;1.1;17.1;4.0;0.6;2.80;
sainsburys-hot-smoked--honey-flavoured-smoked-mackerel-%28approx-220g%29;Sainsbury's British Hot Smoked Honey Mackerel Fillets (approx. 220g);£15.75/kg;£1.58/100g;Fish & seafood;canapes-snacking;248;21.7;1.5;1.1;17.1;4.0;0.6;2.80;
sainsburys-hot-smoked--honey-flavoured-smoked-mackerel-%28approx-220g%29;Sainsbury's British Hot Smoked Honey Mackerel Fillets (approx. 220g);£15.75/kg;£1.58/100g;Fish & seafood;smoked-fish;248;21.7;1.5;1.1;17.1;4.0;0.6;2.80;
sainsburys-hot-smoked--peppered-mackerel-fillets-x2-%28approx-250g%29;Sainsbury's British Hot Smoked Peppered Mackerel Fillets x2 (approx. 250g);£10.00/kg;£1.00/100g;Cooked meats & snacking;mfp-cooked-fish-seafood;316;20.1;0.5;0.5;25.9;5.8;0.5;2.25;
sainsburys-hot-smoked--peppered-mackerel-fillets-x2-%28approx-250g%29;Sainsbury's British Hot Smoked Peppered Mackerel Fillets x2 (approx. 250g);£10.00/kg;£1.00/100g;Cooked meats, pate & sandwich fillers;cooked-fish-seafood;316;20.1;0.5;0.5;25.9;5.8;0.5;2.25;
sainsburys-hot-smoked--peppered-mackerel-fillets-x2-%28approx-250g%29;Sainsbury's British Hot Smoked Peppered Mackerel Fillets x2 (approx. 250g);£10.00/kg;£1.00/100g;Fish & seafood;canapes-snacking;316;20.1;0.5;0.5;25.9;5.8;0.5;2.25;
sainsburys-hot-smoked--peppered-mackerel-fillets-x2-%28approx-250g%29;Sainsbury's British Hot Smoked Peppered Mackerel Fillets x2 (approx. 250g);£10.00/kg;£1.00/100g;Fish & seafood;smoked-fish;316;20.1;0.5;0.5;25.9;5.8;0.5;2.25;
sainsburys-hot-smoked-mackerel-fillets-%28approx-250g%29;Sainsbury's British Hot Smoked Mackerel Fillets (approx. 250g);£11.15/kg;£1.12/100g;Cooked meats & snacking;mfp-cooked-fish-seafood;224;22.5;0.5;0.5;14.6;4.1;0.5;2.25;
sainsburys-hot-smoked-mackerel-fillets-%28approx-250g%29;Sainsbury's British Hot Smoked Mackerel Fillets (approx. 250g);£11.15/kg;£1.12/100g;Cooked meats, pate & sandwich fillers;cooked-fish-seafood;224;22.5;0.5;0.5;14.6;4.1;0.5;2.25;
sainsburys-hot-smoked-mackerel-fillets-%28approx-250g%29;Sainsbury's British Hot Smoked Mackerel Fillets (approx. 250g);£11.15/kg;£1.12/100g;Fish & seafood;canapes-snacking;224;22.5;0.5;0.5;14.6;4.1;0.5;2.25;
sainsburys-hot-smoked-mackerel-fillets-%28approx-250g%29;Sainsbury's British Hot Smoked Mackerel Fillets (approx. 250g);£11.15/kg;£1.12/100g;Fish & seafood;smoked-fish;224;22.5;0.5;0.5;14.6;4.1;0.5;2.25;
sainsburys-hot-smoked-sweet-chilli-salmon-180g;Sainsbury's Salmon Fillets, Sweet Chilli 180g;£4.50/unit;£2.50/100g;Cooked meats & snacking;mfp-cooked-fish-seafood;256;25.3;4.2;4.2;15.2;2.5;0.6;1.05;
sainsburys-hot-smoked-sweet-chilli-salmon-180g;Sainsbury's Salmon Fillets, Sweet Chilli 180g;£4.50/unit;£2.50/100g;Cooked meats, pate & sandwich fillers;cooked-fish-seafood;256;25.3;4.2;4.2;15.2;2.5;0.6;1.05;
sainsburys-hot-smoked-sweet-chilli-salmon-180g;Sainsbury's Salmon Fillets, Sweet Chilli 180g;£4.50/unit;£2.50/100g;Fish & seafood;canapes-snacking;256;25.3;4.2;4.2;15.2;2.5;0.6;1.05;
sainsburys-houmous--basics-200g;Sainsbury's Houmous, Basics 200g;£0.85/unit;£0.43/100g;Coleslaw, olives, salads & dips;fresh-dips-houmous;305;5.7;9.1;0.8;25.9;2.6;6.3;0.92;
sainsburys-houmous--basics-200g;Sainsbury's Houmous, Basics 200g;£0.85/unit;£0.43/100g;Vegetarian & meat free;deli-meat-alternatives;305;5.7;9.1;0.8;25.9;2.6;6.3;0.92;
sainsburys-houmous--be-good-to-yourself-230g;Sainsbury's Houmous, Be Good To Yourself 230g;£1.20/unit;£0.52/100g;Coleslaw, olives, salads & dips;fresh-dips-houmous;180;6.4;11.0;0.5;10.5;1.2;8.4;0.61;
sainsburys-houmous--be-good-to-yourself-230g;Sainsbury's Houmous, Be Good To Yourself 230g;£1.20/unit;£0.52/100g;Vegetarian & meat free;deli-meat-alternatives;180;6.4;11.0;0.5;10.5;1.2;8.4;0.61;
sainsburys-houmous--so-organic-200g;Sainsbury's Houmous, SO Organic 200g;£1.20/unit;£0.60/100g;Coleslaw, olives, salads & dips;fresh-dips-houmous;314;6.7;8.5;0.5;27.0;3.6;5.0;1.06;
sainsburys-houmous--so-organic-200g;Sainsbury's Houmous, SO Organic 200g;£1.20/unit;£0.60/100g;Vegetarian & meat free;deli-meat-alternatives;314;6.7;8.5;0.5;27.0;3.6;5.0;1.06;
sainsburys-houmous-230g;Sainsbury's Houmous 230g;£1.20/unit;£0.52/100g;Coleslaw, olives, salads & dips;fresh-dips-houmous;278;6.7;10.6;0.7;22.0;2.7;5.3;0.63;
sainsburys-houmous-230g;Sainsbury's Houmous 230g;£1.20/unit;£0.52/100g;Vegetarian & meat free;deli-meat-alternatives;278;6.7;10.6;0.7;22.0;2.7;5.3;0.63;
sainsburys-hugo-the-hedgehog-cake-%28-serves-14-%29;Sainsbury's Hugo The Hedgehog Cake (Serves 14);£9.00/unit;£10.00/kg;Celebration cakes;celebration-cakes;437;4.2;54;39;22;9.0;2.4;0.26;
sainsburys-humbugs--mint-200g;Sainsbury's Mint Humbugs 200g;£0.95/unit;£0.48/100g;Confectionery;mints-chewing-gum;394;0.5;90;64;3.2;1.6;1.7;0.19;
sainsburys-humbugs--mint-200g;Sainsbury's Mint Humbugs 200g;£0.95/unit;£0.48/100g;Confectionery;sweets;394;0.5;90;64;3.2;1.6;1.7;0.19;
sainsburys-hungarian-beef-goulash-meal-soup-400g;Sainsbury's Hungarian Beef Goulash Meal Soup 400g;£1.40/unit;£0.35/100g;Soup & lunchtime snacks;fresh-soups;50;3.1;4.4;4.1;1.9;0.5;1.4;0.42;
sainsburys-hungarian-beef-goulash-meal-soup-400g;Sainsbury's Hungarian Beef Goulash Meal Soup 400g;£1.40/unit;£0.35/100g;Soup & lunchtime snacks;lunchtime-snacks;50;3.1;4.4;4.1;1.9;0.5;1.4;0.42;
sainsburys-hunters-chicken-530g;Sainsbury's Hunters Chicken 530g;£1.29/unit;£0.24/100g;Cooking sauces & world foods;traditional-cooking-sauces;89;0.8;20.6;15.4;0.5;0.1;0.6;0.52;
sainsburys-iberico--taste-the-difference-170g;Sainsbury's Iberico, Taste the Difference 170g;£2.75/unit;£16.18/kg;Cheese;organic-taste-the-difference-cheese;443;25.4;2.2;0.5;37.0;25.5;0.5;1.68;
sainsburys-iberico-bellota-paleta--taste-the-difference-40g;Sainsbury's Spanish Paleta Iberico Bellota, Taste the Difference 40g;£4.00/unit;£10.00/100g;Cooked meats & snacking;mfp-continental-meats;383;29.5;0.5;0.5;29.4;10.3;0.5;5.50;
sainsburys-iberico-bellota-paleta--taste-the-difference-40g;Sainsbury's Spanish Paleta Iberico Bellota, Taste the Difference 40g;£4.00/unit;£10.00/100g;Cooked meats & snacking;mfp-cooked-meats-snacking-taste-the-difference;383;29.5;0.5;0.5;29.4;10.3;0.5;5.50;
sainsburys-iberico-bellota-paleta--taste-the-difference-40g;Sainsbury's Spanish Paleta Iberico Bellota, Taste the Difference 40g;£4.00/unit;£10.00/100g;Cooked meats, pate & sandwich fillers;continental-meats;383;29.5;0.5;0.5;29.4;10.3;0.5;5.50;
sainsburys-iberico-bellota-paleta--taste-the-difference-40g;Sainsbury's Spanish Paleta Iberico Bellota, Taste the Difference 40g;£4.00/unit;£10.00/100g;Cooked meats, pate & sandwich fillers;cooked-meats-taste-the-difference;383;29.5;0.5;0.5;29.4;10.3;0.5;5.50;
sainsburys-iberico-bellota-selection--taste-the-difference-90g;Sainsbury's Spanish Iberico Bellota Tapas Selection, Taste the Difference 90g;£5.00/unit;£5.56/100g;Coleslaw, olives, salads & dips;olives-tapas-antipasti;309;29.7;0.5;0.5;20.9;7.3;1.0;3.7;
sainsburys-iberico-bellota-selection--taste-the-difference-90g;Sainsbury's Spanish Iberico Bellota Tapas Selection, Taste the Difference 90g;£5.00/unit;£5.56/100g;Cooked meats & snacking;mfp-continental-meats;309;29.7;0.5;0.5;20.9;7.3;1.0;3.7;
sainsburys-iberico-bellota-selection--taste-the-difference-90g;Sainsbury's Spanish Iberico Bellota Tapas Selection, Taste the Difference 90g;£5.00/unit;£5.56/100g;Cooked meats & snacking;mfp-cooked-meats-snacking-taste-the-difference;309;29.7;0.5;0.5;20.9;7.3;1.0;3.7;
sainsburys-iberico-bellota-selection--taste-the-difference-90g;Sainsbury's Spanish Iberico Bellota Tapas Selection, Taste the Difference 90g;£5.00/unit;£5.56/100g;Cooked meats, pate & sandwich fillers;continental-meats;309;29.7;0.5;0.5;20.9;7.3;1.0;3.7;
sainsburys-iberico-bellota-selection--taste-the-difference-90g;Sainsbury's Spanish Iberico Bellota Tapas Selection, Taste the Difference 90g;£5.00/unit;£5.56/100g;Cooked meats, pate & sandwich fillers;cooked-meats-taste-the-difference;309;29.7;0.5;0.5;20.9;7.3;1.0;3.7;
sainsburys-ice-cream-chocolates-126ml;Sainsbury's Festive Ice Cream Chocolates 126ml;£0.50/unit;£0.40/100g;Party food;frozen-party-food;392;4.3;33.1;28.9;26.8;17.9;0.9;0.13;
sainsburys-ice-cream-cones-75g;Sainsbury's Ice Cream Cones 75g;£0.40/unit;£0.53/100g;Confectionery;sweets;345;4.6;81.0;68.3;0.2;0.1;0.1;0;
sainsburys-ice-cream-roll-250ml;Sainsbury's Ice Cream Roll 250ml;£1.00/unit;£0.40/100g;Ice cream & desserts;ice-cream-desserts;212;3.5;38.3;27.2;4.9;2.8;0.7;0.25;
sainsburys-ice-lollies-variety-pack-1060ml;Sainsbury's Ice Lollies Assorted 20x53ml;£2.50/unit;£0.24/100ml;Ice cream & desserts;lollies-bars-cones;69;0;17.2;16.3;0;0;0.1;0;
sainsburys-iceberg-lettuce--basics;Sainsbury's Iceberg Lettuce, Basics;£0.55/unit;£0.55/ea;Fresh salad;lettuce;15;0.7;1.9;1.9;0.5;0.1;0.6;0.1;
sainsburys-iceberg-lettuce-200g;Sainsbury's Iceberg Lettuce 200g;£1.00/unit;£0.50/100g;Fresh salad;fresh-salad-prepared-ready-to-eat;16;0.7;1.9;1.9;0.5;0.1;1.4;0.05;
sainsburys-iceberg-lettuce-200g;Sainsbury's Iceberg Lettuce 200g;£1.00/unit;£0.50/100g;Fresh salad;lettuce;16;0.7;1.9;1.9;0.5;0.1;1.4;0.05;
sainsburys-iceberg-lettuce-200g;Sainsbury's Iceberg Lettuce 200g;£1.00/unit;£0.50/100g;Fresh salad;salad-bags;16;0.7;1.9;1.9;0.5;0.1;1.4;0.05;
sainsburys-iceberg-lettuce-200g;Sainsbury's Iceberg Lettuce 200g;£1.00/unit;£0.50/100g;Prepared & ready to eat;prepared-salad-herbs;16;0.7;1.9;1.9;0.5;0.1;1.4;0.05;
sainsburys-iceberg-lettuce;Sainsbury's Iceberg Lettuce;£0.60/unit;£0.60/ea;Fresh salad;lettuce;14;0.7;1.9;1.9;0.3;0.0;0.6;0.00;
sainsburys-iceberg-twin-pack-160g;Sainsbury's Iceberg Twin Pack 160g;£1.00/unit;£0.63/100g;Fresh salad;fresh-salad-prepared-ready-to-eat;16;0.7;1.9;1.9;0.5;0.1;1.4;0.05;
sainsburys-iceberg-twin-pack-160g;Sainsbury's Iceberg Twin Pack 160g;£1.00/unit;£0.63/100g;Fresh salad;lettuce;16;0.7;1.9;1.9;0.5;0.1;1.4;0.05;
sainsburys-iceberg-twin-pack-160g;Sainsbury's Iceberg Twin Pack 160g;£1.00/unit;£0.63/100g;Fresh salad;salad-bags;16;0.7;1.9;1.9;0.5;0.1;1.4;0.05;
sainsburys-iceberg-twin-pack-160g;Sainsbury's Iceberg Twin Pack 160g;£1.00/unit;£0.63/100g;Prepared & ready to eat;prepared-salad-herbs;16;0.7;1.9;1.9;0.5;0.1;1.4;0.05;
sainsburys-iced-buns-x6;Sainsbury's Iced Buns x6;£1.00/unit;£0.17/ea;Cakes;cakes-scones-fruited-buns;330;6.7;53.4;20.3;9.3;3.5;2.8;0.43;
sainsburys-iced-buns-x6;Sainsbury's Iced Buns x6;£1.00/unit;£0.17/ea;Scones, fruited & buns;scones-fruited-buns;330;6.7;53.4;20.3;9.3;3.5;2.8;0.43;
sainsburys-iced-cupcakes-x6;Sainsbury's Iced Cupcakes x6;£4.00/unit;£0.67/ea;Cakes;muffins-small-cakes;445;2.8;69.4;62.7;17.1;4.4;1.6;0.42;
sainsburys-iced-cupcakes-x6;Sainsbury's Iced Cupcakes x6;£4.00/unit;£0.67/ea;Easter treats;easter-treats;445;2.8;69.4;62.7;17.1;4.4;1.6;0.42;
sainsburys-iced-fairy-cakes-x6;Sainsbury's Iced Fairy Cakes x6;£1.45/unit;£0.24/ea;Cakes;muffins-small-cakes;463;5.5;53.4;33.0;24.9;8.1;1.8;0.47;
sainsburys-iced-madeira-cake;Sainsbury's Iced Madeira Cake;£1.30/unit;£0.44/100g;Cakes;sponge-slab-loaf-cakes;396;3.7;61.3;41.2;14.9;9.1;1.0;0.58;
sainsburys-indian-lentil-quarter-pounder-454g-7718227-p-44;Sainsbury's Indian Lentil Quarter Pounder 454g;£1.80/unit;£3.96/kg;Meat free & vegetarian;meat-free-vegetarian;196;4.2;18.9;6.6;10.5;1.1;4.5;0.67;
sainsburys-indian-meal-box-south-indian-jalfrezi--taste-the-difference-1184g;Sainsbury's Indian Meal Box South Indian Jalfrezi, Taste the Difference 1.184g;£9.00/unit;£7.56/kg;Ready meals;indian-ready-meals;147;7.6;17.3;2.3;4.5;0.9;3.0;0.58;
sainsburys-indian-meal-box-south-indian-jalfrezi--taste-the-difference-1184g;Sainsbury's Indian Meal Box South Indian Jalfrezi, Taste the Difference 1.184g;£9.00/unit;£7.56/kg;Ready meals;taste-the-difference-bistro-ready-meals;147;7.6;17.3;2.3;4.5;0.9;3.0;0.58;
sainsburys-indian-meal-for-4-259kg;Sainsbury's Indian Meal For 4, 2.59kg;£14.00/unit;£5.41/kg;Ready meals;indian-ready-meals;164;3.4;32.4;0.5;1.8;0.1;2.2;0.40;
sainsburys-indian-onion-relish-150g;Sainsbury's Indian Onion Relish 150g;£1.10/unit;£0.73/100g;Cooking sauces & world foods;indian-cooking-sauces;135;0.9;32.0;25.5;0.5;0.1;1.2;0.49;
sainsburys-indian-snack-selection-%28warm---aromatic%29-288g;Sainsbury's Indian Snack Selection (warm & aromatic) 288g;£2.20/unit;£7.64/kg;Ready meals;indian-ready-meals;215;6.2;23.6;2.6;9.5;0.7;5.1;0.78;
sainsburys-indian-snack-selection-%28warm---aromatic%29-288g;Sainsbury's Indian Snack Selection (warm & aromatic) 288g;£2.20/unit;£7.64/kg;Vegetarian & meat free;deli-meat-alternatives;215;6.2;23.6;2.6;9.5;0.7;5.1;0.78;
sainsburys-indian-snack-selection-%28warm---aromatic%29-288g;Sainsbury's Indian Snack Selection (warm & aromatic) 288g;£2.20/unit;£7.64/kg;Vegetarian & meat free;vegetarian-meat-free-ready-meals;215;6.2;23.6;2.6;9.5;0.7;5.1;0.78;
sainsburys-indian-spiced-peanuts-200g;Sainsbury's Indian Spiced Peanuts 200g;£1.35/unit;£0.68/100g;Crisps, nuts & snacking fruit;nuts;624;28.6;6.1;5.4;51.9;7.8;8.9;0.84;
sainsburys-indian-style-lentil-cup-soup-88g-%284x22g%29;Sainsbury's Indian Style Lentil Cup Soup 4x22g;£0.90/unit;£1.02/100g;Canned, tinned & packaged foods;soups;36;2.5;6.0;0.6;0.5;0.1;0.9;0.55;
sainsburys-indian-vegetable-curry--chick-pea-dhal-395g;Sainsbury's Chickpea Dhal 395g;£1.20/unit;£3.04/kg;Canned, tinned & packaged foods;canned-tinned-packaged-hot-meat-meals;142;5.8;13.9;1.6;6.3;0.5;3.0;0.50;
sainsburys-indulgence-ice-creams--chocolate---hazelnut-praline-x3-240ml;Sainsbury's Indulgence Ice Cream, Chocolate & Hazelnut Praline 3x80ml;£2.50/unit;£1.04/100ml;Ice cream & desserts;lollies-bars-cones;387;5.0;35.7;27.8;24.7;13.4;0.8;0.17;
sainsburys-indulgence-ice-creams--chocolate-brownie-x3-240ml;Sainsbury's Indulgence Ice Cream, Chocolate Brownie 3x80ml;£2.50/unit;£1.04/100ml;Ice cream & desserts;lollies-bars-cones;360;4.8;39.3;31.6;20.1;12.5;1.6;0.14;
sainsburys-instant-bbq-beef-noodles-85g;Sainsbury's Instant Noodles, BBQ Beef 85g;£0.30/unit;£3.53/kg;Cooking sauces & world foods;world-foods-instant-snack-meals;141;3.0;17.9;1.1;6.0;2.6;1.6;0.55;
sainsburys-instant-bbq-beef-noodles-85g;Sainsbury's Instant Noodles, BBQ Beef 85g;£0.30/unit;£3.53/kg;Rice, pasta & noodles;instant-snack-meals;141;3.0;17.9;1.1;6.0;2.6;1.6;0.55;
sainsburys-instant-chicken-noodles--basics-65g;Sainsbury's Instant Noodles, Chicken, Basics 65g;£0.25/unit;£2.94/kg;Cooking sauces & world foods;world-foods-instant-snack-meals;158;3.1;20.5;0.9;6.7;2.9;1.7;0.43;
sainsburys-instant-chicken-noodles--basics-65g;Sainsbury's Instant Noodles, Chicken, Basics 65g;£0.25/unit;£2.94/kg;Rice, pasta & noodles;instant-snack-meals;158;3.1;20.5;0.9;6.7;2.9;1.7;0.43;
sainsburys-instant-chicken-noodles--basics-65g;Sainsbury's Instant Noodles, Chicken, Basics 65g;£0.25/unit;£2.94/kg;Rice, pasta & noodles;noodles;158;3.1;20.5;0.9;6.7;2.9;1.7;0.43;
sainsburys-instant-curry-flavoured-noodles-65g;Sainsbury's Instant Noodles, Curry 85g;£0.25/unit;£2.94/kg;Cooking sauces & world foods;world-foods-instant-snack-meals;165;3.2;20.6;1.0;7.2;3.2;2.3;0.45;
sainsburys-instant-curry-flavoured-noodles-65g;Sainsbury's Instant Noodles, Curry 85g;£0.25/unit;£2.94/kg;Rice, pasta & noodles;instant-snack-meals;165;3.2;20.6;1.0;7.2;3.2;2.3;0.45;
sainsburys-instant-curry-flavoured-noodles-65g;Sainsbury's Instant Noodles, Curry 85g;£0.25/unit;£2.94/kg;Rice, pasta & noodles;noodles;165;3.2;20.6;1.0;7.2;3.2;2.3;0.45;
sainsburys-instant-curry-noodles-85g;Sainsbury's Instant Noodles, Curry 85g;£0.30/unit;£3.53/kg;Cooking sauces & world foods;world-foods-instant-snack-meals;160;3.1;19.8;0.9;7.0;3.1;2.5;0.48;
sainsburys-instant-curry-noodles-85g;Sainsbury's Instant Noodles, Curry 85g;£0.30/unit;£3.53/kg;Rice, pasta & noodles;instant-snack-meals;160;3.1;19.8;0.9;7.0;3.1;2.5;0.48;
sainsburys-instant-custard--basics-385g;Sainsbury's Custard, Basics 385g;£0.20/unit;£0.05/100g;Fruit & desserts;custard;73;2.7;14.0;10.9;0.7;0.5;0.5;0.08;
sainsburys-instant-custard--basics-68g;Sainsbury's Instant Custard Powder, Basics 68g;£0.20/unit;£0.29/100g;Fruit & desserts;custard;59;0.5;11.0;6.9;1.5;1.1;0.5;0.05;
sainsburys-instant-custard-72g;Sainsbury's Instant Custard 72g;£0.40/unit;£0.56/100g;Fruit & desserts;custard;63;0.6;10.9;6.7;1.9;1.4;0.2;0;
sainsburys-instant-custard-no-added-sugar-72g;Sainsbury's Instant Custard Power No Added Sugar 72g;£0.40/unit;£0.56/100g;Fruit & desserts;custard;60;0.8;10.4;4.2;1.6;1.3;0.5;0.15;
sainsburys-instant-mashed-potato-432g;Sainsbury's Instant Mashed Potato 432g;£1.00/unit;£2.27/kg;Canned, tinned & packaged foods;canned-tinned-packaged-vegetables;62;1.5;12.0;0.8;0.7;0.4;1.1;0.30;
sainsburys-instant-porridge--so-organic-x10-sachets-270g;Sainsbury's Instant Porridge, SO Organic 10x27g;£1.90/unit;£0.70/100g;Breakfast cereals;porridge-oats;376;10.3;63.2;1.0;7.2;1.2;8.5;0.01;
sainsburys-instant-vegetable-noodles-85g;Sainsbury's Instant Noodles, Vegetable 85g;£0.30/unit;£3.53/kg;Cooking sauces & world foods;world-foods-instant-snack-meals;164;2.8;19.1;1.3;8.2;3.5;1.1;0.58;
sainsburys-instant-vegetable-noodles-85g;Sainsbury's Instant Noodles, Vegetable 85g;£0.30/unit;£3.53/kg;Rice, pasta & noodles;instant-snack-meals;164;2.8;19.1;1.3;8.2;3.5;1.1;0.58;
sainsburys-instore-bakery-blueberry-muffins-x4;Sainsbury's Muffins, Blueberry x4;£1.00/unit;£0.25/ea;Cakes;cakes-from-our-bakery-12374-44;null;null;null;null;null;null;null;null;
sainsburys-instore-bakery-blueberry-muffins-x4;Sainsbury's Muffins, Blueberry x4;£1.00/unit;£0.25/ea;From our in store bakery;cakes-from-our-bakery;null;null;null;null;null;null;null;null;
sainsburys-instore-bakery-meringues-nests-x8;Sainsbury's Instore Bakery Meringues Nests x8;£1.25/unit;£0.16/ea;Cakes;cakes-from-our-bakery-12374-44;null;null;null;null;null;null;null;null;
sainsburys-instore-bakery-meringues-nests-x8;Sainsbury's Instore Bakery Meringues Nests x8;£1.25/unit;£0.16/ea;From our in store bakery;cakes-from-our-bakery;null;null;null;null;null;null;null;null;
sainsburys-irish-recipe-pork-sausages-454g;Sainsbury's Irish Recipe Pork Sausages x8 454g;£1.10/unit;£2.42/kg;Great prices on meat & fish;great-prices-on-meat---fish;327;9.7;12.6;1.6;25.5;9.8;4.4;1.50;
sainsburys-irish-recipe-pork-sausages-454g;Sainsbury's Irish Recipe Pork Sausages x8 454g;£1.10/unit;£2.42/kg;Sausages;sausages;327;9.7;12.6;1.6;25.5;9.8;4.4;1.50;
sainsburys-island-fruit-mix-250g;Sainsbury's Island Fruit Mix 250g;£3.30/unit;£1.32/100g;Canned, tinned & packaged foods;canned-tinned-packaged-fruit;275;2.3;63.9;61.8;0.5;0.1;3.1;0.26;
sainsburys-island-fruit-mix-250g;Sainsbury's Island Fruit Mix 250g;£3.30/unit;£1.32/100g;Crisps, nuts & snacking fruit;snacking-fruit-seeds;275;2.3;63.9;61.8;0.5;0.1;3.1;0.26;
sainsburys-island-fruit-mix-250g;Sainsbury's Island Fruit Mix 250g;£3.30/unit;£1.32/100g;Fruit & desserts;dessert-fruit;275;2.3;63.9;61.8;0.5;0.1;3.1;0.26;
sainsburys-island-fruit-mix-250g;Sainsbury's Island Fruit Mix 250g;£3.30/unit;£1.32/100g;Fruit & desserts;snacking-fruit-nuts;275;2.3;63.9;61.8;0.5;0.1;3.1;0.26;
sainsburys-isle-of-skye-smoked-salmon-p%C3%A2t%C3%A9--taste-the-difference-115g;Sainsbury's Smoked Salmon Pâté, Taste the Difference 115g;£1.65/unit;£1.43/100g;Cooked meats & snacking;mfp-cooked-meats-snacking-taste-the-difference;217;14.9;4.7;1.3;15.3;3.6;0.5;1.98;
sainsburys-isle-of-skye-smoked-salmon-p%C3%A2t%C3%A9--taste-the-difference-115g;Sainsbury's Smoked Salmon Pâté, Taste the Difference 115g;£1.65/unit;£1.43/100g;Cooked meats & snacking;mfp-pate;217;14.9;4.7;1.3;15.3;3.6;0.5;1.98;
sainsburys-isle-of-skye-smoked-salmon-p%C3%A2t%C3%A9--taste-the-difference-115g;Sainsbury's Smoked Salmon Pâté, Taste the Difference 115g;£1.65/unit;£1.43/100g;Cooked meats, pate & sandwich fillers;cooked-meats-taste-the-difference;217;14.9;4.7;1.3;15.3;3.6;0.5;1.98;
sainsburys-isle-of-skye-smoked-salmon-p%C3%A2t%C3%A9--taste-the-difference-115g;Sainsbury's Smoked Salmon Pâté, Taste the Difference 115g;£1.65/unit;£1.43/100g;Cooked meats, pate & sandwich fillers;pate;217;14.9;4.7;1.3;15.3;3.6;0.5;1.98;
sainsburys-isle-of-skye-smoked-salmon-p%C3%A2t%C3%A9--taste-the-difference-115g;Sainsbury's Smoked Salmon Pâté, Taste the Difference 115g;£1.65/unit;£1.43/100g;Fish & seafood;canapes-snacking;217;14.9;4.7;1.3;15.3;3.6;0.5;1.98;
sainsburys-isle-of-skye-smoked-salmon-p%C3%A2t%C3%A9--taste-the-difference-115g;Sainsbury's Smoked Salmon Pâté, Taste the Difference 115g;£1.65/unit;£1.43/100g;Fish & seafood;smoked-fish;217;14.9;4.7;1.3;15.3;3.6;0.5;1.98;
sainsburys-isle-of-skye-smoked-salmon-p%C3%A2t%C3%A9--taste-the-difference-115g;Sainsbury's Smoked Salmon Pâté, Taste the Difference 115g;£1.65/unit;£1.43/100g;Organic & Taste the Difference;organic-taste-the-difference;217;14.9;4.7;1.3;15.3;3.6;0.5;1.98;
sainsburys-italian-antipasti-platter-180g;Sainsbury's Italian Antipasti Platter 180g;£4.00/unit;£2.22/100g;Coleslaw, olives, salads & dips;olives-tapas-antipasti;295;28.0;0.5;0.5;null;null;null;null;
sainsburys-italian-antipasti-platter-180g;Sainsbury's Italian Antipasti Platter 180g;£4.00/unit;£2.22/100g;Cooked meats & snacking;mfp-continental-meats;295;28.0;0.5;0.5;null;null;null;null;
sainsburys-italian-antipasti-platter-180g;Sainsbury's Italian Antipasti Platter 180g;£4.00/unit;£2.22/100g;Cooked meats, pate & sandwich fillers;continental-meats;295;28.0;0.5;0.5;null;null;null;null;
sainsburys-italian-antipasto-selection-62g;Sainsbury's Italian Antipasto Selection 62g;£2.00/unit;£3.23/100g;Coleslaw, olives, salads & dips;olives-tapas-antipasti;398;26.9;1.0;0.5;31.8;12.0;0.5;3.80;
sainsburys-italian-antipasto-selection-62g;Sainsbury's Italian Antipasto Selection 62g;£2.00/unit;£3.23/100g;Cooked meats & snacking;mfp-continental-meats;398;26.9;1.0;0.5;31.8;12.0;0.5;3.80;
sainsburys-italian-antipasto-selection-62g;Sainsbury's Italian Antipasto Selection 62g;£2.00/unit;£3.23/100g;Cooked meats, pate & sandwich fillers;continental-meats;398;26.9;1.0;0.5;31.8;12.0;0.5;3.80;
sainsburys-italian-artichoke-antipasto-280g;Sainsbury's Italian Artichoke Antipasto 280g (180g*);£2.00/unit;£1.11/100g;Vinegar, pickles, olives & antipasti;olives-antipasti;202;2.8;12.5;5.1;14.6;1.5;4.8;0.28;
sainsburys-italian-carnaroli-rice-500g;Sainsbury's Italian Carnaroli Rice 500g;£1.10/unit;£2.20/kg;Rice, pasta & noodles;rice-12592-44;119;2.3;25.7;0.5;0.5;0.1;1.5;0.01;
sainsburys-italian-chunky-chopped-tomatoes--taste-the-difference-390g;Sainsbury's Italian Chunky Chopped Tomatoes, Taste the Difference 390g;£0.80/unit;£2.05/kg;Canned, tinned & packaged foods;canned-tinned-packaged-tomatoes;33;1.7;5.3;5.0;0.5;0.1;1.7;0.03;
sainsburys-italian-cooked-ham-100g;Sainsbury's Italian Prosciutto Cotto Slices 100g;£2.00/unit;£2.00/100g;Cooked meats & snacking;mfp-continental-meats;159;19.7;0.5;0.5;8.9;3.2;0.5;1.93;
sainsburys-italian-cooked-ham-100g;Sainsbury's Italian Prosciutto Cotto Slices 100g;£2.00/unit;£2.00/100g;Cooked meats, pate & sandwich fillers;continental-meats;159;19.7;0.5;0.5;8.9;3.2;0.5;1.93;
sainsburys-italian-cubetti-di-pancetta-206g;Sainsbury's Italian Cubetti Di Pancetta 206g;£2.00/unit;£0.97/100g;Bacon & gammon;bacon;356;17.4;0.5;0.5;31.7;11.7;0.5;3.73;
sainsburys-italian-cubetti-di-pancetta-206g;Sainsbury's Italian Cubetti Di Pancetta 206g;£2.00/unit;£0.97/100g;Cooked meats & snacking;cooks-ingredients;356;17.4;0.5;0.5;31.7;11.7;0.5;3.73;
sainsburys-italian-cubetti-di-pancetta-206g;Sainsbury's Italian Cubetti Di Pancetta 206g;£2.00/unit;£0.97/100g;Cooked meats & snacking;mfp-continental-meats;356;17.4;0.5;0.5;31.7;11.7;0.5;3.73;
sainsburys-italian-cubetti-di-pancetta-206g;Sainsbury's Italian Cubetti Di Pancetta 206g;£2.00/unit;£0.97/100g;Cooked meats, pate & sandwich fillers;continental-meats;356;17.4;0.5;0.5;31.7;11.7;0.5;3.73;
sainsburys-italian-cubetti-di-pancetta-206g;Sainsbury's Italian Cubetti Di Pancetta 206g;£2.00/unit;£0.97/100g;Cooked meats, pate & sandwich fillers;cooks-ingredients-85658-44;356;17.4;0.5;0.5;31.7;11.7;0.5;3.73;
sainsburys-italian-gemelli-pasta-500g;Sainsbury's Fresh Egg Gemelli Pasta 500g;£1.65/unit;£3.30/kg;Pizza, pasta & garlic bread;fresh-pasta-sauces;193;7.5;36.0;1.0;1.8;0.6;1.3;0.02;
sainsburys-italian-gemelli-pasta-500g;Sainsbury's Fresh Egg Gemelli Pasta 500g;£1.65/unit;£3.30/kg;Vegetarian & meat free;vegetarian-meat-free-pizza-pasta;193;7.5;36.0;1.0;1.8;0.6;1.3;0.02;
sainsburys-italian-herb-seasoning-15g;Sainsbury's Italian Herb Seasoning 15g;£1.00/unit;£0.67/10g;Cooking ingredients & oils;herbs-spices-seasoning;null;null;null;null;null;null;null;null;
sainsburys-italian-macaroni---bacon-melt-main-for-4-14kg;Sainsbury's Italian Macaroni & Bacon Melt Main For 4 1.4kg;£6.00/unit;£4.29/kg;Ready meals;italian-ready-meals;171;8.0;14.3;1.4;8.2;4.6;3.9;0.58;
sainsburys-italian-macaroni-500g;Sainsbury's Fresh Egg Macaroni 500g;£1.65/unit;£3.30/kg;Pizza, pasta & garlic bread;fresh-pasta-sauces;193;7.5;36.0;1.0;1.8;0.6;1.3;0.02;
sainsburys-italian-macaroni-500g;Sainsbury's Fresh Egg Macaroni 500g;£1.65/unit;£3.30/kg;Vegetarian & meat free;vegetarian-meat-free-pizza-pasta;193;7.5;36.0;1.0;1.8;0.6;1.3;0.02;
sainsburys-italian-milano-salami-slices-86g;Sainsbury's Italian Milano Salami Slices 86g;£2.00/unit;£2.33/100g;Cooked meats & snacking;mfp-continental-meats;398;26.9;1.0;0.5;31.8;12.0;0.5;3.80;
sainsburys-italian-milano-salami-slices-86g;Sainsbury's Italian Milano Salami Slices 86g;£2.00/unit;£2.33/100g;Cooked meats, pate & sandwich fillers;continental-meats;398;26.9;1.0;0.5;31.8;12.0;0.5;3.80;
sainsburys-italian-mixed-mushroom-antipasto-280g;Sainsbury's Italian Mixed Mushroom Antipasto 280g (160g*);£2.30/unit;£1.44/100g;Vinegar, pickles, olives & antipasti;olives-antipasti;94;3.2;0.6;0.5;8.0;1.0;3.7;1.60;
sainsburys-italian-mixed-vegetable-tomato-paste--taste-the-difference-150g;Sainsbury's Italian Mixed Vegetable Tomato Paste, Taste the Difference 150g;£0.70/unit;£4.67/kg;Canned, tinned & packaged foods;canned-tinned-packaged-tomatoes;94;4.1;15.4;12.1;1.2;0.1;2.5;0.93;
sainsburys-italian-olive-oil--extra-virgin-500ml;Sainsbury's Italian Olive Oil, Extra Virgin 500ml;£2.90/unit;£0.58/100ml;Cooking ingredients & oils;oils;823;0;0;0;91.4;13.1;0;0;
sainsburys-italian-parma-ham-24-month-matured--taste-the-difference-70g;Sainsbury's Italian Parma Ham 24 Month Matured, Taste the Difference 70g;£3.50/unit;£5.00/100g;Cooked meats & snacking;mfp-continental-meats;241;26.5;0.5;0.5;15.0;5.8;0.5;4.60;
sainsburys-italian-parma-ham-24-month-matured--taste-the-difference-70g;Sainsbury's Italian Parma Ham 24 Month Matured, Taste the Difference 70g;£3.50/unit;£5.00/100g;Cooked meats, pate & sandwich fillers;continental-meats;241;26.5;0.5;0.5;15.0;5.8;0.5;4.60;
sainsburys-italian-prosciutto-crudo-slices-70g;Sainsbury's Italian Prosciutto Crudo Slices 70g;£1.75/unit;£2.50/100g;Cooked meats & snacking;mfp-continental-meats;295;28.0;0.5;0.5;20.2;7.0;0.5;5.73;
sainsburys-italian-prosciutto-crudo-slices-70g;Sainsbury's Italian Prosciutto Crudo Slices 70g;£1.75/unit;£2.50/100g;Cooked meats, pate & sandwich fillers;continental-meats;295;28.0;0.5;0.5;20.2;7.0;0.5;5.73;
sainsburys-italian-quick-cook-spaghetti-500g;Sainsbury's Quick Cook Spaghetti 500g;£0.85/unit;£1.70/kg;Rice, pasta & noodles;pasta;160;4.4;33.6;0.6;0.6;0.1;1.4;0.01;
sainsburys-italian-salad-sprinkle-25g;Sainsbury's Italian Salad Sprinkle 25g;£0.50/unit;£2.00/100g;Fresh salad;dressings-coleslaw-accompaniments;457;17.2;29.2;13.8;27.8;3.5;10.5;2.00;
sainsburys-italian-salsa-al-pesto-150g;Sainsbury's Fresh Green Pesto 150g;£2.00/unit;£1.33/100g;Pizza, pasta & garlic bread;fresh-pasta-sauces;403;9.6;3.7;0.5;38.6;9.0;1.3;1.25;
sainsburys-italian-salsa-al-pesto-150g;Sainsbury's Fresh Green Pesto 150g;£2.00/unit;£1.33/100g;Vegetarian & meat free;vegetarian-meat-free-pizza-pasta;403;9.6;3.7;0.5;38.6;9.0;1.3;1.25;
sainsburys-italian-smoked-pancetta-105g;Sainsbury's Italian Smoked Pancetta 105g;£2.00/unit;£1.90/100g;Bacon & gammon;bacon;356;19.5;0.5;0.5;30.8;12.0;0.5;2.85;
sainsburys-italian-smoked-pancetta-105g;Sainsbury's Italian Smoked Pancetta 105g;£2.00/unit;£1.90/100g;Cooked meats & snacking;cooks-ingredients;356;19.5;0.5;0.5;30.8;12.0;0.5;2.85;
sainsburys-italian-smoked-pancetta-105g;Sainsbury's Italian Smoked Pancetta 105g;£2.00/unit;£1.90/100g;Cooked meats & snacking;mfp-continental-meats;356;19.5;0.5;0.5;30.8;12.0;0.5;2.85;
sainsburys-italian-smoked-pancetta-105g;Sainsbury's Italian Smoked Pancetta 105g;£2.00/unit;£1.90/100g;Cooked meats, pate & sandwich fillers;continental-meats;356;19.5;0.5;0.5;30.8;12.0;0.5;2.85;
sainsburys-italian-smoked-pancetta-105g;Sainsbury's Italian Smoked Pancetta 105g;£2.00/unit;£1.90/100g;Cooked meats, pate & sandwich fillers;cooks-ingredients-85658-44;356;19.5;0.5;0.5;30.8;12.0;0.5;2.85;
sainsburys-italian-style-balsamic-dressing-180ml;Sainsbury's Italian Style Balsamic Dressing 180ml;£1.20/unit;£0.67/100ml;Fresh salad;dressings-coleslaw-accompaniments;268;0.6;20.9;20.3;20.1;1.9;0.5;1.30;
sainsburys-italian-style-ciabatta-croutons-100g;Sainsbury's Italian Style Ciabatta Croutons 100g;£1.00/unit;£1.00/100g;Fresh salad;dressings-coleslaw-accompaniments;451;12.1;63.7;2.7;15.4;2.3;4.9;1.24;
sainsburys-italian-style-ciabatta-croutons-100g;Sainsbury's Italian Style Ciabatta Croutons 100g;£1.00/unit;£1.00/100g;Soup & lunchtime snacks;fresh-soups;451;12.1;63.7;2.7;15.4;2.3;4.9;1.24;
sainsburys-italian-style-salad-100g;Sainsbury's Italian Style Salad 100g;£1.50/unit;£1.50/100g;Fresh salad;fresh-salad-prepared-ready-to-eat;22;2.5;1.0;0.5;0.5;0.1;1.8;0.15;
sainsburys-italian-style-salad-100g;Sainsbury's Italian Style Salad 100g;£1.50/unit;£1.50/100g;Fresh salad;salad-bags;22;2.5;1.0;0.5;0.5;0.1;1.8;0.15;
sainsburys-italian-style-salad-100g;Sainsbury's Italian Style Salad 100g;£1.50/unit;£1.50/100g;Prepared & ready to eat;prepared-salad-herbs;22;2.5;1.0;0.5;0.5;0.1;1.8;0.15;
sainsburys-italian-style-salad-170g;Sainsbury's Italian Style Salad 170g;£2.00/unit;£1.18/100g;Fresh salad;fresh-salad-prepared-ready-to-eat;22;2.5;1.0;0.5;0.5;0.1;1.8;0.15;
sainsburys-italian-style-salad-170g;Sainsbury's Italian Style Salad 170g;£2.00/unit;£1.18/100g;Fresh salad;salad-bags;22;2.5;1.0;0.5;0.5;0.1;1.8;0.15;
sainsburys-italian-style-salad-170g;Sainsbury's Italian Style Salad 170g;£2.00/unit;£1.18/100g;Prepared & ready to eat;prepared-salad-herbs;22;2.5;1.0;0.5;0.5;0.1;1.8;0.15;
sainsburys-italian-style-salad-45g;Sainsbury's Italian Style Salad 45g;£1.00/unit;£2.22/100g;Fresh salad;fresh-salad-prepared-ready-to-eat;22;2.5;1.0;0.5;0.5;0.1;1.8;0.15;
sainsburys-italian-style-salad-45g;Sainsbury's Italian Style Salad 45g;£1.00/unit;£2.22/100g;Fresh salad;salad-bags;22;2.5;1.0;0.5;0.5;0.1;1.8;0.15;
sainsburys-italian-style-salad-45g;Sainsbury's Italian Style Salad 45g;£1.00/unit;£2.22/100g;Prepared & ready to eat;prepared-salad-herbs;22;2.5;1.0;0.5;0.5;0.1;1.8;0.15;
sainsburys-italian-style-salad-bowl-275g;Sainsbury's Italian Style Salad Bowl 275g;£3.00/unit;£1.09/100g;Coleslaw, olives, salads & dips;coleslaw-salads;31;1.4;4.2;3.0;0.5;0.1;1.9;0.25;
sainsburys-italian-style-salad-bowl-275g;Sainsbury's Italian Style Salad Bowl 275g;£3.00/unit;£1.09/100g;Fresh salad;fresh-salad-prepared-ready-to-eat;31;1.4;4.2;3.0;0.5;0.1;1.9;0.25;
sainsburys-italian-style-salad-bowl-275g;Sainsbury's Italian Style Salad Bowl 275g;£3.00/unit;£1.09/100g;Prepared & ready to eat;prepared-salad-herbs;31;1.4;4.2;3.0;0.5;0.1;1.9;0.25;
sainsburys-italian-style-salad-bowl-275g;Sainsbury's Italian Style Salad Bowl 275g;£3.00/unit;£1.09/100g;Soup & lunchtime snacks;lunchtime-snacks;31;1.4;4.2;3.0;0.5;0.1;1.9;0.25;
sainsburys-italian-style-tomato---herb-grinder-32g;Sainsbury's Italian Style Tomato & Herb Grinder 32g;£2.50/unit;£0.78/10g;Cooking ingredients & oils;herbs-spices-seasoning;235;12.4;35.3;15.6;1.0;0.3;17.9;11.48;
sainsburys-italian-tomato---mascapone-soup--taste-the-difference-400g;Sainsbury's Italian Tomato & Mascarpone Soup, Taste the Difference 400g;£0.90/unit;£0.23/100g;Canned, tinned & packaged foods;soups;65;1.4;6.5;4.6;3.5;2.0;0.9;0.63;
sainsburys-italian-vermicelli-500g;Sainsbury's Italian Vermicelli 500g;£0.85/unit;£1.70/kg;Rice, pasta & noodles;pasta;160;4.4;33.6;0.6;0.6;0.1;1.4;0.01;
sainsburys-jaffa-cakes--basics-135g;Sainsbury's Jaffa Cakes, Basics 135g;£0.50/unit;£0.37/100g;Biscuits & crackers;chocolate-biscuits;385;4.6;69.7;51.0;9.7;5.6;2.5;0.22;
sainsburys-jaffa-cakes-x12;Sainsbury's Jaffa Cakes x12;£0.90/unit;£0.08/ea;Biscuits & crackers;biscuits-crackers-kids-lunchbox;380;4.9;70.1;52.2;8.9;4.9;0.9;0.25;
sainsburys-jaffa-cakes-x12;Sainsbury's Jaffa Cakes x12;£0.90/unit;£0.08/ea;Biscuits & crackers;chocolate-biscuits;380;4.9;70.1;52.2;8.9;4.9;0.9;0.25;
sainsburys-jaffa-cakes-x36;Sainsbury's Jaffa Cakes x36;£2.00/unit;£0.06/ea;Biscuits & crackers;biscuits-crackers-kids-lunchbox;381;4.6;69.5;55.3;9.3;5.1;0.7;0.17;
sainsburys-jaffa-cakes-x36;Sainsbury's Jaffa Cakes x36;£2.00/unit;£0.06/ea;Biscuits & crackers;chocolate-biscuits;381;4.6;69.5;55.3;9.3;5.1;0.7;0.17;
sainsburys-jalepeno-chillies-80g;Sainsbury's Jalapeno Chillies 80g;£1.00/unit;£12.50/kg;Fresh herbs & ingredients;afro-caribbean-ingredients;23;2.9;0.7;0.7;0.6;0.1;1.5;0.02;
sainsburys-jalepeno-chillies-80g;Sainsbury's Jalapeno Chillies 80g;£1.00/unit;£12.50/kg;Fresh herbs & ingredients;asian-ingredients;23;2.9;0.7;0.7;0.6;0.1;1.5;0.02;
sainsburys-jalepeno-chillies-80g;Sainsbury's Jalapeno Chillies 80g;£1.00/unit;£12.50/kg;Fresh herbs & ingredients;indian-ingredients;23;2.9;0.7;0.7;0.6;0.1;1.5;0.02;
sainsburys-jalepeno-chillies-80g;Sainsbury's Jalapeno Chillies 80g;£1.00/unit;£12.50/kg;Fresh vegetables;chillies-herbs-ingredients;23;2.9;0.7;0.7;0.6;0.1;1.5;0.02;
sainsburys-jalepeno-chillies-80g;Sainsbury's Jalapeno Chillies 80g;£1.00/unit;£12.50/kg;Fresh vegetables;fresh-vegetables-world-exotic;23;2.9;0.7;0.7;0.6;0.1;1.5;0.02;
sainsburys-jalepeno-coleslaw-280g;Sainsbury's Jalepeno Coleslaw 280g;£1.00/unit;£0.36/100g;Coleslaw, olives, salads & dips;coleslaw-salads;190;0.9;5.6;5.2;17.9;2.2;1.6;0.78;
sainsburys-jalepeno-coleslaw-280g;Sainsbury's Jalepeno Coleslaw 280g;£1.00/unit;£0.36/100g;Fresh salad;dressings-coleslaw-accompaniments;190;0.9;5.6;5.2;17.9;2.2;1.6;0.78;
sainsburys-jalepeno-coleslaw-280g;Sainsbury's Jalepeno Coleslaw 280g;£1.00/unit;£0.36/100g;Prepared & ready to eat;prepared-salad-herbs;190;0.9;5.6;5.2;17.9;2.2;1.6;0.78;
sainsburys-jalepeno-coleslaw-280g;Sainsbury's Jalepeno Coleslaw 280g;£1.00/unit;£0.36/100g;Vegetarian & meat free;coleslaw--olives--salads---dips-30658-44;190;0.9;5.6;5.2;17.9;2.2;1.6;0.78;
sainsburys-jalfrezi-cooking-sauce-500g;Sainsbury's Jalfrezi Sauce 500g;£1.29/unit;£0.26/100g;Cooking sauces & world foods;indian-cooking-sauces;59;0.5;8.6;5.6;2.3;0.4;1.2;0.57;
sainsburys-jalfrezi-stir-through-sauce-150g;Sainsbury's Jalfrezi Stir Through Sauce 150g;£1.15/unit;£0.77/100g;Cooking sauces & world foods;indian-cooking-sauces;80;1.1;11.3;7.6;2.9;1.4;2.1;0.95;
sainsburys-jam---coconut-square-slices-x9;Sainsbury's Jam & Coconut Square Slices x2;£1.80/unit;£0.90/ea;Cakes;flapjacks-traybakes-bites;435;4.3;49.5;40.3;23.6;16.8;3.9;0.20;
sainsburys-jam---vanilla-mini-rolls--basics-x6;Sainsbury's Jam & Vanilla Mini Rolls, Basics x6;£0.55/unit;£0.09/ea;Cakes;cake-bars-mini-rolls;390;4.4;67;41;12;5.6;0.5;0.51;
sainsburys-jam-ball-doughnuts-x5;Sainsbury's Jam Ball Doughnuts x5;£0.65/unit;£0.13/ea;Cakes;doughnuts-cookies;null;null;null;null;null;null;null;null;
sainsburys-jam-ball-doughnuts-x5;Sainsbury's Jam Ball Doughnuts x5;£0.65/unit;£0.13/ea;From our in store bakery;instore-bakery-doughnuts-cookies;null;null;null;null;null;null;null;null;
sainsburys-jam-sandwich-creams-150g;Sainsbury's Jam Sandwich Creams 150g;£0.55/unit;£0.37/100g;Biscuits & crackers;everyday-biscuits-shortbread;488;4.9;65.8;31.1;22.4;12.9;2.1;0.53;
sainsburys-jam-tarts-x6;Sainsbury's Jam Tarts x6;£0.75/unit;£0.13/ea;Cakes;slices-pies-tarts;399;3.3;66.7;35.0;12.7;5.3;2.1;0.02;
sainsburys-jamaican-jerk-chicken-soup--taste-the-difference-600g;Sainsbury's Jamaican Jerk Chicken Soup, Taste the Difference 600g;£2.00/unit;£0.33/100g;Soup & lunchtime snacks;fresh-soups;62;3.6;7.3;4.6;1.4;0.3;2.8;0.33;
sainsburys-jambalaya--be-good-to-yourself-400g;Sainsbury's Jambalaya, Be Good To Yourself 400g;£3.00/unit;£7.50/kg;Ready meals;healthier-choice-ready-meals;103;6.6;14.6;3.5;1.7;0.2;1.6;0.42;
sainsburys-jambalaya--be-good-to-yourself-400g;Sainsbury's Jambalaya, Be Good To Yourself 400g;£3.00/unit;£7.50/kg;Ready meals;meals-for-1-ready-meals;103;6.6;14.6;3.5;1.7;0.2;1.6;0.42;
sainsburys-jambalaya--be-good-to-yourself-400g;Sainsbury's Jambalaya, Be Good To Yourself 400g;£3.00/unit;£7.50/kg;Ready meals;mexican-caribbean-american-ready-meals;103;6.6;14.6;3.5;1.7;0.2;1.6;0.42;
sainsburys-jambalaya--be-good-to-yourself-400g;Sainsbury's Jambalaya, Be Good To Yourself 400g;£3.00/unit;£7.50/kg;Soup & lunchtime snacks;lunchtime-snacks;103;6.6;14.6;3.5;1.7;0.2;1.6;0.42;
sainsburys-jamon-de-teruel--taste-the-difference-70g;Sainsbury's Spanish Jamon De Teruel, Taste the Difference 70g;£3.00/unit;£4.29/100g;Cooked meats & snacking;mfp-continental-meats;304;29.4;0.5;0.5;20.5;7.6;0.5;4.25;
sainsburys-jamon-de-teruel--taste-the-difference-70g;Sainsbury's Spanish Jamon De Teruel, Taste the Difference 70g;£3.00/unit;£4.29/100g;Cooked meats & snacking;mfp-cooked-meats-snacking-taste-the-difference;304;29.4;0.5;0.5;20.5;7.6;0.5;4.25;
sainsburys-jamon-de-teruel--taste-the-difference-70g;Sainsbury's Spanish Jamon De Teruel, Taste the Difference 70g;£3.00/unit;£4.29/100g;Cooked meats, pate & sandwich fillers;continental-meats;304;29.4;0.5;0.5;20.5;7.6;0.5;4.25;
sainsburys-jamon-de-teruel--taste-the-difference-70g;Sainsbury's Spanish Jamon De Teruel, Taste the Difference 70g;£3.00/unit;£4.29/100g;Cooked meats, pate & sandwich fillers;cooked-meats-taste-the-difference;304;29.4;0.5;0.5;20.5;7.6;0.5;4.25;
sainsburys-japanese-style-stir-fry-sauce-175ml;Sainsbury's Katsu Curry Stir Fry Sauce 175ml;£1.00/unit;£0.57/100ml;Fresh herbs & ingredients;asian-ingredients;102;1.2;16.4;11.1;3.3;0.4;1.0;1.23;
sainsburys-japanese-style-stir-fry-sauce-175ml;Sainsbury's Katsu Curry Stir Fry Sauce 175ml;£1.00/unit;£0.57/100ml;Fresh vegetables;chillies-herbs-ingredients;102;1.2;16.4;11.1;3.3;0.4;1.0;1.23;
sainsburys-japanese-style-stir-fry-sauce-175ml;Sainsbury's Katsu Curry Stir Fry Sauce 175ml;£1.00/unit;£0.57/100ml;Fresh vegetables;fresh-vegetables-stir-fry;102;1.2;16.4;11.1;3.3;0.4;1.0;1.23;
sainsburys-japanese-style-stir-fry-sauce-175ml;Sainsbury's Katsu Curry Stir Fry Sauce 175ml;£1.00/unit;£0.57/100ml;Prepared & ready to eat;prepared-stir-fry;102;1.2;16.4;11.1;3.3;0.4;1.0;1.23;
sainsburys-japanese-style-stir-fry-sauce-175ml;Sainsbury's Katsu Curry Stir Fry Sauce 175ml;£1.00/unit;£0.57/100ml;Prepared & ready to eat;prepared-vegetables;102;1.2;16.4;11.1;3.3;0.4;1.0;1.23;
sainsburys-jazz-apples-%28each%29;Sainsbury's Jazz Apples Loose;£2.75/kg;£2.75/kg;Fresh fruit;apples-pears-rhubarb;47;0.4;11.8;11.8;0.1;0.0;1.8;0;
sainsburys-jazz-apples-x4-%28minimum%29;Sainsbury's Jazz Apples x4 (minimum);£2.00/unit;£2.00/ea;Fresh fruit;apples-pears-rhubarb;47;0.4;11.8;11.8;0.1;0.0;1.8;0;
sainsburys-jazz-apples-x6-%28minimum%29;Sainsbury's Jazz Apples x6 (minimum);£2.25/unit;£2.25/ea;Fresh fruit;apples-pears-rhubarb;2;1;5;13;1;1;0;1;
sainsburys-jelly-babies-250g;Sainsbury's Jelly Babies 250g;£0.95/unit;£0.38/100g;Confectionery;sweets;345;5.3;80.4;68.8;0.2;0.1;0.1;0;
sainsburys-jelly-beans-medium-easter-egg-175g;Sainsbury's Milk Chocolate Easter Egg with Mini Jelly Beans 175g;£1.00/unit;£0.57/100g;Confectionery;easter-eggs;517;8.1;58.9;57.8;27.0;16.2;2.3;0.18;
sainsburys-jelly-teeth---lips-75g;Sainsbury's Jelly Teeth & Lips 75g;£0.40/unit;£0.53/100g;Confectionery;sweets;330;5.5;75.3;54.8;0.5;0.1;0.5;0.04;
sainsburys-jerk-chicken---cherrybell-peppers-12-pizza--taste-the-difference;Sainsbury's Jerk Chicken & CherryBell Peppers Pizza, Taste the Difference 12'' 520g;£5.00/unit;£9.62/kg;Pizza, pasta & garlic bread;pizza;242;12.4;29.5;4.5;7.8;2.3;2.3;1.27;
sainsburys-jerk-marinade-280g;Sainsbury's Jerk Marinade 280g;£1.20/unit;£0.43/100g;Table sauces, dressings & condiments;marinades-glazes;107;0.9;24.5;21.0;0.5;0.1;1.3;0.68;
sainsburys-jerk-paste-90g;Sainsbury's Jerk Paste 90g;£1.65/unit;£1.83/100g;Cooking ingredients & oils;cooking-pastes;159;2.4;11.8;7.1;9.7;0.7;7.6;2.83;
sainsburys-jerk-seasoning-58g;Sainsbury's Jerk Seasoning 58g;£1.00/unit;£0.17/10g;Cooking ingredients & oils;herbs-spices-seasoning;274;10.7;33.6;8.3;4.3;1.0;null;7.13;
sainsburys-jersey-butter--taste-the-difference-250g;Sainsbury's Jersey Butter, Taste the Difference 250g;£1.70/unit;£6.80/kg;Butter, spreads & baking;block-butter;718;0.7;1.6;0.8;78.8;53.5;0.5;1.60;
sainsburys-jersey-double-cream--taste-the-difference-284ml;Sainsbury's Jersey Double Cream, Taste the Difference 284ml;£1.35/unit;£0.48/100ml;Desserts & cream;fresh-cream-custard;449;1.7;2.6;2.6;48.0;29.7;0.5;0.09;
sainsburys-jersey-milk--taste-the-difference-750ml;Sainsbury's Jersey Milk, Taste the Difference 750ml;£0.75/unit;£1.00/ltr;Fresh milk & eggs;fresh-milk;79;4.0;4.6;4.6;5.0;3.2;0.5;0.13;
sainsburys-jerusalem-artichokes-350g-167512-p-44;Sainsbury's Jerusalem Artichokes 350g;£1.50/unit;£4.29/kg;Fresh vegetables;fresh-vegetables-world-exotic;81;2.0;17.4;9.6;0.5;0.1;1.6;0.01;
sainsburys-jerusalem-artichokes-350g-167512-p-44;Sainsbury's Jerusalem Artichokes 350g;£1.50/unit;£4.29/kg;In season;new-in-season;81;2.0;17.4;9.6;0.5;0.1;1.6;0.01;
sainsburys-jubilee-bramley-apple-tart-425g;Sainsbury's Jubilee Bramley Apple Tart 425g;£2.75/unit;£0.65/100g;Desserts & cream;desserts;332;5.6;43.0;24.0;14.9;5.2;1.5;0.20;
sainsburys-julienne-ginger-90g;Sainsbury's Ginger Paste 90g;£1.20/unit;£0.13/10g;Cooking ingredients & oils;herbs-spices-seasoning;16;0.4;2.5;0.3;0.2;0.1;1.4;0.11;
sainsburys-jumbo-chocolate-swiss-roll;Sainsbury's Jumbo Chocolate Swiss Roll;£1.00/unit;£1.00/ea;Cakes;sponge-slab-loaf-cakes;411;4.3;53.8;34.5;19.4;6.6;2.0;0.48;
sainsburys-jumbo-frankfurters-x4-300g;Sainsbury's Jumbo Frankfurters x4 300g;£2.00/unit;£0.67/100g;Cooked meats & snacking;mfp-snacking-cooked-sausage;285;14.0;0.5;0.5;25.2;9.2;1.0;2.23;
sainsburys-jumbo-frankfurters-x4-300g;Sainsbury's Jumbo Frankfurters x4 300g;£2.00/unit;£0.67/100g;Cooked meats, pate & sandwich fillers;snacking-cooked-sausage;285;14.0;0.5;0.5;25.2;9.2;1.0;2.23;
sainsburys-jumbo-honey-roast-cashew---peanuts-200g;Sainsbury's Jumbo Honey Roast Cashew & Peanuts 200g;£3.00/unit;£1.50/100g;Crisps, nuts & snacking fruit;nuts;581;19.7;26.8;20.0;42.5;5.9;6.7;1.00;
sainsburys-jumbo-king-prawns--taste-the-difference-175g;Sainsbury's Jumbo King Prawns, Taste the Difference 175g;£4.50/unit;£2.57/100g;Cooked meats & snacking;mfp-cooked-fish-seafood;62;14.1;0.5;0.5;0.5;0.1;0.5;1.50;
sainsburys-jumbo-king-prawns--taste-the-difference-175g;Sainsbury's Jumbo King Prawns, Taste the Difference 175g;£4.50/unit;£2.57/100g;Cooked meats & snacking;mfp-cooked-meats-snacking-taste-the-difference;62;14.1;0.5;0.5;0.5;0.1;0.5;1.50;
sainsburys-jumbo-king-prawns--taste-the-difference-175g;Sainsbury's Jumbo King Prawns, Taste the Difference 175g;£4.50/unit;£2.57/100g;Cooked meats, pate & sandwich fillers;cooked-fish-seafood;62;14.1;0.5;0.5;0.5;0.1;0.5;1.50;
sainsburys-jumbo-king-prawns--taste-the-difference-175g;Sainsbury's Jumbo King Prawns, Taste the Difference 175g;£4.50/unit;£2.57/100g;Cooked meats, pate & sandwich fillers;cooked-meats-taste-the-difference;62;14.1;0.5;0.5;0.5;0.1;0.5;1.50;
sainsburys-jumbo-king-prawns--taste-the-difference-175g;Sainsbury's Jumbo King Prawns, Taste the Difference 175g;£4.50/unit;£2.57/100g;Fish & seafood;canapes-snacking;62;14.1;0.5;0.5;0.5;0.1;0.5;1.50;
sainsburys-jumbo-king-prawns--taste-the-difference-175g;Sainsbury's Jumbo King Prawns, Taste the Difference 175g;£4.50/unit;£2.57/100g;Fish & seafood;prawns-shellfish;62;14.1;0.5;0.5;0.5;0.1;0.5;1.50;
sainsburys-jumbo-king-prawns--taste-the-difference-175g;Sainsbury's Jumbo King Prawns, Taste the Difference 175g;£4.50/unit;£2.57/100g;Organic & Taste the Difference;organic-taste-the-difference;62;14.1;0.5;0.5;0.5;0.1;0.5;1.50;
sainsburys-jumbo-porridge-oats-sachets-x10;Sainsbury's Express Porridge Jumbo Oats & Barley 10x27g;£1.50/unit;£0.56/100g;Breakfast cereals;porridge-oats;352;10.1;62.9;1.8;4.4;0.7;9.8;0.03;
sainsburys-jumbo-raisin-mix-250g;Sainsbury's Jumbo Raisin Mix 250g;£2.20/unit;£8.80/kg;Sugar & home baking;dried-fruit---peel;293;2.1;69.3;69.3;0.5;0.1;2.0;0.15;
sainsburys-jumbo-raisins---cranberry-250g;Sainsbury's Jumbo Raisins & Cranberries 250g;£2.00/unit;£0.80/100g;Crisps, nuts & snacking fruit;snacking-fruit-seeds;302;1.6;71.0;68.3;0.6;0.1;2.9;0.12;
sainsburys-jumbo-raisins---cranberry-250g;Sainsbury's Jumbo Raisins & Cranberries 250g;£2.00/unit;£0.80/100g;Fruit & desserts;dessert-fruit;302;1.6;71.0;68.3;0.6;0.1;2.9;0.12;
sainsburys-jumbo-raisins---cranberry-250g;Sainsbury's Jumbo Raisins & Cranberries 250g;£2.00/unit;£0.80/100g;Fruit & desserts;snacking-fruit-nuts;302;1.6;71.0;68.3;0.6;0.1;2.9;0.12;
sainsburys-jumbo-roasted-unsalted-cashews-200g;Sainsbury's Jumbo Roasted Unsalted Cashews 200g;£2.50/unit;£1.25/100g;Crisps, nuts & snacking fruit;nuts;630;19.7;18.4;6.5;51.7;9.2;6.4;0.04;
sainsburys-jumbo-salted-cashew-200g;Sainsbury's Jumbo Salted Cashews 200g;£2.60/unit;£1.30/100g;Crisps, nuts & snacking fruit;nuts;617;19.8;20.5;5.4;49.3;9.8;6.1;0.86;
sainsburys-jumbo-salted-cashews-100g;Sainsbury's Jumbo Salted Cashews 100g;£1.50/unit;£1.50/100g;Crisps, nuts & snacking fruit;nuts;617;19.8;20.5;5.4;49.3;9.8;6.1;0.86;
sainsburys-jumbo-salted-cashews-400g;Sainsbury's Jumbo Salted Cashews 400g;£4.75/unit;£1.19/100g;Crisps, nuts & snacking fruit;nuts;617;19.8;20.5;5.4;49.3;9.8;6.1;0.86;
sainsburys-jumbo-salted-peanuts---cashews-200g;Sainsbury's Jumbo Salted Peanuts & Cashews 200g;£2.50/unit;£1.25/100g;Crisps, nuts & snacking fruit;nuts;620;24.2;13.8;4.5;50.4;9.9;7.0;1.01;
sainsburys-jumbo-salted-peanuts-550g;Sainsbury's Jumbo Salted Peanuts 550g;£2.65/unit;£0.48/100g;Crisps, nuts & snacking fruit;nuts;620;26.5;10.3;4.0;50.9;9.9;7.5;1.00;
sainsburys-jumbo-sausage-roll-145g;Sainsbury's Jumbo Sausage Roll 145g;£0.65/unit;£0.45/100g;Soup & lunchtime snacks;lunchtime-snacks;314;9.5;27.2;1.8;18.1;7.8;2.3;1.00;
sainsburys-jumbo-wedges--taste-the-difference-1kg;Sainsbury's Jumbo Wedges, Taste the Difference 1kg;£1.60/unit;£1.60/kg;Chips & potatoes;chips-potatoes;139;1.8;24.6;0.6;3.3;0.3;2.0;0.40;
sainsburys-just-cook-beef-meatballs-with-tomato-sauce---parmesan-550g;Sainsbury's Just Cook Beef Meatballs With Tomato & Parmesan 550g;£3.50/unit;£6.36/kg;Beef;beef;264;14.6;7.7;0.6;19.3;7.4;0.5;0.80;
sainsburys-just-cook-beef-meatballs-with-tomato-sauce---parmesan-550g;Sainsbury's Just Cook Beef Meatballs With Tomato & Parmesan 550g;£3.50/unit;£6.36/kg;Great prices on meat & fish;great-prices-on-meat---fish;264;14.6;7.7;0.6;19.3;7.4;0.5;0.80;
sainsburys-just-cook-beef-meatballs-with-tomato-sauce---parmesan-550g;Sainsbury's Just Cook Beef Meatballs With Tomato & Parmesan 550g;£3.50/unit;£6.36/kg;Just Cook, prepared & sauces;just-cook;264;14.6;7.7;0.6;19.3;7.4;0.5;0.80;
sainsburys-just-cook-butter-basted-chicken-breast;Sainsbury's Just Cook Butter Basted Chicken Breast Joint 500g;£4.50/unit;£9.00/kg;Chicken;chicken;174;27.2;0.6;0.5;7.0;2.1;0.5;0.43;
sainsburys-just-cook-butter-basted-chicken-breast;Sainsbury's Just Cook Butter Basted Chicken Breast Joint 500g;£4.50/unit;£9.00/kg;Just Cook, prepared & sauces;just-cook;174;27.2;0.6;0.5;7.0;2.1;0.5;0.43;
sainsburys-just-cook-butter-basted-chicken-breast;Sainsbury's Just Cook Butter Basted Chicken Breast Joint 500g;£4.50/unit;£9.00/kg;Just Cook, prepared & sauces;prepared-joints;174;27.2;0.6;0.5;7.0;2.1;0.5;0.43;
sainsburys-just-cook-chicken---mushroom-en-croute;Sainsbury's Just Cook Chicken En Croute With Mushroom, Lemon & Thyme 400g;£3.50/unit;£8.75/kg;Chicken;chicken;244;15.7;14.1;1.9;13.6;5.5;1.0;0.53;
sainsburys-just-cook-chicken---mushroom-en-croute;Sainsbury's Just Cook Chicken En Croute With Mushroom, Lemon & Thyme 400g;£3.50/unit;£8.75/kg;Great prices on meat & fish;great-prices-on-meat---fish;244;15.7;14.1;1.9;13.6;5.5;1.0;0.53;
sainsburys-just-cook-chicken---mushroom-en-croute;Sainsbury's Just Cook Chicken En Croute With Mushroom, Lemon & Thyme 400g;£3.50/unit;£8.75/kg;Just Cook, prepared & sauces;just-cook;244;15.7;14.1;1.9;13.6;5.5;1.0;0.53;
sainsburys-just-cook-chicken-breast-fillets-with-bacon--gruyere-cheese---sweet-smoky-bbq-sauce-330g;Sainsbury's Just Cook Chicken Breast Fillets With Bacon, Gruyere & Sweet Smoky BBQ Sauce 330g;£3.50/unit;£10.61/kg;Chicken;chicken;195;28.4;6.5;4.8;6.0;2.5;0.5;0.78;
sainsburys-just-cook-chicken-breast-fillets-with-bacon--gruyere-cheese---sweet-smoky-bbq-sauce-330g;Sainsbury's Just Cook Chicken Breast Fillets With Bacon, Gruyere & Sweet Smoky BBQ Sauce 330g;£3.50/unit;£10.61/kg;Great prices on meat & fish;great-prices-on-meat---fish;195;28.4;6.5;4.8;6.0;2.5;0.5;0.78;
sainsburys-just-cook-chicken-breast-fillets-with-bacon--gruyere-cheese---sweet-smoky-bbq-sauce-330g;Sainsbury's Just Cook Chicken Breast Fillets With Bacon, Gruyere & Sweet Smoky BBQ Sauce 330g;£3.50/unit;£10.61/kg;Just Cook, prepared & sauces;just-cook;195;28.4;6.5;4.8;6.0;2.5;0.5;0.78;
sainsburys-just-cook-chicken-breast-mini-roast-with-rich-chicken-gravy-410g;Sainsbury's Just Cook Chicken Breast Mini Roast With Gravy 410g;£4.00/unit;£9.76/kg;Chicken;chicken;173;21.0;1.5;1.1;9.2;3.3;0.5;1.40;
sainsburys-just-cook-chicken-breast-mini-roast-with-rich-chicken-gravy-410g;Sainsbury's Just Cook Chicken Breast Mini Roast With Gravy 410g;£4.00/unit;£9.76/kg;Just Cook, prepared & sauces;just-cook;173;21.0;1.5;1.1;9.2;3.3;0.5;1.40;
sainsburys-just-cook-chicken-breast-strips-with-sweet-chilli-sauce-328g;Sainsbury's Just Cook Chicken Breast Strips With Sweet Chilli Sauce 328g;£3.50/unit;£10.67/kg;Chicken;chicken;202;19.6;20.6;10.8;4.3;0.6;1.1;0.64;
sainsburys-just-cook-chicken-breast-strips-with-sweet-chilli-sauce-328g;Sainsbury's Just Cook Chicken Breast Strips With Sweet Chilli Sauce 328g;£3.50/unit;£10.67/kg;Great prices on meat & fish;great-prices-on-meat---fish;202;19.6;20.6;10.8;4.3;0.6;1.1;0.64;
sainsburys-just-cook-chicken-breast-strips-with-sweet-chilli-sauce-328g;Sainsbury's Just Cook Chicken Breast Strips With Sweet Chilli Sauce 328g;£3.50/unit;£10.67/kg;Just Cook, prepared & sauces;just-cook;202;19.6;20.6;10.8;4.3;0.6;1.1;0.64;
sainsburys-just-cook-chicken-breast-with-sage---onion-stuffing-500g;Sainsbury's Just Cook Chicken Breast With Sage & Onion Stuffing 500g;£4.50/unit;£9.00/kg;Chicken;chicken;185;22.7;1.7;0.7;9.6;3.0;0.6;0.54;
sainsburys-just-cook-chicken-breast-with-sage---onion-stuffing-500g;Sainsbury's Just Cook Chicken Breast With Sage & Onion Stuffing 500g;£4.50/unit;£9.00/kg;Just Cook, prepared & sauces;just-cook;185;22.7;1.7;0.7;9.6;3.0;0.6;0.54;
sainsburys-just-cook-chicken-breast-with-sage---onion-stuffing-500g;Sainsbury's Just Cook Chicken Breast With Sage & Onion Stuffing 500g;£4.50/unit;£9.00/kg;Just Cook, prepared & sauces;prepared-joints;185;22.7;1.7;0.7;9.6;3.0;0.6;0.54;
sainsburys-just-cook-chicken-breasts-with-piri-piri-sauce-326g;Sainsbury's Just Cook Chicken Breasts With Piri Piri Sauce 326g;£3.50/unit;£10.74/kg;Chicken;chicken;179;24.6;1.4;1.2;8.2;2.1;0.6;0.70;
sainsburys-just-cook-chicken-breasts-with-piri-piri-sauce-326g;Sainsbury's Just Cook Chicken Breasts With Piri Piri Sauce 326g;£3.50/unit;£10.74/kg;Great prices on meat & fish;great-prices-on-meat---fish;179;24.6;1.4;1.2;8.2;2.1;0.6;0.70;
sainsburys-just-cook-chicken-breasts-with-piri-piri-sauce-326g;Sainsbury's Just Cook Chicken Breasts With Piri Piri Sauce 326g;£3.50/unit;£10.74/kg;Just Cook, prepared & sauces;just-cook;179;24.6;1.4;1.2;8.2;2.1;0.6;0.70;
sainsburys-just-cook-chicken-crown-with-bacon-596g;Sainsbury's Just Cook Chicken Crown With Bacon 596g;£5.00/unit;£8.39/kg;Chicken;chicken;196;25.1;0.8;0.7;10.1;3.0;0.5;0.70;
sainsburys-just-cook-chicken-crown-with-bacon-596g;Sainsbury's Just Cook Chicken Crown With Bacon 596g;£5.00/unit;£8.39/kg;Just Cook, prepared & sauces;just-cook;196;25.1;0.8;0.7;10.1;3.0;0.5;0.70;
sainsburys-just-cook-chicken-crown-with-bacon-596g;Sainsbury's Just Cook Chicken Crown With Bacon 596g;£5.00/unit;£8.39/kg;Just Cook, prepared & sauces;prepared-joints;196;25.1;0.8;0.7;10.1;3.0;0.5;0.70;
sainsburys-just-cook-chicken-fillets-with-leek---cheddar-cheese-crumble-320g;Sainsbury's Just Cook Chicken Fillets With Leek & Cheese Crumble 320g;£3.50/unit;£10.94/kg;Chicken;chicken;214;26.8;2.4;0.5;10.8;4.3;0.5;1.20;
sainsburys-just-cook-chicken-fillets-with-leek---cheddar-cheese-crumble-320g;Sainsbury's Just Cook Chicken Fillets With Leek & Cheese Crumble 320g;£3.50/unit;£10.94/kg;Great prices on meat & fish;great-prices-on-meat---fish;214;26.8;2.4;0.5;10.8;4.3;0.5;1.20;
sainsburys-just-cook-chicken-fillets-with-leek---cheddar-cheese-crumble-320g;Sainsbury's Just Cook Chicken Fillets With Leek & Cheese Crumble 320g;£3.50/unit;£10.94/kg;Just Cook, prepared & sauces;just-cook;214;26.8;2.4;0.5;10.8;4.3;0.5;1.20;
sainsburys-just-cook-chicken-fillets-with-madeira---wild-mushroom-sauce-322g;Sainsbury's Just Cook Chicken Fillets With Madeira & Wild Mushroom Sauce 322g;£3.50/unit;£10.87/kg;Chicken;chicken;158;21.3;2.5;0.9;6.9;3.9;0.5;0.48;
sainsburys-just-cook-chicken-fillets-with-madeira---wild-mushroom-sauce-322g;Sainsbury's Just Cook Chicken Fillets With Madeira & Wild Mushroom Sauce 322g;£3.50/unit;£10.87/kg;Great prices on meat & fish;great-prices-on-meat---fish;158;21.3;2.5;0.9;6.9;3.9;0.5;0.48;
sainsburys-just-cook-chicken-fillets-with-madeira---wild-mushroom-sauce-322g;Sainsbury's Just Cook Chicken Fillets With Madeira & Wild Mushroom Sauce 322g;£3.50/unit;£10.87/kg;Just Cook, prepared & sauces;just-cook;158;21.3;2.5;0.9;6.9;3.9;0.5;0.48;
sainsburys-just-cook-chicken-lattice-topper-with-gruy%C3%A8re-cheese---bacon-355g;Sainsbury's Just Cook Chicken Lattice Topper With Gruyère Cheese & Bacon 349g;£3.30/unit;£9.46/kg;Chicken;chicken;219;22.4;7.1;0.9;11.0;5.2;1.0;0.74;
sainsburys-just-cook-chicken-lattice-topper-with-gruy%C3%A8re-cheese---bacon-355g;Sainsbury's Just Cook Chicken Lattice Topper With Gruyère Cheese & Bacon 349g;£3.30/unit;£9.46/kg;Great prices on meat & fish;great-prices-on-meat---fish;219;22.4;7.1;0.9;11.0;5.2;1.0;0.74;
sainsburys-just-cook-chicken-lattice-topper-with-gruy%C3%A8re-cheese---bacon-355g;Sainsbury's Just Cook Chicken Lattice Topper With Gruyère Cheese & Bacon 349g;£3.30/unit;£9.46/kg;Just Cook, prepared & sauces;just-cook;219;22.4;7.1;0.9;11.0;5.2;1.0;0.74;
sainsburys-just-cook-chicken-with-bacon---mozzarella-320g;Sainsbury's Just Cook Chicken With Bacon & Mozzarella 310g;£3.30/unit;£10.65/kg;Chicken;chicken;159;26.1;0.5;0.5;5.9;2.4;0.5;0.61;
sainsburys-just-cook-chicken-with-bacon---mozzarella-320g;Sainsbury's Just Cook Chicken With Bacon & Mozzarella 310g;£3.30/unit;£10.65/kg;Great prices on meat & fish;great-prices-on-meat---fish;159;26.1;0.5;0.5;5.9;2.4;0.5;0.61;
sainsburys-just-cook-chicken-with-bacon---mozzarella-320g;Sainsbury's Just Cook Chicken With Bacon & Mozzarella 310g;£3.30/unit;£10.65/kg;Just Cook, prepared & sauces;just-cook;159;26.1;0.5;0.5;5.9;2.4;0.5;0.61;
sainsburys-just-cook-chicken-with-bacon---mushroom;Sainsbury's Just Cook Chicken With Bacon & Mushroom;£3.50/unit;£9.80/kg;Chicken;chicken;181;19.6;2.3;1.0;10.3;3.4;0.5;0.75;
sainsburys-just-cook-chicken-with-bacon---mushroom;Sainsbury's Just Cook Chicken With Bacon & Mushroom;£3.50/unit;£9.80/kg;Great prices on meat & fish;great-prices-on-meat---fish;181;19.6;2.3;1.0;10.3;3.4;0.5;0.75;
sainsburys-just-cook-chicken-with-bacon---mushroom;Sainsbury's Just Cook Chicken With Bacon & Mushroom;£3.50/unit;£9.80/kg;Just Cook, prepared & sauces;just-cook;181;19.6;2.3;1.0;10.3;3.4;0.5;0.75;
sainsburys-just-cook-chicken-with-sundried-tomato---olives-320g;Sainsbury's Just Cook Chicken With Sundried Tomato & Olives 320g;£3.50/unit;£11.63/kg;Chicken;chicken;159;26.0;1.7;1.3;5.3;0.8;0.5;0.50;
sainsburys-just-cook-chicken-with-sundried-tomato---olives-320g;Sainsbury's Just Cook Chicken With Sundried Tomato & Olives 320g;£3.50/unit;£11.63/kg;Great prices on meat & fish;great-prices-on-meat---fish;159;26.0;1.7;1.3;5.3;0.8;0.5;0.50;
sainsburys-just-cook-chicken-with-sundried-tomato---olives-320g;Sainsbury's Just Cook Chicken With Sundried Tomato & Olives 320g;£3.50/unit;£11.63/kg;Just Cook, prepared & sauces;just-cook;159;26.0;1.7;1.3;5.3;0.8;0.5;0.50;
sainsburys-just-cook-cod-mornay-gratin-320g;Sainsbury's Just Cook Cod Mornay Gratin 320g;£3.50/unit;£10.94/kg;Fish & seafood;fuss-free-fish;174;13.7;7.7;1.5;9.7;5.6;0.5;0.67;
sainsburys-just-cook-cod-mornay-gratin-320g;Sainsbury's Just Cook Cod Mornay Gratin 320g;£3.50/unit;£10.94/kg;Great prices on meat & fish;great-prices-on-meat---fish;174;13.7;7.7;1.5;9.7;5.6;0.5;0.67;
sainsburys-just-cook-cod-mornay-gratin-320g;Sainsbury's Just Cook Cod Mornay Gratin 320g;£3.50/unit;£10.94/kg;Just Cook, prepared & sauces;fuss-free-fish-135654-44;174;13.7;7.7;1.5;9.7;5.6;0.5;0.67;
sainsburys-just-cook-cod-mornay-gratin-320g;Sainsbury's Just Cook Cod Mornay Gratin 320g;£3.50/unit;£10.94/kg;Just Cook, prepared & sauces;just-cook;174;13.7;7.7;1.5;9.7;5.6;0.5;0.67;
sainsburys-just-cook-coq-au-vin-620g;Sainsbury's Just Cook Coq Au Vin 620g;£3.50/unit;£5.65/kg;Chicken;chicken;178;17.8;1.5;0.9;11.0;3.1;0.7;0.65;
sainsburys-just-cook-coq-au-vin-620g;Sainsbury's Just Cook Coq Au Vin 620g;£3.50/unit;£5.65/kg;Great prices on meat & fish;great-prices-on-meat---fish;178;17.8;1.5;0.9;11.0;3.1;0.7;0.65;
sainsburys-just-cook-coq-au-vin-620g;Sainsbury's Just Cook Coq Au Vin 620g;£3.50/unit;£5.65/kg;Just Cook, prepared & sauces;just-cook;178;17.8;1.5;0.9;11.0;3.1;0.7;0.65;
sainsburys-just-cook-duck-with-plum---hoisin-sauce;Sainsbury's Just Cook Duck With Plum & Hoisin Sauce;£4.00/unit;£8.00/kg;Duck & game;duck-game;246;21.4;12.3;9.9;12.2;3.1;0.5;1.17;
sainsburys-just-cook-duck-with-plum---hoisin-sauce;Sainsbury's Just Cook Duck With Plum & Hoisin Sauce;£4.00/unit;£8.00/kg;Just Cook, prepared & sauces;just-cook;246;21.4;12.3;9.9;12.2;3.1;0.5;1.17;
sainsburys-just-cook-gammon-joint-with-orange-glaze;Sainsbury's Just Cook Gammon Joint With Orange Glaze;£6.00/unit;£7.50/kg;Bacon & gammon;gammon;196;25.2;4.5;4.5;8.6;3.1;0.5;1.80;
sainsburys-just-cook-gammon-joint-with-orange-glaze;Sainsbury's Just Cook Gammon Joint With Orange Glaze;£6.00/unit;£7.50/kg;Great prices on meat & fish;great-prices-on-meat---fish;196;25.2;4.5;4.5;8.6;3.1;0.5;1.80;
sainsburys-just-cook-gammon-joint-with-orange-glaze;Sainsbury's Just Cook Gammon Joint With Orange Glaze;£6.00/unit;£7.50/kg;Just Cook, prepared & sauces;just-cook;196;25.2;4.5;4.5;8.6;3.1;0.5;1.80;
sainsburys-just-cook-gammon-joint-with-orange-glaze;Sainsbury's Just Cook Gammon Joint With Orange Glaze;£6.00/unit;£7.50/kg;Just Cook, prepared & sauces;prepared-joints;196;25.2;4.5;4.5;8.6;3.1;0.5;1.80;
sainsburys-just-cook-gammon-steaks-with-cheese-sauce---diced-pineapple-322g;Sainsbury's Just Cook Gammon Steaks With Cheese Sauce & Pineapple 322g;£3.50/unit;£10.29/kg;Bacon & gammon;gammon;188;22.0;2.8;1.2;9.7;5.9;0.5;1.80;
sainsburys-just-cook-gammon-steaks-with-cheese-sauce---diced-pineapple-322g;Sainsbury's Just Cook Gammon Steaks With Cheese Sauce & Pineapple 322g;£3.50/unit;£10.29/kg;Great prices on meat & fish;great-prices-on-meat---fish;188;22.0;2.8;1.2;9.7;5.9;0.5;1.80;
sainsburys-just-cook-gammon-steaks-with-cheese-sauce---diced-pineapple-322g;Sainsbury's Just Cook Gammon Steaks With Cheese Sauce & Pineapple 322g;£3.50/unit;£10.29/kg;Just Cook, prepared & sauces;just-cook;188;22.0;2.8;1.2;9.7;5.9;0.5;1.80;
sainsburys-just-cook-garlic---herb-chicken-breast-strips-330g;Sainsbury's Just Cook Garlic & Herb Chicken Breast Strips 330g;£3.50/unit;£10.61/kg;Chicken;chicken;150;25.9;0.5;0.5;5.0;0.8;0.5;0.43;
sainsburys-just-cook-garlic---herb-chicken-breast-strips-330g;Sainsbury's Just Cook Garlic & Herb Chicken Breast Strips 330g;£3.50/unit;£10.61/kg;Great prices on meat & fish;great-prices-on-meat---fish;150;25.9;0.5;0.5;5.0;0.8;0.5;0.43;
sainsburys-just-cook-garlic---herb-chicken-breast-strips-330g;Sainsbury's Just Cook Garlic & Herb Chicken Breast Strips 330g;£3.50/unit;£10.61/kg;Just Cook, prepared & sauces;just-cook;150;25.9;0.5;0.5;5.0;0.8;0.5;0.43;
sainsburys-just-cook-garlic-chicken-crown-530g;Sainsbury's Just Cook Garlic Chicken Crown 530g;£4.00/unit;£7.55/kg;Chicken;chicken;160;22.2;0.8;0.5;7.6;1.8;0.5;0.35;
sainsburys-just-cook-garlic-chicken-crown-530g;Sainsbury's Just Cook Garlic Chicken Crown 530g;£4.00/unit;£7.55/kg;Great prices on meat & fish;great-prices-on-meat---fish;160;22.2;0.8;0.5;7.6;1.8;0.5;0.35;
sainsburys-just-cook-garlic-chicken-crown-530g;Sainsbury's Just Cook Garlic Chicken Crown 530g;£4.00/unit;£7.55/kg;Just Cook, prepared & sauces;just-cook;160;22.2;0.8;0.5;7.6;1.8;0.5;0.35;
sainsburys-just-cook-hawaiian-chicken-breasts-308g;Sainsbury's Just Cook Chicken with Pineapple & Bacon 308g;£3.00/unit;£9.74/kg;Chicken;chicken;181;24.8;6.7;2.1;5.9;1.5;1.0;0.56;
sainsburys-just-cook-hawaiian-chicken-breasts-308g;Sainsbury's Just Cook Chicken with Pineapple & Bacon 308g;£3.00/unit;£9.74/kg;Great prices on meat & fish;great-prices-on-meat---fish;181;24.8;6.7;2.1;5.9;1.5;1.0;0.56;
sainsburys-just-cook-hawaiian-chicken-breasts-308g;Sainsbury's Just Cook Chicken with Pineapple & Bacon 308g;£3.00/unit;£9.74/kg;Just Cook, prepared & sauces;just-cook;181;24.8;6.7;2.1;5.9;1.5;1.0;0.56;
sainsburys-just-cook-honey---mustard-chicken-283g;Sainsbury's Just Cook Honey & Mustard Chicken 283g;£3.30/unit;£11.66/kg;Chicken;chicken;161;27.9;5.7;5.7;2.9;0.6;0.5;0.34;
sainsburys-just-cook-honey---mustard-chicken-283g;Sainsbury's Just Cook Honey & Mustard Chicken 283g;£3.30/unit;£11.66/kg;Great prices on meat & fish;great-prices-on-meat---fish;161;27.9;5.7;5.7;2.9;0.6;0.5;0.34;
sainsburys-just-cook-honey---mustard-chicken-283g;Sainsbury's Just Cook Honey & Mustard Chicken 283g;£3.30/unit;£11.66/kg;Just Cook, prepared & sauces;just-cook;161;27.9;5.7;5.7;2.9;0.6;0.5;0.34;
sainsburys-just-cook-hunters-gammon-steak-326g;Sainsbury's Just Cook Hunter's Gammon Steak 326g;£3.50/unit;£10.74/kg;Bacon & gammon;gammon;184;18.5;9.6;5.4;7.8;4.3;0.6;2.05;
sainsburys-just-cook-hunters-gammon-steak-326g;Sainsbury's Just Cook Hunter's Gammon Steak 326g;£3.50/unit;£10.74/kg;Great prices on meat & fish;great-prices-on-meat---fish;184;18.5;9.6;5.4;7.8;4.3;0.6;2.05;
sainsburys-just-cook-hunters-gammon-steak-326g;Sainsbury's Just Cook Hunter's Gammon Steak 326g;£3.50/unit;£10.74/kg;Just Cook, prepared & sauces;just-cook;184;18.5;9.6;5.4;7.8;4.3;0.6;2.05;
sainsburys-just-cook-jubilee-crown-580g;Sainsbury's Just Cook Jubilee British Chicken Crown 544g;£4.00/unit;£7.35/kg;Chicken;chicken;208;25.0;1.3;0.7;11.4;2.6;0.5;0.85;
sainsburys-just-cook-jubilee-crown-580g;Sainsbury's Just Cook Jubilee British Chicken Crown 544g;£4.00/unit;£7.35/kg;Just Cook, prepared & sauces;just-cook;208;25.0;1.3;0.7;11.4;2.6;0.5;0.85;
sainsburys-just-cook-jubilee-crown-580g;Sainsbury's Just Cook Jubilee British Chicken Crown 544g;£4.00/unit;£7.35/kg;Just Cook, prepared & sauces;prepared-joints;208;25.0;1.3;0.7;11.4;2.6;0.5;0.85;
sainsburys-just-cook-katsu-chicken-310g;Sainsbury's Just Cook Katsu Chicken 310g;£3.50/unit;£11.29/kg;Chicken;chicken;143;24.7;3.7;1.8;3.1;0.7;0.6;0.55;
sainsburys-just-cook-katsu-chicken-310g;Sainsbury's Just Cook Katsu Chicken 310g;£3.50/unit;£11.29/kg;Great prices on meat & fish;great-prices-on-meat---fish;143;24.7;3.7;1.8;3.1;0.7;0.6;0.55;
sainsburys-just-cook-katsu-chicken-310g;Sainsbury's Just Cook Katsu Chicken 310g;£3.50/unit;£11.29/kg;Just Cook, prepared & sauces;just-cook;143;24.7;3.7;1.8;3.1;0.7;0.6;0.55;
sainsburys-just-cook-mini-pork-belly-joints-with-caramelised-apple-stuffing-570g;Sainsbury's Just Cook Pork Belly With Apple Stuffing 570g;£3.50/unit;£6.14/kg;Great prices on meat & fish;great-prices-on-meat---fish;349;17.8;4.4;0.5;28.8;10.9;0.5;0.65;
sainsburys-just-cook-mini-pork-belly-joints-with-caramelised-apple-stuffing-570g;Sainsbury's Just Cook Pork Belly With Apple Stuffing 570g;£3.50/unit;£6.14/kg;Just Cook, prepared & sauces;just-cook;349;17.8;4.4;0.5;28.8;10.9;0.5;0.65;
sainsburys-just-cook-mini-pork-belly-joints-with-caramelised-apple-stuffing-570g;Sainsbury's Just Cook Pork Belly With Apple Stuffing 570g;£3.50/unit;£6.14/kg;Just Cook, prepared & sauces;slow-cook;349;17.8;4.4;0.5;28.8;10.9;0.5;0.65;
sainsburys-just-cook-mini-pork-belly-joints-with-caramelised-apple-stuffing-570g;Sainsbury's Just Cook Pork Belly With Apple Stuffing 570g;£3.50/unit;£6.14/kg;Pork;pork;349;17.8;4.4;0.5;28.8;10.9;0.5;0.65;
sainsburys-just-cook-piri-piri-chicken-1272kg;Sainsbury's Just Cook Piri Piri Chicken 1.272kg;£5.50/unit;£4.33/kg;Chicken;chicken;215;25.2;1.3;0.9;11.9;3.0;0.6;0.40;
sainsburys-just-cook-piri-piri-chicken-1272kg;Sainsbury's Just Cook Piri Piri Chicken 1.272kg;£5.50/unit;£4.33/kg;Great prices on meat & fish;great-prices-on-meat---fish;215;25.2;1.3;0.9;11.9;3.0;0.6;0.40;
sainsburys-just-cook-piri-piri-chicken-1272kg;Sainsbury's Just Cook Piri Piri Chicken 1.272kg;£5.50/unit;£4.33/kg;Just Cook, prepared & sauces;just-cook;215;25.2;1.3;0.9;11.9;3.0;0.6;0.40;
sainsburys-just-cook-piri-piri-chicken-1272kg;Sainsbury's Just Cook Piri Piri Chicken 1.272kg;£5.50/unit;£4.33/kg;Just Cook, prepared & sauces;prepared-joints;215;25.2;1.3;0.9;11.9;3.0;0.6;0.40;
sainsburys-just-cook-provencal-chicken-332g;Sainsbury's Just Cook Chicken Provencal 332g;£3.50/unit;£10.54/kg;Chicken;chicken;123;22.4;2.9;2.3;2.2;0.5;0.8;0.13;
sainsburys-just-cook-provencal-chicken-332g;Sainsbury's Just Cook Chicken Provencal 332g;£3.50/unit;£10.54/kg;Great prices on meat & fish;great-prices-on-meat---fish;123;22.4;2.9;2.3;2.2;0.5;0.8;0.13;
sainsburys-just-cook-provencal-chicken-332g;Sainsbury's Just Cook Chicken Provencal 332g;£3.50/unit;£10.54/kg;Just Cook, prepared & sauces;just-cook;123;22.4;2.9;2.3;2.2;0.5;0.8;0.13;
sainsburys-just-cook-roast-butter-basted-turkey;Sainsbury's Just Cook Roast Butter Basted Turkey Breast Joint 500g;£4.00/unit;£8.00/kg;Just Cook, prepared & sauces;just-cook;154;28.3;0.9;0.5;4.1;1.4;0.5;0.33;
sainsburys-just-cook-roast-butter-basted-turkey;Sainsbury's Just Cook Roast Butter Basted Turkey Breast Joint 500g;£4.00/unit;£8.00/kg;Just Cook, prepared & sauces;prepared-joints;154;28.3;0.9;0.5;4.1;1.4;0.5;0.33;
sainsburys-just-cook-roast-butter-basted-turkey;Sainsbury's Just Cook Roast Butter Basted Turkey Breast Joint 500g;£4.00/unit;£8.00/kg;Turkey;turkey;154;28.3;0.9;0.5;4.1;1.4;0.5;0.33;
sainsburys-just-cook-scottish-salmon-en-croute-380g;Sainsbury's Just Cook Scottish Salmon En Croute 380g;£3.50/unit;£9.21/kg;Fish & seafood;fuss-free-fish;341;10.3;20.8;2.7;23.5;10.0;2.5;0.68;
sainsburys-just-cook-scottish-salmon-en-croute-380g;Sainsbury's Just Cook Scottish Salmon En Croute 380g;£3.50/unit;£9.21/kg;Great prices on meat & fish;great-prices-on-meat---fish;341;10.3;20.8;2.7;23.5;10.0;2.5;0.68;
sainsburys-just-cook-scottish-salmon-en-croute-380g;Sainsbury's Just Cook Scottish Salmon En Croute 380g;£3.50/unit;£9.21/kg;Just Cook, prepared & sauces;fuss-free-fish-135654-44;341;10.3;20.8;2.7;23.5;10.0;2.5;0.68;
sainsburys-just-cook-scottish-salmon-en-croute-380g;Sainsbury's Just Cook Scottish Salmon En Croute 380g;£3.50/unit;£9.21/kg;Just Cook, prepared & sauces;just-cook;341;10.3;20.8;2.7;23.5;10.0;2.5;0.68;
sainsburys-just-cook-seasoned-pulled-pork-shoulder-with-barbeque-sauce-1kg;Sainsbury's Just Cook Seasoned Pulled Pork Shoulder With Barbecue Sauce 1kg;£6.00/unit;£6.00/kg;Great prices on meat & fish;great-prices-on-meat---fish;242;24.6;1.6;1.4;15.1;4.9;0.5;1.03;
sainsburys-just-cook-seasoned-pulled-pork-shoulder-with-barbeque-sauce-1kg;Sainsbury's Just Cook Seasoned Pulled Pork Shoulder With Barbecue Sauce 1kg;£6.00/unit;£6.00/kg;Just Cook, prepared & sauces;just-cook;242;24.6;1.6;1.4;15.1;4.9;0.5;1.03;
sainsburys-just-cook-seasoned-pulled-pork-shoulder-with-barbeque-sauce-1kg;Sainsbury's Just Cook Seasoned Pulled Pork Shoulder With Barbecue Sauce 1kg;£6.00/unit;£6.00/kg;Just Cook, prepared & sauces;slow-cook;242;24.6;1.6;1.4;15.1;4.9;0.5;1.03;
sainsburys-just-cook-seasoned-pulled-pork-shoulder-with-barbeque-sauce-1kg;Sainsbury's Just Cook Seasoned Pulled Pork Shoulder With Barbecue Sauce 1kg;£6.00/unit;£6.00/kg;Pork;pork;242;24.6;1.6;1.4;15.1;4.9;0.5;1.03;
sainsburys-just-cook-sous-vide-lamb-shanks-450g;Sainsbury's Just Cook Sous Vide Lamb Shanks 450g;£5.00/unit;£11.11/kg;Just Cook, prepared & sauces;just-cook;175;22.9;1.8;0.8;8.3;4.2;0.5;0.58;
sainsburys-just-cook-sous-vide-lamb-shanks-450g;Sainsbury's Just Cook Sous Vide Lamb Shanks 450g;£5.00/unit;£11.11/kg;Just Cook, prepared & sauces;slow-cook;175;22.9;1.8;0.8;8.3;4.2;0.5;0.58;
sainsburys-just-cook-sous-vide-lamb-shanks-450g;Sainsbury's Just Cook Sous Vide Lamb Shanks 450g;£5.00/unit;£11.11/kg;Lamb;lamb;175;22.9;1.8;0.8;8.3;4.2;0.5;0.58;
sainsburys-just-cook-spicy-bbq-pork-ribs-700g;Sainsbury's Just Cook Spicy BBQ Pork Ribs 700g;£6.00/unit;£8.57/kg;Just Cook, prepared & sauces;just-cook;286;24.1;6.2;5.1;18.3;6.6;0.5;0.67;
sainsburys-just-cook-spicy-bbq-pork-ribs-700g;Sainsbury's Just Cook Spicy BBQ Pork Ribs 700g;£6.00/unit;£8.57/kg;Just Cook, prepared & sauces;prepared-joints;286;24.1;6.2;5.1;18.3;6.6;0.5;0.67;
sainsburys-just-cook-spicy-bbq-pork-ribs-700g;Sainsbury's Just Cook Spicy BBQ Pork Ribs 700g;£6.00/unit;£8.57/kg;Pork;pork;286;24.1;6.2;5.1;18.3;6.6;0.5;0.67;
sainsburys-just-cook-sweetcure-gammon-joint-with-sticky-honey-glaze-470g;Sainsbury's Just Cook Sweetcure Gammon Joint With Sticky Honey Glaze 470g;£3.30/unit;£7.02/kg;Bacon & gammon;gammon;153;21.5;13.1;13.1;1.5;0.6;0.5;2.55;
sainsburys-just-cook-sweetcure-gammon-joint-with-sticky-honey-glaze-470g;Sainsbury's Just Cook Sweetcure Gammon Joint With Sticky Honey Glaze 470g;£3.30/unit;£7.02/kg;Great prices on meat & fish;great-prices-on-meat---fish;153;21.5;13.1;13.1;1.5;0.6;0.5;2.55;
sainsburys-just-cook-sweetcure-gammon-joint-with-sticky-honey-glaze-470g;Sainsbury's Just Cook Sweetcure Gammon Joint With Sticky Honey Glaze 470g;£3.30/unit;£7.02/kg;Just Cook, prepared & sauces;just-cook;153;21.5;13.1;13.1;1.5;0.6;0.5;2.55;
sainsburys-just-cook-sweetcure-gammon-joint-with-sticky-honey-glaze-470g;Sainsbury's Just Cook Sweetcure Gammon Joint With Sticky Honey Glaze 470g;£3.30/unit;£7.02/kg;Just Cook, prepared & sauces;prepared-joints;153;21.5;13.1;13.1;1.5;0.6;0.5;2.55;
sainsburys-just-cook-thai-chicken-curry-299g;Sainsbury's Just Cook Thai Chicken Curry 299g;£3.50/unit;£11.71/kg;Chicken;chicken;155;25.7;0.8;0.7;5.3;1.4;0.8;0.48;
sainsburys-just-cook-thai-chicken-curry-299g;Sainsbury's Just Cook Thai Chicken Curry 299g;£3.50/unit;£11.71/kg;Great prices on meat & fish;great-prices-on-meat---fish;155;25.7;0.8;0.7;5.3;1.4;0.8;0.48;
sainsburys-just-cook-thai-chicken-curry-299g;Sainsbury's Just Cook Thai Chicken Curry 299g;£3.50/unit;£11.71/kg;Just Cook, prepared & sauces;just-cook;155;25.7;0.8;0.7;5.3;1.4;0.8;0.48;
sainsburys-just-cook-turkey-escalope-with-garlic-butter---parmesan-crumb-305g;Sainsbury's Just Cook Turkey Escalope With Garlic Butter & Parmesan Crumb 305g;£3.50/unit;£11.48/kg;Great prices on meat & fish;great-prices-on-meat---fish;199;25.7;2.0;0.5;9.7;5.0;0.5;0.68;
sainsburys-just-cook-turkey-escalope-with-garlic-butter---parmesan-crumb-305g;Sainsbury's Just Cook Turkey Escalope With Garlic Butter & Parmesan Crumb 305g;£3.50/unit;£11.48/kg;Just Cook, prepared & sauces;just-cook;199;25.7;2.0;0.5;9.7;5.0;0.5;0.68;
sainsburys-just-cook-turkey-escalope-with-garlic-butter---parmesan-crumb-305g;Sainsbury's Just Cook Turkey Escalope With Garlic Butter & Parmesan Crumb 305g;£3.50/unit;£11.48/kg;Turkey;turkey;199;25.7;2.0;0.5;9.7;5.0;0.5;0.68;
sainsburys-kaffir-lime-leaves-25g;Sainsbury's Kaffir Lime Leaves 2.5g;£1.00/unit;£4.00/10g;Cooking ingredients & oils;herbs-spices-seasoning;null;null;null;null;null;null;null;null;
sainsburys-kalamata-olive-bread--taste-the-difference-400g;Sainsbury's Kalamata Olive Bread, Taste the Difference 400g;£1.25/unit;£0.32/100g;Bread;bread-from-our-bakery2;null;null;null;null;null;null;null;null;
sainsburys-kalamata-olive-bread--taste-the-difference-400g;Sainsbury's Kalamata Olive Bread, Taste the Difference 400g;£1.25/unit;£0.32/100g;From our in store bakery;bread-from-our-bakery;null;null;null;null;null;null;null;null;
sainsburys-kalamata-olive-tapenade-capers-100g;Sainsbury's Kalamata Olive Tapenade 100g;£1.50/unit;£1.50/100g;Vinegar, pickles, olives & antipasti;olives-antipasti;253;1.6;1.4;0.5;26.2;2.9;2.8;2.40;
sainsburys-kalamata-olives--organic-290g;Sainsbury's Kalamata Olives, SO Organic 290g (180g*);£1.70/unit;£0.94/100g;Vinegar, pickles, olives & antipasti;olives-antipasti;265;1.6;3.5;0.5;26.5;3.0;3.2;2.00;
sainsburys-kalamata-pitted-olives-with-herbs-70g;Sainsbury's Kalamata Pitted Olives With Herbs 70g;£0.90/unit;£1.29/100g;Vinegar, pickles, olives & antipasti;olives-antipasti;268;1.6;1.4;0.5;27.6;3.2;3.9;3.49;
sainsburys-kale-200g;Sainsbury's Kale 200g;£1.00/unit;£5.00/kg;Fresh vegetables;broccoli-cauliflower-cabbage-greens;39;3.4;1.3;1.2;1.6;0.2;3.1;0.11;
sainsburys-kale-200g;Sainsbury's Kale 200g;£1.00/unit;£5.00/kg;In season;new-in-season;39;3.4;1.3;1.2;1.6;0.2;3.1;0.11;
sainsburys-kale-500g;Sainsbury's Kale 500g;£2.00/unit;£4.00/kg;Fresh vegetables;broccoli-cauliflower-cabbage-greens;39;3.4;1.3;1.2;1.6;0.2;3.1;0.11;
sainsburys-kashmiri-chicken-korma--taste-the-difference-450g;Sainsbury's Kashmiri Chicken Korma, Taste the Difference 450g;£3.60/unit;£8.00/kg;Ready meals;indian-ready-meals;158;8.5;18.7;2.2;5.0;1.6;2.0;0.48;
sainsburys-kashmiri-chicken-korma--taste-the-difference-450g;Sainsbury's Kashmiri Chicken Korma, Taste the Difference 450g;£3.60/unit;£8.00/kg;Ready meals;taste-the-difference-bistro-ready-meals;158;8.5;18.7;2.2;5.0;1.6;2.0;0.48;
sainsburys-keens-extra-mature-unpasteurised-west-country-farmhouse-cheddar--taste-the-difference-200g;Sainsbury's Keen's Extra Mature West Country Farmhouse Cheddar, Taste the Difference 200g;£2.50/unit;£12.50/kg;Cheese;cheddar-british-regional-cheese;410;25.0;0.5;0.5;34.4;21.7;0.5;1.68;
sainsburys-keens-extra-mature-unpasteurised-west-country-farmhouse-cheddar--taste-the-difference-200g;Sainsbury's Keen's Extra Mature West Country Farmhouse Cheddar, Taste the Difference 200g;£2.50/unit;£12.50/kg;Cheese;cheeseboard-delights;410;25.0;0.5;0.5;34.4;21.7;0.5;1.68;
sainsburys-keens-extra-mature-unpasteurised-west-country-farmhouse-cheddar--taste-the-difference-200g;Sainsbury's Keen's Extra Mature West Country Farmhouse Cheddar, Taste the Difference 200g;£2.50/unit;£12.50/kg;Cheese;organic-taste-the-difference-cheese;410;25.0;0.5;0.5;34.4;21.7;0.5;1.68;
sainsburys-kent-sweet-pointed-peppers-x2;Sainsbury's Sweet Pointed Peppers x2;£1.70/unit;£1.70/ea;Fresh salad;peppers;35;1.1;6.1;5.8;0.5;0.1;1.6;0.01;
sainsburys-kent-sweet-pointed-peppers-x2;Sainsbury's Sweet Pointed Peppers x2;£1.70/unit;£1.70/ea;Fresh vegetables;peppers-salad-vegetables;35;1.1;6.1;5.8;0.5;0.1;1.6;0.01;
sainsburys-key-lime-pie-470g;Sainsbury's Key Lime Pie 470g;£3.50/unit;£0.74/100g;Desserts & cream;desserts;373;4.5;36.6;23.9;22.8;13.4;1.5;0.20;
sainsburys-kidderton-ash-goats-cheese--taste-the-difference-150g;Sainsbury's Kidderton Ash Goats' Cheese, Taste the Difference 150g;£3.30/unit;£22.00/kg;Cheese;cheeseboard-delights;367;19.2;0.5;0.5;32.2;20.9;0.5;0.73;
sainsburys-kidderton-ash-goats-cheese--taste-the-difference-150g;Sainsbury's Kidderton Ash Goats' Cheese, Taste the Difference 150g;£3.30/unit;£22.00/kg;Cheese;healthier-choice-special-diet-cheese;367;19.2;0.5;0.5;32.2;20.9;0.5;0.73;
sainsburys-kidderton-ash-goats-cheese--taste-the-difference-150g;Sainsbury's Kidderton Ash Goats' Cheese, Taste the Difference 150g;£3.30/unit;£22.00/kg;Cheese;organic-taste-the-difference-cheese;367;19.2;0.5;0.5;32.2;20.9;0.5;0.73;
sainsburys-kids-beef-lasagne-225g;Sainsbury's Kids Beef Lasagne 225g;£1.75/unit;£7.78/kg;Ready meals;kids-ready-meals;116;6.7;12.5;3.3;3.5;1.5;3.4;0.50;
sainsburys-kids-cheese-selection-pack-100g;Sainsbury's Kids Cheese Selection Pack 100g;£1.40/unit;£14.00/kg;Cheese;snacking-lunchbox-cheese;418;25.8;0.5;0.5;34.9;21.6;0.5;1.70;
sainsburys-kids-cheesy-cottage-pie-300g;Sainsbury's Kids Cottage Pie 300g;£1.75/unit;£5.83/kg;Ready meals;kids-ready-meals;87;5.4;10.7;1.9;2.1;0.7;1.7;0.42;
sainsburys-kids-cheesy-pasta-sweetcorn---broccoli-275g;Sainsbury's Kids Cheesy Pasta Sweetcorn & Broccoli 275g;£1.75/unit;£6.36/kg;Ready meals;kids-ready-meals;120;4.9;18.8;1.0;2.4;1.3;2.1;0.33;
sainsburys-kids-cheesy-pasta-sweetcorn---broccoli-275g;Sainsbury's Kids Cheesy Pasta Sweetcorn & Broccoli 275g;£1.75/unit;£6.36/kg;Vegetarian & meat free;vegetarian-meat-free-ready-meals;120;4.9;18.8;1.0;2.4;1.3;2.1;0.33;
sainsburys-kids-chicken-dinner-235g;Sainsbury's Kids Chicken Dinner 235g;£1.75/unit;£7.45/kg;Ready meals;kids-ready-meals;109;7.7;11.4;2.0;3.2;0.6;1.9;0.41;
sainsburys-kids-fish-pie-300g;Sainsbury's Kids Fish Pie 300g;£1.75/unit;£5.83/kg;Ready meals;kids-ready-meals;86;5.5;10.3;2.3;2.2;1.2;1.4;0.44;
sainsburys-kids-fish-shapes-x6-270g;Sainsbury's Kids Fish Shapes x6 270g;£1.25/unit;£5.21/kg;Fish & seafood;frozen-fish-seafood;220;9.7;19.5;1.3;11.1;1.1;1.4;0.60;
sainsburys-kids-fromage-frais-6x50g;Sainsbury's Kids Fromage Frais 6x50g;£1.00/unit;£0.33/100g;Yogurts;kids-yogurts;93;5.0;12.3;11.2;2.6;1.8;0.5;0.08;
sainsburys-kids-mild-beef-chilli-with-rice-300g;Sainsbury's Kids Mild Beef Chilli With Rice 300g;£1.75/unit;£5.83/kg;Ready meals;kids-ready-meals;124;5.7;20.5;1.1;1.7;0.6;1.7;0.15;
sainsburys-kids-sausage---mash-250g;Sainsbury's Kids Sausage & Mash 250g;£1.75/unit;£7.00/kg;Ready meals;kids-ready-meals;90;4.3;10.0;2.3;3.4;1.3;1.2;0.41;
sainsburys-kids-sausage-roll-snack-bag-x5-50g;Sainsbury's Sausage Mini Rolls x5 50g;£0.65/unit;£1.30/100g;Pies, pasties & quiche;sausage-rolls-savouries;332;9.6;28.5;1.5;19.3;8.2;2.7;1.03;
sainsburys-kids-sausage-roll-snack-bag-x5-50g;Sainsbury's Sausage Mini Rolls x5 50g;£0.65/unit;£1.30/100g;Pies, pasties & quiche;slices-pasties;332;9.6;28.5;1.5;19.3;8.2;2.7;1.03;
sainsburys-kids-sausage-roll-snack-bag-x5-50g;Sainsbury's Sausage Mini Rolls x5 50g;£0.65/unit;£1.30/100g;Soup & lunchtime snacks;lunchtime-snacks;332;9.6;28.5;1.5;19.3;8.2;2.7;1.03;
sainsburys-kids-spaghetti-bolognese-300g;Sainsbury's Kids Spaghetti Bolognese 300g;£1.75/unit;£5.83/kg;Ready meals;kids-ready-meals;99;7.0;13.4;2.6;1.6;0.6;1.4;0.32;
sainsburys-kids-strawberry-fromage-frais-pouches-4x90g;Sainsbury's Kids Fromage Frais Strawberry Pouches 4x90g;£1.25/unit;£0.35/100g;Yogurts;kids-yogurts;93;5.0;12.3;11.2;2.6;1.8;0.5;0.08;
sainsburys-kids-tomato---mascarpone-pasta-255g;Sainsbury's Kids Tomato & Mascarpone Pasta 255g;£1.75/unit;£6.86/kg;Ready meals;kids-ready-meals;127;3.7;21.7;2.5;2.3;0.8;2.0;0.19;
sainsburys-kids-tomato---mascarpone-pasta-255g;Sainsbury's Kids Tomato & Mascarpone Pasta 255g;£1.75/unit;£6.86/kg;Vegetarian & meat free;vegetarian-meat-free-ready-meals;127;3.7;21.7;2.5;2.3;0.8;2.0;0.19;
sainsburys-kids-yogurts-6x55g;Sainsbury's Kids Yogurts 6x55g;£1.50/unit;£0.45/100g;Yogurts;kids-yogurts;106;5.2;11.0;10.1;4.5;3.1;0.5;0.15;
sainsburys-king-edward-potatoes-25kg;Sainsbury's King Edward Potatoes 2.5kg;£2.00/unit;£0.80/kg;Fresh vegetables;potatoes;81;1.8;17.5;0.8;0.5;0.1;1.6;100;
sainsburys-king-prawn---chilli-ravioli--taste-the-difference-250g;Sainsbury's King Prawn & Chilli Ravioli, Taste the Difference 250g;£2.50/unit;£10.00/kg;Pizza, pasta & garlic bread;fresh-pasta-sauces;171;8.8;20.7;1.4;5.5;2.0;1.9;0.91;
sainsburys-king-prawn---lemongrass-fishcakes--taste-the-difference-x2-300g;Sainsbury's King Prawn & Lemongrass Fishcakes, Taste the Difference x2 300g;£3.00/unit;£10.00/kg;Breaded & coated;breaded-coated-fish-seafood;197;9.2;19.0;1.5;9.1;1.8;1.0;0.61;
sainsburys-king-prawn---lemongrass-fishcakes--taste-the-difference-x2-300g;Sainsbury's King Prawn & Lemongrass Fishcakes, Taste the Difference x2 300g;£3.00/unit;£10.00/kg;Fish & seafood;fishcakes-breaded-fish;197;9.2;19.0;1.5;9.1;1.8;1.0;0.61;
sainsburys-king-prawn---lemongrass-fishcakes--taste-the-difference-x2-300g;Sainsbury's King Prawn & Lemongrass Fishcakes, Taste the Difference x2 300g;£3.00/unit;£10.00/kg;Just Cook, prepared & sauces;fuss-free-fish-135654-44;197;9.2;19.0;1.5;9.1;1.8;1.0;0.61;
sainsburys-king-prawn---lemongrass-fishcakes--taste-the-difference-x2-300g;Sainsbury's King Prawn & Lemongrass Fishcakes, Taste the Difference x2 300g;£3.00/unit;£10.00/kg;Organic & Taste the Difference;organic-taste-the-difference;197;9.2;19.0;1.5;9.1;1.8;1.0;0.61;
sainsburys-king-prawn-makhani---rice-%28mild---creamy%29-500g;Sainsbury's King Prawn Makhani & Rice (mild & creamy) 500g;£3.00/unit;£6.00/kg;Ready meals;indian-ready-meals;174;5.4;20.5;3.1;7.5;2.6;1.5;0.65;
sainsburys-king-prawn-makhani---rice-%28mild---creamy%29-500g;Sainsbury's King Prawn Makhani & Rice (mild & creamy) 500g;£3.00/unit;£6.00/kg;Ready meals;meals-for-1-ready-meals;174;5.4;20.5;3.1;7.5;2.6;1.5;0.65;
sainsburys-king-prawn-masala-%28medium---fruity%29-400g;Sainsbury's King Prawn Masala (medium & fruity) 400g;£3.30/unit;£8.25/kg;Ready meals;indian-ready-meals;113;6.3;9.6;6.1;5.2;2.3;1.5;0.50;
sainsburys-king-prawns--so-organic-175g;Sainsbury's King Prawns, SO Organic 175g;£5.00/unit;£2.86/100g;Cooked meats & snacking;mfp-cooked-fish-seafood;75;16.5;0.1;0;0.9;0.5;null;null;
sainsburys-king-prawns--so-organic-175g;Sainsbury's King Prawns, SO Organic 175g;£5.00/unit;£2.86/100g;Cooked meats, pate & sandwich fillers;cooked-fish-seafood;75;16.5;0.1;0;0.9;0.5;null;null;
sainsburys-king-prawns--so-organic-175g;Sainsbury's King Prawns, SO Organic 175g;£5.00/unit;£2.86/100g;Fish & seafood;canapes-snacking;75;16.5;0.1;0;0.9;0.5;null;null;
sainsburys-king-prawns--so-organic-175g;Sainsbury's King Prawns, SO Organic 175g;£5.00/unit;£2.86/100g;Fish & seafood;prawns-shellfish;75;16.5;0.1;0;0.9;0.5;null;null;
sainsburys-king-prawns--so-organic-175g;Sainsbury's King Prawns, SO Organic 175g;£5.00/unit;£2.86/100g;Organic & Taste the Difference;organic-taste-the-difference;75;16.5;0.1;0;0.9;0.5;null;null;
sainsburys-king-prawns-155g;Sainsbury's King Prawns 155g;£3.00/unit;£1.94/100g;Cooked meats & snacking;mfp-cooked-fish-seafood;68;14;0.8;0.5;0.7;0.3;0.5;1.5;
sainsburys-king-prawns-155g;Sainsbury's King Prawns 155g;£3.00/unit;£1.94/100g;Cooked meats, pate & sandwich fillers;cooked-fish-seafood;68;14;0.8;0.5;0.7;0.3;0.5;1.5;
sainsburys-king-prawns-155g;Sainsbury's King Prawns 155g;£3.00/unit;£1.94/100g;Fish & seafood;canapes-snacking;68;14;0.8;0.5;0.7;0.3;0.5;1.5;
sainsburys-king-prawns-155g;Sainsbury's King Prawns 155g;£3.00/unit;£1.94/100g;Fish & seafood;prawns-shellfish;68;14;0.8;0.5;0.7;0.3;0.5;1.5;
sainsburys-king-prawns-155g;Sainsbury's King Prawns 155g;£3.00/unit;£1.94/100g;Great prices on meat & fish;great-prices-on-meat---fish;68;14;0.8;0.5;0.7;0.3;0.5;1.5;
sainsburys-kitchen-foil-10m-x-300mm;Sainsbury's Kitchen Foil 300mm x10m;£1.75/unit;£0.18/mtr;Bread;sandwich-bags-food-storage;null;null;null;null;null;null;null;null;
sainsburys-kitchen-foil-10m-x-300mm;Sainsbury's Kitchen Foil 300mm x10m;£1.75/unit;£0.18/mtr;Sugar & home baking;cake-cases---baking-accessories;null;null;null;null;null;null;null;null;
sainsburys-kitchen-foil-30m-x-300mm;Sainsbury's Kitchen Foil 300mm x30m;£4.00/unit;£0.13/mtr;Bread;sandwich-bags-food-storage;null;null;null;null;null;null;null;null;
sainsburys-kitchen-foil-30m-x-300mm;Sainsbury's Kitchen Foil 300mm x30m;£4.00/unit;£0.13/mtr;Sugar & home baking;cake-cases---baking-accessories;null;null;null;null;null;null;null;null;
sainsburys-kitchen-foil-extra-strong-366mm-x10m;Sainsbury's Kitchen Foil Extra Strong 366mm x10m;£2.80/unit;£0.28/mtr;Sugar & home baking;cake-cases---baking-accessories;null;null;null;null;null;null;null;null;
sainsburys-kiwi-fruit-%28each%29;Sainsbury's Kiwi Fruit (each);£0.25/unit;£0.25/ea;Fresh fruit;melon-pineapple-kiwi;55;1.1;10.6;10.3;0.5;0.1;1.9;0.5;
sainsburys-kiwi-fruit--ripe---ready-x4;Sainsbury's Kiwi Fruit, Ripe & Ready x4;£1.65/unit;£0.41/ea;Fresh fruit;melon-pineapple-kiwi;55;1.1;11;10;0.5;0.1;1.9;0.5;
sainsburys-kiwi-fruit--ripe---ready-x4;Sainsbury's Kiwi Fruit, Ripe & Ready x4;£1.65/unit;£0.41/ea;Fresh fruit;ripe---ready;55;1.1;11;10;0.5;0.1;1.9;0.5;
sainsburys-kiwi-fruit--so-organic-x4;Sainsbury's Kiwi Fruit, SO Organic x4;£1.00/unit;£0.25/ea;Fresh fruit;melon-pineapple-kiwi;55;1.1;10.6;10.3;0.5;0.0;1.9;0;
sainsburys-kiwi-fruit--so-organic-x4;Sainsbury's Kiwi Fruit, SO Organic x4;£1.00/unit;£0.25/ea;Organic;organic;55;1.1;10.6;10.3;0.5;0.0;1.9;0;
sainsburys-korean-bbq-chicken-curry-380g;Sainsbury's Korean BBQ Chicken Curry 380g;£3.00/unit;£7.89/kg;Ready meals;oriental-ready-meals;135;6.3;18.6;2.4;3.4;0.7;2.3;0.60;
sainsburys-korma-cooking-sauce-500g;Sainsbury's Korma Sauce 500g;£1.29/unit;£0.26/100g;Cooking sauces & world foods;indian-cooking-sauces;123;1.2;7.7;4.1;9.2;5.6;2.2;0.52;
sainsburys-korma-paste290g;Sainsbury's Korma Paste 290g;£1.60/unit;£0.55/100g;Cooking ingredients & oils;cooking-pastes;244;2.3;16.5;11.4;17.9;5.2;4.0;1.68;
sainsburys-korma-paste290g;Sainsbury's Korma Paste 290g;£1.60/unit;£0.55/100g;Cooking sauces & world foods;indian-cooking-sauces;244;2.3;16.5;11.4;17.9;5.2;4.0;1.68;
sainsburys-kung-po-cooking-sauce-500g-7569961-p-44;Sainsbury's Kung Po Cooking Sauce 500g;£1.29/unit;£0.26/100g;Cooking sauces & world foods;chinese-cooking-sauces;119;0.5;26.0;24.6;1.0;0;1.9;0.69;
sainsburys-l-c-ched---onion-crisps--be-good-to-yourself-x6;Sainsbury's Cheddar & Onion Snacks, Be Good To Yourself 6x21g;£1.00/unit;£0.83/100g;Crisps, nuts & snacking fruit;crisps;462;4.1;66.0;4.4;19.3;1.9;3.7;3.50;
sainsburys-l-c-ched---onion-crisps--be-good-to-yourself-x6;Sainsbury's Cheddar & Onion Snacks, Be Good To Yourself 6x21g;£1.00/unit;£0.83/100g;Crisps, nuts & snacking fruit;healthier-snacks-12459-44;462;4.1;66.0;4.4;19.3;1.9;3.7;3.50;
sainsburys-l-c-salt---pep-crisps--be-good-to-yourself-x-6;Sainsbury's Sea Salt & Pepper Snacks, Be Good To Yourself 6x21g;£1.00/unit;£0.83/100g;Crisps, nuts & snacking fruit;crisps;462;4.0;65.8;2.6;19.5;2.0;3.7;3.50;
sainsburys-l-c-salt---pep-crisps--be-good-to-yourself-x-6;Sainsbury's Sea Salt & Pepper Snacks, Be Good To Yourself 6x21g;£1.00/unit;£0.83/100g;Crisps, nuts & snacking fruit;healthier-snacks-12459-44;462;4.0;65.8;2.6;19.5;2.0;3.7;3.50;
sainsburys-lady-balfour-potatoes--so-organic-2kg;Sainsbury's Lady Balfour Potatoes, SO Organic 2kg;£3.00/unit;£1.50/kg;Fresh vegetables;potatoes;72;1.8;15.4;0.6;0.1;0;1.2;100;
sainsburys-lady-balfour-potatoes--so-organic-2kg;Sainsbury's Lady Balfour Potatoes, SO Organic 2kg;£3.00/unit;£1.50/kg;Organic;organic;72;1.8;15.4;0.6;0.1;0;1.2;100;
sainsburys-laksa-paste-180g;Sainsbury's Laksa Paste 180g;£1.99/unit;£1.11/100g;Cooking ingredients & oils;cooking-pastes;64;0.6;11.6;10.1;0.7;0.2;4.3;3.58;
sainsburys-lamb---mint-quarter-pounder--taste-the-difference-454g;Sainsbury's Lamb & Mint Quarter Pounder, Taste the Difference 454g;£3.00/unit;£6.61/kg;Meat & poultry;frozen-burgers-sausages;240;23.6;1.2;0.6;15.7;7.7;0.5;0.76;
sainsburys-lamb---mint-quarter-pounder--taste-the-difference-454g;Sainsbury's Lamb & Mint Quarter Pounder, Taste the Difference 454g;£3.00/unit;£6.61/kg;Meat & poultry;frozen-lamb;240;23.6;1.2;0.6;15.7;7.7;0.5;0.76;
sainsburys-lamb---rosemary-tagliatelle--taste-the-difference-400g;Sainsbury's Lamb & Rosemary Tagliatelle, Taste the Difference 400g;£3.30/unit;£8.25/kg;Ready meals;italian-ready-meals;103;6.4;10.7;1.3;2.9;0.9;4.3;0.43;
sainsburys-lamb---rosemary-tagliatelle--taste-the-difference-400g;Sainsbury's Lamb & Rosemary Tagliatelle, Taste the Difference 400g;£3.30/unit;£8.25/kg;Ready meals;meals-for-1-ready-meals;103;6.4;10.7;1.3;2.9;0.9;4.3;0.43;
sainsburys-lamb---rosemary-tagliatelle--taste-the-difference-400g;Sainsbury's Lamb & Rosemary Tagliatelle, Taste the Difference 400g;£3.30/unit;£8.25/kg;Ready meals;taste-the-difference-bistro-ready-meals;103;6.4;10.7;1.3;2.9;0.9;4.3;0.43;
sainsburys-lamb-boneless-leg-joint-%28approx-740g%29;Sainsbury's Lamb Boneless Leg Joint (approx. 800g);£12.50/kg;£12.50/kg;Lamb;lamb;219;28.7;1.0;0.5;11.1;4.9;0.5;0.18;
sainsburys-lamb-boneless-shoulder-%28approx-730g%29;Sainsbury's Lamb Boneless Shoulder (approx. 767g);£8.00/kg;£8.00/kg;Lamb;lamb;245;15.9;2.4;0.5;19.1;9.5;0.5;0.20;
sainsburys-lamb-breast-%28approx-780g%29;Sainsbury's Lamb Breast (approx. 780g);£5.40/kg;£5.40/kg;Lamb;lamb;361;16.7;0.5;0.5;32.7;16.9;0.5;1.07;
sainsburys-lamb-burgers-with-mint--taste-the-difference-x2-227g;Sainsbury's Lamb Burgers With Mint, Taste the Difference x2 227g;£3.30/unit;£14.54/kg;Burgers & BBQ;burgers-bbq;237;21.9;4.7;2.3;14.4;6.3;0.5;0.80;
sainsburys-lamb-burgers-with-mint--taste-the-difference-x2-227g;Sainsbury's Lamb Burgers With Mint, Taste the Difference x2 227g;£3.30/unit;£14.54/kg;Lamb;lamb;237;21.9;4.7;2.3;14.4;6.3;0.5;0.80;
sainsburys-lamb-burgers-with-mint--taste-the-difference-x2-227g;Sainsbury's Lamb Burgers With Mint, Taste the Difference x2 227g;£3.30/unit;£14.54/kg;Organic & Taste the Difference;organic-taste-the-difference;237;21.9;4.7;2.3;14.4;6.3;0.5;0.80;
sainsburys-lamb-carvery-shoulder-%28approx-173kg%29;Sainsbury's Lamb Carvery Shoulder (approx. 1.825kg);£8.00/kg;£8.00/kg;Lamb;lamb;245;15.9;2.4;0.5;19.1;9.5;0.5;0.20;
sainsburys-lamb-chops--basics-450g;Sainsbury's Lamb Chops, Basics 450g;£4.60/unit;£10.22/kg;Lamb;lamb;0;0.5;0.5;0.5;0.5;0.1;0.5;0.01;
sainsburys-lamb-chops--so-organic-%28approx-380g%29;Sainsbury's Lamb Chops, SO Organic (approx. 380g);£17.00/kg;£17.00/kg;Lamb;lamb;303;24.4;2.8;0.5;21.6;10.3;0.5;0.33;
sainsburys-lamb-chops-x2-%28approx-230g%29;Sainsbury's Lamb Chops x2 (approx. 225g);£13.00/kg;£13.00/kg;Great prices on meat & fish;great-prices-on-meat---fish;303;24.4;2.8;0.5;21.6;10.3;0.5;0.33;
sainsburys-lamb-chops-x2-%28approx-230g%29;Sainsbury's Lamb Chops x2 (approx. 225g);£13.00/kg;£13.00/kg;Lamb;lamb;303;24.4;2.8;0.5;21.6;10.3;0.5;0.33;
sainsburys-lamb-chops-x4-%28approx-417g%29;Sainsbury's Lamb Chops x4 (approx. 417g);£13.00/kg;£13.00/kg;Great prices on meat & fish;great-prices-on-meat---fish;303;24.4;2.8;0.5;21.6;10.3;0.5;0.33;
sainsburys-lamb-chops-x4-%28approx-417g%29;Sainsbury's Lamb Chops x4 (approx. 417g);£13.00/kg;£13.00/kg;Lamb;lamb;303;24.4;2.8;0.5;21.6;10.3;0.5;0.33;
sainsburys-lamb-foreshanks-x4-%28approx-770g%29;Sainsbury's Lamb Foreshanks x4 (approx. 767g);£9.00/kg;£9.00/kg;Lamb;lamb;199;30.2;0.5;0.5;8.7;4.1;0.5;0.20;
sainsburys-lamb-gravy--taste-the-difference-450g;Sainsbury's Lamb Gravy, Taste the Difference 450g;£3.00/unit;£0.67/100g;Just Cook, prepared & sauces;stock---gravy;46;2.4;8.5;4.6;0.5;0.1;0.5;0.75;
sainsburys-lamb-grills-x4-340g;Sainsbury's Lamb Grills x4 340g;£2.00/unit;£5.88/kg;Meat & poultry;frozen-lamb;289;21.8;5.3;0.5;19.9;10.0;0.5;1.48;
sainsburys-lamb-half-leg-%28approx-1kg%29;Sainsbury's Lamb Half Leg (approx. 1kg);£10.00/kg;£10.00/kg;Lamb;lamb;239;17.6;0.5;0.5;18.7;9.5;0.5;0.22;
sainsburys-lamb-half-leg--so-organic-%28approx-218kg%29;Sainsbury's Lamb Half Leg, SO Organic (approx. 1.075kg);£13.00/kg;£13.00/kg;Great prices on meat & fish;great-prices-on-meat---fish;239;17.6;0.5;0.5;18.7;9.5;0.5;0.22;
sainsburys-lamb-half-leg--so-organic-%28approx-218kg%29;Sainsbury's Lamb Half Leg, SO Organic (approx. 1.075kg);£13.00/kg;£13.00/kg;Lamb;lamb;239;17.6;0.5;0.5;18.7;9.5;0.5;0.22;
sainsburys-lamb-half-leg--so-organic-%28approx-218kg%29;Sainsbury's Lamb Half Leg, SO Organic (approx. 1.075kg);£13.00/kg;£13.00/kg;Organic & Taste the Difference;organic-taste-the-difference;239;17.6;0.5;0.5;18.7;9.5;0.5;0.22;
sainsburys-lamb-half-shoulder-%28approx-105kg%29;Sainsbury's Lamb Half Shoulder (approx. 1.05kg);£7.00/kg;£7.00/kg;Lamb;lamb;245;15.9;2.4;0.5;19.1;9.5;0.5;0.20;
sainsburys-lamb-leg-steaks-x2-%28approx-330g%29;Sainsbury's Lamb Steaks x2 (approx. 312g);£13.50/kg;£13.50/kg;Great prices on meat & fish;great-prices-on-meat---fish;206;23.5;0.7;0.5;12.2;5.9;0.5;0.18;
sainsburys-lamb-leg-steaks-x2-%28approx-330g%29;Sainsbury's Lamb Steaks x2 (approx. 312g);£13.50/kg;£13.50/kg;Lamb;lamb;206;23.5;0.7;0.5;12.2;5.9;0.5;0.18;
sainsburys-lamb-meatballs-350g;Sainsbury's Lamb Meatballs 350g;£2.50/unit;£7.14/kg;Lamb;lamb;245;21.7;7.3;1.7;14.2;6.8;0.5;0.98;
sainsburys-lamb-mince--so-organic-500g;Sainsbury's Lamb Mince, SO Organic 500g;£5.00/unit;£10.00/kg;Lamb;lamb;269;21.5;0.5;0.5;20.0;10.2;0.5;0.28;
sainsburys-lamb-mince-250g;Sainsbury's Lamb Mince 20% Fat 250g;£2.15/unit;£8.60/kg;Lamb;lamb;269;21.5;0.5;0.5;20.0;10.2;0.5;0.28;
sainsburys-lamb-mince-500g;Sainsbury's Lamb Mince 20% Fat 500g;£4.00/unit;£8.00/kg;Lamb;lamb;271;21.5;0.9;0.5;20.0;10.0;0.5;0.28;
sainsburys-lamb-mini-joint--taste-the-difference-%28approx-450g%29;Sainsbury's Lamb Mini Joint, Taste the Difference (approx. 500g);£10.00/kg;£10.00/kg;Lamb;lamb;205;17.8;0.9;0.5;14.4;6.9;0.5;0.22;
sainsburys-lamb-moussaka--taste-the-difference-400g;Sainsbury's Lamb Moussaka, Taste the Difference 400g;£3.30/unit;£8.25/kg;Ready meals;meals-for-1-ready-meals;196;8.2;13.0;4.0;10.8;5.9;7.0;0.63;
sainsburys-lamb-moussaka--taste-the-difference-400g;Sainsbury's Lamb Moussaka, Taste the Difference 400g;£3.30/unit;£8.25/kg;Ready meals;mediterranean-other-cuisine-ready-meals;196;8.2;13.0;4.0;10.8;5.9;7.0;0.63;
sainsburys-lamb-moussaka--taste-the-difference-400g;Sainsbury's Lamb Moussaka, Taste the Difference 400g;£3.30/unit;£8.25/kg;Ready meals;taste-the-difference-bistro-ready-meals;196;8.2;13.0;4.0;10.8;5.9;7.0;0.63;
sainsburys-lamb-neck-fillet-%28approx-240g%29;Sainsbury's Lamb Neck Fillet (approx. 233g);£15.00/kg;£15.00/kg;Lamb;lamb;272;28.6;0.5;0.5;17.5;8.9;0.5;0.15;
sainsburys-lamb-rack--taste-the-difference-%28approx-280g%29;Sainsbury's Lamb Rack, Taste the Difference (approx. 300g);£28.00/kg;£28.00/kg;Lamb;lamb;234;17.3;3.0;0.5;17.0;7.8;null;0.25;
sainsburys-lamb-rack--taste-the-difference-%28approx-280g%29;Sainsbury's Lamb Rack, Taste the Difference (approx. 300g);£28.00/kg;£28.00/kg;Organic & Taste the Difference;organic-taste-the-difference;234;17.3;3.0;0.5;17.0;7.8;null;0.25;
sainsburys-lamb-rogan-josh-%28warm---aromatic%29-400g;Sainsbury's Lamb Rogan Josh (warm & aromatic) 400g;£3.30/unit;£8.25/kg;Ready meals;indian-ready-meals;151;12.5;7.9;3.7;7.2;1.8;2.3;0.53;
sainsburys-lamb-rogan-josh---pilau-rice-%28warm---aromatic%29-500g;Sainsbury's Lamb Rogan Josh & Pilau Rice (warm & aromatic) 500g;£3.00/unit;£6.00/kg;Ready meals;indian-ready-meals;165;6.0;22.3;1.6;5.3;0.8;2.3;0.47;
sainsburys-lamb-rogan-josh---pilau-rice-%28warm---aromatic%29-500g;Sainsbury's Lamb Rogan Josh & Pilau Rice (warm & aromatic) 500g;£3.00/unit;£6.00/kg;Ready meals;meals-for-1-ready-meals;165;6.0;22.3;1.6;5.3;0.8;2.3;0.47;
sainsburys-lamb-rump-steak-385g;Sainsbury's Lamb Steak 385g;£5.20/unit;£13.51/kg;Lamb;lamb;206;23.5;0.7;0.5;12.2;5.9;0.5;0.18;
sainsburys-lamb-rump-steaks-x2-%28approx-220g%29;Sainsbury's Lamb Rump Steaks x2 (approx. 217g);£14.00/kg;£14.00/kg;Great prices on meat & fish;great-prices-on-meat---fish;207;23.5;0.9;0.5;12.2;5.9;0.5;0.18;
sainsburys-lamb-rump-steaks-x2-%28approx-220g%29;Sainsbury's Lamb Rump Steaks x2 (approx. 217g);£14.00/kg;£14.00/kg;Lamb;lamb;207;23.5;0.9;0.5;12.2;5.9;0.5;0.18;
sainsburys-lamb-rump-steaks-x4-%28approx-417g%29;Sainsbury's Lamb Rump Steaks x4 (approx. 417g);£12.00/kg;£12.00/kg;Lamb;lamb;206;23.5;0.7;0.5;12.2;5.9;0.5;0.18;
sainsburys-lamb-shanks-%28approx-780g%29;Sainsbury's Lamb Shanks (approx. 783g);£10.00/kg;£10.00/kg;Lamb;lamb;199;30.2;0.5;0.5;8.7;4.1;0.5;0.20;
sainsburys-lamb-shanks--taste-the-difference-115-kg;Sainsbury's Lamb Shanks, Taste the Difference 1.15 Kg;£10.00/unit;£8.70/kg;Ready meals;british-ready-meals;144;15.3;5.2;3.2;6.4;1.3;2.1;0.54;
sainsburys-lamb-shanks--taste-the-difference-115-kg;Sainsbury's Lamb Shanks, Taste the Difference 1.15 Kg;£10.00/unit;£8.70/kg;Ready meals;taste-the-difference-bistro-ready-meals;144;15.3;5.2;3.2;6.4;1.3;2.1;0.54;
sainsburys-lamb-shoulder-joints-in-mint-x2-750g;Sainsbury's Lamb Shoulder Joints In Mint x2 750g;£6.00/unit;£8.00/kg;Meat & poultry;frozen-lamb;201;21.4;2.1;1.6;11.9;5.9;0.5;0.48;
sainsburys-lamb-shoulder-steaks-with-mint-glaze-%28approx-400g%29;Sainsbury's Lamb Shoulder Steaks With Mint Glaze (approx. 400g);£12.00/kg;£12.00/kg;Burgers & BBQ;burgers-bbq;266;24.1;3.4;1.4;17.2;8.2;0.5;0.40;
sainsburys-lamb-shoulder-steaks-with-mint-glaze-%28approx-400g%29;Sainsbury's Lamb Shoulder Steaks With Mint Glaze (approx. 400g);£12.00/kg;£12.00/kg;Just Cook, prepared & sauces;prepared-joints;266;24.1;3.4;1.4;17.2;8.2;0.5;0.40;
sainsburys-lamb-shoulder-steaks-with-mint-glaze-%28approx-400g%29;Sainsbury's Lamb Shoulder Steaks With Mint Glaze (approx. 400g);£12.00/kg;£12.00/kg;Lamb;lamb;266;24.1;3.4;1.4;17.2;8.2;0.5;0.40;
sainsburys-lamb-steak--bone-in-leg-360g;Sainsbury's Lamb Steak, Bone In Leg 360g;£3.60/unit;£10.00/kg;Lamb;lamb;181;24.1;0.5;0.5;9.2;4.2;0.5;0.22;
sainsburys-lamb-steaks--so-organic-%28approx-400g%29;Sainsbury's Lamb Steaks, SO Organic (approx. 400g);£16.50/kg;£16.50/kg;Lamb;lamb;206;23.5;0.7;0.5;12.2;5.9;0.5;0.18;
sainsburys-lamb-tagine-pastries-104g;Sainsbury's Lamb Tagine Pastries 104g;£2.50/unit;£2.72/100g;Pies, pasties & quiche;slices-pasties;280;10.2;37.4;10.7;9.4;2.1;2.7;1.00;
sainsburys-lamb-tagine-pastries-104g;Sainsbury's Lamb Tagine Pastries 104g;£2.50/unit;£2.72/100g;Soup & lunchtime snacks;lunchtime-snacks;280;10.2;37.4;10.7;9.4;2.1;2.7;1.00;
sainsburys-lamb-topside-steaks-garlic-rsmry-390g;Sainsbury's Lamb Topside Steaks with Garlic & Rosemary 390g;£6.00/unit;£15.38/kg;Great prices on meat & fish;great-prices-on-meat---fish;162;19.2;1.0;0.5;9.0;5.0;0.5;0.33;
sainsburys-lamb-topside-steaks-garlic-rsmry-390g;Sainsbury's Lamb Topside Steaks with Garlic & Rosemary 390g;£6.00/unit;£15.38/kg;Lamb;lamb;162;19.2;1.0;0.5;9.0;5.0;0.5;0.33;
sainsburys-lamb-whole-leg-%28approx-205kg%29;Sainsbury's Lamb Whole Leg (approx. 2.05kg);£10.00/kg;£10.00/kg;Lamb;lamb;239;17.6;0.5;0.5;18.7;9.5;0.5;0.22;
sainsburys-lambs-lettuce-70g;Sainsbury's Lambs Lettuce 70g;£1.00/unit;£1.43/100g;Fresh salad;fresh-salad-prepared-ready-to-eat;27;2.2;2.2;0.5;0.6;0.1;2.2;0.03;
sainsburys-lambs-lettuce-70g;Sainsbury's Lambs Lettuce 70g;£1.00/unit;£1.43/100g;Fresh salad;lettuce;27;2.2;2.2;0.5;0.6;0.1;2.2;0.03;
sainsburys-lambs-lettuce-70g;Sainsbury's Lambs Lettuce 70g;£1.00/unit;£1.43/100g;Fresh salad;salad-bags;27;2.2;2.2;0.5;0.6;0.1;2.2;0.03;
sainsburys-lambs-lettuce-70g;Sainsbury's Lambs Lettuce 70g;£1.00/unit;£1.43/100g;In season;new-in-season;27;2.2;2.2;0.5;0.6;0.1;2.2;0.03;
sainsburys-lambs-lettuce-70g;Sainsbury's Lambs Lettuce 70g;£1.00/unit;£1.43/100g;Prepared & ready to eat;prepared-salad-herbs;27;2.2;2.2;0.5;0.6;0.1;2.2;0.03;
sainsburys-lambs-liver-%28approx-360g%29;Sainsbury's Lambs Liver (approx. 360g);£2.20/kg;£2.20/kg;Great prices on meat & fish;great-prices-on-meat---fish;258;29.9;0.5;0.5;15.3;3.5;0.5;0.18;
sainsburys-lambs-liver-%28approx-360g%29;Sainsbury's Lambs Liver (approx. 360g);£2.20/kg;£2.20/kg;Lamb;lamb;258;29.9;0.5;0.5;15.3;3.5;0.5;0.18;
sainsburys-lard--basics-250g;Sainsbury's Lard, Basics 250g;£0.45/unit;£1.80/kg;Butter, spreads & baking;cooking-and-baking1;898;0.5;0.5;0.5;99.8;44.0;null;0.01;
sainsburys-lard--basics-250g;Sainsbury's Lard, Basics 250g;£0.45/unit;£1.80/kg;Sugar & home baking;fats-spreads;898;0.5;0.5;0.5;99.8;44.0;null;0.01;
sainsburys-large-canadian-scallops--taste-the-difference-200g;Sainsbury's Large Canadian Scallops, Taste the Difference 200g;£6.00/unit;£30.00/kg;Fish & seafood;frozen-fish-seafood;99;20.8;0.7;0.5;1.4;0.3;0.5;0.50;
sainsburys-large-carrot-cake--taste-the-difference;Sainsbury's Large Carrot Cake, Taste the Difference;£3.50/unit;£0.57/100g;Cakes;sponge-slab-loaf-cakes;407;4.4;51.5;34.5;19.8;5.6;2.5;0.51;
sainsburys-large-carrot-cake--taste-the-difference;Sainsbury's Large Carrot Cake, Taste the Difference;£3.50/unit;£0.57/100g;Cakes;taste-the-difference;407;4.4;51.5;34.5;19.8;5.6;2.5;0.51;
sainsburys-large-chicken-seasoned-roaster-1945kg;Sainsbury's Large Chicken Seasoned Roaster 1.945kg;£6.50/unit;£3.34/kg;Chicken;chicken;191;26.3;0.5;0.5;9.4;2.5;0.5;0.40;
sainsburys-large-chocolate-trifle-500g;Sainsbury's Large Chocolate Trifle 500g;£2.50/unit;£0.50/100g;Desserts & cream;desserts;226;3.3;22.5;17.3;13.5;8.6;0.9;0.15;
sainsburys-large-croissants-x2;Sainsbury's Large Croissants x2;£1.20/unit;£0.60/ea;Cakes;cakes-from-our-bakery-12374-44;null;null;null;null;null;null;null;null;
sainsburys-large-croissants-x2;Sainsbury's Large Croissants x2;£1.20/unit;£0.60/ea;Croissants, brioche & pastries;croissants-brioche-pastries;null;null;null;null;null;null;null;null;
sainsburys-large-croissants-x2;Sainsbury's Large Croissants x2;£1.20/unit;£0.60/ea;From our in store bakery;cakes-from-our-bakery;null;null;null;null;null;null;null;null;
sainsburys-large-crusty-bake-pork-pie-440g;Sainsbury's Crusty Bake Pork Pie, Large 440g;£2.50/unit;£0.57/100g;Pies, pasties & quiche;hot-cold-pies;350;9.9;24.4;1.9;23.3;9.1;1.6;0.95;
sainsburys-large-crusty-bake-pork-pie-440g;Sainsbury's Crusty Bake Pork Pie, Large 440g;£2.50/unit;£0.57/100g;Pies, pasties & quiche;sausage-rolls-savouries;350;9.9;24.4;1.9;23.3;9.1;1.6;0.95;
sainsburys-large-double-chocolate-cookies-x5;Sainsbury's Large Cookies, Double Chocolate x5;£1.00/unit;£0.20/ea;Biscuits & crackers;cookies;null;null;null;null;null;null;null;null;
sainsburys-large-double-chocolate-cookies-x5;Sainsbury's Large Cookies, Double Chocolate x5;£1.00/unit;£0.20/ea;Cakes;doughnuts-cookies;null;null;null;null;null;null;null;null;
sainsburys-large-double-chocolate-cookies-x5;Sainsbury's Large Cookies, Double Chocolate x5;£1.00/unit;£0.20/ea;From our in store bakery;instore-bakery-doughnuts-cookies;null;null;null;null;null;null;null;null;
sainsburys-large-flat-mushrooms-250g;Sainsbury's Large Flat Mushrooms 250g;£1.00/unit;£4.00/kg;Fresh vegetables;mushrooms;16;1.8;0.5;0.5;0.5;0.1;1.1;0.5;
sainsburys-large-king-prawns-210g;Sainsbury's Large King Prawns 210g;£3.75/unit;£1.79/100g;Cooked meats & snacking;mfp-cooked-fish-seafood;62;14.1;0.5;0.5;0.5;0.1;0.5;1.50;
sainsburys-large-king-prawns-210g;Sainsbury's Large King Prawns 210g;£3.75/unit;£1.79/100g;Cooked meats, pate & sandwich fillers;cooked-fish-seafood;62;14.1;0.5;0.5;0.5;0.1;0.5;1.50;
sainsburys-large-king-prawns-210g;Sainsbury's Large King Prawns 210g;£3.75/unit;£1.79/100g;Fish & seafood;prawns-shellfish;62;14.1;0.5;0.5;0.5;0.1;0.5;1.50;
sainsburys-large-king-prawns-210g;Sainsbury's Large King Prawns 210g;£3.75/unit;£1.79/100g;Great prices on meat & fish;great-prices-on-meat---fish;62;14.1;0.5;0.5;0.5;0.1;0.5;1.50;
sainsburys-large-king-prawns-250g;Sainsbury's Large King Prawns 250g;£4.50/unit;£18.00/kg;Fish & seafood;frozen-fish-seafood;80;17.9;0.1;0.1;0.8;0.4;null;null;
sainsburys-large-mango-%28each%29;Sainsbury's Large Mango (each);£1.50/unit;£1.50/ea;Fresh fruit;mango-exotic-fruit-dates-nuts;null;null;null;null;null;null;null;null;
sainsburys-large-milk-chocolate-cookies-x5;Sainsbury's Large Cookies, Milk Chocolate x5;£1.00/unit;£0.20/ea;Biscuits & crackers;cookies;null;null;null;null;null;null;null;null;
sainsburys-large-milk-chocolate-cookies-x5;Sainsbury's Large Cookies, Milk Chocolate x5;£1.00/unit;£0.20/ea;Cakes;doughnuts-cookies;null;null;null;null;null;null;null;null;
sainsburys-large-milk-chocolate-cookies-x5;Sainsbury's Large Cookies, Milk Chocolate x5;£1.00/unit;£0.20/ea;From our in store bakery;instore-bakery-doughnuts-cookies;null;null;null;null;null;null;null;null;
sainsburys-large-multi-seeded-deli-rolls-x4;Sainsbury's Large Multi Seeded Deli Rolls x4;£0.90/unit;£0.23/ea;Rolls;rolls;297;10.1;49.2;3.4;5.7;0.7;4.4;0.95;
sainsburys-large-oat-topped-wholemeal-deli-rolls-x4;Sainsbury's Large Oat Topped Wholemeal Deli Rolls x4;£0.90/unit;£0.23/ea;Rolls;rolls;261;11.5;45.0;3.0;2.4;0.1;6.7;0.83;
sainsburys-large-onions-%28loose%29;Sainsbury's Onions (loose);£0.70/kg;£0.70/kg;Fresh vegetables;onions-leeks-garlic;38;1.0;7.6;5.9;0.5;0.1;1.4;0.01;
sainsburys-large-onions-x3;Sainsbury's Large Onions x3;£1.00/unit;£1.67/kg;Fresh vegetables;onions-leeks-garlic;38;1.0;7.6;5.9;0.5;0.1;1.4;0.01;
sainsburys-large-onions-x3;Sainsbury's Large Onions x3;£1.00/unit;£1.67/kg;In season;new-in-season;38;1.0;7.6;5.9;0.5;0.1;1.4;0.01;
sainsburys-large-peeled-prawns-350g;Sainsbury's Large Peeled Prawns 350g;£4.50/unit;£12.86/kg;Fish & seafood;frozen-fish-seafood;69;15.3;0.5;0.5;0.7;0.2;0.5;1.45;
sainsburys-large-pomegranate-x2;Sainsbury's Large Pomegranate x2;£2.75/unit;£1.38/ea;Fresh fruit;mango-exotic-fruit-dates-nuts;null;null;null;null;null;null;null;null;
sainsburys-large-portabella-mushrooms-250g;Sainsbury's Portobello Mushrooms 250g;£1.65/unit;£6.60/kg;Fresh vegetables;mushrooms;13;1.8;0.4;0.2;0.5;0.1;1.1;0;
sainsburys-large-red-onions-%28loose%29;Sainsbury's Red Onions (loose);£0.75/kg;£0.75/kg;Fresh vegetables;onions-leeks-garlic;38;1.0;7.6;5.9;0.5;0.1;1.4;0.01;
sainsburys-large-red-onions-x3;Sainsbury's Large Red Onions x3;£1.00/unit;£2.74/kg;Fresh vegetables;onions-leeks-garlic;38;1.0;7.6;5.9;0.5;0.1;1.4;0.01;
sainsburys-large-sharon-fruit-x3;Sainsbury's Sharon Fruit x3;£1.50/unit;£0.50/ea;Fresh fruit;mango-exotic-fruit-dates-nuts;null;null;null;null;null;null;null;null;
sainsburys-large-smoked-gammon-joint-%28approx-275kg%29;Sainsbury's Large Smoked Gammon Joint (approx. 2.75kg);£4.00/kg;£4.00/kg;Bacon & gammon;gammon;165;26.7;0.5;0.5;6.3;2.3;0.5;2.63;
sainsburys-large-teacakes--taste-the-difference-x4;Sainsbury's Large Teacakes, Taste the Difference x4;£1.30/unit;£0.33/ea;Cakes;cakes-scones-fruited-buns;321;7.9;57.4;22.6;6.2;3.8;1.9;0.75;
sainsburys-large-teacakes--taste-the-difference-x4;Sainsbury's Large Teacakes, Taste the Difference x4;£1.30/unit;£0.33/ea;Scones, fruited & buns;scones-fruited-buns;321;7.9;57.4;22.6;6.2;3.8;1.9;0.75;
sainsburys-large-tie-handle-food---freezer-bags-x20;Sainsbury's Food & Freezer Bags, Large Tie Handle x20;£1.05/unit;£0.05/bag;Bread;sandwich-bags-food-storage;null;null;null;null;null;null;null;null;
sainsburys-large-unsmoked-gammon-joint-%28approx-275kg%29;Sainsbury's Large Unsmoked Gammon Joint (approx. 2.75kg);£4.00/kg;£4.00/kg;Bacon & gammon;gammon;165;26.7;0.5;0.5;6.3;2.3;0.5;2.63;
sainsburys-large-victoria-sponge--taste-the-difference;Sainsbury's Large Victoria Sponge, Taste the Difference;£3.50/unit;£0.64/100g;Cakes;sponge-slab-loaf-cakes;392;4.9;53.9;32.3;17.1;4.1;1.3;0.57;
sainsburys-large-victoria-sponge--taste-the-difference;Sainsbury's Large Victoria Sponge, Taste the Difference;£3.50/unit;£0.64/100g;Cakes;taste-the-difference;392;4.9;53.9;32.3;17.1;4.1;1.3;0.57;
sainsburys-large-white-chocolate-cookies-x5;Sainsbury's Large Cookies, White Chocolate x5;£1.00/unit;£0.20/ea;Biscuits & crackers;cookies;null;null;null;null;null;null;null;null;
sainsburys-large-white-chocolate-cookies-x5;Sainsbury's Large Cookies, White Chocolate x5;£1.00/unit;£0.20/ea;Cakes;doughnuts-cookies;null;null;null;null;null;null;null;null;
sainsburys-large-white-chocolate-cookies-x5;Sainsbury's Large Cookies, White Chocolate x5;£1.00/unit;£0.20/ea;From our in store bakery;instore-bakery-doughnuts-cookies;null;null;null;null;null;null;null;null;
sainsburys-large-whole-chicken--%28approx-21-24kg%29;Sainsbury's Large Whole Chicken, (approx. 2.1-2.4kg);£5.50/unit;£2.62/kg;Meat & poultry;frozen-chicken;202;29.0;0.5;0.5;9.5;2.6;0.5;0.13;
sainsburys-lasagne--basics-300g;Sainsbury's Lasagne, Basics 300g;£0.80/unit;£2.67/kg;Ready meals;italian-ready-meals;95;5.3;10.1;2.5;3.3;1.4;1.9;0.50;
sainsburys-lasagne--basics-300g;Sainsbury's Lasagne, Basics 300g;£0.80/unit;£2.67/kg;Ready meals;meals-for-1-ready-meals;95;5.3;10.1;2.5;3.3;1.4;1.9;0.50;
sainsburys-lasagne-al-forno-with-slow-cooked-beef--taste-the-difference-710g;Sainsbury's Lasagne Al Forno With Slow Cooked Beef, Taste the Difference Bistro 710g;£6.00/unit;£8.45/kg;Ready meals;italian-ready-meals;171;11.9;9.5;3.6;8.1;3.9;5.7;0.63;
sainsburys-lasagne-al-forno-with-slow-cooked-beef--taste-the-difference-710g;Sainsbury's Lasagne Al Forno With Slow Cooked Beef, Taste the Difference Bistro 710g;£6.00/unit;£8.45/kg;Ready meals;taste-the-difference-bistro-ready-meals;171;11.9;9.5;3.6;8.1;3.9;5.7;0.63;
sainsburys-lasagne-sheets--basics-500g;Sainsbury's Lasagne Sheets, Basics 500g;£0.35/unit;£0.70/kg;Rice, pasta & noodles;pasta;354;12.0;70.0;4.0;2.0;0.5;4.0;0.01;
sainsburys-lasagne-sheets-500g;Sainsbury's Lasagne Sheets 500g;£0.85/unit;£1.70/kg;Rice, pasta & noodles;pasta;160;4.4;33.6;0.6;0.6;0.1;1.4;0.01;
sainsburys-lattice-gala-pork---egg-pie-450g;Sainsbury's Pork & Egg Lattice Gala Pie 450g;£2.50/unit;£0.56/100g;Pies, pasties & quiche;hot-cold-pies;320;10.7;22.0;1.9;20.7;7.9;1.6;0.90;
sainsburys-lattice-gala-pork---egg-pie-450g;Sainsbury's Pork & Egg Lattice Gala Pie 450g;£2.50/unit;£0.56/100g;Pies, pasties & quiche;sausage-rolls-savouries;320;10.7;22.0;1.9;20.7;7.9;1.6;0.90;
sainsburys-lattice-potatoes-750g;Sainsbury's Lattice Potatoes 750g;£1.50/unit;£2.00/kg;Chips & potatoes;chips-potatoes;244;3.8;32;1.2;11;1.2;3.3;0.49;
sainsburys-lavender-honey---ginger-west-country-yogurt--taste-the-difference-150g;Sainsbury's West Country Lavender Honey & Ginger Yogurt, Taste the Difference 150g;£0.75/unit;£0.50/100g;Yogurts;luxury-yogurts;144;3.1;15.5;15.5;7.7;5.1;0.5;0.10;
sainsburys-layered-cod---pea-fishacakes--taste-the-difference-330g;Sainsbury's Layered Cod & Pea Fishcakes, Taste the Difference 330g;£3.00/unit;£9.09/kg;Fish & seafood;fishcakes-breaded-fish;181;10.4;16.2;1.7;7.8;1.1;2.2;0.95;
sainsburys-layered-p%C3%A2t%C3%A9-170g;Sainsbury's Layered Pâté 170g;£1.30/unit;£0.76/100g;Cooked meats & snacking;mfp-pate;313;11.3;6.8;5.5;26.7;9.8;0.5;1.63;
sainsburys-layered-p%C3%A2t%C3%A9-170g;Sainsbury's Layered Pâté 170g;£1.30/unit;£0.76/100g;Cooked meats, pate & sandwich fillers;pate;313;11.3;6.8;5.5;26.7;9.8;0.5;1.63;
sainsburys-leaf-spinach-400g;Sainsbury's Leaf Spinach 400g (265g*);£0.65/unit;£2.45/kg;Canned, tinned & packaged foods;canned-tinned-packaged-vegetables;24;3.5;0.6;0;0.1;0;3.3;0;
sainsburys-lean-beef-meatballs-350g;Sainsbury's 10% Fat Beef Meatballs 350g;£2.50/unit;£7.14/kg;Beef;beef;164;18.9;4.1;1.7;8.0;3.1;0.5;0.75;
sainsburys-lean-beef-mince-1kg;Sainsbury's Beef Mince 12% Fat 1kg;£6.95/unit;£6.95/kg;Meat & poultry;frozen-beef;214;26.5;0.5;0.5;12.0;5.2;0.5;0.30;
sainsburys-lean-cooked-ham-200g;Sainsbury's Lean Cooked Ham 200g;£1.35/unit;£0.68/100g;Canned, tinned & packaged foods;cold-meat;91;17.8;0.2;0.2;2.1;0.9;0;2.75;
sainsburys-lean-diced-beef--taste-the-difference-450g;Sainsbury's Lean Diced Beef, Taste the Difference 450g;£4.50/unit;£10.00/kg;Beef;beef;136;22.5;0.5;0.5;5.1;2.2;0.5;0.22;
sainsburys-lean-diced-beef-450g;Sainsbury's Lean Diced Beef 450g;£3.30/unit;£7.33/kg;Beef;beef;96;15.4;5.2;1.0;1.5;0.6;0.5;0.26;
sainsburys-lean-diced-beef-450g;Sainsbury's Lean Diced Beef 450g;£3.30/unit;£7.33/kg;Great prices on meat & fish;great-prices-on-meat---fish;96;15.4;5.2;1.0;1.5;0.6;0.5;0.26;
sainsburys-lean-diced-beef-675g;Sainsbury's Lean Diced Beef 675g;£4.70/unit;£6.96/kg;Beef;beef;null;null;null;null;null;null;null;null;
sainsburys-lean-ham--pearshaped-340g;Sainsbury's Lean Ham, Can 340g;£2.20/unit;£0.65/100g;Canned, tinned & packaged foods;cold-meat;91;17.8;0.2;0.2;2.1;0.9;0;2.75;
sainsburys-lean-lamb-leg-steaks-x4-%28approx-350g%29;Sainsbury's Lean Lamb Steaks x4 (approx. 345g);£15.00/kg;£15.00/kg;Great prices on meat & fish;great-prices-on-meat---fish;157;23.8;0.5;0.5;6.6;2.6;0.5;0.25;
sainsburys-lean-lamb-leg-steaks-x4-%28approx-350g%29;Sainsbury's Lean Lamb Steaks x4 (approx. 345g);£15.00/kg;£15.00/kg;Lamb;lamb;157;23.8;0.5;0.5;6.6;2.6;0.5;0.25;
sainsburys-leek---pork-sausages--taste-the-difference-x6-400g;Sainsbury's Pork & Leek Sausages, Taste the Difference x6 400g;£2.50/unit;£6.25/kg;Burgers & BBQ;burgers-bbq;260;18.2;3.8;1.7;18.9;6.8;1.2;1.38;
sainsburys-leek---pork-sausages--taste-the-difference-x6-400g;Sainsbury's Pork & Leek Sausages, Taste the Difference x6 400g;£2.50/unit;£6.25/kg;Organic & Taste the Difference;organic-taste-the-difference;260;18.2;3.8;1.7;18.9;6.8;1.2;1.38;
sainsburys-leek---pork-sausages--taste-the-difference-x6-400g;Sainsbury's Pork & Leek Sausages, Taste the Difference x6 400g;£2.50/unit;£6.25/kg;Sausages;sausages;260;18.2;3.8;1.7;18.9;6.8;1.2;1.38;
sainsburys-leek---potato-soup-400g;Sainsbury's Leek & Potato Soup 400g;£0.55/unit;£0.14/100g;Canned, tinned & packaged foods;soups;46;1.0;6.7;1.8;1.6;0.3;0.5;0.58;
sainsburys-leek---potato-soup-600g-6004826-p-44;Sainsbury's Leek & Potato Soup 600g;£1.40/unit;£0.23/100g;Soup & lunchtime snacks;fresh-soups;45;1.1;5.5;1.3;1.8;1.2;1.2;0.48;
sainsburys-leeks-%28loose%29;Sainsbury's Leeks (loose);£2.00/kg;£2.00/kg;Fresh vegetables;onions-leeks-garlic;27;1.6;2.8;2.1;0.5;0.1;2.2;0.01;
sainsburys-leeks-%28loose%29;Sainsbury's Leeks (loose);£2.00/kg;£2.00/kg;In season;new-in-season;27;1.6;2.8;2.1;0.5;0.1;2.2;0.01;
sainsburys-leeks--extra-trimmed-500g;Sainsbury's Leeks, Trimmed 500g;£1.00/unit;£2.00/kg;Fresh vegetables;onions-leeks-garlic;27;1.6;2.8;2.1;0.5;0.1;2.2;0.01;
sainsburys-leeks--extra-trimmed-500g;Sainsbury's Leeks, Trimmed 500g;£1.00/unit;£2.00/kg;In season;new-in-season;27;1.6;2.8;2.1;0.5;0.1;2.2;0.01;
sainsburys-leeks--so-organic-400g;Sainsbury's Leeks, SO Organic 400g;£2.00/unit;£5.00/kg;Fresh vegetables;onions-leeks-garlic;23;1.6;2.9;2.2;0.5;0.1;2.2;0;
sainsburys-leeks--so-organic-400g;Sainsbury's Leeks, SO Organic 400g;£2.00/unit;£5.00/kg;In season;new-in-season;23;1.6;2.9;2.2;0.5;0.1;2.2;0;
sainsburys-leeks--so-organic-400g;Sainsbury's Leeks, SO Organic 400g;£2.00/unit;£5.00/kg;Organic;organic;23;1.6;2.9;2.2;0.5;0.1;2.2;0;
sainsburys-lemon---coriander-houmous-200g;Sainsbury's Lemon & Coriander Houmous 200g;£1.40/unit;£0.70/100g;Coleslaw, olives, salads & dips;fresh-dips-houmous;319;7.9;8.8;1.4;26.8;2.7;5.3;0.76;
sainsburys-lemon---coriander-houmous-200g;Sainsbury's Lemon & Coriander Houmous 200g;£1.40/unit;£0.70/100g;Vegetarian & meat free;deli-meat-alternatives;319;7.9;8.8;1.4;26.8;2.7;5.3;0.76;
sainsburys-lemon---mascarpone-roulade--taste-the-difference-420g-%28serves-6%29;Sainsbury's Lemon & Mascarpone Roulade, Taste the Difference 420g (serves 6);£4.00/unit;£0.95/100g;Ice cream & desserts;frozen-cold-desserts;322;2.6;55.3;44.2;9.9;6.6;0.6;0.15;
sainsburys-lemon---pepper-crust-breadcrumbs--taste-the-difference-135g;Sainsbury's Lemon & Pepper Crust Breadcrumbs, Taste the Difference 135g;£1.85/unit;£13.70/kg;Cooking ingredients & oils;breaded-batter-coatings;329;12.0;60.2;12.2;3.5;0.7;4.1;1.58;
sainsburys-lemon---pistachio-mini-loaf-cakes-x2;Sainsbury's Lemon & Pistachio Mini Loaf Cakes x2;£1.80/unit;£0.90/ea;Cakes;muffins-small-cakes;403;4.6;57.6;41.2;16.9;2.6;1.1;0.53;
sainsburys-lemon---pistachio-mini-loaf-cakes-x2;Sainsbury's Lemon & Pistachio Mini Loaf Cakes x2;£1.80/unit;£0.90/ea;Cakes;taste-the-difference;403;4.6;57.6;41.2;16.9;2.6;1.1;0.53;
sainsburys-lemon---raisin-pancakes-x8;Sainsbury's Lemon & Raisin Pancakes x8;£0.85/unit;£0.11/ea;Crumpets, breakfast muffins & pancakes;crumpets-breakfast-muffins-pancakes;269;5.7;51.8;28.7;4.1;0.3;1.2;0.93;
sainsburys-lemon---thyme-seasoning-46g;Sainsbury's Lemon & Thyme Seasoning 46g;£1.00/unit;£0.22/10g;Cooking ingredients & oils;herbs-spices-seasoning;276;11.5;42.1;17.3;2.0;0.5;null;7.50;
sainsburys-lemon-cheesecake--taste-the-difference-505g-%28serves-6%29;Sainsbury's Lemon Cheesecake, Taste the Difference 505g (serves 6);£3.00/unit;£0.59/100g;Ice cream & desserts;frozen-cold-desserts;377;3.3;36.3;22.3;24.0;14.4;1.1;0.50;
sainsburys-lemon-cheesecakes-3x100g;Sainsbury's Lemon Cheesecakes 3x100g;£2.00/unit;£0.67/100g;Desserts & cream;desserts;301;3.6;37.3;27.5;15.1;7.4;0.5;0.23;
sainsburys-lemon-chicken-risotto--be-good-to-yourself-400g;Sainsbury's Lemon Chicken Risotto, Be Good To Yourself 400g;£1.20/unit;£3.00/kg;Ready meals & pies;frozen-healthier-meals;108;5.9;17.2;1.8;1.6;0.9;0.7;0.32;
sainsburys-lemon-chicken-risotto--be-good-to-yourself-400g;Sainsbury's Lemon Chicken Risotto, Be Good To Yourself 400g;£1.20/unit;£3.00/kg;Ready meals & pies;frozen-ready-meals;108;5.9;17.2;1.8;1.6;0.9;0.7;0.32;
sainsburys-lemon-cupcakes-x2;Sainsbury's Lemon Cupcakes x2;£1.45/unit;£0.73/ea;Cakes;muffins-small-cakes;483;2.6;59.9;48.7;25.5;8.8;1.7;0.40;
sainsburys-lemon-cupcakes-x6;Sainsbury's Lemon Cupcakes x6;£1.30/unit;£0.22/ea;Cakes;muffins-small-cakes;428;3.0;66.3;54.8;16.6;3.3;0.9;0.37;
sainsburys-lemon-cupcakes-x6;Sainsbury's Lemon Cupcakes x6;£1.30/unit;£0.22/ea;Easter treats;easter-treats;428;3.0;66.3;54.8;16.6;3.3;0.9;0.37;
sainsburys-lemon-curd--basics-411g;Sainsbury's Lemon Curd, Basics 411g;£0.25/unit;£0.06/100g;Jams, honey & spreads;curds;234;0.5;46.0;46.0;5.3;2.4;0.4;0;
sainsburys-lemon-curd--taste-the-difference-325g;Sainsbury's Lemon Curd, Taste the Difference 320g;£1.50/unit;£0.47/100g;Jams, honey & spreads;curds;362;2.7;65.3;57.8;10.0;5.8;0.5;0.25;
sainsburys-lemon-curd-411g;Sainsbury's Lemon Curd 411g;£0.60/unit;£0.15/100g;Jams, honey & spreads;curds;254;0.7;51.3;51.3;4.8;1.8;1.3;0.15;
sainsburys-lemon-curd-cream-buns-2x87g;Sainsbury's Lemon Curd Cream Buns 2x87g;£2.00/unit;£1.15/100g;Desserts & cream;desserts;336;5.5;45.4;24.5;14.4;7.5;1.4;0.22;
sainsburys-lemon-curd-tarts-x6;Sainsbury's Lemon Curd Tarts x6;£0.75/unit;£0.13/ea;Cakes;slices-pies-tarts;424;3.5;65.8;39.9;15.9;6.9;1.7;0.20;
sainsburys-lemon-curd-west-country-yogurt--taste-the-difference-150g;Sainsbury's West Country Lemon Curd Yogurt, Taste the Difference 150g;£0.75/unit;£0.50/100g;Yogurts;luxury-yogurts;175;2.8;20.4;19.1;9.0;5.7;0.5;0.10;
sainsburys-lemon-drizzle-cake--taste-the-difference-%28serves-6%29;Sainsbury's Lemon Drizzle Cake, Taste the Difference 5";£2.65/unit;£0.62/100g;Cakes;sponge-slab-loaf-cakes;379;4.3;58.5;45.4;13.9;3.8;1.4;0.55;
sainsburys-lemon-drizzle-cake--taste-the-difference-%28serves-6%29;Sainsbury's Lemon Drizzle Cake, Taste the Difference 5";£2.65/unit;£0.62/100g;Cakes;taste-the-difference;379;4.3;58.5;45.4;13.9;3.8;1.4;0.55;
sainsburys-lemon-drizzle-cake-mix-470g;Sainsbury's Lemon Drizzle Cake Mix 470g;£1.90/unit;£3.73/kg;Sugar & home baking;cake-sweet-mixes;375;3.2;52.5;35.3;16.6;7.2;1.2;0.38;
sainsburys-lemon-drizzle-victoria-sponge-325g;Sainsbury's Lemon Drizzle Victoria Sponge 325g;£2.49/unit;£0.72/100g;Desserts & cream;desserts;356;4.1;38.8;29.9;20.2;13.0;1.3;0.50;
sainsburys-lemon-fruit-fool-113g;Sainsbury's Fruit Fool Mediterranean Lemon 113g;£0.70/unit;£0.61/100g;Yogurts;luxury-yogurts;191;2.8;19.3;17.9;11.4;7.4;0.5;0.20;
sainsburys-lemon-iced-madeira-cake;Sainsbury's Lemon Iced Madeira Cake;£1.30/unit;£0.43/100g;Cakes;sponge-slab-loaf-cakes;389;3.7;61;37;14;9.1;0.7;0.50;
sainsburys-lemon-juice-250ml;Sainsbury's Lemon Juice 250ml;£0.50/unit;£0.20/100ml;Sugar & home baking;baking-ingredients---colourings;22;0.5;1.0;0.9;0.5;0.1;0.5;0.02;
sainsburys-lemon-loaf-cake-236g;Sainsbury's Lemon Loaf Cake 236g;£1.50/unit;£0.64/100g;Cakes;sponge-slab-loaf-cakes;403;4.2;55.7;33.5;17.7;1.5;1.9;0.42;
sainsburys-lemon-meringue-doughnut-x4;Sainsbury's Lemon Meringue Doughnut x4;£1.00/unit;£0.25/ea;Cakes;doughnuts-cookies;null;null;null;null;null;null;null;null;
sainsburys-lemon-meringue-doughnut-x4;Sainsbury's Lemon Meringue Doughnut x4;£1.00/unit;£0.25/ea;Easter treats;easter-treats;null;null;null;null;null;null;null;null;
sainsburys-lemon-meringue-muffin--taste-the-difference-x2;Sainsbury's Lemon Curd Muffin, Taste the Difference x2;£1.50/unit;£0.75/ea;Cakes;cakes-from-our-bakery-12374-44;null;null;null;null;null;null;null;null;
sainsburys-lemon-meringue-muffin--taste-the-difference-x2;Sainsbury's Lemon Curd Muffin, Taste the Difference x2;£1.50/unit;£0.75/ea;Cakes;muffins-small-cakes;null;null;null;null;null;null;null;null;
sainsburys-lemon-meringue-muffin--taste-the-difference-x2;Sainsbury's Lemon Curd Muffin, Taste the Difference x2;£1.50/unit;£0.75/ea;From our in store bakery;cakes-from-our-bakery;null;null;null;null;null;null;null;null;
sainsburys-lemon-meringue-muffin--taste-the-difference;Sainsbury's Lemon Curd Muffin, Taste the Difference;£1.00/unit;£1.00/ea;Cakes;muffins-small-cakes;null;null;null;null;null;null;null;null;
sainsburys-lemon-meringue-pie-475g-%28serves-6%29;Sainsbury's Lemon Meringue Pie 475g (Serves 6);£2.00/unit;£0.42/100g;Ice cream & desserts;frozen-cold-desserts;284;3.1;48.5;33.6;8.3;4.2;1.3;0.25;
sainsburys-lemon-meringue-pie-500g;Sainsbury's Lemon Meringue Pie 500g;£2.75/unit;£0.55/100g;Desserts & cream;desserts;353;3.8;51.7;33.7;14.3;7.8;1.3;0.21;
sainsburys-lemon-muffins-x4;Sainsbury's Muffins, Lemon x4;£1.50/unit;£0.38/ea;Cakes;muffins-small-cakes;384;5.1;48.8;28.5;18.4;1.6;1.5;0.39;
sainsburys-lemon-parsley---thyme-stuffing-mix-130g;Sainsbury's Lemon Parsley & Thyme Stuffing Mix 130g;£0.75/unit;£5.77/kg;Cooking ingredients & oils;stuffing;119;3.7;23.2;4.5;0.8;0.3;1.9;0.90;
sainsburys-lemon-pesto-190g;Sainsbury's Lemon Pesto 190g;£1.00/unit;£0.53/100g;Cooking sauces & world foods;italian-cooking-sauces;312;2.0;5.9;3.6;30.5;3.9;2.7;1.50;
sainsburys-lemon-shortbread-thins--taste-the-difference-160g;Sainsbury's Lemon Shortbread Thins, Taste the Difference 160g;£1.75/unit;£1.09/100g;Biscuits & crackers;luxury-continental-biscuits;508;5.1;60.7;20.2;26.3;17.5;3.9;0.63;
sainsburys-lemon-slices-x6;Sainsbury's Lemon Slices x6;£1.10/unit;£0.18/ea;Cakes;slices-pies-tarts;438;3.0;55.4;38.2;22.3;4.8;1.7;0.33;
sainsburys-lemon-sole-fillets-%28approx-260g%29;Sainsbury's Lemon Sole Fillets (approx. 260g);£13.00/kg;£13.00/kg;Fish & seafood;filleted-whole-fish;96;20.2;0.0;0.0;1.7;0.2;0.0;0.25;
sainsburys-lemon-sorbet-500ml;Sainsbury's Lemon Sorbet 500ml;£2.50/unit;£0.50/100ml;Ice cream & desserts;frozen-yogurt-sorbet;122;0.5;29.2;26.1;0.5;0.1;0.9;0.08;
sainsburys-lemon-sponge-2x110g;Sainsbury's Lemon Sponge 2x110g;£1.00/unit;£0.46/100g;Desserts & cream;desserts;361;4.0;56.7;38.4;13.0;7.5;0.7;0.66;
sainsburys-lemon-swirl-cheesecake-125g;Sainsbury's Lemon Swirl Cheesecake 125g;£1.10/unit;£0.88/100g;Desserts & cream;desserts;304;3.0;31.1;19.6;18.4;10.2;0.9;0.33;
sainsburys-lemon-tart-385g;Sainsbury's Lemon Tart 385g;£2.75/unit;£0.71/100g;Desserts & cream;desserts;460;4.4;47.0;27.5;28.1;16.2;0.6;0.09;
sainsburys-lemon-tart-480g;Sainsbury's Lemon Tart 480g;£2.00/unit;£0.42/100g;Ice cream & desserts;frozen-cold-desserts;292;3.6;45.4;30.6;10.3;3.6;1.6;0.20;
sainsburys-lemon-yogurt-450g;Sainsbury's Fabulously Creamy Lemon Yogurt 450g;£1.00/unit;£0.22/100g;Yogurts;big-pots-pouring-yogurts;118;3.9;18;17;3.3;2.3;0.5;0.15;
sainsburys-lemonade--taste-the-difference-1l;Sainsbury's Freshly Squeezed Lemonade, Taste the Difference 1L;£2.50/unit;£0.25/100ml;Chilled fruit juice & smoothies;chilled-fruit-juice;42;0.5;9.2;8.4;0.5;0.1;0.5;0.02;
sainsburys-lemonade-juice-drink-1l;Sainsbury's Lemonade Juice Drink 1L;£1.40/unit;£0.14/100ml;Chilled fruit juice & smoothies;chilled-fruit-juice;47;0.5;11.7;10.4;0.5;0.1;0.5;0.01;
sainsburys-lemongrass-95g;Sainsbury's Lemongrass Paste 95g;£1.40/unit;£0.16/10g;Cooking ingredients & oils;herbs-spices-seasoning;34;0.3;5.3;1.2;0.2;0;5.1;0;
sainsburys-lemongrass-paste-75g;Sainsbury's Lemongrass Paste 75g;£1.60/unit;£2.00/100g;Cooking ingredients & oils;cooking-pastes;109;0.7;4.2;1.8;8.6;0.6;6.1;0.43;
sainsburys-lemongrass-paste-75g;Sainsbury's Lemongrass Paste 75g;£1.60/unit;£2.00/100g;Fresh herbs & ingredients;asian-ingredients;109;0.7;4.2;1.8;8.6;0.6;6.1;0.43;
sainsburys-lemons-%28each%29;Sainsbury's Lemons (each);£0.30/unit;£0.30/ea;Fresh fruit;citrus-fruit;20;1.0;3.2;3.2;0.5;0.1;0.5;0.01;
sainsburys-lemons-%28each%29;Sainsbury's Lemons (each);£0.30/unit;£0.30/ea;In season;new-in-season;20;1.0;3.2;3.2;0.5;0.1;0.5;0.01;
sainsburys-lemons---limes-x6;Sainsbury's Lemons & Limes x6;£1.50/unit;£0.25/ea;Fresh fruit;citrus-fruit;20;1.0;3.2;0.5;0.5;0.1;0.5;0.01;
sainsburys-lemons--basics-x4;Sainsbury's Lemons, Basics x5;£1.10/unit;£0.22/ea;Fresh fruit;citrus-fruit;20;1.0;3.2;3.2;0.5;0.1;0.5;0.01;
sainsburys-lentil-dahl-soup-600g;Sainsbury's Lentil Dahl Soup 600g;£1.40/unit;£0.23/100g;Soup & lunchtime snacks;fresh-soups;84;4.4;9.8;0.9;2.7;1.8;1.4;0.40;
sainsburys-lentilles-vertes-bag-500g;Sainsbury's Lentilles Vertes Bag 500g;£1.10/unit;£2.20/kg;Canned, tinned & packaged foods;pulses-beans;117;8.8;16.9;0.4;0.7;0.2;3.8;0;
sainsburys-lettuce--round;Sainsbury's Lettuce, Round;£0.60/unit;£0.60/ea;Fresh salad;lettuce;null;null;null;null;null;null;null;null;
sainsburys-light-black-pepper-soft-cheese-250g;Sainsbury's Light Black Pepper Soft Cheese 250g;£1.20/unit;£4.80/kg;Cheese;cottage-cheese---healthier-choice;159;10.9;3.3;2.9;11.3;7.2;0.5;0.55;
sainsburys-light-black-pepper-soft-cheese-250g;Sainsbury's Light Black Pepper Soft Cheese 250g;£1.20/unit;£4.80/kg;Cheese;snacking-lunchbox-cheese;159;10.9;3.3;2.9;11.3;7.2;0.5;0.55;
sainsburys-light-black-pepper-soft-cheese-250g;Sainsbury's Light Black Pepper Soft Cheese 250g;£1.20/unit;£4.80/kg;Cheese;soft---spreadable;159;10.9;3.3;2.9;11.3;7.2;0.5;0.55;
sainsburys-light-caesar-salad-dressing--be-good-to-yourself-260g;Sainsbury's Caesar Salad Dressing, Be Good To Yourself 260g;£1.00/unit;£0.40/100ml;Table sauces, dressings & condiments;salad-dressings;64;1.0;8.4;3.5;2.9;0.4;0.5;1.25;
sainsburys-light-chilli-cooking-sauce-500g;Sainsbury's Chilli Cooking Sauce, Light 500g;£1.20/unit;£0.24/100g;Cooking sauces & world foods;mexican-cooking-sauces;70;2.6;12.4;6.0;0.7;0.1;2.0;0.56;
sainsburys-light-cypriot-halloumi-225g;Sainsbury's Light Cypriot Halloumi 225g;£2.35/unit;£10.44/kg;Cheese;healthier-choice-special-diet-cheese;244;24.0;1.0;1.0;16.0;9.8;0.5;3.00;
sainsburys-light-evaporated-milk-410g;Sainsbury's Light Evaporated Milk 410g;£0.65/unit;£0.16/100g;Fruit & desserts;dessert-milk-cream;108;7.0;11.0;11.0;4.0;2.6;0.0;null;
sainsburys-light-garlic---herb-soft-cheese-250g;Sainsbury's Light Garlic & Herb Soft Cheese 250g;£1.20/unit;£4.80/kg;Cheese;cottage-cheese---healthier-choice;162;10.2;5.6;3.1;11.0;7.0;0.5;0.55;
sainsburys-light-garlic---herb-soft-cheese-250g;Sainsbury's Light Garlic & Herb Soft Cheese 250g;£1.20/unit;£4.80/kg;Cheese;snacking-lunchbox-cheese;162;10.2;5.6;3.1;11.0;7.0;0.5;0.55;
sainsburys-light-garlic---herb-soft-cheese-250g;Sainsbury's Light Garlic & Herb Soft Cheese 250g;£1.20/unit;£4.80/kg;Cheese;soft---spreadable;162;10.2;5.6;3.1;11.0;7.0;0.5;0.55;
sainsburys-light-in-colour-olive-oil-2l;Sainsbury's Light In Colour Olive Oil 2L;£6.00/unit;£0.30/100ml;Cooking ingredients & oils;oils;823;0.5;0.5;0.5;91.5;13.1;0.5;0.01;
sainsburys-light-korma-sauce-500g;Sainsbury's Korma Light Sauce 500g;£1.29/unit;£0.26/100g;Cooking sauces & world foods;indian-cooking-sauces;88;0.7;9.4;4.4;5.1;3.5;1.0;0.47;
sainsburys-light-soft-cheese-250g;Sainsbury's Light Soft Cheese 250g;£1.20/unit;£4.80/kg;Cheese;cottage-cheese---healthier-choice;156;11.0;2.9;2.9;11.2;7.2;0.5;0.55;
sainsburys-light-soft-cheese-250g;Sainsbury's Light Soft Cheese 250g;£1.20/unit;£4.80/kg;Cheese;snacking-lunchbox-cheese;156;11.0;2.9;2.9;11.2;7.2;0.5;0.55;
sainsburys-light-soft-cheese-250g;Sainsbury's Light Soft Cheese 250g;£1.20/unit;£4.80/kg;Cheese;soft---spreadable;156;11.0;2.9;2.9;11.2;7.2;0.5;0.55;
sainsburys-light-soy-sauce-150ml;Sainsbury's Light Soy Sauce 150ml;£0.95/unit;£0.63/100ml;Cooking sauces & world foods;chinese-cooking-sauces;69;1.6;15.4;15.4;0.0;0.0;0.3;11.48;
sainsburys-light-soy-sauce-150ml;Sainsbury's Light Soy Sauce 150ml;£0.95/unit;£0.63/100ml;Table sauces, dressings & condiments;worcester-soy-sauce;69;1.6;15.4;15.4;0.0;0.0;0.3;11.48;
sainsburys-light-sweet---sour-sauce-500g;Sainsbury's Sweet & Sour Sauce Light 500g;£1.29/unit;£0.26/100g;Cooking sauces & world foods;chinese-cooking-sauces;81;0.5;18.3;13.8;0.5;0.1;0.9;0.63;
sainsburys-light-tikka-masala-cooking-sauce--be-good-to-yourself-500g;Sainsbury's Tikka Masala Light Sauce, Be Good To Yourself 500g;£1.29/unit;£0.26/100g;Cooking sauces & world foods;indian-cooking-sauces;76;1.4;9.3;6.0;3.3;1.7;1.6;0.61;
sainsburys-light-tomato---herb-pasta-sauce-500g;Sainsbury's Pasta Sauce, Tomato & Herb, Light 500g;£0.95/unit;£0.19/100g;Cooking sauces & world foods;italian-cooking-sauces;28;1.1;4.4;4.2;0.3;0.1;1.5;0.59;
sainsburys-lighter-chocolate-mousse-6x625g;Sainsbury's Mousse Lighter Chocolate 6x62.5g;£0.90/unit;£0.24/100g;Yogurts;diet-low-fat-yogurts;115;5.8;16.8;15.4;2.6;1.4;1.0;0.13;
sainsburys-lighter-chocolate-mousse-6x625g;Sainsbury's Mousse Lighter Chocolate 6x62.5g;£0.90/unit;£0.24/100g;Yogurts;rice-dessert-style-yogurts;115;5.8;16.8;15.4;2.6;1.4;1.0;0.13;
sainsburys-lighter-extra-mature-cheddar-270g;Sainsbury's Lighter Extra Mature Cheddar 270g;£2.15/unit;£7.96/kg;Cheese;cheddar-british-regional-cheese;321;27.8;2.3;0.5;22.3;14.6;0.5;1.98;
sainsburys-lighter-extra-mature-cheddar-270g;Sainsbury's Lighter Extra Mature Cheddar 270g;£2.15/unit;£7.96/kg;Cheese;cottage-cheese---healthier-choice;321;27.8;2.3;0.5;22.3;14.6;0.5;1.98;
sainsburys-lighter-granola-raisin---almond-1kg;Sainsbury's Lighter Granola Raisin & Almond 1kg;£2.00/unit;£0.20/100g;Breakfast cereals;healthier-cereals;402;8.5;70.3;26.2;8.4;2.7;5.2;0;
sainsburys-lighter-granola-raisin---almond-1kg;Sainsbury's Lighter Granola Raisin & Almond 1kg;£2.00/unit;£0.20/100g;Breakfast cereals;muesli-granola-clusters;402;8.5;70.3;26.2;8.4;2.7;5.2;0;
sainsburys-lighter-granola-raisin--apple---apricot-1kg;Sainsbury's Lighter Granola Raisin, Apple & Apricot 1kg;£2.00/unit;£0.20/100g;Breakfast cereals;healthier-cereals;387;7.5;70.3;30.2;7.3;2.5;5.1;0;
sainsburys-lighter-granola-raisin--apple---apricot-1kg;Sainsbury's Lighter Granola Raisin, Apple & Apricot 1kg;£2.00/unit;£0.20/100g;Breakfast cereals;muesli-granola-clusters;387;7.5;70.3;30.2;7.3;2.5;5.1;0;
sainsburys-lighter-mascarpone-250g;Sainsbury's Lighter Mascarpone 250g;£1.60/unit;£6.40/kg;Butter, spreads & baking;cooking-and-baking1;265;10.6;6.9;6.1;21.7;11.7;0.5;0.07;
sainsburys-lighter-mascarpone-250g;Sainsbury's Lighter Mascarpone 250g;£1.60/unit;£6.40/kg;Sugar & home baking;fats-spreads;265;10.6;6.9;6.1;21.7;11.7;0.5;0.07;
sainsburys-lighter-mature-cheddar-270g;Sainsbury's Lighter Mature Cheddar 270g;£2.15/unit;£7.96/kg;Cheese;cheddar-british-regional-cheese;324;27.7;3.0;0.5;22.3;14.6;0.5;1.58;
sainsburys-lighter-mature-cheddar-270g;Sainsbury's Lighter Mature Cheddar 270g;£2.15/unit;£7.96/kg;Cheese;cottage-cheese---healthier-choice;324;27.7;3.0;0.5;22.3;14.6;0.5;1.58;
sainsburys-lighter-mature-cheddar-400g;Sainsbury's Lighter Mature Cheddar 400g;£3.00/unit;£7.50/kg;Cheese;cheddar-british-regional-cheese;325;28.3;2.1;0.1;22.6;14.4;0.0;1.70;
sainsburys-lighter-mature-cheddar-400g;Sainsbury's Lighter Mature Cheddar 400g;£3.00/unit;£7.50/kg;Cheese;cottage-cheese---healthier-choice;325;28.3;2.1;0.1;22.6;14.4;0.0;1.70;
sainsburys-lighter-mature-cheese-slices-240g;Sainsbury's Lighter Mature Cheese Slices 240g;£2.00/unit;£8.33/kg;Cheese;cheddar-british-regional-cheese;321;27.8;2.3;0.5;22.3;14.6;0.5;1.98;
sainsburys-lighter-mature-cheese-slices-240g;Sainsbury's Lighter Mature Cheese Slices 240g;£2.00/unit;£8.33/kg;Cheese;cottage-cheese---healthier-choice;321;27.8;2.3;0.5;22.3;14.6;0.5;1.98;
sainsburys-lighter-mature-cheese-slices-240g;Sainsbury's Lighter Mature Cheese Slices 240g;£2.00/unit;£8.33/kg;Cheese;sliced-grated-cheese;321;27.8;2.3;0.5;22.3;14.6;0.5;1.98;
sainsburys-lighter-mature-grated-250g;Sainsbury's Lighter Mature Grated 250g;£2.00/unit;£8.00/kg;Cheese;cheddar-british-regional-cheese;321;27.2;3.8;0.5;21.9;14.3;0.5;1.93;
sainsburys-lighter-mature-grated-250g;Sainsbury's Lighter Mature Grated 250g;£2.00/unit;£8.00/kg;Cheese;cottage-cheese---healthier-choice;321;27.2;3.8;0.5;21.9;14.3;0.5;1.93;
sainsburys-lighter-mature-grated-250g;Sainsbury's Lighter Mature Grated 250g;£2.00/unit;£8.00/kg;Cheese;sliced-grated-cheese;321;27.2;3.8;0.5;21.9;14.3;0.5;1.93;
sainsburys-lighter-medium-cheddar-400g;Sainsbury's Lighter Medium Cheddar 400g;£3.00/unit;£7.50/kg;Cheese;cheddar-british-regional-cheese;321;27.8;2.3;0.5;22.3;14.6;0.5;1.98;
sainsburys-lighter-medium-cheddar-400g;Sainsbury's Lighter Medium Cheddar 400g;£3.00/unit;£7.50/kg;Cheese;cottage-cheese---healthier-choice;321;27.8;2.3;0.5;22.3;14.6;0.5;1.98;
sainsburys-lighter-mild-cheddar-400g;Sainsbury's Lighter Mild Cheddar 400g;£3.00/unit;£7.50/kg;Cheese;cheddar-british-regional-cheese;321;27.8;2.3;0.5;22.3;14.6;0.5;1.98;
sainsburys-lighter-mild-cheddar-400g;Sainsbury's Lighter Mild Cheddar 400g;£3.00/unit;£7.50/kg;Cheese;cottage-cheese---healthier-choice;321;27.8;2.3;0.5;22.3;14.6;0.5;1.98;
sainsburys-lightly-dusted-basa-fillets-x2-265g;Sainsbury's Lightly Dusted Basa Fillets x2 265g;£2.50/unit;£9.43/kg;Fish & seafood;frozen-fish-seafood;194;14.9;10.9;0.5;9.9;1.4;0.8;0.82;
sainsburys-lightly-dusted-cod-fillets-x2-265g;Sainsbury's Lightly Dusted Cod Fillets x2 265g;£3.00/unit;£11.32/kg;Fish & seafood;fishcakes-breaded-fish;229;14.8;18.8;0.5;10.4;0.8;0.5;0.67;
sainsburys-lightly-dusted-haddock-x2-265g;Sainsbury's Lightly Dusted Haddock x2 265g;£3.00/unit;£11.32/kg;Breaded & coated;breaded-coated-fish-seafood;192;16.8;9.7;0.5;9.3;0.7;1.2;0.80;
sainsburys-lightly-dusted-haddock-x2-265g;Sainsbury's Lightly Dusted Haddock x2 265g;£3.00/unit;£11.32/kg;Fish & seafood;fishcakes-breaded-fish;192;16.8;9.7;0.5;9.3;0.7;1.2;0.80;
sainsburys-lightly-dusted-haddock-x2-265g;Sainsbury's Lightly Dusted Haddock x2 265g;£3.00/unit;£11.32/kg;Just Cook, prepared & sauces;fuss-free-fish-135654-44;192;16.8;9.7;0.5;9.3;0.7;1.2;0.80;
sainsburys-lightly-dusted-lemon-sole-x2-265g;Sainsbury's Lightly Dusted Lemon Sole x2 265g;£3.75/unit;£14.15/kg;Breaded & coated;breaded-coated-fish-seafood;192;16.5;14.3;0.5;7.4;0.8;1.2;0.75;
sainsburys-lightly-dusted-lemon-sole-x2-265g;Sainsbury's Lightly Dusted Lemon Sole x2 265g;£3.75/unit;£14.15/kg;Fish & seafood;fishcakes-breaded-fish;192;16.5;14.3;0.5;7.4;0.8;1.2;0.75;
sainsburys-lightly-dusted-lemon-sole-x2-265g;Sainsbury's Lightly Dusted Lemon Sole x2 265g;£3.75/unit;£14.15/kg;Great prices on meat & fish;great-prices-on-meat---fish;192;16.5;14.3;0.5;7.4;0.8;1.2;0.75;
sainsburys-lightly-dusted-lemon-sole-x2-265g;Sainsbury's Lightly Dusted Lemon Sole x2 265g;£3.75/unit;£14.15/kg;Just Cook, prepared & sauces;fuss-free-fish-135654-44;192;16.5;14.3;0.5;7.4;0.8;1.2;0.75;
sainsburys-lightly-dusted-mini-chicken-fillets-305g;Sainsbury's Lightly Dusted Mini Chicken Fillets 305g;£3.00/unit;£9.84/kg;Breaded & coated;breaded-coated-chicken-turkey-pork;189;21.5;7.4;0.7;7.9;0.7;1.0;0.53;
sainsburys-lightly-dusted-mini-chicken-fillets-305g;Sainsbury's Lightly Dusted Mini Chicken Fillets 305g;£3.00/unit;£9.84/kg;Chicken;chicken;189;21.5;7.4;0.7;7.9;0.7;1.0;0.53;
sainsburys-lightly-dusted-river-cobbler-260g;Sainsbury's Lightly Dusted Basa Fillet 260g;£2.50/unit;£8.06/kg;Breaded & coated;breaded-coated-fish-seafood;170;14.7;10.8;0.6;7.3;1.2;1.0;0.91;
sainsburys-lightly-dusted-river-cobbler-260g;Sainsbury's Lightly Dusted Basa Fillet 260g;£2.50/unit;£8.06/kg;Cooked meats, pate & sandwich fillers;cooked-fish-seafood;170;14.7;10.8;0.6;7.3;1.2;1.0;0.91;
sainsburys-lightly-dusted-river-cobbler-260g;Sainsbury's Lightly Dusted Basa Fillet 260g;£2.50/unit;£8.06/kg;Fish & seafood;fishcakes-breaded-fish;170;14.7;10.8;0.6;7.3;1.2;1.0;0.91;
sainsburys-lightly-dusted-yellowfin-sole-fillets-x2-265g;Sainsbury's Lightly Dusted Yellowfin Sole Fillets x2 265g;£2.50/unit;£9.43/kg;Fish & seafood;frozen-fish-seafood;200;12.8;14.6;1.5;9.7;0.7;1.5;0.69;
sainsburys-lightly-fruited-cake;Sainsbury's Lightly Fruited Cake;£2.00/unit;£0.66/100g;Cakes;sponge-slab-loaf-cakes;386;4.8;57;38;15;7.1;2.1;0.43;
sainsburys-lightly-roasted-garlic-90g;Sainsbury's Roasted Garlic Paste 90g;£1.20/unit;£1.20/100g;Cooking ingredients & oils;herbs-spices-seasoning;207;8.3;38.8;33.2;0.3;0.1;8.1;0.11;
sainsburys-lightly-spiced-chips-900g;Sainsbury's Lightly Spiced Chips 900g;£1.00/unit;£1.11/kg;Chips & potatoes;chips-potatoes;240;4.1;38.7;0.6;6.4;0.6;5.6;0.75;
sainsburys-lightly-spiced-wedges-900g;Sainsbury's Lightly Spiced Wedges 900g;£1.00/unit;£1.11/kg;Chips & potatoes;chips-potatoes;138;2.7;22.4;0.5;3.2;0.3;4.5;0.37;
sainsburys-lime---coconut-curry-cooking-sauce-500g;Sainsbury's Lime & Coconut Curry Cooking Sauce 500g;£1.35/unit;£0.27/100g;Cooking sauces & world foods;thai-cooking-sauces;133;1.0;10.6;5.2;9.2;4.9;2.1;0.75;
sainsburys-lime---coriander-rice-250g;Sainsbury's Lime & Coriander Rice 250g;£0.50/unit;£2.00/kg;Rice, pasta & noodles;rice-12592-44;177;4.2;32.7;1.0;3.0;1.0;1.1;0.33;
sainsburys-lime-curd-411g;Sainsbury's Lime Curd 411g;£0.60/unit;£0.15/100g;Jams, honey & spreads;curds;296;0.9;62.4;52.8;4.6;1.7;0.7;0.25;
sainsburys-lime-infused-mango--taste-the-difference-100g;Sainsbury's Lime Infused Mango, Taste The Difference 100g;£2.50/unit;£2.50/100g;Sugar & home baking;dried-fruit---peel;312;1.9;72.5;52.4;1.0;0.4;2.5;0.41;
sainsburys-lime-juice-250ml;Sainsbury's Lime Juice 250ml;£0.80/unit;£0.32/100ml;Sugar & home baking;baking-ingredients---colourings;22;0.5;1.0;0.9;0.5;0.1;0.5;0.02;
sainsburys-lime-pickle-300g;Sainsbury's Lime Pickle 300g;£1.25/unit;£0.42/100g;Cooking sauces & world foods;indian-cooking-sauces;181;2.4;4.5;0.5;16.1;4.3;4.3;6.41;
sainsburys-limes-%28each%29;Sainsbury's Limes (each);£0.33/unit;£0.33/ea;Fresh fruit;citrus-fruit;9;0.7;0.8;0.8;0.5;0.1;0.5;0.01;
sainsburys-limes-pack-x5;Sainsbury's Limes x5;£1.50/unit;£0.30/ea;Fresh fruit;citrus-fruit;9;0.7;0.8;0.8;0.5;0.1;0.5;0.01;
sainsburys-limited-edition-soup-600g;Sainsbury's Ltd Edition Soup (Flavour may vary) 600g;£1.40/unit;£0.23/100g;Soup & lunchtime snacks;fresh-soups;61;1.9;6.9;1.4;2.8;1.7;null;0.43;
sainsburys-limoncello-desserts-2x95g;Sainsbury's Limoncello Desserts 2x95g;£1.50/unit;£0.79/100g;Desserts & cream;desserts;256;3.6;37.5;23.8;9.0;6.7;1.2;0.15;
sainsburys-lincolnshire-pork-sausages--taste-the-difference-x6-400g;Sainsbury's Lincolnshire Pork Sausages, Taste the Difference x6 400g;£2.50/unit;£6.25/kg;Burgers & BBQ;burgers-bbq;242;18.9;2.6;0.5;17.2;6.2;0.9;1.45;
sainsburys-lincolnshire-pork-sausages--taste-the-difference-x6-400g;Sainsbury's Lincolnshire Pork Sausages, Taste the Difference x6 400g;£2.50/unit;£6.25/kg;Organic & Taste the Difference;organic-taste-the-difference;242;18.9;2.6;0.5;17.2;6.2;0.9;1.45;
sainsburys-lincolnshire-pork-sausages--taste-the-difference-x6-400g;Sainsbury's Lincolnshire Pork Sausages, Taste the Difference x6 400g;£2.50/unit;£6.25/kg;Sausages;sausages;242;18.9;2.6;0.5;17.2;6.2;0.9;1.45;
sainsburys-line-caught-cod-loins-%28approx%29;Sainsbury's Cod Loins, Line Caught (approx. 300g);£9.50/kg;£9.50/kg;Fish & seafood;filleted-whole-fish;100;22.8;0.5;0.5;1.0;0.3;0.5;0.16;
sainsburys-linguine--taste-the-difference-500g;Sainsbury's Linguine, Taste the Difference 500g;£1.25/unit;£2.50/kg;Rice, pasta & noodles;pasta;172;6.3;34.0;0.7;0.9;0.2;1.6;0.01;
sainsburys-linguine-500g;Sainsbury's Linguine 500g;£0.85/unit;£1.70/kg;Rice, pasta & noodles;pasta;160;4.4;33.6;0.6;0.6;0.1;1.4;0.01;
sainsburys-lion-cake-1kg;Sainsbury's Lion Cake 1kg;£9.00/unit;£9.00/kg;Celebration cakes;celebration-cakes;498;3.2;48;46;32;14;1.5;0.23;
sainsburys-liquorice-allsorts-250g;Sainsbury's Liquorice Allsorts 250g;£0.95/unit;£0.38/100g;Confectionery;sweets;380;3.0;82.0;65.4;4.1;3.4;1.7;0.12;
sainsburys-little-gem-hearts-lettuce-x4;Sainsbury's Little Gem Lettuce Hearts x4;£1.50/unit;£1.50/ea;Fresh salad;lettuce;14;1.2;1.3;1.3;0.5;0.1;1.3;0.02;
sainsburys-little-gem-lettuce--so-organic;Sainsbury's Little Gem Lettuce, SO Organic x2;£1.50/unit;£0.75/ea;Fresh salad;lettuce;14;1.2;1.3;1.3;0.5;0.1;1.3;0.02;
sainsburys-little-gem-lettuce--so-organic;Sainsbury's Little Gem Lettuce, SO Organic x2;£1.50/unit;£0.75/ea;Organic;organic;14;1.2;1.3;1.3;0.5;0.1;1.3;0.02;
sainsburys-little-gem-lettuce-x2;Sainsbury's Little Gem Lettuce x2;£0.80/unit;£0.80/ea;Fresh salad;lettuce;15;0.8;1.7;1.7;0.5;0.1;0.9;0;
sainsburys-liver---bacon-dinner-400g;Sainsbury's Liver & Bacon Dinner 400g;£1.75/unit;£4.38/kg;Ready meals & pies;frozen-ready-meals;115;8.1;9.7;2.3;4.4;2.0;2.1;0.60;
sainsburys-liver---mash--basics-300g;Sainsbury's Liver & Mash, Basics 300g;£0.80/unit;£2.67/kg;Ready meals;british-ready-meals;83;5.3;9.0;1.8;2.5;1.2;1.7;0.45;
sainsburys-liver---mash--basics-300g;Sainsbury's Liver & Mash, Basics 300g;£0.80/unit;£2.67/kg;Ready meals;meals-for-1-ready-meals;83;5.3;9.0;1.8;2.5;1.2;1.7;0.45;
sainsburys-living-basil-pot;Sainsbury's Fresh Living Large Basil Pot;£1.50/unit;£1.50/ea;Fresh herbs & ingredients;asian-ingredients;33;2.5;4.3;0.3;0.6;null;null;null;
sainsburys-living-basil-pot;Sainsbury's Fresh Living Large Basil Pot;£1.50/unit;£1.50/ea;Fresh herbs & ingredients;fresh-pot-herbs;33;2.5;4.3;0.3;0.6;null;null;null;
sainsburys-living-basil-pot;Sainsbury's Fresh Living Large Basil Pot;£1.50/unit;£1.50/ea;Fresh herbs & ingredients;mediterranean-ingredients;33;2.5;4.3;0.3;0.6;null;null;null;
sainsburys-living-basil-pot;Sainsbury's Fresh Living Large Basil Pot;£1.50/unit;£1.50/ea;Fresh vegetables;chillies-herbs-ingredients;33;2.5;4.3;0.3;0.6;null;null;null;
sainsburys-living-coriander-large-pot;Sainsbury's Fresh Living Coriander Large Pot;£1.50/unit;£1.50/ea;Fresh herbs & ingredients;asian-ingredients;33;2.1;3.7;null;0.5;null;null;null;
sainsburys-living-coriander-large-pot;Sainsbury's Fresh Living Coriander Large Pot;£1.50/unit;£1.50/ea;Fresh herbs & ingredients;fresh-pot-herbs;33;2.1;3.7;null;0.5;null;null;null;
sainsburys-living-coriander-large-pot;Sainsbury's Fresh Living Coriander Large Pot;£1.50/unit;£1.50/ea;Fresh herbs & ingredients;indian-ingredients;33;2.1;3.7;null;0.5;null;null;null;
sainsburys-living-coriander-large-pot;Sainsbury's Fresh Living Coriander Large Pot;£1.50/unit;£1.50/ea;Fresh herbs & ingredients;mediterranean-ingredients;33;2.1;3.7;null;0.5;null;null;null;
sainsburys-living-coriander-large-pot;Sainsbury's Fresh Living Coriander Large Pot;£1.50/unit;£1.50/ea;Fresh vegetables;chillies-herbs-ingredients;33;2.1;3.7;null;0.5;null;null;null;
sainsburys-living-rosemary;Sainsbury's Fresh Living Rosemary;£1.50/unit;£1.50/ea;Fresh herbs & ingredients;fresh-pot-herbs;201;3.3;20.7;null;5.9;null;null;null;
sainsburys-living-rosemary;Sainsbury's Fresh Living Rosemary;£1.50/unit;£1.50/ea;Fresh herbs & ingredients;mediterranean-ingredients;201;3.3;20.7;null;5.9;null;null;null;
sainsburys-living-rosemary;Sainsbury's Fresh Living Rosemary;£1.50/unit;£1.50/ea;Fresh vegetables;chillies-herbs-ingredients;201;3.3;20.7;null;5.9;null;null;null;
sainsburys-living-salads;Sainsbury's Living Salads;£1.00/unit;£1.00/ea;Fresh salad;lettuce;14;1.2;1.3;1.3;0.5;0.1;1.3;0.02;
sainsburys-loch-trout-fillets-220g;Sainsbury's Loch Trout Fillets 220g;£3.30/unit;£15.00/kg;Fish & seafood;filleted-whole-fish;206;24.2;0.5;0.5;12.0;2.1;0.5;0.15;
sainsburys-loch-trout-fillets-220g;Sainsbury's Loch Trout Fillets 220g;£3.30/unit;£15.00/kg;Great prices on meat & fish;great-prices-on-meat---fish;206;24.2;0.5;0.5;12.0;2.1;0.5;0.15;
sainsburys-lollies--basics-280ml;Sainsbury's Lollies, Basics 280ml;£0.65/unit;£0.23/100ml;Ice cream & desserts;lollies-bars-cones;60;0.8;13.6;11.2;0.5;0.1;0.5;0.05;
sainsburys-long-grain-rice--basics-1kg;Sainsbury's White Rice, Basics 1kg;£0.45/unit;£0.45/kg;Rice, pasta & noodles;rice-12592-44;119;2.6;25.8;0.5;0.5;0.1;1.2;0.01;
sainsburys-long-grain-rice-1kg-7690829-p-44;Sainsbury's Long Grain Rice 1kg;£1.50/unit;£1.50/kg;Rice, pasta & noodles;rice-12592-44;117;2.6;25.4;0.5;0.5;0.1;1.3;0.01;
sainsburys-long-grain-rice-2kg-7690838-p-44;Sainsbury's Long Grain Rice 2kg;£2.50/unit;£1.25/kg;Rice, pasta & noodles;rice-12592-44;117;2.6;25.4;0.5;0.5;0.1;1.3;0.01;
sainsburys-long-life-soya-milk--unsweetened-1l;Sainsbury's Soya Milk Alternative to Dairy Unsweetened 1L;£0.85/unit;£0.85/ltr;Fresh milk & eggs;soya---dietary-needs;33;3.4;0.5;0.5;1.9;0.3;0.6;0.09;
sainsburys-long-life-sweetened-soya-milk--alternative-to-dairy-milk-1l;Sainsbury's Soya Milk Alternative to Dairy 1L;£0.85/unit;£0.85/ltr;Fresh milk & eggs;soya---dietary-needs;42;3.4;2.6;2.4;1.9;0.3;0.6;0.22;
sainsburys-long-life-sweetened-soya-milk-alternative--basics-1l;Sainsbury's Soya Milk Alternative to Dairy Sweetened, Basics 1L;£0.65/unit;£0.65/ltr;Fresh milk & eggs;soya---dietary-needs;39;2.9;2.7;2.7;1.7;0.3;0.5;0.22;
sainsburys-long-life-uht-unsweetened-soya-milk--basics-1l;Sainsbury's Soya Milk Alternative to Dairy, Basics 1L;£0.65/unit;£0.65/ltr;Fresh milk & eggs;soya---dietary-needs;30;2.8;0.7;0.5;1.7;0.3;0.5;0.14;
sainsburys-loose-fairtrade-bananas;Sainsbury's Loose Fairtrade Bananas;£0.68/kg;£0.68/kg;Fairtrade;fruit-veg-fairtrade;103;1.2;23;21;0.5;0.1;1.1;0.5;
sainsburys-loose-fairtrade-bananas;Sainsbury's Loose Fairtrade Bananas;£0.68/kg;£0.68/kg;Fresh fruit;bananas-grapes;103;1.2;23;21;0.5;0.1;1.1;0.5;
sainsburys-love-soya--alternative-to-dairy-milk-1l;Sainsbury's Fresh Sweetened Soya Milk Alternative 1L;£1.15/unit;£1.15/ltr;Fresh milk & eggs;soya---dietary-needs;43;3.3;2.7;2.6;1.9;0.3;0.5;0.13;
sainsburys-love-vegetable-2-mushroom---spinach-meat-free-burger-180g;Sainsbury's Love Vegetable Mushroom & Spinach Meat Free Burger x2 180g;£2.30/unit;£12.78/kg;Ready meals;healthier-choice-ready-meals;254;5.2;22.7;2.0;14.6;1.4;5.6;0.63;
sainsburys-love-vegetable-2-mushroom---spinach-meat-free-burger-180g;Sainsbury's Love Vegetable Mushroom & Spinach Meat Free Burger x2 180g;£2.30/unit;£12.78/kg;Ready meals;potato-vegetable-side-dishes;254;5.2;22.7;2.0;14.6;1.4;5.6;0.63;
sainsburys-love-vegetable-2-mushroom---spinach-meat-free-burger-180g;Sainsbury's Love Vegetable Mushroom & Spinach Meat Free Burger x2 180g;£2.30/unit;£12.78/kg;Ready meals;vegetarian-ready-meals;254;5.2;22.7;2.0;14.6;1.4;5.6;0.63;
sainsburys-love-vegetable-borlotti-bean-bites-240g;Sainsbury's Vegetarian Melting Middle Borlotti Bean Bites x8 240g;£2.30/unit;£9.58/kg;Coleslaw, olives, salads & dips;olives-tapas-antipasti;238;7.6;22.1;2.3;12.0;2.9;5.5;1.50;
sainsburys-love-vegetable-borlotti-bean-bites-240g;Sainsbury's Vegetarian Melting Middle Borlotti Bean Bites x8 240g;£2.30/unit;£9.58/kg;Ready meals;healthier-choice-ready-meals;238;7.6;22.1;2.3;12.0;2.9;5.5;1.50;
sainsburys-love-vegetable-borlotti-bean-bites-240g;Sainsbury's Vegetarian Melting Middle Borlotti Bean Bites x8 240g;£2.30/unit;£9.58/kg;Ready meals;mediterranean-other-cuisine-ready-meals;238;7.6;22.1;2.3;12.0;2.9;5.5;1.50;
sainsburys-love-vegetable-borlotti-bean-bites-240g;Sainsbury's Vegetarian Melting Middle Borlotti Bean Bites x8 240g;£2.30/unit;£9.58/kg;Ready meals;potato-vegetable-side-dishes;238;7.6;22.1;2.3;12.0;2.9;5.5;1.50;
sainsburys-love-vegetable-borlotti-bean-bites-240g;Sainsbury's Vegetarian Melting Middle Borlotti Bean Bites x8 240g;£2.30/unit;£9.58/kg;Ready meals;vegetarian-ready-meals;238;7.6;22.1;2.3;12.0;2.9;5.5;1.50;
sainsburys-love-vegetable-borlotti-bean-bites-240g;Sainsbury's Vegetarian Melting Middle Borlotti Bean Bites x8 240g;£2.30/unit;£9.58/kg;Vegetarian & meat free;deli-meat-alternatives;238;7.6;22.1;2.3;12.0;2.9;5.5;1.50;
sainsburys-love-vegetable-bubble---squeak-meat-free-sausages-x4;Sainsbury's Love Vegetable Bubble & Squeak Meat Free Sausages x4;£2.30/unit;£10.45/kg;Ready meals;healthier-choice-ready-meals;313;8.4;20.2;1.5;21.2;4.4;4.2;0.68;
sainsburys-love-vegetable-bubble---squeak-meat-free-sausages-x4;Sainsbury's Love Vegetable Bubble & Squeak Meat Free Sausages x4;£2.30/unit;£10.45/kg;Ready meals;potato-vegetable-side-dishes;313;8.4;20.2;1.5;21.2;4.4;4.2;0.68;
sainsburys-love-vegetable-bubble---squeak-meat-free-sausages-x4;Sainsbury's Love Vegetable Bubble & Squeak Meat Free Sausages x4;£2.30/unit;£10.45/kg;Ready meals;vegetarian-ready-meals;313;8.4;20.2;1.5;21.2;4.4;4.2;0.68;
sainsburys-love-vegetable-moroccan-sweet-potato-croquette-240g;Sainsbury's Vegetarian Moroccan Sweet Potato Croquettes x6 240g;£2.30/unit;£9.58/kg;Coleslaw, olives, salads & dips;olives-tapas-antipasti;228;5.9;25.1;4.5;10.4;1.8;5.3;0.62;
sainsburys-love-vegetable-moroccan-sweet-potato-croquette-240g;Sainsbury's Vegetarian Moroccan Sweet Potato Croquettes x6 240g;£2.30/unit;£9.58/kg;Ready meals;healthier-choice-ready-meals;228;5.9;25.1;4.5;10.4;1.8;5.3;0.62;
sainsburys-love-vegetable-moroccan-sweet-potato-croquette-240g;Sainsbury's Vegetarian Moroccan Sweet Potato Croquettes x6 240g;£2.30/unit;£9.58/kg;Ready meals;potato-vegetable-side-dishes;228;5.9;25.1;4.5;10.4;1.8;5.3;0.62;
sainsburys-love-vegetable-moroccan-sweet-potato-croquette-240g;Sainsbury's Vegetarian Moroccan Sweet Potato Croquettes x6 240g;£2.30/unit;£9.58/kg;Ready meals;vegetarian-ready-meals;228;5.9;25.1;4.5;10.4;1.8;5.3;0.62;
sainsburys-love-vegetable-moroccan-sweet-potato-croquette-240g;Sainsbury's Vegetarian Moroccan Sweet Potato Croquettes x6 240g;£2.30/unit;£9.58/kg;Vegetarian & meat free;deli-meat-alternatives;228;5.9;25.1;4.5;10.4;1.8;5.3;0.62;
sainsburys-low-fat-custard--ready-to-serve-500g;Sainsbury's Ready To Eat Lighter Custard 500g;£0.70/unit;£0.14/100g;Fruit & desserts;custard;90;2.7;16.4;11.8;1.5;0.8;0;0.15;
sainsburys-low-fat-natural-yogurt--basics-500g;Sainsbury's Low Fat Natural Yogurt, Basics 500g;£0.50/unit;£0.10/100g;Yogurts;big-pots-pouring-yogurts;61;4.9;7.0;7.0;1.5;0.9;0.5;0.20;
sainsburys-low-fat-natural-yogurt--basics-500g;Sainsbury's Low Fat Natural Yogurt, Basics 500g;£0.50/unit;£0.10/100g;Yogurts;diet-low-fat-yogurts;61;4.9;7.0;7.0;1.5;0.9;0.5;0.20;
sainsburys-low-fat-natural-yogurt--basics-500g;Sainsbury's Low Fat Natural Yogurt, Basics 500g;£0.50/unit;£0.10/100g;Yogurts;natural-greek-yogurts;61;4.9;7.0;7.0;1.5;0.9;0.5;0.20;
sainsburys-low-fat-natural-yogurt--so-organic-150g;Sainsbury's Low Fat Natural Yogurt, SO Organic 150g;£0.50/unit;£0.33/100g;Yogurts;big-pots-pouring-yogurts;59;5.2;6.5;6.5;1.3;0.8;0.5;0.20;
sainsburys-low-fat-natural-yogurt--so-organic-150g;Sainsbury's Low Fat Natural Yogurt, SO Organic 150g;£0.50/unit;£0.33/100g;Yogurts;diet-low-fat-yogurts;59;5.2;6.5;6.5;1.3;0.8;0.5;0.20;
sainsburys-low-fat-natural-yogurt--so-organic-150g;Sainsbury's Low Fat Natural Yogurt, SO Organic 150g;£0.50/unit;£0.33/100g;Yogurts;natural-greek-yogurts;59;5.2;6.5;6.5;1.3;0.8;0.5;0.20;
sainsburys-low-fat-natural-yogurt--so-organic-500g;Sainsbury's Low Fat Natural Yogurt, SO Organic 500g;£1.20/unit;£0.24/100g;Yogurts;big-pots-pouring-yogurts;59;5.2;6.5;6.5;1.3;0.8;0.5;0.20;
sainsburys-low-fat-natural-yogurt--so-organic-500g;Sainsbury's Low Fat Natural Yogurt, SO Organic 500g;£1.20/unit;£0.24/100g;Yogurts;diet-low-fat-yogurts;59;5.2;6.5;6.5;1.3;0.8;0.5;0.20;
sainsburys-low-fat-natural-yogurt--so-organic-500g;Sainsbury's Low Fat Natural Yogurt, SO Organic 500g;£1.20/unit;£0.24/100g;Yogurts;natural-greek-yogurts;59;5.2;6.5;6.5;1.3;0.8;0.5;0.20;
sainsburys-low-fat-natural-yogurt-1kg;Sainsbury's Low Fat Natural Yogurt 1kg;£2.00/unit;£0.20/100g;Yogurts;big-pots-pouring-yogurts;62;5.6;7.1;7.1;1.2;0.8;0.5;0.15;
sainsburys-low-fat-natural-yogurt-1kg;Sainsbury's Low Fat Natural Yogurt 1kg;£2.00/unit;£0.20/100g;Yogurts;diet-low-fat-yogurts;62;5.6;7.1;7.1;1.2;0.8;0.5;0.15;
sainsburys-low-fat-natural-yogurt-1kg;Sainsbury's Low Fat Natural Yogurt 1kg;£2.00/unit;£0.20/100g;Yogurts;natural-greek-yogurts;62;5.6;7.1;7.1;1.2;0.8;0.5;0.15;
sainsburys-low-fat-natural-yogurt-500g;Sainsbury's Low Fat Natural Yogurt 500g;£1.20/unit;£0.24/100g;Yogurts;big-pots-pouring-yogurts;62;5.6;7.1;7.1;1.2;0.8;0.5;0.15;
sainsburys-low-fat-natural-yogurt-500g;Sainsbury's Low Fat Natural Yogurt 500g;£1.20/unit;£0.24/100g;Yogurts;diet-low-fat-yogurts;62;5.6;7.1;7.1;1.2;0.8;0.5;0.15;
sainsburys-low-fat-natural-yogurt-500g;Sainsbury's Low Fat Natural Yogurt 500g;£1.20/unit;£0.24/100g;Yogurts;natural-greek-yogurts;62;5.6;7.1;7.1;1.2;0.8;0.5;0.15;
sainsburys-low-fat-rice-cake--be-good-to-yourself-130g;Sainsbury's Low Fat Rice Cake, Be Good To Yourself 130g;£0.95/unit;£0.73/100g;Biscuits & crackers;crackers-savoury-biscuits;388;8.0;81.1;0.5;2.9;0.7;2.9;0.02;
sainsburys-low-fat-rice-cake--be-good-to-yourself-130g;Sainsbury's Low Fat Rice Cake, Be Good To Yourself 130g;£0.95/unit;£0.73/100g;Biscuits & crackers;healthier-biscuits-crackers;388;8.0;81.1;0.5;2.9;0.7;2.9;0.02;
sainsburys-lumaconi--taste-the-difference-500g;Sainsbury's Lumaconi, Taste the Difference 500g;£1.25/unit;£2.50/kg;Rice, pasta & noodles;pasta;172;6.3;34.0;0.7;0.9;0.2;1.6;0.01;
sainsburys-lumaconi-pasta--taste-the-difference-250g;Sainsbury's Lumaconi Pasta, Taste the Difference 250g;£1.50/unit;£6.00/kg;Pizza, pasta & garlic bread;fresh-pasta-sauces;228;7.6;42.4;0.8;2.5;0.6;2.7;0.04;
sainsburys-lumaconi-pasta--taste-the-difference-250g;Sainsbury's Lumaconi Pasta, Taste the Difference 250g;£1.50/unit;£6.00/kg;Vegetarian & meat free;vegetarian-meat-free-pizza-pasta;228;7.6;42.4;0.8;2.5;0.6;2.7;0.04;
sainsburys-luxury-fish-pie--taste-the-difference-400g-6288597-p-44;Sainsbury's Luxury Fish Pie, Taste the Difference 400g;£3.30/unit;£8.25/kg;Ready meals;british-ready-meals;116;8.5;10.3;0.6;4.3;2.4;0.8;0.58;
sainsburys-luxury-fish-pie--taste-the-difference-400g-6288597-p-44;Sainsbury's Luxury Fish Pie, Taste the Difference 400g;£3.30/unit;£8.25/kg;Ready meals;meals-for-1-ready-meals;116;8.5;10.3;0.6;4.3;2.4;0.8;0.58;
sainsburys-luxury-fish-pie--taste-the-difference-400g-6288597-p-44;Sainsbury's Luxury Fish Pie, Taste the Difference 400g;£3.30/unit;£8.25/kg;Ready meals;taste-the-difference-bistro-ready-meals;116;8.5;10.3;0.6;4.3;2.4;0.8;0.58;
sainsburys-luxury-shepherds-pie--taste-the-difference-400g;Sainsbury's Luxury Shepherds Pie, Taste the Difference 400g;£3.30/unit;£8.25/kg;Ready meals;british-ready-meals;119;5.2;12.1;2.4;5.0;2.6;2.3;0.44;
sainsburys-luxury-shepherds-pie--taste-the-difference-400g;Sainsbury's Luxury Shepherds Pie, Taste the Difference 400g;£3.30/unit;£8.25/kg;Ready meals;meals-for-1-ready-meals;119;5.2;12.1;2.4;5.0;2.6;2.3;0.44;
sainsburys-luxury-shepherds-pie--taste-the-difference-400g;Sainsbury's Luxury Shepherds Pie, Taste the Difference 400g;£3.30/unit;£8.25/kg;Ready meals;taste-the-difference-bistro-ready-meals;119;5.2;12.1;2.4;5.0;2.6;2.3;0.44;
sainsburys-maasdam-slices-250g;Sainsbury's Maasdam Slices 250g;£2.00/unit;£8.00/kg;Cheese;sliced-grated-cheese;347;26.0;0.5;0.5;27.0;19.2;0.5;1.35;
sainsburys-macadamia-nut-halves-100g;Sainsbury's Macadamia Nut Halves 100g;£2.00/unit;£2.00/100g;Sugar & home baking;nuts---seeds;752;7.9;5.2;4.6;75.8;12.1;8.6;0.01;
sainsburys-macaroni-1kg;Sainsbury's Macaroni 1kg;£1.20/unit;£1.20/kg;Rice, pasta & noodles;pasta;160;4.4;33.6;0.6;0.6;0.1;1.4;0.01;
sainsburys-macaroni-500g;Sainsbury's Macaroni 500g;£0.85/unit;£1.70/kg;Rice, pasta & noodles;pasta;160;4.4;33.6;0.6;0.6;0.1;1.4;0.01;
sainsburys-macaroni-cheese--basics-300g;Sainsbury's Macaroni Cheese, Basics 300g;£0.80/unit;£2.67/kg;Ready meals;italian-ready-meals;143;5.3;16.7;1.0;5.8;2.8;1.4;0.58;
sainsburys-macaroni-cheese--basics-300g;Sainsbury's Macaroni Cheese, Basics 300g;£0.80/unit;£2.67/kg;Ready meals;meals-for-1-ready-meals;143;5.3;16.7;1.0;5.8;2.8;1.4;0.58;
sainsburys-macaroni-cheese--basics-300g;Sainsbury's Macaroni Cheese, Basics 300g;£0.80/unit;£2.67/kg;Vegetarian & meat free;vegetarian-meat-free-ready-meals;143;5.3;16.7;1.0;5.8;2.8;1.4;0.58;
sainsburys-macaroni-cheese--basics-400g;Sainsbury's Macaroni Cheese, Basics 400g;£1.00/unit;£2.50/kg;Ready meals & pies;frozen-ready-meals;146;5.1;22.8;1.5;3.6;2.0;1.0;0.60;
sainsburys-macaroni-cheese-410g;Sainsbury's Macaroni Cheese 410g;£0.65/unit;£1.59/kg;Canned, tinned & packaged foods;baked-beans-canned-pasta;103;2.5;12.0;2.0;4.8;1.8;0.9;0.75;
sainsburys-macaroni-cheese-430g;Sainsbury's Macaroni Cheese 430g;£1.50/unit;£3.49/kg;Ready meals;italian-ready-meals;142;6.0;15.4;1.4;5.5;3.3;3.7;0.43;
sainsburys-macaroni-cheese-430g;Sainsbury's Macaroni Cheese 430g;£1.50/unit;£3.49/kg;Ready meals;meals-for-1-ready-meals;142;6.0;15.4;1.4;5.5;3.3;3.7;0.43;
sainsburys-macaroni-cheese-800g;Sainsbury's Macaroni Cheese 800g;£3.50/unit;£4.38/kg;Ready meals;italian-ready-meals;142;6.0;15.4;1.4;5.5;3.3;3.7;0.43;
sainsburys-macaroni-cheese-800g;Sainsbury's Macaroni Cheese 800g;£3.50/unit;£4.38/kg;Vegetarian & meat free;vegetarian-meat-free-ready-meals;142;6.0;15.4;1.4;5.5;3.3;3.7;0.43;
sainsburys-macaroni-cheese-pasta---sauce-120g;Sainsbury's Pasta & Sauce, Macaroni Cheese 120g;£0.70/unit;£5.83/kg;Cooking sauces & world foods;world-foods-instant-snack-meals;126;5.0;21.8;2.4;1.8;1.1;1.3;0.46;
sainsburys-macaroni-cheese-pasta---sauce-120g;Sainsbury's Pasta & Sauce, Macaroni Cheese 120g;£0.70/unit;£5.83/kg;Rice, pasta & noodles;instant-snack-meals;126;5.0;21.8;2.4;1.8;1.1;1.3;0.46;
sainsburys-mackerel-fillets-%28approx-400g%29;Sainsbury's Mackerel Fillets (approx. 400g);£9.50/kg;£9.50/kg;Fish & seafood;filleted-whole-fish;239;20.8;0.1;0.0;17.3;3.5;null;null;
sainsburys-mackerel-fillets--in-brine-125g;Sainsbury's Mackerel Fillets in Brine 125g (86g*);£0.70/unit;£0.81/100g;Canned, tinned & packaged foods;canned-tinned-packaged-fish;221;19.9;0.5;0.5;15.7;3.4;0.5;0.63;
sainsburys-mackerel-fillets--in-olive-oil-125g;Sainsbury's Mackerel Fillets in Olive Oil 125g (90g*);£0.70/unit;£0.78/100g;Canned, tinned & packaged foods;canned-tinned-packaged-fish;297;19.9;0.5;0.5;24.2;4.5;0.5;0.63;
sainsburys-mackerel-fillets--in-spicy-tomato-sauce-125g;Sainsbury's Mackerel Fillets in Spicy Tomato Sauce 125g;£0.70/unit;£0.56/100g;Canned, tinned & packaged foods;canned-tinned-packaged-fish;167;12.7;6.1;5.8;10.2;2.1;0.5;1.13;
sainsburys-mackerel-fillets--in-sunflower-oil-125g;Sainsbury's Mackerel Fillets in Sunflower Oil 125g (86g*);£0.70/unit;£0.81/100g;Canned, tinned & packaged foods;canned-tinned-packaged-fish;297;19.9;0.5;0.5;24.2;4.0;0.5;0.68;
sainsburys-mackerel-fillets--in-tomato-sauce-125g;Sainsbury's Mackerel Fillets in Tomato Sauce 125g;£0.70/unit;£0.56/100g;Canned, tinned & packaged foods;canned-tinned-packaged-fish;155;12.7;3.2;3.0;10.2;2.1;0.5;0.65;
sainsburys-mackerel-p%C3%A2t%C3%A9-115g;Sainsbury's Mackerel Pâté 115g;£1.20/unit;£1.04/100g;Cooked meats & snacking;mfp-pate;309;14.9;9.9;2.3;23.2;6.6;0.5;1.53;
sainsburys-mackerel-p%C3%A2t%C3%A9-115g;Sainsbury's Mackerel Pâté 115g;£1.20/unit;£1.04/100g;Cooked meats, pate & sandwich fillers;pate;309;14.9;9.9;2.3;23.2;6.6;0.5;1.53;
sainsburys-mackerel-p%C3%A2t%C3%A9-115g;Sainsbury's Mackerel Pâté 115g;£1.20/unit;£1.04/100g;Fish & seafood;canapes-snacking;309;14.9;9.9;2.3;23.2;6.6;0.5;1.53;
sainsburys-madagascan-vanilla-cream--taste-the-difference-250ml;Sainsbury's Madagascan Vanilla Cream, Taste the Difference 250ml;£1.40/unit;£0.56/100ml;Desserts & cream;fresh-cream-custard;455;1.4;6.9;6.9;46.8;31.1;0.5;0.04;
sainsburys-madagascan-vanilla-extract--taste-the-difference-38ml;Sainsbury's Madagascan Vanilla Extract, Taste the Difference 38ml;£1.50/unit;£0.39/10ml;Sugar & home baking;baking-ingredients---colourings;39;0.5;3.8;0.6;2.6;1.0;0.5;0.01;
sainsburys-madagascan-vanilla-west-country-yogurt--taste-the-difference-150g;Sainsbury's West Country Madagascan Vanilla Yogurt, Taste the Difference 150g;£0.75/unit;£0.50/100g;Yogurts;luxury-yogurts;150;3.4;14.9;14.9;8.4;5.3;0.5;0.13;
sainsburys-madeira-cake--basics;Sainsbury's Madeira Cake, Basics 265g;£0.85/unit;£0.32/100g;Cakes;sponge-slab-loaf-cakes;367;4.5;56.0;30.8;13.6;5.9;1.2;0.60;
sainsburys-madeira-cake;Sainsbury's Madeira Cake 285g;£1.00/unit;£1.00/ea;Cakes;sponge-slab-loaf-cakes;379;5.1;55;30;15;9.2;1.1;0.48;
sainsburys-madeira-party-cake-%28-serves-12-%29;Sainsbury's Madeira Party Cake (Serves 12);£6.00/unit;£6.67/kg;Celebration cakes;celebration-cakes;427;4.1;56.8;39.3;20.2;4.1;1.1;0.54;
sainsburys-madras-cooking-sauce-500g;Sainsbury's Madras Sauce 500g;£1.29/unit;£0.26/100g;Cooking sauces & world foods;indian-cooking-sauces;85;1.6;7.5;4.6;4.9;0.8;2.1;0.53;
sainsburys-madras-paste-290g;Sainsbury's Madras Paste 290g;£1.60/unit;£0.55/100g;Cooking ingredients & oils;cooking-pastes;120;3.2;10.3;7.9;6.3;0.6;4.7;1.14;
sainsburys-madras-paste-290g;Sainsbury's Madras Paste 290g;£1.60/unit;£0.55/100g;Cooking sauces & world foods;indian-cooking-sauces;120;3.2;10.3;7.9;6.3;0.6;4.7;1.14;
sainsburys-malay-chicken-curry---rice-380g;Sainsbury's Malay Chicken Curry & Rice 380g;£3.00/unit;£7.89/kg;Ready meals;meals-for-1-ready-meals;131;6.9;10.6;2.2;6.0;1.4;3.7;0.55;
sainsburys-malay-chicken-curry---rice-380g;Sainsbury's Malay Chicken Curry & Rice 380g;£3.00/unit;£7.89/kg;Ready meals;oriental-ready-meals;131;6.9;10.6;2.2;6.0;1.4;3.7;0.55;
sainsburys-malt-vinegar-11l;Sainsbury's Malt Vinegar 1.1L;£0.90/unit;£0.82/ltr;Vinegar, pickles, olives & antipasti;vinegar;20;0.5;0.5;0.5;0.5;0.1;0.5;0.01;
sainsburys-malt-vinegar-284ml;Sainsbury's Malt Vinegar 284ml;£0.40/unit;£1.41/ltr;Vinegar, pickles, olives & antipasti;vinegar;20;0.5;0.5;0.5;0.5;0.1;0.5;0.05;
sainsburys-malt-vinegar-568ml;Sainsbury's Malt Vinegar 568ml;£0.50/unit;£0.88/ltr;Vinegar, pickles, olives & antipasti;vinegar;20;0.5;0.5;0.5;0.5;0.1;0.5;0.05;
sainsburys-malted-grain-bread--so-organic-400g;Sainsbury's Malted Grain Bread, SO Organic 400g;£0.90/unit;£0.23/100g;Bread;bread-from-our-bakery2;null;null;null;null;null;null;null;null;
sainsburys-malted-grain-bread--so-organic-400g;Sainsbury's Malted Grain Bread, SO Organic 400g;£0.90/unit;£0.23/100g;From our in store bakery;bread-from-our-bakery;null;null;null;null;null;null;null;null;
sainsburys-malted-milk-biscuits-200g;Sainsbury's Malted Milk Biscuits 200g;£0.55/unit;£0.28/100g;Biscuits & crackers;everyday-biscuits-shortbread;493;6.6;66.7;19.1;21.8;10.0;2.0;0.96;
sainsburys-malted-milk-biscuits-400g;Sainsbury's Malted Milk Biscuits 400g;£0.80/unit;£0.20/100g;Biscuits & crackers;everyday-biscuits-shortbread;493;6.6;66.7;19.1;21.8;10.0;2.0;0.96;
sainsburys-mammoth-pecans-100g;Sainsbury's Mammoth Pecans 100g;£2.00/unit;£2.00/100g;Sugar & home baking;nuts---seeds;706;10.9;5.5;4.1;70.1;5.7;4.7;0.01;
sainsburys-mandarin-cheesecake-510g-%28serves-6%29;Sainsbury's Mandarin Cheesecake 510g (serves 6);£2.00/unit;£0.39/100g;Ice cream & desserts;frozen-cold-desserts;278;3.5;35.4;22.7;13.2;6.7;1.7;0.28;
sainsburys-mandarin-jelly-150g;Sainsbury's Mandarin Jelly 150g;£1.10/unit;£0.73/100g;Desserts & cream;desserts;91;0.5;21.3;20.3;0.5;0.1;0.5;0.31;
sainsburys-mandarin-orange-segments-in-jelly-120g;Sainsbury's Mandarin Orange Segments In Jelly 120g;£0.40/unit;£0.33/100g;Fruit & desserts;dessert-fruit;77;0.5;18.7;15.0;0.5;0.1;0.5;0.10;
sainsburys-mandarin-orange-segments-in-jelly-120g;Sainsbury's Mandarin Orange Segments In Jelly 120g;£0.40/unit;£0.33/100g;Fruit & desserts;jelly;77;0.5;18.7;15.0;0.5;0.1;0.5;0.10;
sainsburys-mandarin-orange-segments-in-jelly-120g;Sainsbury's Mandarin Orange Segments In Jelly 120g;£0.40/unit;£0.33/100g;Fruit & desserts;kids-lunchbox-fruit-desserts;77;0.5;18.7;15.0;0.5;0.1;0.5;0.10;
sainsburys-mandarin-segments-in-fruit-juice-298g;Sainsbury's Mandarin Segments In Fruit Juice 298g;£0.65/unit;£3.71/kg;Canned, tinned & packaged foods;canned-tinned-packaged-fruit;45;0.7;10.1;9.2;0.5;0.1;0.5;0.02;
sainsburys-mandarin-segments-in-fruit-juice-298g;Sainsbury's Mandarin Segments In Fruit Juice 298g;£0.65/unit;£3.71/kg;Fruit & desserts;dessert-fruit;45;0.7;10.1;9.2;0.5;0.1;0.5;0.02;
sainsburys-mango---chilli-dressing--be-good-to-yourself-180ml;Sainsbury's Mango & Chilli Dressing, Be Good To Yourself 180ml;£1.20/unit;£0.67/100ml;Fresh salad;dressings-coleslaw-accompaniments;80;0.5;15.2;11.6;1.9;0.2;0.5;0.03;
sainsburys-mango---chilli-dressing-250ml-7621561-p-44;Sainsbury's Mango & Chilli Dressing 250ml;£1.00/unit;£0.40/100ml;Table sauces, dressings & condiments;salad-dressings;232;0.5;12.3;11.7;20.1;2.0;0.5;0.68;
sainsburys-mango---coconut-panna-cotta--taste-the-difference-2x180g;Sainsbury's Mango & Coconut Panna Cotta, Taste the Difference 2x180g;£3.00/unit;£1.07/100g;Desserts & cream;desserts;247;2.0;18.4;15.2;18.3;13.8;0.6;0.05;
sainsburys-mango---passionfruit-coulis--taste-the-difference-250g;Sainsbury's Mango & Passionfruit Coulis, Taste the Difference 250g;£2.00/unit;£0.80/100g;Fruit & desserts;sauces-toppings;155;1.2;34.7;27.0;1.0;0.3;0.9;0.01;
sainsburys-mango---passionfruit-yogurt-450g;Sainsbury's Fabulously Fruity Low Fat Mango & Passionfruit Yogurt 450g;£1.00/unit;£0.22/100g;Yogurts;big-pots-pouring-yogurts;88;4.4;14.6;13.4;1.2;0.8;0.5;0.18;
sainsburys-mango---yuzu-yogurt--taste-the-difference-150g;Sainsbury's West Country Mango & Yuzu Yogurt, Taste the Difference 150g;£0.75/unit;£0.50/100g;Yogurts;luxury-yogurts;144;2.8;16.9;16.1;7.1;4.9;0.5;0.08;
sainsburys-mango--passion-fruit---goji-berry-smoothie-1l;Sainsbury's Mango, Passion Fruit & Goji Berry Smoothie 1L;£2.00/unit;£0.20/100ml;Chilled fruit juice & smoothies;chilled-smoothies;57;0.6;13.0;12.1;0.5;0.1;0.7;0.01;
sainsburys-mango--ripe---ready-x2;Sainsbury's Mango, Ripe & Ready x2;£2.00/unit;£1.00/ea;Fresh fruit;mango-exotic-fruit-dates-nuts;66;0.7;14.1;13.8;0.2;0.1;2.6;0;
sainsburys-mango--ripe---ready-x2;Sainsbury's Mango, Ripe & Ready x2;£2.00/unit;£1.00/ea;Fresh fruit;ripe---ready;66;0.7;14.1;13.8;0.2;0.1;2.6;0;
sainsburys-mango--so-organic-%28each%29;Sainsbury's Mango, SO Organic (each);£1.50/unit;£1.50/ea;Fresh fruit;mango-exotic-fruit-dates-nuts;57;0.7;14.1;13.8;0.2;null;null;null;
sainsburys-mango--so-organic-%28each%29;Sainsbury's Mango, SO Organic (each);£1.50/unit;£1.50/ea;Organic;organic;57;0.7;14.1;13.8;0.2;null;null;null;
sainsburys-mango-145g;Sainsbury's Mango 145g;£1.75/unit;£12.07/kg;Fresh fruit;mango-exotic-fruit-dates-nuts;70;0.8;15.0;13.7;0.5;0.1;1.6;0.01;
sainsburys-mango-145g;Sainsbury's Mango 145g;£1.75/unit;£12.07/kg;Prepared & ready to eat;prepared-fruit;70;0.8;15.0;13.7;0.5;0.1;1.6;0.01;
sainsburys-mango-250g;Sainsbury's Mango 250g;£2.50/unit;£10.00/kg;Fresh fruit;mango-exotic-fruit-dates-nuts;70;0.8;15.0;13.7;0.5;0.1;1.6;0.01;
sainsburys-mango-250g;Sainsbury's Mango 250g;£2.50/unit;£10.00/kg;Prepared & ready to eat;prepared-fruit;70;0.8;15.0;13.7;0.5;0.1;1.6;0.01;
sainsburys-mango-35g;Sainsbury's Mango 35g;£0.80/unit;£2.29/100g;Sugar & home baking;dried-fruit---peel;315;2.8;73.0;45.1;0.5;0.2;4.0;0.53;
sainsburys-mango-box-2kg;Sainsbury's Mango Box 2kg;£4.50/unit;£2.25/kg;Fresh fruit;mango-exotic-fruit-dates-nuts;66;0.7;14.1;13.8;0.5;0.1;2.6;0.01;
sainsburys-mango-box-2kg;Sainsbury's Mango Box 2kg;£4.50/unit;£2.25/kg;Fresh herbs & ingredients;asian-ingredients;66;0.7;14.1;13.8;0.5;0.1;2.6;0.01;
sainsburys-mango-box-2kg;Sainsbury's Mango Box 2kg;£4.50/unit;£2.25/kg;Fresh herbs & ingredients;indian-ingredients;66;0.7;14.1;13.8;0.5;0.1;2.6;0.01;
sainsburys-mango-chunks-480g;Sainsbury's Mango Chunks 480g;£2.20/unit;£4.58/kg;Fruit, vegetables & rice;frozen-fruit;66;0.7;14.1;13.8;0.5;0.1;2.6;0.01;
sainsburys-mango-chunks-480g;Sainsbury's Mango Chunks 480g;£2.20/unit;£4.58/kg;Ice cream & desserts;desserts-fruit;66;0.7;14.1;13.8;0.5;0.1;2.6;0.01;
sainsburys-mango-chutney-%28mild---fruity%29-150g;Sainsbury's Mango Chutney (mild & fruity) 150g;£1.00/unit;£0.67/100g;Ready meals;indian-ready-meals;271;0.5;65.5;52.6;0.7;0.2;1.0;2.42;
sainsburys-mango-chutney-%28mild---fruity%29-150g;Sainsbury's Mango Chutney (mild & fruity) 150g;£1.00/unit;£0.67/100g;Vegetarian & meat free;vegetarian-meat-free-ready-meals;271;0.5;65.5;52.6;0.7;0.2;1.0;2.42;
sainsburys-mango-chutney--taste-the-difference-340g;Sainsbury's Mango Chutney, Taste the Difference 340g;£1.80/unit;£0.53/100g;Table sauces, dressings & condiments;chutney-pickle-relishes;263;0.6;64.1;50.0;0.5;0.1;1.5;2.63;
sainsburys-mango-chutney--taste-the-difference-340g;Sainsbury's Mango Chutney, Taste the Difference 340g;£1.80/unit;£0.53/100g;Vinegar, pickles, olives & antipasti;chutneys-pickle-relishes;263;0.6;64.1;50.0;0.5;0.1;1.5;2.63;
sainsburys-mango-chutney-340g;Sainsbury's Mango Chutney 340g;£1.25/unit;£0.37/100g;Table sauces, dressings & condiments;chutney-pickle-relishes;255;0.5;61.9;50.5;0.5;0.1;1.5;2.73;
sainsburys-mango-chutney-340g;Sainsbury's Mango Chutney 340g;£1.25/unit;£0.37/100g;Vinegar, pickles, olives & antipasti;chutneys-pickle-relishes;255;0.5;61.9;50.5;0.5;0.1;1.5;2.73;
sainsburys-mango-chutney-370g;Sainsbury's Mango Chutney 370g;£1.25/unit;£0.34/100g;Cooking sauces & world foods;indian-cooking-sauces;248;0.5;59.0;51.8;0.8;0.1;1.6;3.00;
sainsburys-mango-chutney-370g;Sainsbury's Mango Chutney 370g;£1.25/unit;£0.34/100g;Table sauces, dressings & condiments;chutney-pickle-relishes;248;0.5;59.0;51.8;0.8;0.1;1.6;3.00;
sainsburys-mango-chutney-dipping-sauce-165g;Sainsbury's Mango Chutney Dipping Sauce 165g;£1.10/unit;£0.67/100g;Cooking sauces & world foods;indian-cooking-sauces;231;0.5;56.5;49.0;0.5;0.1;1.9;2.47;
sainsburys-mango-chutney-dipping-sauce-165g;Sainsbury's Mango Chutney Dipping Sauce 165g;£1.10/unit;£0.67/100g;Table sauces, dressings & condiments;tomato-ketchup-brown-bbq-other-sauces;231;0.5;56.5;49.0;0.5;0.1;1.9;2.47;
sainsburys-mango-multipack-5x35g;Sainsbury's Mango Multipack 5x35g;£3.70/unit;£2.11/100g;Sugar & home baking;dried-fruit---peel;315;2.8;73.0;45.1;0.5;0.2;4.0;0.53;
sainsburys-mango-puree-425g;Sainsbury's Mango Puree 425g;£1.20/unit;£2.82/kg;Canned, tinned & packaged foods;canned-tinned-packaged-fruit;75;0.7;16.7;14.8;0.1;0.1;2.0;0.25;
sainsburys-mango-puree-425g;Sainsbury's Mango Puree 425g;£1.20/unit;£2.82/kg;Fruit & desserts;dessert-fruit;75;0.7;16.7;14.8;0.1;0.1;2.0;0.25;
sainsburys-mango-slices-in-syrup-425g;Sainsbury's Mango Slices In Syrup 425g;£0.80/unit;£1.88/kg;Fruit & desserts;dessert-fruit;74;0.5;17.0;15.0;0.5;0.1;0.6;0.01;
sainsburys-mango-sorbet-500ml;Sainsbury's Mango Sorbet 500ml;£2.50/unit;£0.50/100ml;Ice cream & desserts;frozen-yogurt-sorbet;133;0.5;32;30;0.5;0.1;0.5;0.03;
sainsburys-manuka-15-honey-340g;Sainsbury's Manuka 15+ Honey 340g;£16.00/unit;£4.71/100g;Jams, honey & spreads;honey;329;0.5;81.5;80.8;0.5;0.2;0.5;0.03;
sainsburys-manuka-honey-10-340g;Sainsbury's Manuka Honey 10+ 340g;£12.00/unit;£3.53/100g;Jams, honey & spreads;honey;329;0.5;81.5;80.8;0.5;0.2;0.5;0.03;
sainsburys-manuka-with-runny-honey-340g;Sainsbury's Manuka With Runny Honey 340g;£6.00/unit;£1.76/100g;Jams, honey & spreads;honey;329;0.5;81.5;80.8;0.5;0.2;0.5;0.03;
sainsburys-manzanilla-olive-with-gouda---cumin-140g;Sainsbury's Manzanilla Olive With Gouda & Cumin 140g;£1.50/unit;£1.07/100g;Coleslaw, olives, salads & dips;olives-tapas-antipasti;239;7.9;0.5;0.5;22.2;7.2;3.6;2.58;
sainsburys-manzanilla-olive-with-gouda---cumin-140g;Sainsbury's Manzanilla Olive With Gouda & Cumin 140g;£1.50/unit;£1.07/100g;Vegetarian & meat free;deli-meat-alternatives;239;7.9;0.5;0.5;22.2;7.2;3.6;2.58;
sainsburys-manzanilla-olive-with-lemon---coriandor-120g;Sainsbury's Manzanilla Olive With Lemon & Coriandor 120g;£1.80/unit;£1.50/100g;Coleslaw, olives, salads & dips;olives-tapas-antipasti;182;1.1;1.7;1.2;18.5;3.3;2.2;3.20;
sainsburys-manzanilla-olive-with-lemon---coriandor-120g;Sainsbury's Manzanilla Olive With Lemon & Coriandor 120g;£1.80/unit;£1.50/100g;Vegetarian & meat free;deli-meat-alternatives;182;1.1;1.7;1.2;18.5;3.3;2.2;3.20;
sainsburys-manzanilla-olives-with-garlic---herb-250g;Sainsbury's Manzanilla Olives With Garlic & Herb 250g;£3.50/unit;£1.40/100g;Coleslaw, olives, salads & dips;olives-tapas-antipasti;172;1.4;0.5;0.5;17.7;3.1;3.6;2.65;
sainsburys-manzanilla-olives-with-garlic---herb-250g;Sainsbury's Manzanilla Olives With Garlic & Herb 250g;£3.50/unit;£1.40/100g;Vegetarian & meat free;deli-meat-alternatives;172;1.4;0.5;0.5;17.7;3.1;3.6;2.65;
sainsburys-maple---pecan-crisp-cereal-500g;Sainsbury's Maple & Pecan Crisp Cereal 500g;£2.00/unit;£0.40/100g;Breakfast cereals;muesli-granola-clusters;461;8.5;66.9;17.2;16.8;5.3;3.9;0.03;
sainsburys-maple-syrup-275g;Sainsbury's Maple Syrup 275g;£4.00/unit;£1.45/100g;Fruit & desserts;sauces-toppings;274;0.1;68.2;63.9;0.1;0;0.1;0;
sainsburys-maple-syrup-275g;Sainsbury's Maple Syrup 275g;£4.00/unit;£1.45/100g;Ice cream & desserts;wafers-sauces-toppings;274;0.1;68.2;63.9;0.1;0;0.1;0;
sainsburys-maple-syrup-275g;Sainsbury's Maple Syrup 275g;£4.00/unit;£1.45/100g;Sugar & home baking;baking-ingredients---colourings;274;0.1;68.2;63.9;0.1;0;0.1;0;
sainsburys-marble-loaf-cake-236g;Sainsbury's Marble Loaf Cake 236g;£1.50/unit;£0.64/100g;Cakes;sponge-slab-loaf-cakes;409;6.3;51.8;35.4;19.0;1.8;3.1;0.44;
sainsburys-marcona-blanched-almonds--taste-the-difference-150g;Sainsbury's Marcona Blanched Almonds, Taste the Difference 150g;£2.75/unit;£1.83/100g;Sugar & home baking;nuts---seeds;645;25.5;6.5;4.0;55.8;4.4;7.4;0.04;
sainsburys-margherita-pizza--freefrom-280g;Sainsbury's Freefrom Margherita Pizza 280g;£3.50/unit;£12.50/kg;Freefrom;frozen-freefrom;323;8.1;39.4;3.2;13.9;5.6;3.9;1.48;
sainsburys-margherita-pizza--freefrom-280g;Sainsbury's Freefrom Margherita Pizza 280g;£3.50/unit;£12.50/kg;Pizza & garlic bread;frozen-pizza-garlic-bread;323;8.1;39.4;3.2;13.9;5.6;3.9;1.48;
sainsburys-marinated-anchovies-200g;Sainsbury's Marinated Anchovies 200g;£3.25/unit;£1.63/100g;Coleslaw, olives, salads & dips;olives-tapas-antipasti;133;21.6;0.5;0.5;4.9;0.9;1.0;3.45;
sainsburys-marinated-anchovies-200g;Sainsbury's Marinated Anchovies 200g;£3.25/unit;£1.63/100g;Fish & seafood;canapes-snacking;133;21.6;0.5;0.5;4.9;0.9;1.0;3.45;
sainsburys-marinated-greek-olives--taste-the-difference-200g;Sainsbury's Marinated Greek Olives, Taste the Difference 200g;£2.50/unit;£1.25/100g;Vinegar, pickles, olives & antipasti;olives-antipasti;107;1.1;2.9;0.5;9.5;2.4;2.5;3.25;
sainsburys-marinated-herring-280g;Sainsbury's Marinated Herring 280g;£1.80/unit;£0.64/100g;Cooked meats & snacking;mfp-cooked-fish-seafood;192;10.7;16.8;17.4;9.0;2.0;0.5;2.97;
sainsburys-marinated-herring-280g;Sainsbury's Marinated Herring 280g;£1.80/unit;£0.64/100g;Cooked meats & snacking;mfp-snacking-cooked-sausage;192;10.7;16.8;17.4;9.0;2.0;0.5;2.97;
sainsburys-marinated-herring-280g;Sainsbury's Marinated Herring 280g;£1.80/unit;£0.64/100g;Cooked meats, pate & sandwich fillers;cooked-fish-seafood;192;10.7;16.8;17.4;9.0;2.0;0.5;2.97;
sainsburys-marinated-herring-280g;Sainsbury's Marinated Herring 280g;£1.80/unit;£0.64/100g;Cooked meats, pate & sandwich fillers;snacking-cooked-sausage;192;10.7;16.8;17.4;9.0;2.0;0.5;2.97;
sainsburys-marinated-herring-280g;Sainsbury's Marinated Herring 280g;£1.80/unit;£0.64/100g;Fish & seafood;canapes-snacking;192;10.7;16.8;17.4;9.0;2.0;0.5;2.97;
sainsburys-marinated-sundried-pepper-in-olive-oil--taste-the-difference-290g;Sainsbury's Marinated Sundried Pepper in Olive Oil, Taste the Difference 290g (200g*);£3.50/unit;£1.75/100g;Vinegar, pickles, olives & antipasti;olives-antipasti;213;5.4;19.6;19.6;12.5;1.7;0.0;1.45;
sainsburys-maris-piper-mash--taste-the-difference-450g;Sainsbury's Flair Potato Mash, Taste the Difference 450g;£2.00/unit;£4.44/kg;Prepared & ready to eat;prepared-vegetables;136;1.7;12.8;1.1;8.3;5.5;1.6;0.70;
sainsburys-maris-piper-mash--taste-the-difference-450g;Sainsbury's Flair Potato Mash, Taste the Difference 450g;£2.00/unit;£4.44/kg;Ready meals;british-ready-meals;136;1.7;12.8;1.1;8.3;5.5;1.6;0.70;
sainsburys-maris-piper-mash--taste-the-difference-450g;Sainsbury's Flair Potato Mash, Taste the Difference 450g;£2.00/unit;£4.44/kg;Ready meals;potato-vegetable-side-dishes;136;1.7;12.8;1.1;8.3;5.5;1.6;0.70;
sainsburys-maris-piper-mash--taste-the-difference-450g;Sainsbury's Flair Potato Mash, Taste the Difference 450g;£2.00/unit;£4.44/kg;Ready meals;taste-the-difference-bistro-ready-meals;136;1.7;12.8;1.1;8.3;5.5;1.6;0.70;
sainsburys-maris-piper-mash--taste-the-difference-450g;Sainsbury's Flair Potato Mash, Taste the Difference 450g;£2.00/unit;£4.44/kg;Vegetarian & meat free;coleslaw--olives--salads---dips-30658-44;136;1.7;12.8;1.1;8.3;5.5;1.6;0.70;
sainsburys-maris-piper-mash--taste-the-difference-450g;Sainsbury's Flair Potato Mash, Taste the Difference 450g;£2.00/unit;£4.44/kg;Vegetarian & meat free;vegetarian-meat-free-ready-meals;136;1.7;12.8;1.1;8.3;5.5;1.6;0.70;
sainsburys-maris-piper-potatoes-25kg-1308228-p-44;Sainsbury's Maris Piper Potatoes 2.5kg;£2.00/unit;£0.80/kg;Fresh vegetables;potatoes;72;1.8;15.4;0.6;0.1;0;1.2;100;
sainsburys-marjoram-7g;Sainsbury's Marjoram 7g;£1.00/unit;£1.43/10g;Cooking ingredients & oils;herbs-spices-seasoning;null;null;null;null;null;null;null;null;
sainsburys-marmalade-medium-cut--basics-454g;Sainsbury's Marmalade Medium Cut, Basics 454g;£0.30/unit;£0.07/100g;Jams, honey & spreads;marmalade;254;0.2;63.3;51.5;0;0;0.5;0;
sainsburys-marrowfat-processed-peas-145g;Sainsbury's Marrowfat Processed Peas 145g (90g*);£0.30/unit;£3.33/kg;Canned, tinned & packaged foods;canned-tinned-packaged-vegetables;71;4.5;10.6;0.6;0.4;0.1;3.7;0.15;
sainsburys-marrowfat-processed-peas-300g;Sainsbury's Marrowfat Processed Peas 300g (180g*);£0.40/unit;£2.22/kg;Canned, tinned & packaged foods;canned-tinned-packaged-vegetables;71;4.5;10.6;0.6;0.4;0.1;3.7;0.15;
sainsburys-marshmallows-200g;Sainsbury's Marshmallows 200g;£0.95/unit;£0.48/100g;Confectionery;sweets;331;4.0;77.7;64.6;0.5;0.2;0.5;0.03;
sainsburys-mascarpone-250g;Sainsbury's Mascarpone 250g;£1.60/unit;£6.40/kg;Butter, spreads & baking;cooking-and-baking1;412;3.6;4.9;4.6;42.0;30.4;0.5;0.13;
sainsburys-mascarpone-250g;Sainsbury's Mascarpone 250g;£1.60/unit;£6.40/kg;Sugar & home baking;fats-spreads;412;3.6;4.9;4.6;42.0;30.4;0.5;0.13;
sainsburys-mascarpone-500g;Sainsbury's Mascarpone 500g;£3.00/unit;£6.00/kg;Butter, spreads & baking;cooking-and-baking1;412;3.6;4.9;4.6;42.0;30.4;0.5;0.13;
sainsburys-mascarpone-500g;Sainsbury's Mascarpone 500g;£3.00/unit;£6.00/kg;Sugar & home baking;fats-spreads;412;3.6;4.9;4.6;42.0;30.4;0.5;0.13;
sainsburys-mashed-potato--basics-250g;Sainsbury's Mashed Potato, Basics 250g;£0.50/unit;£2.00/kg;Canned, tinned & packaged foods;canned-tinned-packaged-vegetables;84;2.1;16.3;1.4;0.8;0.2;1.8;0.09;
sainsburys-mashed-potato-400g;Sainsbury's Mashed Potato 400g;£1.00/unit;£2.50/kg;Fresh vegetables;potatoes;69;1.4;11.3;1.1;1.4;1.0;2.8;0.25;
sainsburys-mashed-potato-400g;Sainsbury's Mashed Potato 400g;£1.00/unit;£2.50/kg;Prepared & ready to eat;prepared-vegetables;69;1.4;11.3;1.1;1.4;1.0;2.8;0.25;
sainsburys-mashed-potato-400g;Sainsbury's Mashed Potato 400g;£1.00/unit;£2.50/kg;Ready meals;british-ready-meals;69;1.4;11.3;1.1;1.4;1.0;2.8;0.25;
sainsburys-mashed-potato-400g;Sainsbury's Mashed Potato 400g;£1.00/unit;£2.50/kg;Ready meals;potato-vegetable-side-dishes;69;1.4;11.3;1.1;1.4;1.0;2.8;0.25;
sainsburys-mashed-potato-400g;Sainsbury's Mashed Potato 400g;£1.00/unit;£2.50/kg;Vegetarian & meat free;coleslaw--olives--salads---dips-30658-44;69;1.4;11.3;1.1;1.4;1.0;2.8;0.25;
sainsburys-mashed-potato-400g;Sainsbury's Mashed Potato 400g;£1.00/unit;£2.50/kg;Vegetarian & meat free;vegetarian-meat-free-ready-meals;69;1.4;11.3;1.1;1.4;1.0;2.8;0.25;
sainsburys-mashed-potato-700g;Sainsbury's Mashed Potato 700g;£1.00/unit;£1.43/kg;Chips & potatoes;chips-potatoes;103;2.3;15.0;1.0;3.5;2.4;1.0;0.50;
sainsburys-mashing-potatoes--taste-the-difference-15kg;Sainsbury's Mashing Potatoes, Taste the Difference 1.5kg;£1.50/unit;£1.00/kg;Fresh vegetables;potatoes;81;1.8;17.5;0.8;0.5;0.1;1.6;100;
sainsburys-mashing-potatoes--taste-the-difference-15kg;Sainsbury's Mashing Potatoes, Taste the Difference 1.5kg;£1.50/unit;£1.00/kg;Taste the Difference;taste-the-difference-185761-44;81;1.8;17.5;0.8;0.5;0.1;1.6;100;
sainsburys-massaman-curry-paste-190g;Sainsbury's Massaman Curry Paste 190g;£1.50/unit;£0.79/100g;Cooking ingredients & oils;cooking-pastes;149;2.2;18.5;13.0;6.4;2.0;4.3;1.50;
sainsburys-massaman-curry-paste-190g;Sainsbury's Massaman Curry Paste 190g;£1.50/unit;£0.79/100g;Cooking sauces & world foods;chinese-cooking-sauces;149;2.2;18.5;13.0;6.4;2.0;4.3;1.50;
sainsburys-mature-barbers-cruncher--taste-the-difference-400g;Sainsbury's Mature Barber's Cruncher, Taste the Difference 400g;£3.50/unit;£8.75/kg;Cheese;cheddar-british-regional-cheese;417;22.8;2.1;0.5;34.8;23.2;null;1.76;
sainsburys-mature-barbers-cruncher--taste-the-difference-400g;Sainsbury's Mature Barber's Cruncher, Taste the Difference 400g;£3.50/unit;£8.75/kg;Cheese;cheeseboard-delights;417;22.8;2.1;0.5;34.8;23.2;null;1.76;
sainsburys-mature-barbers-cruncher--taste-the-difference-400g;Sainsbury's Mature Barber's Cruncher, Taste the Difference 400g;£3.50/unit;£8.75/kg;Cheese;organic-taste-the-difference-cheese;417;22.8;2.1;0.5;34.8;23.2;null;1.76;
sainsburys-mature-cheddar--so-organic-270g;Sainsbury's Mature Cheddar, SO Organic 270g;£2.75/unit;£10.19/kg;Cheese;cheddar-british-regional-cheese;410;25.0;0.5;0.5;34.4;21.7;0.5;1.80;
sainsburys-mature-cheddar--so-organic-270g;Sainsbury's Mature Cheddar, SO Organic 270g;£2.75/unit;£10.19/kg;Cheese;cheeseboard-delights;410;25.0;0.5;0.5;34.4;21.7;0.5;1.80;
sainsburys-mature-cheddar--so-organic-270g;Sainsbury's Mature Cheddar, SO Organic 270g;£2.75/unit;£10.19/kg;Cheese;organic-taste-the-difference-cheese;410;25.0;0.5;0.5;34.4;21.7;0.5;1.80;
sainsburys-mature-grated-cheddar--be-good-to-yourself-250g;Sainsbury's Mature Grated White Cheese, Be Good To Yourself 250g;£2.00/unit;£8.00/kg;Cheese;cheddar-british-regional-cheese;267;30.8;0.9;0.5;15.6;9.7;0.5;1.90;
sainsburys-mature-grated-cheddar--be-good-to-yourself-250g;Sainsbury's Mature Grated White Cheese, Be Good To Yourself 250g;£2.00/unit;£8.00/kg;Cheese;cottage-cheese---healthier-choice;267;30.8;0.9;0.5;15.6;9.7;0.5;1.90;
sainsburys-mature-grated-cheddar--be-good-to-yourself-250g;Sainsbury's Mature Grated White Cheese, Be Good To Yourself 250g;£2.00/unit;£8.00/kg;Cheese;sliced-grated-cheese;267;30.8;0.9;0.5;15.6;9.7;0.5;1.90;
sainsburys-mature-white--be-good-to-yourself-270g;Sainsbury's Mature White Cheddar, Be Good To Yourself 270g;£2.15/unit;£7.96/kg;Cheese;cheddar-british-regional-cheese;263;30.3;0.5;0.5;15.7;9.8;0.5;1.80;
sainsburys-mature-white--be-good-to-yourself-270g;Sainsbury's Mature White Cheddar, Be Good To Yourself 270g;£2.15/unit;£7.96/kg;Cheese;cottage-cheese---healthier-choice;263;30.3;0.5;0.5;15.7;9.8;0.5;1.80;
sainsburys-mature-white-cheese--be-good-to-yourself-400g;Sainsbury's Mature White Cheese, Be Good To Yourself 400g;£3.00/unit;£7.50/kg;Cheese;cheddar-british-regional-cheese;263;30.3;0.5;0.5;15.7;9.8;0.5;1.80;
sainsburys-mature-white-cheese--be-good-to-yourself-400g;Sainsbury's Mature White Cheese, Be Good To Yourself 400g;£3.00/unit;£7.50/kg;Cheese;cottage-cheese---healthier-choice;263;30.3;0.5;0.5;15.7;9.8;0.5;1.80;
sainsburys-mayo-british-cp-rapeseed-oil--taste-the-difference-230g;Sainsbury's Mayonnaise, Taste The Difference 230g;£1.50/unit;£0.65/100g;Table sauces, dressings & condiments;salad-cream-mayonnaise;722;1.4;2.6;2.5;78.3;5.5;0.5;1.17;
sainsburys-mayonnaise--basics-470g;Sainsbury's Mayonnaise, Basics 500ml;£0.45/unit;£0.09/100ml;Table sauces, dressings & condiments;salad-cream-mayonnaise;280;0.5;12.0;5.2;25.6;2.4;0.5;1.78;
sainsburys-mayonnaise--be-good-to-yourself-495ml;Sainsbury's Mayonnaise, Be Good To Yourself 495ml;£1.00/unit;£0.20/100ml;Table sauces, dressings & condiments;salad-cream-mayonnaise;90;0.5;12.0;2.9;4.5;0.6;0.5;1.45;
sainsburys-mayonnaise--light-250ml;Sainsbury's Mayonnaise, Light 240ml;£0.60/unit;£0.25/100ml;Table sauces, dressings & condiments;salad-cream-mayonnaise;279;0.5;7.2;2.7;27.5;2.4;0.5;1.45;
sainsburys-mayonnaise--organic-240ml;Sainsbury's Mayonnaise, SO Organic 240ml;£1.50/unit;£0.60/100ml;Table sauces, dressings & condiments;salad-cream-mayonnaise;695;1.1;6.7;2.3;73.8;8.3;0.5;0.83;
sainsburys-mayonnaise--thick---creamy-500ml;Sainsbury's Mayonnaise, Thick & Creamy 500ml;£1.00/unit;£0.20/100ml;Table sauces, dressings & condiments;salad-cream-mayonnaise;677;1.0;3.5;1.0;73.2;5.2;0.5;0.90;
sainsburys-mayonnaise--thick---creamy-750ml;Sainsbury's Mayonnaise, Thick & Creamy 750ml;£1.40/unit;£0.19/100ml;Table sauces, dressings & condiments;salad-cream-mayonnaise;677;1.0;3.5;1.0;73.2;5.2;0.5;0.90;
sainsburys-mayonnaise-250ml;Sainsbury's Mayonnaise 250ml;£0.60/unit;£0.24/100ml;Table sauces, dressings & condiments;salad-cream-mayonnaise;677;1.0;3.5;1.0;73.2;5.2;0.5;0.90;
sainsburys-mayonnaise-light--squeezy-410ml;Sainsbury's Mayonnaise Light, Squeezy 410ml;£1.00/unit;£0.24/100ml;Table sauces, dressings & condiments;salad-cream-mayonnaise;279;0.5;7.2;2.7;275;2.4;0.5;1.45;
sainsburys-mayonnaise-squeezy--be-good-to-yourself-430ml;Sainsbury's Mayonnaise Squeezy, Be Good To Yourself 430ml;£1.00/unit;£0.23/100ml;Table sauces, dressings & condiments;salad-cream-mayonnaise;90;0.5;12.0;2.9;4.5;0.6;0.5;1.45;
sainsburys-mayonnaise-squeezy-430ml;Sainsbury's Mayonnaise Squeezy 430ml;£1.00/unit;£0.23/100ml;Table sauces, dressings & condiments;salad-cream-mayonnaise;677;1.0;3.5;1.0;73.2;5.2;0.5;0.90;
sainsburys-meat-feast-pasta-bake-800g;Sainsbury's Meat Feast Pasta Bake 800g;£4.00/unit;£5.00/kg;Ready meals;italian-ready-meals;141;5.6;18.1;3.3;4.8;1.7;1.5;0.58;
sainsburys-meat-free-burgers-x8-454g;Sainsbury's Meat Free Burgers x8 454g;£1.80/unit;£3.96/kg;Meat free & vegetarian;meat-free-vegetarian;205;22.1;2.9;0.5;10.5;0.7;5.2;1.13;
sainsburys-meat-free-chicken-style-pieces-300g;Sainsbury's Meat Free Chicken Style Pieces 300g;£1.80/unit;£6.00/kg;Meat free & vegetarian;meat-free-vegetarian;246;20.3;3.6;0.5;15.5;1.0;5.6;1.11;
sainsburys-meat-gravy--taste-the-difference-320g;Sainsbury's Beef Gravy, Taste the Difference 320g;£1.50/unit;£0.44/100g;Cooking ingredients & oils;gravy;52;2.9;8.4;2.9;0.7;0.4;0;0.80;
sainsburys-meat-lasagne--basics-15kg-%28-serves-4-%29;Sainsbury's Beef Lasagne, Basics 1.5kg ( Serves 4 );£3.05/unit;£2.03/kg;Ready meals;italian-ready-meals;87;4.7;9.3;2.5;3.1;1.2;1.3;0.55;
sainsburys-meatballs-in-tomato-sauce--basics-392g;Sainsbury's Meatballs In Tomato Sauce, Basics 392g;£0.45/unit;£1.15/kg;Canned, tinned & packaged foods;canned-tinned-packaged-hot-meat-meals;129;4.2;12.3;6.0;7.0;1.5;0.4;0.8;
sainsburys-meatfree-meat-balls-380g;Sainsbury's Meatfree Meat Balls 380g;£1.80/unit;£4.74/kg;Meat free & vegetarian;meat-free-vegetarian;219;17.4;8.5;0.5;12.3;0.9;2.2;1.15;
sainsburys-meatfree-quarter-pounder-burgers-227g-7718052-p-44;Sainsbury's Meatfree Quarter Pounder Burgers 227g;£1.80/unit;£7.93/kg;Meat free & vegetarian;meat-free-vegetarian;200;19.8;5.1;0.5;10.3;0.8;3.9;1.05;
sainsburys-medijool-dates--taste-the-difference-200g;Sainsbury's Medjool Dates, Taste the Difference 200g;£2.15/unit;£10.75/kg;Fresh fruit;mango-exotic-fruit-dates-nuts;279;1.9;64.3;64.5;0.1;0;6.7;0.33;
sainsburys-medijool-dates--taste-the-difference-200g;Sainsbury's Medjool Dates, Taste the Difference 200g;£2.15/unit;£10.75/kg;Taste the Difference;taste-the-difference-185761-44;279;1.9;64.3;64.5;0.1;0;6.7;0.33;
sainsburys-mediterranean-bakes-x2-240g;Sainsbury's Mediterranean Bakes x2 240g;£1.80/unit;£7.50/kg;Meat free & vegetarian;meat-free-vegetarian;174;5.5;20.1;3.6;6.6;1.0;6.0;0.45;
sainsburys-mediterranean-chicken--taste-the-difference-415g;Sainsbury's Mediterranean Chicken & Pasta, Taste The Difference 380g;£3.60/unit;£9.47/kg;Ready meals;healthier-choice-ready-meals;136;7.4;16.8;4.6;3.8;0.9;2.4;0.49;
sainsburys-mediterranean-chicken--taste-the-difference-415g;Sainsbury's Mediterranean Chicken & Pasta, Taste The Difference 380g;£3.60/unit;£9.47/kg;Ready meals;meals-for-1-ready-meals;136;7.4;16.8;4.6;3.8;0.9;2.4;0.49;
sainsburys-mediterranean-chicken--taste-the-difference-415g;Sainsbury's Mediterranean Chicken & Pasta, Taste The Difference 380g;£3.60/unit;£9.47/kg;Ready meals;mediterranean-other-cuisine-ready-meals;136;7.4;16.8;4.6;3.8;0.9;2.4;0.49;
sainsburys-mediterranean-chicken--taste-the-difference-415g;Sainsbury's Mediterranean Chicken & Pasta, Taste The Difference 380g;£3.60/unit;£9.47/kg;Ready meals;taste-the-difference-bistro-ready-meals;136;7.4;16.8;4.6;3.8;0.9;2.4;0.49;
sainsburys-mediterranean-style-vegetable-quiche-400g;Sainsbury's Mediterranean Style Vegetable Quiche 400g;£2.40/unit;£0.60/100g;Pies, pasties & quiche;quiche;222;6.2;19.8;3.1;12.6;3.6;2.2;0.43;
sainsburys-mediterranean-style-vegetable-quiche-400g;Sainsbury's Mediterranean Style Vegetable Quiche 400g;£2.40/unit;£0.60/100g;Vegetarian & meat free;deli-meat-alternatives;222;6.2;19.8;3.1;12.6;3.6;2.2;0.43;
sainsburys-mediterranean-vegetable---balsamic-soup--taste-the-difference-600g;Sainsbury's Mediterranean Vegetable & Balsamic Soup, Taste the Difference 600g;£2.00/unit;£0.33/100g;Soup & lunchtime snacks;fresh-soups;36;1.1;4.8;4.6;1.0;0.2;1.6;0.29;
sainsburys-mediterranean-vegetable-sauce-350g;Sainsbury's Mediterranean Vegetable Sauce 350g;£1.40/unit;£0.40/100g;Pizza, pasta & garlic bread;fresh-pasta-sauces;62;1.7;7.7;6.9;2.5;0.4;1.2;0.30;
sainsburys-mediterranean-vegetable-sauce-350g;Sainsbury's Mediterranean Vegetable Sauce 350g;£1.40/unit;£0.40/100g;Vegetarian & meat free;vegetarian-meat-free-pizza-pasta;62;1.7;7.7;6.9;2.5;0.4;1.2;0.30;
sainsburys-mediterranean-vegetables-400g;Sainsbury's Mediterranean Vegetables 400g;£2.00/unit;£5.00/kg;Prepared & ready to eat;prepared-vegetables;39;1.0;5.3;5.3;1.1;0.2;1.9;0.02;
sainsburys-mediterranean-vegetables-400g;Sainsbury's Mediterranean Vegetables 400g;£2.00/unit;£5.00/kg;Ready meals;potato-vegetable-side-dishes;39;1.0;5.3;5.3;1.1;0.2;1.9;0.02;
sainsburys-medium-basted-whole-turkey-455kg;Sainsbury's Frozen Whole Basted Turkey, Medium (approx. 4.55kg serves 8-10);£17.00/unit;£4.36/kg;Meat & poultry;turkey-duck-game;154;31.1;1.3;0.5;2.6;0.9;0.5;0.52;
sainsburys-medium-cheddar--so-organic-270g;Sainsbury's Medium Cheddar, SO Organic 270g;£2.75/unit;£10.19/kg;Cheese;cheddar-british-regional-cheese;410;25.0;0.5;0.5;34.4;21.7;0.5;1.80;
sainsburys-medium-cheddar--so-organic-270g;Sainsbury's Medium Cheddar, SO Organic 270g;£2.75/unit;£10.19/kg;Cheese;cheeseboard-delights;410;25.0;0.5;0.5;34.4;21.7;0.5;1.80;
sainsburys-medium-cheddar--so-organic-270g;Sainsbury's Medium Cheddar, SO Organic 270g;£2.75/unit;£10.19/kg;Cheese;organic-taste-the-difference-cheese;410;25.0;0.5;0.5;34.4;21.7;0.5;1.80;
sainsburys-medium-chilli-cooking-sauce-500g;Sainsbury's Chilli Cooking Sauce, Medium 500g;£1.20/unit;£0.24/100g;Cooking sauces & world foods;mexican-cooking-sauces;77;2.7;11.2;6.7;1.6;0.2;3.3;0.61;
sainsburys-medium-crusty-bake-pork-pie-280g;Sainsbury's Crusty Bake Pork Pie, Medium 280g;£2.00/unit;£0.71/100g;Pies, pasties & quiche;hot-cold-pies;334;10.0;23.2;1.7;22.0;8.6;1.9;1.00;
sainsburys-medium-crusty-bake-pork-pie-280g;Sainsbury's Crusty Bake Pork Pie, Medium 280g;£2.00/unit;£0.71/100g;Pies, pasties & quiche;sausage-rolls-savouries;334;10.0;23.2;1.7;22.0;8.6;1.9;1.00;
sainsburys-medium-crusty-bake-pork-pie-280g;Sainsbury's Crusty Bake Pork Pie, Medium 280g;£2.00/unit;£0.71/100g;Soup & lunchtime snacks;lunchtime-snacks;334;10.0;23.2;1.7;22.0;8.6;1.9;1.00;
sainsburys-medium-curry-80g;Sainsbury's Medium Curry Powder 80g;£1.00/unit;£0.13/10g;Cooking ingredients & oils;chilli-curry-powder;328;13.3;25.8;3.1;12.9;1.4;null;8.13;
sainsburys-medium-curry-80g;Sainsbury's Medium Curry Powder 80g;£1.00/unit;£0.13/10g;Cooking ingredients & oils;herbs-spices-seasoning;328;13.3;25.8;3.1;12.9;1.4;null;8.13;
sainsburys-medium-egg-noodles-375g;Sainsbury's Medium Egg Noodles 375g;£1.40/unit;£3.73/kg;Cooking sauces & world foods;chinese-cooking-sauces;375;12.5;76.4;1.1;1.9;0.8;1.3;0.37;
sainsburys-medium-egg-noodles-375g;Sainsbury's Medium Egg Noodles 375g;£1.40/unit;£3.73/kg;Rice, pasta & noodles;noodles;375;12.5;76.4;1.1;1.9;0.8;1.3;0.37;
sainsburys-medium-food-bags-tie--basics-x40;Sainsbury's Medium Food Bags Tie, Basics x40;£0.60/unit;£0.02/ea;Bread;sandwich-bags-food-storage;null;null;null;null;null;null;null;null;
sainsburys-medium-reseal-food---freezer-bags-x20;Sainsbury's Food & Freezer Bags, Medium Reseal x20;£1.75/unit;£0.09/bag;Bread;sandwich-bags-food-storage;null;null;null;null;null;null;null;null;
sainsburys-medium-tie-handle-food---freezer-bags-x40;Sainsbury's Food & Freezer Bags, Medium Tie Handle x40;£1.50/unit;£0.04/bag;Bread;sandwich-bags-food-storage;null;null;null;null;null;null;null;null;
sainsburys-medium-vine-tomatoes--taste-the-difference-300g;Sainsbury's Medium Vine Tomatoes, Taste the Difference 300g;£1.75/unit;£5.83/kg;Fresh salad;fresh-salad-tomatoes;20;0.7;3.0;3.0;0.5;0.1;1.0;0.02;
sainsburys-medium-vine-tomatoes--taste-the-difference-300g;Sainsbury's Medium Vine Tomatoes, Taste the Difference 300g;£1.75/unit;£5.83/kg;Fresh vegetables;fresh-vegetables-tomatoes;20;0.7;3.0;3.0;0.5;0.1;1.0;0.02;
sainsburys-medium-vine-tomatoes--taste-the-difference-300g;Sainsbury's Medium Vine Tomatoes, Taste the Difference 300g;£1.75/unit;£5.83/kg;Taste the Difference;taste-the-difference-185761-44;20;0.7;3.0;3.0;0.5;0.1;1.0;0.02;
sainsburys-medium-white--be-good-to-yourself-270g;Sainsbury's Medium White, Be Good To Yourself 270g;£2.15/unit;£7.96/kg;Cheese;cheddar-british-regional-cheese;263;30.3;0.5;0.5;15.7;9.8;0.5;1.80;
sainsburys-medium-white--be-good-to-yourself-270g;Sainsbury's Medium White, Be Good To Yourself 270g;£2.15/unit;£7.96/kg;Cheese;cottage-cheese---healthier-choice;263;30.3;0.5;0.5;15.7;9.8;0.5;1.80;
sainsburys-medium-whole-chicken--%28approx-15-18kg%29;Sainsbury's Medium Whole Chicken, (approx. 1.5-1.8kg);£4.00/unit;£2.67/kg;Meat & poultry;frozen-chicken;202;29.0;0.5;0.5;9.5;2.6;0.5;0.13;
sainsburys-medium-wholemeal-bread--basics-800g;Sainsbury's Medium Wholemeal Bread, Basics 800g;£0.40/unit;£0.05/100g;Bread;wholemeal-brown-bread;231;9.9;39.7;3.6;2.1;0.4;6.8;0.89;
sainsburys-medium-zip---seal-food-bags-x20;Sainsbury's Food Bags, Medium Zip & Seal x20;£1.75/unit;£0.09/bag;Bread;sandwich-bags-food-storage;null;null;null;null;null;null;null;null;
sainsburys-medjool-dates--so-organic-200g;Sainsbury's Medjool Dates, SO Organic 200g;£2.15/unit;£10.75/kg;Fresh fruit;mango-exotic-fruit-dates-nuts;280;1.7;64;64;0.5;0.1;7.9;0.38;
sainsburys-medjool-dates--so-organic-200g;Sainsbury's Medjool Dates, SO Organic 200g;£2.15/unit;£10.75/kg;Organic;organic;280;1.7;64;64;0.5;0.1;7.9;0.38;
sainsburys-melba-toast-100g;Sainsbury's Melba Toast 100g;£0.85/unit;£0.85/100g;Biscuits & crackers;crackers-savoury-biscuits;374;13.1;75.1;2.5;2.4;1.1;4.6;2.00;
sainsburys-melba-toast-100g;Sainsbury's Melba Toast 100g;£0.85/unit;£0.85/100g;Biscuits & crackers;healthier-biscuits-crackers;374;13.1;75.1;2.5;2.4;1.1;4.6;2.00;
sainsburys-melon---grape-medley-190g;Sainsbury's Melon & Grape Medley 190g;£1.50/unit;£7.89/kg;Prepared & ready to eat;prepared-fruit;35;0.6;7.6;7.6;0.5;0.1;0.8;0.01;
sainsburys-melon---grape-medley-400g;Sainsbury's Melon & Grape Medley 400g;£2.00/unit;£5.00/kg;Prepared & ready to eat;prepared-fruit;36;0.6;7.7;7.7;0.5;0.1;0.7;0.03;
sainsburys-melon---pineapple-fingers-240g;Sainsbury's Melon & Pineapple Fingers 240g;£2.00/unit;£8.33/kg;Fresh fruit;melon-pineapple-kiwi;32;0.5;6.9;6.9;0.5;0.1;0.9;0.01;
sainsburys-melon---pineapple-fingers-240g;Sainsbury's Melon & Pineapple Fingers 240g;£2.00/unit;£8.33/kg;Prepared & ready to eat;prepared-fruit;32;0.5;6.9;6.9;0.5;0.1;0.9;0.01;
sainsburys-melon--strawberry---grape-180g;Sainsbury's Melon, Strawberry & Grape 180g;£1.50/unit;£8.33/kg;Prepared & ready to eat;prepared-fruit;38;0.5;8.2;8.2;0.5;0.1;0.9;0.01;
sainsburys-melon-medley-190g;Sainsbury's Melon Medley 190g;£1.50/unit;£7.89/kg;Fresh fruit;melon-pineapple-kiwi;29;0.5;5.9;5.9;0.5;0.1;0.6;0.01;
sainsburys-melon-medley-190g;Sainsbury's Melon Medley 190g;£1.50/unit;£7.89/kg;Prepared & ready to eat;prepared-fruit;29;0.5;5.9;5.9;0.5;0.1;0.6;0.01;
sainsburys-melon-medley-400g;Sainsbury's Melon Medley 400g;£2.00/unit;£5.00/kg;Fresh fruit;melon-pineapple-kiwi;29;0.5;6.0;6.0;0.5;0.1;0.6;0.01;
sainsburys-melon-medley-400g;Sainsbury's Melon Medley 400g;£2.00/unit;£5.00/kg;Prepared & ready to eat;prepared-fruit;29;0.5;6.0;6.0;0.5;0.1;0.6;0.01;
sainsburys-melt-in-middle-fish-pie-cakes--taste-the-difference-290g;Sainsbury's Melt In Middle Fish Pie Fishcakes, Taste the Difference 290g;£3.00/unit;£10.34/kg;Fish & seafood;fishcakes-breaded-fish;196;9.7;17.4;1.1;9.4;2.7;1.2;0.69;
sainsburys-melt-in-the-middle-choc-pudding-340g;Sainsbury's Melt In The Middle Choc Pudding 340g;£2.00/unit;£5.88/kg;Sugar & home baking;cake-sweet-mixes;418;7.8;45.9;39.1;21.7;11.9;3.9;0.25;
sainsburys-melting-middle-cod---parsley-sauce-fishcakes--taste-the-difference-x2-290g;Sainsbury's Melting Middle Cod & Parsley Sauce Fishcakes, Taste the Difference x2 290g;£3.00/unit;£10.34/kg;Breaded & coated;breaded-coated-fish-seafood;179;10.8;14.0;1.5;8.6;2.4;1.3;0.48;
sainsburys-melting-middle-cod---parsley-sauce-fishcakes--taste-the-difference-x2-290g;Sainsbury's Melting Middle Cod & Parsley Sauce Fishcakes, Taste the Difference x2 290g;£3.00/unit;£10.34/kg;Fish & seafood;fishcakes-breaded-fish;179;10.8;14.0;1.5;8.6;2.4;1.3;0.48;
sainsburys-melting-middle-cod---parsley-sauce-fishcakes--taste-the-difference-x2-290g;Sainsbury's Melting Middle Cod & Parsley Sauce Fishcakes, Taste the Difference x2 290g;£3.00/unit;£10.34/kg;Just Cook, prepared & sauces;fuss-free-fish-135654-44;179;10.8;14.0;1.5;8.6;2.4;1.3;0.48;
sainsburys-melting-middle-cod---parsley-sauce-fishcakes--taste-the-difference-x2-290g;Sainsbury's Melting Middle Cod & Parsley Sauce Fishcakes, Taste the Difference x2 290g;£3.00/unit;£10.34/kg;Organic & Taste the Difference;organic-taste-the-difference;179;10.8;14.0;1.5;8.6;2.4;1.3;0.48;
sainsburys-melting-middle-smoked-haddock-with-cheddar---leek-fishcakes--taste-the-difference-x2-290g;Sainsbury's Melting Middle Smoked Haddock With Cheddar & Leek Fishcakes, Taste the Difference x2 290g;£3.00/unit;£10.34/kg;Breaded & coated;breaded-coated-fish-seafood;206;10.8;18.5;0.7;9.5;1.3;1.4;0.73;
sainsburys-melting-middle-smoked-haddock-with-cheddar---leek-fishcakes--taste-the-difference-x2-290g;Sainsbury's Melting Middle Smoked Haddock With Cheddar & Leek Fishcakes, Taste the Difference x2 290g;£3.00/unit;£10.34/kg;Fish & seafood;fishcakes-breaded-fish;206;10.8;18.5;0.7;9.5;1.3;1.4;0.73;
sainsburys-melting-middle-smoked-haddock-with-cheddar---leek-fishcakes--taste-the-difference-x2-290g;Sainsbury's Melting Middle Smoked Haddock With Cheddar & Leek Fishcakes, Taste the Difference x2 290g;£3.00/unit;£10.34/kg;Just Cook, prepared & sauces;fuss-free-fish-135654-44;206;10.8;18.5;0.7;9.5;1.3;1.4;0.73;
sainsburys-melting-middle-smoked-haddock-with-cheddar---leek-fishcakes--taste-the-difference-x2-290g;Sainsbury's Melting Middle Smoked Haddock With Cheddar & Leek Fishcakes, Taste the Difference x2 290g;£3.00/unit;£10.34/kg;Organic & Taste the Difference;organic-taste-the-difference;206;10.8;18.5;0.7;9.5;1.3;1.4;0.73;
sainsburys-melton-mowbray-individual-pork-pie-140g;Sainsbury's Melton Mowbray Pork Pie 140g;£1.20/unit;£0.86/100g;Pies, pasties & quiche;hot-cold-pies;359;12.8;22.6;2.0;23.8;7.8;1.4;0.95;
sainsburys-melton-mowbray-individual-pork-pie-140g;Sainsbury's Melton Mowbray Pork Pie 140g;£1.20/unit;£0.86/100g;Pies, pasties & quiche;sausage-rolls-savouries;359;12.8;22.6;2.0;23.8;7.8;1.4;0.95;
sainsburys-melton-mowbray-individual-pork-pie-140g;Sainsbury's Melton Mowbray Pork Pie 140g;£1.20/unit;£0.86/100g;Soup & lunchtime snacks;lunchtime-snacks;359;12.8;22.6;2.0;23.8;7.8;1.4;0.95;
sainsburys-melton-mowbray-large-pork-pie-440g;Sainsbury's Melton Mowbray Pork Pie, Large 440g;£2.50/unit;£0.57/100g;Pies, pasties & quiche;hot-cold-pies;349;11.9;20.3;1.4;24.2;8.9;1.1;1.07;
sainsburys-melton-mowbray-large-pork-pie-440g;Sainsbury's Melton Mowbray Pork Pie, Large 440g;£2.50/unit;£0.57/100g;Pies, pasties & quiche;sausage-rolls-savouries;349;11.9;20.3;1.4;24.2;8.9;1.1;1.07;
sainsburys-melton-mowbray-medium-pork-pie-280g;Sainsbury's Melton Mowbray Pork Pie, Medium 280g;£2.00/unit;£0.71/100g;Pies, pasties & quiche;hot-cold-pies;349;11.5;25.8;0.7;21.9;8.1;1.4;1.07;
sainsburys-melton-mowbray-medium-pork-pie-280g;Sainsbury's Melton Mowbray Pork Pie, Medium 280g;£2.00/unit;£0.71/100g;Pies, pasties & quiche;sausage-rolls-savouries;349;11.5;25.8;0.7;21.9;8.1;1.4;1.07;
sainsburys-melton-mowbray-mini-pork-pies-x6-300g;Sainsbury's Melton Mowbray Pork Pie Mini x6 300g;£2.20/unit;£0.73/100g;Pies, pasties & quiche;hot-cold-pies;350;11.6;27.0;2.0;21.4;9.0;1.3;1.11;
sainsburys-melton-mowbray-mini-pork-pies-x6-300g;Sainsbury's Melton Mowbray Pork Pie Mini x6 300g;£2.20/unit;£0.73/100g;Pies, pasties & quiche;sausage-rolls-savouries;350;11.6;27.0;2.0;21.4;9.0;1.3;1.11;
sainsburys-melton-mowbray-snack-pork-pies-x2-150g;Sainsbury's Melton Mowbray Pork Pies, Snack x2 150g;£1.30/unit;£0.87/100g;Pies, pasties & quiche;hot-cold-pies;356;11.2;26.6;1.8;22.5;7.5;1.3;1.07;
sainsburys-melton-mowbray-snack-pork-pies-x2-150g;Sainsbury's Melton Mowbray Pork Pies, Snack x2 150g;£1.30/unit;£0.87/100g;Pies, pasties & quiche;sausage-rolls-savouries;356;11.2;26.6;1.8;22.5;7.5;1.3;1.07;
sainsburys-melton-mowbray-snack-pork-pies-x2-150g;Sainsbury's Melton Mowbray Pork Pies, Snack x2 150g;£1.30/unit;£0.87/100g;Soup & lunchtime snacks;lunchtime-snacks;356;11.2;26.6;1.8;22.5;7.5;1.3;1.07;
sainsburys-melton-mowbray-snack-pork-pies-x4-300g;Sainsbury's Melton Mowbray Pork Pies, Snack x4 300g;£2.00/unit;£0.67/100g;Pies, pasties & quiche;hot-cold-pies;356;11.2;26.6;1.8;22.5;7.5;1.3;1.07;
sainsburys-melton-mowbray-snack-pork-pies-x4-300g;Sainsbury's Melton Mowbray Pork Pies, Snack x4 300g;£2.00/unit;£0.67/100g;Pies, pasties & quiche;sausage-rolls-savouries;356;11.2;26.6;1.8;22.5;7.5;1.3;1.07;
sainsburys-meringue-nests--taste-the-difference-108g-x8;Sainsbury's Meringue Nests, Taste the Difference 108g x8;£1.60/unit;£1.48/100g;Fruit & desserts;meringues-bases;386;4.8;91.2;91.2;0.5;0.1;0.5;0.28;
sainsburys-meringue-nests-x8-124g;Sainsbury's Meringue Nests x8 124g;£1.20/unit;£0.97/100g;Fruit & desserts;meringues-bases;393;4.2;93.6;91.1;0.5;0.1;0.5;0.25;
sainsburys-meringue-shells--taste-the-difference-784g;Sainsbury's Mini Meringue Shells, Taste the Difference x16;£1.50/unit;£1.91/100g;Fruit & desserts;meringues-bases;386;4.8;91.2;91.2;0.5;0.1;0.5;0.28;
sainsburys-meringue-shells-x12;Sainsbury's Meringue Shells x12;£1.60/unit;£0.13/ea;Fruit & desserts;meringues-bases;393;4.2;93.6;91.1;0.5;0.1;0.5;0.25;
sainsburys-mexican-bean-burger-240g;Sainsbury's Mexican Bean Burger 240g;£2.30/unit;£9.58/kg;Ready meals;healthier-choice-ready-meals;212;5.4;29.1;8.3;6.9;0.6;6.0;0.85;
sainsburys-mexican-bean-burger-240g;Sainsbury's Mexican Bean Burger 240g;£2.30/unit;£9.58/kg;Ready meals;mexican-caribbean-american-ready-meals;212;5.4;29.1;8.3;6.9;0.6;6.0;0.85;
sainsburys-mexican-bean-burger-240g;Sainsbury's Mexican Bean Burger 240g;£2.30/unit;£9.58/kg;Ready meals;potato-vegetable-side-dishes;212;5.4;29.1;8.3;6.9;0.6;6.0;0.85;
sainsburys-mexican-bean-burger-240g;Sainsbury's Mexican Bean Burger 240g;£2.30/unit;£9.58/kg;Ready meals;vegetarian-ready-meals;212;5.4;29.1;8.3;6.9;0.6;6.0;0.85;
sainsburys-mexican-bean-burger-240g;Sainsbury's Mexican Bean Burger 240g;£2.30/unit;£9.58/kg;Vegetarian & meat free;deli-meat-alternatives;212;5.4;29.1;8.3;6.9;0.6;6.0;0.85;
sainsburys-mexican-beef-quarter-pounder-454g;Sainsbury's Mexican Beef Quarter Pounder 454g;£2.00/unit;£4.41/kg;Meat & poultry;frozen-beef;272;23.7;3.0;0.7;18.4;8.2;0.5;0.54;
sainsburys-mexican-beef-quarter-pounder-454g;Sainsbury's Mexican Beef Quarter Pounder 454g;£2.00/unit;£4.41/kg;Meat & poultry;frozen-burgers-sausages;272;23.7;3.0;0.7;18.4;8.2;0.5;0.54;
sainsburys-mexican-chicken---chorizo-rice-400g;Sainsbury's Mexican Chicken & Chorizo Rice 400g;£3.00/unit;£6.67/kg;Ready meals;meals-for-1-ready-meals;135;7.6;16.5;3.2;4.0;0.9;1.4;0.58;
sainsburys-mexican-chicken---chorizo-rice-400g;Sainsbury's Mexican Chicken & Chorizo Rice 400g;£3.00/unit;£6.67/kg;Ready meals;mexican-caribbean-american-ready-meals;135;7.6;16.5;3.2;4.0;0.9;1.4;0.58;
sainsburys-mexican-chicken---chorizo-rice-400g;Sainsbury's Mexican Chicken & Chorizo Rice 400g;£3.00/unit;£6.67/kg;Soup & lunchtime snacks;lunchtime-snacks;135;7.6;16.5;3.2;4.0;0.9;1.4;0.58;
sainsburys-mexican-chicken-enchiladas-450g;Sainsbury's Mexican Chicken Enchiladas 450g;£3.00/unit;£6.67/kg;Ready meals;mexican-caribbean-american-ready-meals;150;7.5;16.2;4.3;5.7;2.2;2.1;0.62;
sainsburys-mexican-orange-blossom-honey--taste-the-difference-340g;Sainsbury's Mexican Orange Blossom Honey, Taste the Difference 340g;£2.80/unit;£0.82/100g;Jams, honey & spreads;honey;329;0.5;82;81;0.5;0.2;0.5;0.03;
sainsburys-mexican-spice-blend-50g;Sainsbury's Mexican Spice Blend 50g;£2.50/unit;£0.50/10g;Cooking ingredients & oils;herbs-spices-seasoning;329;12.0;41.0;24.6;8.9;3.2;18.3;6.30;
sainsburys-mexican-sweetcorn-soup--taste-the-difference-600g;Sainsbury's Mexican Sweetcorn & Chilli Soup, Taste the Difference 600g;£2.00/unit;£0.33/100g;Soup & lunchtime snacks;fresh-soups;63;2.4;7.2;3.9;2.2;0.5;3.0;0.43;
sainsburys-mexican-tomato-salsa-soup-600g;Sainsbury's Mexican Tomato Salsa Soup 600g;£1.40/unit;£0.23/100g;Soup & lunchtime snacks;fresh-soups;37;1.3;6.0;4.7;0.8;0.1;null;0.35;
sainsburys-micro-bake-beans-2x200g;Sainsbury's Baked Beans 2x200g;£0.90/unit;£2.25/kg;Canned, tinned & packaged foods;baked-beans-canned-pasta;106;5.2;17.8;4.4;0.5;0.1;4.6;0.75;
sainsburys-micro-easter-eggs-100g;Sainsbury's Micro Easter Eggs 100g;£1.00/unit;£1.00/100g;Confectionery;chocolate;497;3.8;70.7;66.0;21.9;13.6;1.3;0.10;
sainsburys-micro-easter-eggs-100g;Sainsbury's Micro Easter Eggs 100g;£1.00/unit;£1.00/100g;Confectionery;easter-eggs;497;3.8;70.7;66.0;21.9;13.6;1.3;0.10;
sainsburys-micro-pot-bbq-pulled-pork---bean-350g;Sainsbury's Micro Pot BBQ Pulled Pork & Bean 350g;£2.00/unit;£5.71/kg;Cooking sauces & world foods;world-foods-instant-snack-meals;86;5.2;13.8;6.5;0.7;0.2;1.9;0.50;
sainsburys-micro-pot-bbq-pulled-pork---bean-350g;Sainsbury's Micro Pot BBQ Pulled Pork & Bean 350g;£2.00/unit;£5.71/kg;Rice, pasta & noodles;instant-snack-meals;86;5.2;13.8;6.5;0.7;0.2;1.9;0.50;
sainsburys-micro-pot-chickpea---chorizo-250g;Sainsbury's Micro Pot Chickpea & Chorizo 250g;£2.00/unit;£8.00/kg;Cooking sauces & world foods;world-foods-instant-snack-meals;96;4.2;11.9;2.9;2.8;0.7;3.0;0.65;
sainsburys-micro-pot-chickpea---chorizo-250g;Sainsbury's Micro Pot Chickpea & Chorizo 250g;£2.00/unit;£8.00/kg;Rice, pasta & noodles;instant-snack-meals;96;4.2;11.9;2.9;2.8;0.7;3.0;0.65;
sainsburys-micro-pot-med-vegetable-fusilli-250g;Sainsbury's Micro Pot Mediterranean Vegetable Fusilli Pasta 250g;£2.00/unit;£8.00/kg;Cooking sauces & world foods;world-foods-instant-snack-meals;73;3.1;10.7;3.7;1.5;0.7;1.9;0.60;
sainsburys-micro-pot-med-vegetable-fusilli-250g;Sainsbury's Micro Pot Mediterranean Vegetable Fusilli Pasta 250g;£2.00/unit;£8.00/kg;Rice, pasta & noodles;instant-snack-meals;73;3.1;10.7;3.7;1.5;0.7;1.9;0.60;
sainsburys-micro-pot-moroccan-73g;Sainsbury's Grain Pot Moroccan 73g;£1.00/unit;£13.70/kg;Cooking sauces & world foods;world-foods-instant-snack-meals;133;4.7;23.6;3.9;1.6;0.4;2.9;0.30;
sainsburys-micro-pot-moroccan-73g;Sainsbury's Grain Pot Moroccan 73g;£1.00/unit;£13.70/kg;Rice, pasta & noodles;instant-snack-meals;133;4.7;23.6;3.9;1.6;0.4;2.9;0.30;
sainsburys-micro-pot-sweet---sour-chicken-350g;Sainsbury's Micro Pot Sweet & Sour Chicken 350g;£2.00/unit;£5.71/kg;Cooking sauces & world foods;world-foods-instant-snack-meals;107;3.6;20.9;14.7;0.8;0.4;1.0;0.65;
sainsburys-micro-pot-sweet---sour-chicken-350g;Sainsbury's Micro Pot Sweet & Sour Chicken 350g;£2.00/unit;£5.71/kg;Rice, pasta & noodles;instant-snack-meals;107;3.6;20.9;14.7;0.8;0.4;1.0;0.65;
sainsburys-micro-rice-wholegrain-basmati-250g;Sainsbury's Brown Basmati Rice 250g;£0.50/unit;£2.00/kg;Rice, pasta & noodles;rice-12592-44;168;4.1;30.5;0.5;3.0;0.4;1.4;0.20;
sainsburys-microwave-basmati-rice;Sainsbury's Basmati Rice 250g;£0.50/unit;£2.00/kg;Rice, pasta & noodles;rice-12592-44;161;3.8;30.8;0.5;2.2;0.3;1.3;0.21;
sainsburys-microwave-pilau-rice;Sainsbury's Pilau Rice 250g;£0.50/unit;£2.00/kg;Rice, pasta & noodles;rice-12592-44;137;3.0;25.6;0.6;2.2;0.3;1.3;0.60;
sainsburys-microwaveable-long-grain-rice-250g;Sainsbury's Long Grain White Rice 250g;£0.50/unit;£2.00/kg;Rice, pasta & noodles;rice-12592-44;156;3.1;32.1;0.5;1.3;0.2;1.7;0.21;
sainsburys-midget-gems--basics-250g;Sainsbury's Midget Gems, Basics 250g;£0.50/unit;£0.20/100g;Confectionery;sweets;341;1.2;82;55;0.7;0.5;0.7;0.16;
sainsburys-midi-plum-sundream-tomatoes--taste-the-difference-225g;Sainsbury's Midi Plum Sundream Tomatoes, Taste the Difference 225g;£1.75/unit;£7.78/kg;Fresh salad;fresh-salad-tomatoes;20;0.7;3.0;3.0;0.5;0.1;1.0;0.02;
sainsburys-midi-plum-sundream-tomatoes--taste-the-difference-225g;Sainsbury's Midi Plum Sundream Tomatoes, Taste the Difference 225g;£1.75/unit;£7.78/kg;Fresh vegetables;fresh-vegetables-tomatoes;20;0.7;3.0;3.0;0.5;0.1;1.0;0.02;
sainsburys-midi-plum-sundream-tomatoes--taste-the-difference-225g;Sainsbury's Midi Plum Sundream Tomatoes, Taste the Difference 225g;£1.75/unit;£7.78/kg;Taste the Difference;taste-the-difference-185761-44;20;0.7;3.0;3.0;0.5;0.1;1.0;0.02;
sainsburys-milano-salami-43g;Sainsbury's Italian Milano Salami Slices 43g;£1.00/unit;£2.33/100g;Cooked meats & snacking;mfp-continental-meats;398;26.9;1.0;0.5;31.8;12.0;0.5;3.80;
sainsburys-milano-salami-43g;Sainsbury's Italian Milano Salami Slices 43g;£1.00/unit;£2.33/100g;Cooked meats, pate & sandwich fillers;continental-meats;398;26.9;1.0;0.5;31.8;12.0;0.5;3.80;
sainsburys-mild-cheddar--so-organic-270g;Sainsbury's Mild Cheddar, SO Organic 270g;£2.75/unit;£10.19/kg;Cheese;cheddar-british-regional-cheese;410;25.0;0.5;0.5;34.4;21.7;0.5;1.80;
sainsburys-mild-cheddar--so-organic-270g;Sainsbury's Mild Cheddar, SO Organic 270g;£2.75/unit;£10.19/kg;Cheese;cheeseboard-delights;410;25.0;0.5;0.5;34.4;21.7;0.5;1.80;
sainsburys-mild-cheddar--so-organic-270g;Sainsbury's Mild Cheddar, SO Organic 270g;£2.75/unit;£10.19/kg;Cheese;organic-taste-the-difference-cheese;410;25.0;0.5;0.5;34.4;21.7;0.5;1.80;
sainsburys-mild-cheddar-portions--so-organic-6x20g;Sainsbury's Mild Cheddar Sticks, SO Organic 6x20g;£1.89/unit;£15.75/kg;Cheese;cheddar-british-regional-cheese;410;25.0;0.5;0.5;34.4;21.7;0.5;1.68;
sainsburys-mild-cheddar-portions--so-organic-6x20g;Sainsbury's Mild Cheddar Sticks, SO Organic 6x20g;£1.89/unit;£15.75/kg;Cheese;organic-taste-the-difference-cheese;410;25.0;0.5;0.5;34.4;21.7;0.5;1.68;
sainsburys-mild-cheddar-portions--so-organic-6x20g;Sainsbury's Mild Cheddar Sticks, SO Organic 6x20g;£1.89/unit;£15.75/kg;Cheese;snacking-lunchbox-cheese;410;25.0;0.5;0.5;34.4;21.7;0.5;1.68;
sainsburys-mild-cheese-slices--basics-288g;Sainsbury's Mild Cheddar Slices, Basics 288g;£1.65/unit;£5.73/kg;Cheese;cheddar-british-regional-cheese;390;25.5;0.5;0.5;32.0;20.8;0.5;1.80;
sainsburys-mild-cheese-slices--basics-288g;Sainsbury's Mild Cheddar Slices, Basics 288g;£1.65/unit;£5.73/kg;Cheese;sliced-grated-cheese;390;25.5;0.5;0.5;32.0;20.8;0.5;1.80;
sainsburys-mild-cheese-spread-200g;Sainsbury's Mild Cheese Spread 200g;£1.10/unit;£5.50/kg;Cheese;snacking-lunchbox-cheese;263;10.0;8.5;8.5;21.0;13.2;0.5;1.90;
sainsburys-mild-chicken-fajita-450g;Sainsbury's Mild Chicken Fajita 450g;£3.00/unit;£6.67/kg;Ready meals;meals-for-1-ready-meals;176;8.3;19.6;4.6;6.8;1.6;2.0;0.54;
sainsburys-mild-chicken-fajita-450g;Sainsbury's Mild Chicken Fajita 450g;£3.00/unit;£6.67/kg;Ready meals;mexican-caribbean-american-ready-meals;176;8.3;19.6;4.6;6.8;1.6;2.0;0.54;
sainsburys-mild-chilli-powder-44g;Sainsbury's Mild Chilli Powder 44g;£1.00/unit;£0.23/10g;Cooking ingredients & oils;chilli-curry-powder;null;null;null;null;null;null;null;null;
sainsburys-mild-chilli-powder-44g;Sainsbury's Mild Chilli Powder 44g;£1.00/unit;£0.23/10g;Cooking ingredients & oils;herbs-spices-seasoning;null;null;null;null;null;null;null;null;
sainsburys-mild-chip-shop-chicken-curry-400g;Sainsbury's Chip Shop Chicken Curry, Mild 400g;£1.50/unit;£3.75/kg;Canned, tinned & packaged foods;canned-tinned-packaged-hot-meat-meals;118;11.4;8.4;2.7;4.3;0.5;0.4;0.65;
sainsburys-mild-curry-powder-79g;Sainsbury's Mild Curry Powder 79g;£1.00/unit;£0.13/10g;Cooking ingredients & oils;chilli-curry-powder;312;11.9;24.2;3.3;12.0;1.3;null;7.75;
sainsburys-mild-curry-powder-79g;Sainsbury's Mild Curry Powder 79g;£1.00/unit;£0.13/10g;Cooking ingredients & oils;herbs-spices-seasoning;312;11.9;24.2;3.3;12.0;1.3;null;7.75;
sainsburys-mild-grated-cheddar--basics-250g;Sainsbury's Mild Grated Cheddar, Basics 250g;£1.50/unit;£6.00/kg;Cheese;cheddar-british-regional-cheese;389;25.0;1.7;0.5;31.4;20.4;0.5;1.78;
sainsburys-mild-grated-cheddar--basics-250g;Sainsbury's Mild Grated Cheddar, Basics 250g;£1.50/unit;£6.00/kg;Cheese;sliced-grated-cheese;389;25.0;1.7;0.5;31.4;20.4;0.5;1.78;
sainsburys-mild-smoked-salmon-180g-6838963-p-44;Sainsbury's Mild Smoked Salmon 180g;£4.00/unit;£2.22/100g;Fish & seafood;canapes-snacking;188;23.6;0.1;0.1;10.4;2.0;0.5;2.93;
sainsburys-mild-smoked-salmon-180g-6838963-p-44;Sainsbury's Mild Smoked Salmon 180g;£4.00/unit;£2.22/100g;Fish & seafood;smoked-fish;188;23.6;0.1;0.1;10.4;2.0;0.5;2.93;
sainsburys-mild-smoked-salmon-60g;Sainsbury's Scottish Mild Smoked Salmon 60g;£1.85/unit;£3.08/100g;Cooked meats & snacking;mfp-cooked-fish-seafood;188;23.6;0.1;0.1;10.4;2.0;0.5;2.93;
sainsburys-mild-smoked-salmon-60g;Sainsbury's Scottish Mild Smoked Salmon 60g;£1.85/unit;£3.08/100g;Cooked meats, pate & sandwich fillers;cooked-fish-seafood;188;23.6;0.1;0.1;10.4;2.0;0.5;2.93;
sainsburys-mild-smoked-salmon-60g;Sainsbury's Scottish Mild Smoked Salmon 60g;£1.85/unit;£3.08/100g;Fish & seafood;canapes-snacking;188;23.6;0.1;0.1;10.4;2.0;0.5;2.93;
sainsburys-mild-smoked-salmon-60g;Sainsbury's Scottish Mild Smoked Salmon 60g;£1.85/unit;£3.08/100g;Fish & seafood;smoked-fish;188;23.6;0.1;0.1;10.4;2.0;0.5;2.93;
sainsburys-mild-smoked-salmon-60g;Sainsbury's Scottish Mild Smoked Salmon 60g;£1.85/unit;£3.08/100g;Great prices on meat & fish;great-prices-on-meat---fish;188;23.6;0.1;0.1;10.4;2.0;0.5;2.93;
sainsburys-mild-white--basics-300g;Sainsbury's Mild White Cheddar, Basics 300g;£2.00/unit;£6.67/kg;Cheese;cheddar-british-regional-cheese;394;25.5;1.0;0.5;32.0;20.8;0.5;1.80;
sainsburys-mild-white--basics-625g;Sainsbury's Mild White Cheddar, Basics 625g;£4.00/unit;£6.40/kg;Cheese;cheddar-british-regional-cheese;390;25.5;0.5;0.5;32.0;20.8;0.5;1.80;
sainsburys-mild-white-cheese--basics-1kg;Sainsbury's Mild White Cheddar, Basics 1kg;£4.50/unit;£4.50/kg;Cheese;cheddar-british-regional-cheese;390;25.5;0.5;0.5;32.0;20.8;0.5;1.80;
sainsburys-milk-bottles-75g;Sainsbury's Milk Bottles 75g;£0.40/unit;£0.53/100g;Confectionery;sweets;345;4.8;79.3;63.4;0.5;0.3;2.0;0.06;
sainsburys-milk-choc-chip-cookie-70g;Sainsbury's Milk Choc Chip Cookie 70g;£0.55/unit;£0.79/100g;Biscuits & crackers;cookies;457;5.9;60.8;41.2;20.7;10.2;2.1;0.60;
sainsburys-milk-choc-chip-cookie-70g;Sainsbury's Milk Choc Chip Cookie 70g;£0.55/unit;£0.79/100g;Cakes;flapjacks-traybakes-bites;457;5.9;60.8;41.2;20.7;10.2;2.1;0.60;
sainsburys-milk-choc-double-take-x9;Sainsbury's Milk Choc Double Take x9;£0.85/unit;£0.44/100g;Biscuits & crackers;biscuits-crackers-kids-lunchbox;534;5.8;61.0;51.8;29.3;18.8;1.7;0.15;
sainsburys-milk-choc-double-take-x9;Sainsbury's Milk Choc Double Take x9;£0.85/unit;£0.44/100g;Biscuits & crackers;chocolate-biscuits;534;5.8;61.0;51.8;29.3;18.8;1.7;0.15;
sainsburys-milk-choc-ices-x8-560ml;Sainsbury's Choc Ices, Milk x8 560ml;£1.00/unit;£0.18/100ml;Ice cream & desserts;lollies-bars-cones;340;2.8;31.9;30.3;22.1;19.2;1.2;0.18;
sainsburys-milk-choccolate-flapjack-bites-x18;Sainsbury's Milk Choccolate Flapjack Bites x18;£1.60/unit;£0.09/ea;Cakes;cakes-from-our-bakery-12374-44;null;null;null;null;null;null;null;null;
sainsburys-milk-choccolate-flapjack-bites-x18;Sainsbury's Milk Choccolate Flapjack Bites x18;£1.60/unit;£0.09/ea;From our in store bakery;cakes-from-our-bakery;null;null;null;null;null;null;null;null;
sainsburys-milk-chocolate---caramel--taste-the-difference-100g;Sainsbury's Milk Chocolate & Caramel, Taste the Difference 100g;£1.40/unit;£1.40/100g;Confectionery;chocolate;496;4.4;59.0;58.3;26.6;16.6;1.4;0.40;
sainsburys-milk-chocolate---caramel--taste-the-difference-100g;Sainsbury's Milk Chocolate & Caramel, Taste the Difference 100g;£1.40/unit;£1.40/100g;Confectionery;premium-chocolate;496;4.4;59.0;58.3;26.6;16.6;1.4;0.40;
sainsburys-milk-chocolate--basics-100g;Sainsbury's Milk Chocolate, Basics 100g;£0.35/unit;£0.35/100g;Confectionery;chocolate;513;5.9;62;61;26;17;2.2;0.25;
sainsburys-milk-chocolate--fairtrade-200g;Sainsbury's Milk Chocolate, Fairtrade 200g;£1.35/unit;£0.68/100g;Confectionery;chocolate;538;8.4;52.8;51.7;31.9;20.2;2.9;0.20;
sainsburys-milk-chocolate-brazils-160g;Sainsbury's Milk Chocolate Brazils 160g;£1.25/unit;£0.78/100g;Confectionery;gifting-boxed-chocolate;547;10.0;46.5;41.0;34.3;15.2;6.2;0.20;
sainsburys-milk-chocolate-buttons-70g;Sainsbury's Milk Chocolate Buttons 70g;£0.40/unit;£0.57/100g;Confectionery;chocolate;542;7.5;56.0;54.4;31.3;18.9;3.0;0.35;
sainsburys-milk-chocolate-chicks-84g;Sainsbury's Milk Chocolate Chicks 84g;£1.00/unit;£1.19/100g;Confectionery;easter-eggs;560;5.1;59.6;55.9;32.9;20.7;2.4;0.18;
sainsburys-milk-chocolate-chip-brioche-roll-x8;Sainsbury's Milk Chocolate Chip Brioche Roll x8;£1.65/unit;£0.21/ea;Croissants, brioche & pastries;croissants-brioche-pastries;353;8.7;51.1;17.4;12.2;4.6;1.8;0.95;
sainsburys-milk-chocolate-chip-cookies-x20;Sainsbury's Milk Chocolate Chip Cookies x20;£1.60/unit;£0.08/ea;Biscuits & crackers;cookies;null;null;null;null;null;null;null;null;
sainsburys-milk-chocolate-chip-cookies-x20;Sainsbury's Milk Chocolate Chip Cookies x20;£1.60/unit;£0.08/ea;Cakes;cakes-from-our-bakery-12374-44;null;null;null;null;null;null;null;null;
sainsburys-milk-chocolate-chip-cookies-x20;Sainsbury's Milk Chocolate Chip Cookies x20;£1.60/unit;£0.08/ea;Cakes;doughnuts-cookies;null;null;null;null;null;null;null;null;
sainsburys-milk-chocolate-chip-cookies-x20;Sainsbury's Milk Chocolate Chip Cookies x20;£1.60/unit;£0.08/ea;From our in store bakery;cakes-from-our-bakery;null;null;null;null;null;null;null;null;
sainsburys-milk-chocolate-chip-cookies-x20;Sainsbury's Milk Chocolate Chip Cookies x20;£1.60/unit;£0.08/ea;From our in store bakery;instore-bakery-doughnuts-cookies;null;null;null;null;null;null;null;null;
sainsburys-milk-chocolate-chips-100g;Sainsbury's Milk Chocolate Chips 100g;£0.80/unit;£0.80/100g;Sugar & home baking;cooking-chocolate;513;5.8;61.4;60.2;26.5;16.7;2.7;0.29;
sainsburys-milk-chocolate-cookies--taste-the-difference-x4;Sainsbury's Cookies, Milk Chocolate, Taste the Difference x4;£1.50/unit;£0.38/ea;Biscuits & crackers;cookies;null;null;null;null;null;null;null;null;
sainsburys-milk-chocolate-cookies--taste-the-difference-x4;Sainsbury's Cookies, Milk Chocolate, Taste the Difference x4;£1.50/unit;£0.38/ea;Cakes;doughnuts-cookies;null;null;null;null;null;null;null;null;
sainsburys-milk-chocolate-cookies--taste-the-difference-x4;Sainsbury's Cookies, Milk Chocolate, Taste the Difference x4;£1.50/unit;£0.38/ea;From our in store bakery;instore-bakery-doughnuts-cookies;null;null;null;null;null;null;null;null;
sainsburys-milk-chocolate-cornflake-bites-x20;Sainsbury's Milk Chocolate Cornflake Bites x20;£1.60/unit;£0.08/ea;Cakes;cakes-from-our-bakery-12374-44;null;null;null;null;null;null;null;null;
sainsburys-milk-chocolate-cornflake-bites-x20;Sainsbury's Milk Chocolate Cornflake Bites x20;£1.60/unit;£0.08/ea;From our in store bakery;cakes-from-our-bakery;null;null;null;null;null;null;null;null;
sainsburys-milk-chocolate-digestive-biscuits-400g;Sainsbury's Milk Chocolate Digestive Biscuits 400g;£1.15/unit;£0.29/100g;Biscuits & crackers;chocolate-biscuits;499;6.6;62.7;29.7;23.9;12.3;3.1;1.09;
sainsburys-milk-chocolate-digestives--basics-300g;Sainsbury's Milk Chocolate Digestives, Basics 300g;£0.50/unit;£0.17/100g;Biscuits & crackers;chocolate-biscuits;496;6.5;62.9;28.2;23.7;12.1;2.9;0.93;
sainsburys-milk-chocolate-eggs-83g;Sainsbury's Milk Chocolate Eggs 84g;£1.00/unit;£1.20/100g;Confectionery;easter-eggs;560;5.1;59.6;55.9;32.9;20.7;2.4;0.18;
sainsburys-milk-chocolate-honeycomb-125g;Sainsbury's Milk Chocolate Honeycomb 125g;£2.00/unit;£1.60/100g;Confectionery;gifting-boxed-chocolate;496;4.1;73.9;61.2;20.1;12.2;1.5;0.75;
sainsburys-milk-chocolate-indulgence-x4-480ml;Sainsbury's Indulgence Ice Cream, Milk Chocolate 4x120ml;£2.00/unit;£0.42/100ml;Ice cream & desserts;lollies-bars-cones;312;3.4;30.8;28.7;19.3;12.4;1.0;0.22;
sainsburys-milk-chocolate-malted-milk-biscuits-250g;Sainsbury's Milk Chocolate Malted Milk Biscuits 250g;£1.15/unit;£0.46/100g;Biscuits & crackers;chocolate-biscuits;505;6.4;64.4;29.6;24.2;12.4;2.1;0.70;
sainsburys-milk-chocolate-peanuts-227g;Sainsbury's Milk Chocolate Peanuts 227g;£0.95/unit;£0.42/100g;Confectionery;chocolate;564;14;37;37;38;13;6.8;0.10;
sainsburys-milk-chocolate-peanuts-227g;Sainsbury's Milk Chocolate Peanuts 227g;£0.95/unit;£0.42/100g;Crisps, nuts & snacking fruit;nuts;564;14;37;37;38;13;6.8;0.10;
sainsburys-milk-chocolate-raisins-227g;Sainsbury's Milk Chocolate Raisins 227g;£0.95/unit;£0.42/100g;Confectionery;chocolate;435;4.4;69;62;15;8.9;3.2;0.14;
sainsburys-milk-chocolate-raisins-227g;Sainsbury's Milk Chocolate Raisins 227g;£0.95/unit;£0.42/100g;Crisps, nuts & snacking fruit;snacking-fruit-seeds;435;4.4;69;62;15;8.9;3.2;0.14;
sainsburys-milk-chocolate-rich-tea-biscuits-300g;Sainsbury's Milk Chocolate Rich Tea Biscuits 250g;£0.90/unit;£0.36/100g;Biscuits & crackers;chocolate-biscuits;482;7.2;66.7;31.6;19.8;10.1;4.2;0.55;
sainsburys-milk-chocolate-shortbread-rings--taste-the-difference-155g;Sainsbury's Milk Chocolate Shortbread Rings, Taste the Difference 155g;£1.75/unit;£1.13/100g;Biscuits & crackers;chocolate-biscuits;541;6.3;55.8;35.8;31.8;19.5;3.0;0.50;
sainsburys-milk-chocolate-shortbread-rings--taste-the-difference-155g;Sainsbury's Milk Chocolate Shortbread Rings, Taste the Difference 155g;£1.75/unit;£1.13/100g;Biscuits & crackers;everyday-biscuits-shortbread;541;6.3;55.8;35.8;31.8;19.5;3.0;0.50;
sainsburys-milk-chocolate-shortbread-rings--taste-the-difference-155g;Sainsbury's Milk Chocolate Shortbread Rings, Taste the Difference 155g;£1.75/unit;£1.13/100g;Biscuits & crackers;luxury-continental-biscuits;541;6.3;55.8;35.8;31.8;19.5;3.0;0.50;
sainsburys-milk-chocolate-spread-chocolate-400g;Sainsbury's Milk Chocolate Spread Chocolate 400g;£1.50/unit;£0.38/100g;Jams, honey & spreads;chocolate-sweet-spreads;571;3.6;55.0;54.3;37.0;8.6;1.6;0.15;
sainsburys-milk-egg-with-chocolate-honeycomb-280g;Sainsbury's Milk Chocolate Easter Egg with Golden Honeycomb 280g;£2.00/unit;£0.71/100g;Confectionery;easter-eggs;517;8.1;58.9;57.8;27.0;16.2;2.3;0.18;
sainsburys-milk-egg-with-chocolate-treats-290g;Sainsbury's Milk Chocolate Easter Egg with Chocolate Treats 290g;£2.00/unit;£0.69/100g;Confectionery;easter-eggs;517;8.1;58.9;57.8;27.0;16.2;2.3;0.18;
sainsburys-milk-egg-with-eclairs-280g;Sainsbury's Milk Chocolate Easter Egg with Assorted Eclairs 280g;£2.00/unit;£0.71/100g;Confectionery;easter-eggs;517;8.1;58.9;57.8;27.0;16.2;2.3;0.18;
sainsburys-millerighe--taste-the-difference-500g;Sainsbury's Millerighe, Taste the Difference 500g;£1.25/unit;£2.50/kg;Rice, pasta & noodles;pasta;172;6.3;34.0;0.7;0.9;0.2;1.6;0.01;
sainsburys-millionaire-square-flapjacks-x2;Sainsbury's Millionaire Square Flapjacks x2;£1.80/unit;£0.90/ea;Cakes;flapjacks-traybakes-bites;445;4.5;59.6;39.2;20.2;9.4;3.5;0.34;
sainsburys-millionaires-cheesecake-570g;Sainsbury's Millionaires Cheesecake 600g;£3.50/unit;£0.61/100g;Desserts & cream;desserts;407;5.0;37.8;23.2;25.8;14.4;1.7;0.50;
sainsburys-millionaires-cheesecake-800g-%28serves-12%29;Sainsbury's Millionaires Cheesecake 800g (serves 12);£4.00/unit;£0.50/100g;Ice cream & desserts;frozen-cold-desserts;375;5.8;44.3;33.1;19.1;10.4;1.0;0.33;
sainsburys-mince-454g;Sainsbury's Meatfree Mince 454g;£1.80/unit;£3.96/kg;Meat free & vegetarian;meat-free-vegetarian;191;19.4;11.4;0.5;7.4;0.6;0.5;0.55;
sainsburys-minced-beef---onion-198g;Sainsbury's Minced Beef & Onion 198g;£1.00/unit;£5.00/kg;Canned, tinned & packaged foods;canned-tinned-packaged-hot-meat-meals;140;13.0;4.5;1.8;7.5;2.7;1.0;0.70;
sainsburys-minced-beef---onion-392g;Sainsbury's Minced Beef & Onion 400g;£1.50/unit;£3.75/kg;Canned, tinned & packaged foods;canned-tinned-packaged-hot-meat-meals;140;13.0;4.5;1.8;7.5;2.7;1.0;0.70;
sainsburys-minced-beef---onion-puff-pastry-pie-150g;Sainsbury's Minced Beef & Onion Puff Pastry Pie 150g;£0.70/unit;£0.47/100g;Pies, pasties & quiche;hot-cold-pies;250;8.6;22.5;3.1;13.5;5.6;2.2;0.73;
sainsburys-minced-beef---onion-puff-pastry-slices-x2-330g;Sainsbury's Minced Beef & Onion Puff Pastry Slices x2 330g;£1.80/unit;£0.55/100g;Pies, pasties & quiche;slices-pasties;248;9.2;22.8;3.0;12.9;5.7;1.7;0.73;
sainsburys-minced-beef---onion-shortcrust-pastry-pie-235g;Sainsbury's Minced Beef & Onion Shortcrust Pastry Pie 235g;£2.00/unit;£0.85/100g;Pies, pasties & quiche;hot-cold-pies;288;9.2;23.2;2.3;17.1;7.5;2.0;0.68;
sainsburys-minced-beef-casserole--be-good-to-yourself-400g;Sainsbury's Minced Beef Casserole, Be Good To Yourself 400g;£3.00/unit;£7.50/kg;Ready meals;healthier-choice-ready-meals;77;5.1;9.4;2.0;1.6;0.8;2.5;0.41;
sainsburys-minced-beef-casserole--be-good-to-yourself-400g;Sainsbury's Minced Beef Casserole, Be Good To Yourself 400g;£3.00/unit;£7.50/kg;Ready meals;meals-for-1-ready-meals;77;5.1;9.4;2.0;1.6;0.8;2.5;0.41;
sainsburys-minced-beef-casserole--be-good-to-yourself-400g;Sainsbury's Minced Beef Casserole, Be Good To Yourself 400g;£3.00/unit;£7.50/kg;Soup & lunchtime snacks;lunchtime-snacks;77;5.1;9.4;2.0;1.6;0.8;2.5;0.41;
sainsburys-minced-beef-hotpot--basics-400g;Sainsbury's Minced Beef Hotpot, Basics 400g;£1.00/unit;£2.50/kg;Ready meals & pies;frozen-ready-meals;111;4.7;12.3;1.9;4.5;1.3;1.3;0.59;
sainsburys-minestrone-simmer-soup-55g;Sainsbury's Minestrone Simmer Soup 55g;£0.50/unit;£0.91/100g;Canned, tinned & packaged foods;soups;31;1.2;6.3;1.8;0.5;0.1;0.6;0.50;
sainsburys-minestrone-soup-400g;Sainsbury's Minestrone Soup 400g;£0.55/unit;£0.14/100g;Canned, tinned & packaged foods;soups;36;1.4;6.0;1.7;0.5;0.1;1.0;0.55;
sainsburys-minestrone-soup-600g;Sainsbury's Minestrone Soup 600g;£1.40/unit;£0.23/100g;Soup & lunchtime snacks;fresh-soups;65;2.4;10.4;4.3;1.4;0.2;0.5;0.50;
sainsburys-mini-bagels--cinnamon---raisin-x6;Sainsbury's Mini Bagels, Cinnamon & Raisin x6;£1.00/unit;£2.22/100g;From our in store bakery;rolls-bagels-from-our-bakery;null;null;null;null;null;null;null;null;
sainsburys-mini-bagels--cinnamon---raisin-x6;Sainsbury's Mini Bagels, Cinnamon & Raisin x6;£1.00/unit;£2.22/100g;Wraps, bagels & pittas;wraps-bagels-pittas;null;null;null;null;null;null;null;null;
sainsburys-mini-bagels--plain-x6;Sainsbury's Mini Bagels, Plain x6;£1.00/unit;£2.22/100g;From our in store bakery;rolls-bagels-from-our-bakery;null;null;null;null;null;null;null;null;
sainsburys-mini-bagels--plain-x6;Sainsbury's Mini Bagels, Plain x6;£1.00/unit;£2.22/100g;Wraps, bagels & pittas;wraps-bagels-pittas;null;null;null;null;null;null;null;null;
sainsburys-mini-beef-pasties-x10-300g;Sainsbury's Share Beef Mini Pasties x10 300g;£1.85/unit;£0.62/100g;Pies, pasties & quiche;sausage-rolls-savouries;381;6.9;29.6;3.0;25.7;9.7;1.9;0.96;
sainsburys-mini-beef-pasties-x10-300g;Sainsbury's Share Beef Mini Pasties x10 300g;£1.85/unit;£0.62/100g;Pies, pasties & quiche;slices-pasties;381;6.9;29.6;3.0;25.7;9.7;1.9;0.96;
sainsburys-mini-bite-millionaire-flapjack-x9;Sainsbury's Mini Bite Millionaire Flapjack x9;£1.40/unit;£0.97/100g;Cakes;flapjacks-traybakes-bites;455;4.9;61.9;38.7;20.4;9.7;1.9;0.35;
sainsburys-mini-bite-rocky-road-x9;Sainsbury's Mini Bite Rocky Road x9;£1.40/unit;£0.16/ea;Cakes;flapjacks-traybakes-bites;495;5.6;54.5;39.8;27.9;13.5;1.8;0.24;
sainsburys-mini-breadsticks-95g;Sainsbury's Mini Breadsticks 95g;£1.00/unit;£1.05/100g;Biscuits & crackers;crackers-savoury-biscuits;404;15.6;68.7;4.4;7.4;1.2;4.8;1.75;
sainsburys-mini-burgers-in-buns-330g;Sainsbury's Mini Burgers In Buns 330g;£2.00/unit;£6.06/kg;Party food;frozen-party-food;263;15.9;15.0;6.8;14.5;5.8;4.4;0.89;
sainsburys-mini-butterscotch-chips-100g;Sainsbury's Mini Butterscotch Pieces 100g;£1.50/unit;£1.50/100g;Sugar & home baking;cooking-chocolate;477;0.7;80.8;66.9;16.6;9.6;0.6;0.48;
sainsburys-mini-butterscotch-chips-100g;Sainsbury's Mini Butterscotch Pieces 100g;£1.50/unit;£1.50/100g;Sugar & home baking;decorations;477;0.7;80.8;66.9;16.6;9.6;0.6;0.48;
sainsburys-mini-caramel-wafers-160g;Sainsbury's Mini Caramel Wafers 160g;£1.20/unit;£0.75/100g;Cakes;flapjacks-traybakes-bites;477;4.1;67;34;21;12;1.8;0.78;
sainsburys-mini-cheese---onion-rolls-x22-220g;Sainsbury's Cheese & Onion Mini Rolls x22 220g;£1.85/unit;£0.84/100g;Pies, pasties & quiche;sausage-rolls-savouries;340;8.5;30.4;1.7;19.8;9.3;3.2;1.26;
sainsburys-mini-cheese---onion-rolls-x22-220g;Sainsbury's Cheese & Onion Mini Rolls x22 220g;£1.85/unit;£0.84/100g;Pies, pasties & quiche;slices-pasties;340;8.5;30.4;1.7;19.8;9.3;3.2;1.26;
sainsburys-mini-cheese---onion-rolls-x22-220g;Sainsbury's Cheese & Onion Mini Rolls x22 220g;£1.85/unit;£0.84/100g;Vegetarian & meat free;deli-meat-alternatives;340;8.5;30.4;1.7;19.8;9.3;3.2;1.26;
sainsburys-mini-cheese---tomato-pizzas-x9-270g-7344424-p-44;Sainsbury's Mini Cheese & Tomato Pizzas x9 270g;£2.25/unit;£8.33/kg;Party food;frozen-party-food;225;8.5;29.5;4.8;7.6;2.6;2.4;0.68;
sainsburys-mini-chicken-fillet-241g;Sainsbury's British Mini Chicken Fillets 251g;£3.00/unit;£11.95/kg;Chicken;chicken;159;32.2;0.5;0.5;3.0;0.4;0.5;0.15;
sainsburys-mini-chocolate-chip-muffins-x12;Sainsbury's Mini Muffins, Chocolate Chip x12;£1.60/unit;£0.13/ea;Cakes;cakes-from-our-bakery-12374-44;null;null;null;null;null;null;null;null;
sainsburys-mini-chocolate-chip-muffins-x12;Sainsbury's Mini Muffins, Chocolate Chip x12;£1.60/unit;£0.13/ea;From our in store bakery;cakes-from-our-bakery;null;null;null;null;null;null;null;null;
sainsburys-mini-chocolate-donuts-x30;Sainsbury's Mini Chocolate Doughnuts x30;£1.80/unit;£0.06/ea;Cakes;doughnuts-cookies;null;null;null;null;null;null;null;null;
sainsburys-mini-chocolate-donuts-x30;Sainsbury's Mini Chocolate Doughnuts x30;£1.80/unit;£0.06/ea;From our in store bakery;instore-bakery-doughnuts-cookies;null;null;null;null;null;null;null;null;
sainsburys-mini-chocolate-indulgence-8x50ml;Sainsbury's Indulgence Ice Cream, Chocolate Mini 8x50ml;£2.50/unit;£0.63/100ml;Ice cream & desserts;lollies-bars-cones;343;3.7;32.8;30.7;21.6;14.0;1.2;0.24;
sainsburys-mini-ciabatta-roll;Sainsbury's Mini Ciabatta Roll;£0.40/unit;£0.40/ea;From our in store bakery;rolls-bagels-from-our-bakery;null;null;null;null;null;null;null;null;
sainsburys-mini-ciabatta-roll;Sainsbury's Mini Ciabatta Roll;£0.40/unit;£0.40/ea;Rolls;rolls;null;null;null;null;null;null;null;null;
sainsburys-mini-cooking-chorizo-250g;Sainsbury's Spanish Mini Cooking Chorizo x12 250g;£3.15/unit;£1.26/100g;Cooked meats & snacking;cooks-ingredients;458;19.7;4.5;3.3;39.8;13.3;1.6;4.20;
sainsburys-mini-cooking-chorizo-250g;Sainsbury's Spanish Mini Cooking Chorizo x12 250g;£3.15/unit;£1.26/100g;Cooked meats & snacking;mfp-continental-meats;458;19.7;4.5;3.3;39.8;13.3;1.6;4.20;
sainsburys-mini-cooking-chorizo-250g;Sainsbury's Spanish Mini Cooking Chorizo x12 250g;£3.15/unit;£1.26/100g;Cooked meats, pate & sandwich fillers;continental-meats;458;19.7;4.5;3.3;39.8;13.3;1.6;4.20;
sainsburys-mini-cooking-chorizo-250g;Sainsbury's Spanish Mini Cooking Chorizo x12 250g;£3.15/unit;£1.26/100g;Cooked meats, pate & sandwich fillers;cooks-ingredients-85658-44;458;19.7;4.5;3.3;39.8;13.3;1.6;4.20;
sainsburys-mini-crispy-potatoes-700g;Sainsbury's Mini Crispy Potatoes 700g;£1.00/unit;£1.43/kg;Chips & potatoes;chips-potatoes;182;3.4;29.6;0.5;4.6;0.6;4.5;0.35;
sainsburys-mini-croissants-x10;Sainsbury's Mini Croissants x10;£1.65/unit;£0.17/ea;Croissants, brioche & pastries;croissants-brioche-pastries;420;8.1;42.9;5.9;23.4;15.9;2.6;0.75;
sainsburys-mini-crusty-bake-pork-pies-x6-300g;Sainsbury's Crusty Bake Pork Pies, Mini x6 300g;£1.85/unit;£0.62/100g;Pies, pasties & quiche;hot-cold-pies;351;10.3;24.0;1.4;23.3;9.1;2.2;1.05;
sainsburys-mini-crusty-bake-pork-pies-x6-300g;Sainsbury's Crusty Bake Pork Pies, Mini x6 300g;£1.85/unit;£0.62/100g;Pies, pasties & quiche;sausage-rolls-savouries;351;10.3;24.0;1.4;23.3;9.1;2.2;1.05;
sainsburys-mini-egg-bites-x18-216g;Sainsbury's Egg Bites, Mini x18 216g;£1.85/unit;£0.86/100g;Pies, pasties & quiche;sausage-rolls-savouries;288;9.4;21.7;0.5;17.8;4.8;1.6;0.88;
sainsburys-mini-fudge-chunks-100g;Sainsbury's Mini Fudge Chunks 100g;£1.50/unit;£1.50/100g;Sugar & home baking;cooking-chocolate;409;1.9;74.8;65.9;11.3;6.2;0.0;0.14;
sainsburys-mini-fudge-chunks-100g;Sainsbury's Mini Fudge Chunks 100g;£1.50/unit;£1.50/100g;Sugar & home baking;decorations;409;1.9;74.8;65.9;11.3;6.2;0.0;0.14;
sainsburys-mini-garlic-baguette--be-good-to-yourself-105g;Sainsbury's Mini Garlic Baguette, Be Good To Yourself 105g;£0.65/unit;£0.62/100g;Pizza, pasta & garlic bread;garlic-bread;289;8.6;49.0;2.7;6.2;2.3;1.5;0.93;
sainsburys-mini-garlic-baguette--be-good-to-yourself-105g;Sainsbury's Mini Garlic Baguette, Be Good To Yourself 105g;£0.65/unit;£0.62/100g;Ready meals;healthier-choice-ready-meals;289;8.6;49.0;2.7;6.2;2.3;1.5;0.93;
sainsburys-mini-garlic-baguette--be-good-to-yourself-105g;Sainsbury's Mini Garlic Baguette, Be Good To Yourself 105g;£0.65/unit;£0.62/100g;Vegetarian & meat free;vegetarian-meat-free-pizza-pasta;289;8.6;49.0;2.7;6.2;2.3;1.5;0.93;
sainsburys-mini-garlic-baguette-105g;Sainsbury's Mini Garlic Baguette 105g;£0.65/unit;£0.62/100g;Pizza, pasta & garlic bread;garlic-bread;354;7.4;46.8;2.8;14.7;9.1;2.5;1.13;
sainsburys-mini-garlic-baguette-105g;Sainsbury's Mini Garlic Baguette 105g;£0.65/unit;£0.62/100g;Vegetarian & meat free;vegetarian-meat-free-pizza-pasta;354;7.4;46.8;2.8;14.7;9.1;2.5;1.13;
sainsburys-mini-gingerbread-bunnies-tub-x30;Sainsbury's Mini Gingerbread Bunnies Tub x30;£1.60/unit;£0.53/100g;Cakes;cakes-from-our-bakery-12374-44;418;5.5;77.0;43.7;9.2;3.7;2.5;1.00;
sainsburys-mini-gingerbread-bunnies-tub-x30;Sainsbury's Mini Gingerbread Bunnies Tub x30;£1.60/unit;£0.53/100g;Easter treats;easter-treats;418;5.5;77.0;43.7;9.2;3.7;2.5;1.00;
sainsburys-mini-gingerbread-bunnies-tub-x30;Sainsbury's Mini Gingerbread Bunnies Tub x30;£1.60/unit;£0.53/100g;From our in store bakery;cakes-from-our-bakery;418;5.5;77.0;43.7;9.2;3.7;2.5;1.00;
sainsburys-mini-ham-hock-pasties--taste-the-difference-x4-120g;Sainsbury's Mini Ham Hock Pasties, Taste the Difference x4 120g;£2.80/unit;£2.33/100g;Pies, pasties & quiche;slices-pasties;287;11.2;27.7;4.4;14.2;8.0;1.8;0.74;
sainsburys-mini-honeycomb-pieces-100g;Sainsbury's Mini Honeycomb Pieces 100g;£1.50/unit;£1.50/100g;Sugar & home baking;cooking-chocolate;441;0.5;85.6;64.3;10.5;6.3;1.0;0.55;
sainsburys-mini-honeycomb-pieces-100g;Sainsbury's Mini Honeycomb Pieces 100g;£1.50/unit;£1.50/100g;Sugar & home baking;decorations;441;0.5;85.6;64.3;10.5;6.3;1.0;0.55;
sainsburys-mini-houmous-snack-pots--be-good-to-yourself-180g;Sainsbury's Mini Houmous Snack Pots, Be Good To Yourself 3x60g;£1.55/unit;£0.86/100g;Coleslaw, olives, salads & dips;fresh-dips-houmous;180;6.4;11.0;0.5;10.5;1.2;8.4;0.61;
sainsburys-mini-houmous-snack-pots--be-good-to-yourself-180g;Sainsbury's Mini Houmous Snack Pots, Be Good To Yourself 3x60g;£1.55/unit;£0.86/100g;Vegetarian & meat free;deli-meat-alternatives;180;6.4;11.0;0.5;10.5;1.2;8.4;0.61;
sainsburys-mini-houmous-snack-selection--be-good-to-yourself-180g;Sainsbury's Mini Houmous Snack Selection, Be Good To Yourself 3x60g;£1.55/unit;£0.86/100g;Coleslaw, olives, salads & dips;fresh-dips-houmous;164;5.9;10.4;0.7;9.2;1.0;7.8;0.79;
sainsburys-mini-houmous-snack-selection--be-good-to-yourself-180g;Sainsbury's Mini Houmous Snack Selection, Be Good To Yourself 3x60g;£1.55/unit;£0.86/100g;Vegetarian & meat free;deli-meat-alternatives;164;5.9;10.4;0.7;9.2;1.0;7.8;0.79;
sainsburys-mini-houmous-triple-selection-180g;Sainsbury's Mini Houmous Selection 3x60g;£1.55/unit;£0.86/100g;Coleslaw, olives, salads & dips;fresh-dips-houmous;317;6.2;9.0;2.6;27;2.6;5.7;0.89;
sainsburys-mini-houmous-triple-selection-180g;Sainsbury's Mini Houmous Selection 3x60g;£1.55/unit;£0.86/100g;Vegetarian & meat free;deli-meat-alternatives;317;6.2;9.0;2.6;27;2.6;5.7;0.89;
sainsburys-mini-jaffa-cakes-125g;Sainsbury's Mini Jaffa Cakes 125g;£0.90/unit;£0.72/100g;Biscuits & crackers;biscuits-crackers-sharing-bags-assortments;415;3.9;69.4;56.6;13.0;7.1;2.4;0.27;
sainsburys-mini-jaffa-cakes-125g;Sainsbury's Mini Jaffa Cakes 125g;£0.90/unit;£0.72/100g;Biscuits & crackers;chocolate-biscuits;415;3.9;69.4;56.6;13.0;7.1;2.4;0.27;
sainsburys-mini-jelly-beans-75g;Sainsbury's Mini Jelly Beans 75g;£0.40/unit;£0.53/100g;Confectionery;sweets;368;0.5;90.2;63.6;0.6;0.5;0.5;0.05;
sainsburys-mini-milk-chocolate-butter-biscuits-110g;Sainsbury's Mini Milk Chocolate Butter Biscuits 110g;£0.90/unit;£0.82/100g;Biscuits & crackers;biscuits-crackers-sharing-bags-assortments;482;7.6;68.6;35.4;19.2;11.9;2.0;0.46;
sainsburys-mini-onion-bahjia--taste-the-difference-150g;Sainsbury's Mini Onion Bahjia, Taste the Difference 150g;£1.50/unit;£10.00/kg;Ready meals;indian-ready-meals;246;7.7;17.4;4.5;13.5;1.0;12.2;0.88;
sainsburys-mini-onion-bahjia--taste-the-difference-150g;Sainsbury's Mini Onion Bahjia, Taste the Difference 150g;£1.50/unit;£10.00/kg;Ready meals;potato-vegetable-side-dishes;246;7.7;17.4;4.5;13.5;1.0;12.2;0.88;
sainsburys-mini-onion-bahjia--taste-the-difference-150g;Sainsbury's Mini Onion Bahjia, Taste the Difference 150g;£1.50/unit;£10.00/kg;Ready meals;taste-the-difference-bistro-ready-meals;246;7.7;17.4;4.5;13.5;1.0;12.2;0.88;
sainsburys-mini-onion-bahjia--taste-the-difference-150g;Sainsbury's Mini Onion Bahjia, Taste the Difference 150g;£1.50/unit;£10.00/kg;Vegetarian & meat free;deli-meat-alternatives;246;7.7;17.4;4.5;13.5;1.0;12.2;0.88;
sainsburys-mini-onion-bahjia--taste-the-difference-150g;Sainsbury's Mini Onion Bahjia, Taste the Difference 150g;£1.50/unit;£10.00/kg;Vegetarian & meat free;vegetarian-meat-free-ready-meals;246;7.7;17.4;4.5;13.5;1.0;12.2;0.88;
sainsburys-mini-pain-au-chocolat-x6;Sainsbury's Mini Pain Au Chocolat x6;£1.30/unit;£0.22/ea;Croissants, brioche & pastries;croissants-brioche-pastries;439;8.0;45.5;13.9;24.1;14.4;3.9;0.73;
sainsburys-mini-plain-naan-x4-188g;Sainsbury's Mini Plain Naan x4 188g;£1.15/unit;£0.61/100g;Cooking sauces & world foods;indian-cooking-sauces;271;7.3;48.1;2.6;4.7;0.9;3.3;1.38;
sainsburys-mini-plain-yum-yums-x12;Sainsbury's Mini Plain Yum Yums x12;£2.00/unit;£0.17/ea;Cakes;doughnuts-cookies;null;null;null;null;null;null;null;null;
sainsburys-mini-plain-yum-yums-x12;Sainsbury's Mini Plain Yum Yums x12;£2.00/unit;£0.17/ea;From our in store bakery;instore-bakery-doughnuts-cookies;null;null;null;null;null;null;null;null;
sainsburys-mini-poppadoms-75g;Sainsbury's Mini Poppadoms 75g;£1.50/unit;£2.00/100g;Crisps, nuts & snacking fruit;party-nibbles-bites;565;15.0;34.0;0.5;40.0;3.5;5.4;2.60;
sainsburys-mini-poppadums-100g;Sainsbury's Mini Poppadums 100g;£1.20/unit;£1.20/100g;Crisps, nuts & snacking fruit;party-nibbles-bites;565;15;34;0.5;40;3.5;5.4;2.6;
sainsburys-mini-pork---pickle-pork-pies-x6-300g;Sainsbury's Pork & Pickle Pies Mini x6 300g;£2.00/unit;£0.67/100g;Pies, pasties & quiche;hot-cold-pies;354;9.5;26.2;3.6;23.0;9.2;2.1;1.01;
sainsburys-mini-pork---pickle-pork-pies-x6-300g;Sainsbury's Pork & Pickle Pies Mini x6 300g;£2.00/unit;£0.67/100g;Pies, pasties & quiche;sausage-rolls-savouries;354;9.5;26.2;3.6;23.0;9.2;2.1;1.01;
sainsburys-mini-pork-cocktail-sausages-x35-252g;Sainsbury's Pork Cocktail Sausages x35 252g;£1.85/unit;£0.73/100g;Pies, pasties & quiche;sausage-rolls-savouries;297;13.2;14.1;1.2;20.6;7.0;1.4;1.13;
sainsburys-mini-pork-sausage-rolls--taste-the-difference-x12-324g;Sainsbury's Sausage Mini Rolls, Taste the Difference x12 324g;£2.00/unit;£0.62/100g;Pies, pasties & quiche;sausage-rolls-savouries;391;9.8;29.5;1.2;25.5;11.7;2.0;1.05;
sainsburys-mini-pork-sausage-rolls--taste-the-difference-x12-324g;Sainsbury's Sausage Mini Rolls, Taste the Difference x12 324g;£2.00/unit;£0.62/100g;Pies, pasties & quiche;slices-pasties;391;9.8;29.5;1.2;25.5;11.7;2.0;1.05;
sainsburys-mini-portabella-mushrooms-300g;Sainsbury's Mini Portobello Mushrooms 300g;£1.70/unit;£5.67/kg;Fresh vegetables;baby-vegetables;16;1.8;0.5;0.5;0.5;0.1;1.1;0.5;
sainsburys-mini-portabella-mushrooms-300g;Sainsbury's Mini Portobello Mushrooms 300g;£1.70/unit;£5.67/kg;Fresh vegetables;mushrooms;16;1.8;0.5;0.5;0.5;0.1;1.1;0.5;
sainsburys-mini-portion-pack-breadsticks-120g;Sainsbury's Mini Breadsticks Packs 6x20g;£1.30/unit;£1.08/100g;Biscuits & crackers;biscuits-crackers-kids-lunchbox;413;15.6;68.7;4.4;7.4;1.2;4.8;1.75;
sainsburys-mini-portion-pack-breadsticks-120g;Sainsbury's Mini Breadsticks Packs 6x20g;£1.30/unit;£1.08/100g;Biscuits & crackers;crackers-savoury-biscuits;413;15.6;68.7;4.4;7.4;1.2;4.8;1.75;
sainsburys-mini-potatoes-750g;Sainsbury's Mini Potatoes 750g;£1.35/unit;£1.80/kg;Fresh vegetables;potatoes;81;1.8;17.5;0.8;0.5;0.1;1.6;100;
sainsburys-mini-redcurrant-puffs-150g;Sainsbury's Mini Redcurrant Puffs 150g;£0.90/unit;£0.60/100g;Biscuits & crackers;biscuits-crackers-sharing-bags-assortments;509;6.4;63.9;34.9;24.9;14.1;1.7;0.27;
sainsburys-mini-ribs-in-chinese-style-sauce-340g;Sainsbury's Mini Ribs In Chinese Style Sauce 340g;£2.50/unit;£7.35/kg;Meat & poultry;frozen-pork;243;15.2;13.7;10.7;14.1;5.8;0.5;1.02;
sainsburys-mini-sausage-rolls-x22-220g;Sainsbury's Sausage Mini Rolls x22 220g;£1.85/unit;£0.84/100g;Pies, pasties & quiche;sausage-rolls-savouries;332;9.6;28.5;1.5;19.3;8.2;2.7;1.03;
sainsburys-mini-sausage-rolls-x22-220g;Sainsbury's Sausage Mini Rolls x22 220g;£1.85/unit;£0.84/100g;Pies, pasties & quiche;slices-pasties;332;9.6;28.5;1.5;19.3;8.2;2.7;1.03;
sainsburys-mini-savoury-eggs--taste-the-difference-x4-200g;Sainsbury's Mini Savoury Eggs, Taste the Difference x8 200g;£2.50/unit;£1.25/100g;Pies, pasties & quiche;sausage-rolls-savouries;362;14.4;11.6;0.6;28.4;7.8;1.2;0.88;
sainsburys-mini-scottie-dog-shortbread-125g;Sainsbury's Mini Scottie Dog Shortbread 125g;£1.00/unit;£0.80/100g;Biscuits & crackers;everyday-biscuits-shortbread;509;5.8;63.3;15.7;25.3;16.7;2.3;0.63;
sainsburys-mini-shortbread-fingers-125g;Sainsbury's Mini Shortbread Fingers 125g;£1.00/unit;£0.80/100g;Biscuits & crackers;biscuits-crackers-sharing-bags-assortments;521;4.8;59.4;18.7;28.8;18.8;2.7;0.65;
sainsburys-mini-shortbread-fingers-125g;Sainsbury's Mini Shortbread Fingers 125g;£1.00/unit;£0.80/100g;Biscuits & crackers;everyday-biscuits-shortbread;521;4.8;59.4;18.7;28.8;18.8;2.7;0.65;
sainsburys-mini-spare-ribs-320g;Sainsbury's Mini Spare Ribs 320g;£3.00/unit;£9.38/kg;Ready meals;oriental-ready-meals;226;14.4;11.7;11.7;13.4;5.3;0.5;0.45;
sainsburys-mini-sugared-donuts-x30;Sainsbury's Mini Sugared Doughnuts x30;£1.80/unit;£0.06/ea;Cakes;doughnuts-cookies;null;null;null;null;null;null;null;null;
sainsburys-mini-sugared-donuts-x30;Sainsbury's Mini Sugared Doughnuts x30;£1.80/unit;£0.06/ea;From our in store bakery;instore-bakery-doughnuts-cookies;null;null;null;null;null;null;null;null;
sainsburys-mini-toffee-yum-yums-x12;Sainsbury's Mini Toffee Yum Yums x12;£2.00/unit;£0.17/ea;Cakes;doughnuts-cookies;null;null;null;null;null;null;null;null;
sainsburys-mini-toffee-yum-yums-x12;Sainsbury's Mini Toffee Yum Yums x12;£2.00/unit;£0.17/ea;From our in store bakery;instore-bakery-doughnuts-cookies;null;null;null;null;null;null;null;null;
sainsburys-mini-vanilla-cupcakes-x9;Sainsbury's Mini Vanilla Cupcakes x9;£1.50/unit;£0.17/ea;Cakes;muffins-small-cakes;502;2.7;59;52;28;10;1.0;0.38;
sainsburys-mini-wafer-rolls-100g;Sainsbury's Mini Wafer Rolls 100g;£0.90/unit;£0.90/100g;Biscuits & crackers;biscuits-crackers-sharing-bags-assortments;546;6.6;58.0;35.2;31.5;20.8;2.0;0.26;
sainsburys-mini-white-pitta-x12;Sainsbury's Mini White Pitta x12;£1.20/unit;£0.10/ea;Wraps, bagels & pittas;wraps-bagels-pittas;268;8.8;54.6;4.1;1.2;0.3;2.0;0.93;
sainsburys-mint-assortment-227g;Sainsbury's Mint Assortment 227g;£0.95/unit;£0.42/100g;Confectionery;mints-chewing-gum;415;0.5;96;67;3.2;1.6;0.6;0.03;
sainsburys-mint-assortment-227g;Sainsbury's Mint Assortment 227g;£0.95/unit;£0.42/100g;Confectionery;sweets;415;0.5;96;67;3.2;1.6;0.6;0.03;
sainsburys-mint-choc-chip-2l;Sainsbury's Mint Choc Chip Ice Cream 2L;£1.80/unit;£0.09/100ml;Ice cream & desserts;ice-cream-tubs;182;3.1;24.9;24.7;7.6;6.1;0.6;0.13;
sainsburys-mint-cones-x4-440ml;Sainsbury's Ice Cream Cones, Mint x4 440ml;£1.00/unit;£0.23/100ml;Ice cream & desserts;lollies-bars-cones;263;3.6;39.5;24.4;9.8;8.0;1.2;0.09;
sainsburys-mint-imperials-250g;Sainsbury's Mint Imperials 250g;£0.95/unit;£0.38/100g;Confectionery;mints-chewing-gum;389;0.5;96;96;0.5;0.1;0.5;0.05;
sainsburys-mint-imperials-250g;Sainsbury's Mint Imperials 250g;£0.95/unit;£0.38/100g;Confectionery;sweets;389;0.5;96;96;0.5;0.1;0.5;0.05;
sainsburys-mint-jelly-250ml;Sainsbury's Mint Jelly 250ml;£0.80/unit;£0.32/100ml;Table sauces, dressings & condiments;condiments;238;0.5;58.2;51.8;0.5;0.1;0.5;0.58;
sainsburys-mint-sauce--organic-160ml;Sainsbury's Mint Sauce, SO Organic 160ml;£1.80/unit;£1.13/100ml;Table sauces, dressings & condiments;condiments;81;1.1;17.2;16.6;0.5;0.1;2.5;0.73;
sainsburys-mint-sauce--taste-the-difference-180g;Sainsbury's Mint Sauce, Taste the Difference 180g;£1.80/unit;£0.95/100g;Table sauces, dressings & condiments;condiments;59;1.3;12.1;11.0;0.5;0.1;1.1;0.75;
sainsburys-mint-sauce-250ml;Sainsbury's Mint Sauce 250ml;£0.80/unit;£0.32/100ml;Table sauces, dressings & condiments;condiments;94;1.2;20.5;16.2;0.5;0.1;1.9;0.78;
sainsburys-minted-turkey-thigh-steaks-250g;Sainsbury's Minted Turkey Thigh Steaks 460g;£2.80/unit;£6.09/kg;Turkey;turkey;193;32.3;0.5;0.5;6.9;1.9;0.5;0.35;
sainsburys-mirin-150ml;Sainsbury's Mirin 150ml;£1.79/unit;£11.93/ltr;Cooking ingredients & oils;oils;271;0.7;40.9;33.2;0.5;0.1;0.5;0.03;
sainsburys-mirin-150ml;Sainsbury's Mirin 150ml;£1.79/unit;£11.93/ltr;Table sauces, dressings & condiments;marinades-glazes;271;0.7;40.9;33.2;0.5;0.1;0.5;0.03;
sainsburys-miso-soup-paste-100g;Sainsbury's Miso Soup Paste 100g;£1.50/unit;£1.50/100g;Cooking ingredients & oils;cooking-pastes;82;3.1;12.4;9.7;1.8;0.3;1.8;4.25;
sainsburys-miso-soup-paste-100g;Sainsbury's Miso Soup Paste 100g;£1.50/unit;£1.50/100g;Cooking sauces & world foods;japanese;82;3.1;12.4;9.7;1.8;0.3;1.8;4.25;
sainsburys-mix-fruit-cranberry---apricot-500g;Sainsbury's Mix Fruit Cranberry & Apricot 500g;£3.00/unit;£6.00/kg;Sugar & home baking;dried-fruit---peel;280;2.1;64.1;62.2;0.9;0.2;3.5;0.12;
sainsburys-mixed-bean-salad-410g;Sainsbury's Mixed Bean Salad 400g (270g*);£1.00/unit;£3.70/kg;Canned, tinned & packaged foods;pulses-beans;101;5.1;17.1;5.3;0.5;0.1;4.0;0.75;
sainsburys-mixed-beans-in-mild-chilli-sauce-420g;Sainsbury's Mixed Beans in Mild Chilli Sauce 395g;£1.00/unit;£2.53/kg;Canned, tinned & packaged foods;pulses-beans;80;4.7;12.9;4.2;0.5;0.1;3.2;0.53;
sainsburys-mixed-berries-300g;Sainsbury's Mixed Berries 300g;£3.75/unit;£12.50/kg;Fresh fruit;berries-cherries-currants;null;null;null;null;null;null;null;null;
sainsburys-mixed-berries-smoothie-1l;Sainsbury's Mixed Berries Smoothie 1L;£2.00/unit;£0.20/100ml;Chilled fruit juice & smoothies;chilled-smoothies;46;0.5;10.4;9.3;0.5;0.1;0.9;0.01;
sainsburys-mixed-berry-sponge-puddings--be-good-to-yourself-2x110g;Sainsbury's Mixed Berry Sponge Puddings, Be Good To Yourself 2x110g;£1.75/unit;£0.80/100g;Desserts & cream;desserts;172;2.4;33.3;19.5;2.4;1.2;3.8;0.40;
sainsburys-mixed-cooked-chicken-portions-740g;Sainsbury's British Roast Chicken Portions 740g;£4.00/unit;£0.54/100g;Cooked meats & snacking;mfp-cooked-chicken-turkey;166;25.2;0.5;0.5;7.1;1.9;0.6;0.60;
sainsburys-mixed-cooked-chicken-portions-740g;Sainsbury's British Roast Chicken Portions 740g;£4.00/unit;£0.54/100g;Cooked meats, pate & sandwich fillers;cooked-chicken-turkey;166;25.2;0.5;0.5;7.1;1.9;0.6;0.60;
sainsburys-mixed-dried-fruit-1kg;Sainsbury's Mixed Dried Fruit 1kg;£3.00/unit;£3.00/kg;Sugar & home baking;dried-fruit---peel;292;2.2;67.0;67.0;1.1;0.2;2.4;0.16;
sainsburys-mixed-exotic-mushrooms--taste-the-difference-140g;Sainsbury's British Speciality Mushrooms, Taste the Difference 200g;£1.90/unit;£9.50/kg;Fresh herbs & ingredients;asian-ingredients;47;3.0;5.3;1.7;0.7;0.1;3.8;0.03;
sainsburys-mixed-exotic-mushrooms--taste-the-difference-140g;Sainsbury's British Speciality Mushrooms, Taste the Difference 200g;£1.90/unit;£9.50/kg;Fresh vegetables;fresh-vegetables-stir-fry;47;3.0;5.3;1.7;0.7;0.1;3.8;0.03;
sainsburys-mixed-exotic-mushrooms--taste-the-difference-140g;Sainsbury's British Speciality Mushrooms, Taste the Difference 200g;£1.90/unit;£9.50/kg;Fresh vegetables;fresh-vegetables-world-exotic;47;3.0;5.3;1.7;0.7;0.1;3.8;0.03;
sainsburys-mixed-exotic-mushrooms--taste-the-difference-140g;Sainsbury's British Speciality Mushrooms, Taste the Difference 200g;£1.90/unit;£9.50/kg;Fresh vegetables;mushrooms;47;3.0;5.3;1.7;0.7;0.1;3.8;0.03;
sainsburys-mixed-exotic-mushrooms--taste-the-difference-140g;Sainsbury's British Speciality Mushrooms, Taste the Difference 200g;£1.90/unit;£9.50/kg;Organic;organic;47;3.0;5.3;1.7;0.7;0.1;3.8;0.03;
sainsburys-mixed-fruit--basics-500g;Sainsbury's Mixed Fruit, Basics 500g;£1.00/unit;£2.00/kg;Sugar & home baking;dried-fruit---peel;292;2.2;67.7;67.7;0.8;0.3;2.4;0.17;
sainsburys-mixed-herbs--basics-13g;Sainsbury's Mixed Herbs, Basics 13g;£0.40/unit;£0.31/10g;Cooking ingredients & oils;herbs-spices-seasoning;null;null;null;null;null;null;null;null;
sainsburys-mixed-herbs--organic-11g;Sainsbury's Mixed Herbs, SO Organic 11g;£1.50/unit;£1.36/10g;Cooking ingredients & oils;herbs-spices-seasoning;null;null;null;null;null;null;null;null;
sainsburys-mixed-herbs-12g;Sainsbury's Mixed Herbs 12g;£1.00/unit;£0.83/10g;Cooking ingredients & oils;herbs-spices-seasoning;null;null;null;null;null;null;null;null;
sainsburys-mixed-leaf-salad-200g;Sainsbury's Mixed Leaf Salad 200g;£1.50/unit;£0.75/100g;Fresh salad;fresh-salad-prepared-ready-to-eat;19;1.2;2.2;1.8;0.5;0.1;1.9;0.10;
sainsburys-mixed-leaf-salad-200g;Sainsbury's Mixed Leaf Salad 200g;£1.50/unit;£0.75/100g;Fresh salad;salad-bags;19;1.2;2.2;1.8;0.5;0.1;1.9;0.10;
sainsburys-mixed-leaf-salad-200g;Sainsbury's Mixed Leaf Salad 200g;£1.50/unit;£0.75/100g;Prepared & ready to eat;prepared-salad-herbs;19;1.2;2.2;1.8;0.5;0.1;1.9;0.10;
sainsburys-mixed-marinated-greek-olives--taste-the-difference-200g;Sainsbury's Mixed Marinated Greek Olives, Taste the Difference 200g;£2.50/unit;£1.25/100g;Vinegar, pickles, olives & antipasti;olives-antipasti;151;1.5;2.7;0.5;14.2;1.9;3.3;2.00;
sainsburys-mixed-nut-pack-200g;Sainsbury's Mixed Nut Pack 200g;£2.70/unit;£1.35/100g;Sugar & home baking;nuts---seeds;666;17.1;5.3;3.3;62.5;8.6;6.9;0.01;
sainsburys-mixed-nuts--so-organic-300g;Sainsbury's Mixed Nuts, SO Organic 300g;£3.00/unit;£1.00/100g;Sugar & home baking;nuts---seeds;679;18.6;5.9;3.2;63.0;8.7;7.1;0.02;
sainsburys-mixed-nuts-100g;Sainsbury's Mixed Nuts 100g;£1.70/unit;£1.70/100g;Sugar & home baking;nuts---seeds;644;18.2;10.3;3.7;57.6;8.4;5.9;0.02;
sainsburys-mixed-nuts-300g;Sainsbury's Mixed Nuts 300g;£3.50/unit;£1.17/100g;Crisps, nuts & snacking fruit;nuts;644;18.2;10.3;3.7;57.6;8.4;5.9;0.02;
sainsburys-mixed-nuts-300g;Sainsbury's Mixed Nuts 300g;£3.50/unit;£1.17/100g;Sugar & home baking;nuts---seeds;644;18.2;10.3;3.7;57.6;8.4;5.9;0.02;
sainsburys-mixed-olive-antipasti-200g;Sainsbury's Mixed Olive Antipasti 200g;£2.50/unit;£1.39/100g;Coleslaw, olives, salads & dips;olives-tapas-antipasti;164;1.3;1.0;1.0;16.5;2.7;3.3;1.95;
sainsburys-mixed-olive-antipasti-200g;Sainsbury's Mixed Olive Antipasti 200g;£2.50/unit;£1.39/100g;Vegetarian & meat free;deli-meat-alternatives;164;1.3;1.0;1.0;16.5;2.7;3.3;1.95;
sainsburys-mixed-olives---greek-feta-150g;Sainsbury's Mixed Olives & Greek Feta 150g;£2.30/unit;£1.53/100g;Coleslaw, olives, salads & dips;olives-tapas-antipasti;227;5.8;1.3;0.7;21.6;4.7;2.0;3.75;
sainsburys-mixed-olives---greek-feta-250g;Sainsbury's Mixed Olives & Greek Feta 250g;£3.35/unit;£1.34/100g;Coleslaw, olives, salads & dips;olives-tapas-antipasti;227;5.8;1.3;0.7;21.6;4.7;2.0;3.75;
sainsburys-mixed-olives---sundried-tomatoes-150g;Sainsbury's Mixed Spanish Olives & Sundried Tomatoes 150g;£2.30/unit;£1.53/100g;Coleslaw, olives, salads & dips;olives-tapas-antipasti;236;1.5;11.8;0.8;18.9;2.7;6.3;3.04;
sainsburys-mixed-olives---sundried-tomatoes-150g;Sainsbury's Mixed Spanish Olives & Sundried Tomatoes 150g;£2.30/unit;£1.53/100g;Vegetarian & meat free;deli-meat-alternatives;236;1.5;11.8;0.8;18.9;2.7;6.3;3.04;
sainsburys-mixed-olives-with-sundried-tomatoes-250g;Sainsbury's Mixed Olives With Sundried Tomatoes 250g;£3.35/unit;£1.34/100g;Coleslaw, olives, salads & dips;olives-tapas-antipasti;236;1.5;11.8;0.8;18.9;2.7;6.3;3.04;
sainsburys-mixed-olives-with-sundried-tomatoes-250g;Sainsbury's Mixed Olives With Sundried Tomatoes 250g;£3.35/unit;£1.34/100g;Vegetarian & meat free;deli-meat-alternatives;236;1.5;11.8;0.8;18.9;2.7;6.3;3.04;
sainsburys-mixed-pepper-stir-fry-300g;Sainsbury's Mixed Pepper Stir Fry 300g;£1.50/unit;£0.50/100g;Fresh herbs & ingredients;asian-ingredients;70;1.5;4.6;4.1;4.8;0.4;1.2;0.05;
sainsburys-mixed-pepper-stir-fry-300g;Sainsbury's Mixed Pepper Stir Fry 300g;£1.50/unit;£0.50/100g;Fresh vegetables;fresh-vegetables-stir-fry;70;1.5;4.6;4.1;4.8;0.4;1.2;0.05;
sainsburys-mixed-pepper-stir-fry-300g;Sainsbury's Mixed Pepper Stir Fry 300g;£1.50/unit;£0.50/100g;Fresh vegetables;fresh-vegetables-world-exotic;70;1.5;4.6;4.1;4.8;0.4;1.2;0.05;
sainsburys-mixed-pepper-stir-fry-300g;Sainsbury's Mixed Pepper Stir Fry 300g;£1.50/unit;£0.50/100g;Prepared & ready to eat;prepared-stir-fry;70;1.5;4.6;4.1;4.8;0.4;1.2;0.05;
sainsburys-mixed-pepper-stir-fry-300g;Sainsbury's Mixed Pepper Stir Fry 300g;£1.50/unit;£0.50/100g;Prepared & ready to eat;prepared-vegetables;70;1.5;4.6;4.1;4.8;0.4;1.2;0.05;
sainsburys-mixed-peppercorn-grinder-40g;Sainsbury's Mixed Peppercorn Grinder 40g;£3.00/unit;£0.75/10g;Cooking ingredients & oils;salt-pepper;null;null;null;null;null;null;null;null;
sainsburys-mixed-peppercorns-43g;Sainsbury's Mixed Peppercorns 43g;£1.50/unit;£0.35/10g;Cooking ingredients & oils;salt-pepper;null;null;null;null;null;null;null;null;
sainsburys-mixed-peppers--so-organic-x3;Sainsbury's Mixed Peppers, SO Organic x3;£2.50/unit;£2.50/ea;Fresh salad;peppers;null;null;null;null;null;null;null;null;
sainsburys-mixed-peppers--so-organic-x3;Sainsbury's Mixed Peppers, SO Organic x3;£2.50/unit;£2.50/ea;Fresh vegetables;peppers-salad-vegetables;null;null;null;null;null;null;null;null;
sainsburys-mixed-peppers--so-organic-x3;Sainsbury's Mixed Peppers, SO Organic x3;£2.50/unit;£2.50/ea;Organic;organic;null;null;null;null;null;null;null;null;
sainsburys-mixed-peppers-x3;Sainsbury's Mixed Peppers x3;£1.00/unit;£1.00/ea;Fresh salad;peppers;15;0.8;2.6;2.4;0.3;0;1.9;0;
sainsburys-mixed-peppers-x3;Sainsbury's Mixed Peppers x3;£1.00/unit;£1.00/ea;Fresh vegetables;peppers-salad-vegetables;15;0.8;2.6;2.4;0.3;0;1.9;0;
sainsburys-mixed-pulses-in-salted-water-410g;Sainsbury's Mixed Pulses in Salted Water 400g (230g*);£1.00/unit;£4.17/kg;Canned, tinned & packaged foods;pulses-beans;99;6.8;13.7;0.7;0.7;0.2;5.5;0.04;
sainsburys-mixed-seedless-grapes-800g;Sainsbury's Grapes Mixed Seedless 750g;£3.00/unit;£4.00/kg;Fresh fruit;bananas-grapes;66;0.5;15;15;0.5;0.1;0.7;0.01;
sainsburys-mixed-vegetable-antipasti-200g;Sainsbury's Mixed Antipasti 200g;£3.25/unit;£1.63/100g;Coleslaw, olives, salads & dips;olives-tapas-antipasti;124;2.2;4.7;1.4;9.8;1.2;3.9;2.15;
sainsburys-mixed-vegetable-antipasti-200g;Sainsbury's Mixed Antipasti 200g;£3.25/unit;£1.63/100g;Vegetarian & meat free;deli-meat-alternatives;124;2.2;4.7;1.4;9.8;1.2;3.9;2.15;
sainsburys-mixed-vegetable-savoury-rice--basics-120g;Sainsbury's Savoury Rice, Mixed Vegetable, Basics 120g;£0.30/unit;£2.50/kg;Cooking sauces & world foods;world-foods-instant-snack-meals;110;2.6;23.1;0.9;0.8;0.2;1.9;0.75;
sainsburys-mixed-vegetable-savoury-rice--basics-120g;Sainsbury's Savoury Rice, Mixed Vegetable, Basics 120g;£0.30/unit;£2.50/kg;Rice, pasta & noodles;instant-snack-meals;110;2.6;23.1;0.9;0.8;0.2;1.9;0.75;
sainsburys-mixed-vegetable-savoury-rice--basics-120g;Sainsbury's Savoury Rice, Mixed Vegetable, Basics 120g;£0.30/unit;£2.50/kg;Rice, pasta & noodles;rice-12592-44;110;2.6;23.1;0.9;0.8;0.2;1.9;0.75;
sainsburys-mixed-vegetable-stir-fry-325g;Sainsbury's Mixed Vegetable Stir Fry 325g;£1.00/unit;£0.31/100g;Fresh herbs & ingredients;asian-ingredients;56;1.7;4.7;4.6;2.7;0.4;3.0;0.25;
sainsburys-mixed-vegetable-stir-fry-325g;Sainsbury's Mixed Vegetable Stir Fry 325g;£1.00/unit;£0.31/100g;Fresh vegetables;fresh-vegetables-stir-fry;56;1.7;4.7;4.6;2.7;0.4;3.0;0.25;
sainsburys-mixed-vegetable-stir-fry-325g;Sainsbury's Mixed Vegetable Stir Fry 325g;£1.00/unit;£0.31/100g;Fresh vegetables;fresh-vegetables-world-exotic;56;1.7;4.7;4.6;2.7;0.4;3.0;0.25;
sainsburys-mixed-vegetable-stir-fry-325g;Sainsbury's Mixed Vegetable Stir Fry 325g;£1.00/unit;£0.31/100g;Prepared & ready to eat;prepared-stir-fry;56;1.7;4.7;4.6;2.7;0.4;3.0;0.25;
sainsburys-mixed-vegetable-stir-fry-325g;Sainsbury's Mixed Vegetable Stir Fry 325g;£1.00/unit;£0.31/100g;Prepared & ready to eat;prepared-vegetables;56;1.7;4.7;4.6;2.7;0.4;3.0;0.25;
sainsburys-mixed-vegetables--basics-1kg;Sainsbury's Mixed Vegetables, Basics 1kg;£0.80/unit;£0.80/kg;Fruit, vegetables & rice;frozen-vegetables;39;2.3;4.4;2.3;0.5;0.1;3.6;0.01;
sainsburys-mixed-vegetables-1kg;Sainsbury's Mixed Vegetables 1kg;£1.20/unit;£1.20/kg;Fruit, vegetables & rice;frozen-vegetables;56;2.9;7.5;2.7;0.7;0.1;4.0;0.04;
sainsburys-mixed-vegetables-in-water-300g;Sainsbury's Mixed Vegetables in Water 300g (195g*);£0.40/unit;£2.05/kg;Canned, tinned & packaged foods;canned-tinned-packaged-vegetables;48;3.1;6.9;1.1;0.5;0.1;3.2;0.03;
sainsburys-mojito-lollies-taste-the-difference-x4-292ml;Sainsbury's Mojito Lollies Taste the Difference x4 292ml;£2.50/unit;£0.86/100ml;Ice cream & desserts;lollies-bars-cones;75;0.5;17.5;16.9;0.5;0.1;0.6;0.05;
sainsburys-monkey-nuts--basics-500g;Sainsbury's Monkey Nuts, Basics 500g;£1.95/unit;£3.90/kg;Fresh fruit;mango-exotic-fruit-dates-nuts;null;null;null;null;null;null;null;null;
sainsburys-montagnolo-affine--taste-the-difference-160g;Sainsbury's Montagnolo Affine, Taste the Difference 160g;£2.45/unit;£15.31/kg;Cheese;organic-taste-the-difference-cheese;432;14.0;0.5;0.5;41.5;27.6;0.5;2.00;
sainsburys-mooli-loose;Sainsbury's Mooli (loose);£1.30/kg;£1.30/kg;Fresh herbs & ingredients;asian-ingredients;null;null;null;null;null;null;null;null;
sainsburys-mooli-loose;Sainsbury's Mooli (loose);£1.30/kg;£1.30/kg;Fresh herbs & ingredients;indian-ingredients;null;null;null;null;null;null;null;null;
sainsburys-mooli-loose;Sainsbury's Mooli (loose);£1.30/kg;£1.30/kg;Fresh vegetables;fresh-vegetables-world-exotic;null;null;null;null;null;null;null;null;
sainsburys-morbier--taste-the-difference-200g;Sainsbury's Morbier, Taste the Difference 200g;£3.00/unit;£15.00/kg;Cheese;organic-taste-the-difference-cheese;343;22.0;0.5;0.5;28.0;20.0;0.7;1.17;
sainsburys-morello-cherries--taste-the-difference-125g;Sainsbury's Morello Cherries, Taste The Difference 125g;£3.50/unit;£28.00/kg;Sugar & home baking;dried-fruit---peel;306;1.6;74.0;66.3;0.5;0.1;0.5;0.07;
sainsburys-morello-cherry-compote--taste-the-difference-400g;Sainsbury's Compote Morello Cherry, Taste the Difference 400g;£2.50/unit;£0.63/100g;Fruit & desserts;sauces-toppings;144;0.5;34.2;30.2;0.5;0.1;0.6;0.03;
sainsburys-morello-cherry-conserve--taste-the-difference-340g;Sainsbury's Morello Cherry Conserve, Taste the Difference 340g;£1.50/unit;£0.44/100g;Jams, honey & spreads;jams---conserves;256;0.5;62.6;44.1;0.5;0.2;0.8;0.18;
sainsburys-morning-coffee-biscuits-250g;Sainsbury's Morning Coffee Biscuits 250g;£0.80/unit;£0.32/100g;Biscuits & crackers;everyday-biscuits-shortbread;455;7.3;72.0;19.1;14.6;6.8;3.0;0.94;
sainsburys-moroccan-burgers-320g;Sainsbury's Moroccan Burgers 320g;£1.80/unit;£5.63/kg;Meat free & vegetarian;meat-free-vegetarian;161;4.0;19.7;1.8;6.1;0.4;5.7;0.49;
sainsburys-moroccan-cous-cous--taste-the-difference-460g;Sainsbury's Moroccan Cous Cous, Taste the Difference 460g;£4.00/unit;£0.87/100g;Coleslaw, olives, salads & dips;coleslaw-salads;205;4.6;34.5;9.5;4.9;0.5;2.2;0.50;
sainsburys-moroccan-cous-cous--taste-the-difference-460g;Sainsbury's Moroccan Cous Cous, Taste the Difference 460g;£4.00/unit;£0.87/100g;Fresh salad;dressings-coleslaw-accompaniments;205;4.6;34.5;9.5;4.9;0.5;2.2;0.50;
sainsburys-moroccan-cous-cous--taste-the-difference-460g;Sainsbury's Moroccan Cous Cous, Taste the Difference 460g;£4.00/unit;£0.87/100g;Prepared & ready to eat;prepared-salad-herbs;205;4.6;34.5;9.5;4.9;0.5;2.2;0.50;
sainsburys-moroccan-cous-cous--taste-the-difference-460g;Sainsbury's Moroccan Cous Cous, Taste the Difference 460g;£4.00/unit;£0.87/100g;Soup & lunchtime snacks;lunchtime-snacks;205;4.6;34.5;9.5;4.9;0.5;2.2;0.50;
sainsburys-moroccan-cous-cous--taste-the-difference-460g;Sainsbury's Moroccan Cous Cous, Taste the Difference 460g;£4.00/unit;£0.87/100g;Vegetarian & meat free;coleslaw--olives--salads---dips-30658-44;205;4.6;34.5;9.5;4.9;0.5;2.2;0.50;
sainsburys-moroccan-cous-cous-110g;Sainsbury's Moroccan Cous Cous 110g;£0.60/unit;£5.45/kg;Canned, tinned & packaged foods;pulses-beans;143;6.2;26.4;3.2;0.8;0.2;2.5;0.36;
sainsburys-moroccan-cous-cous-110g;Sainsbury's Moroccan Cous Cous 110g;£0.60/unit;£5.45/kg;Rice, pasta & noodles;couscous-grains;143;6.2;26.4;3.2;0.8;0.2;2.5;0.36;
sainsburys-moroccan-cous-cous-salad--taste-the-difference-200g;Sainsbury's Moroccan Cous Cous, Taste the Difference 200g;£2.00/unit;£1.00/100g;Coleslaw, olives, salads & dips;coleslaw-salads;205;4.6;34.5;9.5;4.9;0.5;2.2;0.50;
sainsburys-moroccan-cous-cous-salad--taste-the-difference-200g;Sainsbury's Moroccan Cous Cous, Taste the Difference 200g;£2.00/unit;£1.00/100g;Fresh salad;dressings-coleslaw-accompaniments;205;4.6;34.5;9.5;4.9;0.5;2.2;0.50;
sainsburys-moroccan-cous-cous-salad--taste-the-difference-200g;Sainsbury's Moroccan Cous Cous, Taste the Difference 200g;£2.00/unit;£1.00/100g;Prepared & ready to eat;prepared-salad-herbs;205;4.6;34.5;9.5;4.9;0.5;2.2;0.50;
sainsburys-moroccan-cous-cous-salad--taste-the-difference-200g;Sainsbury's Moroccan Cous Cous, Taste the Difference 200g;£2.00/unit;£1.00/100g;Vegetarian & meat free;coleslaw--olives--salads---dips-30658-44;205;4.6;34.5;9.5;4.9;0.5;2.2;0.50;
sainsburys-moroccan-crust-breadcrumbs--taste-the-difference-135g;Sainsbury's Moroccan Crust Breadcrumbs, Taste the Difference 135g;£1.85/unit;£13.70/kg;Cooking ingredients & oils;breaded-batter-coatings;326;11.8;56.0;15.5;4.7;1.2;6.2;1.98;
sainsburys-moroccan-cup-soup-96g-%284x24g%29;Sainsbury's Moroccan Cup Soup 4x24g;£0.90/unit;£0.94/100g;Canned, tinned & packaged foods;soups;43;1.8;8.2;0.5;0.5;0.1;0.8;0.56;
sainsburys-moroccan-spiced-chicken---chickpea-soup--taste-the-difference-600g;Sainsbury's Moroccan Spiced Chicken Soup, Taste the Difference 600g;£2.00/unit;£0.33/100g;Soup & lunchtime snacks;fresh-soups;65;3.9;8.2;4.6;1.3;0.2;2.6;0.32;
sainsburys-moroccan-spinach---chickpea-soup--be-good-to-yourself-400g;Sainsbury's Moroccan Spinach & Chickpea Soup, Be Good To Yourself 400g;£0.55/unit;£0.14/100g;Canned, tinned & packaged foods;soups;47;2.2;6.7;2.5;0.8;0.1;2.3;0.43;
sainsburys-moroccan-style-salad-bowl--taste-the-difference-170g;Sainsbury's Moroccan Style Salad Bowl, Taste the Difference 170g;£2.50/unit;£1.47/100g;Coleslaw, olives, salads & dips;coleslaw-salads;122;2.5;21.2;17.0;2.1;0.2;4.1;0.48;
sainsburys-moroccan-style-salad-bowl--taste-the-difference-170g;Sainsbury's Moroccan Style Salad Bowl, Taste the Difference 170g;£2.50/unit;£1.47/100g;Fresh salad;fresh-salad-prepared-ready-to-eat;122;2.5;21.2;17.0;2.1;0.2;4.1;0.48;
sainsburys-moroccan-style-salad-bowl--taste-the-difference-170g;Sainsbury's Moroccan Style Salad Bowl, Taste the Difference 170g;£2.50/unit;£1.47/100g;Prepared & ready to eat;prepared-salad-herbs;122;2.5;21.2;17.0;2.1;0.2;4.1;0.48;
sainsburys-moroccan-style-salad-bowl--taste-the-difference-170g;Sainsbury's Moroccan Style Salad Bowl, Taste the Difference 170g;£2.50/unit;£1.47/100g;Vegetarian & meat free;coleslaw--olives--salads---dips-30658-44;122;2.5;21.2;17.0;2.1;0.2;4.1;0.48;
sainsburys-morrocan-dry-black-olives-250g;Sainsbury's Moroccan Dry Black Olives 250g;£1.40/unit;£0.56/100g;Vinegar, pickles, olives & antipasti;olives-antipasti;null;null;null;null;null;null;null;null;
sainsburys-morrocan-topped-houmous-200g;Sainsbury's Moroccan Topped Houmous 200g;£1.55/unit;£0.78/100g;Coleslaw, olives, salads & dips;fresh-dips-houmous;237;6.6;10.1;2.5;17.6;2.1;6.5;0.78;
sainsburys-morrocan-topped-houmous-200g;Sainsbury's Moroccan Topped Houmous 200g;£1.55/unit;£0.78/100g;Vegetarian & meat free;deli-meat-alternatives;237;6.6;10.1;2.5;17.6;2.1;6.5;0.78;
sainsburys-mortadella-bologna-igp--taste-the-difference-130g;Sainsbury's Italian Mortadella, Taste the Difference 130g;£3.00/unit;£2.31/100g;Cooked meats & snacking;mfp-continental-meats;288;16.1;0.5;0.5;24.8;11.3;0.5;2.15;
sainsburys-mortadella-bologna-igp--taste-the-difference-130g;Sainsbury's Italian Mortadella, Taste the Difference 130g;£3.00/unit;£2.31/100g;Cooked meats & snacking;mfp-cooked-meats-snacking-taste-the-difference;288;16.1;0.5;0.5;24.8;11.3;0.5;2.15;
sainsburys-mortadella-bologna-igp--taste-the-difference-130g;Sainsbury's Italian Mortadella, Taste the Difference 130g;£3.00/unit;£2.31/100g;Cooked meats, pate & sandwich fillers;continental-meats;288;16.1;0.5;0.5;24.8;11.3;0.5;2.15;
sainsburys-mortadella-bologna-igp--taste-the-difference-130g;Sainsbury's Italian Mortadella, Taste the Difference 130g;£3.00/unit;£2.31/100g;Cooked meats, pate & sandwich fillers;cooked-meats-taste-the-difference;288;16.1;0.5;0.5;24.8;11.3;0.5;2.15;
sainsburys-moussaka--taste-the-difference-800g-7332067-p-44;Sainsbury's Moussaka, Taste the Difference 800g;£5.40/unit;£6.75/kg;Ready meals;mediterranean-other-cuisine-ready-meals;191;8.2;13.0;4.0;10.3;5.7;7.0;0.63;
sainsburys-moussaka--taste-the-difference-800g-7332067-p-44;Sainsbury's Moussaka, Taste the Difference 800g;£5.40/unit;£6.75/kg;Ready meals;taste-the-difference-bistro-ready-meals;191;8.2;13.0;4.0;10.3;5.7;7.0;0.63;
sainsburys-mousse-lemon-6x625g;Sainsbury's Mousse Lemon 6x62.5g;£1.00/unit;£0.27/100g;Yogurts;rice-dessert-style-yogurts;184;2.8;24.1;20.5;8.4;7.0;0.5;0.22;
sainsburys-mousse-strawberry-6x625g;Sainsbury's Mousse Strawberry 6x62.5g;£1.00/unit;£0.27/100g;Yogurts;rice-dessert-style-yogurts;161;2.7;20.0;16.9;7.7;6.4;0.5;0.22;
sainsburys-mozzarella---sunblushed-tomato-12-pizza--taste-the-difference;Sainsbury's Mozzarella & Sunblushed Tomato Pizza, Taste the Difference 12'' 515g;£5.00/unit;£9.71/kg;Pizza, pasta & garlic bread;pizza;257;12.3;31.0;2.6;8.8;3.9;2.4;0.90;
sainsburys-mozzarella---sunblushed-tomato-12-pizza--taste-the-difference;Sainsbury's Mozzarella & Sunblushed Tomato Pizza, Taste the Difference 12'' 515g;£5.00/unit;£9.71/kg;Vegetarian & meat free;vegetarian-meat-free-pizza-pasta;257;12.3;31.0;2.6;8.8;3.9;2.4;0.90;
sainsburys-mozzarella--so-organic-125g;Sainsbury's Mozzarella, SO Organic 125g;£1.25/unit;£10.00/kg;Cheese;organic-taste-the-difference-cheese;219;17.0;0.7;0.5;16.5;11.5;0.5;0.50;
sainsburys-mozzarella-fingers-with-cream-cheese-bites-270g;Sainsbury's Mozzarella Fingers With Cream Cheese Bites 270g;£3.00/unit;£11.11/kg;Ready meals;potato-vegetable-side-dishes;304;13.2;27.7;1.9;15.3;5.3;1.3;1.17;
sainsburys-mozzarella-pesto-stonebked-pizza-414g;Sainsbury's Stonebaked Mozzarella & Pesto Pizza 414g;£2.60/unit;£6.28/kg;Pizza & garlic bread;frozen-pizza-garlic-bread;258;10.5;28.3;3.0;10.7;3.4;3.3;1.17;
sainsburys-mozzarella-slices-200g;Sainsbury's Mozzarella Slices 200g;£1.75/unit;£8.75/kg;Cheese;sliced-grated-cheese;297;26.0;1.0;1.0;21.0;13.7;0.5;1.25;
sainsburys-mozzarella-tomato---pesto-sld;Sainsbury's Mozzarella Tomato & Pesto Salad 245g;£3.20/unit;£1.31/100g;Coleslaw, olives, salads & dips;coleslaw-salads;191;6.9;21.9;1.7;8.0;2.3;2.0;0.63;
sainsburys-mozzarella-tomato---pesto-sld;Sainsbury's Mozzarella Tomato & Pesto Salad 245g;£3.20/unit;£1.31/100g;Fresh salad;fresh-salad-prepared-ready-to-eat;191;6.9;21.9;1.7;8.0;2.3;2.0;0.63;
sainsburys-mozzarella-tomato---pesto-sld;Sainsbury's Mozzarella Tomato & Pesto Salad 245g;£3.20/unit;£1.31/100g;Prepared & ready to eat;prepared-salad-herbs;191;6.9;21.9;1.7;8.0;2.3;2.0;0.63;
sainsburys-mozzarella-tomato---pesto-sld;Sainsbury's Mozzarella Tomato & Pesto Salad 245g;£3.20/unit;£1.31/100g;Soup & lunchtime snacks;lunchtime-snacks;191;6.9;21.9;1.7;8.0;2.3;2.0;0.63;
sainsburys-mr---mrs-easter-bunny-gingerbread--from-our-bakery;Sainsbury's Mr & Mrs Easter Bunny Gingerbread, From Our Bakery;£1.25/unit;£0.63/ea;Cakes;cakes-from-our-bakery-12374-44;430;5.6;72.1;36.8;12.8;5.7;1.9;0.62;
sainsburys-mr---mrs-easter-bunny-gingerbread--from-our-bakery;Sainsbury's Mr & Mrs Easter Bunny Gingerbread, From Our Bakery;£1.25/unit;£0.63/ea;Easter treats;easter-treats;430;5.6;72.1;36.8;12.8;5.7;1.9;0.62;
sainsburys-msc-peeled-prawns-200g;Sainsbury's MSC Peeled Prawns 200g;£3.00/unit;£1.50/100g;Cooked meats & snacking;mfp-cooked-fish-seafood;61;14.1;0.5;0.5;0.5;0.1;0.5;1.40;
sainsburys-msc-peeled-prawns-200g;Sainsbury's MSC Peeled Prawns 200g;£3.00/unit;£1.50/100g;Cooked meats, pate & sandwich fillers;cooked-fish-seafood;61;14.1;0.5;0.5;0.5;0.1;0.5;1.40;
sainsburys-msc-peeled-prawns-200g;Sainsbury's MSC Peeled Prawns 200g;£3.00/unit;£1.50/100g;Fish & seafood;canapes-snacking;61;14.1;0.5;0.5;0.5;0.1;0.5;1.40;
sainsburys-msc-peeled-prawns-200g;Sainsbury's MSC Peeled Prawns 200g;£3.00/unit;£1.50/100g;Fish & seafood;prawns-shellfish;61;14.1;0.5;0.5;0.5;0.1;0.5;1.40;
sainsburys-msc-peeled-prawns-200g;Sainsbury's MSC Peeled Prawns 200g;£3.00/unit;£1.50/100g;Great prices on meat & fish;great-prices-on-meat---fish;61;14.1;0.5;0.5;0.5;0.1;0.5;1.40;
sainsburys-muesli--basics-1kg;Sainsbury's Muesli, Basics 1kg;£1.20/unit;£0.12/100g;Breakfast cereals;muesli-granola-clusters;355;11.2;61.5;7.8;5.1;0.8;9.2;0;
sainsburys-muesli-breakfast-biscuit-225g;Sainsbury's Muesli Breakfast Biscuit 225g;£1.30/unit;£0.58/100g;Biscuits & crackers;biscuits-crackers-kids-lunchbox;421;7.1;66.1;29.3;13.0;3.7;5.5;0.96;
sainsburys-muesli-breakfast-biscuit-225g;Sainsbury's Muesli Breakfast Biscuit 225g;£1.30/unit;£0.58/100g;Biscuits & crackers;cereal-bars-breakfast-biscuits;421;7.1;66.1;29.3;13.0;3.7;5.5;0.96;
sainsburys-muesli-breakfast-biscuit-225g;Sainsbury's Muesli Breakfast Biscuit 225g;£1.30/unit;£0.58/100g;Biscuits & crackers;healthier-biscuits-crackers;421;7.1;66.1;29.3;13.0;3.7;5.5;0.96;
sainsburys-muesli-breakfast-biscuit-225g;Sainsbury's Muesli Breakfast Biscuit 225g;£1.30/unit;£0.58/100g;Breakfast cereals;breakfast-cereal-bars-breakfast-biscuits;421;7.1;66.1;29.3;13.0;3.7;5.5;0.96;
sainsburys-muesli-fruit---nut-15kg;Sainsbury's Muesli Fruit & Nut 1.5kg;£3.95/unit;£0.26/100g;Breakfast cereals;muesli-granola-clusters;361;8.5;58.9;28.0;9.0;1.8;5.3;0.03;
sainsburys-muffins--basics-x6;Sainsbury's Muffins, Basics x6;£0.70/unit;£0.18/100g;Crumpets, breakfast muffins & pancakes;crumpets-breakfast-muffins-pancakes;247;9.1;46.8;4.6;1.9;0.3;3.0;0.80;
sainsburys-mull-of-kintyre-extra-mature--taste-the-difference-400g;Sainsbury's Mull Of Kintyre Extra Mature Cheddar, Taste the Difference 400g;£3.50/unit;£8.75/kg;Cheese;cheddar-british-regional-cheese;416;25.4;0.5;0.5;34.9;21.7;0.5;1.80;
sainsburys-mull-of-kintyre-extra-mature--taste-the-difference-400g;Sainsbury's Mull Of Kintyre Extra Mature Cheddar, Taste the Difference 400g;£3.50/unit;£8.75/kg;Cheese;cheeseboard-delights;416;25.4;0.5;0.5;34.9;21.7;0.5;1.80;
sainsburys-mull-of-kintyre-extra-mature--taste-the-difference-400g;Sainsbury's Mull Of Kintyre Extra Mature Cheddar, Taste the Difference 400g;£3.50/unit;£8.75/kg;Cheese;organic-taste-the-difference-cheese;416;25.4;0.5;0.5;34.9;21.7;0.5;1.80;
sainsburys-mulligatawny-soup-400g;Sainsbury's Mulligatawny Soup 400g;£0.55/unit;£0.14/100g;Canned, tinned & packaged foods;soups;53;2.7;8.5;2.0;0.9;0.4;0.5;0.48;
sainsburys-multi-coloured-hundreds-thousands-80g;Sainsbury's Cake Decorations, Multi Coloured 100s & 1000s 80g;£1.00/unit;£1.25/100g;Sugar & home baking;decorations;383;0.5;94.8;78.4;0.5;0.1;0.6;0.05;
sainsburys-multi-grain-tagliatelle--be-good-to-yourself-500g;Sainsbury's Fresh Egg Multigrain Tagliatelle 500g;£1.65/unit;£3.30/kg;Pizza, pasta & garlic bread;fresh-pasta-sauces;161;7.0;26.0;0.5;2.5;0.7;3.0;0.03;
sainsburys-multi-grain-tagliatelle--be-good-to-yourself-500g;Sainsbury's Fresh Egg Multigrain Tagliatelle 500g;£1.65/unit;£3.30/kg;Vegetarian & meat free;vegetarian-meat-free-pizza-pasta;161;7.0;26.0;0.5;2.5;0.7;3.0;0.03;
sainsburys-multi-purpose-cooking-bag-x10;Sainsbury's Roasting Bags x10;£1.25/unit;£0.13/bag;Bread;sandwich-bags-food-storage;null;null;null;null;null;null;null;null;
sainsburys-multigrain---rye-bloomer--taste-the-difference-400g;Sainsbury's Multigrain & Rye Bloomer, Taste the Difference 400g;£1.25/unit;£0.32/100g;Bread;bread-from-our-bakery2;null;null;null;null;null;null;null;null;
sainsburys-multigrain---rye-bloomer--taste-the-difference-400g;Sainsbury's Multigrain & Rye Bloomer, Taste the Difference 400g;£1.25/unit;£0.32/100g;From our in store bakery;bread-from-our-bakery;null;null;null;null;null;null;null;null;
sainsburys-multigrain-bagels-x4;Sainsbury's Bagels, Multigrain x4;£1.00/unit;£0.25/ea;From our in store bakery;rolls-bagels-from-our-bakery;null;null;null;null;null;null;null;null;
sainsburys-multigrain-bagels-x4;Sainsbury's Bagels, Multigrain x4;£1.00/unit;£0.25/ea;Wraps, bagels & pittas;wraps-bagels-pittas;null;null;null;null;null;null;null;null;
sainsburys-multigrain-boulders-375g;Sainsbury's Multigrain Boulders 375g;£1.60/unit;£0.43/100g;Breakfast cereals;kids-cereals;382;7.8;83;25;1.3;0.3;3.9;0.76;
sainsburys-multigrain-flakes---fruit-500g;Sainsbury's Multigrain Flakes & Fruit 500g;£2.00/unit;£0.40/100g;Breakfast cereals;healthier-cereals;367;7.2;77.3;19.4;2.2;0.3;4.7;0.73;
sainsburys-multigrain-hooplas-375g;Sainsbury's Multigrain Hooplas 375g;£1.60/unit;£0.43/100g;Breakfast cereals;kids-cereals;386;9.0;74.0;19.0;4.5;0.7;6.5;0.68;
sainsburys-multigrain-melba-toast-100g;Sainsbury's Multigrain Melba Toast 100g;£0.90/unit;£0.90/100g;Biscuits & crackers;crackers-savoury-biscuits;393;16.8;63.8;3.3;5.9;1.3;8.9;2.00;
sainsburys-multigrain-melba-toast-100g;Sainsbury's Multigrain Melba Toast 100g;£0.90/unit;£0.90/100g;Biscuits & crackers;healthier-biscuits-crackers;393;16.8;63.8;3.3;5.9;1.3;8.9;2.00;
sainsburys-multiseed-baguette--taste-the-difference-400g;Sainsbury's Multiseed Baguette, Taste the Difference 400g;£1.00/unit;£1.00/ea;Baguettes & part baked bread;baguettes-part-baked-bread;null;null;null;null;null;null;null;null;
sainsburys-multiseed-baguette--taste-the-difference-400g;Sainsbury's Multiseed Baguette, Taste the Difference 400g;£1.00/unit;£1.00/ea;From our in store bakery;baguettes-from-our-bakery;null;null;null;null;null;null;null;null;
sainsburys-multiseed-baton--taste-the-difference;Sainsbury's Multiseed Baton, Taste the Difference;£0.65/unit;£0.65/ea;From our in store bakery;baguettes-from-our-bakery;null;null;null;null;null;null;null;null;
sainsburys-multiseed-bloomer--taste-the-difference-400g;Sainsbury's Multiseed Bloomer, Taste the Difference 400g;£1.00/unit;£1.00/ea;Bread;bread-from-our-bakery2;null;null;null;null;null;null;null;null;
sainsburys-multiseed-bloomer--taste-the-difference-400g;Sainsbury's Multiseed Bloomer, Taste the Difference 400g;£1.00/unit;£1.00/ea;From our in store bakery;bread-from-our-bakery;null;null;null;null;null;null;null;null;
sainsburys-multiseed-bloomer--taste-the-difference-800g;Sainsbury's Multiseed Bloomer, Taste the Difference 800g;£1.50/unit;£0.19/100g;Bread;bread-from-our-bakery2;null;null;null;null;null;null;null;null;
sainsburys-multiseed-bloomer--taste-the-difference-800g;Sainsbury's Multiseed Bloomer, Taste the Difference 800g;£1.50/unit;£0.19/100g;From our in store bakery;bread-from-our-bakery;null;null;null;null;null;null;null;null;
sainsburys-multiseed-bread-mix-500g;Sainsbury's Multiseed Bread Mix 500g;£0.75/unit;£1.50/kg;Sugar & home baking;flour;265;11.4;34.6;1.0;7.9;1.2;4.7;0.88;
sainsburys-multiseed-bread-mix-500g;Sainsbury's Multiseed Bread Mix 500g;£0.75/unit;£1.50/kg;Sugar & home baking;pastry-savoury-mixes;265;11.4;34.6;1.0;7.9;1.2;4.7;0.88;
sainsburys-multiseed-crusty-roll-90g;Sainsbury's Multiseed Crusty Roll 90g;£0.40/unit;£0.40/ea;From our in store bakery;rolls-bagels-from-our-bakery;null;null;null;null;null;null;null;null;
sainsburys-multiseed-crusty-roll-90g;Sainsbury's Multiseed Crusty Roll 90g;£0.40/unit;£0.40/ea;Rolls;rolls;null;null;null;null;null;null;null;null;
sainsburys-multiseed-flatbread-100g;Sainsbury's Multiseed Flatbread 100g;£1.00/unit;£1.00/100g;Biscuits & crackers;crackers-savoury-biscuits;478;15.2;53.9;2.0;21.6;2.6;3.5;0.95;
sainsburys-multiseed-soft-baps--taste-the-difference-x4-7570087-p-44;Sainsbury's Multiseed Soft Baps, Taste the Difference x4;£0.90/unit;£0.23/ea;From our in store bakery;rolls-bagels-from-our-bakery;null;null;null;null;null;null;null;null;
sainsburys-multiseed-soft-baps--taste-the-difference-x4-7570087-p-44;Sainsbury's Multiseed Soft Baps, Taste the Difference x4;£0.90/unit;£0.23/ea;Rolls;rolls;null;null;null;null;null;null;null;null;
sainsburys-multiseed-vienna-rolls-x4;Sainsbury's Multiseed Vienna Rolls, Taste the Difference x4;£0.90/unit;£0.23/ea;From our in store bakery;rolls-bagels-from-our-bakery;null;null;null;null;null;null;null;null;
sainsburys-multiseed-vienna-rolls-x4;Sainsbury's Multiseed Vienna Rolls, Taste the Difference x4;£0.90/unit;£0.23/ea;Rolls;rolls;null;null;null;null;null;null;null;null;
sainsburys-multiseeded-bloomer--taste-the-difference-400g;Sainsbury's Multiseeded Bloomer, Taste the Difference 400g;£1.15/unit;£0.29/100g;Bread;seeded-grains-bread;256;12.0;39.7;4.3;3.6;0.4;8.8;0.84;
sainsburys-multiseeded-bloomer--taste-the-difference-400g;Sainsbury's Multiseeded Bloomer, Taste the Difference 400g;£1.15/unit;£0.29/100g;Bread;small-loaves;256;12.0;39.7;4.3;3.6;0.4;8.8;0.84;
sainsburys-multiseeded-bread--taste-the-difference-400g;Sainsbury's Multiseeded Bread, Taste the Difference 400g;£1.00/unit;£0.25/100g;Bread;bread-from-our-bakery2;null;null;null;null;null;null;null;null;
sainsburys-multiseeded-bread--taste-the-difference-400g;Sainsbury's Multiseeded Bread, Taste the Difference 400g;£1.00/unit;£0.25/100g;From our in store bakery;bread-from-our-bakery;null;null;null;null;null;null;null;null;
sainsburys-multiseeded-bread--taste-the-difference-800g;Sainsbury's Multiseeded Loaf, Taste the Difference 800g;£1.40/unit;£0.18/100g;Bread;bread-from-our-bakery2;null;null;null;null;null;null;null;null;
sainsburys-multiseeded-bread--taste-the-difference-800g;Sainsbury's Multiseeded Loaf, Taste the Difference 800g;£1.40/unit;£0.18/100g;From our in store bakery;bread-from-our-bakery;null;null;null;null;null;null;null;null;
sainsburys-multiseeded-wholemeal-bread--so-organic-400g;Sainsbury's Multiseeded Wholemeal Bread, SO Organic 400g;£1.00/unit;£0.25/100g;Bread;small-loaves;263;11.8;30.9;3.0;7.4;0.7;12.9;0.98;
sainsburys-multiseeded-wholemeal-bread--so-organic-400g;Sainsbury's Multiseeded Wholemeal Bread, SO Organic 400g;£1.00/unit;£0.25/100g;Bread;wholemeal-brown-bread;263;11.8;30.9;3.0;7.4;0.7;12.9;0.98;
sainsburys-multivitimin---multifruit-juice--not-from-concentrate-1l;Sainsbury's Multivitimin & Multifruit Juice, Not From Concentrate 1L;£1.40/unit;£0.14/100ml;Chilled fruit juice & smoothies;chilled-fruit-juice;49;0.5;11.2;11.0;0.5;0.1;0.5;0.01;
sainsburys-munchies-cookie-x5;Sainsbury's Munchies Cookie x5;£1.20/unit;£0.24/ea;Biscuits & crackers;cookies;null;null;null;null;null;null;null;null;
sainsburys-munchies-cookie-x5;Sainsbury's Munchies Cookie x5;£1.20/unit;£0.24/ea;Cakes;doughnuts-cookies;null;null;null;null;null;null;null;null;
sainsburys-munchies-cookie-x5;Sainsbury's Munchies Cookie x5;£1.20/unit;£0.24/ea;From our in store bakery;instore-bakery-doughnuts-cookies;null;null;null;null;null;null;null;null;
sainsburys-mushroom---farmhouse-cheddar-quiche-400g;Sainsbury's Mushroom & Farmhouse Cheddar Quiche 400g;£2.40/unit;£0.60/100g;Pies, pasties & quiche;quiche;224;6.5;17.6;2.2;13.5;4.5;2.8;0.48;
sainsburys-mushroom---pea-masala-%28medium---rich%29-300g;Sainsbury's Mushroom & Pea Masala 300g;£1.75/unit;£5.83/kg;Ready meals;indian-ready-meals;88;3.3;5.2;3.5;4.9;0.6;5.1;0.69;
sainsburys-mushroom---pea-masala-%28medium---rich%29-300g;Sainsbury's Mushroom & Pea Masala 300g;£1.75/unit;£5.83/kg;Ready meals;potato-vegetable-side-dishes;88;3.3;5.2;3.5;4.9;0.6;5.1;0.69;
sainsburys-mushroom---pea-masala-%28medium---rich%29-300g;Sainsbury's Mushroom & Pea Masala 300g;£1.75/unit;£5.83/kg;Vegetarian & meat free;coleslaw--olives--salads---dips-30658-44;88;3.3;5.2;3.5;4.9;0.6;5.1;0.69;
sainsburys-mushroom---pea-masala-%28medium---rich%29-300g;Sainsbury's Mushroom & Pea Masala 300g;£1.75/unit;£5.83/kg;Vegetarian & meat free;vegetarian-meat-free-ready-meals;88;3.3;5.2;3.5;4.9;0.6;5.1;0.69;
sainsburys-mushroom---pinot-grigio-margherite--taste-the-difference-250g;Sainsbury's Mushroom & Pinot Grigio Margherite, Taste the Difference 250g;£2.50/unit;£10.00/kg;Pizza, pasta & garlic bread;fresh-pasta-sauces;154;6.6;18.1;2.4;5.5;2.4;2.6;1.00;
sainsburys-mushroom---spinach-crispbakes-x2-227g;Sainsbury's Mushroom & Spinach Crispbakes x2 227g;£1.00/unit;£4.41/kg;Meat free & vegetarian;meat-free-vegetarian;215;5.3;28.3;2.3;8.3;2.2;2.7;0.78;
sainsburys-mushroom-butternut-sqh-risotto--taste-the-difference-400g;Sainsbury's Mushroom & Butternut Squash Risotto, Taste the Difference 400g;£3.30/unit;£8.25/kg;Ready meals;italian-ready-meals;133;2.8;15.3;1.6;5.7;1.3;4.6;0.53;
sainsburys-mushroom-butternut-sqh-risotto--taste-the-difference-400g;Sainsbury's Mushroom & Butternut Squash Risotto, Taste the Difference 400g;£3.30/unit;£8.25/kg;Ready meals;meals-for-1-ready-meals;133;2.8;15.3;1.6;5.7;1.3;4.6;0.53;
sainsburys-mushroom-butternut-sqh-risotto--taste-the-difference-400g;Sainsbury's Mushroom & Butternut Squash Risotto, Taste the Difference 400g;£3.30/unit;£8.25/kg;Ready meals;taste-the-difference-bistro-ready-meals;133;2.8;15.3;1.6;5.7;1.3;4.6;0.53;
sainsburys-mushroom-butternut-sqh-risotto--taste-the-difference-400g;Sainsbury's Mushroom & Butternut Squash Risotto, Taste the Difference 400g;£3.30/unit;£8.25/kg;Vegetarian & meat free;vegetarian-meat-free-ready-meals;133;2.8;15.3;1.6;5.7;1.3;4.6;0.53;
sainsburys-mushroom-cup-soup-4x23g;Sainsbury's Mushroom Cup Soup 4x23g;£0.70/unit;£0.76/100g;Canned, tinned & packaged foods;soups;48;1.0;7.7;0.6;1.3;0.7;0.9;0.58;
sainsburys-mushroom-p%C3%A2t%C3%A9-115g;Sainsbury's Mushroom Pâté 115g;£1.00/unit;£0.87/100g;Cooked meats, pate & sandwich fillers;pate;147;3.9;5.8;0.6;11.6;4.0;null;0.38;
sainsburys-mushroom-p%C3%A2t%C3%A9-115g;Sainsbury's Mushroom Pâté 115g;£1.00/unit;£0.87/100g;Vegetarian & meat free;deli-meat-alternatives;147;3.9;5.8;0.6;11.6;4.0;null;0.38;
sainsburys-mushroom-pilau-rice-%28mild---fragrant%29-250g;Sainsbury's Mushroom Pilau Rice 250g;£1.50/unit;£6.00/kg;Ready meals;indian-ready-meals;146;3.3;24.8;0.7;3.1;0.2;2.9;0.45;
sainsburys-mushroom-pilau-rice-%28mild---fragrant%29-250g;Sainsbury's Mushroom Pilau Rice 250g;£1.50/unit;£6.00/kg;Vegetarian & meat free;vegetarian-meat-free-ready-meals;146;3.3;24.8;0.7;3.1;0.2;2.9;0.45;
sainsburys-mushroom-rice-250g;Sainsbury's Mushroom Rice 250g;£0.50/unit;£2.00/kg;Rice, pasta & noodles;rice-12592-44;152;3.5;28.9;0.5;2.1;0.4;1.6;0.45;
sainsburys-mushroom-risotto-430g;Sainsbury's Mushroom Risotto 430g;£2.30/unit;£5.35/kg;Ready meals;italian-ready-meals;130;2.3;16.8;0.9;5.8;2.9;0.6;0.60;
sainsburys-mushroom-risotto-430g;Sainsbury's Mushroom Risotto 430g;£2.30/unit;£5.35/kg;Ready meals;meals-for-1-ready-meals;130;2.3;16.8;0.9;5.8;2.9;0.6;0.60;
sainsburys-mushroom-sauce-350g;Sainsbury's Mushroom Sauce 350g;£1.40/unit;£0.40/100g;Pizza, pasta & garlic bread;fresh-pasta-sauces;73;2.0;6.7;1.8;4.1;2.1;0.5;0.78;
sainsburys-mushroom-sauce-350g;Sainsbury's Mushroom Sauce 350g;£1.40/unit;£0.40/100g;Vegetarian & meat free;vegetarian-meat-free-pizza-pasta;73;2.0;6.7;1.8;4.1;2.1;0.5;0.78;
sainsburys-mushroom-soup-600g;Sainsbury's Mushroom Soup 600g;£1.40/unit;£0.23/100g;Soup & lunchtime snacks;fresh-soups;33;1.4;3.2;0.5;1.5;0.6;0.5;0.50;
sainsburys-mushroom-stir-fry-350g;Sainsbury's Mushroom Stir Fry 350g;£1.50/unit;£0.43/100g;Fresh herbs & ingredients;asian-ingredients;64;2.0;3.6;2.7;4.1;0.4;2.1;0.04;
sainsburys-mushroom-stir-fry-350g;Sainsbury's Mushroom Stir Fry 350g;£1.50/unit;£0.43/100g;Fresh vegetables;fresh-vegetables-stir-fry;64;2.0;3.6;2.7;4.1;0.4;2.1;0.04;
sainsburys-mushroom-stir-fry-350g;Sainsbury's Mushroom Stir Fry 350g;£1.50/unit;£0.43/100g;Fresh vegetables;fresh-vegetables-world-exotic;64;2.0;3.6;2.7;4.1;0.4;2.1;0.04;
sainsburys-mushroom-stir-fry-350g;Sainsbury's Mushroom Stir Fry 350g;£1.50/unit;£0.43/100g;Fresh vegetables;mushrooms;64;2.0;3.6;2.7;4.1;0.4;2.1;0.04;
sainsburys-mushroom-stir-fry-350g;Sainsbury's Mushroom Stir Fry 350g;£1.50/unit;£0.43/100g;Prepared & ready to eat;prepared-stir-fry;64;2.0;3.6;2.7;4.1;0.4;2.1;0.04;
sainsburys-mushroom-stir-fry-350g;Sainsbury's Mushroom Stir Fry 350g;£1.50/unit;£0.43/100g;Prepared & ready to eat;prepared-vegetables;64;2.0;3.6;2.7;4.1;0.4;2.1;0.04;
sainsburys-mushroom-strognoff--taste-the-difference-415g;Sainsbury's Mushroom Stroganoff & Wild Rice, Taste The Difference 380g;£4.00/unit;£10.53/kg;Ready meals;healthier-choice-ready-meals;85;3.0;14.3;2.3;1.2;0.6;2.5;0.49;
sainsburys-mushroom-strognoff--taste-the-difference-415g;Sainsbury's Mushroom Stroganoff & Wild Rice, Taste The Difference 380g;£4.00/unit;£10.53/kg;Ready meals;meals-for-1-ready-meals;85;3.0;14.3;2.3;1.2;0.6;2.5;0.49;
sainsburys-mushroom-strognoff--taste-the-difference-415g;Sainsbury's Mushroom Stroganoff & Wild Rice, Taste The Difference 380g;£4.00/unit;£10.53/kg;Ready meals;mediterranean-other-cuisine-ready-meals;85;3.0;14.3;2.3;1.2;0.6;2.5;0.49;
sainsburys-mushroom-strognoff--taste-the-difference-415g;Sainsbury's Mushroom Stroganoff & Wild Rice, Taste The Difference 380g;£4.00/unit;£10.53/kg;Ready meals;taste-the-difference-bistro-ready-meals;85;3.0;14.3;2.3;1.2;0.6;2.5;0.49;
sainsburys-mushroom-strognoff--taste-the-difference-415g;Sainsbury's Mushroom Stroganoff & Wild Rice, Taste The Difference 380g;£4.00/unit;£10.53/kg;Ready meals;vegetarian-ready-meals;85;3.0;14.3;2.3;1.2;0.6;2.5;0.49;
sainsburys-mushroom-strognoff--taste-the-difference-415g;Sainsbury's Mushroom Stroganoff & Wild Rice, Taste The Difference 380g;£4.00/unit;£10.53/kg;Vegetarian & meat free;vegetarian-meat-free-ready-meals;85;3.0;14.3;2.3;1.2;0.6;2.5;0.49;
sainsburys-mushrooms--basics-400g;Sainsbury's Mushrooms, Basics 400g;£0.90/unit;£2.25/kg;Fresh vegetables;mushrooms;160;2.4;0.5;0.5;16.2;10.7;1.5;0.40;
sainsburys-mushy-peas--basics-300g;Sainsbury's Mushy Peas, Basics 300g;£0.20/unit;£0.67/kg;Canned, tinned & packaged foods;canned-tinned-packaged-vegetables;77;5.3;11.4;0.6;0.5;0.1;3.2;0.22;
sainsburys-mushy-peas-twinpack-300g;Sainsbury's Mushy Peas Twinpack 300g;£0.75/unit;£2.50/kg;Fruit, vegetables & rice;frozen-vegetables;93;5.8;12.3;0.7;0.6;0.2;7.8;0.29;
sainsburys-mustard-seeds-60g;Sainsbury's Mustard Seeds 60g;£1.00/unit;£0.17/10g;Cooking ingredients & oils;herbs-spices-seasoning;null;null;null;null;null;null;null;null;
sainsburys-my-goodnesgreen-thai-chick-curry-380g;Sainsbury's My Goodness! Thai Green Chicken Curry & Rice 380g;£3.50/unit;£9.21/kg;Ready meals;healthier-choice-ready-meals;97;7.5;11.1;1.8;2.4;1.4;0.8;0.31;
sainsburys-my-goodnesgreen-thai-chick-curry-380g;Sainsbury's My Goodness! Thai Green Chicken Curry & Rice 380g;£3.50/unit;£9.21/kg;Ready meals;meals-for-1-ready-meals;97;7.5;11.1;1.8;2.4;1.4;0.8;0.31;
sainsburys-my-goodnesgreen-thai-chick-curry-380g;Sainsbury's My Goodness! Thai Green Chicken Curry & Rice 380g;£3.50/unit;£9.21/kg;Ready meals;my-goodness%21;97;7.5;11.1;1.8;2.4;1.4;0.8;0.31;
sainsburys-my-goodnesgreen-thai-chick-curry-380g;Sainsbury's My Goodness! Thai Green Chicken Curry & Rice 380g;£3.50/unit;£9.21/kg;Ready meals;oriental-ready-meals;97;7.5;11.1;1.8;2.4;1.4;0.8;0.31;
sainsburys-my-goodnesgreen-thai-chick-curry-380g;Sainsbury's My Goodness! Thai Green Chicken Curry & Rice 380g;£3.50/unit;£9.21/kg;Soup & lunchtime snacks;lunchtime-snacks;97;7.5;11.1;1.8;2.4;1.4;0.8;0.31;
sainsburys-my-goodness%21-chargrill-vegetable-risotto-380g;Sainsbury's My Goodness! Mediterranean Vegetable Risotto 380g;£3.00/unit;£7.89/kg;Ready meals;healthier-choice-ready-meals;90;2.4;15.7;4.0;1.7;0.3;1.0;0.37;
sainsburys-my-goodness%21-chargrill-vegetable-risotto-380g;Sainsbury's My Goodness! Mediterranean Vegetable Risotto 380g;£3.00/unit;£7.89/kg;Ready meals;italian-ready-meals;90;2.4;15.7;4.0;1.7;0.3;1.0;0.37;
sainsburys-my-goodness%21-chargrill-vegetable-risotto-380g;Sainsbury's My Goodness! Mediterranean Vegetable Risotto 380g;£3.00/unit;£7.89/kg;Ready meals;meals-for-1-ready-meals;90;2.4;15.7;4.0;1.7;0.3;1.0;0.37;
sainsburys-my-goodness%21-chargrill-vegetable-risotto-380g;Sainsbury's My Goodness! Mediterranean Vegetable Risotto 380g;£3.00/unit;£7.89/kg;Ready meals;my-goodness%21;90;2.4;15.7;4.0;1.7;0.3;1.0;0.37;
sainsburys-my-goodness%21-chargrill-vegetable-risotto-380g;Sainsbury's My Goodness! Mediterranean Vegetable Risotto 380g;£3.00/unit;£7.89/kg;Soup & lunchtime snacks;lunchtime-snacks;90;2.4;15.7;4.0;1.7;0.3;1.0;0.37;
sainsburys-my-goodness%21-chicken---prawn-paella-380g;Sainsbury's My Goodness! Chicken & Prawn Paella 380g;£3.50/unit;£9.21/kg;Ready meals;healthier-choice-ready-meals;114;9.0;12.3;2.6;2.7;0.7;2.4;0.33;
sainsburys-my-goodness%21-chicken---prawn-paella-380g;Sainsbury's My Goodness! Chicken & Prawn Paella 380g;£3.50/unit;£9.21/kg;Ready meals;meals-for-1-ready-meals;114;9.0;12.3;2.6;2.7;0.7;2.4;0.33;
sainsburys-my-goodness%21-chicken---prawn-paella-380g;Sainsbury's My Goodness! Chicken & Prawn Paella 380g;£3.50/unit;£9.21/kg;Ready meals;mediterranean-other-cuisine-ready-meals;114;9.0;12.3;2.6;2.7;0.7;2.4;0.33;
sainsburys-my-goodness%21-chicken---prawn-paella-380g;Sainsbury's My Goodness! Chicken & Prawn Paella 380g;£3.50/unit;£9.21/kg;Ready meals;my-goodness%21;114;9.0;12.3;2.6;2.7;0.7;2.4;0.33;
sainsburys-my-goodness%21-chicken---prawn-paella-380g;Sainsbury's My Goodness! Chicken & Prawn Paella 380g;£3.50/unit;£9.21/kg;Soup & lunchtime snacks;lunchtime-snacks;114;9.0;12.3;2.6;2.7;0.7;2.4;0.33;
sainsburys-my-goodness%21-chicken---prawn-singapore-noodles-380g;Sainsbury's My Goodness! Chicken & Prawn Singapore Noodles 380g;£3.50/unit;£9.21/kg;Ready meals;healthier-choice-ready-meals;107;6.1;12.1;2.4;3.4;1.6;1.7;0.40;
sainsburys-my-goodness%21-chicken---prawn-singapore-noodles-380g;Sainsbury's My Goodness! Chicken & Prawn Singapore Noodles 380g;£3.50/unit;£9.21/kg;Ready meals;meals-for-1-ready-meals;107;6.1;12.1;2.4;3.4;1.6;1.7;0.40;
sainsburys-my-goodness%21-chicken---prawn-singapore-noodles-380g;Sainsbury's My Goodness! Chicken & Prawn Singapore Noodles 380g;£3.50/unit;£9.21/kg;Ready meals;my-goodness%21;107;6.1;12.1;2.4;3.4;1.6;1.7;0.40;
sainsburys-my-goodness%21-chicken---prawn-singapore-noodles-380g;Sainsbury's My Goodness! Chicken & Prawn Singapore Noodles 380g;£3.50/unit;£9.21/kg;Ready meals;oriental-ready-meals;107;6.1;12.1;2.4;3.4;1.6;1.7;0.40;
sainsburys-my-goodness%21-chicken---prawn-singapore-noodles-380g;Sainsbury's My Goodness! Chicken & Prawn Singapore Noodles 380g;£3.50/unit;£9.21/kg;Soup & lunchtime snacks;lunchtime-snacks;107;6.1;12.1;2.4;3.4;1.6;1.7;0.40;
sainsburys-my-goodness%21-chilli-prawn-linguine-pasta-380g;Sainsbury's My Goodness! Chilli Prawn Linguine Pasta 380g;£3.50/unit;£9.21/kg;Ready meals;healthier-choice-ready-meals;107;5.6;15.3;2.6;2.2;0.2;1.4;0.47;
sainsburys-my-goodness%21-chilli-prawn-linguine-pasta-380g;Sainsbury's My Goodness! Chilli Prawn Linguine Pasta 380g;£3.50/unit;£9.21/kg;Ready meals;italian-ready-meals;107;5.6;15.3;2.6;2.2;0.2;1.4;0.47;
sainsburys-my-goodness%21-chilli-prawn-linguine-pasta-380g;Sainsbury's My Goodness! Chilli Prawn Linguine Pasta 380g;£3.50/unit;£9.21/kg;Ready meals;meals-for-1-ready-meals;107;5.6;15.3;2.6;2.2;0.2;1.4;0.47;
sainsburys-my-goodness%21-chilli-prawn-linguine-pasta-380g;Sainsbury's My Goodness! Chilli Prawn Linguine Pasta 380g;£3.50/unit;£9.21/kg;Ready meals;my-goodness%21;107;5.6;15.3;2.6;2.2;0.2;1.4;0.47;
sainsburys-my-goodness%21-chilli-prawn-linguine-pasta-380g;Sainsbury's My Goodness! Chilli Prawn Linguine Pasta 380g;£3.50/unit;£9.21/kg;Soup & lunchtime snacks;lunchtime-snacks;107;5.6;15.3;2.6;2.2;0.2;1.4;0.47;
sainsburys-my-goodness%21-chinese-chicken-chow-mein-350g;Sainsbury's My Goodness! Chinese Chicken Chow Mein 350g;£2.00/unit;£5.71/kg;Ready meals;healthier-choice-ready-meals;82;4.2;12.0;2.6;1.4;0.2;2.0;0.39;
sainsburys-my-goodness%21-chinese-chicken-chow-mein-350g;Sainsbury's My Goodness! Chinese Chicken Chow Mein 350g;£2.00/unit;£5.71/kg;Ready meals;meals-for-1-ready-meals;82;4.2;12.0;2.6;1.4;0.2;2.0;0.39;
sainsburys-my-goodness%21-chinese-chicken-chow-mein-350g;Sainsbury's My Goodness! Chinese Chicken Chow Mein 350g;£2.00/unit;£5.71/kg;Ready meals;my-goodness%21;82;4.2;12.0;2.6;1.4;0.2;2.0;0.39;
sainsburys-my-goodness%21-chinese-chicken-chow-mein-350g;Sainsbury's My Goodness! Chinese Chicken Chow Mein 350g;£2.00/unit;£5.71/kg;Ready meals;oriental-ready-meals;82;4.2;12.0;2.6;1.4;0.2;2.0;0.39;
sainsburys-my-goodness%21-chinese-chicken-chow-mein-350g;Sainsbury's My Goodness! Chinese Chicken Chow Mein 350g;£2.00/unit;£5.71/kg;Soup & lunchtime snacks;lunchtime-snacks;82;4.2;12.0;2.6;1.4;0.2;2.0;0.39;
sainsburys-my-goodness%21-classic-roast-chicken-dinner-380g;Sainsbury's My Goodness! Classic Roast Chicken Dinner 380g;£3.50/unit;£9.21/kg;Ready meals;british-ready-meals;81;8.4;7.7;2.2;1.5;0.3;1.8;0.27;
sainsburys-my-goodness%21-classic-roast-chicken-dinner-380g;Sainsbury's My Goodness! Classic Roast Chicken Dinner 380g;£3.50/unit;£9.21/kg;Ready meals;healthier-choice-ready-meals;81;8.4;7.7;2.2;1.5;0.3;1.8;0.27;
sainsburys-my-goodness%21-classic-roast-chicken-dinner-380g;Sainsbury's My Goodness! Classic Roast Chicken Dinner 380g;£3.50/unit;£9.21/kg;Ready meals;meals-for-1-ready-meals;81;8.4;7.7;2.2;1.5;0.3;1.8;0.27;
sainsburys-my-goodness%21-classic-roast-chicken-dinner-380g;Sainsbury's My Goodness! Classic Roast Chicken Dinner 380g;£3.50/unit;£9.21/kg;Ready meals;my-goodness%21;81;8.4;7.7;2.2;1.5;0.3;1.8;0.27;
sainsburys-my-goodness%21-classic-roast-chicken-dinner-380g;Sainsbury's My Goodness! Classic Roast Chicken Dinner 380g;£3.50/unit;£9.21/kg;Soup & lunchtime snacks;lunchtime-snacks;81;8.4;7.7;2.2;1.5;0.3;1.8;0.27;
sainsburys-my-goodness%21-creamy-smoked-haddock-risotto-380g;Sainsbury's My Goodness! Creamy Smoked Haddock Risotto 380g;£3.00/unit;£7.89/kg;Ready meals;healthier-choice-ready-meals;109;5.6;14.9;1.5;2.8;1.0;1.3;0.47;
sainsburys-my-goodness%21-creamy-smoked-haddock-risotto-380g;Sainsbury's My Goodness! Creamy Smoked Haddock Risotto 380g;£3.00/unit;£7.89/kg;Ready meals;italian-ready-meals;109;5.6;14.9;1.5;2.8;1.0;1.3;0.47;
sainsburys-my-goodness%21-creamy-smoked-haddock-risotto-380g;Sainsbury's My Goodness! Creamy Smoked Haddock Risotto 380g;£3.00/unit;£7.89/kg;Ready meals;meals-for-1-ready-meals;109;5.6;14.9;1.5;2.8;1.0;1.3;0.47;
sainsburys-my-goodness%21-creamy-smoked-haddock-risotto-380g;Sainsbury's My Goodness! Creamy Smoked Haddock Risotto 380g;£3.00/unit;£7.89/kg;Ready meals;my-goodness%21;109;5.6;14.9;1.5;2.8;1.0;1.3;0.47;
sainsburys-my-goodness%21-creamy-smoked-haddock-risotto-380g;Sainsbury's My Goodness! Creamy Smoked Haddock Risotto 380g;£3.00/unit;£7.89/kg;Soup & lunchtime snacks;lunchtime-snacks;109;5.6;14.9;1.5;2.8;1.0;1.3;0.47;
sainsburys-my-goodness%21-laksa-chicken-noodle-soup-380g;Sainsbury's My Goodness! Laksa Chicken Noodle Soup 380g;£2.00/unit;£5.26/kg;Ready meals;healthier-choice-ready-meals;86;4.7;10.7;3.2;2.3;1.2;1.7;0.48;
sainsburys-my-goodness%21-laksa-chicken-noodle-soup-380g;Sainsbury's My Goodness! Laksa Chicken Noodle Soup 380g;£2.00/unit;£5.26/kg;Ready meals;meals-for-1-ready-meals;86;4.7;10.7;3.2;2.3;1.2;1.7;0.48;
sainsburys-my-goodness%21-laksa-chicken-noodle-soup-380g;Sainsbury's My Goodness! Laksa Chicken Noodle Soup 380g;£2.00/unit;£5.26/kg;Ready meals;my-goodness%21;86;4.7;10.7;3.2;2.3;1.2;1.7;0.48;
sainsburys-my-goodness%21-laksa-chicken-noodle-soup-380g;Sainsbury's My Goodness! Laksa Chicken Noodle Soup 380g;£2.00/unit;£5.26/kg;Ready meals;oriental-ready-meals;86;4.7;10.7;3.2;2.3;1.2;1.7;0.48;
sainsburys-my-goodness%21-laksa-chicken-noodle-soup-380g;Sainsbury's My Goodness! Laksa Chicken Noodle Soup 380g;£2.00/unit;£5.26/kg;Soup & lunchtime snacks;fresh-soups;86;4.7;10.7;3.2;2.3;1.2;1.7;0.48;
sainsburys-my-goodness%21-laksa-chicken-noodle-soup-380g;Sainsbury's My Goodness! Laksa Chicken Noodle Soup 380g;£2.00/unit;£5.26/kg;Soup & lunchtime snacks;lunchtime-snacks;86;4.7;10.7;3.2;2.3;1.2;1.7;0.48;
sainsburys-my-goodness%21-mexican-chicken-flatbread-230g;Sainsbury's My Goodness! Mexican Chicken Flatbread 230g;£3.50/unit;£1.56/100g;Ready meals;healthier-choice-ready-meals;150;7.8;16.8;3.9;5.2;2.3;2.3;0.53;
sainsburys-my-goodness%21-mexican-chicken-flatbread-230g;Sainsbury's My Goodness! Mexican Chicken Flatbread 230g;£3.50/unit;£1.56/100g;Ready meals;meals-for-1-ready-meals;150;7.8;16.8;3.9;5.2;2.3;2.3;0.53;
sainsburys-my-goodness%21-mexican-chicken-flatbread-230g;Sainsbury's My Goodness! Mexican Chicken Flatbread 230g;£3.50/unit;£1.56/100g;Ready meals;my-goodness%21;150;7.8;16.8;3.9;5.2;2.3;2.3;0.53;
sainsburys-my-goodness%21-mexican-chicken-flatbread-230g;Sainsbury's My Goodness! Mexican Chicken Flatbread 230g;£3.50/unit;£1.56/100g;Soup & lunchtime snacks;lunchtime-snacks;150;7.8;16.8;3.9;5.2;2.3;2.3;0.53;
sainsburys-my-goodness%21-prawns-with-orzo-350g;Sainsbury's My Goodness! Prawns With Orzo Pasta 350g;£2.00/unit;£5.71/kg;Ready meals;healthier-choice-ready-meals;99;3.9;15.1;2.6;2.2;0.4;1.5;0.54;
sainsburys-my-goodness%21-prawns-with-orzo-350g;Sainsbury's My Goodness! Prawns With Orzo Pasta 350g;£2.00/unit;£5.71/kg;Ready meals;italian-ready-meals;99;3.9;15.1;2.6;2.2;0.4;1.5;0.54;
sainsburys-my-goodness%21-prawns-with-orzo-350g;Sainsbury's My Goodness! Prawns With Orzo Pasta 350g;£2.00/unit;£5.71/kg;Ready meals;meals-for-1-ready-meals;99;3.9;15.1;2.6;2.2;0.4;1.5;0.54;
sainsburys-my-goodness%21-prawns-with-orzo-350g;Sainsbury's My Goodness! Prawns With Orzo Pasta 350g;£2.00/unit;£5.71/kg;Ready meals;my-goodness%21;99;3.9;15.1;2.6;2.2;0.4;1.5;0.54;
sainsburys-my-goodness%21-prawns-with-orzo-350g;Sainsbury's My Goodness! Prawns With Orzo Pasta 350g;£2.00/unit;£5.71/kg;Soup & lunchtime snacks;lunchtime-snacks;99;3.9;15.1;2.6;2.2;0.4;1.5;0.54;
sainsburys-my-goodness%21-red-thai-vegetable-curry-350g;Sainsbury's My Goodness! Red Thai Vegetable Curry & Rice 350g;£2.00/unit;£5.71/kg;Ready meals;healthier-choice-ready-meals;111;3.9;15.5;2.8;3.1;1.3;2.5;0.46;
sainsburys-my-goodness%21-red-thai-vegetable-curry-350g;Sainsbury's My Goodness! Red Thai Vegetable Curry & Rice 350g;£2.00/unit;£5.71/kg;Ready meals;meals-for-1-ready-meals;111;3.9;15.5;2.8;3.1;1.3;2.5;0.46;
sainsburys-my-goodness%21-red-thai-vegetable-curry-350g;Sainsbury's My Goodness! Red Thai Vegetable Curry & Rice 350g;£2.00/unit;£5.71/kg;Ready meals;my-goodness%21;111;3.9;15.5;2.8;3.1;1.3;2.5;0.46;
sainsburys-my-goodness%21-red-thai-vegetable-curry-350g;Sainsbury's My Goodness! Red Thai Vegetable Curry & Rice 350g;£2.00/unit;£5.71/kg;Ready meals;oriental-ready-meals;111;3.9;15.5;2.8;3.1;1.3;2.5;0.46;
sainsburys-my-goodness%21-red-thai-vegetable-curry-350g;Sainsbury's My Goodness! Red Thai Vegetable Curry & Rice 350g;£2.00/unit;£5.71/kg;Soup & lunchtime snacks;lunchtime-snacks;111;3.9;15.5;2.8;3.1;1.3;2.5;0.46;
sainsburys-my-goodness%21-red-thai-vegetable-curry-350g;Sainsbury's My Goodness! Red Thai Vegetable Curry & Rice 350g;£2.00/unit;£5.71/kg;Vegetarian & meat free;vegetarian-meat-free-ready-meals;111;3.9;15.5;2.8;3.1;1.3;2.5;0.46;
sainsburys-my-goodness%21-savoury-cous-cous-280g;Sainsbury's My Goodness! Savoury Cous Cous 280g;£3.50/unit;£1.25/100g;Ready meals;healthier-choice-ready-meals;124;4.5;19.0;5.5;2.8;0.5;2.3;0.35;
sainsburys-my-goodness%21-savoury-cous-cous-280g;Sainsbury's My Goodness! Savoury Cous Cous 280g;£3.50/unit;£1.25/100g;Ready meals;meals-for-1-ready-meals;124;4.5;19.0;5.5;2.8;0.5;2.3;0.35;
sainsburys-my-goodness%21-savoury-cous-cous-280g;Sainsbury's My Goodness! Savoury Cous Cous 280g;£3.50/unit;£1.25/100g;Ready meals;my-goodness%21;124;4.5;19.0;5.5;2.8;0.5;2.3;0.35;
sainsburys-my-goodness%21-savoury-cous-cous-280g;Sainsbury's My Goodness! Savoury Cous Cous 280g;£3.50/unit;£1.25/100g;Soup & lunchtime snacks;lunchtime-snacks;124;4.5;19.0;5.5;2.8;0.5;2.3;0.35;
sainsburys-my-goodness%21-silky-butternut-squash-risotto-350g;Sainsbury's My Goodness! Silky Butternut Squash Risotto 350g;£2.00/unit;£5.71/kg;Ready meals;healthier-choice-ready-meals;95;1.9;17.9;2.7;1.5;0.2;1.7;0.41;
sainsburys-my-goodness%21-silky-butternut-squash-risotto-350g;Sainsbury's My Goodness! Silky Butternut Squash Risotto 350g;£2.00/unit;£5.71/kg;Ready meals;italian-ready-meals;95;1.9;17.9;2.7;1.5;0.2;1.7;0.41;
sainsburys-my-goodness%21-silky-butternut-squash-risotto-350g;Sainsbury's My Goodness! Silky Butternut Squash Risotto 350g;£2.00/unit;£5.71/kg;Ready meals;meals-for-1-ready-meals;95;1.9;17.9;2.7;1.5;0.2;1.7;0.41;
sainsburys-my-goodness%21-silky-butternut-squash-risotto-350g;Sainsbury's My Goodness! Silky Butternut Squash Risotto 350g;£2.00/unit;£5.71/kg;Ready meals;my-goodness%21;95;1.9;17.9;2.7;1.5;0.2;1.7;0.41;
sainsburys-my-goodness%21-silky-butternut-squash-risotto-350g;Sainsbury's My Goodness! Silky Butternut Squash Risotto 350g;£2.00/unit;£5.71/kg;Soup & lunchtime snacks;lunchtime-snacks;95;1.9;17.9;2.7;1.5;0.2;1.7;0.41;
sainsburys-my-goodness%21-silky-butternut-squash-risotto-350g;Sainsbury's My Goodness! Silky Butternut Squash Risotto 350g;£2.00/unit;£5.71/kg;Vegetarian & meat free;vegetarian-meat-free-ready-meals;95;1.9;17.9;2.7;1.5;0.2;1.7;0.41;
sainsburys-my-goodness%21-spanish-chicken-380g;Sainsbury's My Goodness! Spanish Chicken with Patatas Bravas 380g;£3.00/unit;£7.89/kg;Ready meals;healthier-choice-ready-meals;94;5.2;9.0;3.6;3.6;0.6;2.1;0.36;
sainsburys-my-goodness%21-spanish-chicken-380g;Sainsbury's My Goodness! Spanish Chicken with Patatas Bravas 380g;£3.00/unit;£7.89/kg;Ready meals;meals-for-1-ready-meals;94;5.2;9.0;3.6;3.6;0.6;2.1;0.36;
sainsburys-my-goodness%21-spanish-chicken-380g;Sainsbury's My Goodness! Spanish Chicken with Patatas Bravas 380g;£3.00/unit;£7.89/kg;Ready meals;mediterranean-other-cuisine-ready-meals;94;5.2;9.0;3.6;3.6;0.6;2.1;0.36;
sainsburys-my-goodness%21-spanish-chicken-380g;Sainsbury's My Goodness! Spanish Chicken with Patatas Bravas 380g;£3.00/unit;£7.89/kg;Ready meals;my-goodness%21;94;5.2;9.0;3.6;3.6;0.6;2.1;0.36;
sainsburys-my-goodness%21-spanish-chicken-380g;Sainsbury's My Goodness! Spanish Chicken with Patatas Bravas 380g;£3.00/unit;£7.89/kg;Soup & lunchtime snacks;lunchtime-snacks;94;5.2;9.0;3.6;3.6;0.6;2.1;0.36;
sainsburys-my-goodness%21-sweet-n-smoky-bbq-chicken-380g;Sainsbury's My Goodness! BBQ Chicken & Sweetcorn Rice 380g;£3.00/unit;£7.89/kg;Ready meals;healthier-choice-ready-meals;112;6.4;17.5;2.8;1.7;0.2;0.8;0.40;
sainsburys-my-goodness%21-sweet-n-smoky-bbq-chicken-380g;Sainsbury's My Goodness! BBQ Chicken & Sweetcorn Rice 380g;£3.00/unit;£7.89/kg;Ready meals;meals-for-1-ready-meals;112;6.4;17.5;2.8;1.7;0.2;0.8;0.40;
sainsburys-my-goodness%21-sweet-n-smoky-bbq-chicken-380g;Sainsbury's My Goodness! BBQ Chicken & Sweetcorn Rice 380g;£3.00/unit;£7.89/kg;Ready meals;mexican-caribbean-american-ready-meals;112;6.4;17.5;2.8;1.7;0.2;0.8;0.40;
sainsburys-my-goodness%21-sweet-n-smoky-bbq-chicken-380g;Sainsbury's My Goodness! BBQ Chicken & Sweetcorn Rice 380g;£3.00/unit;£7.89/kg;Ready meals;my-goodness%21;112;6.4;17.5;2.8;1.7;0.2;0.8;0.40;
sainsburys-my-goodness%21-sweet-n-smoky-bbq-chicken-380g;Sainsbury's My Goodness! BBQ Chicken & Sweetcorn Rice 380g;£3.00/unit;£7.89/kg;Soup & lunchtime snacks;lunchtime-snacks;112;6.4;17.5;2.8;1.7;0.2;0.8;0.40;
sainsburys-my-goodness%21-tasty-katsu-chicken-curry-380g;Sainsbury's My Goodness! Katsu Chicken Curry & Lemongrass Rice 380g;£3.50/unit;£9.21/kg;Ready meals;healthier-choice-ready-meals;121;7.2;16.7;2.0;2.7;0.9;0.9;0.44;
sainsburys-my-goodness%21-tasty-katsu-chicken-curry-380g;Sainsbury's My Goodness! Katsu Chicken Curry & Lemongrass Rice 380g;£3.50/unit;£9.21/kg;Ready meals;meals-for-1-ready-meals;121;7.2;16.7;2.0;2.7;0.9;0.9;0.44;
sainsburys-my-goodness%21-tasty-katsu-chicken-curry-380g;Sainsbury's My Goodness! Katsu Chicken Curry & Lemongrass Rice 380g;£3.50/unit;£9.21/kg;Ready meals;my-goodness%21;121;7.2;16.7;2.0;2.7;0.9;0.9;0.44;
sainsburys-my-goodness%21-tasty-katsu-chicken-curry-380g;Sainsbury's My Goodness! Katsu Chicken Curry & Lemongrass Rice 380g;£3.50/unit;£9.21/kg;Ready meals;oriental-ready-meals;121;7.2;16.7;2.0;2.7;0.9;0.9;0.44;
sainsburys-my-goodness%21-tasty-katsu-chicken-curry-380g;Sainsbury's My Goodness! Katsu Chicken Curry & Lemongrass Rice 380g;£3.50/unit;£9.21/kg;Soup & lunchtime snacks;lunchtime-snacks;121;7.2;16.7;2.0;2.7;0.9;0.9;0.44;
sainsburys-my-goodness%21-zingy-tom-yum-king-prawn-noodle-soup-380g;Sainsbury's My Goodness! Zingy Tom Yum Prawn Noodle Soup 380g;£2.00/unit;£5.26/kg;Ready meals;healthier-choice-ready-meals;72;2.3;9.7;1.6;2.3;0.8;1.4;0.40;
sainsburys-my-goodness%21-zingy-tom-yum-king-prawn-noodle-soup-380g;Sainsbury's My Goodness! Zingy Tom Yum Prawn Noodle Soup 380g;£2.00/unit;£5.26/kg;Ready meals;meals-for-1-ready-meals;72;2.3;9.7;1.6;2.3;0.8;1.4;0.40;
sainsburys-my-goodness%21-zingy-tom-yum-king-prawn-noodle-soup-380g;Sainsbury's My Goodness! Zingy Tom Yum Prawn Noodle Soup 380g;£2.00/unit;£5.26/kg;Ready meals;my-goodness%21;72;2.3;9.7;1.6;2.3;0.8;1.4;0.40;
sainsburys-my-goodness%21-zingy-tom-yum-king-prawn-noodle-soup-380g;Sainsbury's My Goodness! Zingy Tom Yum Prawn Noodle Soup 380g;£2.00/unit;£5.26/kg;Ready meals;oriental-ready-meals;72;2.3;9.7;1.6;2.3;0.8;1.4;0.40;
sainsburys-my-goodness%21-zingy-tom-yum-king-prawn-noodle-soup-380g;Sainsbury's My Goodness! Zingy Tom Yum Prawn Noodle Soup 380g;£2.00/unit;£5.26/kg;Soup & lunchtime snacks;fresh-soups;72;2.3;9.7;1.6;2.3;0.8;1.4;0.40;
sainsburys-my-goodness%21-zingy-tom-yum-king-prawn-noodle-soup-380g;Sainsbury's My Goodness! Zingy Tom Yum Prawn Noodle Soup 380g;£2.00/unit;£5.26/kg;Soup & lunchtime snacks;lunchtime-snacks;72;2.3;9.7;1.6;2.3;0.8;1.4;0.40;
sainsburys-my-goodness-chicken---mascarpone-pasta-350g;Sainsbury's My Goodness! Chicken & Mascarpone Pasta 350g;£2.00/unit;£5.71/kg;Ready meals;healthier-choice-ready-meals;97;5.2;14.8;1.7;1.7;0.7;0.8;0.29;
sainsburys-my-goodness-chicken---mascarpone-pasta-350g;Sainsbury's My Goodness! Chicken & Mascarpone Pasta 350g;£2.00/unit;£5.71/kg;Ready meals;italian-ready-meals;97;5.2;14.8;1.7;1.7;0.7;0.8;0.29;
sainsburys-my-goodness-chicken---mascarpone-pasta-350g;Sainsbury's My Goodness! Chicken & Mascarpone Pasta 350g;£2.00/unit;£5.71/kg;Ready meals;meals-for-1-ready-meals;97;5.2;14.8;1.7;1.7;0.7;0.8;0.29;
sainsburys-my-goodness-chicken---mascarpone-pasta-350g;Sainsbury's My Goodness! Chicken & Mascarpone Pasta 350g;£2.00/unit;£5.71/kg;Ready meals;my-goodness%21;97;5.2;14.8;1.7;1.7;0.7;0.8;0.29;
sainsburys-my-goodness-chicken---mascarpone-pasta-350g;Sainsbury's My Goodness! Chicken & Mascarpone Pasta 350g;£2.00/unit;£5.71/kg;Soup & lunchtime snacks;lunchtime-snacks;97;5.2;14.8;1.7;1.7;0.7;0.8;0.29;
sainsburys-my-goodness-chilli-chicken-noodles-380g;Sainsbury's My Goodness! Chilli Chicken Noodles 380g;£3.00/unit;£7.89/kg;Ready meals;meals-for-1-ready-meals;87;5.9;11.6;5.3;1.5;0.2;2.0;0.36;
sainsburys-my-goodness-chilli-chicken-noodles-380g;Sainsbury's My Goodness! Chilli Chicken Noodles 380g;£3.00/unit;£7.89/kg;Ready meals;my-goodness%21;87;5.9;11.6;5.3;1.5;0.2;2.0;0.36;
sainsburys-my-goodness-chilli-chicken-noodles-380g;Sainsbury's My Goodness! Chilli Chicken Noodles 380g;£3.00/unit;£7.89/kg;Ready meals;oriental-ready-meals;87;5.9;11.6;5.3;1.5;0.2;2.0;0.36;
sainsburys-my-goodness-chilli-chicken-noodles-380g;Sainsbury's My Goodness! Chilli Chicken Noodles 380g;£3.00/unit;£7.89/kg;Soup & lunchtime snacks;lunchtime-snacks;87;5.9;11.6;5.3;1.5;0.2;2.0;0.36;
sainsburys-my-goodness-green-thai-noodle-soup-380g;Sainsbury's My Goodness! Green Thai Noodle Soup 380g;£2.00/unit;£5.26/kg;Ready meals;healthier-choice-ready-meals;64;2.1;8.1;1.6;2.3;0.9;1.5;0.42;
sainsburys-my-goodness-green-thai-noodle-soup-380g;Sainsbury's My Goodness! Green Thai Noodle Soup 380g;£2.00/unit;£5.26/kg;Ready meals;meals-for-1-ready-meals;64;2.1;8.1;1.6;2.3;0.9;1.5;0.42;
sainsburys-my-goodness-green-thai-noodle-soup-380g;Sainsbury's My Goodness! Green Thai Noodle Soup 380g;£2.00/unit;£5.26/kg;Ready meals;my-goodness%21;64;2.1;8.1;1.6;2.3;0.9;1.5;0.42;
sainsburys-my-goodness-green-thai-noodle-soup-380g;Sainsbury's My Goodness! Green Thai Noodle Soup 380g;£2.00/unit;£5.26/kg;Ready meals;oriental-ready-meals;64;2.1;8.1;1.6;2.3;0.9;1.5;0.42;
sainsburys-my-goodness-green-thai-noodle-soup-380g;Sainsbury's My Goodness! Green Thai Noodle Soup 380g;£2.00/unit;£5.26/kg;Soup & lunchtime snacks;fresh-soups;64;2.1;8.1;1.6;2.3;0.9;1.5;0.42;
sainsburys-my-goodness-green-thai-noodle-soup-380g;Sainsbury's My Goodness! Green Thai Noodle Soup 380g;£2.00/unit;£5.26/kg;Soup & lunchtime snacks;lunchtime-snacks;64;2.1;8.1;1.6;2.3;0.9;1.5;0.42;
sainsburys-my-goodness-hoisin-duck-soup-380g;Sainsbury's My Goodness! Hoisin Duck Noodle Soup 380g;£2.00/unit;£5.26/kg;Ready meals;healthier-choice-ready-meals;87;4.2;11.0;4.2;2.5;0.3;1.8;0.44;
sainsburys-my-goodness-hoisin-duck-soup-380g;Sainsbury's My Goodness! Hoisin Duck Noodle Soup 380g;£2.00/unit;£5.26/kg;Ready meals;meals-for-1-ready-meals;87;4.2;11.0;4.2;2.5;0.3;1.8;0.44;
sainsburys-my-goodness-hoisin-duck-soup-380g;Sainsbury's My Goodness! Hoisin Duck Noodle Soup 380g;£2.00/unit;£5.26/kg;Ready meals;my-goodness%21;87;4.2;11.0;4.2;2.5;0.3;1.8;0.44;
sainsburys-my-goodness-hoisin-duck-soup-380g;Sainsbury's My Goodness! Hoisin Duck Noodle Soup 380g;£2.00/unit;£5.26/kg;Ready meals;oriental-ready-meals;87;4.2;11.0;4.2;2.5;0.3;1.8;0.44;
sainsburys-my-goodness-hoisin-duck-soup-380g;Sainsbury's My Goodness! Hoisin Duck Noodle Soup 380g;£2.00/unit;£5.26/kg;Soup & lunchtime snacks;fresh-soups;87;4.2;11.0;4.2;2.5;0.3;1.8;0.44;
sainsburys-my-goodness-hoisin-duck-soup-380g;Sainsbury's My Goodness! Hoisin Duck Noodle Soup 380g;£2.00/unit;£5.26/kg;Soup & lunchtime snacks;lunchtime-snacks;87;4.2;11.0;4.2;2.5;0.3;1.8;0.44;
sainsburys-my-goodness-keralan-cod-380g;Sainsbury's My Goodness! Keralan Cod & Lime Rice 380g;£3.00/unit;£7.89/kg;Ready meals;healthier-choice-ready-meals;92;5.4;13.2;1.5;1.8;1.1;0.8;0.44;
sainsburys-my-goodness-keralan-cod-380g;Sainsbury's My Goodness! Keralan Cod & Lime Rice 380g;£3.00/unit;£7.89/kg;Ready meals;indian-ready-meals;92;5.4;13.2;1.5;1.8;1.1;0.8;0.44;
sainsburys-my-goodness-keralan-cod-380g;Sainsbury's My Goodness! Keralan Cod & Lime Rice 380g;£3.00/unit;£7.89/kg;Ready meals;meals-for-1-ready-meals;92;5.4;13.2;1.5;1.8;1.1;0.8;0.44;
sainsburys-my-goodness-keralan-cod-380g;Sainsbury's My Goodness! Keralan Cod & Lime Rice 380g;£3.00/unit;£7.89/kg;Ready meals;my-goodness%21;92;5.4;13.2;1.5;1.8;1.1;0.8;0.44;
sainsburys-my-goodness-keralan-cod-380g;Sainsbury's My Goodness! Keralan Cod & Lime Rice 380g;£3.00/unit;£7.89/kg;Soup & lunchtime snacks;lunchtime-snacks;92;5.4;13.2;1.5;1.8;1.1;0.8;0.44;
sainsburys-my-goodness-moroccan-chicken-cous-cous-380g;Sainsbury's My Goodness! Moroccan Chicken Cous Cous 380g;£3.50/unit;£9.21/kg;Ready meals;meals-for-1-ready-meals;115;6.1;14.4;3.8;3.2;0.5;1.9;0.37;
sainsburys-my-goodness-moroccan-chicken-cous-cous-380g;Sainsbury's My Goodness! Moroccan Chicken Cous Cous 380g;£3.50/unit;£9.21/kg;Ready meals;mediterranean-other-cuisine-ready-meals;115;6.1;14.4;3.8;3.2;0.5;1.9;0.37;
sainsburys-my-goodness-moroccan-chicken-cous-cous-380g;Sainsbury's My Goodness! Moroccan Chicken Cous Cous 380g;£3.50/unit;£9.21/kg;Ready meals;my-goodness%21;115;6.1;14.4;3.8;3.2;0.5;1.9;0.37;
sainsburys-my-goodness-moroccan-chicken-cous-cous-380g;Sainsbury's My Goodness! Moroccan Chicken Cous Cous 380g;£3.50/unit;£9.21/kg;Soup & lunchtime snacks;lunchtime-snacks;115;6.1;14.4;3.8;3.2;0.5;1.9;0.37;
sainsburys-my-goodness-pulled-pork-380g;Sainsbury's My Goodness! Spicy Pulled Pork & Sweet Potato Mash 380g;£3.00/unit;£7.89/kg;Ready meals;british-ready-meals;83;5.7;8.8;3.3;2.3;0.4;2.1;0.44;
sainsburys-my-goodness-pulled-pork-380g;Sainsbury's My Goodness! Spicy Pulled Pork & Sweet Potato Mash 380g;£3.00/unit;£7.89/kg;Ready meals;healthier-choice-ready-meals;83;5.7;8.8;3.3;2.3;0.4;2.1;0.44;
sainsburys-my-goodness-pulled-pork-380g;Sainsbury's My Goodness! Spicy Pulled Pork & Sweet Potato Mash 380g;£3.00/unit;£7.89/kg;Ready meals;meals-for-1-ready-meals;83;5.7;8.8;3.3;2.3;0.4;2.1;0.44;
sainsburys-my-goodness-pulled-pork-380g;Sainsbury's My Goodness! Spicy Pulled Pork & Sweet Potato Mash 380g;£3.00/unit;£7.89/kg;Ready meals;my-goodness%21;83;5.7;8.8;3.3;2.3;0.4;2.1;0.44;
sainsburys-my-goodness-pulled-pork-380g;Sainsbury's My Goodness! Spicy Pulled Pork & Sweet Potato Mash 380g;£3.00/unit;£7.89/kg;Soup & lunchtime snacks;lunchtime-snacks;83;5.7;8.8;3.3;2.3;0.4;2.1;0.44;
sainsburys-nacho-cheese-dipping-sauce-150g;Sainsbury's Nacho Cheese Dipping Sauce 150g;£1.10/unit;£0.73/100g;Cooking sauces & world foods;mexican-cooking-sauces;193;1.1;8.2;3.7;17.0;1.9;1.3;0.92;
sainsburys-nacho-cheese-dipping-sauce-150g;Sainsbury's Nacho Cheese Dipping Sauce 150g;£1.10/unit;£0.73/100g;Table sauces, dressings & condiments;tomato-ketchup-brown-bbq-other-sauces;193;1.1;8.2;3.7;17.0;1.9;1.3;0.92;
sainsburys-nachos-kit-500g;Sainsbury's Nachos Kit 500g;£2.00/unit;£0.40/100g;Cooking sauces & world foods;meal-kits;null;null;null;null;null;null;null;null;
sainsburys-nachos-kit-500g;Sainsbury's Nachos Kit 500g;£2.00/unit;£0.40/100g;Cooking sauces & world foods;mexican-cooking-sauces;null;null;null;null;null;null;null;null;
sainsburys-natural-cottage-cheese--be-good-to-yourself-600g;Sainsbury's Cottage Cheese Natural, Be Good To Yourself 600g;£1.90/unit;£3.17/kg;Cheese;cottage-cheese---healthier-choice;72;11.2;3.9;3.9;1.2;0.7;0.6;0.43;
sainsburys-natural-cottage-cheese-600g;Sainsbury's Cottage Cheese, Natural 600g;£1.90/unit;£3.17/kg;Cheese;cottage-cheese---healthier-choice;107;11.3;3.8;3.8;5.0;3.3;0.8;0.35;
sainsburys-natural-cottage-cheese-600g;Sainsbury's Cottage Cheese, Natural 600g;£1.90/unit;£3.17/kg;Cheese;healthier-choice-special-diet-cheese;107;11.3;3.8;3.8;5.0;3.3;0.8;0.35;
sainsburys-natural-fine-breadcrumbs-230g;Sainsbury's Natural Fine Breadcrumbs 230g;£0.80/unit;£3.48/kg;Cooking ingredients & oils;breaded-batter-coatings;396;14;69;4.2;6.1;1.3;3.5;0.40;
sainsburys-natural-greek-style-yogurt--be-good-to-yourself-500g;Sainsbury's Greek Style Low Fat Natural Yogurt 500g;£1.20/unit;£0.24/100g;Yogurts;big-pots-pouring-yogurts;75;5.6;7.1;7.1;2.7;1.7;0.5;0.20;
sainsburys-natural-greek-style-yogurt--be-good-to-yourself-500g;Sainsbury's Greek Style Low Fat Natural Yogurt 500g;£1.20/unit;£0.24/100g;Yogurts;diet-low-fat-yogurts;75;5.6;7.1;7.1;2.7;1.7;0.5;0.20;
sainsburys-natural-greek-style-yogurt--be-good-to-yourself-500g;Sainsbury's Greek Style Low Fat Natural Yogurt 500g;£1.20/unit;£0.24/100g;Yogurts;natural-greek-yogurts;75;5.6;7.1;7.1;2.7;1.7;0.5;0.20;
sainsburys-natural-greek-style-yogurt-500g;Sainsbury's Greek Style Natural Yogurt 500g;£1.20/unit;£0.24/100g;Yogurts;big-pots-pouring-yogurts;120;4.1;5.3;5.1;9.2;6.0;0.5;0.15;
sainsburys-natural-greek-style-yogurt-500g;Sainsbury's Greek Style Natural Yogurt 500g;£1.20/unit;£0.24/100g;Yogurts;natural-greek-yogurts;120;4.1;5.3;5.1;9.2;6.0;0.5;0.15;
sainsburys-natural-greek-style-yogurt-with-honey-450g;Sainsbury's Greek Style Honey Yogurt 450g;£1.20/unit;£0.27/100g;Yogurts;big-pots-pouring-yogurts;149;3.8;14.2;14.2;8.4;5.9;0.5;0.13;
sainsburys-natural-greek-style-yogurt-with-honey-450g;Sainsbury's Greek Style Honey Yogurt 450g;£1.20/unit;£0.27/100g;Yogurts;natural-greek-yogurts;149;3.8;14.2;14.2;8.4;5.9;0.5;0.13;
sainsburys-natural-yogurt--be-good-to-yourself-500g;Sainsbury's Fat Free Natural Yogurt 500g;£1.20/unit;£0.24/100g;Yogurts;big-pots-pouring-yogurts;48;5.0;6.4;6.4;0.5;0.2;0.5;0.18;
sainsburys-natural-yogurt--be-good-to-yourself-500g;Sainsbury's Fat Free Natural Yogurt 500g;£1.20/unit;£0.24/100g;Yogurts;diet-low-fat-yogurts;48;5.0;6.4;6.4;0.5;0.2;0.5;0.18;
sainsburys-natural-yogurt--be-good-to-yourself-500g;Sainsbury's Fat Free Natural Yogurt 500g;£1.20/unit;£0.24/100g;Yogurts;natural-greek-yogurts;48;5.0;6.4;6.4;0.5;0.2;0.5;0.18;
sainsburys-natural-yogurt-500g;Sainsbury's Natural Yogurt 500g;£1.20/unit;£0.24/100g;Yogurts;big-pots-pouring-yogurts;81;5.1;6.6;6.6;3.8;2.5;0.5;0.18;
sainsburys-natural-yogurt-500g;Sainsbury's Natural Yogurt 500g;£1.20/unit;£0.24/100g;Yogurts;diet-low-fat-yogurts;81;5.1;6.6;6.6;3.8;2.5;0.5;0.18;
sainsburys-natural-yogurt-500g;Sainsbury's Natural Yogurt 500g;£1.20/unit;£0.24/100g;Yogurts;natural-greek-yogurts;81;5.1;6.6;6.6;3.8;2.5;0.5;0.18;
sainsburys-naturally-long-indian-rice--taste-the-difference-1kg;Sainsbury's Naturally Long Indian Rice, Taste the Difference 1kg;£2.50/unit;£2.50/kg;Rice, pasta & noodles;rice-12592-44;114;2.6;23.4;0.5;0.5;0.1;3.2;0.01;
sainsburys-naturally-sweet-sweetcorn--so-organic-150g;Sainsbury's Naturally Sweet Sweetcorn, SO Organic 150g (140g*);£0.65/unit;£4.64/kg;Canned, tinned & packaged foods;canned-tinned-packaged-vegetables;81;2.7;11.6;7.2;2.0;0.4;2.6;0.63;
sainsburys-naturally-sweet-sweetcorn-in-water-198g;Sainsbury's Naturally Sweet Sweetcorn In Water 198g (157g*);£0.50/unit;£3.18/kg;Canned, tinned & packaged foods;canned-tinned-packaged-vegetables;73;2.5;11.1;4.5;1.4;0.3;2.8;0.01;
sainsburys-naturally-sweet-sweetcorn-in-water-325g;Sainsbury's Naturally Sweet Sweetcorn in Water 325g (260g*);£0.65/unit;£2.50/kg;Canned, tinned & packaged foods;canned-tinned-packaged-vegetables;73;2.5;11.1;4.5;1.4;0.3;2.8;0.01;
sainsburys-naturally-sweet-sweetcorn-in-water-3x325g;Sainsbury's Naturally Sweet Sweetcorn In Water 3x325g (3x260g*);£1.80/unit;£2.31/kg;Canned, tinned & packaged foods;canned-tinned-packaged-vegetables;73;2.5;11.1;4.5;1.4;0.3;2.8;0.01;
sainsburys-neapolitan-soft-scoop-ice-cream-2l;Sainsbury's Neapolitan Soft Scoop Ice Cream 2L;£1.80/unit;£0.09/100ml;Ice cream & desserts;ice-cream-tubs;164;3.0;23.8;19.0;6.2;5.1;0.6;0.15;
sainsburys-nectarine-punnet-x4;Sainsbury's Nectarine Punnet x4;£2.00/unit;£2.00/ea;Fresh fruit;nectarines-plums-apricots-peaches;45;1.4;9.0;9.0;0.1;0.0;1.2;0;
sainsburys-nectarines-%28each%29;Sainsbury's Nectarines (each);£0.75/unit;£0.75/ea;Fresh fruit;nectarines-plums-apricots-peaches;45;1.4;9.0;9.0;0.1;0.0;1.2;0;
sainsburys-nectarines--ripe---ready-x4;Sainsbury's Nectarines, Ripe & Ready x4;£3.00/unit;£3.00/ea;Fresh fruit;nectarines-plums-apricots-peaches;45;1.4;9.0;9.0;0.1;0;1.2;0;
sainsburys-nectarines--ripe---ready-x4;Sainsbury's Nectarines, Ripe & Ready x4;£3.00/unit;£3.00/ea;Fresh fruit;ripe---ready;45;1.4;9.0;9.0;0.1;0;1.2;0;
sainsburys-new-york-cheesecake--taste-the-difference-510g-%28serves-6%29;Sainsbury's New York Cheesecake, Taste the Difference 510g (serves 6);£3.00/unit;£0.59/100g;Ice cream & desserts;frozen-cold-desserts;379;4.2;34.6;23.1;24.6;14.5;1.3;0.50;
sainsburys-new-york-cheesecake-580g;Sainsbury's New York Cheesecake 600g;£2.50/unit;£0.41/100g;Desserts & cream;desserts;393;5.1;33.5;18.5;26.1;14.0;1.6;0.48;
sainsburys-new-zealand-lamb-mince-500g;Sainsbury's New Zealand Lamb Mince 500g;£3.50/unit;£7.00/kg;Meat & poultry;frozen-lamb;308;20.8;0.5;0.5;25.0;10.8;0.5;0.30;
sainsburys-nice--basics-400g;Sainsbury's Nice Biscuits, Basics 400g;£0.50/unit;£0.13/100g;Biscuits & crackers;everyday-biscuits-shortbread;null;5.9;68.3;24.1;20.9;10.4;2.7;0.8;
sainsburys-nice-biscuit-250g;Sainsbury's Nice Biscuits 250g;£0.55/unit;£0.22/100g;Biscuits & crackers;everyday-biscuits-shortbread;497;5.8;63.1;25.0;23.8;13.4;3.8;0.30;
sainsburys-nigella-kalonji-black-onion-seeds-55g;Sainsbury's Nigella Kalonji Black Onion Seeds 55g;£1.00/unit;£0.18/10g;Cooking ingredients & oils;herbs-spices-seasoning;null;null;null;null;null;null;null;null;
sainsburys-no-added-sugar-chocolate-dessert-mix--basics-38g;Sainsbury's No Added Sugar Chocolate Dessert Mix, Basics 38g;£0.20/unit;£0.53/100g;Fruit & desserts;dessert-mixes;93;3.5;12.7;3.4;3.0;2.3;0.5;0.43;
sainsburys-no-added-sugar-chocolate-dessert-mix--basics-38g;Sainsbury's No Added Sugar Chocolate Dessert Mix, Basics 38g;£0.20/unit;£0.53/100g;Sugar & home baking;cake-sweet-mixes;93;3.5;12.7;3.4;3.0;2.3;0.5;0.43;
sainsburys-no-added-sugar-dark-chocolate-100g;Sainsbury's No Added Sugar Dark Chocolate 100g;£0.80/unit;£0.80/100g;Confectionery;chocolate;640;9.1;36.0;2.0;41.0;26.0;10.0;0.11;
sainsburys-no-added-sugar-milk-chocolate-100g;Sainsbury's No Added Sugar Milk Chocolate 100g;£0.80/unit;£0.80/100g;Confectionery;chocolate;657;7.0;51.0;10.0;36.0;23.0;2.3;0.13;
sainsburys-no-added-sugar-strawberry-dessert-mix--basics-38g;Sainsbury's No Added Sugar Strawberry Dessert Mix, Basics 38g;£0.20/unit;£0.53/100g;Fruit & desserts;dessert-mixes;93;3.4;12.7;4.1;3.0;2.4;0.6;0.45;
sainsburys-no-added-sugar-strawberry-dessert-mix--basics-38g;Sainsbury's No Added Sugar Strawberry Dessert Mix, Basics 38g;£0.20/unit;£0.53/100g;Sugar & home baking;cake-sweet-mixes;93;3.4;12.7;4.1;3.0;2.4;0.6;0.45;
sainsburys-nocellara-olives--taste-the-difference-145g;Sainsbury's Nocellara Olives, Taste The Difference 145g;£2.60/unit;£1.79/100g;Coleslaw, olives, salads & dips;olives-tapas-antipasti;207;1.4;0.5;0.5;21.4;3.5;3.8;2.17;
sainsburys-nocellara-olives--taste-the-difference-145g;Sainsbury's Nocellara Olives, Taste The Difference 145g;£2.60/unit;£1.79/100g;Vegetarian & meat free;deli-meat-alternatives;207;1.4;0.5;0.5;21.4;3.5;3.8;2.17;
sainsburys-noir-de-basle-black-cherry-west-country-yogurt--taste-the-difference-150g;Sainsbury's West Country Black Cherry Yogurt, Taste the Difference 150g;£0.75/unit;£0.50/100g;Yogurts;luxury-yogurts;136;3.0;14.7;14.6;7.1;4.8;0.5;0.10;
sainsburys-non-stick-greaseproof---baking-paper-10m;Sainsbury's Greaseproof & Baking Paper, Non-Stick 10m;£2.25/unit;£0.23/mtr;Sugar & home baking;cake-cases---baking-accessories;null;null;null;null;null;null;null;null;
sainsburys-norfolk-black-chicken-fillets--taste-the-difference-%28approx-335g%29;Sainsbury's Norfolk Black Free Range Chicken Fillets, Taste the Difference (approx. 335g);£17.00/kg;£17.00/kg;Chicken;chicken;131;30.0;0.5;0.5;1.1;0.4;0.5;0.22;
sainsburys-norfolk-black-chicken-fillets--taste-the-difference-%28approx-335g%29;Sainsbury's Norfolk Black Free Range Chicken Fillets, Taste the Difference (approx. 335g);£17.00/kg;£17.00/kg;Great prices on meat & fish;great-prices-on-meat---fish;131;30.0;0.5;0.5;1.1;0.4;0.5;0.22;
sainsburys-norfolk-black-chicken-fillets--taste-the-difference-%28approx-335g%29;Sainsbury's Norfolk Black Free Range Chicken Fillets, Taste the Difference (approx. 335g);£17.00/kg;£17.00/kg;Organic & Taste the Difference;organic-taste-the-difference;131;30.0;0.5;0.5;1.1;0.4;0.5;0.22;
sainsburys-norfolk-black-chicken-thigh---drumsticks--taste-the-difference-%28approx-360---750g%29;Sainsbury's Norfolk Black Free Range Chicken Thigh & Drumsticks, Taste the Difference (approx. 360-750g);£7.10/kg;£7.10/kg;Burgers & BBQ;burgers-bbq;235;24.9;0.5;0.5;15.0;4.6;0.5;0.24;
sainsburys-norfolk-black-chicken-thigh---drumsticks--taste-the-difference-%28approx-360---750g%29;Sainsbury's Norfolk Black Free Range Chicken Thigh & Drumsticks, Taste the Difference (approx. 360-750g);£7.10/kg;£7.10/kg;Chicken;chicken;235;24.9;0.5;0.5;15.0;4.6;0.5;0.24;
sainsburys-norfolk-black-chicken-thigh---drumsticks--taste-the-difference-%28approx-360---750g%29;Sainsbury's Norfolk Black Free Range Chicken Thigh & Drumsticks, Taste the Difference (approx. 360-750g);£7.10/kg;£7.10/kg;Organic & Taste the Difference;organic-taste-the-difference;235;24.9;0.5;0.5;15.0;4.6;0.5;0.24;
sainsburys-norfolk-black-whole-chicken--taste-the-difference-%28approx-11kg---22kg%29;Sainsbury's Norfolk Black Free Range Whole Chicken, Taste the Difference (approx. 1.1kg - 2.2kg);£5.95/kg;£5.95/kg;Chicken;chicken;196;29.4;0.5;0.5;8.7;2.6;0.5;0.36;
sainsburys-norfolk-black-whole-chicken--taste-the-difference-%28approx-11kg---22kg%29;Sainsbury's Norfolk Black Free Range Whole Chicken, Taste the Difference (approx. 1.1kg - 2.2kg);£5.95/kg;£5.95/kg;Great prices on meat & fish;great-prices-on-meat---fish;196;29.4;0.5;0.5;8.7;2.6;0.5;0.36;
sainsburys-norfolk-black-whole-chicken--taste-the-difference-%28approx-11kg---22kg%29;Sainsbury's Norfolk Black Free Range Whole Chicken, Taste the Difference (approx. 1.1kg - 2.2kg);£5.95/kg;£5.95/kg;Organic & Taste the Difference;organic-taste-the-difference;196;29.4;0.5;0.5;8.7;2.6;0.5;0.36;
sainsburys-nuggets-with-bbq-sauce-320g;Sainsbury's Crispy Chicken Nuggets with BBQ Sauce 320g;£3.00/unit;£9.38/kg;Ready meals;mexican-caribbean-american-ready-meals;179;1.3;41.0;38.0;0.6;0.1;2.3;1.11;
sainsburys-nut---flame-raisin-crisp-500g;Sainsbury's Nut & Flame Raisin Crisp 500g;£2.00/unit;£0.40/100g;Breakfast cereals;muesli-granola-clusters;431;9.0;66.6;24.5;13.0;4.1;5.9;0;
sainsburys-nut-cutlets-x4-350g;Sainsbury's Nut Cutlets x4 350g;£1.80/unit;£5.14/kg;Meat free & vegetarian;meat-free-vegetarian;317;8.0;22.4;2.3;20.3;2.4;6.4;0.63;
sainsburys-nut-roast-with-feta--taste-the-difference-290g;Sainsbury's Nut Roast With Feta, Taste the Difference 290g;£2.30/unit;£8.21/kg;Meat free & vegetarian;meat-free-vegetarian;254;7.4;18.5;2.1;15.2;3.2;6.8;0.61;
sainsburys-nut-selection--unsalted-200g;Sainsbury's Unsalted Nut Selection 200g;£2.10/unit;£1.05/100g;Crisps, nuts & snacking fruit;nuts;667;21;6.6;3.9;61;9.0;6.8;0.03;
sainsburys-oak-smoked-air-dried-ham-finely-sliced--taste-the-difference-120g;Sainsbury's Smoked Oak Ham Air Dried Finely Sliced, Taste the Difference 120g;£3.00/unit;£2.50/100g;Cooked meats & snacking;ham-82654-44;132;26.6;0.7;0.6;2.5;0.9;0.5;2.68;
sainsburys-oak-smoked-air-dried-ham-finely-sliced--taste-the-difference-120g;Sainsbury's Smoked Oak Ham Air Dried Finely Sliced, Taste the Difference 120g;£3.00/unit;£2.50/100g;Cooked meats & snacking;mfp-cooked-meats-snacking-taste-the-difference;132;26.6;0.7;0.6;2.5;0.9;0.5;2.68;
sainsburys-oak-smoked-air-dried-ham-finely-sliced--taste-the-difference-120g;Sainsbury's Smoked Oak Ham Air Dried Finely Sliced, Taste the Difference 120g;£3.00/unit;£2.50/100g;Cooked meats, pate & sandwich fillers;cooked-meats-taste-the-difference;132;26.6;0.7;0.6;2.5;0.9;0.5;2.68;
sainsburys-oak-smoked-air-dried-ham-finely-sliced--taste-the-difference-120g;Sainsbury's Smoked Oak Ham Air Dried Finely Sliced, Taste the Difference 120g;£3.00/unit;£2.50/100g;Cooked meats, pate & sandwich fillers;ham;132;26.6;0.7;0.6;2.5;0.9;0.5;2.68;
sainsburys-oak-smoked-bacon-lardons--taste-the-difference-160g;Sainsbury's Oak Smoked Dry Cured Bacon Lardons, Taste the Difference 160g;£2.90/unit;£18.13/kg;Bacon & gammon;bacon;425;31.0;1.0;0.5;32.9;14.9;0.6;4.94;
sainsburys-oak-smoked-bacon-lardons--taste-the-difference-160g;Sainsbury's Oak Smoked Dry Cured Bacon Lardons, Taste the Difference 160g;£2.90/unit;£18.13/kg;Organic & Taste the Difference;organic-taste-the-difference;425;31.0;1.0;0.5;32.9;14.9;0.6;4.94;
sainsburys-oat---digestive-biscuits--taste-the-difference-200g;Sainsbury's Oat & Digestive Biscuits, Taste the Difference 200g;£1.10/unit;£0.55/100g;Biscuits & crackers;everyday-biscuits-shortbread;448;9.8;56.4;10.3;18.5;8.7;8.5;0.88;
sainsburys-oat---raisin-bars--basics-x6;Sainsbury's Oat & Raisin Bars, Basics x6;£1.00/unit;£0.67/100g;Biscuits & crackers;cereal-bars-breakfast-biscuits;398;5.1;72.8;25.4;8.8;3.2;3.8;0.03;
sainsburys-oat---raisin-bars--basics-x6;Sainsbury's Oat & Raisin Bars, Basics x6;£1.00/unit;£0.67/100g;Breakfast cereals;breakfast-cereal-bars-breakfast-biscuits;398;5.1;72.8;25.4;8.8;3.2;3.8;0.03;
sainsburys-oat---treacle-cookies--taste-the-difference-200g;Sainsbury's Oat & Treacle Cookies, Taste the Difference 200g;£1.75/unit;£0.88/100g;Biscuits & crackers;cookies;490;5.7;61.8;26.2;23.6;14.1;3.7;0.65;
sainsburys-oat---treacle-cookies--taste-the-difference-200g;Sainsbury's Oat & Treacle Cookies, Taste the Difference 200g;£1.75/unit;£0.88/100g;Biscuits & crackers;luxury-continental-biscuits;490;5.7;61.8;26.2;23.6;14.1;3.7;0.65;
sainsburys-oat-flakes--organic-750g;Sainsbury's Porridge Oats, SO Organic 750g;£1.60/unit;£0.21/100g;Breakfast cereals;porridge-oats;370;11.0;58.0;1.0;8.0;1.2;10.8;0;
sainsburys-oatcakes--highland-300g;Sainsbury's Oatcakes, Highland 300g;£0.80/unit;£0.27/100g;Biscuits & crackers;crackers-savoury-biscuits;446;11.0;57.4;2.7;17.6;5.0;7.0;1.23;
sainsburys-oatcakes--highland-300g;Sainsbury's Oatcakes, Highland 300g;£0.80/unit;£0.27/100g;Biscuits & crackers;healthier-biscuits-crackers;446;11.0;57.4;2.7;17.6;5.0;7.0;1.23;
sainsburys-oatmeal---raisin-cookies-x5;Sainsbury's Large Cookies, Oatmeal & Raisin x5;£1.00/unit;£0.20/ea;Biscuits & crackers;cookies;null;null;null;null;null;null;null;null;
sainsburys-oatmeal---raisin-cookies-x5;Sainsbury's Large Cookies, Oatmeal & Raisin x5;£1.00/unit;£0.20/ea;Cakes;doughnuts-cookies;null;null;null;null;null;null;null;null;
sainsburys-oatmeal---raisin-cookies-x5;Sainsbury's Large Cookies, Oatmeal & Raisin x5;£1.00/unit;£0.20/ea;From our in store bakery;instore-bakery-doughnuts-cookies;null;null;null;null;null;null;null;null;
sainsburys-oaty-crumble-225g;Sainsbury's Oaty Crumble 225g;£0.60/unit;£2.67/kg;Sugar & home baking;cake-sweet-mixes;444;6.3;67.3;31.7;16.0;6.9;3.2;0.28;
sainsburys-oaty-crumble-225g;Sainsbury's Oaty Crumble 225g;£0.60/unit;£2.67/kg;Sugar & home baking;pastry-savoury-mixes;444;6.3;67.3;31.7;16.0;6.9;3.2;0.28;
sainsburys-oaty-farmhouse-bread--taste-the-difference-800g;Sainsbury's Oaty Farmhouse Bread, Taste the Difference 800g;£1.30/unit;£0.16/100g;Bread;seeded-grains-bread;240;9.0;43.4;3.5;2.7;0.4;3.2;0.73;
sainsburys-oaty-rounds-300g;Sainsbury's Oaty Rounds 300g;£0.55/unit;£0.18/100g;Biscuits & crackers;everyday-biscuits-shortbread;483;6.6;65.6;25.8;20.6;8.6;4.5;0.82;
sainsburys-okra-%28loose%29;Sainsbury's Okra (loose);£4.95/kg;£4.95/kg;Fresh herbs & ingredients;afro-caribbean-ingredients;null;null;null;null;null;null;null;null;
sainsburys-okra-%28loose%29;Sainsbury's Okra (loose);£4.95/kg;£4.95/kg;Fresh herbs & ingredients;asian-ingredients;null;null;null;null;null;null;null;null;
sainsburys-okra-%28loose%29;Sainsbury's Okra (loose);£4.95/kg;£4.95/kg;Fresh herbs & ingredients;indian-ingredients;null;null;null;null;null;null;null;null;
sainsburys-okra-%28loose%29;Sainsbury's Okra (loose);£4.95/kg;£4.95/kg;Fresh vegetables;fresh-vegetables-world-exotic;null;null;null;null;null;null;null;null;
sainsburys-okra-175g;Sainsbury's Okra 175g;£1.80/unit;£10.29/kg;Fresh herbs & ingredients;afro-caribbean-ingredients;null;null;null;null;null;null;null;null;
sainsburys-okra-175g;Sainsbury's Okra 175g;£1.80/unit;£10.29/kg;Fresh herbs & ingredients;asian-ingredients;null;null;null;null;null;null;null;null;
sainsburys-okra-175g;Sainsbury's Okra 175g;£1.80/unit;£10.29/kg;Fresh herbs & ingredients;indian-ingredients;null;null;null;null;null;null;null;null;
sainsburys-okra-175g;Sainsbury's Okra 175g;£1.80/unit;£10.29/kg;Fresh vegetables;fresh-vegetables-world-exotic;null;null;null;null;null;null;null;null;
sainsburys-olive---antipasti-platter-300g;Sainsbury's Olive & Antipasti Platter 300g;£5.00/unit;£1.67/100g;Coleslaw, olives, salads & dips;olives-tapas-antipasti;135;0.9;0.5;0.5;13.5;2.5;4.6;3.60;
sainsburys-olive---antipasti-platter-300g;Sainsbury's Olive & Antipasti Platter 300g;£5.00/unit;£1.67/100g;Vegetarian & meat free;deli-meat-alternatives;135;0.9;0.5;0.5;13.5;2.5;4.6;3.60;
sainsburys-olive-light-spread-500g;Sainsbury's Olive Light Spread 500g;£1.00/unit;£2.00/kg;Butter, spreads & baking;olive-spreads;280;0.5;2.0;0.8;30.0;7.8;0.8;1.00;
sainsburys-olive-oil--extra-virgin-1l;Sainsbury's Olive Oil, Extra Virgin 1L;£3.20/unit;£0.32/100ml;Cooking ingredients & oils;oils;823;0.5;0.5;0.5;91.5;13.1;0.5;0.01;
sainsburys-olive-oil--extra-virgin-250ml;Sainsbury's Olive Oil, Extra Virgin 250ml;£1.20/unit;£0.48/100ml;Cooking ingredients & oils;oils;823;0.5;0.5;0.5;91.5;13.1;0.5;0.01;
sainsburys-olive-oil--extra-virgin-2l;Sainsbury's Olive Oil, Extra Virgin 2L;£6.00/unit;£0.30/100ml;Cooking ingredients & oils;oils;823;0.5;0.5;0.5;91.5;13.1;0.5;0.01;
sainsburys-olive-oil--extra-virgin-500ml;Sainsbury's Olive Oil, Extra Virgin 500ml;£1.70/unit;£0.34/100ml;Cooking ingredients & oils;oils;823;0.5;0.5;0.5;91.5;13.1;0.5;0.01;
sainsburys-olive-oil--light-colour-500ml;Sainsbury's Olive Oil, Light Colour 500ml;£1.70/unit;£0.34/100ml;Cooking ingredients & oils;oils;823;0.5;0.5;0.5;91.5;13.1;0.5;0.01;
sainsburys-olive-oil--light-in-colour-1l;Sainsbury's Olive Oil, Light In Colour 1L;£3.20/unit;£0.32/100ml;Cooking ingredients & oils;oils;823;0.5;0.5;0.5;91.5;13.1;0.5;0.01;
sainsburys-olive-oil--light-in-colour-250ml;Sainsbury's Olive Oil, Light In Colour 250ml;£1.20/unit;£0.48/100ml;Cooking ingredients & oils;oils;823;0.5;0.5;0.5;91.5;13.1;0.5;0.01;
sainsburys-olive-oil--sea-salt---black-pepper-croutons-40g;Sainsbury's Black Pepper & Sea Salt Croutons 40g;£0.60/unit;£1.50/100g;Soup & lunchtime snacks;fresh-soups;398;11.2;70.6;5.5;6.8;0.5;4.8;0.82;
sainsburys-olive-oil--sunflower---extra-virgin-500ml;Sainsbury's Olive Oil, Sunflower & Extra Virgin 500ml;£1.30/unit;£0.26/100ml;Cooking ingredients & oils;oils;828;0;0;0;92.0;11.0;0;0;
sainsburys-olive-oil-1l;Sainsbury's Olive Oil 1L;£3.20/unit;£0.32/100ml;Cooking ingredients & oils;oils;823;0.5;0.5;0.5;91.5;13.1;0.5;0.01;
sainsburys-olive-oil-250ml;Sainsbury's Olive Oil 250ml;£1.20/unit;£0.48/100ml;Cooking ingredients & oils;oils;823;0.5;0.5;0.5;91.5;13.1;0.5;0.01;
sainsburys-olive-oil-2l;Sainsbury's Olive Oil 2L;£6.00/unit;£0.30/100ml;Cooking ingredients & oils;oils;823;0.5;0.5;0.5;91.5;13.1;0.5;0.01;
sainsburys-olive-oil-500ml;Sainsbury's Olive Oil 500ml;£1.70/unit;£0.34/100ml;Cooking ingredients & oils;oils;823;0.5;0.5;0.5;91.5;13.1;0.5;0.01;
sainsburys-olive-oil-crostini--taste-the-difference-80g;Sainsbury's Olive Oil Crostini, Taste the Difference 80g;£1.25/unit;£1.56/100g;Biscuits & crackers;crackers-savoury-biscuits;410;10.3;73.1;3.4;7.5;1.4;4.3;1.70;
sainsburys-olive-oil-flavoured-with-basil--extra-virgin-250ml;Sainsbury's Olive Oil Flavoured With Basil, Extra Virgin 250ml;£2.20/unit;£0.88/100ml;Cooking ingredients & oils;oils;825;0.5;0.5;0.5;91.7;13.0;0.5;0.01;
sainsburys-olive-oil-flavoured-with-chilli--extra-virgin-250ml;Sainsbury's Olive Oil Flavoured With Chilli, Extra Virgin 250ml;£2.20/unit;£0.88/100ml;Cooking ingredients & oils;oils;825;0.5;0.5;0.5;91.7;13.0;0.5;0.01;
sainsburys-olive-oil-flavoured-with-garlic--extra-virgin-250ml;Sainsbury's Olive Oil Flavoured With Garlic, Extra Virgin 250ml;£2.20/unit;£0.88/100ml;Cooking ingredients & oils;oils;825;0.5;0.5;0.5;91.7;13.0;0.5;0.01;
sainsburys-olive-snack-pots-185g;Sainsbury's Olive Snack Pots 185g;£2.60/unit;£1.41/100g;Coleslaw, olives, salads & dips;olives-tapas-antipasti;144;1.2;0.7;0.7;14.5;2.5;2.8;3.47;
sainsburys-olive-snack-pots-185g;Sainsbury's Olive Snack Pots 185g;£2.60/unit;£1.41/100g;Vegetarian & meat free;deli-meat-alternatives;144;1.2;0.7;0.7;14.5;2.5;2.8;3.47;
sainsburys-olive-spread-1kg;Sainsbury's Olive Spread 1kg;£1.90/unit;£1.90/kg;Butter, spreads & baking;olive-spreads;410;0.5;1.0;0.5;45.0;11.0;0.5;1.10;
sainsburys-olive-spread-500g;Sainsbury's Olive Spread 500g;£1.00/unit;£2.00/kg;Butter, spreads & baking;olive-spreads;410;0.5;1.0;0.5;45.0;11.0;0.5;1.10;
sainsburys-olives---manchego-cheese-170g;Sainsbury's Pimento Stuffed Olives with Manchego & Chilli 170g;£1.50/unit;£0.88/100g;Coleslaw, olives, salads & dips;olives-tapas-antipasti;261;5.4;0.8;0.5;25.8;7.7;2.0;2.53;
sainsburys-olives-with-citrus---chilli-250g;Sainsbury's Pimento Stuffed Olives with Citrus & Chilli 250g;£2.50/unit;£1.00/100g;Coleslaw, olives, salads & dips;olives-tapas-antipasti;133;0.8;1.3;0.5;13.2;2.4;3.0;4.38;
sainsburys-olives-with-citrus---chilli-250g;Sainsbury's Pimento Stuffed Olives with Citrus & Chilli 250g;£2.50/unit;£1.00/100g;Vegetarian & meat free;deli-meat-alternatives;133;0.8;1.3;0.5;13.2;2.4;3.0;4.38;
sainsburys-olives-with-garlic---chilli-180g;Sainsbury's Mixed Olives with Garlic & Chilli 180g;£1.50/unit;£0.83/100g;Coleslaw, olives, salads & dips;olives-tapas-antipasti;119;1.5;9.8;0.5;7.6;1.1;2.8;3.60;
sainsburys-olives-with-garlic---chilli-180g;Sainsbury's Mixed Olives with Garlic & Chilli 180g;£1.50/unit;£0.83/100g;Vegetarian & meat free;deli-meat-alternatives;119;1.5;9.8;0.5;7.6;1.1;2.8;3.60;
sainsburys-onion---chive-cottage-cheese-300g;Sainsbury's Cottage Cheese, Onion & Chive 300g;£1.40/unit;£4.67/kg;Cheese;cottage-cheese---healthier-choice;106;11.3;3.4;3.4;5.0;3.1;1.0;0.48;
sainsburys-onion---chive-cottage-cheese-300g;Sainsbury's Cottage Cheese, Onion & Chive 300g;£1.40/unit;£4.67/kg;Cheese;healthier-choice-special-diet-cheese;106;11.3;3.4;3.4;5.0;3.1;1.0;0.48;
sainsburys-onion---garlic-dip-230g;Sainsbury's Onion & Garlic Dip 230g;£1.20/unit;£0.52/100g;Coleslaw, olives, salads & dips;fresh-dips-houmous;331;1.8;6.9;2.8;32.9;5.3;0.5;1.00;
sainsburys-onion---garlic-dip-230g;Sainsbury's Onion & Garlic Dip 230g;£1.20/unit;£0.52/100g;Vegetarian & meat free;deli-meat-alternatives;331;1.8;6.9;2.8;32.9;5.3;0.5;1.00;
sainsburys-onion---garlic-pasta-sauce-290g;Sainsbury's Pasta Sauce, Onion & Garlic 290g;£0.80/unit;£0.28/100g;Cooking sauces & world foods;italian-cooking-sauces;41;1.4;8.0;6.7;0.1;0.1;1.0;0.63;
sainsburys-onion---garlic-pasta-sauce-500g;Sainsbury's Pasta Sauce, Onion & Garlic 500g;£0.95/unit;£0.19/100g;Cooking sauces & world foods;italian-cooking-sauces;41;1.4;8.0;6.7;0.1;0.1;1.0;0.63;
sainsburys-onion--leek---chive-stuffing-mix--taste-the-difference-110g;Sainsbury's Onion, Leek & Chive Stuffing Mix, Taste the Difference 110g;£1.35/unit;£12.27/kg;Cooking ingredients & oils;stuffing;163;5.3;32.1;2.7;0.7;0.2;3.7;1.00;
sainsburys-onion-bagels-x4;Sainsbury's Bagels, Onion x4;£1.00/unit;£0.25/ea;From our in store bakery;rolls-bagels-from-our-bakery;null;null;null;null;null;null;null;null;
sainsburys-onion-bagels-x4;Sainsbury's Bagels, Onion x4;£1.00/unit;£0.25/ea;Wraps, bagels & pittas;wraps-bagels-pittas;null;null;null;null;null;null;null;null;
sainsburys-onion-bhaji-%28warm---spicy%29-x8;Sainsbury's Onion Bhaji x8;£1.50/unit;£5.86/kg;Ready meals;indian-ready-meals;253;7.3;27.3;3.4;11.9;1.0;3.9;1.33;
sainsburys-onion-bhaji-%28warm---spicy%29-x8;Sainsbury's Onion Bhaji x8;£1.50/unit;£5.86/kg;Ready meals;potato-vegetable-side-dishes;253;7.3;27.3;3.4;11.9;1.0;3.9;1.33;
sainsburys-onion-bhaji-%28warm---spicy%29-x8;Sainsbury's Onion Bhaji x8;£1.50/unit;£5.86/kg;Vegetarian & meat free;deli-meat-alternatives;253;7.3;27.3;3.4;11.9;1.0;3.9;1.33;
sainsburys-onion-bhaji-%28warm---spicy%29-x8;Sainsbury's Onion Bhaji x8;£1.50/unit;£5.86/kg;Vegetarian & meat free;vegetarian-meat-free-ready-meals;253;7.3;27.3;3.4;11.9;1.0;3.9;1.33;
sainsburys-onion-granules-56g;Sainsbury's Onion Granules 56g;£1.00/unit;£0.18/10g;Cooking ingredients & oils;herbs-spices-seasoning;null;null;null;null;null;null;null;null;
sainsburys-onion-gravy-300g;Sainsbury's Onion Gravy 300g;£1.50/unit;£0.50/100g;Just Cook, prepared & sauces;stock---gravy;44;1.2;4.9;2.3;2.0;1.3;0.8;0.75;
sainsburys-onion-relish-320g;Sainsbury's Onion Relish 320g;£1.20/unit;£0.38/100g;Table sauces, dressings & condiments;chutney-pickle-relishes;153;0.8;36.5;32.4;0.5;0.1;1.5;1.01;
sainsburys-onion-relish-320g;Sainsbury's Onion Relish 320g;£1.20/unit;£0.38/100g;Table sauces, dressings & condiments;tomato-ketchup-brown-bbq-other-sauces;153;0.8;36.5;32.4;0.5;0.1;1.5;1.01;
sainsburys-onion-relish-320g;Sainsbury's Onion Relish 320g;£1.20/unit;£0.38/100g;Vinegar, pickles, olives & antipasti;chutneys-pickle-relishes;153;0.8;36.5;32.4;0.5;0.1;1.5;1.01;
sainsburys-onion-rings---garlic-dip-310g;Sainsbury's Onion Rings & Garlic Dip 310g;£3.00/unit;£9.68/kg;Ready meals;mexican-caribbean-american-ready-meals;309;3.6;33.3;5.6;17.4;2.5;2.4;1.11;
sainsburys-onion-rings---garlic-dip-310g;Sainsbury's Onion Rings & Garlic Dip 310g;£3.00/unit;£9.68/kg;Ready meals;potato-vegetable-side-dishes;309;3.6;33.3;5.6;17.4;2.5;2.4;1.11;
sainsburys-onion-rings-125g;Sainsbury's Onion Rings 125g;£1.00/unit;£0.80/100g;Crisps, nuts & snacking fruit;crisps;502;6.1;63.3;8.4;24.7;2.6;1.4;2.25;
sainsburys-onion-rings-6x19g;Sainsbury's Onion Rings 6x19g;£1.00/unit;£0.79/100g;Crisps, nuts & snacking fruit;crisps;502;6.1;63.3;8.4;24.7;2.2;1.4;2.25;
sainsburys-onion-rings-with-garlic---herb-mayonnaise-dip-310g;Sainsbury's Onion Rings With Garlic & Herb Mayonnaise Dip 310g;£3.50/unit;£11.29/kg;Coleslaw, olives, salads & dips;party-food-128152-44;513;1.8;3.5;1.3;54.3;4.0;1.7;1.68;
sainsburys-onion-rings-with-garlic---herb-mayonnaise-dip-310g;Sainsbury's Onion Rings With Garlic & Herb Mayonnaise Dip 310g;£3.50/unit;£11.29/kg;Ready meals;mexican-caribbean-american-ready-meals;513;1.8;3.5;1.3;54.3;4.0;1.7;1.68;
sainsburys-onion-rings-with-garlic---herb-mayonnaise-dip-310g;Sainsbury's Onion Rings With Garlic & Herb Mayonnaise Dip 310g;£3.50/unit;£11.29/kg;Ready meals;potato-vegetable-side-dishes;513;1.8;3.5;1.3;54.3;4.0;1.7;1.68;
sainsburys-onion-rings-with-garlic---herb-mayonnaise-dip-310g;Sainsbury's Onion Rings With Garlic & Herb Mayonnaise Dip 310g;£3.50/unit;£11.29/kg;Vegetarian & meat free;coleslaw--olives--salads---dips-30658-44;513;1.8;3.5;1.3;54.3;4.0;1.7;1.68;
sainsburys-onion-rings-with-garlic---herb-mayonnaise-dip-310g;Sainsbury's Onion Rings With Garlic & Herb Mayonnaise Dip 310g;£3.50/unit;£11.29/kg;Vegetarian & meat free;vegetarian-meat-free-ready-meals;513;1.8;3.5;1.3;54.3;4.0;1.7;1.68;
sainsburys-onion-salt-100g;Sainsbury's Onion Salt 100g;£1.00/unit;£0.10/10g;Cooking ingredients & oils;herbs-spices-seasoning;53;0.8;8.6;1.5;1.2;0.5;null;75.25;
sainsburys-onion-salt-100g;Sainsbury's Onion Salt 100g;£1.00/unit;£0.10/10g;Cooking ingredients & oils;salt-pepper;53;0.8;8.6;1.5;1.2;0.5;null;75.25;
sainsburys-onions--basics-15kg;Sainsbury's Onions, Basics 1.5kg;£0.80/unit;£0.53/kg;Fresh vegetables;onions-leeks-garlic;39;1.3;7.9;5.3;0.2;0;1.4;0;
sainsburys-onions--so-organic-750g;Sainsbury's Onions, SO Organic 750g;£1.10/unit;£1.47/kg;Fresh vegetables;onions-leeks-garlic;38;1.0;7.6;5.9;0.5;0.1;1.4;0.01;
sainsburys-onions--so-organic-750g;Sainsbury's Onions, SO Organic 750g;£1.10/unit;£1.47/kg;Organic;organic;38;1.0;7.6;5.9;0.5;0.1;1.4;0.01;
sainsburys-orange---cranberry-jelly-150g-7584036-p-44;Sainsbury's Orange & Cranberry Jelly 150g;£1.10/unit;£0.73/100g;Desserts & cream;desserts;85;0.5;20.0;19.9;0.5;0.3;0.5;0.23;
sainsburys-orange---passion-fruit-jelly--taste-the-difference-255g;Sainsbury's Jelly Orange Passion Fruit & Champagne, Taste the Difference 250ml;£2.00/unit;£0.80/100g;Fruit & desserts;jelly;133;0.5;32.5;25.8;0.5;0.1;0.5;0.01;
sainsburys-orange---raspberry-nfc-1l;Sainsbury's Orange & Raspberry Juice, Not From Concentrate 1L;£1.40/unit;£0.14/100ml;Chilled fruit juice & smoothies;chilled-fruit-juice;42;0.6;8.8;8.8;0.5;0.1;0.5;0.02;
sainsburys-orange---thyme-chicken-thighs-700g-7549408-p-44;Sainsbury's Orange & Thyme Chicken Thighs 700g;£4.00/unit;£5.71/kg;Burgers & BBQ;burgers-bbq;273;19.6;5.6;4.7;19.1;5.1;0.5;0.98;
sainsburys-orange---thyme-chicken-thighs-700g-7549408-p-44;Sainsbury's Orange & Thyme Chicken Thighs 700g;£4.00/unit;£5.71/kg;Chicken;chicken;273;19.6;5.6;4.7;19.1;5.1;0.5;0.98;
sainsburys-orange--mango---passion-fruit-smoothie-1l;Sainsbury's Orange, Mango & Passion Fruit Smoothie 1L;£2.00/unit;£0.20/100ml;Chilled fruit juice & smoothies;chilled-smoothies;54;0.6;12.3;11.7;0.5;0.1;0.6;0.01;
sainsburys-orange--mango---passion-fruit-smoothie-250ml;Sainsbury's Orange, Mango & Passion Fruit Smoothie 250ml;£1.25/unit;£0.50/100ml;Chilled fruit juice & smoothies;chilled-smoothies;54;0.6;12.3;11.7;0.5;0.1;0.6;0.01;
sainsburys-orange--mango---passionfruit-juice--not-from-concentrate-1l;Sainsbury's Orange, Mango & Passionfruit Juice, Not From Concentrate 1L;£1.40/unit;£0.14/100ml;Chilled fruit juice & smoothies;chilled-fruit-juice;52;0.7;11.3;11.2;0.5;0.1;0.8;0.01;
sainsburys-orange--mango---pineapple-smoothie-4x180ml;Sainsbury's Kids Orange, Mango & Pineapple Smoothie 4x180ml;£2.25/unit;£0.31/100ml;Chilled fruit juice & smoothies;chilled-smoothies;61;0.6;13.8;13.8;0.5;0.1;0.5;0.01;
sainsburys-orange--mango---pineapple-smoothie-4x180ml;Sainsbury's Kids Orange, Mango & Pineapple Smoothie 4x180ml;£2.25/unit;£0.31/100ml;Chilled fruit juice & smoothies;kids-juice;61;0.6;13.8;13.8;0.5;0.1;0.5;0.01;
sainsburys-orange-curd-411g;Sainsbury's Orange Curd 411g;£0.60/unit;£0.15/100g;Jams, honey & spreads;curds;282;1.1;59.2;47.3;4.4;1.7;0.5;0.15;
sainsburys-orange-juice--basics-1l-7486879-p-44;Sainsbury's Orange Juice, Basics 1L;£0.80/unit;£0.08/100ml;Chilled fruit juice & smoothies;chilled-fruit-juice;43;0.5;9.2;9.2;0.5;0.1;0.5;0.03;
sainsburys-orange-juice--freshly-squeezed--taste-the-difference-15l;Sainsbury's Freshly Squeezed Orange Juice with Bits, Taste the Difference 1.5L;£3.00/unit;£0.20/100ml;Chilled fruit juice & smoothies;chilled-fruit-juice;53;0.7;11.4;9.2;0.5;0.1;0.5;0.03;
sainsburys-orange-juice--freshly-squeezed-smooth--taste-the-difference-1l;Sainsbury's Freshly Squeezed Smooth Orange Juice, Taste the Difference 1L;£2.50/unit;£0.25/100ml;Chilled fruit juice & smoothies;chilled-fruit-juice;53;0.7;11.4;9.2;0.5;0.1;0.5;0.03;
sainsburys-orange-juice--not-from-concentrate-250ml;Sainsbury's Orange Juice, Not From Concentrate 250ml;£0.75/unit;£0.30/100ml;Chilled fruit juice & smoothies;chilled-fruit-juice;35;0.5;8.2;7.1;0.5;0.1;0.5;0.01;
sainsburys-orange-juice--pure-with-juicy-bits-from-concentrate-1l;Sainsbury's Orange Juice with Juicy Bits 1L;£1.00/unit;£0.10/100ml;Chilled fruit juice & smoothies;chilled-fruit-juice;42;0.5;9.2;9.2;0.5;0.1;0.5;0.03;
sainsburys-orange-juice--squeezed---smooth-1l;Sainsbury's 100% Pure Squeezed Smooth Orange Juice, Not From Concentrate 1L;£1.40/unit;£0.14/100ml;Chilled fruit juice & smoothies;chilled-fruit-juice;45;0.6;10.0;10.0;0.5;0.1;0.5;0.01;
sainsburys-orange-juice--squeezed-with-juicy-bits-1l;Sainsbury's 100% Pure Squeezed Orange Juice with Bits, Not From Concentrate 1L;£1.40/unit;£0.14/100ml;Chilled fruit juice & smoothies;chilled-fruit-juice;45;0.6;10.0;10.0;0.5;0.1;0.5;0.01;
sainsburys-orange-juice-smooth--taste-the-difference-15l;Sainsbury's Freshly Squeezed Smooth Orange Juice, Taste the Difference 1.5L;£3.00/unit;£0.20/100ml;Chilled fruit juice & smoothies;chilled-fruit-juice;53;0.7;11.4;9.2;0.5;0.1;0.5;0.03;
sainsburys-orange-marmalade--fine-cut-454g;Sainsbury's Orange Marmalade, Fine Cut 454g;£0.60/unit;£0.13/100g;Jams, honey & spreads;marmalade;264;0.5;64.6;60.3;0.5;0.1;1.6;0.13;
sainsburys-orange-marmalade--medium-cut-454g;Sainsbury's Orange Marmalade, Medium Cut 454g;£0.60/unit;£0.13/100g;Jams, honey & spreads;marmalade;271;0.5;66.6;64.7;0.5;0.1;1.7;0.13;
sainsburys-orange-marmalade--thick-cut-454g;Sainsbury's Orange Marmalade, Thick Cut 454g;£0.60/unit;£0.13/100g;Jams, honey & spreads;marmalade;261;0.5;62.8;55.6;0.6;0.1;2.0;0.13;
sainsburys-orange-pepper-%28each%29;Sainsbury's Orange Pepper (each);£0.60/unit;£0.60/ea;Fresh salad;peppers;null;null;null;null;null;null;null;null;
sainsburys-orange-pepper-%28each%29;Sainsbury's Orange Pepper (each);£0.60/unit;£0.60/ea;Fresh vegetables;peppers-salad-vegetables;null;null;null;null;null;null;null;null;
sainsburys-oranges-%28each%29;Sainsbury's Oranges (each);£0.30/unit;£0.30/ea;Fresh fruit;citrus-fruit;43;1.1;8.5;8.5;0.5;0.1;1.7;0.01;
sainsburys-oranges--basics-x5;Sainsbury's Oranges, Basics x5;£0.95/unit;£0.19/ea;Fresh fruit;citrus-fruit;43;1.1;8.5;8.5;0.5;0.1;1.7;0.01;
sainsburys-oranges--so-organic-x5;Sainsbury's Oranges, SO Organic x5;£2.00/unit;£0.40/ea;Fresh fruit;citrus-fruit;43;1.1;8.5;8.5;0.5;0.1;1.7;0.01;
sainsburys-oranges--so-organic-x5;Sainsbury's Oranges, SO Organic x5;£2.00/unit;£0.40/ea;Organic;organic;43;1.1;8.5;8.5;0.5;0.1;1.7;0.01;
sainsburys-oranges-large-x4;Sainsbury's Oranges Large x4;£1.75/unit;£0.44/ea;Fresh fruit;citrus-fruit;43;1.1;8.5;8.5;0.5;0.1;1.7;0.01;
sainsburys-oranges-x5;Sainsbury's Oranges x5;£1.25/unit;£0.25/ea;Fresh fruit;citrus-fruit;43;1.1;8.5;8.5;0.5;0.1;1.7;0.01;
sainsburys-orchard-fruit-crumble-450g;Sainsbury's Orchard Fruit Crumble 450g;£2.75/unit;£0.61/100g;Desserts & cream;desserts;244;2.2;40.3;25.6;7.6;3.2;2.6;0.16;
sainsburys-orchard-fruit-muesli-750g;Sainsbury's Orchard Fruit Muesli 750g;£2.40/unit;£0.32/100g;Breakfast cereals;muesli-granola-clusters;339;8.3;62.7;25.9;4.1;0.6;9.1;0;
sainsburys-orchard-fruit-tart--taste-the-difference-418g;Sainsbury's Orchard Fruit Tart, Taste the Difference 418g;£4.00/unit;£0.96/100g;Desserts & cream;desserts;323;5.6;40.6;21.9;15.1;7.2;1.1;0.01;
sainsburys-oregano--pungent--earthy---sweet-14g;Sainsbury's Oregano 14g;£1.00/unit;£0.71/10g;Cooking ingredients & oils;herbs-spices-seasoning;null;null;null;null;null;null;null;null;
sainsburys-organic-olive-oil--extra-virgin-500ml;Sainsbury's Olive Oil, Extra Virgin, SO Organic 500ml;£2.40/unit;£0.48/100ml;Cooking ingredients & oils;oils;823;0;0;0;91.4;13.1;0;0;
sainsburys-organic-unsalted-british-butter-250g;Sainsbury's British Butter Unsalted, SO Organic 250g;£1.60/unit;£6.40/kg;Butter, spreads & baking;block-butter;751;0.6;0.6;0.6;83;49;0.5;0.02;
sainsburys-organic-unsalted-british-butter-250g;Sainsbury's British Butter Unsalted, SO Organic 250g;£1.60/unit;£6.40/kg;Butter, spreads & baking;dietary--free-from-and-organic;751;0.6;0.6;0.6;83;49;0.5;0.02;
sainsburys-organic-unsalted-british-butter-250g;Sainsbury's British Butter Unsalted, SO Organic 250g;£1.60/unit;£6.40/kg;Sugar & home baking;fats-spreads;751;0.6;0.6;0.6;83;49;0.5;0.02;
sainsburys-oriental-king-prawn-rice-salad-235g;Sainsbury's Oriental King Prawn & Rice Salad 235g;£3.10/unit;£1.32/100g;Coleslaw, olives, salads & dips;coleslaw-salads;106;4.7;14.5;5.2;3.0;0.3;1.2;0.79;
sainsburys-oriental-king-prawn-rice-salad-235g;Sainsbury's Oriental King Prawn & Rice Salad 235g;£3.10/unit;£1.32/100g;Fresh salad;fresh-salad-prepared-ready-to-eat;106;4.7;14.5;5.2;3.0;0.3;1.2;0.79;
sainsburys-oriental-king-prawn-rice-salad-235g;Sainsbury's Oriental King Prawn & Rice Salad 235g;£3.10/unit;£1.32/100g;Soup & lunchtime snacks;lunchtime-snacks;106;4.7;14.5;5.2;3.0;0.3;1.2;0.79;
sainsburys-oriental-snack-selection-316g;Sainsbury's Oriental Snack Selection 316g;£3.00/unit;£9.49/kg;Ready meals;oriental-ready-meals;351;11.4;21.2;7.1;24.1;2.1;2.0;1.02;
sainsburys-oriental-takeaway-for-2-12kg;Sainsbury's Oriental Takeaway For 2 1.2kg;£7.50/unit;£6.25/kg;Ready meals;oriental-ready-meals;108;9.1;6.1;2.6;4.7;0.4;2.4;0.80;
sainsburys-oriental-vegetable-stir-fry-300g;Sainsbury's Oriental Vegetable Stir Fry 300g;£1.70/unit;£5.67/kg;Fresh herbs & ingredients;asian-ingredients;70;1.5;4.1;3.3;4.8;0.4;2.1;0.07;
sainsburys-oriental-vegetable-stir-fry-300g;Sainsbury's Oriental Vegetable Stir Fry 300g;£1.70/unit;£5.67/kg;Fresh vegetables;fresh-vegetables-stir-fry;70;1.5;4.1;3.3;4.8;0.4;2.1;0.07;
sainsburys-oriental-vegetable-stir-fry-300g;Sainsbury's Oriental Vegetable Stir Fry 300g;£1.70/unit;£5.67/kg;Fresh vegetables;fresh-vegetables-world-exotic;70;1.5;4.1;3.3;4.8;0.4;2.1;0.07;
sainsburys-oriental-vegetable-stir-fry-300g;Sainsbury's Oriental Vegetable Stir Fry 300g;£1.70/unit;£5.67/kg;Prepared & ready to eat;prepared-stir-fry;70;1.5;4.1;3.3;4.8;0.4;2.1;0.07;
sainsburys-oriental-vegetable-stir-fry-300g;Sainsbury's Oriental Vegetable Stir Fry 300g;£1.70/unit;£5.67/kg;Prepared & ready to eat;prepared-vegetables;70;1.5;4.1;3.3;4.8;0.4;2.1;0.07;
sainsburys-orzo-500g;Sainsbury's Orzo 500g;£0.85/unit;£1.70/kg;Rice, pasta & noodles;pasta;362;12.3;73.1;3.5;1.7;0.5;2.5;0;
sainsburys-outdoor-bred-cumberland-chipolatas--taste-the-difference-x12-375g;Sainsbury's Cumberland Pork Chipolata Sausages, Taste the Difference x12 375g;£2.50/unit;£6.67/kg;Organic & Taste the Difference;organic-taste-the-difference;266;17.1;3.8;0.5;20.1;7.1;0.7;1.48;
sainsburys-outdoor-bred-cumberland-chipolatas--taste-the-difference-x12-375g;Sainsbury's Cumberland Pork Chipolata Sausages, Taste the Difference x12 375g;£2.50/unit;£6.67/kg;Sausages;sausages;266;17.1;3.8;0.5;20.1;7.1;0.7;1.48;
sainsburys-outdoor-reared-british-pork-crackling-loin-joint--taste-the-difference-%28approx-1kg%29;Sainsbury's British Outdoor Reared Pork Crackling Loin Joint, Taste the Difference (approx. 1kg);£8.00/kg;£8.00/kg;Organic & Taste the Difference;organic-taste-the-difference;210;30.2;0.5;0.5;9.7;3.7;0.6;0.13;
sainsburys-outdoor-reared-british-pork-crackling-loin-joint--taste-the-difference-%28approx-1kg%29;Sainsbury's British Outdoor Reared Pork Crackling Loin Joint, Taste the Difference (approx. 1kg);£8.00/kg;£8.00/kg;Pork;pork;210;30.2;0.5;0.5;9.7;3.7;0.6;0.13;
sainsburys-oven-bake--creamy-bacon---leek-495g;Sainsbury's Creamy Bacon & Leek Pasta Bake Sauce 495g;£0.95/unit;£0.19/100g;Cooking sauces & world foods;italian-cooking-sauces;115;3.3;5.9;1.7;8.6;2.5;0.5;0.62;
sainsburys-oven-baked---macaroni-cheese-485g;Sainsbury's Pasta Bake Sauce Macaroni Cheese 485g;£0.95/unit;£0.20/100g;Cooking sauces & world foods;italian-cooking-sauces;131;1.9;6.0;2.1;10.9;2.5;0.5;0.65;
sainsburys-oven-baked--creamy-tomato-480g;Sainsbury's Creamy Tomato Pasta Bake 480g;£0.95/unit;£0.20/100g;Cooking sauces & world foods;italian-cooking-sauces;115;1.4;7.3;4.9;8.8;2.0;0.7;0.65;
sainsburys-oven-baked--spicy-pepperoni-510g;Sainsbury's Pasta Bake Sauce Spicy Pepperoni 510g;£0.95/unit;£0.19/100g;Cooking sauces & world foods;italian-cooking-sauces;99;1.5;6.3;4.4;7.2;1.1;1.6;0.68;
sainsburys-owl-madeira-birthday-cake-790g;Sainsbury's Owl Madeira Birthday Cake 790g;£7.00/unit;£8.86/kg;Celebration cakes;celebration-cakes;411;2.2;75.3;53.6;11.1;2.6;0.5;0.32;
sainsburys-oxtail-soup-400g-7575501-p-44;Sainsbury's Oxtail Soup 400g;£0.55/unit;£0.14/100g;Canned, tinned & packaged foods;soups;39;1.8;5.4;1.2;1.0;0.4;0.7;0.58;
sainsburys-oyster---spring-onion-stir-fry-sauce-120g-7573526-p-44;Sainsbury's Oyster & Spring Onion Stir Fry Sauce 120g;£0.50/unit;£0.42/100g;Cooking sauces & world foods;chinese-cooking-sauces;109;0.5;25.9;20.3;0.3;0.1;0.3;1.75;
sainsburys-oyster-mushrooms-125g;Sainsbury's Oyster Mushrooms, Taste the Difference 125g;£1.25/unit;£10.00/kg;Fresh herbs & ingredients;asian-ingredients;36;2.6;2.6;2.6;0.7;0.1;4.6;0.03;
sainsburys-oyster-mushrooms-125g;Sainsbury's Oyster Mushrooms, Taste the Difference 125g;£1.25/unit;£10.00/kg;Fresh vegetables;fresh-vegetables-stir-fry;36;2.6;2.6;2.6;0.7;0.1;4.6;0.03;
sainsburys-oyster-mushrooms-125g;Sainsbury's Oyster Mushrooms, Taste the Difference 125g;£1.25/unit;£10.00/kg;Fresh vegetables;fresh-vegetables-world-exotic;36;2.6;2.6;2.6;0.7;0.1;4.6;0.03;
sainsburys-oyster-mushrooms-125g;Sainsbury's Oyster Mushrooms, Taste the Difference 125g;£1.25/unit;£10.00/kg;Fresh vegetables;mushrooms;36;2.6;2.6;2.6;0.7;0.1;4.6;0.03;
sainsburys-p%C3%A2t%C3%A9-de-campagne-170g;Sainsbury's Pâté De Campagne 170g;£1.30/unit;£0.76/100g;Cooked meats & snacking;mfp-pate;262;14.0;1.5;1.4;22.2;8.2;0.5;1.87;
sainsburys-p%C3%A2t%C3%A9-de-campagne-170g;Sainsbury's Pâté De Campagne 170g;£1.30/unit;£0.76/100g;Cooked meats, pate & sandwich fillers;pate;262;14.0;1.5;1.4;22.2;8.2;0.5;1.87;
sainsburys-pacific-salmon-fishcakes--basics-x2-170g;Sainsbury's Pacific Salmon Fishcakes, Basics x2 170g;£1.00/unit;£5.88/kg;Fish & seafood;fishcakes-breaded-fish;211;11.2;17.7;1.2;10.3;1.3;1.4;0.50;
sainsburys-pad-thai-ribbon-noodles-quick-to-cook-150g-x-2;Sainsbury's Pad Thai Ribbon Noodles Quick To Cook 150g x 2;£1.10/unit;£3.67/kg;Cooking sauces & world foods;thai-cooking-sauces;147;4.9;28.6;0.6;1.1;0.1;1.3;0.38;
sainsburys-pad-thai-ribbon-noodles-quick-to-cook-150g-x-2;Sainsbury's Pad Thai Ribbon Noodles Quick To Cook 150g x 2;£1.10/unit;£3.67/kg;Rice, pasta & noodles;noodles;147;4.9;28.6;0.6;1.1;0.1;1.3;0.38;
sainsburys-pad-thai-stir-fry-sauce-120g;Sainsbury's Pad Thai Stir Fry Sauce 120g;£0.50/unit;£0.42/100g;Cooking sauces & world foods;thai-cooking-sauces;156;1.9;11.9;8.8;10.6;2.2;2.5;1.78;
sainsburys-padron-peppers;Sainsbury's Padron Peppers 135g;£1.00/unit;£7.41/kg;Fresh salad;peppers;19;0.8;2.5;2.3;0.5;0.1;1.6;0.01;
sainsburys-padron-peppers;Sainsbury's Padron Peppers 135g;£1.00/unit;£7.41/kg;Fresh vegetables;baby-vegetables;19;0.8;2.5;2.3;0.5;0.1;1.6;0.01;
sainsburys-padron-peppers;Sainsbury's Padron Peppers 135g;£1.00/unit;£7.41/kg;Fresh vegetables;peppers-salad-vegetables;19;0.8;2.5;2.3;0.5;0.1;1.6;0.01;
sainsburys-paella--taste-the-difference-400g-7168029-p-44;Sainsbury's Paella, Taste the Difference 400g;£3.30/unit;£8.25/kg;Ready meals;meals-for-1-ready-meals;135;7.7;15.1;1.0;4.3;1.0;2.2;0.55;
sainsburys-paella--taste-the-difference-400g-7168029-p-44;Sainsbury's Paella, Taste the Difference 400g;£3.30/unit;£8.25/kg;Ready meals;mediterranean-other-cuisine-ready-meals;135;7.7;15.1;1.0;4.3;1.0;2.2;0.55;
sainsburys-paella--taste-the-difference-400g-7168029-p-44;Sainsbury's Paella, Taste the Difference 400g;£3.30/unit;£8.25/kg;Ready meals;taste-the-difference-bistro-ready-meals;135;7.7;15.1;1.0;4.3;1.0;2.2;0.55;
sainsburys-paella--taste-the-difference-bistro-800g;Sainsbury's Paella, Taste the Difference Bistro 800g;£6.00/unit;£7.50/kg;Ready meals;mediterranean-other-cuisine-ready-meals;132;7.7;14.8;1.0;4.2;1.0;2.0;0.60;
sainsburys-paella--taste-the-difference-bistro-800g;Sainsbury's Paella, Taste the Difference Bistro 800g;£6.00/unit;£7.50/kg;Ready meals;taste-the-difference-bistro-ready-meals;132;7.7;14.8;1.0;4.2;1.0;2.0;0.60;
sainsburys-pain-au-chocolat--taste-the-difference-x2;Sainsbury's Pain au Chocolat, Taste the Difference x2;£1.55/unit;£0.78/ea;Croissants, brioche & pastries;croissants-brioche-pastries;435;8.2;46.7;13.3;23.3;14.1;3.1;0.78;
sainsburys-pain-au-chocolat-x2;Sainsbury's Pain Au Chocolat x2;£1.00/unit;£0.50/ea;Cakes;cakes-from-our-bakery-12374-44;null;null;null;null;null;null;null;null;
sainsburys-pain-au-chocolat-x2;Sainsbury's Pain Au Chocolat x2;£1.00/unit;£0.50/ea;Croissants, brioche & pastries;croissants-brioche-pastries;null;null;null;null;null;null;null;null;
sainsburys-pain-au-chocolat-x2;Sainsbury's Pain Au Chocolat x2;£1.00/unit;£0.50/ea;From our in store bakery;cakes-from-our-bakery;null;null;null;null;null;null;null;null;
sainsburys-pain-au-chocolat-x4;Sainsbury's Pain Au Chocolat x4;£1.30/unit;£0.33/ea;Croissants, brioche & pastries;croissants-brioche-pastries;438;8.0;44.8;11.6;24.5;14.8;3.3;0.85;
sainsburys-pain-au-chocolate--bake-from-frozen-x6-360g-%28serves-6%29;Sainsbury's Frozen Pain Au Chocolat x6 360g;£2.00/unit;£0.56/100g;Ice cream & desserts;frozen-pastry-baking;386;10.7;40.1;10.9;19.7;13.1;2.7;0.54;
sainsburys-pain-au-raisins;Sainsbury's Pain Au Raisins;£0.75/unit;£0.75/ea;Croissants, brioche & pastries;croissants-brioche-pastries;null;null;null;null;null;null;null;null;
sainsburys-pain-aux-raisins-x2;Sainsbury's Pain Aux Raisins x2;£1.00/unit;£0.50/ea;Cakes;cakes-from-our-bakery-12374-44;null;null;null;null;null;null;null;null;
sainsburys-pain-aux-raisins-x2;Sainsbury's Pain Aux Raisins x2;£1.00/unit;£0.50/ea;From our in store bakery;cakes-from-our-bakery;null;null;null;null;null;null;null;null;
sainsburys-pain-de-campagne-round--taste-the-difference-400g;Sainsbury's Pain De Campagne Round, Taste the Difference 400g;£1.25/unit;£0.32/100g;Bread;bread-from-our-bakery2;null;null;null;null;null;null;null;null;
sainsburys-pain-de-campagne-round--taste-the-difference-400g;Sainsbury's Pain De Campagne Round, Taste the Difference 400g;£1.25/unit;£0.32/100g;From our in store bakery;bread-from-our-bakery;null;null;null;null;null;null;null;null;
sainsburys-pain-flute-400g;Sainsbury's Pain Flute 400g;£0.80/unit;£0.20/100g;Baguettes & part baked bread;baguettes-part-baked-bread;null;null;null;null;null;null;null;null;
sainsburys-pain-flute-400g;Sainsbury's Pain Flute 400g;£0.80/unit;£0.20/100g;From our in store bakery;baguettes-from-our-bakery;null;null;null;null;null;null;null;null;
sainsburys-pak-choi-200g;Sainsbury's Pak Choi 200g;£1.30/unit;£6.50/kg;Fresh herbs & ingredients;asian-ingredients;null;null;null;null;null;null;null;null;
sainsburys-pak-choi-200g;Sainsbury's Pak Choi 200g;£1.30/unit;£6.50/kg;Fresh vegetables;broccoli-cauliflower-cabbage-greens;null;null;null;null;null;null;null;null;
sainsburys-pak-choi-200g;Sainsbury's Pak Choi 200g;£1.30/unit;£6.50/kg;Fresh vegetables;fresh-vegetables-stir-fry;null;null;null;null;null;null;null;null;
sainsburys-pak-choi-200g;Sainsbury's Pak Choi 200g;£1.30/unit;£6.50/kg;Fresh vegetables;fresh-vegetables-world-exotic;null;null;null;null;null;null;null;null;
sainsburys-pak-choi-200g;Sainsbury's Pak Choi 200g;£1.30/unit;£6.50/kg;In season;new-in-season;null;null;null;null;null;null;null;null;
sainsburys-pancakes--basics-x6;Sainsbury's Pancakes, Basics x6;£0.35/unit;£0.06/ea;Crumpets, breakfast muffins & pancakes;crumpets-breakfast-muffins-pancakes;258;4.8;48;21;5.1;0.4;1.2;0.73;
sainsburys-pancetta---red-wine-pasta-sauce--taste-the-difference-340g;Sainsbury's Pasta Sauce Pancetta & Red Wine, Taste the Difference 340g;£1.40/unit;£0.41/100g;Cooking sauces & world foods;italian-cooking-sauces;83;3.3;4.5;4.5;5.5;1.5;1.1;1.25;
sainsburys-pancetta--taste-the-difference-80g;Sainsbury's Italian Pancetta Slices, Taste the Difference 80g;£3.00/unit;£3.75/100g;Cooked meats & snacking;cooks-ingredients;487;23.0;0.5;0.5;43.8;17.0;0.5;2.80;
sainsburys-pancetta--taste-the-difference-80g;Sainsbury's Italian Pancetta Slices, Taste the Difference 80g;£3.00/unit;£3.75/100g;Cooked meats & snacking;mfp-continental-meats;487;23.0;0.5;0.5;43.8;17.0;0.5;2.80;
sainsburys-pancetta--taste-the-difference-80g;Sainsbury's Italian Pancetta Slices, Taste the Difference 80g;£3.00/unit;£3.75/100g;Cooked meats & snacking;mfp-cooked-meats-snacking-taste-the-difference;487;23.0;0.5;0.5;43.8;17.0;0.5;2.80;
sainsburys-pancetta--taste-the-difference-80g;Sainsbury's Italian Pancetta Slices, Taste the Difference 80g;£3.00/unit;£3.75/100g;Cooked meats, pate & sandwich fillers;continental-meats;487;23.0;0.5;0.5;43.8;17.0;0.5;2.80;
sainsburys-pancetta--taste-the-difference-80g;Sainsbury's Italian Pancetta Slices, Taste the Difference 80g;£3.00/unit;£3.75/100g;Cooked meats, pate & sandwich fillers;cooked-meats-taste-the-difference;487;23.0;0.5;0.5;43.8;17.0;0.5;2.80;
sainsburys-pancetta--taste-the-difference-80g;Sainsbury's Italian Pancetta Slices, Taste the Difference 80g;£3.00/unit;£3.75/100g;Cooked meats, pate & sandwich fillers;cooks-ingredients-85658-44;487;23.0;0.5;0.5;43.8;17.0;0.5;2.80;
sainsburys-panini-x4;Sainsbury's Panini x4;£1.20/unit;£0.30/ea;Rolls;rolls;288;8.9;47.6;2.6;6.3;0.8;2.7;0.84;
sainsburys-panna-cotta-kit-65g;Sainsbury's Panna Cotta Kit 65g;£1.20/unit;£1.85/100g;Fruit & desserts;dessert-mixes;265;2.1;16.9;15.1;20.9;12.1;0.5;0.15;
sainsburys-panna-cotta-kit-65g;Sainsbury's Panna Cotta Kit 65g;£1.20/unit;£1.85/100g;Sugar & home baking;cake-sweet-mixes;265;2.1;16.9;15.1;20.9;12.1;0.5;0.15;
sainsburys-papaya--ripe-%28each%29;Sainsbury's Papaya, Ripe (each);£1.50/unit;£1.50/ea;Fresh fruit;mango-exotic-fruit-dates-nuts;43;0.5;8.8;8.8;0.1;0.0;2.2;0;
sainsburys-papaya-x2;Sainsbury's Papaya x2;£2.50/unit;£1.25/ea;Fresh fruit;mango-exotic-fruit-dates-nuts;43;0.5;8.8;8.8;0.1;0.0;2.2;0;
sainsburys-pappardelle--taste-the-difference-500g;Sainsbury's Pappardelle, Taste the Difference 500g;£1.25/unit;£2.50/kg;Rice, pasta & noodles;pasta;141;4.8;26.0;0.5;1.7;0.4;1.1;0.03;
sainsburys-paprika-44g;Sainsbury's Paprika 44g;£1.00/unit;£0.23/10g;Cooking ingredients & oils;herbs-spices-seasoning;null;null;null;null;null;null;null;null;
sainsburys-paprika-beef--taste-the-difference-800g;Sainsbury's Paprika Beef, Taste the Difference Bistro 800g;£6.00/unit;£7.50/kg;Ready meals;mediterranean-other-cuisine-ready-meals;111;8.1;11.3;4.5;3.2;0.7;2.4;0.55;
sainsburys-paprika-beef--taste-the-difference-800g;Sainsbury's Paprika Beef, Taste the Difference Bistro 800g;£6.00/unit;£7.50/kg;Ready meals;taste-the-difference-bistro-ready-meals;111;8.1;11.3;4.5;3.2;0.7;2.4;0.55;
sainsburys-parlick-fell-hard-sheeps-cheese-150g;Sainsbury's Parlick Fell Hard Sheep's Cheese 150g;£2.25/unit;£15.00/kg;Cheese;healthier-choice-special-diet-cheese;368;21.4;1.9;0.5;30.2;18.4;null;1.42;
sainsburys-parma-ham-aged-16-months-80g;Sainsbury's Italian Parma Ham Slices x6 80g;£2.70/unit;£3.38/100g;Cooked meats & snacking;mfp-continental-meats;259;29.1;0.5;0.5;15.8;5.5;0.5;4.58;
sainsburys-parma-ham-aged-16-months-80g;Sainsbury's Italian Parma Ham Slices x6 80g;£2.70/unit;£3.38/100g;Cooked meats, pate & sandwich fillers;continental-meats;259;29.1;0.5;0.5;15.8;5.5;0.5;4.58;
sainsburys-parma-ham-family-pack-133g;Sainsbury's Italian Parma Ham Slices x10 133g;£4.00/unit;£3.01/100g;Cooked meats & snacking;mfp-continental-meats;259;29.1;0.5;0.5;15.8;5.5;0.5;4.58;
sainsburys-parma-ham-family-pack-133g;Sainsbury's Italian Parma Ham Slices x10 133g;£4.00/unit;£3.01/100g;Cooked meats, pate & sandwich fillers;continental-meats;259;29.1;0.5;0.5;15.8;5.5;0.5;4.58;
sainsburys-parmentier-potatoes-400g;Sainsbury's Parmentier Potatoes 400g;£2.00/unit;£5.00/kg;Prepared & ready to eat;prepared-vegetables;197;2.3;27.5;3.5;7.5;2.3;5.0;0.58;
sainsburys-parmentier-potatoes-400g;Sainsbury's Parmentier Potatoes 400g;£2.00/unit;£5.00/kg;Ready meals;british-ready-meals;197;2.3;27.5;3.5;7.5;2.3;5.0;0.58;
sainsburys-parmentier-potatoes-400g;Sainsbury's Parmentier Potatoes 400g;£2.00/unit;£5.00/kg;Ready meals;potato-vegetable-side-dishes;197;2.3;27.5;3.5;7.5;2.3;5.0;0.58;
sainsburys-parmentier-potatoes-400g;Sainsbury's Parmentier Potatoes 400g;£2.00/unit;£5.00/kg;Vegetarian & meat free;coleslaw--olives--salads---dips-30658-44;197;2.3;27.5;3.5;7.5;2.3;5.0;0.58;
sainsburys-parmentier-potatoes-400g;Sainsbury's Parmentier Potatoes 400g;£2.00/unit;£5.00/kg;Vegetarian & meat free;vegetarian-meat-free-ready-meals;197;2.3;27.5;3.5;7.5;2.3;5.0;0.58;
sainsburys-parmesan---basil-flatbread-100g;Sainsbury's Parmesan & Basil Flatbread 100g;£1.00/unit;£1.00/100g;Biscuits & crackers;crackers-savoury-biscuits;440;13.8;65.0;1.5;13.2;4.0;2.9;1.20;
sainsburys-parmesan-shavings-tub--taste-the-difference-80g;Sainsbury's Parmesan Shavings Tub, Taste the Difference 80g;£2.50/unit;£31.25/kg;Cheese;organic-taste-the-difference-cheese;388;33.0;0.5;0.5;28.4;18.7;0.5;1.63;
sainsburys-parmesan-topped-mini-ciabatta--taste-the-difference--x2-215g;Sainsbury's Parmesan Topped Mini Ciabatta, Taste the Difference  x2 215g;£2.20/unit;£1.02/100g;Pizza, pasta & garlic bread;garlic-bread;370;10.4;41.5;2.4;17.5;11.2;2.3;1.20;
sainsburys-parmesan-topped-mini-ciabatta--taste-the-difference--x2-215g;Sainsbury's Parmesan Topped Mini Ciabatta, Taste the Difference  x2 215g;£2.20/unit;£1.02/100g;Ready meals;taste-the-difference-bistro-ready-meals;370;10.4;41.5;2.4;17.5;11.2;2.3;1.20;
sainsburys-parmigiano-reggiano--so-organic-200g;Sainsbury's Parmigiano Reggiano, SO Organic 200g;£4.50/unit;£22.50/kg;Cheese;cheeseboard-delights;388;33.0;0.5;0.5;28.4;18.7;0.5;1.63;
sainsburys-parmigiano-reggiano--so-organic-200g;Sainsbury's Parmigiano Reggiano, SO Organic 200g;£4.50/unit;£22.50/kg;Cheese;organic-taste-the-difference-cheese;388;33.0;0.5;0.5;28.4;18.7;0.5;1.63;
sainsburys-parmigiano-reggiano--taste-the-difference-200g;Sainsbury's Parmigiano Reggiano, Taste the Difference 200g;£4.50/unit;£22.50/kg;Cheese;cheeseboard-delights;388;33.0;0.5;0.5;28.4;18.7;0.5;1.63;
sainsburys-parmigiano-reggiano--taste-the-difference-200g;Sainsbury's Parmigiano Reggiano, Taste the Difference 200g;£4.50/unit;£22.50/kg;Cheese;organic-taste-the-difference-cheese;388;33.0;0.5;0.5;28.4;18.7;0.5;1.63;
sainsburys-parsley---lemon-seasoning-48g;Sainsbury's Parsley & Lemon Seasoning 48g;£1.00/unit;£0.21/10g;Cooking ingredients & oils;herbs-spices-seasoning;null;null;null;null;null;null;null;null;
sainsburys-parsley-6g;Sainsbury's Parsley 6g;£1.00/unit;£1.67/10g;Cooking ingredients & oils;herbs-spices-seasoning;null;null;null;null;null;null;null;null;
sainsburys-parsley-sauce-300g;Sainsbury's Parsley Sauce 300g;£1.50/unit;£0.50/100g;Fish & seafood;filleted-whole-fish;78;1.7;5.3;2.1;5.4;3.5;0.5;0.50;
sainsburys-parsley-sauce-300g;Sainsbury's Parsley Sauce 300g;£1.50/unit;£0.50/100g;Fish & seafood;fuss-free-fish;78;1.7;5.3;2.1;5.4;3.5;0.5;0.50;
sainsburys-parsley-sauce-300g;Sainsbury's Parsley Sauce 300g;£1.50/unit;£0.50/100g;Just Cook, prepared & sauces;stock---gravy;78;1.7;5.3;2.1;5.4;3.5;0.5;0.50;
sainsburys-parsley-simmer-sauce-mix-20g;Sainsbury's Parsley Sauce Mix 20g;£0.40/unit;£2.00/100g;Cooking sauces & world foods;packet-sauces;76;4.4;10.2;3.7;1.8;1.1;0.7;0.60;
sainsburys-parsnips-%28loose%29;Sainsbury's Parsnips (loose);£1.60/kg;£1.60/kg;Fresh vegetables;carrots-root-vegetables;72;1.8;11.4;5.4;1.1;0.2;4.6;0.03;
sainsburys-parsnips-%28loose%29;Sainsbury's Parsnips (loose);£1.60/kg;£1.60/kg;In season;new-in-season;72;1.8;11.4;5.4;1.1;0.2;4.6;0.03;
sainsburys-parsnips--basics-750g;Sainsbury's Parsnips, Basics 750g;£0.90/unit;£1.20/kg;Fresh vegetables;carrots-root-vegetables;78;1.8;13;5.7;1.1;0.2;4.6;0.03;
sainsburys-parsnips-500g;Sainsbury's Parsnips 500g;£1.00/unit;£2.00/kg;Fresh vegetables;carrots-root-vegetables;72;1.8;11.4;5.4;1.1;0.2;4.6;0.03;
sainsburys-parsnips-500g;Sainsbury's Parsnips 500g;£1.00/unit;£2.00/kg;In season;new-in-season;72;1.8;11.4;5.4;1.1;0.2;4.6;0.03;
sainsburys-part-prepared-scottish-crab--taste-the-difference-500g;Sainsbury's Part Prepared Scottish Crab, Taste the Difference 500g;£6.00/unit;£12.00/kg;Fish & seafood;frozen-fish-seafood;134;16.8;2.6;0.5;6.2;1.5;0.5;0.58;
sainsburys-partbake-baguettes--basics-x2;Sainsbury's Partbake Baguettes, Basics x2;£0.50/unit;£0.25/ea;Baguettes & part baked bread;baguettes-part-baked-bread;245;7.7;49.3;3.8;1.3;0.3;2.6;1.00;
sainsburys-party-cheese-bites-x12-240g;Sainsbury's Party Cheese Bites x12 240g;£2.25/unit;£9.38/kg;Party food;frozen-party-food;316;4.8;27.3;3.2;20.6;8.3;1.0;0.85;
sainsburys-party-chicken-satay-skewers-x20-200g;Sainsbury's Party Chicken Satay Skewers x20 200g;£2.25/unit;£11.25/kg;Party food;frozen-party-food;182;27.3;9.2;4.3;3.9;1.8;0.5;1.30;
sainsburys-party-jumbo-tempura-prawns-x8-168g;Sainsbury's Party Jumbo Tempura Prawns x8 168g;£2.25/unit;£13.39/kg;Party food;frozen-party-food;374;9.4;25.2;5.0;26.1;10.5;0.6;0.83;
sainsburys-party-lincolnshire-sausage-rolls-x20-400g;Sainsbury's Party Lincolnshire Sausage Rolls x20 400g;£2.25/unit;£5.63/kg;Party food;frozen-party-food;357;8.7;23.0;1.4;24.9;11.6;2.8;1.28;
sainsburys-party-prawn-selection-x32-400g;Sainsbury's Prawn Selection x32 400g;£5.00/unit;£12.50/kg;Party food;frozen-party-food;281;9.5;24.4;5.3;16.1;9.1;0.5;1.23;
sainsburys-party-sprinkles-83g;Sainsbury's Cake Decorations, Party Sprinkles 83g;£2.50/unit;£3.01/100g;Sugar & home baking;decorations;422;1.0;90.3;79.4;6.2;4.3;0.6;0.10;
sainsburys-passata---vegetables--taste-the-difference-430g;Sainsbury's Passata & Vegetables, Taste the Difference 430g;£1.20/unit;£2.79/kg;Canned, tinned & packaged foods;canned-tinned-packaged-tomatoes;43;1.5;5.9;4.7;1.1;0.2;1.6;0.45;
sainsburys-passata-500g;Sainsbury's Passata 500g;£0.50/unit;£1.00/kg;Canned, tinned & packaged foods;canned-tinned-packaged-tomatoes;31;1.1;6.0;4.7;0.5;0.1;0.8;0.43;
sainsburys-passata-jar--so-organic-700g;Sainsbury's Passata, SO Organic 700g;£1.20/unit;£1.71/kg;Canned, tinned & packaged foods;canned-tinned-packaged-tomatoes;27;1.4;3.9;3.9;0.5;0.1;1.9;0.50;
sainsburys-passata-jar--so-organic-700g;Sainsbury's Passata, SO Organic 700g;£1.20/unit;£1.71/kg;Cooking sauces & world foods;italian-cooking-sauces;27;1.4;3.9;3.9;0.5;0.1;1.9;0.50;
sainsburys-passata-with-basil-500g;Sainsbury's Passata With Basil 500g;£0.70/unit;£1.40/kg;Canned, tinned & packaged foods;canned-tinned-packaged-tomatoes;37;1.3;7.3;5.5;0.5;0.1;1.0;0.50;
sainsburys-passata-with-onion---garlic-500g;Sainsbury's Passata With Onion & Garlic 500g;£0.70/unit;£1.40/kg;Canned, tinned & packaged foods;canned-tinned-packaged-tomatoes;40;1.4;7.7;5.5;0.5;0.1;1.3;0.50;
sainsburys-passion-fruit-single;Sainsbury's Passion Fruit (each);£0.60/unit;£0.60/ea;Fresh fruit;mango-exotic-fruit-dates-nuts;null;null;null;null;null;null;null;null;
sainsburys-passion-fruit;Sainsbury's Passion Fruit Pack;£1.50/unit;£0.50/ea;Fresh fruit;mango-exotic-fruit-dates-nuts;44;2.6;5.8;5.8;0.4;0.1;3.3;0;
sainsburys-passionfruit---choc-tortes-2--taste-the-difference-x95g;Sainsbury's Passionfruit & Chocolate Tortes, Taste the Difference 2x95g;£3.00/unit;£1.85/100g;Desserts & cream;desserts;392;4.1;29.3;24.5;28.3;16.5;2.2;0.20;
sainsburys-pasta--cheese---bacon-410g;Sainsbury's Pasta, Cheese & Bacon 410g;£0.65/unit;£1.59/kg;Canned, tinned & packaged foods;baked-beans-canned-pasta;128;5.0;12.0;2.8;6.5;2.8;0.5;0.63;
sainsburys-pasta--spinach---pine-nut-salad-170g;Sainsbury's Pasta, Spinach & Pine Nut Salad 170g;£1.40/unit;£0.82/100g;Coleslaw, olives, salads & dips;coleslaw-salads;231;6.7;25.6;1.2;11.0;2.9;1.5;1.00;
sainsburys-pasta--spinach---pine-nut-salad-170g;Sainsbury's Pasta, Spinach & Pine Nut Salad 170g;£1.40/unit;£0.82/100g;Fresh salad;dressings-coleslaw-accompaniments;231;6.7;25.6;1.2;11.0;2.9;1.5;1.00;
sainsburys-pasta--spinach---pine-nut-salad-170g;Sainsbury's Pasta, Spinach & Pine Nut Salad 170g;£1.40/unit;£0.82/100g;Prepared & ready to eat;prepared-salad-herbs;231;6.7;25.6;1.2;11.0;2.9;1.5;1.00;
sainsburys-pasta--spinach---pine-nut-salad-170g;Sainsbury's Pasta, Spinach & Pine Nut Salad 170g;£1.40/unit;£0.82/100g;Soup & lunchtime snacks;lunchtime-snacks;231;6.7;25.6;1.2;11.0;2.9;1.5;1.00;
sainsburys-pasta--spinach---pine-nut-salad-170g;Sainsbury's Pasta, Spinach & Pine Nut Salad 170g;£1.40/unit;£0.82/100g;Vegetarian & meat free;coleslaw--olives--salads---dips-30658-44;231;6.7;25.6;1.2;11.0;2.9;1.5;1.00;
sainsburys-pasta-pot-meatball-arrabiata-350g;Sainsbury's Micro Pot Meatball Arrabiata Pasta 350g;£2.00/unit;£5.71/kg;Cooking sauces & world foods;world-foods-instant-snack-meals;74;3.4;9.8;3.5;2.0;0.6;1.6;0.60;
sainsburys-pasta-pot-meatball-arrabiata-350g;Sainsbury's Micro Pot Meatball Arrabiata Pasta 350g;£2.00/unit;£5.71/kg;Rice, pasta & noodles;instant-snack-meals;74;3.4;9.8;3.5;2.0;0.6;1.6;0.60;
sainsburys-pasta-sauce--basics-500g;Sainsbury's Pasta Sauce, Basics 500g;£0.55/unit;£0.11/100g;Cooking sauces & world foods;italian-cooking-sauces;34;0.7;5.8;1.8;0.6;0.1;1.1;0.57;
sainsburys-pasta-shapes--basics-500g;Sainsbury's Pasta Shapes, Basics 500g;£0.35/unit;£0.70/kg;Rice, pasta & noodles;pasta;173;5.0;35.0;1.0;1.0;0.2;2.0;0.01;
sainsburys-pastrami--taste-the-difference-120g;Sainsbury's Pastrami, Taste the Difference 120g;£3.30/unit;£2.75/100g;Cooked meats & snacking;mfp-continental-meats;121;21.6;1.0;0.5;3.4;1.4;0.5;1.75;
sainsburys-pastrami--taste-the-difference-120g;Sainsbury's Pastrami, Taste the Difference 120g;£3.30/unit;£2.75/100g;Cooked meats & snacking;mfp-cooked-meats-snacking-taste-the-difference;121;21.6;1.0;0.5;3.4;1.4;0.5;1.75;
sainsburys-pastrami--taste-the-difference-120g;Sainsbury's Pastrami, Taste the Difference 120g;£3.30/unit;£2.75/100g;Cooked meats, pate & sandwich fillers;continental-meats;121;21.6;1.0;0.5;3.4;1.4;0.5;1.75;
sainsburys-pastrami--taste-the-difference-120g;Sainsbury's Pastrami, Taste the Difference 120g;£3.30/unit;£2.75/100g;Cooked meats, pate & sandwich fillers;cooked-meats-taste-the-difference;121;21.6;1.0;0.5;3.4;1.4;0.5;1.75;
sainsburys-pea---ham-soup-400g;Sainsbury's Pea & Ham Soup 400g;£0.55/unit;£0.14/100g;Canned, tinned & packaged foods;soups;45;2.7;5.8;1.8;0.9;0.3;1.5;0.40;
sainsburys-pea-shoots-50g;Sainsbury's Pea Shoots 50g;£1.00/unit;£2.00/100g;Fresh salad;fresh-salad-prepared-ready-to-eat;34;4.0;1.8;0.5;0.9;0.2;1.4;0.03;
sainsburys-pea-shoots-50g;Sainsbury's Pea Shoots 50g;£1.00/unit;£2.00/100g;Fresh salad;salad-bags;34;4.0;1.8;0.5;0.9;0.2;1.4;0.03;
sainsburys-pea-shoots-50g;Sainsbury's Pea Shoots 50g;£1.00/unit;£2.00/100g;Prepared & ready to eat;prepared-salad-herbs;34;4.0;1.8;0.5;0.9;0.2;1.4;0.03;
sainsburys-peach---apricot-balance-cereal-bars-x6-138g;Sainsbury's Peach & Apricot Balance Cereal Bars x6 138g;£1.60/unit;£1.16/100g;Biscuits & crackers;cereal-bars-breakfast-biscuits;370;3.6;78.6;28.7;3.8;2.2;3.3;0.40;
sainsburys-peach---apricot-balance-cereal-bars-x6-138g;Sainsbury's Peach & Apricot Balance Cereal Bars x6 138g;£1.60/unit;£1.16/100g;Breakfast cereals;breakfast-cereal-bars-breakfast-biscuits;370;3.6;78.6;28.7;3.8;2.2;3.3;0.40;
sainsburys-peach-dice-in-mango-jelly-120g;Sainsbury's Peach Dice In Mango Jelly 120g;£0.40/unit;£0.33/100g;Fruit & desserts;dessert-fruit;75;0.5;18.0;14.8;0.5;0.1;0.5;0.10;
sainsburys-peach-dice-in-mango-jelly-120g;Sainsbury's Peach Dice In Mango Jelly 120g;£0.40/unit;£0.33/100g;Fruit & desserts;jelly;75;0.5;18.0;14.8;0.5;0.1;0.5;0.10;
sainsburys-peach-dice-in-mango-jelly-120g;Sainsbury's Peach Dice In Mango Jelly 120g;£0.40/unit;£0.33/100g;Fruit & desserts;kids-lunchbox-fruit-desserts;75;0.5;18.0;14.8;0.5;0.1;0.5;0.10;
sainsburys-peach-dice-in-mango-jelly-480g;Sainsbury's Peach Dice In Mango Jelly 480g;£1.50/unit;£0.31/100g;Fruit & desserts;dessert-fruit;75;0.5;18.0;14.8;0.5;0.1;0.5;0.10;
sainsburys-peach-dice-in-mango-jelly-480g;Sainsbury's Peach Dice In Mango Jelly 480g;£1.50/unit;£0.31/100g;Fruit & desserts;jelly;75;0.5;18.0;14.8;0.5;0.1;0.5;0.10;
sainsburys-peach-halves-in-syrup-411g;Sainsbury's Peach Halves In Syrup 411g;£0.65/unit;£1.58/kg;Fruit & desserts;dessert-fruit;71;0.5;16;16;0.5;0.1;0.9;0.02;
sainsburys-peach-slices-in-fruit-juice-213g;Sainsbury's Peach Slices In Fruit Juice 213g;£0.55/unit;£2.58/kg;Canned, tinned & packaged foods;canned-tinned-packaged-fruit;48;0.5;11;11;0.5;0.1;0.9;0.03;
sainsburys-peach-slices-in-fruit-juice-213g;Sainsbury's Peach Slices In Fruit Juice 213g;£0.55/unit;£2.58/kg;Fruit & desserts;dessert-fruit;48;0.5;11;11;0.5;0.1;0.9;0.03;
sainsburys-peach-slices-in-fruit-juice-411g;Sainsbury's Peach Slices In Fruit Juice 411g;£0.65/unit;£1.58/kg;Canned, tinned & packaged foods;canned-tinned-packaged-fruit;48;0.5;11;11;0.5;0.1;0.9;0.01;
sainsburys-peach-slices-in-fruit-juice-411g;Sainsbury's Peach Slices In Fruit Juice 411g;£0.65/unit;£1.58/kg;Fruit & desserts;dessert-fruit;48;0.5;11;11;0.5;0.1;0.9;0.01;
sainsburys-peach-slices-in-light-syrup--basics-411g;Sainsbury's Peach Slices In Light Syrup, Basics 411g;£0.40/unit;£0.97/kg;Fruit & desserts;dessert-fruit;71;0.5;16.4;16.2;0.5;0.1;0.9;0.02;
sainsburys-peach-slices-in-light-syrup-411g;Sainsbury's Peach Slices In Light Syrup 411g;£0.65/unit;£1.58/kg;Fruit & desserts;dessert-fruit;71;0.5;16;16;0.5;0.1;0.9;0.02;
sainsburys-peach-slices-in-syrup-220g;Sainsbury's Peach Slices In Light Syrup 220g;£0.55/unit;£2.58/kg;Canned, tinned & packaged foods;canned-tinned-packaged-fruit;71;0.5;16.4;16.2;0.2;0;0.9;0;
sainsburys-peach-slices-in-syrup-220g;Sainsbury's Peach Slices In Light Syrup 220g;£0.55/unit;£2.58/kg;Fruit & desserts;dessert-fruit;71;0.5;16.4;16.2;0.2;0;0.9;0;
sainsburys-peaches-in-strawberry-jelly-120g;Sainsbury's Peaches in Strawberry Jelly 120g;£0.40/unit;£0.33/100g;Canned, tinned & packaged foods;canned-tinned-packaged-fruit;81;0.5;19.6;15.3;0.5;0.1;0.5;0.13;
sainsburys-peaches-in-strawberry-jelly-120g;Sainsbury's Peaches in Strawberry Jelly 120g;£0.40/unit;£0.33/100g;Fruit & desserts;dessert-fruit;81;0.5;19.6;15.3;0.5;0.1;0.5;0.13;
sainsburys-peaches-in-strawberry-jelly-120g;Sainsbury's Peaches in Strawberry Jelly 120g;£0.40/unit;£0.33/100g;Fruit & desserts;jelly;81;0.5;19.6;15.3;0.5;0.1;0.5;0.13;
sainsburys-peaches-in-strawberry-jelly-120g;Sainsbury's Peaches in Strawberry Jelly 120g;£0.40/unit;£0.33/100g;Fruit & desserts;kids-lunchbox-fruit-desserts;81;0.5;19.6;15.3;0.5;0.1;0.5;0.13;
sainsburys-peanut---salted-caramel-500ml;Sainsbury's Salted Peanut & Caramel Ice Cream 500ml;£2.50/unit;£0.50/100ml;Ice cream & desserts;ice-cream-tubs;260;6.0;25.7;18.3;14.5;6.2;1.5;0.36;
sainsburys-peanut-butter--crunchy-340g;Sainsbury's Peanut Butter Crunchy 340g;£1.30/unit;£0.38/100g;Jams, honey & spreads;peanut-butter;650;27.9;6.0;3.8;55.5;9.4;7.6;0.43;
sainsburys-peanut-butter--crunchy-700g;Sainsbury's Peanut Butter Crunchy 700g;£2.35/unit;£0.34/100g;Jams, honey & spreads;peanut-butter;650;27.9;6.0;3.8;55.5;9.4;7.6;0.43;
sainsburys-peanut-butter--smooth--be-good-to-yourself-340g;Sainsbury's Peanut Butter Smooth Be Good To Yourself 340g;£1.30/unit;£0.38/100g;Jams, honey & spreads;peanut-butter;546;18.2;40.3;4.6;33.7;4.7;4.4;0.37;
sainsburys-peanut-butter--smooth-340g;Sainsbury's Peanut Butter Smooth 340g;£1.30/unit;£0.38/100g;Jams, honey & spreads;peanut-butter;622;25.2;13.1;7.7;50.7;5.3;6.5;0.68;
sainsburys-peanut-butter--smooth-700g;Sainsbury's Peanut Butter Smooth 700g;£2.35/unit;£0.34/100g;Jams, honey & spreads;peanut-butter;622;25.2;13.1;7.7;50.7;5.3;6.5;0.68;
sainsburys-peanut-cookies-200g;Sainsbury's Peanut Cookies 200g;£0.85/unit;£0.43/100g;Biscuits & crackers;cookies;528;10.2;57.3;27.2;28.2;8.7;1.9;0.40;
sainsburys-peanut-cookies-200g;Sainsbury's Peanut Cookies 200g;£0.85/unit;£0.43/100g;Biscuits & crackers;everyday-biscuits-shortbread;528;10.2;57.3;27.2;28.2;8.7;1.9;0.40;
sainsburys-peanuts---raisins--basics-250g;Sainsbury's Peanuts & Raisins, Basics 250g;£1.40/unit;£0.56/100g;Sugar & home baking;dried-fruit---peel;442;15.8;40.5;37.6;23.2;4.4;4.1;0.08;
sainsburys-peanuts---raisins--basics-250g;Sainsbury's Peanuts & Raisins, Basics 250g;£1.40/unit;£0.56/100g;Sugar & home baking;nuts---seeds;442;15.8;40.5;37.6;23.2;4.4;4.1;0.08;
sainsburys-peanuts--raisins---milk-chocolate-chips-200g;Sainsbury's Peanuts, Raisins & Milk Chocolate Chips 200g;£1.20/unit;£0.60/100g;Crisps, nuts & snacking fruit;nuts;471;12.2;44.5;41.8;26.0;8.8;5.2;0.13;
sainsburys-peanuts--roasted---salted-200g;Sainsbury's Roasted & Salted Peanuts 200g;£1.00/unit;£0.50/100g;Crisps, nuts & snacking fruit;nuts;620;26.5;10.3;4.0;50.9;9.9;7.5;1.00;
sainsburys-peanuts-200g;Sainsbury's Peanuts 200g;£1.60/unit;£0.80/100g;Sugar & home baking;nuts---seeds;593;29.6;12.2;5.9;46.0;8.7;6.2;0.01;
sainsburys-pear-halves-in-fruit-juice-411g;Sainsbury's Pear Halves In Fruit Juice 411g;£0.80/unit;£1.95/kg;Canned, tinned & packaged foods;canned-tinned-packaged-fruit;38;0.5;8.5;8.5;0.5;0.1;1.4;0.01;
sainsburys-pear-halves-in-fruit-juice-411g;Sainsbury's Pear Halves In Fruit Juice 411g;£0.80/unit;£1.95/kg;Fruit & desserts;dessert-fruit;38;0.5;8.5;8.5;0.5;0.1;1.4;0.01;
sainsburys-pear-quarters--in-natural-juice-213g;Sainsbury's Pear Quarters, In Natural Juice 220g;£0.65/unit;£2.95/kg;Canned, tinned & packaged foods;canned-tinned-packaged-fruit;53;0.5;12.0;9.2;0.5;0.1;1.5;0.03;
sainsburys-pear-quarters--in-natural-juice-213g;Sainsbury's Pear Quarters, In Natural Juice 220g;£0.65/unit;£2.95/kg;Fruit & desserts;dessert-fruit;53;0.5;12.0;9.2;0.5;0.1;1.5;0.03;
sainsburys-pear-quarters-in-light-syrup-411g;Sainsbury's Pear Quarters In Light Syrup 411g;£0.80/unit;£1.95/kg;Fruit & desserts;dessert-fruit;67;0.5;16.0;14.2;0.5;0.1;1.1;0.01;
sainsburys-pearl-barley-500g;Sainsbury's Pearl Barley 500g;£0.55/unit;£1.10/kg;Canned, tinned & packaged foods;pulses-beans;131;2.7;27.6;1.0;0.6;0.2;2.0;0;
sainsburys-pears--basics-x3-%28minimum%29;Sainsbury's Pears, Basics x3 (minimum);£0.80/unit;£0.80/ea;Fresh fruit;apples-pears-rhubarb;40;0.5;10;10;0.5;0.1;2.2;0.5;
sainsburys-pears--ripe---ready-x4-%28minimum%29;Sainsbury's Pears, Ripe & Ready x4 (minimum);£2.00/unit;£2.00/ea;Fresh fruit;apples-pears-rhubarb;40;0.5;10.0;10.0;0.5;0.1;2.2;0.5;
sainsburys-pears--ripe---ready-x4-%28minimum%29;Sainsbury's Pears, Ripe & Ready x4 (minimum);£2.00/unit;£2.00/ea;Fresh fruit;ripe---ready;40;0.5;10.0;10.0;0.5;0.1;2.2;0.5;
sainsburys-pears--so-organic-x4-%28minimum%29;Sainsbury's Pears, SO Organic x4 (minimum);£2.50/unit;£2.50/ea;Fresh fruit;apples-pears-rhubarb;40;0.3;10;10;0.1;0.1;2.2;null;
sainsburys-pears--so-organic-x4-%28minimum%29;Sainsbury's Pears, SO Organic x4 (minimum);£2.50/unit;£2.50/ea;Organic;organic;40;0.3;10;10;0.1;0.1;2.2;null;
sainsburys-pears--taste-the-difference--x5-%28minimum%29;Sainsbury's Pears, Taste the Difference x4 (minimum);£2.00/unit;£2.00/ea;Fresh fruit;apples-pears-rhubarb;40;0.5;10.0;10.0;0.5;0.1;2.2;0.5;
sainsburys-pears--taste-the-difference--x5-%28minimum%29;Sainsbury's Pears, Taste the Difference x4 (minimum);£2.00/unit;£2.00/ea;Taste the Difference;taste-the-difference-185761-44;40;0.5;10.0;10.0;0.5;0.1;2.2;0.5;
sainsburys-pears-x4;Sainsbury's Pears x4;£1.80/unit;£1.80/ea;Fresh fruit;apples-pears-rhubarb;40;0.5;10;10;0.5;0.1;2.2;0.5;
sainsburys-peas--so-organic-750g;Sainsbury's Peas, SO Organic 750g;£2.20/unit;£2.93/kg;Fruit, vegetables & rice;frozen-vegetables;79;5.9;9.0;2.6;0.9;0.2;null;0.01;
sainsburys-pecan-loaf-cake--taste-the-difference;Sainsbury's Pecan Loaf Cake, Taste The Difference;£2.15/unit;£0.90/100g;Cakes;sponge-slab-loaf-cakes;449;5.4;52.2;30.1;24.0;4.0;1.5;0.37;
sainsburys-pecan-loaf-cake--taste-the-difference;Sainsbury's Pecan Loaf Cake, Taste The Difference;£2.15/unit;£0.90/100g;Cakes;taste-the-difference;449;5.4;52.2;30.1;24.0;4.0;1.5;0.37;
sainsburys-pecan-nuts-100g;Sainsbury's Pecan Nuts 100g;£1.90/unit;£1.90/100g;Sugar & home baking;nuts---seeds;706;10.9;5.5;4.1;70.1;5.7;4.7;0.01;
sainsburys-pecan-nuts-200g;Sainsbury's Pecan Nuts 200g;£3.30/unit;£1.65/100g;Sugar & home baking;nuts---seeds;706;10.9;5.5;4.1;70.1;5.7;4.7;0.01;
sainsburys-peeled-cherry-tomatoes--taste-the-difference-400g;Sainsbury's Peeled Cherry Tomatoes, Taste the Difference 400g;£0.80/unit;£2.00/kg;Canned, tinned & packaged foods;canned-tinned-packaged-tomatoes;25;1.6;3.1;2.0;0.5;0.1;1.5;0.03;
sainsburys-peeled-jersey-new-potatoes-in-water-300g;Sainsbury's Peeled Jersey New Potatoes in Water 300g (170g*);£0.70/unit;£4.12/kg;Canned, tinned & packaged foods;canned-tinned-packaged-vegetables;58;1.0;13.3;0.7;0.1;0;0.7;0;
sainsburys-peeled-new-potatoes-in-water-300g;Sainsbury's Peeled New Potatoes In Water 300g (195g*);£0.45/unit;£2.31/kg;Canned, tinned & packaged foods;canned-tinned-packaged-vegetables;49;1.2;10;0.5;0.5;0.2;1.7;0.03;
sainsburys-peeled-new-potatoes-in-water-560g;Sainsbury's Peeled New Potatoes In Water 560g (360g*);£0.60/unit;£1.67/kg;Canned, tinned & packaged foods;canned-tinned-packaged-vegetables;53;1.2;10;0.5;0.5;0.2;1.7;0.03;
sainsburys-peeled-new-potatoes-in-water-820g;Sainsbury's Peeled New Potatoes in Water 800g (530g*);£0.80/unit;£1.51/kg;Canned, tinned & packaged foods;canned-tinned-packaged-vegetables;53;1.2;10;0.5;0.5;0.2;1.7;0.03;
sainsburys-peeled-plum-tomatoes--basics-400g;Sainsbury's Peeled Plum Tomatoes, Basics 400g;£0.35/unit;£0.88/kg;Canned, tinned & packaged foods;canned-tinned-packaged-tomatoes;22;1.0;4.0;3.8;0.5;0.1;0.8;0.10;
sainsburys-peeled-prawns--taste-the-difference-220g;Sainsbury's Peeled Prawns, Taste the Difference 220g;£4.00/unit;£1.82/100g;Cooked meats & snacking;mfp-cooked-fish-seafood;61;14.1;0.5;0.5;0.5;0.1;0.5;1.40;
sainsburys-peeled-prawns--taste-the-difference-220g;Sainsbury's Peeled Prawns, Taste the Difference 220g;£4.00/unit;£1.82/100g;Cooked meats & snacking;mfp-cooked-meats-snacking-taste-the-difference;61;14.1;0.5;0.5;0.5;0.1;0.5;1.40;
sainsburys-peeled-prawns--taste-the-difference-220g;Sainsbury's Peeled Prawns, Taste the Difference 220g;£4.00/unit;£1.82/100g;Cooked meats, pate & sandwich fillers;cooked-fish-seafood;61;14.1;0.5;0.5;0.5;0.1;0.5;1.40;
sainsburys-peeled-prawns--taste-the-difference-220g;Sainsbury's Peeled Prawns, Taste the Difference 220g;£4.00/unit;£1.82/100g;Cooked meats, pate & sandwich fillers;cooked-meats-taste-the-difference;61;14.1;0.5;0.5;0.5;0.1;0.5;1.40;
sainsburys-peeled-prawns--taste-the-difference-220g;Sainsbury's Peeled Prawns, Taste the Difference 220g;£4.00/unit;£1.82/100g;Fish & seafood;canapes-snacking;61;14.1;0.5;0.5;0.5;0.1;0.5;1.40;
sainsburys-peeled-prawns--taste-the-difference-220g;Sainsbury's Peeled Prawns, Taste the Difference 220g;£4.00/unit;£1.82/100g;Fish & seafood;prawns-shellfish;61;14.1;0.5;0.5;0.5;0.1;0.5;1.40;
sainsburys-peeled-prawns--taste-the-difference-220g;Sainsbury's Peeled Prawns, Taste the Difference 220g;£4.00/unit;£1.82/100g;Organic & Taste the Difference;organic-taste-the-difference;61;14.1;0.5;0.5;0.5;0.1;0.5;1.40;
sainsburys-peking-lemon-cooking-sauce-500g;Sainsbury's Peking Lemon Cooking Sauce 500g;£1.29/unit;£0.26/100g;Cooking sauces & world foods;chinese-cooking-sauces;93;0.1;21.2;20.4;0.6;0.2;1.1;0.73;
sainsburys-penne--organic-500g;Sainsbury's Penne, SO Organic 500g;£1.05/unit;£2.10/kg;Rice, pasta & noodles;pasta;160;4.4;33.6;0.6;0.6;0.1;1.4;0.01;
sainsburys-penne-3kg;Sainsbury's Penne 3kg;£3.40/unit;£1.13/kg;Rice, pasta & noodles;pasta;160;4.4;33.6;0.6;0.6;0.1;1.4;0.01;
sainsburys-penne-bolognese-bake-430g;Sainsbury's Penne Bolognese Bake 430g;£1.50/unit;£3.49/kg;Ready meals;italian-ready-meals;158;7.7;10.4;2.7;7.9;3.6;7.3;0.53;
sainsburys-penne-bolognese-bake-430g;Sainsbury's Penne Bolognese Bake 430g;£1.50/unit;£3.49/kg;Ready meals;meals-for-1-ready-meals;158;7.7;10.4;2.7;7.9;3.6;7.3;0.53;
sainsburys-penne-rigate--italian-1kg;Sainsbury's Penne 1kg;£1.20/unit;£1.20/kg;Rice, pasta & noodles;pasta;160;4.4;33.6;0.6;0.6;0.1;1.4;0.01;
sainsburys-penne-rigate--italian-500g;Sainsbury's Penne Rigate 500g;£0.85/unit;£1.70/kg;Rice, pasta & noodles;pasta;160;4.4;33.6;0.6;0.6;0.1;1.4;0.01;
sainsburys-penne-rigate--taste-the-difference-500g;Sainsbury's Penne Rigate, Taste the Difference 500g;£1.25/unit;£2.50/kg;Rice, pasta & noodles;pasta;172;6.3;34.0;0.7;0.9;0.2;1.6;0.01;
sainsburys-pennoni-pasta--taste-the-difference-250g;Sainsbury's Pennoni Pasta, Taste the Difference 250g;£1.50/unit;£6.00/kg;Pizza, pasta & garlic bread;fresh-pasta-sauces;228;7.6;42.4;0.8;2.5;0.6;2.7;0.04;
sainsburys-pennoni-pasta--taste-the-difference-250g;Sainsbury's Pennoni Pasta, Taste the Difference 250g;£1.50/unit;£6.00/kg;Vegetarian & meat free;vegetarian-meat-free-pizza-pasta;228;7.6;42.4;0.8;2.5;0.6;2.7;0.04;
sainsburys-pepared-butternut-squash---sweet-potato-300g;Sainsbury's Prepared Butternut Squash & Sweet Potato 300g;£1.50/unit;£5.00/kg;Fresh vegetables;courgette-aubergine-squash;66;1.2;13.7;4.9;0.2;0.1;2.3;0;
sainsburys-pepared-butternut-squash---sweet-potato-300g;Sainsbury's Prepared Butternut Squash & Sweet Potato 300g;£1.50/unit;£5.00/kg;Prepared & ready to eat;prepared-vegetables;66;1.2;13.7;4.9;0.2;0.1;2.3;0;
sainsburys-peppercorn-crisps--taste-the-difference-150g;Sainsbury's Peppercorn Crisps, Taste the Difference 150g;£1.50/unit;£1.00/100g;Crisps, nuts & snacking fruit;crisps;509;8.3;50.9;1.1;29.2;3.2;5.0;1.30;
sainsburys-peppercorn-sauce-150g;Sainsbury's Peppercorn Sauce 150g;£1.50/unit;£1.00/100g;Just Cook, prepared & sauces;stock---gravy;103;3.2;3.6;1.0;8.2;5.2;1.2;0.75;
sainsburys-peppercorn-steak-sauce-150g;Sainsbury's Peppercorn Steak Sauce 150g;£1.20/unit;£0.80/100g;Table sauces, dressings & condiments;tomato-ketchup-brown-bbq-other-sauces;105;1.0;6.3;1.5;8.2;5.3;0.9;0.79;
sainsburys-pepperoni--basics-60g;Sainsbury's Pepperoni, Basics 60g;£1.00/unit;£1.67/100g;Cooked meats & snacking;mfp-continental-meats;453;22.0;1.0;0.5;40.0;18.0;0.6;5.00;
sainsburys-pepperoni--basics-60g;Sainsbury's Pepperoni, Basics 60g;£1.00/unit;£1.67/100g;Cooked meats, pate & sandwich fillers;continental-meats;453;22.0;1.0;0.5;40.0;18.0;0.6;5.00;
sainsburys-pepperoni-pizza--freefrom-280g;Sainsbury's Freefrom Pepperoni Pizza 280g;£3.50/unit;£12.50/kg;Freefrom;frozen-freefrom;341;7.9;39.1;3.9;16.1;6.1;4.4;1.68;
sainsburys-pepperoni-pizza--freefrom-280g;Sainsbury's Freefrom Pepperoni Pizza 280g;£3.50/unit;£12.50/kg;Pizza & garlic bread;frozen-pizza-garlic-bread;341;7.9;39.1;3.9;16.1;6.1;4.4;1.68;
sainsburys-pepperoni-pizza-slice-180g;Sainsbury's Pepperoni Pizza Slice 180g;£1.00/unit;£0.56/100g;Pies, pasties & quiche;sausage-rolls-savouries;267;7.0;27.6;2.5;13.9;6.1;1.6;0.53;
sainsburys-pepperoni-pizza-slice-180g;Sainsbury's Pepperoni Pizza Slice 180g;£1.00/unit;£0.56/100g;Pies, pasties & quiche;slices-pasties;267;7.0;27.6;2.5;13.9;6.1;1.6;0.53;
sainsburys-pepperoni-pizza-slice-180g;Sainsbury's Pepperoni Pizza Slice 180g;£1.00/unit;£0.56/100g;Soup & lunchtime snacks;lunchtime-snacks;267;7.0;27.6;2.5;13.9;6.1;1.6;0.53;
sainsburys-pepperoni-sampling-pack-42g;Sainsbury's Pepperoni Sampling Pack 42g;£1.00/unit;£2.38/100g;Cooked meats & snacking;mfp-continental-meats;368;26.4;1.0;0.5;28.7;10.4;0.5;4.63;
sainsburys-pepperoni-sampling-pack-42g;Sainsbury's Pepperoni Sampling Pack 42g;£1.00/unit;£2.38/100g;Cooked meats & snacking;mfp-snacking-cooked-sausage;368;26.4;1.0;0.5;28.7;10.4;0.5;4.63;
sainsburys-pepperoni-sampling-pack-42g;Sainsbury's Pepperoni Sampling Pack 42g;£1.00/unit;£2.38/100g;Cooked meats, pate & sandwich fillers;continental-meats;368;26.4;1.0;0.5;28.7;10.4;0.5;4.63;
sainsburys-pepperoni-sampling-pack-42g;Sainsbury's Pepperoni Sampling Pack 42g;£1.00/unit;£2.38/100g;Cooked meats, pate & sandwich fillers;snacking-cooked-sausage;368;26.4;1.0;0.5;28.7;10.4;0.5;4.63;
sainsburys-peppers--basics-600g-%28colours-may-vary%29;Sainsbury's Peppers, Basics 600g (colours may vary);£1.00/unit;£1.67/kg;Fresh salad;peppers;19;0.8;2.5;2.3;0.5;0.1;null;0.01;
sainsburys-peppers--basics-600g-%28colours-may-vary%29;Sainsbury's Peppers, Basics 600g (colours may vary);£1.00/unit;£1.67/kg;Fresh vegetables;peppers-salad-vegetables;19;0.8;2.5;2.3;0.5;0.1;null;0.01;
sainsburys-peri-peri-sauce-155g;Sainsbury's Peri Peri Sauce 155g;£1.20/unit;£0.77/100g;Table sauces, dressings & condiments;marinades-glazes;52;0.8;4.2;2.7;3.1;0.2;1.6;2.13;
sainsburys-peri-peri-sauce-155g;Sainsbury's Peri Peri Sauce 155g;£1.20/unit;£0.77/100g;Table sauces, dressings & condiments;tomato-ketchup-brown-bbq-other-sauces;52;0.8;4.2;2.7;3.1;0.2;1.6;2.13;
sainsburys-peruvian-dark-chocolate--taste-the-difference-100g;Sainsbury's Peruvian Dark Chocolate, Taste the Difference 100g;£1.40/unit;£1.40/100g;Confectionery;chocolate;547;8.4;31.9;26.9;40.2;25.3;12.2;0.02;
sainsburys-peruvian-dark-chocolate--taste-the-difference-100g;Sainsbury's Peruvian Dark Chocolate, Taste the Difference 100g;£1.40/unit;£1.40/100g;Confectionery;premium-chocolate;547;8.4;31.9;26.9;40.2;25.3;12.2;0.02;
sainsburys-peshwari-naan--taste-the-difference-x2;Sainsbury's Peshwari Naan, Taste the Difference x2;£1.70/unit;£0.85/ea;Naan, ciabatta & breads of the world;naan-ciabatta-breads-of-the-world;293;6.4;46.2;9.2;8.6;4.4;2.9;0.78;
sainsburys-peshwari-naan-160g;Sainsbury's Peshwari Naan 160g;£0.75/unit;£0.47/100g;Ready meals;indian-ready-meals;301;7.1;47.3;11.2;8.6;3.8;3.1;0.50;
sainsburys-peshwari-naan-160g;Sainsbury's Peshwari Naan 160g;£0.75/unit;£0.47/100g;Vegetarian & meat free;vegetarian-meat-free-ready-meals;301;7.1;47.3;11.2;8.6;3.8;3.1;0.50;
sainsburys-peshwari-naan-x2-260g;Sainsbury's Peshwari Naan x2 260g;£1.15/unit;£0.44/100g;Cooking sauces & world foods;indian-cooking-sauces;301;6.5;50.2;8.8;7.4;2.5;3.7;1.21;
sainsburys-pesto---parmesan-pasta--taste-the-difference-175g;Sainsbury's Pesto & Parmesan Pasta, Taste The Difference 175g;£2.00/unit;£1.14/100g;Coleslaw, olives, salads & dips;coleslaw-salads;237;6.2;22.3;0.5;13.3;4.3;1.5;0.93;
sainsburys-pesto---parmesan-pasta--taste-the-difference-175g;Sainsbury's Pesto & Parmesan Pasta, Taste The Difference 175g;£2.00/unit;£1.14/100g;Fresh salad;dressings-coleslaw-accompaniments;237;6.2;22.3;0.5;13.3;4.3;1.5;0.93;
sainsburys-pesto---parmesan-pasta--taste-the-difference-175g;Sainsbury's Pesto & Parmesan Pasta, Taste The Difference 175g;£2.00/unit;£1.14/100g;Prepared & ready to eat;prepared-salad-herbs;237;6.2;22.3;0.5;13.3;4.3;1.5;0.93;
sainsburys-pesto---parmesan-pasta--taste-the-difference-175g;Sainsbury's Pesto & Parmesan Pasta, Taste The Difference 175g;£2.00/unit;£1.14/100g;Soup & lunchtime snacks;lunchtime-snacks;237;6.2;22.3;0.5;13.3;4.3;1.5;0.93;
sainsburys-pesto--red-190g;Sainsbury's Pesto, Red 190g;£1.00/unit;£0.53/100g;Cooking sauces & world foods;italian-cooking-sauces;327;4.6;5.0;3.4;31.4;4.4;3.1;1.50;
sainsburys-pesto-alla-genovese--taste-the-difference-190g;Sainsbury's Pesto Alla Genovese, Taste the Difference 190g;£2.00/unit;£1.05/100g;Cooking sauces & world foods;italian-cooking-sauces;406;5.2;1.6;0.5;41.8;8.5;1.3;2.00;
sainsburys-petit-pois---baby-carrots-400g;Sainsbury's Petit Pois & Baby Carrots 400g;£0.80/unit;£2.00/kg;Canned, tinned & packaged foods;canned-tinned-packaged-vegetables;34;2.2;4.5;2.7;0.5;0.1;2.4;0.03;
sainsburys-petit-pont-l-eveque--taste-the-difference-220g;Sainsbury's Petit Pont L' Eveque, Taste the Difference 220g;£3.00/unit;£13.64/kg;Cheese;cheeseboard-delights;284;21.0;0.5;0.5;22.0;16.4;0.5;1.70;
sainsburys-petit-pont-l-eveque--taste-the-difference-220g;Sainsbury's Petit Pont L' Eveque, Taste the Difference 220g;£3.00/unit;£13.64/kg;Cheese;organic-taste-the-difference-cheese;284;21.0;0.5;0.5;22.0;16.4;0.5;1.70;
sainsburys-petite-cases-x100;Sainsbury's Petite Cases x100;£1.00/unit;£0.01/unit;Sugar & home baking;cake-cases---baking-accessories;null;null;null;null;null;null;null;null;
sainsburys-petits-pain-x12;Sainsbury's Petits Pain x12;£1.80/unit;£0.15/ea;Croissants, brioche & pastries;croissants-brioche-pastries;285;8.5;58.8;3.8;1.1;0.2;2.9;1.09;
sainsburys-petits-pois---dry-cured-ham-soup--taste-the-difference-600g;Sainsbury's Petits Pois & Ham Soup, Taste the Difference 600g;£2.00/unit;£0.33/100g;Soup & lunchtime snacks;fresh-soups;64;4.1;5.4;2.8;2.4;1.4;2.4;0.40;
sainsburys-petits-pois-in-water-410g;Sainsbury's Petits Pois In Water 400g (280g*);£0.50/unit;£1.79/kg;Canned, tinned & packaged foods;canned-tinned-packaged-vegetables;56;4.8;5.2;1.7;0.6;0.1;5.6;0.01;
sainsburys-physalis-100g;Sainsbury's Physalis 100g;£1.25/unit;£12.50/kg;Fresh fruit;mango-exotic-fruit-dates-nuts;56;1.8;12.2;12.2;null;null;null;null;
sainsburys-piave-vecchio-oro--taste-the-difference-180g;Sainsbury's Piave Vecchio Oro, Taste the Difference 180g;£3.00/unit;£16.67/kg;Cheese;organic-taste-the-difference-cheese;464;30.0;0.5;0.5;37.6;25.9;0.5;2.03;
sainsburys-piccalilli--taste-the-difference-260g;Sainsbury's Piccalilli, Taste the Difference 245g;£1.80/unit;£0.73/100g;Table sauces, dressings & condiments;chutney-pickle-relishes;64;0.5;13.8;9.5;0.8;0.2;0.5;1.00;
sainsburys-piccalilli-290g;Sainsbury's Piccalilli 290g;£0.95/unit;£0.33/100g;Table sauces, dressings & condiments;chutney-pickle-relishes;76;0.7;16.2;13.2;0.7;0.1;1.0;1.17;
sainsburys-piccalilli-290g;Sainsbury's Piccalilli 290g;£0.95/unit;£0.33/100g;Vinegar, pickles, olives & antipasti;chutneys-pickle-relishes;76;0.7;16.2;13.2;0.7;0.1;1.0;1.17;
sainsburys-piccante-gorgonzola--taste-the-difference-200g;Sainsbury's Piccante Gorgonzola, Taste the Difference 200g;£2.00/unit;£10.00/kg;Cheese;cheeseboard-delights;349;21.5;1.0;0.5;28.7;20.0;0.5;2.93;
sainsburys-piccante-gorgonzola--taste-the-difference-200g;Sainsbury's Piccante Gorgonzola, Taste the Difference 200g;£2.00/unit;£10.00/kg;Cheese;organic-taste-the-difference-cheese;349;21.5;1.0;0.5;28.7;20.0;0.5;2.93;
sainsburys-pickled-beetroot--shredded-in-sweet-vinegar-340g;Sainsbury's Pickled Beetroot, Shredded in Sweet Vinegar 340g (200g*);£0.75/unit;£0.38/100g;Vinegar, pickles, olives & antipasti;beetroot;57;1.1;11.4;11.0;0.5;0.1;1.3;0.35;
sainsburys-pickled-beetroot--shredded-in-sweet-vinegar-340g;Sainsbury's Pickled Beetroot, Shredded in Sweet Vinegar 340g (200g*);£0.75/unit;£0.38/100g;Vinegar, pickles, olives & antipasti;pickled-food;57;1.1;11.4;11.0;0.5;0.1;1.3;0.35;
sainsburys-pickled-beetroot--sliced--sweet-710g;Sainsbury's Pickled Beetroot, Sliced Sweet 710g (415g*);£1.25/unit;£0.30/100g;Vinegar, pickles, olives & antipasti;beetroot;57;1.1;11.4;11.0;0.5;0.1;1.3;0.35;
sainsburys-pickled-beetroot--sliced--sweet-710g;Sainsbury's Pickled Beetroot, Sliced Sweet 710g (415g*);£1.25/unit;£0.30/100g;Vinegar, pickles, olives & antipasti;pickled-food;57;1.1;11.4;11.0;0.5;0.1;1.3;0.35;
sainsburys-pickled-beetroot--sliced-710g;Sainsbury's Pickled Beetroot, Sliced 710g (415g*);£1.25/unit;£0.30/100g;Vinegar, pickles, olives & antipasti;beetroot;38;1.1;6.1;5.7;0.5;0.1;1.2;0.75;
sainsburys-pickled-beetroot--sliced-710g;Sainsbury's Pickled Beetroot, Sliced 710g (415g*);£1.25/unit;£0.30/100g;Vinegar, pickles, olives & antipasti;pickled-food;38;1.1;6.1;5.7;0.5;0.1;1.2;0.75;
sainsburys-pickled-beetroot--sweet-whole-baby-710g;Sainsbury's Pickled Beetroot, Whole Baby In Sweet Vinegar 710g (415g*);£1.25/unit;£0.30/100g;Vinegar, pickles, olives & antipasti;beetroot;57;1.1;11.4;11.0;0.5;0.1;1.3;0.35;
sainsburys-pickled-beetroot--sweet-whole-baby-710g;Sainsbury's Pickled Beetroot, Whole Baby In Sweet Vinegar 710g (415g*);£1.25/unit;£0.30/100g;Vinegar, pickles, olives & antipasti;pickled-food;57;1.1;11.4;11.0;0.5;0.1;1.3;0.35;
sainsburys-pickled-beetroot--whole-baby-in-sweet-vinegar-340g;Sainsbury's Pickled Beetroot, Whole Baby in Sweet Vinegar 340g (200g*);£0.75/unit;£0.38/100g;Vinegar, pickles, olives & antipasti;beetroot;57;1.1;11.4;11.0;0.5;0.1;1.3;0.35;
sainsburys-pickled-beetroot--whole-baby-in-sweet-vinegar-340g;Sainsbury's Pickled Beetroot, Whole Baby in Sweet Vinegar 340g (200g*);£0.75/unit;£0.38/100g;Vinegar, pickles, olives & antipasti;pickled-food;57;1.1;11.4;11.0;0.5;0.1;1.3;0.35;
sainsburys-pickled-beetroot-in-sweet-vinegar--sliced-340g;Sainsbury's Pickled Beetroot, Sliced In Sweet Vinegar 340g (200g*);£0.75/unit;£0.38/100g;Vinegar, pickles, olives & antipasti;beetroot;57;1.1;11.4;11.0;0.5;0.1;1.3;0.35;
sainsburys-pickled-beetroot-in-sweet-vinegar--sliced-340g;Sainsbury's Pickled Beetroot, Sliced In Sweet Vinegar 340g (200g*);£0.75/unit;£0.38/100g;Vinegar, pickles, olives & antipasti;pickled-food;57;1.1;11.4;11.0;0.5;0.1;1.3;0.35;
sainsburys-pickled-gherkins--in-sweet-vinegar-1kg;Sainsbury's Pickled Gherkins in Sweet Vinegar 1kg (570g*);£1.50/unit;£0.26/100g;Vinegar, pickles, olives & antipasti;pickled-food;26;0.5;5.6;5.5;0.5;0.1;0.5;1.17;
sainsburys-pickled-gherkins-340g;Sainsbury's Pickled Gherkins 340g (180g*);£0.90/unit;£0.50/100g;Vinegar, pickles, olives & antipasti;pickled-food;8;0.5;1.2;1.1;0.5;0.1;0.5;2.42;
sainsburys-pickled-gherkins-in-sour-vinegar-675g;Sainsbury's Pickled Gherkins in Sour Vinegar 675g (360g*);£1.00/unit;£0.28/100g;Vinegar, pickles, olives & antipasti;pickled-food;8;0.5;1.2;1.1;0.5;0.1;0.5;2.42;
sainsburys-pickled-gherkins-in-sweet-vinegar-675g;Sainsbury's Pickled Gherkins in Sweet Vinegar 675g (360g*);£1.00/unit;£0.28/100g;Vinegar, pickles, olives & antipasti;pickled-food;26;0.5;5.6;5.5;0.5;0.1;0.5;1.17;
sainsburys-pickled-onions-440g;Sainsbury's Pickled Onions 440g (225g*);£0.90/unit;£0.39/100g;Vinegar, pickles, olives & antipasti;pickled-food;44;1.2;8.8;8.0;0.5;0.1;1.2;0.68;
sainsburys-pickled-onions-in-vinegar-1kg;Sainsbury's Pickled Onions in Vinegar 1kg (520g*);£1.50/unit;£0.27/100g;Vinegar, pickles, olives & antipasti;pickled-food;38;0.9;7.2;6.9;0.5;0.1;1.7;0.72;
sainsburys-pickled-onions-in-vinegar-710g;Sainsbury's Pickled Onions In Vinegar 710g (360g*);£1.45/unit;£0.40/100g;Vinegar, pickles, olives & antipasti;pickled-food;38;0.9;7.2;6.9;0.5;0.1;1.7;0.72;
sainsburys-pickled-onions-vinegar-440g;Sainsbury's Pickled Onions in Vinegar 440g (230g*);£0.90/unit;£0.39/100g;Vinegar, pickles, olives & antipasti;pickled-food;38;0.9;7.2;6.9;0.5;0.1;1.7;0.72;
sainsburys-pickled-shallots-in-malt-vinegar-440g;Sainsbury's Pickled Shallots in Malt Vinegar 440g (235g*);£1.50/unit;£0.68/100g;Vinegar, pickles, olives & antipasti;pickled-food;65;1.5;13.3;11.1;0.5;0.1;2.2;0.98;
sainsburys-pickling-spice-30g;Sainsbury's Pickling Spice 30g;£1.00/unit;£0.33/10g;Cooking ingredients & oils;herbs-spices-seasoning;372;14.1;11.6;1.5;21.0;1.5;null;0.09;
sainsburys-piel-de-sapo-melon-%28each%29;Sainsbury's Piel De Sapo Melon (each);£2.25/unit;£2.25/ea;Fresh fruit;melon-pineapple-kiwi;null;null;null;null;null;null;null;null;
sainsburys-pilau-rice-250g;Sainsbury's Pilau Rice 250g;£1.25/unit;£5.00/kg;Ready meals;indian-ready-meals;168;3.4;32.7;0.5;2.0;0.2;2.7;0.39;
sainsburys-pilau-rice-250g;Sainsbury's Pilau Rice 250g;£1.25/unit;£5.00/kg;Vegetarian & meat free;vegetarian-meat-free-ready-meals;168;3.4;32.7;0.5;2.0;0.2;2.7;0.39;
sainsburys-pimento-olives-with-black-pepper-280g;Sainsbury's Pimento Olives With Black Pepper 280g;£3.50/unit;£1.25/100g;Coleslaw, olives, salads & dips;olives-tapas-antipasti;153;1.0;0.5;0.5;15.7;2.6;3.6;2.97;
sainsburys-pimento-olives-with-black-pepper-280g;Sainsbury's Pimento Olives With Black Pepper 280g;£3.50/unit;£1.25/100g;Vegetarian & meat free;deli-meat-alternatives;153;1.0;0.5;0.5;15.7;2.6;3.6;2.97;
sainsburys-pimento-stuffed-olive-manchego-135g;Sainsbury's Pimento Stuffed Olive & Manchego 135g;£2.30/unit;£1.70/100g;Coleslaw, olives, salads & dips;olives-tapas-antipasti;408;21.5;0.7;0.5;35.5;22.8;0.5;1.35;
sainsburys-pimento-stuffed-olive-with-garlic---parsley-120g;Sainsbury's Pimento Stuffed Olive With Garlic & Parsley 120g;£1.80/unit;£1.50/100g;Coleslaw, olives, salads & dips;olives-tapas-antipasti;163;1.5;0.5;0.5;16.7;2.6;2.9;3.13;
sainsburys-pimento-stuffed-olive-with-garlic---parsley-120g;Sainsbury's Pimento Stuffed Olive With Garlic & Parsley 120g;£1.80/unit;£1.50/100g;Vegetarian & meat free;deli-meat-alternatives;163;1.5;0.5;0.5;16.7;2.6;2.9;3.13;
sainsburys-pine-nuts-100g;Sainsbury's Pine Nuts 100g;£2.75/unit;£2.75/100g;Sugar & home baking;nuts---seeds;702;16.5;3.8;3.7;68.6;4.6;1.9;0.01;
sainsburys-pineapple--banana---coconut-smoothie-1l-7721146-p-44;Sainsbury's Pineapple, Banana & Coconut Smoothie 1L;£2.00/unit;£0.20/100ml;Chilled fruit juice & smoothies;chilled-smoothies;72;0.7;13.0;12.1;1.7;1.2;0.8;0.01;
sainsburys-pineapple--large-%28each%29;Sainsbury's Pineapple, Large (each);£1.00/unit;£1.00/ea;Fresh fruit;melon-pineapple-kiwi;46;0.4;10.1;10.1;0.2;0;1.2;0;
sainsburys-pineapple--mango---passionfruit-1l;Sainsbury's Pineapple, Mango & Passionfruit Juice Drink 1L;£1.00/unit;£0.10/100ml;Chilled fruit juice & smoothies;chilled-fruit-juice;37;0.1;8.6;8.6;0;0;0.2;0;
sainsburys-pineapple--medium-%28each%29;Sainsbury's Pineapple, Medium (each);£0.90/unit;£0.90/ea;Fresh fruit;melon-pineapple-kiwi;40;0.4;10.1;10.1;0.2;0.0;1.2;null;
sainsburys-pineapple--melon--apple---grape-120g;Sainsbury's Pineapple, Melon, Apple & Grape 120g;£1.00/unit;£8.33/kg;Fresh fruit;apples-pears-rhubarb;44;0.5;9.5;9.5;0.5;0.1;1.4;0.01;
sainsburys-pineapple--melon--apple---grape-120g;Sainsbury's Pineapple, Melon, Apple & Grape 120g;£1.00/unit;£8.33/kg;Fresh fruit;bananas-grapes;44;0.5;9.5;9.5;0.5;0.1;1.4;0.01;
sainsburys-pineapple--melon--apple---grape-120g;Sainsbury's Pineapple, Melon, Apple & Grape 120g;£1.00/unit;£8.33/kg;Fresh fruit;melon-pineapple-kiwi;44;0.5;9.5;9.5;0.5;0.1;1.4;0.01;
sainsburys-pineapple--melon--apple---grape-120g;Sainsbury's Pineapple, Melon, Apple & Grape 120g;£1.00/unit;£8.33/kg;Prepared & ready to eat;prepared-fruit;44;0.5;9.5;9.5;0.5;0.1;1.4;0.01;
sainsburys-pineapple--pear---kiwi-smoothie-1l;Sainsbury's Pineapple, Pear & Kiwi Smoothie 1L;£2.00/unit;£0.20/100ml;Chilled fruit juice & smoothies;chilled-smoothies;51;0.5;11.5;11.0;0.5;0.1;1.1;0.01;
sainsburys-pineapple--strawberry---cantaloupe-240g;Sainsbury's Pineapple, Strawberry & Cantaloupe 240g;£2.00/unit;£8.33/kg;Fresh fruit;melon-pineapple-kiwi;33;0.6;6.8;6.8;0.5;0.1;1.4;0.01;
sainsburys-pineapple--strawberry---cantaloupe-240g;Sainsbury's Pineapple, Strawberry & Cantaloupe 240g;£2.00/unit;£8.33/kg;Prepared & ready to eat;prepared-fruit;33;0.6;6.8;6.8;0.5;0.1;1.4;0.01;
sainsburys-pineapple-chunks-in-fruit-juice-432g;Sainsbury's Pineapple Chunks In Fruit Juice 425g;£0.65/unit;£1.53/kg;Fruit & desserts;dessert-fruit;55;0.5;14;11;0.5;0.1;0.5;0.02;
sainsburys-pineapple-cottage-cheese-300g;Sainsbury's Cottage Cheese, Pineapple 300g;£1.40/unit;£4.67/kg;Cheese;cottage-cheese---healthier-choice;115;7.9;11.0;11.0;4.2;2.6;0.7;0.40;
sainsburys-pineapple-cottage-cheese-300g;Sainsbury's Cottage Cheese, Pineapple 300g;£1.40/unit;£4.67/kg;Cheese;healthier-choice-special-diet-cheese;115;7.9;11.0;11.0;4.2;2.6;0.7;0.40;
sainsburys-pineapple-juice-1l-9935-p-44;Sainsbury's Pineapple Juice 1L;£1.00/unit;£0.10/100ml;Chilled fruit juice & smoothies;chilled-fruit-juice;48;0.5;11.0;11.0;0.5;0.1;0.5;0.03;
sainsburys-pineapple-pieces-190g;Sainsbury's Pineapple Pieces 190g;£1.00/unit;£5.26/kg;Fresh fruit;melon-pineapple-kiwi;45;0.5;9.8;9.8;0.5;0.1;1.2;0.01;
sainsburys-pineapple-pieces-190g;Sainsbury's Pineapple Pieces 190g;£1.00/unit;£5.26/kg;Prepared & ready to eat;prepared-fruit;45;0.5;9.8;9.8;0.5;0.1;1.2;0.01;
sainsburys-pineapple-pieces-400g;Sainsbury's Pineapple Pieces 400g;£2.00/unit;£5.00/kg;Fresh fruit;melon-pineapple-kiwi;58;0.5;13.1;9.9;0.5;0.1;1.4;0.01;
sainsburys-pineapple-pieces-400g;Sainsbury's Pineapple Pieces 400g;£2.00/unit;£5.00/kg;Prepared & ready to eat;prepared-fruit;58;0.5;13.1;9.9;0.5;0.1;1.4;0.01;
sainsburys-pineapple-pieces-in-juice--basics-227g;Sainsbury's Pineapple Pieces In Juice, Basics 230g;£0.40/unit;£1.74/kg;Canned, tinned & packaged foods;canned-tinned-packaged-fruit;55;0.5;14;11;0.5;0.1;0.5;0.02;
sainsburys-pineapple-pieces-in-juice--basics-227g;Sainsbury's Pineapple Pieces In Juice, Basics 230g;£0.40/unit;£1.74/kg;Fruit & desserts;dessert-fruit;55;0.5;14;11;0.5;0.1;0.5;0.02;
sainsburys-pineapple-pieces-in-natural-juice-227g;Sainsbury's Pineapple Pieces In Natural Juice 230g;£0.55/unit;£2.39/kg;Canned, tinned & packaged foods;canned-tinned-packaged-fruit;55;0.5;14;11;0.5;0.1;0.5;0.02;
sainsburys-pineapple-pieces-in-natural-juice-227g;Sainsbury's Pineapple Pieces In Natural Juice 230g;£0.55/unit;£2.39/kg;Fruit & desserts;dessert-fruit;55;0.5;14;11;0.5;0.1;0.5;0.02;
sainsburys-pineapple-pieces-in-natural-juice-432g;Sainsbury's Pineapple Pieces In Natural Juice 425g;£0.65/unit;£1.53/kg;Canned, tinned & packaged foods;canned-tinned-packaged-fruit;55;0.5;14;11;0.5;0.1;0.5;0.02;
sainsburys-pineapple-pieces-in-natural-juice-432g;Sainsbury's Pineapple Pieces In Natural Juice 425g;£0.65/unit;£1.53/kg;Fruit & desserts;dessert-fruit;55;0.5;14;11;0.5;0.1;0.5;0.02;
sainsburys-pineapple-pieces-in-pineapple-jelly-480g;Sainsbury's Pineapple Pieces In Pineapple Jelly 480g;£1.50/unit;£0.31/100g;Fruit & desserts;dessert-fruit;72;0.5;17.4;13.4;0.5;0.1;0.5;0.10;
sainsburys-pineapple-pieces-in-pineapple-jelly-480g;Sainsbury's Pineapple Pieces In Pineapple Jelly 480g;£1.50/unit;£0.31/100g;Fruit & desserts;jelly;72;0.5;17.4;13.4;0.5;0.1;0.5;0.10;
sainsburys-pineapple-pieces-in-pineapple-jely-120g;Sainsbury's Pineapple Pieces In Pineapple Jely 120g;£0.40/unit;£0.33/100g;Fruit & desserts;dessert-fruit;72;0.5;17.4;13.4;0.5;0.1;0.5;0.10;
sainsburys-pineapple-pieces-in-pineapple-jely-120g;Sainsbury's Pineapple Pieces In Pineapple Jely 120g;£0.40/unit;£0.33/100g;Fruit & desserts;jelly;72;0.5;17.4;13.4;0.5;0.1;0.5;0.10;
sainsburys-pineapple-pieces-in-pineapple-jely-120g;Sainsbury's Pineapple Pieces In Pineapple Jely 120g;£0.40/unit;£0.33/100g;Fruit & desserts;kids-lunchbox-fruit-desserts;72;0.5;17.4;13.4;0.5;0.1;0.5;0.10;
sainsburys-pineapple-rings--taste-the-difference-100g;Sainsbury's Pineapple Rings, Taste The Difference 100g;£2.50/unit;£2.50/100g;Sugar & home baking;dried-fruit---peel;289;2.4;67.7;54.5;0.5;0.1;2.7;0.67;
sainsburys-pineapple-slices-350g;Sainsbury's Pineapple Slices 350g;£2.00/unit;£5.71/kg;Fresh fruit;melon-pineapple-kiwi;59;0.5;13.1;9.9;0.5;0.1;1.4;0.01;
sainsburys-pineapple-slices-350g;Sainsbury's Pineapple Slices 350g;£2.00/unit;£5.71/kg;Prepared & ready to eat;prepared-fruit;59;0.5;13.1;9.9;0.5;0.1;1.4;0.01;
sainsburys-pineapple-slices-in-juice-227g;Sainsbury's Pineapple Slices In Juice 230g;£0.55/unit;£2.39/kg;Canned, tinned & packaged foods;canned-tinned-packaged-fruit;55;0.5;14;11;0.5;0.1;0.5;0.02;
sainsburys-pineapple-slices-in-juice-227g;Sainsbury's Pineapple Slices In Juice 230g;£0.55/unit;£2.39/kg;Fruit & desserts;dessert-fruit;55;0.5;14;11;0.5;0.1;0.5;0.02;
sainsburys-pineapple-slices-in-natural-juice-432g;Sainsbury's Pineapple Slices in Natural Juice 425g;£0.65/unit;£1.53/kg;Fruit & desserts;dessert-fruit;55;0.5;14;11;0.5;0.1;0.5;0.02;
sainsburys-pink---white-mini-marsh-mallows-180g;Sainsbury's Mini Marshmallows Pink & White Vanilla 180g;£1.00/unit;£0.56/100g;Sugar & home baking;decorations;343;6.0;79.5;58.2;0.5;0.1;0.5;0.01;
sainsburys-pink-designer-icing-120g;Sainsbury's Pink Designer Icing 120g;£1.40/unit;£1.17/100g;Sugar & home baking;decorations;396;0.5;81.7;81.3;7.4;1.7;0.6;0.05;
sainsburys-pink-designer-icing-120g;Sainsbury's Pink Designer Icing 120g;£1.40/unit;£1.17/100g;Sugar & home baking;icing---marzipan;396;0.5;81.7;81.3;7.4;1.7;0.6;0.05;
sainsburys-pink-food-colouring-38ml;Sainsbury's Pink Food Colouring 38ml;£1.00/unit;£0.26/10ml;Sugar & home baking;baking-ingredients---colourings;null;null;null;null;null;null;null;null;
sainsburys-pink-glitter-sugar-75g;Sainsbury's Glimmer Sugar Pink 75g;£1.00/unit;£1.33/100g;Sugar & home baking;decorations;399;0.5;98.5;98.4;0.5;0.1;0.6;0.05;
sainsburys-pink-grapefruit-%28each%29;Sainsbury's Grapefruit, Pink (each);£0.60/unit;£0.60/ea;Fresh fruit;citrus-fruit;34;0.8;6.8;6.8;0.5;0.1;1.3;0.01;
sainsburys-pink-grapefruit-%28each%29;Sainsbury's Grapefruit, Pink (each);£0.60/unit;£0.60/ea;In season;new-in-season;34;0.8;6.8;6.8;0.5;0.1;1.3;0.01;
sainsburys-pink-lady---herb-stuffing--taste-the-difference-mix-110g;Sainsbury's Pink Lady Apple Honey & Herb Stuffing, Taste the Difference Mix 110g;£1.35/unit;£12.27/kg;Cooking ingredients & oils;stuffing;197;4.9;40.7;8.3;0.7;0.2;3.9;0.90;
sainsburys-pink-lady-apple---grape-snack-pack-80g;Sainsbury's Pink Lady Apple & Grape Snack Pack 80g;£0.65/unit;£8.13/kg;Prepared & ready to eat;prepared-fruit;59;0.5;13.1;13.1;0.5;0.1;2.0;0.01;
sainsburys-pink-lady-apple-snack-pack-80g;Sainsbury's Pink Lady Apple Snack Pack 80g;£0.65/unit;£8.13/kg;Fresh fruit;apples-pears-rhubarb;54;0.5;11.6;11.6;0.5;0.1;2.7;0.01;
sainsburys-pink-lady-apple-snack-pack-80g;Sainsbury's Pink Lady Apple Snack Pack 80g;£0.65/unit;£8.13/kg;Prepared & ready to eat;prepared-fruit;54;0.5;11.6;11.6;0.5;0.1;2.7;0.01;
sainsburys-pink-lady-apples-%28each%29;Sainsbury's Pink Lady Apples Loose;£3.40/kg;£3.40/kg;Fresh fruit;apples-pears-rhubarb;null;null;null;null;null;null;null;null;
sainsburys-pink-lady-apples--so-organic-x4-%28minimum%29;Sainsbury's Pink Lady Apples, SO Organic x4 (minimum);£2.75/unit;£2.75/ea;Fresh fruit;apples-pears-rhubarb;47;0.5;11.8;11.8;0.5;0.1;1.8;0.5;
sainsburys-pink-lady-apples--so-organic-x4-%28minimum%29;Sainsbury's Pink Lady Apples, SO Organic x4 (minimum);£2.75/unit;£2.75/ea;Organic;organic;47;0.5;11.8;11.8;0.5;0.1;1.8;0.5;
sainsburys-pink-lady-apples-x4;Sainsbury's Pink Lady Apples x4;£2.60/unit;£2.60/ea;Fresh fruit;apples-pears-rhubarb;47;0.4;11.8;11.8;0.1;0;1.8;null;
sainsburys-pink-lady-apples-x5-%28minimum%29;Sainsbury's Pink Lady Apples x5 (minimum);£3.00/unit;£3.00/ea;Fresh fruit;apples-pears-rhubarb;47;0.4;11.8;11.8;0.1;0;1.8;0;
sainsburys-pink-lustre-75g;Sainsbury's Edible Lustre, Pink 7.5g;£2.00/unit;£26.67/100g;Sugar & home baking;decorations;null;null;null;null;null;null;null;null;
sainsburys-pink-salmon--skinless---boneless-170g;Sainsbury's Wild Pacific Pink Salmon, Skinless & Boneless 170g;£2.00/unit;£1.18/100g;Canned, tinned & packaged foods;canned-tinned-packaged-fish;113;20.8;0.0;0.0;3.4;1.0;null;null;
sainsburys-pink-salmon-105g;Sainsbury's Wild Pacific Pink Salmon 105g;£1.10/unit;£1.05/100g;Canned, tinned & packaged foods;canned-tinned-packaged-fish;128;21.1;0.5;0.5;4.8;1.1;0.5;0.84;
sainsburys-pink-salmon-skinless---boneless-105g;Sainsbury's Wild Pacific Pink Salmon, Skinless & Boneless 105g;£1.50/unit;£1.43/100g;Canned, tinned & packaged foods;canned-tinned-packaged-fish;111;20.8;0.5;0.5;3.1;0.9;0.5;0.81;
sainsburys-pink-wafer-160g;Sainsbury's Pink Wafer 160g;£0.40/unit;£0.25/100g;Biscuits & crackers;biscuits-crackers-kids-lunchbox;552;4.2;58.4;26.3;32.9;21.9;2.7;0.38;
sainsburys-pink-wafer-160g;Sainsbury's Pink Wafer 160g;£0.40/unit;£0.25/100g;Biscuits & crackers;everyday-biscuits-shortbread;552;4.2;58.4;26.3;32.9;21.9;2.7;0.38;
sainsburys-pipe-rigate-500g;Sainsbury's Pipe Rigate 500g;£0.85/unit;£1.70/kg;Rice, pasta & noodles;pasta;160;4.4;33.6;0.6;0.6;0.1;1.4;0.01;
sainsburys-pirate-fairy-cake-256g;Sainsbury's Pirate Fairy Cake Mix 256g;£1.40/unit;£5.47/kg;Sugar & home baking;cake-sweet-mixes;334;5.5;57.6;39.4;8.4;3.5;2.9;0.33;
sainsburys-pirate-fairy-cupcakes-x9;Sainsbury's Pirate Fairy Cupcakes x9;£1.50/unit;£0.17/ea;Cakes;muffins-small-cakes;444;3.2;65;64;19;3.6;0.5;0.39;
sainsburys-pirate-fairy-cupcakes-x9;Sainsbury's Pirate Fairy Cupcakes x9;£1.50/unit;£0.17/ea;Celebration cakes;celebration-cakes;444;3.2;65;64;19;3.6;0.5;0.39;
sainsburys-pirate-milk-chocolate-coins-84g;Sainsbury's Milk Chocolate Coins 84g;£1.00/unit;£1.19/100g;Confectionery;chocolate;518;6.7;59.8;58.5;27.4;17.2;2.1;0.25;
sainsburys-pirate-milk-chocolate-coins-84g;Sainsbury's Milk Chocolate Coins 84g;£1.00/unit;£1.19/100g;Confectionery;sweets;518;6.7;59.8;58.5;27.4;17.2;2.1;0.25;
sainsburys-pirate-skull-cake-885g;Sainsbury's Pirate Skull Cake 885g;£7.00/unit;£7.91/kg;Celebration cakes;celebration-cakes;410;2.7;67;54;15;5.8;1.1;0.38;
sainsburys-piri-piri-chicken--taste-the-difference-400g;Sainsbury's Piri Piri Chicken, Taste the Difference 400g;£3.30/unit;£8.25/kg;Ready meals;meals-for-1-ready-meals;102;8.9;7.5;4.0;3.0;0.5;4.4;0.73;
sainsburys-piri-piri-chicken--taste-the-difference-400g;Sainsbury's Piri Piri Chicken, Taste the Difference 400g;£3.30/unit;£8.25/kg;Ready meals;mediterranean-other-cuisine-ready-meals;102;8.9;7.5;4.0;3.0;0.5;4.4;0.73;
sainsburys-piri-piri-chicken--taste-the-difference-400g;Sainsbury's Piri Piri Chicken, Taste the Difference 400g;£3.30/unit;£8.25/kg;Ready meals;taste-the-difference-bistro-ready-meals;102;8.9;7.5;4.0;3.0;0.5;4.4;0.73;
sainsburys-piri-piri-chicken-thighs---drumsticks-960g;Sainsbury's Piri Piri Chicken Thighs & Drumsticks 960g;£4.00/unit;£4.17/kg;Chicken;chicken;234;20.2;2.8;0.6;15.8;4.1;0.5;0.48;
sainsburys-piri-piri-flatbread-100g;Sainsbury's Piri Piri Flatbread 100g;£1.00/unit;£1.00/100g;Biscuits & crackers;crackers-savoury-biscuits;410;10.0;74.6;8.0;7.2;1.1;3.5;1.30;
sainsburys-piri-piri-houmous-200g;Sainsbury's Piri Piri Houmous 200g;£1.40/unit;£0.70/100g;Coleslaw, olives, salads & dips;fresh-dips-houmous;290;7.1;10.2;2.6;23.0;2.3;6.6;1.01;
sainsburys-piri-piri-houmous-200g;Sainsbury's Piri Piri Houmous 200g;£1.40/unit;£0.70/100g;Vegetarian & meat free;deli-meat-alternatives;290;7.1;10.2;2.6;23.0;2.3;6.6;1.01;
sainsburys-piri-piri-seasoning-46g;Sainsbury's Piri Piri Seasoning 46g;£1.00/unit;£0.22/10g;Cooking ingredients & oils;herbs-spices-seasoning;null;null;null;null;null;null;null;null;
sainsburys-pistachio---herb-crust-breadcrumb--taste-the-difference-135g;Sainsbury's Pistachio & Herb Crust Breadcrumb, Taste the Difference 135g;£1.85/unit;£13.70/kg;Cooking ingredients & oils;breaded-batter-coatings;340;14.0;54.2;6.7;6.5;1.3;4.3;2.07;
sainsburys-pistachio-nuts-35g;Sainsbury's Pistachio Nuts 35g;£0.65/unit;£1.86/100g;Sugar & home baking;nuts---seeds;602;25;11;6.6;49;6.9;9.4;0.03;
sainsburys-pistachios--roasted---salted-150g;Sainsbury's Roasted & Salted Pistachios 150g;£2.00/unit;£1.33/100g;Crisps, nuts & snacking fruit;nuts;602;24.4;11.9;6.5;48.8;6.1;9.0;1.63;
sainsburys-pitta-bread--white-x6;Sainsbury's Pitta Bread, White x6;£0.50/unit;£0.14/100g;Wraps, bagels & pittas;wraps-bagels-pittas;269;9.0;54.1;4.1;1.3;0.3;2.5;0.88;
sainsburys-pitta-bread--wholemeal-x6;Sainsbury's Pitta Bread, Wholemeal x6;£0.50/unit;£0.14/100g;Wraps, bagels & pittas;wraps-bagels-pittas;257;9.8;47.8;4.9;1.7;0.3;5.8;0.83;
sainsburys-pitted-black-cherries-in-light-syrup-425g;Sainsbury's Pitted Black Cherries In Light Syrup 425g;£1.20/unit;£2.82/kg;Fruit & desserts;dessert-fruit;77;0.6;18.4;15.6;0.5;0.1;0.5;0.03;
sainsburys-pitted-green-olives-mixed-herbs-70g;Sainsbury's Pitted Green Olives Mixed Herbs 70g;£0.90/unit;£1.29/100g;Vinegar, pickles, olives & antipasti;olives-antipasti;178;1.2;0.6;0.5;18.1;2.8;4.0;2.35;
sainsburys-pitted-green-olives-with-chilli-70g;Sainsbury's Pitted Green Olives With Chilli 70g;£0.90/unit;£1.29/100g;Vinegar, pickles, olives & antipasti;olives-antipasti;163;1.2;0.9;0.5;16.3;2.8;3.8;2.75;
sainsburys-pizza-base-mix-145g;Sainsbury's Pizza Base Mix 145g;£0.70/unit;£4.83/kg;Cooking ingredients & oils;cooking-ingredients-pastry-savoury-mixes;298;7.8;56.9;2.5;3.4;0.5;4.3;0.67;
sainsburys-pizza-base-mix-145g;Sainsbury's Pizza Base Mix 145g;£0.70/unit;£4.83/kg;Sugar & home baking;pastry-savoury-mixes;298;7.8;56.9;2.5;3.4;0.5;4.3;0.67;
sainsburys-pizza-bases-x2-300g;Sainsbury's Pizza Bases x2 300g;£1.20/unit;£0.40/100g;Cooking sauces & world foods;italian-cooking-sauces;312;7.4;48.8;2.6;9.2;1.0;2.5;1.25;
sainsburys-pizza-mini-crackers-200g;Sainsbury's Pizza Mini Crackers 200g;£1.30/unit;£0.65/100g;Biscuits & crackers;crackers-savoury-biscuits;454;7.6;68.7;7.1;15.9;1.7;2.7;1.38;
sainsburys-pizza-mini-crackers-200g;Sainsbury's Pizza Mini Crackers 200g;£1.30/unit;£0.65/100g;Crisps, nuts & snacking fruit;party-nibbles-bites;454;7.6;68.7;7.1;15.9;1.7;2.7;1.38;
sainsburys-plaice-fillets-x2-%28approx-350g%29;Sainsbury's Plaice Fillets x2 (approx. 350g);£12.00/kg;£12.00/kg;Fish & seafood;filleted-whole-fish;122;21.7;0.5;0.5;3.9;1.0;0.5;0.32;
sainsburys-plain-bagel;Sainsbury's Plain Bagel;£0.40/unit;£0.40/ea;From our in store bakery;rolls-bagels-from-our-bakery;null;null;null;null;null;null;null;null;
sainsburys-plain-bagel;Sainsbury's Plain Bagel;£0.40/unit;£0.40/ea;Wraps, bagels & pittas;wraps-bagels-pittas;null;null;null;null;null;null;null;null;
sainsburys-plain-cake-cases-x100;Sainsbury's Plain Cake Cases x100;£1.00/unit;£0.01/ea;Sugar & home baking;cake-cases---baking-accessories;null;null;null;null;null;null;null;null;
sainsburys-plain-chocolate-digestive-biscuits-400g;Sainsbury's Plain Chocolate Digestive Biscuits 400g;£1.15/unit;£0.29/100g;Biscuits & crackers;chocolate-biscuits;498;6.2;61.9;28.0;24.1;12.4;4.2;0.99;
sainsburys-plain-cornbread-185g;Sainsbury's Plain Cornbread 185g;£1.25/unit;£7.35/kg;Ready meals;mexican-caribbean-american-ready-meals;299;9.8;45.7;6.7;8.1;3.0;2.2;1.02;
sainsburys-plain-crumble-450g;Sainsbury's Plain Crumble 450g;£0.70/unit;£1.56/kg;Sugar & home baking;cake-sweet-mixes;470;5.3;64.4;26.2;20.7;9.0;2.2;0.07;
sainsburys-plain-crumble-450g;Sainsbury's Plain Crumble 450g;£0.70/unit;£1.56/kg;Sugar & home baking;pastry-savoury-mixes;470;5.3;64.4;26.2;20.7;9.0;2.2;0.07;
sainsburys-plain-cupcake-cases-x75;Sainsbury's Plain Cupcake Cases x75;£1.00/unit;£0.01/unit;Sugar & home baking;cake-cases---baking-accessories;null;null;null;null;null;null;null;null;
sainsburys-plain-flour--basics-15kg;Sainsbury's Plain Flour, Basics 1.5kg;£0.55/unit;£0.37/kg;Sugar & home baking;flour;366;9.4;77.7;1.5;1.3;0.2;3.1;0.01;
sainsburys-plain-flour-15kg;Sainsbury's Plain Flour 1.5kg;£0.80/unit;£0.53/kg;Sugar & home baking;flour;366;9.4;77.7;1.5;1.3;0.2;3.1;0.01;
sainsburys-plain-flour-500g;Sainsbury's Plain Flour 500g;£0.60/unit;£1.20/kg;Sugar & home baking;flour;366;9.4;77.7;1.5;1.3;0.2;3.1;0.01;
sainsburys-plain-flour-tortillas-320g;Sainsbury's Plain Flour Tortillas 320g;£1.20/unit;£0.38/100g;Cooking sauces & world foods;mexican-cooking-sauces;313;8.2;51.0;2.1;7.8;3.5;2.8;1.05;
sainsburys-plain-flour-tortillas-320g;Sainsbury's Plain Flour Tortillas 320g;£1.20/unit;£0.38/100g;Wraps, bagels & pittas;wraps-bagels-pittas;313;8.2;51.0;2.1;7.8;3.5;2.8;1.05;
sainsburys-plain-mini-meringues-x28;Sainsbury's Plain Mini Meringues x28;£1.60/unit;£0.06/ea;Cakes;cakes-from-our-bakery-12374-44;null;null;null;null;null;null;null;null;
sainsburys-plain-mini-meringues-x28;Sainsbury's Plain Mini Meringues x28;£1.60/unit;£0.06/ea;From our in store bakery;cakes-from-our-bakery;null;null;null;null;null;null;null;null;
sainsburys-plain-mini-naan-breads--be-good-to-yourself-x4-200g;Sainsbury's Plain Mini Naan Breads, Be Good To Yourself x4 200g;£0.90/unit;£0.45/100g;Naan, ciabatta & breads of the world;naan-ciabatta-breads-of-the-world;240;8.1;47.9;1.4;1.2;0.2;2.9;0.93;
sainsburys-plain-naan--basics-260g;Sainsbury's Plain Naan, Basics 260g;£0.45/unit;£0.17/100g;Ready meals;indian-ready-meals;255;7.6;47.8;2.2;3.0;0.2;3.4;0.48;
sainsburys-plain-naan-260g;Sainsbury's Plain Naan x2 260g;£0.75/unit;£0.29/100g;Ready meals;indian-ready-meals;306;7.8;46.9;1.9;8.9;2.2;3.6;0.75;
sainsburys-plain-naan-260g;Sainsbury's Plain Naan x2 260g;£0.75/unit;£0.29/100g;Vegetarian & meat free;vegetarian-meat-free-ready-meals;306;7.8;46.9;1.9;8.9;2.2;3.6;0.75;
sainsburys-plain-naan-x-2-260g;Sainsbury's Plain Naan x 2 260g;£1.15/unit;£0.44/100g;Cooking sauces & world foods;indian-cooking-sauces;271;7.3;48.1;2.6;4.7;0.9;3.3;1.38;
sainsburys-plain-pancakes-375g;Sainsbury's Plain Pancakes 375g;£1.50/unit;£0.40/100g;Desserts & cream;desserts;226;6.5;24.5;3.6;11.1;5.2;1.2;0.73;
sainsburys-plain-scones-x4;Sainsbury's Scones, Plain x4;£1.00/unit;£0.25/ea;Cakes;cakes-from-our-bakery-12374-44;null;null;null;null;null;null;null;null;
sainsburys-plain-scones-x4;Sainsbury's Scones, Plain x4;£1.00/unit;£0.25/ea;From our in store bakery;cakes-from-our-bakery;null;null;null;null;null;null;null;null;
sainsburys-plain-tortilla-wraps-x8;Sainsbury's Plain Tortilla Wraps x8;£1.00/unit;£0.13/ea;Wraps, bagels & pittas;wraps-bagels-pittas;285;7.8;51.2;2.5;4.5;2.0;4.3;0.93;
sainsburys-plain-white-bagels-x4;Sainsbury's Bagels, Plain White x4;£1.00/unit;£0.25/ea;From our in store bakery;rolls-bagels-from-our-bakery;null;null;null;null;null;null;null;null;
sainsburys-plain-white-bagels-x4;Sainsbury's Bagels, Plain White x4;£1.00/unit;£0.25/ea;Wraps, bagels & pittas;wraps-bagels-pittas;null;null;null;null;null;null;null;null;
sainsburys-plastic-containers-x8;Sainsbury's Plastic Containers x8;£2.00/unit;£0.25/ea;Bread;sandwich-bags-food-storage;null;null;null;null;null;null;null;null;
sainsburys-ploughmans-plum-chutney-300g;Sainsbury's Ploughmans Plum Chutney 300g;£1.25/unit;£0.40/100g;Table sauces, dressings & condiments;chutney-pickle-relishes;137;0.9;31.1;25.2;0.5;0.2;2.0;1.00;
sainsburys-ploughmans-plum-chutney-300g;Sainsbury's Ploughmans Plum Chutney 300g;£1.25/unit;£0.40/100g;Vinegar, pickles, olives & antipasti;chutneys-pickle-relishes;137;0.9;31.1;25.2;0.5;0.2;2.0;1.00;
sainsburys-plum-dipping-sauce-150g;Sainsbury's Plum Dipping Sauce 150g;£1.10/unit;£0.73/100g;Cooking sauces & world foods;chinese-cooking-sauces;182;0.5;45.1;38.7;0.5;0.1;0.5;1.21;
sainsburys-plum-dipping-sauce-150g;Sainsbury's Plum Dipping Sauce 150g;£1.10/unit;£0.73/100g;Cooking sauces & world foods;thai-cooking-sauces;182;0.5;45.1;38.7;0.5;0.1;0.5;1.21;
sainsburys-plum-dipping-sauce-150g;Sainsbury's Plum Dipping Sauce 150g;£1.10/unit;£0.73/100g;Table sauces, dressings & condiments;tomato-ketchup-brown-bbq-other-sauces;182;0.5;45.1;38.7;0.5;0.1;0.5;1.21;
sainsburys-plum-jam-454g;Sainsbury's Plum Jam 454g;£0.65/unit;£0.14/100g;Jams, honey & spreads;jams---conserves;252;0.5;61;50;0.5;0.2;1.2;0.08;
sainsburys-plum-punnet--basics-400g;Sainsbury's Plum Punnet, Basics 400g;£1.25/unit;£3.13/kg;Fresh fruit;nectarines-plums-apricots-peaches;42;0.6;8.8;8.8;0.1;0;1.6;0;
sainsburys-plum-punnet-400g;Sainsbury's Plum Punnet 400g;£1.50/unit;£3.75/kg;Fresh fruit;nectarines-plums-apricots-peaches;42;0.6;8.8;8.8;0.1;0;1.6;0;
sainsburys-plum-punnet-750g;Sainsbury's Plum Punnet 750g;£2.50/unit;£3.33/kg;Fresh fruit;nectarines-plums-apricots-peaches;null;null;null;null;null;null;null;null;
sainsburys-plum-tomatoes--so-organic-400g;Sainsbury's Plum Tomatoes, SO Organic 400g;£0.80/unit;£2.00/kg;Canned, tinned & packaged foods;canned-tinned-packaged-tomatoes;21;1.2;3.1;3.1;0.5;0.1;1.2;0.08;
sainsburys-plum-tomatoes-500g;Sainsbury's Plum Tomatoes 500g;£1.20/unit;£2.40/kg;Fresh salad;fresh-salad-tomatoes;20;0.7;3.1;3.1;0.5;0.1;1.0;0.02;
sainsburys-plum-tomatoes-500g;Sainsbury's Plum Tomatoes 500g;£1.20/unit;£2.40/kg;Fresh vegetables;fresh-vegetables-tomatoes;20;0.7;3.1;3.1;0.5;0.1;1.0;0.02;
sainsburys-plums-%28each%29;Sainsbury's Plums Loose;£4.99/kg;£4.99/kg;Fresh fruit;nectarines-plums-apricots-peaches;42;0.6;8.8;8.8;0.1;0;1.6;0;
sainsburys-plums--firm---sweet-x4-%28minimum%29;Sainsbury's Plums Ripe & Ready x4;£3.50/unit;£3.50/ea;Fresh fruit;nectarines-plums-apricots-peaches;42;0.6;8.8;8.8;0.1;0.0;1.6;0;
sainsburys-plums--firm---sweet-x4-%28minimum%29;Sainsbury's Plums Ripe & Ready x4;£3.50/unit;£3.50/ea;Fresh fruit;ripe---ready;42;0.6;8.8;8.8;0.1;0.0;1.6;0;
sainsburys-poached-lemon---herb-salmon-180g;Sainsbury's Poached Lemon & Herb Salmon 180g;£4.50/unit;£2.50/100g;Fish & seafood;canapes-snacking;254;22.9;0.5;0.5;17.9;2.7;0.5;1.15;
sainsburys-polar-bar-milk-x9;Sainsbury's Polar Bar Milk x9;£0.85/unit;£0.37/100g;Biscuits & crackers;biscuits-crackers-kids-lunchbox;524;5.2;61.7;40.1;27.9;16.3;2.8;0.34;
sainsburys-polar-bar-milk-x9;Sainsbury's Polar Bar Milk x9;£0.85/unit;£0.37/100g;Biscuits & crackers;chocolate-biscuits;524;5.2;61.7;40.1;27.9;16.3;2.8;0.34;
sainsburys-polar-bar-orange-x9;Sainsbury's Polar Bar Orange x9;£0.85/unit;£0.37/100g;Biscuits & crackers;biscuits-crackers-kids-lunchbox;527;5.1;62.2;40.6;28.2;16.5;2.1;0.33;
sainsburys-polar-bar-orange-x9;Sainsbury's Polar Bar Orange x9;£0.85/unit;£0.37/100g;Biscuits & crackers;chocolate-biscuits;527;5.1;62.2;40.6;28.2;16.5;2.1;0.33;
sainsburys-polar-mint-bar-x9;Sainsbury's Polar Mint Bar x9;£0.85/unit;£0.37/100g;Biscuits & crackers;biscuits-crackers-kids-lunchbox;524;5.1;61.8;41.5;27.9;16.1;2.8;0.35;
sainsburys-polar-mint-bar-x9;Sainsbury's Polar Mint Bar x9;£0.85/unit;£0.37/100g;Biscuits & crackers;chocolate-biscuits;524;5.1;61.8;41.5;27.9;16.1;2.8;0.35;
sainsburys-polenta-400g;Sainsbury's Polenta 400g;£1.10/unit;£2.75/kg;Canned, tinned & packaged foods;pulses-beans;82;2.3;16.3;0.5;0.5;0.1;1.8;0.01;
sainsburys-polenta-400g;Sainsbury's Polenta 400g;£1.10/unit;£2.75/kg;Rice, pasta & noodles;couscous-grains;82;2.3;16.3;0.5;0.5;0.1;1.8;0.01;
sainsburys-polish-kabanos-150g;Sainsbury's Polish Kabanos 150g;£1.60/unit;£1.07/100g;Cooked meats & snacking;mfp-continental-meats;366;23.0;0.5;0.5;30.4;12.4;0.5;3.75;
sainsburys-polish-kabanos-150g;Sainsbury's Polish Kabanos 150g;£1.60/unit;£1.07/100g;Cooked meats & snacking;mfp-snacking-cooked-sausage;366;23.0;0.5;0.5;30.4;12.4;0.5;3.75;
sainsburys-polish-kabanos-150g;Sainsbury's Polish Kabanos 150g;£1.60/unit;£1.07/100g;Cooked meats, pate & sandwich fillers;continental-meats;366;23.0;0.5;0.5;30.4;12.4;0.5;3.75;
sainsburys-polish-kabanos-150g;Sainsbury's Polish Kabanos 150g;£1.60/unit;£1.07/100g;Cooked meats, pate & sandwich fillers;snacking-cooked-sausage;366;23.0;0.5;0.5;30.4;12.4;0.5;3.75;
sainsburys-polish-wiejska-ring-400g;Sainsbury's Polish Wiejska Sausage Ring 400g;£5.25/unit;£1.31/100g;Cooked meats & snacking;mfp-continental-meats;149;18.3;0.8;0.8;8.0;3.1;0.5;1.95;
sainsburys-polish-wiejska-ring-400g;Sainsbury's Polish Wiejska Sausage Ring 400g;£5.25/unit;£1.31/100g;Cooked meats & snacking;mfp-snacking-cooked-sausage;149;18.3;0.8;0.8;8.0;3.1;0.5;1.95;
sainsburys-polish-wiejska-ring-400g;Sainsbury's Polish Wiejska Sausage Ring 400g;£5.25/unit;£1.31/100g;Cooked meats, pate & sandwich fillers;continental-meats;149;18.3;0.8;0.8;8.0;3.1;0.5;1.95;
sainsburys-polish-wiejska-ring-400g;Sainsbury's Polish Wiejska Sausage Ring 400g;£5.25/unit;£1.31/100g;Cooked meats, pate & sandwich fillers;snacking-cooked-sausage;149;18.3;0.8;0.8;8.0;3.1;0.5;1.95;
sainsburys-pomegranate---blueberry-juice-1l;Sainsbury's Pomegranate & Blueberry Juice Drink, Reduced Sugar 1L;£1.00/unit;£0.10/100ml;Chilled fruit juice & smoothies;chilled-fruit-juice;26;0.5;6.4;5.6;0.5;0.1;0.5;0.01;
sainsburys-pomegranate---blueberry-juice-1l;Sainsbury's Pomegranate & Blueberry Juice Drink, Reduced Sugar 1L;£1.00/unit;£0.10/100ml;Chilled fruit juice & smoothies;reduced-sugar;26;0.5;6.4;5.6;0.5;0.1;0.5;0.01;
sainsburys-pomegranate---blueberry-juice-drink-1l-6403724-p-44;Sainsbury's Pomegranate & Blueberry Juice Drink 1L;£1.00/unit;£0.10/100ml;Chilled fruit juice & smoothies;chilled-fruit-juice;47;0.5;11.7;9.0;0.5;0.1;0.5;0.01;
sainsburys-pomegranate-100g;Sainsbury's Pomegranate Seeds 100g;£1.50/unit;£15.00/kg;Fresh fruit;mango-exotic-fruit-dates-nuts;100;1.7;18.7;13.7;1.2;0.1;4.0;0.01;
sainsburys-pomegranate-100g;Sainsbury's Pomegranate Seeds 100g;£1.50/unit;£15.00/kg;In season;new-in-season;100;1.7;18.7;13.7;1.2;0.1;4.0;0.01;
sainsburys-pomegranate-100g;Sainsbury's Pomegranate Seeds 100g;£1.50/unit;£15.00/kg;Prepared & ready to eat;prepared-fruit;100;1.7;18.7;13.7;1.2;0.1;4.0;0.01;
sainsburys-pomegranate-juice-drink-1l-7635576-p-44;Sainsbury's Pomegranate Juice Drink 1L;£1.00/unit;£0.10/100ml;Chilled fruit juice & smoothies;chilled-fruit-juice;47;0.5;11.7;9.3;0.5;0.1;0.5;0.01;
sainsburys-pomegranates-%28each%29;Sainsbury's Pomegranates (each);£1.50/unit;£1.50/ea;Fresh fruit;mango-exotic-fruit-dates-nuts;null;null;null;null;null;null;null;null;
sainsburys-pomegranates-%28each%29;Sainsbury's Pomegranates (each);£1.50/unit;£1.50/ea;In season;new-in-season;null;null;null;null;null;null;null;null;
sainsburys-pomodorino-tomato-side-salad-bowl--taste-the-difference-175g;Sainsbury's Pomodorino Tomato Salad Bowl, Taste the Difference 175g;£2.50/unit;£1.43/100g;Coleslaw, olives, salads & dips;coleslaw-salads;75;2.9;4.3;3.9;4.9;1.6;1.0;0.35;
sainsburys-pomodorino-tomato-side-salad-bowl--taste-the-difference-175g;Sainsbury's Pomodorino Tomato Salad Bowl, Taste the Difference 175g;£2.50/unit;£1.43/100g;Fresh salad;fresh-salad-prepared-ready-to-eat;75;2.9;4.3;3.9;4.9;1.6;1.0;0.35;
sainsburys-pomodorino-tomato-side-salad-bowl--taste-the-difference-175g;Sainsbury's Pomodorino Tomato Salad Bowl, Taste the Difference 175g;£2.50/unit;£1.43/100g;Prepared & ready to eat;prepared-salad-herbs;75;2.9;4.3;3.9;4.9;1.6;1.0;0.35;
sainsburys-pomodorino-tomato-side-salad-bowl--taste-the-difference-175g;Sainsbury's Pomodorino Tomato Salad Bowl, Taste the Difference 175g;£2.50/unit;£1.43/100g;Soup & lunchtime snacks;lunchtime-snacks;75;2.9;4.3;3.9;4.9;1.6;1.0;0.35;
sainsburys-pomodorino-tomato-side-salad-bowl--taste-the-difference-175g;Sainsbury's Pomodorino Tomato Salad Bowl, Taste the Difference 175g;£2.50/unit;£1.43/100g;Taste the Difference;taste-the-difference-185761-44;75;2.9;4.3;3.9;4.9;1.6;1.0;0.35;
sainsburys-pomodorino-tomatoes--taste-the-difference-250g;Sainsbury's Pomodorino Tomatoes, Taste the Difference 250g;£1.75/unit;£7.00/kg;Fresh salad;fresh-salad-tomatoes;20;0.7;3.0;3.0;0.5;0.1;1.0;0.02;
sainsburys-pomodorino-tomatoes--taste-the-difference-250g;Sainsbury's Pomodorino Tomatoes, Taste the Difference 250g;£1.75/unit;£7.00/kg;Fresh vegetables;baby-vegetables;20;0.7;3.0;3.0;0.5;0.1;1.0;0.02;
sainsburys-pomodorino-tomatoes--taste-the-difference-250g;Sainsbury's Pomodorino Tomatoes, Taste the Difference 250g;£1.75/unit;£7.00/kg;Fresh vegetables;fresh-vegetables-tomatoes;20;0.7;3.0;3.0;0.5;0.1;1.0;0.02;
sainsburys-pomodorino-tomatoes--taste-the-difference-250g;Sainsbury's Pomodorino Tomatoes, Taste the Difference 250g;£1.75/unit;£7.00/kg;Taste the Difference;taste-the-difference-185761-44;20;0.7;3.0;3.0;0.5;0.1;1.0;0.02;
sainsburys-pomodoro---chianti-sauce--taste-the-difference-350g;Sainsbury's Pomodoro & Chianti Sauce, Taste the Difference 350g;£2.50/unit;£7.14/kg;Pizza, pasta & garlic bread;fresh-pasta-sauces;42;1.4;5.7;4.2;1.4;0.2;0.5;0.50;
sainsburys-pomodoro---chianti-sauce--taste-the-difference-350g;Sainsbury's Pomodoro & Chianti Sauce, Taste the Difference 350g;£2.50/unit;£7.14/kg;Vegetarian & meat free;vegetarian-meat-free-pizza-pasta;42;1.4;5.7;4.2;1.4;0.2;0.5;0.50;
sainsburys-pomodoro-sauce-pot--so-organic-350g;Sainsbury's Pomodoro Sauce, SO Organic 350g;£1.80/unit;£0.51/100g;Pizza, pasta & garlic bread;fresh-pasta-sauces;51;1.2;6.0;5.3;2.1;0.3;1.8;0.50;
sainsburys-pomodoro-sauce-pot--so-organic-350g;Sainsbury's Pomodoro Sauce, SO Organic 350g;£1.80/unit;£0.51/100g;Vegetarian & meat free;vegetarian-meat-free-pizza-pasta;51;1.2;6.0;5.3;2.1;0.3;1.8;0.50;
sainsburys-poppadom-80g;Sainsbury's Poppadom 80g;£1.50/unit;£2.34/100g;Ready meals;indian-ready-meals;417;16.7;41.8;2.6;24.7;1.6;7.1;3.25;
sainsburys-poppadom-80g;Sainsbury's Poppadom 80g;£1.50/unit;£2.34/100g;Vegetarian & meat free;vegetarian-meat-free-ready-meals;417;16.7;41.8;2.6;24.7;1.6;7.1;3.25;
sainsburys-poppadoms-plain-80g;Sainsbury's Poppadoms Plain 80g;£1.50/unit;£1.88/100g;Cooking sauces & world foods;indian-cooking-sauces;423;22.0;40.8;2.4;16.5;1.6;11.8;3.18;
sainsburys-popping-candy-chocolate-spread-400g;Sainsbury's Popping Candy Chocolate Spread 400g;£1.50/unit;£0.38/100g;Jams, honey & spreads;chocolate-sweet-spreads;562;3.4;57.2;56.5;35.2;8.2;1.5;0.14;
sainsburys-popping-corn-500g;Sainsbury's Popping Corn 500g;£1.10/unit;£2.20/kg;Canned, tinned & packaged foods;pulses-beans;510;9.2;52.3;0.8;26.9;3.3;10.8;0;
sainsburys-popping-corn-500g;Sainsbury's Popping Corn 500g;£1.10/unit;£2.20/kg;Confectionery;confectionery-popcorn;510;9.2;52.3;0.8;26.9;3.3;10.8;0;
sainsburys-popping-corn-500g;Sainsbury's Popping Corn 500g;£1.10/unit;£2.20/kg;Crisps, nuts & snacking fruit;popcorn;510;9.2;52.3;0.8;26.9;3.3;10.8;0;
sainsburys-poppy---sesame-biscuit-150g;Sainsbury's Poppy & Sesame Biscuit 150g;£0.80/unit;£0.53/100g;Biscuits & crackers;crackers-savoury-biscuits;488;9.8;58.3;2.1;23.0;9.4;4.3;1.84;
sainsburys-poppy-seed-baguette-400g;Sainsbury's Poppy Seed Baguette 400g;£0.80/unit;£0.80/ea;Baguettes & part baked bread;baguettes-part-baked-bread;null;null;null;null;null;null;null;null;
sainsburys-poppy-seed-baguette-400g;Sainsbury's Poppy Seed Baguette 400g;£0.80/unit;£0.80/ea;From our in store bakery;baguettes-from-our-bakery;null;null;null;null;null;null;null;null;
sainsburys-poppy-seed-crusty-white-baton;Sainsbury's Poppy Seed Crusty White Baton;£0.45/unit;£0.45/ea;Baguettes & part baked bread;baguettes-part-baked-bread;null;null;null;null;null;null;null;null;
sainsburys-poppy-seed-crusty-white-baton;Sainsbury's Poppy Seed Crusty White Baton;£0.45/unit;£0.45/ea;From our in store bakery;baguettes-from-our-bakery;null;null;null;null;null;null;null;null;
sainsburys-poppy-seeds-100g;Sainsbury's Poppy Seeds 100g;£0.85/unit;£8.50/kg;Sugar & home baking;nuts---seeds;520;18.0;8.6;3.0;41.6;4.5;19.5;0.07;
sainsburys-poppy-topped-bloomer--taste-the-difference-400g;Sainsbury's Poppy Topped Bloomer, Taste the Difference 400g;£1.00/unit;£0.25/100g;Bread;bread-from-our-bakery2;null;null;null;null;null;null;null;null;
sainsburys-poppy-topped-bloomer--taste-the-difference-400g;Sainsbury's Poppy Topped Bloomer, Taste the Difference 400g;£1.00/unit;£0.25/100g;From our in store bakery;bread-from-our-bakery;null;null;null;null;null;null;null;null;
sainsburys-poppy-topped-bloomer--taste-the-difference-800g;Sainsbury's Poppy Topped Bloomer, Taste the Difference 800g;£1.40/unit;£0.18/100g;Bread;bread-from-our-bakery2;null;null;null;null;null;null;null;null;
sainsburys-poppy-topped-bloomer--taste-the-difference-800g;Sainsbury's Poppy Topped Bloomer, Taste the Difference 800g;£1.40/unit;£0.18/100g;From our in store bakery;bread-from-our-bakery;null;null;null;null;null;null;null;null;
sainsburys-porcini-paste-90g;Sainsbury's Porcini Paste 90g;£1.30/unit;£1.44/100g;Cooking ingredients & oils;cooking-pastes;102;6.2;8.5;6.7;3.8;0.2;4.5;1.50;
sainsburys-pork---beef-mince--basics-1kg;Sainsbury's Pork & Beef Mince, Basics 1kg;£3.20/unit;£3.20/kg;Meat & poultry;frozen-beef;317;22.8;0.5;0.5;25.0;10.5;0.5;0.28;
sainsburys-pork---beef-mince--basics-1kg;Sainsbury's Pork & Beef Mince, Basics 1kg;£3.20/unit;£3.20/kg;Meat & poultry;frozen-pork;317;22.8;0.5;0.5;25.0;10.5;0.5;0.28;
sainsburys-pork---bramley-apple-sausages--taste-the-difference-%28gluten-free%29-x6-400g;Sainsbury's Gluten Free Pork & Bramley Apple Sausages, Taste the Difference x6 400g;£2.50/unit;£6.25/kg;Burgers & BBQ;burgers-bbq;280;16.5;7.8;7.7;20.0;7.1;1.3;1.35;
sainsburys-pork---bramley-apple-sausages--taste-the-difference-%28gluten-free%29-x6-400g;Sainsbury's Gluten Free Pork & Bramley Apple Sausages, Taste the Difference x6 400g;£2.50/unit;£6.25/kg;Organic & Taste the Difference;organic-taste-the-difference;280;16.5;7.8;7.7;20.0;7.1;1.3;1.35;
sainsburys-pork---bramley-apple-sausages--taste-the-difference-%28gluten-free%29-x6-400g;Sainsbury's Gluten Free Pork & Bramley Apple Sausages, Taste the Difference x6 400g;£2.50/unit;£6.25/kg;Sausages;sausages;280;16.5;7.8;7.7;20.0;7.1;1.3;1.35;
sainsburys-pork---caramelised-onion-s-r-x4--taste-the-difference-260g;Sainsbury's Sausage Rolls with Caramelised Onion Chutney, Taste The Difference x4 260g;£1.90/unit;£0.73/100g;Pies, pasties & quiche;sausage-rolls-savouries;365;10.1;27.5;5.2;23.2;9.8;3.1;0.93;
sainsburys-pork---caramelised-red-onion-sausages--taste-the-difference-x10-690g;Sainsbury's Pork & Caramelised Red Onion Sausages, Taste the Difference x10 690g;£3.30/unit;£4.78/kg;Burgers & BBQ;burgers-bbq;291;18.5;12.4;4.1;18.3;6.2;1.4;1.50;
sainsburys-pork---caramelised-red-onion-sausages--taste-the-difference-x10-690g;Sainsbury's Pork & Caramelised Red Onion Sausages, Taste the Difference x10 690g;£3.30/unit;£4.78/kg;Great prices on meat & fish;great-prices-on-meat---fish;291;18.5;12.4;4.1;18.3;6.2;1.4;1.50;
sainsburys-pork---caramelised-red-onion-sausages--taste-the-difference-x10-690g;Sainsbury's Pork & Caramelised Red Onion Sausages, Taste the Difference x10 690g;£3.30/unit;£4.78/kg;Organic & Taste the Difference;organic-taste-the-difference;291;18.5;12.4;4.1;18.3;6.2;1.4;1.50;
sainsburys-pork---caramelised-red-onion-sausages--taste-the-difference-x10-690g;Sainsbury's Pork & Caramelised Red Onion Sausages, Taste the Difference x10 690g;£3.30/unit;£4.78/kg;Sausages;sausages;291;18.5;12.4;4.1;18.3;6.2;1.4;1.50;
sainsburys-pork---fresh-herb-sausages--taste-the-difference-%28gluten-free%29-x6-400g;Sainsbury's Gluten Free Pork & Fresh Herb Sausages, Taste the Difference x6 400g;£2.50/unit;£6.25/kg;Burgers & BBQ;burgers-bbq;269;20.0;1.1;0.5;20.4;7.2;0.5;1.35;
sainsburys-pork---fresh-herb-sausages--taste-the-difference-%28gluten-free%29-x6-400g;Sainsbury's Gluten Free Pork & Fresh Herb Sausages, Taste the Difference x6 400g;£2.50/unit;£6.25/kg;Organic & Taste the Difference;organic-taste-the-difference;269;20.0;1.1;0.5;20.4;7.2;0.5;1.35;
sainsburys-pork---fresh-herb-sausages--taste-the-difference-%28gluten-free%29-x6-400g;Sainsbury's Gluten Free Pork & Fresh Herb Sausages, Taste the Difference x6 400g;£2.50/unit;£6.25/kg;Sausages;sausages;269;20.0;1.1;0.5;20.4;7.2;0.5;1.35;
sainsburys-pork---pickle-snack-pie-x2-130g;Sainsbury's Pork & Pickle Snack Pie x2 130g;£1.20/unit;£0.92/100g;Pies, pasties & quiche;hot-cold-pies;379;8.9;29.9;4.7;24.4;9.8;2.3;1.06;
sainsburys-pork---pickle-snack-pie-x2-130g;Sainsbury's Pork & Pickle Snack Pie x2 130g;£1.20/unit;£0.92/100g;Pies, pasties & quiche;sausage-rolls-savouries;379;8.9;29.9;4.7;24.4;9.8;2.3;1.06;
sainsburys-pork-boneless-steaks--basics-x2-%28approx%29;Sainsbury's British Pork Boneless Steaks, Basics x2 (approx. 300g);£7.00/kg;£7.00/kg;Pork;pork;224;26.8;0.5;0.5;12.8;4.7;0.8;0.10;
sainsburys-pork-chops--basics-x2-%28approx%29;Sainsbury's British Pork Chops, Basics x2 (approx. 500g);£2.90/kg;£2.90/kg;Great prices on meat & fish;great-prices-on-meat---fish;273;22.1;1.2;0.5;19.9;8.0;0.5;0.24;
sainsburys-pork-chops--basics-x2-%28approx%29;Sainsbury's British Pork Chops, Basics x2 (approx. 500g);£2.90/kg;£2.90/kg;Pork;pork;273;22.1;1.2;0.5;19.9;8.0;0.5;0.24;
sainsburys-pork-cocktail-sausages-x20-200g;Sainsbury's Pork Cocktail Sausages x20 200g;£1.40/unit;£0.70/100g;Pies, pasties & quiche;sausage-rolls-savouries;301;10.9;11.5;1.0;23.1;7.9;1.6;1.08;
sainsburys-pork-cocktails-555g;Sainsbury's Pork Cocktails 555g;£2.00/unit;£3.60/kg;Meat & poultry;frozen-burgers-sausages;231;13.6;6.5;2.7;16.3;5.8;1.8;1.17;
sainsburys-pork-cocktails-555g;Sainsbury's Pork Cocktails 555g;£2.00/unit;£3.60/kg;Meat & poultry;frozen-pork;231;13.6;6.5;2.7;16.3;5.8;1.8;1.17;
sainsburys-pork-leg-escalopes--taste-the-difference-400g;Sainsbury's Pork Leg Escalopes, Taste the Difference (approx. 400g);£8.89/kg;£8.89/kg;Organic & Taste the Difference;organic-taste-the-difference;148;27.3;0.5;0.5;4.2;0.9;0.5;0.22;
sainsburys-pork-leg-escalopes--taste-the-difference-400g;Sainsbury's Pork Leg Escalopes, Taste the Difference (approx. 400g);£8.89/kg;£8.89/kg;Pork;pork;148;27.3;0.5;0.5;4.2;0.9;0.5;0.22;
sainsburys-pork-leg-escalopes-x6-600g;Sainsbury's British Pork Leg Escalopes x6 600g;£4.10/unit;£6.83/kg;Pork;pork;148;27.3;0.5;0.5;4.2;0.9;0.5;0.22;
sainsburys-pork-leg-roasting-joint--taste-the-difference-%28approx-263kg%29;Sainsbury's British Outdoor Reared Pork Leg Joint, Taste the Difference (approx. 2.63kg);£8.00/kg;£8.00/kg;Organic & Taste the Difference;organic-taste-the-difference;221;29.9;0.8;0.5;10.8;4.2;0.5;0.52;
sainsburys-pork-leg-roasting-joint--taste-the-difference-%28approx-263kg%29;Sainsbury's British Outdoor Reared Pork Leg Joint, Taste the Difference (approx. 2.63kg);£8.00/kg;£8.00/kg;Pork;pork;221;29.9;0.8;0.5;10.8;4.2;0.5;0.52;
sainsburys-pork-loin-cutlets--taste-the-difference-%28approx-600g%29;Sainsbury's British Pork Loin Cutlets, Taste the Difference (approx. 600g);£7.27/kg;£7.27/kg;Organic & Taste the Difference;organic-taste-the-difference;166;24.3;1.8;0.5;6.7;2.5;0.5;0.17;
sainsburys-pork-loin-cutlets--taste-the-difference-%28approx-600g%29;Sainsbury's British Pork Loin Cutlets, Taste the Difference (approx. 600g);£7.27/kg;£7.27/kg;Pork;pork;166;24.3;1.8;0.5;6.7;2.5;0.5;0.17;
sainsburys-pork-loin-with-salt---pepper--taste-the-difference-120g;Sainsbury's Pork Loin Slices with Salt & Pepper, Taste the Difference 120g;£3.00/unit;£2.50/100g;Cooked meats & snacking;mfp-cooked-meats-snacking-taste-the-difference;125;24.8;0.5;0.5;2.7;0.9;0.5;1.88;
sainsburys-pork-loin-with-salt---pepper--taste-the-difference-120g;Sainsbury's Pork Loin Slices with Salt & Pepper, Taste the Difference 120g;£3.00/unit;£2.50/100g;Cooked meats, pate & sandwich fillers;cooked-meats-taste-the-difference;125;24.8;0.5;0.5;2.7;0.9;0.5;1.88;
sainsburys-pork-luncheon-meat--basics-250g;Sainsbury's Pork Luncheon Meat, Basics 250g;£0.80/unit;£0.32/100g;Cooked meats & snacking;ham-82654-44;221;15.2;2.7;0.5;16.5;5.9;0.5;2.00;
sainsburys-pork-luncheon-meat--basics-250g;Sainsbury's Pork Luncheon Meat, Basics 250g;£0.80/unit;£0.32/100g;Cooked meats, pate & sandwich fillers;ham;221;15.2;2.7;0.5;16.5;5.9;0.5;2.00;
sainsburys-pork-luncheon-meat-340g;Sainsbury's Pork Luncheon Meat 340g;£1.70/unit;£0.50/100g;Canned, tinned & packaged foods;cold-meat;211;14.0;5.0;0.5;15.0;6.0;0.5;2.50;
sainsburys-pork-pate-with-onion-marmalade--taste-the-difference-100g;Sainsbury's Pork Pate With Onion Marmalade, Taste the Difference 100g;£2.00/unit;£2.00/100g;Cooked meats & snacking;mfp-pate;161;9.9;10.6;8.8;8.4;3.3;2.0;0.90;
sainsburys-pork-pate-with-onion-marmalade--taste-the-difference-100g;Sainsbury's Pork Pate With Onion Marmalade, Taste the Difference 100g;£2.00/unit;£2.00/100g;Cooked meats, pate & sandwich fillers;pate;161;9.9;10.6;8.8;8.4;3.3;2.0;0.90;
sainsburys-pork-pie--individual-crusty-bake-130g;Sainsbury's Pork Pie, Individual Crusty Bake 130g;£1.15/unit;£0.88/100g;Pies, pasties & quiche;hot-cold-pies;368;10.1;24.4;1.5;25.1;9.8;1.8;1.07;
sainsburys-pork-pie--individual-crusty-bake-130g;Sainsbury's Pork Pie, Individual Crusty Bake 130g;£1.15/unit;£0.88/100g;Pies, pasties & quiche;sausage-rolls-savouries;368;10.1;24.4;1.5;25.1;9.8;1.8;1.07;
sainsburys-pork-pies--basics-x4-260g;Sainsbury's Pork Pies, Basics x4 260g;£0.90/unit;£0.35/100g;Pies, pasties & quiche;hot-cold-pies;390;8.7;30;2.0;25;10;2.8;1.1;
sainsburys-pork-pies--basics-x4-260g;Sainsbury's Pork Pies, Basics x4 260g;£0.90/unit;£0.35/100g;Pies, pasties & quiche;sausage-rolls-savouries;390;8.7;30;2.0;25;10;2.8;1.1;
sainsburys-pork-pies--basics-x6-300g;Sainsbury's Pork Pies, Basics x6 300g;£1.45/unit;£0.48/100g;Pies, pasties & quiche;hot-cold-pies;363;9.0;28;1.8;23;9.3;2.5;1.0;
sainsburys-pork-pies--basics-x6-300g;Sainsbury's Pork Pies, Basics x6 300g;£1.45/unit;£0.48/100g;Pies, pasties & quiche;sausage-rolls-savouries;363;9.0;28;1.8;23;9.3;2.5;1.0;
sainsburys-pork-sausage-meat-325g;Sainsbury's Pork Sausagemeat 325g;£1.00/unit;£3.08/kg;Meat & poultry;frozen-burgers-sausages;231;13.6;6.5;2.7;16.3;5.8;1.8;1.17;
sainsburys-pork-sausage-meat-325g;Sainsbury's Pork Sausagemeat 325g;£1.00/unit;£3.08/kg;Meat & poultry;frozen-pork;231;13.6;6.5;2.7;16.3;5.8;1.8;1.17;
sainsburys-pork-sausages--basics-x8-454g;Sainsbury's Pork Sausages, Basics x8 454g;£0.85/unit;£1.87/kg;Sausages;sausages;238;12.4;15.2;4.8;13.7;4.7;2.0;1.50;
sainsburys-pork-sausages--be-good-to-yourself-600g-pmp;Sainsbury's Pork Sausages, Be Good To Yourself 600g;£2.50/unit;£4.17/kg;Meat & poultry;frozen-burgers-sausages;204;14.6;6.6;3.4;13.0;4.6;0.9;1.50;
sainsburys-pork-sausages--be-good-to-yourself-600g-pmp;Sainsbury's Pork Sausages, Be Good To Yourself 600g;£2.50/unit;£4.17/kg;Meat & poultry;frozen-pork;204;14.6;6.6;3.4;13.0;4.6;0.9;1.50;
sainsburys-pork-sausages--so-organic-350g;Sainsbury's Pork Sausages, SO Organic x6 350g;£3.00/unit;£8.57/kg;Organic & Taste the Difference;organic-taste-the-difference;314;18.5;0.9;0.7;26.0;10.3;1.1;1.25;
sainsburys-pork-sausages--so-organic-350g;Sainsbury's Pork Sausages, SO Organic x6 350g;£3.00/unit;£8.57/kg;Sausages;sausages;314;18.5;0.9;0.7;26.0;10.3;1.1;1.25;
sainsburys-pork-sausages--thick-x8-454g;Sainsbury's Thick Pork Sausages x8 454g;£1.10/unit;£2.42/kg;Great prices on meat & fish;great-prices-on-meat---fish;255;14.5;9.3;3.1;17.5;6.1;1.2;1.48;
sainsburys-pork-sausages--thick-x8-454g;Sainsbury's Thick Pork Sausages x8 454g;£1.10/unit;£2.42/kg;Sausages;sausages;255;14.5;9.3;3.1;17.5;6.1;1.2;1.48;
sainsburys-pork-shanks-in-pepper-sauce-500g;Sainsbury's Pork Shanks In Pepper Sauce 500g;£3.00/unit;£6.00/kg;Meat & poultry;frozen-pork;146;20.1;1.0;0.4;6.8;2.7;0.4;0.53;
sainsburys-pork-shoulder-steaks-x3-420g;Sainsbury's British Pork Shoulder Steaks x3 420g;£2.00/unit;£4.76/kg;Pork;pork;250;24.5;0.5;0.5;16.6;6.1;0.5;0.32;
sainsburys-pork-tenderloin-fillet--so-organic-%28approx-260g%29;Sainsbury's British Pork Tenderloin Fillet, SO Organic (approx. 260g);£13.00/kg;£13.00/kg;Organic & Taste the Difference;organic-taste-the-difference;144;29.0;0.5;0.5;2.8;0.9;0.5;0.10;
sainsburys-pork-tenderloin-fillet--so-organic-%28approx-260g%29;Sainsbury's British Pork Tenderloin Fillet, SO Organic (approx. 260g);£13.00/kg;£13.00/kg;Pork;pork;144;29.0;0.5;0.5;2.8;0.9;0.5;0.10;
sainsburys-porridge-oats-500g;Sainsbury's Scottish Porridge Oats 500g;£0.70/unit;£0.14/100g;Breakfast cereals;porridge-oats;363;10.3;60.5;1.1;7.0;1.0;8.3;0.01;
sainsburys-potato---bacon-waffles-500g;Sainsbury's Potato & Bacon Waffles 500g;£1.00/unit;£2.00/kg;Chips & potatoes;chips-potatoes;220;2.8;24.8;0.5;11.2;1.7;4.2;1.13;
sainsburys-potato---egg-salad-290g;Sainsbury's Potato & Egg Salad Bowl 290g;£2.50/unit;£0.86/100g;Coleslaw, olives, salads & dips;coleslaw-salads;87;2.8;5.7;3.1;5.6;0.8;1.5;0.33;
sainsburys-potato---egg-salad-290g;Sainsbury's Potato & Egg Salad Bowl 290g;£2.50/unit;£0.86/100g;Fresh salad;fresh-salad-prepared-ready-to-eat;87;2.8;5.7;3.1;5.6;0.8;1.5;0.33;
sainsburys-potato---egg-salad-290g;Sainsbury's Potato & Egg Salad Bowl 290g;£2.50/unit;£0.86/100g;Prepared & ready to eat;prepared-salad-herbs;87;2.8;5.7;3.1;5.6;0.8;1.5;0.33;
sainsburys-potato---egg-salad-290g;Sainsbury's Potato & Egg Salad Bowl 290g;£2.50/unit;£0.86/100g;Soup & lunchtime snacks;lunchtime-snacks;87;2.8;5.7;3.1;5.6;0.8;1.5;0.33;
sainsburys-potato---egg-salad-290g;Sainsbury's Potato & Egg Salad Bowl 290g;£2.50/unit;£0.86/100g;Vegetarian & meat free;coleslaw--olives--salads---dips-30658-44;87;2.8;5.7;3.1;5.6;0.8;1.5;0.33;
sainsburys-potato---leek-simmer-soup-60g;Sainsbury's Potato & Leek Simmer Soup 60g;£0.50/unit;£0.83/100g;Canned, tinned & packaged foods;soups;35;1.1;5.7;1.3;0.7;0.4;0.7;0.58;
sainsburys-potato-chip-sticks-150g;Sainsbury's Ready Salted Potato Sticks 150g;£1.00/unit;£0.67/100g;Crisps, nuts & snacking fruit;crisps;538;6.5;52;0.5;33;2.9;4.0;1.2;
sainsburys-potato-croquettes-220g;Sainsbury's Potato Croquettes 220g;£1.00/unit;£4.55/kg;Prepared & ready to eat;prepared-vegetables;223;3.3;27.1;2.1;10.7;1.4;2.8;0.46;
sainsburys-potato-croquettes-220g;Sainsbury's Potato Croquettes 220g;£1.00/unit;£4.55/kg;Ready meals;british-ready-meals;223;3.3;27.1;2.1;10.7;1.4;2.8;0.46;
sainsburys-potato-croquettes-220g;Sainsbury's Potato Croquettes 220g;£1.00/unit;£4.55/kg;Ready meals;potato-vegetable-side-dishes;223;3.3;27.1;2.1;10.7;1.4;2.8;0.46;
sainsburys-potato-croquettes-220g;Sainsbury's Potato Croquettes 220g;£1.00/unit;£4.55/kg;Vegetarian & meat free;coleslaw--olives--salads---dips-30658-44;223;3.3;27.1;2.1;10.7;1.4;2.8;0.46;
sainsburys-potato-croquettes-220g;Sainsbury's Potato Croquettes 220g;£1.00/unit;£4.55/kg;Vegetarian & meat free;vegetarian-meat-free-ready-meals;223;3.3;27.1;2.1;10.7;1.4;2.8;0.46;
sainsburys-potato-croquettes-700g;Sainsbury's Potato Croquettes 700g;£1.00/unit;£1.43/kg;Chips & potatoes;chips-potatoes;183;2.7;25.8;0.5;7.2;0.9;2.4;0.60;
sainsburys-potato-dauphinoise--taste-the-difference-400g-6262770-p-44;Sainsbury's Potato Dauphinoise, Taste the Difference 400g;£2.40/unit;£6.00/kg;Prepared & ready to eat;prepared-vegetables;123;3.8;10.3;2.0;6.9;4.2;2.0;0.45;
sainsburys-potato-dauphinoise--taste-the-difference-400g-6262770-p-44;Sainsbury's Potato Dauphinoise, Taste the Difference 400g;£2.40/unit;£6.00/kg;Ready meals;mediterranean-other-cuisine-ready-meals;123;3.8;10.3;2.0;6.9;4.2;2.0;0.45;
sainsburys-potato-dauphinoise--taste-the-difference-400g-6262770-p-44;Sainsbury's Potato Dauphinoise, Taste the Difference 400g;£2.40/unit;£6.00/kg;Ready meals;potato-vegetable-side-dishes;123;3.8;10.3;2.0;6.9;4.2;2.0;0.45;
sainsburys-potato-dauphinoise--taste-the-difference-400g-6262770-p-44;Sainsbury's Potato Dauphinoise, Taste the Difference 400g;£2.40/unit;£6.00/kg;Ready meals;taste-the-difference-bistro-ready-meals;123;3.8;10.3;2.0;6.9;4.2;2.0;0.45;
sainsburys-potato-rings-185g;Sainsbury's Potato Rings 185g;£1.00/unit;£0.54/100g;Crisps, nuts & snacking fruit;crisps;519;3.2;61.8;0.4;28.4;2.5;1.8;2.33;
sainsburys-potato-salad--be-good-to-yourself-300g;Sainsbury's Potato Salad, Be Good To Yourself 300g;£0.70/unit;£0.23/100g;Coleslaw, olives, salads & dips;coleslaw-salads;104;1.1;11.9;2.5;5.5;0.4;1.3;0.52;
sainsburys-potato-salad--be-good-to-yourself-300g;Sainsbury's Potato Salad, Be Good To Yourself 300g;£0.70/unit;£0.23/100g;Fresh salad;dressings-coleslaw-accompaniments;104;1.1;11.9;2.5;5.5;0.4;1.3;0.52;
sainsburys-potato-salad--be-good-to-yourself-300g;Sainsbury's Potato Salad, Be Good To Yourself 300g;£0.70/unit;£0.23/100g;Prepared & ready to eat;prepared-salad-herbs;104;1.1;11.9;2.5;5.5;0.4;1.3;0.52;
sainsburys-potato-salad--be-good-to-yourself-300g;Sainsbury's Potato Salad, Be Good To Yourself 300g;£0.70/unit;£0.23/100g;Vegetarian & meat free;coleslaw--olives--salads---dips-30658-44;104;1.1;11.9;2.5;5.5;0.4;1.3;0.52;
sainsburys-potato-salad-300g;Sainsbury's Potato Salad 300g;£0.70/unit;£0.23/100g;Coleslaw, olives, salads & dips;coleslaw-salads;140;1.0;10.6;1.2;10.2;1.5;1.0;0.43;
sainsburys-potato-salad-300g;Sainsbury's Potato Salad 300g;£0.70/unit;£0.23/100g;Fresh salad;dressings-coleslaw-accompaniments;140;1.0;10.6;1.2;10.2;1.5;1.0;0.43;
sainsburys-potato-salad-300g;Sainsbury's Potato Salad 300g;£0.70/unit;£0.23/100g;Prepared & ready to eat;prepared-salad-herbs;140;1.0;10.6;1.2;10.2;1.5;1.0;0.43;
sainsburys-potato-salad-300g;Sainsbury's Potato Salad 300g;£0.70/unit;£0.23/100g;Vegetarian & meat free;coleslaw--olives--salads---dips-30658-44;140;1.0;10.6;1.2;10.2;1.5;1.0;0.43;
sainsburys-potato-salad-500g;Sainsbury's Potato Salad 500g;£1.10/unit;£0.22/100g;Coleslaw, olives, salads & dips;coleslaw-salads;140;1.0;10.6;1.2;10.2;1.5;1.0;0.43;
sainsburys-potato-salad-500g;Sainsbury's Potato Salad 500g;£1.10/unit;£0.22/100g;Fresh salad;dressings-coleslaw-accompaniments;140;1.0;10.6;1.2;10.2;1.5;1.0;0.43;
sainsburys-potato-salad-500g;Sainsbury's Potato Salad 500g;£1.10/unit;£0.22/100g;Prepared & ready to eat;prepared-salad-herbs;140;1.0;10.6;1.2;10.2;1.5;1.0;0.43;
sainsburys-potato-salad-500g;Sainsbury's Potato Salad 500g;£1.10/unit;£0.22/100g;Vegetarian & meat free;coleslaw--olives--salads---dips-30658-44;140;1.0;10.6;1.2;10.2;1.5;1.0;0.43;
sainsburys-potato-waffles-x12-680g;Sainsbury's Potato Waffles x12 680g;£1.00/unit;£1.47/kg;Chips & potatoes;chips-potatoes;234;2.5;28.0;0.5;12.0;1.2;2.0;0.50;
sainsburys-potatoes--basics-4kg;Sainsbury's Potatoes, Basics 4kg;£1.90/unit;£0.48/kg;Fresh vegetables;potatoes;81;1.8;17.5;0.8;0.5;0.1;1.6;100;
sainsburys-potatoes--basics-540g;Sainsbury's Potatoes, Basics 540g (345g*);£0.20/unit;£0.58/kg;Canned, tinned & packaged foods;canned-tinned-packaged-vegetables;54;1.5;11.5;0.4;0.2;0.0;2.7;0.00;
sainsburys-potatoes-75kg;Sainsbury's Potatoes 7.5kg;£4.00/unit;£0.53/kg;Fresh vegetables;potatoes;73;1.8;15.4;0.6;0.1;0;1.5;100;
sainsburys-poultry-gravy-300g;Sainsbury's Chicken Gravy 300g;£1.50/unit;£0.50/100g;Just Cook, prepared & sauces;stock---gravy;45;3.7;4.1;0.6;1.4;0.3;0.5;0.75;
sainsburys-pour---store-bags-x6;Sainsbury's Pour & Store Bags x6;£1.00/unit;£0.17/ea;Bread;sandwich-bags-food-storage;null;null;null;null;null;null;null;null;
sainsburys-prawn-biryani--be-good-to-yourself-400g;Sainsbury's Prawn Biryani, Be Good To Yourself 400g;£3.00/unit;£7.50/kg;Ready meals;healthier-choice-ready-meals;76;3.6;12.0;3.0;1.0;0.3;2.2;0.36;
sainsburys-prawn-biryani--be-good-to-yourself-400g;Sainsbury's Prawn Biryani, Be Good To Yourself 400g;£3.00/unit;£7.50/kg;Ready meals;indian-ready-meals;76;3.6;12.0;3.0;1.0;0.3;2.2;0.36;
sainsburys-prawn-biryani--be-good-to-yourself-400g;Sainsbury's Prawn Biryani, Be Good To Yourself 400g;£3.00/unit;£7.50/kg;Ready meals;meals-for-1-ready-meals;76;3.6;12.0;3.0;1.0;0.3;2.2;0.36;
sainsburys-prawn-cocktail--reduced-fat--be-good-to-yourself-200g;Sainsbury's Prawn Cocktail Reduced Fat, Be Good To Yourself 200g;£2.80/unit;£1.40/100g;Cooked meats & snacking;mfp-cooked-fish-seafood;165;9.3;4.5;2.5;12.1;0.8;0.5;1.00;
sainsburys-prawn-cocktail--reduced-fat--be-good-to-yourself-200g;Sainsbury's Prawn Cocktail Reduced Fat, Be Good To Yourself 200g;£2.80/unit;£1.40/100g;Cooked meats & snacking;mfp-snacking-cooked-sausage;165;9.3;4.5;2.5;12.1;0.8;0.5;1.00;
sainsburys-prawn-cocktail--reduced-fat--be-good-to-yourself-200g;Sainsbury's Prawn Cocktail Reduced Fat, Be Good To Yourself 200g;£2.80/unit;£1.40/100g;Cooked meats, pate & sandwich fillers;cooked-fish-seafood;165;9.3;4.5;2.5;12.1;0.8;0.5;1.00;
sainsburys-prawn-cocktail--reduced-fat--be-good-to-yourself-200g;Sainsbury's Prawn Cocktail Reduced Fat, Be Good To Yourself 200g;£2.80/unit;£1.40/100g;Cooked meats, pate & sandwich fillers;snacking-cooked-sausage;165;9.3;4.5;2.5;12.1;0.8;0.5;1.00;
sainsburys-prawn-cocktail--reduced-fat--be-good-to-yourself-200g;Sainsbury's Prawn Cocktail Reduced Fat, Be Good To Yourself 200g;£2.80/unit;£1.40/100g;Fish & seafood;canapes-snacking;165;9.3;4.5;2.5;12.1;0.8;0.5;1.00;
sainsburys-prawn-cocktail--reduced-fat--be-good-to-yourself-200g;Sainsbury's Prawn Cocktail Reduced Fat, Be Good To Yourself 200g;£2.80/unit;£1.40/100g;Fish & seafood;prawns-shellfish;165;9.3;4.5;2.5;12.1;0.8;0.5;1.00;
sainsburys-prawn-cocktail--taste-the-difference-200g;Sainsbury's Prawn Cocktail, Taste the Difference 200g;£3.30/unit;£1.65/100g;Cooked meats & snacking;mfp-cooked-fish-seafood;311;10.8;1.7;1.7;28.9;3.3;0.5;1.33;
sainsburys-prawn-cocktail--taste-the-difference-200g;Sainsbury's Prawn Cocktail, Taste the Difference 200g;£3.30/unit;£1.65/100g;Cooked meats & snacking;mfp-cooked-meats-snacking-taste-the-difference;311;10.8;1.7;1.7;28.9;3.3;0.5;1.33;
sainsburys-prawn-cocktail--taste-the-difference-200g;Sainsbury's Prawn Cocktail, Taste the Difference 200g;£3.30/unit;£1.65/100g;Cooked meats & snacking;mfp-snacking-cooked-sausage;311;10.8;1.7;1.7;28.9;3.3;0.5;1.33;
sainsburys-prawn-cocktail--taste-the-difference-200g;Sainsbury's Prawn Cocktail, Taste the Difference 200g;£3.30/unit;£1.65/100g;Cooked meats, pate & sandwich fillers;cooked-fish-seafood;311;10.8;1.7;1.7;28.9;3.3;0.5;1.33;
sainsburys-prawn-cocktail--taste-the-difference-200g;Sainsbury's Prawn Cocktail, Taste the Difference 200g;£3.30/unit;£1.65/100g;Cooked meats, pate & sandwich fillers;cooked-meats-taste-the-difference;311;10.8;1.7;1.7;28.9;3.3;0.5;1.33;
sainsburys-prawn-cocktail--taste-the-difference-200g;Sainsbury's Prawn Cocktail, Taste the Difference 200g;£3.30/unit;£1.65/100g;Cooked meats, pate & sandwich fillers;snacking-cooked-sausage;311;10.8;1.7;1.7;28.9;3.3;0.5;1.33;
sainsburys-prawn-cocktail--taste-the-difference-200g;Sainsbury's Prawn Cocktail, Taste the Difference 200g;£3.30/unit;£1.65/100g;Fish & seafood;canapes-snacking;311;10.8;1.7;1.7;28.9;3.3;0.5;1.33;
sainsburys-prawn-cocktail--taste-the-difference-200g;Sainsbury's Prawn Cocktail, Taste the Difference 200g;£3.30/unit;£1.65/100g;Fish & seafood;prawns-shellfish;311;10.8;1.7;1.7;28.9;3.3;0.5;1.33;
sainsburys-prawn-cocktail--taste-the-difference-200g;Sainsbury's Prawn Cocktail, Taste the Difference 200g;£3.30/unit;£1.65/100g;Organic & Taste the Difference;organic-taste-the-difference;311;10.8;1.7;1.7;28.9;3.3;0.5;1.33;
sainsburys-prawn-cocktail-200g;Sainsbury's Prawn Cocktail 200g;£2.80/unit;£1.40/100g;Cooked meats & snacking;mfp-cooked-fish-seafood;296;9.4;1.9;1.7;27.7;1.8;0.5;1.17;
sainsburys-prawn-cocktail-200g;Sainsbury's Prawn Cocktail 200g;£2.80/unit;£1.40/100g;Cooked meats & snacking;mfp-snacking-cooked-sausage;296;9.4;1.9;1.7;27.7;1.8;0.5;1.17;
sainsburys-prawn-cocktail-200g;Sainsbury's Prawn Cocktail 200g;£2.80/unit;£1.40/100g;Cooked meats, pate & sandwich fillers;cooked-fish-seafood;296;9.4;1.9;1.7;27.7;1.8;0.5;1.17;
sainsburys-prawn-cocktail-200g;Sainsbury's Prawn Cocktail 200g;£2.80/unit;£1.40/100g;Cooked meats, pate & sandwich fillers;snacking-cooked-sausage;296;9.4;1.9;1.7;27.7;1.8;0.5;1.17;
sainsburys-prawn-cocktail-200g;Sainsbury's Prawn Cocktail 200g;£2.80/unit;£1.40/100g;Fish & seafood;canapes-snacking;296;9.4;1.9;1.7;27.7;1.8;0.5;1.17;
sainsburys-prawn-cocktail-200g;Sainsbury's Prawn Cocktail 200g;£2.80/unit;£1.40/100g;Fish & seafood;prawns-shellfish;296;9.4;1.9;1.7;27.7;1.8;0.5;1.17;
sainsburys-prawn-cocktails-shells-85g;Sainsbury's Prawn Cocktail Shells 85g;£1.00/unit;£1.18/100g;Crisps, nuts & snacking fruit;crisps;531;6.1;60.1;8.9;29.3;2.7;1.0;2.25;
sainsburys-prawn-crackers-50g;Sainsbury's Prawn Crackers 50g;£1.00/unit;£20.00/kg;Ready meals;oriental-ready-meals;530;2.5;59.9;8.2;30.9;2.7;1.4;2.40;
sainsburys-prawn-crackers-80g-7688340-p-44;Sainsbury's Prawn Crackers 80g;£1.20/unit;£1.50/100g;Cooking sauces & world foods;chinese-cooking-sauces;530;2.5;60.0;8.2;31.0;2.7;1.4;2.4;
sainsburys-prawn-crackers-80g-7688340-p-44;Sainsbury's Prawn Crackers 80g;£1.20/unit;£1.50/100g;Cooking sauces & world foods;thai-cooking-sauces;530;2.5;60.0;8.2;31.0;2.7;1.4;2.4;
sainsburys-prawn-crackers-80g;Sainsbury's Prawn Crackers 80g;£1.20/unit;£1.50/100g;Crisps, nuts & snacking fruit;crisps;530;2.5;60;8.2;31;2.7;1.4;2.4;
sainsburys-prawn-curry--basics-400g;Sainsbury's Prawn Curry, Basics 400g;£1.00/unit;£2.50/kg;Ready meals & pies;frozen-ready-meals;130;4.3;22.5;2.4;2.0;1.7;2.3;0.44;
sainsburys-prawn-layered-salad--be-good-to-yourself-200g;Sainsbury's Prawn Layered Salad, Be Good To Yourself 200g;£2.00/unit;£1.00/100g;Coleslaw, olives, salads & dips;coleslaw-salads;105;4.5;15.3;3.3;2.5;0.3;1.4;0.30;
sainsburys-prawn-layered-salad--be-good-to-yourself-200g;Sainsbury's Prawn Layered Salad, Be Good To Yourself 200g;£2.00/unit;£1.00/100g;Soup & lunchtime snacks;lunchtime-snacks;105;4.5;15.3;3.3;2.5;0.3;1.4;0.30;
sainsburys-prawn-layered-salad-380g;Sainsbury's Prawn Layered Salad 380g;£2.50/unit;£0.66/100g;Coleslaw, olives, salads & dips;coleslaw-salads;106;4.6;14.2;2.9;3.1;0.2;1.2;0.55;
sainsburys-prawn-layered-salad-380g;Sainsbury's Prawn Layered Salad 380g;£2.50/unit;£0.66/100g;Soup & lunchtime snacks;lunchtime-snacks;106;4.6;14.2;2.9;3.1;0.2;1.2;0.55;
sainsburys-prawn-layered-sld;Sainsbury's Prawn Layered Salad 380g;£2.50/unit;£0.66/100g;Coleslaw, olives, salads & dips;coleslaw-salads;119;4.3;12.1;2.6;5.5;0.5;2.1;0.38;
sainsburys-prawn-layered-sld;Sainsbury's Prawn Layered Salad 380g;£2.50/unit;£0.66/100g;Fresh salad;fresh-salad-prepared-ready-to-eat;119;4.3;12.1;2.6;5.5;0.5;2.1;0.38;
sainsburys-prawn-layered-sld;Sainsbury's Prawn Layered Salad 380g;£2.50/unit;£0.66/100g;Soup & lunchtime snacks;lunchtime-snacks;119;4.3;12.1;2.6;5.5;0.5;2.1;0.38;
sainsburys-prawn-spring-rolls-x6-170g;Sainsbury's Prawn Spring Rolls x6 170g;£2.00/unit;£11.76/kg;Ready meals;oriental-ready-meals;209;8.4;27.1;4.1;7.1;1.0;1.8;1.33;
sainsburys-prawn-toasts-x8-256g;Sainsbury's Prawn Toasts x8 256g;£3.00/unit;£11.72/kg;Ready meals;oriental-ready-meals;351;11.4;21.2;7.1;24.1;2.1;2.0;1.02;
sainsburys-pre-soaked-mixed-fruit-500g;Sainsbury's Pre Soaked Mixed Fruit 500g;£2.00/unit;£4.00/kg;Sugar & home baking;dried-fruit---peel;249;2.5;57.8;54.3;0.6;0.2;1.3;0.08;
sainsburys-premium-beef-burger--so-organic-x2-228g;Sainsbury's Premium Beef Burger, SO Organic x2 228g;£2.20/unit;£9.65/kg;Beef;beef;231;17.8;2.1;0.5;16.8;7.0;0.5;0.75;
sainsburys-premium-beef-burger--so-organic-x2-228g;Sainsbury's Premium Beef Burger, SO Organic x2 228g;£2.20/unit;£9.65/kg;Burgers & BBQ;burgers-bbq;231;17.8;2.1;0.5;16.8;7.0;0.5;0.75;
sainsburys-premium-beef-burger--so-organic-x2-228g;Sainsbury's Premium Beef Burger, SO Organic x2 228g;£2.20/unit;£9.65/kg;Great prices on meat & fish;great-prices-on-meat---fish;231;17.8;2.1;0.5;16.8;7.0;0.5;0.75;
sainsburys-premium-beef-burger--so-organic-x2-228g;Sainsbury's Premium Beef Burger, SO Organic x2 228g;£2.20/unit;£9.65/kg;Organic & Taste the Difference;organic-taste-the-difference;231;17.8;2.1;0.5;16.8;7.0;0.5;0.75;
sainsburys-premium-peeled-plum-tomatoes-227g;Sainsbury's Premium Peeled Plum Tomatoes 227g;£0.35/unit;£1.54/kg;Canned, tinned & packaged foods;canned-tinned-packaged-tomatoes;20;1.1;3.5;3.1;0.5;0.1;0.8;0.01;
sainsburys-premium-peeled-plum-tomatoes-400g;Sainsbury's Premium Peeled Plum Tomatoes 400g;£0.50/unit;£1.25/kg;Canned, tinned & packaged foods;canned-tinned-packaged-tomatoes;20;1.1;3.5;3.1;0.5;0.1;0.8;0.01;
sainsburys-premium-peeled-plum-tomatoes-4x400g;Sainsbury's Premium Peeled Plum Tomatoes 4x400g;£1.50/unit;£0.94/kg;Canned, tinned & packaged foods;canned-tinned-packaged-tomatoes;20;1.1;3.5;3.1;0.5;0.1;0.8;0.01;
sainsburys-prepared-butternut-squash-320g;Sainsbury's Prepared Butternut Squash 320g;£1.50/unit;£4.69/kg;Fresh vegetables;courgette-aubergine-squash;41;0.9;6.9;3.7;0.1;0.0;4.3;0;
sainsburys-prepared-butternut-squash-320g;Sainsbury's Prepared Butternut Squash 320g;£1.50/unit;£4.69/kg;Prepared & ready to eat;prepared-vegetables;41;0.9;6.9;3.7;0.1;0.0;4.3;0;
sainsburys-preserved-sliced-lemons-180g;Sainsbury's Preserved Sliced Lemons 180g;£2.29/unit;£1.27/100g;Vinegar, pickles, olives & antipasti;pickled-food;220;1.4;11.5;7.0;17.7;2.9;null;0.25;
sainsburys-pretzels--salted-150g;Sainsbury's Salted Pretzels 150g;£1.20/unit;£0.80/100g;Crisps, nuts & snacking fruit;party-nibbles-bites;393;10;77;1.8;4.2;0.5;3.6;1.5;
sainsburys-prime-smoked-gammon-steak-x2-450g;Sainsbury's Prime Smoked Gammon Steak x2 450g;£3.30/unit;£7.33/kg;Bacon & gammon;gammon;168;24.1;0.5;0.5;7.9;3.0;0.5;3.80;
sainsburys-prime-smoked-gammon-steak-x2-450g;Sainsbury's Prime Smoked Gammon Steak x2 450g;£3.30/unit;£7.33/kg;Great prices on meat & fish;great-prices-on-meat---fish;168;24.1;0.5;0.5;7.9;3.0;0.5;3.80;
sainsburys-princess-castle-cake-%28serves-16%29;Sainsbury's Princess Castle Cake (Serves 16);£10.00/unit;£10.00/ea;Celebration cakes;celebration-cakes;410;2.3;70;54;13;6.0;1.7;0.30;
sainsburys-princess-fairy-cake-270g;Sainsbury's Princess Fairy Cake Mix 270g;£1.40/unit;£5.19/kg;Sugar & home baking;cake-sweet-mixes;412;4.0;56.1;37.1;18.8;10.2;1.3;0.31;
sainsburys-princess-fairy-cupcakes-x9;Sainsbury's Princess Fairy Cupcakes x9;£1.50/unit;£0.17/ea;Cakes;muffins-small-cakes;447;2.6;67;63;19;3.8;0.5;0.43;
sainsburys-princess-fairy-cupcakes-x9;Sainsbury's Princess Fairy Cupcakes x9;£1.50/unit;£0.17/ea;Celebration cakes;celebration-cakes;447;2.6;67;63;19;3.8;0.5;0.43;
sainsburys-princess-sprinkles-90g;Sainsbury's Cake Decorations, Princess Sprinkles 90g;£2.50/unit;£2.78/100g;Sugar & home baking;decorations;402;0.5;95.7;85.4;1.8;0.5;0.6;0.05;
sainsburys-processed-peas-in-water-sugar---salt-added--basics-300g;Sainsbury's Processed Peas, Basics 300g (190g*);£0.25/unit;£1.32/kg;Canned, tinned & packaged foods;canned-tinned-packaged-vegetables;70;4.1;11.1;0.5;0.5;0.1;3.4;0.15;
sainsburys-processed-peas-sugar---salt-added-300g;Sainsbury's Processed Peas Sugar & Salt Added 300g (190g*);£0.40/unit;£2.11/kg;Canned, tinned & packaged foods;canned-tinned-packaged-vegetables;81;5.3;11.6;0.7;0.5;0.1;4.7;0.34;
sainsburys-profiterole-dessert-115g;Sainsbury's Profiterole Dessert 115g;£1.50/unit;£1.30/100g;Desserts & cream;desserts;344;5.3;24.6;17.4;24.7;13.2;1.2;0.19;
sainsburys-profiterole-dessert-356g;Sainsbury's Profiterole Dessert 356g;£4.00/unit;£1.12/100g;Desserts & cream;desserts;350;4.9;24.8;20.7;25.4;14.3;1.4;0.13;
sainsburys-profiteroles-with-chocolate-sauce-x20-320g-%28serves-4%29;Sainsbury's Profiteroles With Chocolate Sauce x20 320g;£2.00/unit;£0.63/100g;Ice cream & desserts;frozen-cold-desserts;341;4.8;29.6;17.4;22.4;14.9;0.9;0.18;
sainsburys-prosciutto-cotto--taste-the-difference-120g;Sainsbury's Italian Prosciutto Cotto Di Vignola, Taste the Difference 120g;£3.00/unit;£2.50/100g;Cooked meats & snacking;mfp-continental-meats;168;19.0;0.5;0.5;10.0;4.5;0.5;1.70;
sainsburys-prosciutto-cotto--taste-the-difference-120g;Sainsbury's Italian Prosciutto Cotto Di Vignola, Taste the Difference 120g;£3.00/unit;£2.50/100g;Cooked meats, pate & sandwich fillers;continental-meats;168;19.0;0.5;0.5;10.0;4.5;0.5;1.70;
sainsburys-prosciutto-di-san-daniele--taste-the-difference-70g;Sainsbury's Italian Prosciutto Di San Daniele, Taste the Difference 70g;£3.00/unit;£4.29/100g;Cooked meats & snacking;mfp-continental-meats;301;26.8;2.8;0.5;20.2;7.2;0.6;4.00;
sainsburys-prosciutto-di-san-daniele--taste-the-difference-70g;Sainsbury's Italian Prosciutto Di San Daniele, Taste the Difference 70g;£3.00/unit;£4.29/100g;Cooked meats & snacking;mfp-cooked-meats-snacking-taste-the-difference;301;26.8;2.8;0.5;20.2;7.2;0.6;4.00;
sainsburys-prosciutto-di-san-daniele--taste-the-difference-70g;Sainsbury's Italian Prosciutto Di San Daniele, Taste the Difference 70g;£3.00/unit;£4.29/100g;Cooked meats, pate & sandwich fillers;continental-meats;301;26.8;2.8;0.5;20.2;7.2;0.6;4.00;
sainsburys-prosciutto-di-san-daniele--taste-the-difference-70g;Sainsbury's Italian Prosciutto Di San Daniele, Taste the Difference 70g;£3.00/unit;£4.29/100g;Cooked meats, pate & sandwich fillers;cooked-meats-taste-the-difference;301;26.8;2.8;0.5;20.2;7.2;0.6;4.00;
sainsburys-prosciutto-di-speck--taste-the-difference-80g;Sainsbury's Italian Prosciutto Di Speck, Taste the Difference 80g;£3.00/unit;£3.75/100g;Cooked meats & snacking;mfp-continental-meats;293;26.3;1.5;0.5;20.2;7.2;0.5;3.94;
sainsburys-prosciutto-di-speck--taste-the-difference-80g;Sainsbury's Italian Prosciutto Di Speck, Taste the Difference 80g;£3.00/unit;£3.75/100g;Cooked meats & snacking;mfp-cooked-meats-snacking-taste-the-difference;293;26.3;1.5;0.5;20.2;7.2;0.5;3.94;
sainsburys-prosciutto-di-speck--taste-the-difference-80g;Sainsbury's Italian Prosciutto Di Speck, Taste the Difference 80g;£3.00/unit;£3.75/100g;Cooked meats, pate & sandwich fillers;continental-meats;293;26.3;1.5;0.5;20.2;7.2;0.5;3.94;
sainsburys-prosciutto-di-speck--taste-the-difference-80g;Sainsbury's Italian Prosciutto Di Speck, Taste the Difference 80g;£3.00/unit;£3.75/100g;Cooked meats, pate & sandwich fillers;cooked-meats-taste-the-difference;293;26.3;1.5;0.5;20.2;7.2;0.5;3.94;
sainsburys-prunes--californian--pitted--in-juice-290g;Sainsbury's Prunes, Californian, Pitted, in Juice 290g;£0.65/unit;£2.24/kg;Canned, tinned & packaged foods;canned-tinned-packaged-fruit;123;1.2;27.2;19.0;0.5;0.2;2.3;0.04;
sainsburys-prunes--californian--pitted--in-juice-290g;Sainsbury's Prunes, Californian, Pitted, in Juice 290g;£0.65/unit;£2.24/kg;Fruit & desserts;dessert-fruit;123;1.2;27.2;19.0;0.5;0.2;2.3;0.04;
sainsburys-prunes--unsweetened-in-juice-410g;Sainsbury's Prunes, Unsweetened In Juice 410g;£0.80/unit;£1.95/kg;Canned, tinned & packaged foods;canned-tinned-packaged-fruit;105;1.0;23.5;16.9;0.5;0.1;1.9;0.07;
sainsburys-prunes--unsweetened-in-juice-410g;Sainsbury's Prunes, Unsweetened In Juice 410g;£0.80/unit;£1.95/kg;Fruit & desserts;dessert-fruit;105;1.0;23.5;16.9;0.5;0.1;1.9;0.07;
sainsburys-prunes-40g;Sainsbury's Prunes 40g;£0.50/unit;£1.25/100g;Sugar & home baking;dried-fruit---peel;160;2.5;33.8;33.8;0.5;0.1;5.7;0.03;
sainsburys-prunes-500g;Sainsbury's Prunes 500g;£2.00/unit;£4.00/kg;Sugar & home baking;dried-fruit---peel;160;2.5;33.8;33.8;0.5;0.1;5.7;0.03;
sainsburys-prunes-multipack-5x40g;Sainsbury's Prunes Multipack 5x40g;£2.00/unit;£1.00/100g;Sugar & home baking;dried-fruit---peel;160;2.5;33.8;33.8;0.5;0.1;5.7;0.03;
sainsburys-pub-special-steak---ale-pies-x2-400g;Sainsbury's Pub Special Steak & Ale Pies x2 400g;£3.00/unit;£0.75/100g;Ready meals & pies;frozen-pies;258;11.5;22.4;1.3;13.1;5.9;2.6;0.56;
sainsburys-pub-specials-beef-lasagne-450g;Sainsbury's Pub Specials Beef Lasagne 450g;£2.50/unit;£5.56/kg;Ready meals & pies;frozen-ready-meals;151;8.3;18.0;2.2;4.8;2.5;1.2;0.60;
sainsburys-pub-specials-chicken---bacon-risotto-450g;Sainsbury's Pub Specials Chicken & Bacon Risotto 450g;£2.50/unit;£5.56/kg;Ready meals & pies;frozen-ready-meals;156;8.9;16.7;1.3;5.8;3.1;0.8;0.52;
sainsburys-pub-specials-chicken-breast-in-a-bbq-sauce-with-potato-wedges-450g;Sainsbury's Pub Specials Chicken Breast In A BBQ Sauce With Potato Wedges 450g;£2.50/unit;£5.56/kg;Ready meals & pies;frozen-ready-meals;125;9.1;14.2;4.5;3.2;0.9;1.7;0.62;
sainsburys-pub-specials-chicken-in-red-wine-450g;Sainsbury's Pub Specials Chicken In Red Wine 450g;£2.50/unit;£5.56/kg;Ready meals & pies;frozen-ready-meals;111;5.9;10.5;1.1;4.8;2.2;0.9;0.54;
sainsburys-pub-specials-creamy-peppercorn-chicken-with-saut%C3%A9ed-potatoes-450g;Sainsbury's Pub Specials Creamy Peppercorn Chicken 450g;£2.50/unit;£5.56/kg;Ready meals & pies;frozen-ready-meals;115;5.9;11.5;1.6;4.7;1.8;1.5;0.53;
sainsburys-pub-specials-gammon-hock-in-a-cider-sauce-with-mustard-mash-450g;Sainsbury's Pub Specials Gammon Hock In A Cider Sauce With Mustard Mash 450g;£2.50/unit;£5.56/kg;Ready meals & pies;frozen-ready-meals;94;5.5;8.4;1.5;4.0;1.5;1.1;0.54;
sainsburys-pub-specials-slow-cooked-beef-in-red-wine-with-gratin-potatoes-450g;Sainsbury's Pub Specials Slow Cooked Beef In Red Wine With Gratin Potatoes 450g;£2.50/unit;£5.56/kg;Ready meals & pies;frozen-ready-meals;121;7.8;11.2;2.2;4.8;2.4;0.8;0.62;
sainsburys-pudding-rice-500g;Sainsbury's Pudding Rice 500g;£1.00/unit;£2.00/kg;Fruit & desserts;rice-sponge-pudding;348;6.6;78.3;0.1;0.6;0.2;1.4;0;
sainsburys-puff-pastry-500g;Sainsbury's Butter Puff Pastry 500g;£1.00/unit;£0.20/100g;Ice cream & desserts;frozen-pastry-baking;446;4.7;37.9;1.5;30.2;13.3;1.8;0.50;
sainsburys-puff-pastry-500g;Sainsbury's Butter Puff Pastry 500g;£1.00/unit;£0.20/100g;Ready meals & pies;frozen-baking-pastry;446;4.7;37.9;1.5;30.2;13.3;1.8;0.50;
sainsburys-puffed-wheat-160g;Sainsbury's Puffed Wheat 160g;£1.10/unit;£0.69/100g;Breakfast cereals;family-cereals;376;15;70;0.6;2.4;0.6;9.2;0.01;
sainsburys-puglian-extra-virgin-olive-oil--taste-the-difference-500ml;Sainsbury's Puglian Extra Virgin Olive Oil, Taste the Difference 500ml;£5.75/unit;£1.15/100ml;Cooking ingredients & oils;oils;823;0.5;0.5;0.5;91.4;13.1;0.5;0.01;
sainsburys-puglian-extra-virgin-olive-oil--taste-the-difference-500ml;Sainsbury's Puglian Extra Virgin Olive Oil, Taste the Difference 500ml;£5.75/unit;£1.15/100ml;Table sauces, dressings & condiments;salad-dressings;823;0.5;0.5;0.5;91.4;13.1;0.5;0.01;
sainsburys-pulled-pork-burrito-400g;Sainsbury's Pulled Pork Burrito 400g;£3.00/unit;£7.50/kg;Ready meals;meals-for-1-ready-meals;164;6.8;24.1;3.7;4.0;1.3;2.7;0.51;
sainsburys-pulled-pork-burrito-400g;Sainsbury's Pulled Pork Burrito 400g;£3.00/unit;£7.50/kg;Ready meals;mexican-caribbean-american-ready-meals;164;6.8;24.1;3.7;4.0;1.3;2.7;0.51;
sainsburys-pulled-pork-pastries-82g;Sainsbury's Pulled Pork Pastries 82g;£2.50/unit;£3.05/100g;Pies, pasties & quiche;slices-pasties;268;8.9;32.5;6.2;11.0;1.7;1.6;0.90;
sainsburys-pulled-pork-pastries-82g;Sainsbury's Pulled Pork Pastries 82g;£2.50/unit;£3.05/100g;Soup & lunchtime snacks;lunchtime-snacks;268;8.9;32.5;6.2;11.0;1.7;1.6;0.90;
sainsburys-pulled-pork-pizza-12-quot%3B--taste-the-difference;Sainsbury's BBQ Pulled Pork Pizza, Taste the Difference 12''485g;£5.00/unit;£10.31/kg;Pizza, pasta & garlic bread;pizza;272;12.0;34.5;9.2;9.1;2.5;2.2;1.18;
sainsburys-pumpkin---sage-quadrotti--taste-the-difference-250g;Sainsbury's Pumpkin & Sage Quadrotti, Taste the Difference 250g;£2.50/unit;£10.00/kg;Pizza, pasta & garlic bread;fresh-pasta-sauces;163;6.6;21.3;3.7;5.0;2.0;3.4;1.08;
sainsburys-pumpkin-seed--cranberry---orange-bread--taste-the-difference-400g;Sainsbury's Cranberry, Orange & Pumpkin Seed Loaf, Taste the Difference 400g;£1.25/unit;£0.32/100g;Bread;bread-from-our-bakery2;null;null;null;null;null;null;null;null;
sainsburys-pumpkin-seed--cranberry---orange-bread--taste-the-difference-400g;Sainsbury's Cranberry, Orange & Pumpkin Seed Loaf, Taste the Difference 400g;£1.25/unit;£0.32/100g;From our in store bakery;bread-from-our-bakery;null;null;null;null;null;null;null;null;
sainsburys-pumpkin-seeds-100g;Sainsbury's Pumpkin Seeds 100g;£0.85/unit;£8.50/kg;Crisps, nuts & snacking fruit;snacking-fruit-seeds;593;30.2;4.7;1.4;49.1;8.7;6.0;0.02;
sainsburys-pumpkin-seeds-100g;Sainsbury's Pumpkin Seeds 100g;£0.85/unit;£8.50/kg;Sugar & home baking;nuts---seeds;593;30.2;4.7;1.4;49.1;8.7;6.0;0.02;
sainsburys-pure-indulgence-peanut-ice-cream-sticks-x3-240ml;Sainsbury's Pure Indulgence Peanut Ice Cream Sticks x3 240ml;£2.50/unit;£1.04/100ml;Ice cream & desserts;lollies-bars-cones;402;6.9;35.8;31.6;25.6;12.2;0.6;0.26;
sainsburys-purple-sprouting-broccoli-spears--taste-the-difference-200g;Sainsbury's Purple Sprouting Broccoli Spears, Taste the Difference 200g;£1.90/unit;£9.50/kg;Fresh vegetables;broccoli-cauliflower-cabbage-greens;43;3.9;2.5;2.0;1.1;0.2;3.5;0.03;
sainsburys-purple-sprouting-broccoli-spears--taste-the-difference-200g;Sainsbury's Purple Sprouting Broccoli Spears, Taste the Difference 200g;£1.90/unit;£9.50/kg;In season;new-in-season;43;3.9;2.5;2.0;1.1;0.2;3.5;0.03;
sainsburys-purple-sprouting-broccoli-spears--taste-the-difference-200g;Sainsbury's Purple Sprouting Broccoli Spears, Taste the Difference 200g;£1.90/unit;£9.50/kg;Taste the Difference;taste-the-difference-185761-44;43;3.9;2.5;2.0;1.1;0.2;3.5;0.03;
sainsburys-puttanesca-pasta-sauce--taste-the-difference-340g;Sainsbury's Pasta Sauce, Puttanesca Taste the Difference 340g;£1.40/unit;£0.41/100g;Cooking sauces & world foods;italian-cooking-sauces;118;1.7;5.6;5.1;9.4;1.6;1.9;1.30;
sainsburys-quadruple-chocolate-cookies--taste-the-difference-200g;Sainsbury's Quadruple Chocolate Cookies, Taste the Difference 200g;£1.75/unit;£0.88/100g;Biscuits & crackers;cookies;522;5.7;61.3;38.1;27.9;17.9;1.6;0.75;
sainsburys-quadruple-chocolate-cookies--taste-the-difference-200g;Sainsbury's Quadruple Chocolate Cookies, Taste the Difference 200g;£1.75/unit;£0.88/100g;Biscuits & crackers;luxury-continental-biscuits;522;5.7;61.3;38.1;27.9;17.9;1.6;0.75;
sainsburys-quark--be-good-to-yourself-250g;Sainsbury's Quark, Be Good To Yourself 250g;£1.00/unit;£4.00/kg;Butter, spreads & baking;cooking-and-baking1;64;11.6;3.7;3.7;0.5;0.1;0.5;0.13;
sainsburys-quark--be-good-to-yourself-250g;Sainsbury's Quark, Be Good To Yourself 250g;£1.00/unit;£4.00/kg;Cheese;cottage-cheese---healthier-choice;64;11.6;3.7;3.7;0.5;0.1;0.5;0.13;
sainsburys-quarterpounder-with-west-country-cheddar---onion--taste-the-difference-454g;Sainsbury's Quarter Pounder With West Country Cheddar & Onion, Taste the Difference 454g;£3.00/unit;£6.61/kg;Meat & poultry;frozen-beef;271;23.8;3.4;0.5;17.9;8.5;0.5;0.95;
sainsburys-quarterpounder-with-west-country-cheddar---onion--taste-the-difference-454g;Sainsbury's Quarter Pounder With West Country Cheddar & Onion, Taste the Difference 454g;£3.00/unit;£6.61/kg;Meat & poultry;frozen-burgers-sausages;271;23.8;3.4;0.5;17.9;8.5;0.5;0.95;
sainsburys-queen-%28each%29-6291541-p-44;Sainsbury's Queen (each);£3.00/kg;£3.00/kg;Fresh fruit;citrus-fruit;null;null;null;null;null;null;null;null;
sainsburys-queen-citrus-x4-%28minimum%29;Sainsbury's Queen Citrus x4 (minimum);£1.75/unit;£0.35/ea;Fresh fruit;citrus-fruit;41;0.9;8.5;8.5;0.5;0.1;1.3;0.01;
sainsburys-queen-green-olives--lemon---corriander-180g;Sainsbury's Queen Olives with Lemon & Coriander 180g;£2.30/unit;£1.28/100g;Coleslaw, olives, salads & dips;olives-tapas-antipasti;128;1.4;10.5;0.5;8.3;1.1;3.1;3.41;
sainsburys-queen-green-olives--lemon---corriander-180g;Sainsbury's Queen Olives with Lemon & Coriander 180g;£2.30/unit;£1.28/100g;Vegetarian & meat free;deli-meat-alternatives;128;1.4;10.5;0.5;8.3;1.1;3.1;3.41;
sainsburys-queen-green-olives-with-chimichuri-180g;Sainsbury's Chimichuri Olives 180g;£1.50/unit;£0.83/100g;Coleslaw, olives, salads & dips;olives-tapas-antipasti;125;1.8;0.7;0.7;12.2;1.8;2.6;3.83;
sainsburys-quiche-lorraine--taste-the-difference-400g;Sainsbury's Quiche Lorraine, Taste the Difference 400g;£3.10/unit;£0.78/100g;Pies, pasties & quiche;quiche;292;8.2;17.6;2.9;20.7;10.8;1.1;0.41;
sainsburys-quiche-lorraine-170g;Sainsbury's Quiche Lorraine 170g;£1.00/unit;£0.59/100g;Pies, pasties & quiche;quiche;275;9.9;16.2;1.5;18.6;8.8;1.7;0.40;
sainsburys-quiche-lorraine-170g;Sainsbury's Quiche Lorraine 170g;£1.00/unit;£0.59/100g;Soup & lunchtime snacks;lunchtime-snacks;275;9.9;16.2;1.5;18.6;8.8;1.7;0.40;
sainsburys-quiche-lorraine-400g;Sainsbury's Quiche Lorraine 400g;£2.40/unit;£0.60/100g;Pies, pasties & quiche;quiche;280;10.2;18.0;1.2;18.3;8.8;1.3;0.75;
sainsburys-quick-cook-fusilli-500g;Sainsbury's Quick Cook Fusilli 500g;£0.85/unit;£1.70/kg;Rice, pasta & noodles;pasta;160;4.4;33.6;0.6;0.6;0.1;1.4;0.01;
sainsburys-quick-cook-lamb-chops-225g;Sainsbury's Quick Cook Lamb Chops 275g;£3.30/unit;£12.00/kg;Burgers & BBQ;burgers-bbq;303;24.4;2.8;0.5;21.6;10.3;0.5;0.33;
sainsburys-quick-cook-lamb-chops-225g;Sainsbury's Quick Cook Lamb Chops 275g;£3.30/unit;£12.00/kg;Great prices on meat & fish;great-prices-on-meat---fish;303;24.4;2.8;0.5;21.6;10.3;0.5;0.33;
sainsburys-quick-cook-lamb-chops-225g;Sainsbury's Quick Cook Lamb Chops 275g;£3.30/unit;£12.00/kg;Lamb;lamb;303;24.4;2.8;0.5;21.6;10.3;0.5;0.33;
sainsburys-quick-cook-penne-500g;Sainsbury's Quick Cook Penne 500g;£0.85/unit;£1.70/kg;Rice, pasta & noodles;pasta;160;4.4;33.6;0.6;0.6;0.1;1.4;0.01;
sainsburys-quick-cook-turkey-steaks-428g;Sainsbury's British Quick Cook Turkey Breast Steaks 428g;£3.30/unit;£7.71/kg;Burgers & BBQ;burgers-bbq;162;36.0;0.5;0.5;1.8;0.5;0.5;0.25;
sainsburys-quick-cook-turkey-steaks-428g;Sainsbury's British Quick Cook Turkey Breast Steaks 428g;£3.30/unit;£7.71/kg;Great prices on meat & fish;great-prices-on-meat---fish;162;36.0;0.5;0.5;1.8;0.5;0.5;0.25;
sainsburys-quick-cook-turkey-steaks-428g;Sainsbury's British Quick Cook Turkey Breast Steaks 428g;£3.30/unit;£7.71/kg;Turkey;turkey;162;36.0;0.5;0.5;1.8;0.5;0.5;0.25;
sainsburys-quick-to-cook-noodles-x2-150g;Sainsbury's Noodles Quick To Cook x2 150g;£1.10/unit;£3.67/kg;Cooking sauces & world foods;chinese-cooking-sauces;164;5.7;30.3;1.1;1.9;0.3;1.4;0.21;
sainsburys-quick-to-cook-noodles-x2-150g;Sainsbury's Noodles Quick To Cook x2 150g;£1.10/unit;£3.67/kg;Rice, pasta & noodles;noodles;164;5.7;30.3;1.1;1.9;0.3;1.4;0.21;
sainsburys-quinoa-300g;Sainsbury's Quinoa 300g;£1.80/unit;£6.00/kg;Canned, tinned & packaged foods;pulses-beans;111;4.6;16.7;0.5;2.2;0.7;3.2;0.02;
sainsburys-rack-of-pork-loin-ribs-%28approx-480g%29;Sainsbury's British Pork Rib Rack (approx. 480g);£6.95/kg;£6.95/kg;Burgers & BBQ;burgers-bbq;267;24.6;0.5;0.5;18.4;7.5;0.5;0.31;
sainsburys-rack-of-pork-loin-ribs-%28approx-480g%29;Sainsbury's British Pork Rib Rack (approx. 480g);£6.95/kg;£6.95/kg;Pork;pork;267;24.6;0.5;0.5;18.4;7.5;0.5;0.31;
sainsburys-rack-of-ribs-450g;Sainsbury's Rack Of Ribs 450g;£3.00/unit;£6.67/kg;Meat & poultry;frozen-pork;242;17.1;13.5;13.1;13.2;5.0;0.5;0.58;
sainsburys-radish-200g;Sainsbury's Radish 200g;£0.60/unit;£0.30/100g;Fresh salad;spring-onions-radish-beetroot;12;0.7;1.9;1.9;0.2;0.1;0.9;0.00;
sainsburys-radish-200g;Sainsbury's Radish 200g;£0.60/unit;£0.30/100g;Fresh vegetables;peppers-salad-vegetables;12;0.7;1.9;1.9;0.2;0.1;0.9;0.00;
sainsburys-radish-200g;Sainsbury's Radish 200g;£0.60/unit;£0.30/100g;In season;new-in-season;12;0.7;1.9;1.9;0.2;0.1;0.9;0.00;
sainsburys-rainbow-buttons-medium-easter-egg-175g;Sainsbury's Milk Chocolate Easter Egg with Rainbow Buttons 170g;£1.00/unit;£0.59/100g;Confectionery;easter-eggs;517;8.1;58.9;57.8;27.0;16.2;2.3;0.18;
sainsburys-rainbow-lollies-320ml;Sainsbury's Rainbow Ice Lollies x8 320ml;£1.30/unit;£0.41/100ml;Ice cream & desserts;lollies-bars-cones;93;0.5;22.9;20.0;0.5;0.1;0.5;0.03;
sainsburys-raisin---apple-fruit-slices-218g;Sainsbury's Raisin & Apple Fruit Slices 218g;£1.30/unit;£0.60/100g;Biscuits & crackers;biscuits-crackers-kids-lunchbox;390;5.3;76.0;41.0;6.2;1.3;4.5;0.65;
sainsburys-raisin---apple-fruit-slices-218g;Sainsbury's Raisin & Apple Fruit Slices 218g;£1.30/unit;£0.60/100g;Biscuits & crackers;cereal-bars-breakfast-biscuits;390;5.3;76.0;41.0;6.2;1.3;4.5;0.65;
sainsburys-raisin---apple-fruit-slices-218g;Sainsbury's Raisin & Apple Fruit Slices 218g;£1.30/unit;£0.60/100g;Biscuits & crackers;healthier-biscuits-crackers;390;5.3;76.0;41.0;6.2;1.3;4.5;0.65;
sainsburys-raisin---apple-fruit-slices-218g;Sainsbury's Raisin & Apple Fruit Slices 218g;£1.30/unit;£0.60/100g;Breakfast cereals;breakfast-cereal-bars-breakfast-biscuits;390;5.3;76.0;41.0;6.2;1.3;4.5;0.65;
sainsburys-raisin---cinnamon-bagel;Sainsbury's Raisin & Cinnamon Bagel;£0.40/unit;£0.40/ea;From our in store bakery;rolls-bagels-from-our-bakery;null;null;null;null;null;null;null;null;
sainsburys-raisin---cinnamon-bagel;Sainsbury's Raisin & Cinnamon Bagel;£0.40/unit;£0.40/ea;Wraps, bagels & pittas;wraps-bagels-pittas;null;null;null;null;null;null;null;null;
sainsburys-raisin--hazel---choc-mix-150g;Sainsbury's Raisin, Hazel & Choc Mix 150g;£1.50/unit;£10.00/kg;Sugar & home baking;dried-fruit---peel;504;8.2;43.0;41.8;32.3;7.3;4.3;0.10;
sainsburys-raisin--hazel---choc-mix-150g;Sainsbury's Raisin, Hazel & Choc Mix 150g;£1.50/unit;£10.00/kg;Sugar & home baking;nuts---seeds;504;8.2;43.0;41.8;32.3;7.3;4.3;0.10;
sainsburys-raisin--nut---honey-granola-1kg;Sainsbury's Granola, Raisin, Nut & Honey 1kg;£2.00/unit;£0.20/100g;Breakfast cereals;bigger-packs;449;10.7;59.9;19.9;16.8;6.4;7.6;0;
sainsburys-raisin--nut---honey-granola-1kg;Sainsbury's Granola, Raisin, Nut & Honey 1kg;£2.00/unit;£0.20/100g;Breakfast cereals;muesli-granola-clusters;449;10.7;59.9;19.9;16.8;6.4;7.6;0;
sainsburys-raisin-fruit-slab-cake--basics;Sainsbury's Raisin Fruit Slab Cake, Basics;£1.05/unit;£0.21/100g;Cakes;sponge-slab-loaf-cakes;372;4.9;58;38;13;4.5;0.9;0.13;
sainsburys-raisins---cranberry-35g;Sainsbury's Jumbo Raisins & Cranberries 35g;£0.60/unit;£1.71/100g;Crisps, nuts & snacking fruit;snacking-fruit-seeds;302;1.6;71.0;68.3;0.6;0.1;2.9;0.12;
sainsburys-raisins---cranberry-35g;Sainsbury's Jumbo Raisins & Cranberries 35g;£0.60/unit;£1.71/100g;Fruit & desserts;dessert-fruit;302;1.6;71.0;68.3;0.6;0.1;2.9;0.12;
sainsburys-raisins---cranberry-35g;Sainsbury's Jumbo Raisins & Cranberries 35g;£0.60/unit;£1.71/100g;Fruit & desserts;snacking-fruit-nuts;302;1.6;71.0;68.3;0.6;0.1;2.9;0.12;
sainsburys-raisins--organic-500g;Sainsbury's Raisins, SO Organic 500g;£1.90/unit;£3.80/kg;Sugar & home baking;dried-fruit---peel;283;2.1;66.0;66.0;0.5;0.1;3.7;0.02;
sainsburys-raisins--seedless-1kg;Sainsbury's Raisins, Seedless 1kg;£3.00/unit;£3.00/kg;Sugar & home baking;dried-fruit---peel;293;2.1;69.3;69.3;0.5;0.1;2.0;0.15;
sainsburys-raisins--taste-the-difference-500g;Sainsbury's Raisins, Taste the Difference 500g;£2.50/unit;£5.00/kg;Sugar & home baking;dried-fruit---peel;293;2.1;69.3;69.3;0.5;0.1;2.0;0.15;
sainsburys-raita-dipping-sauce-150g;Sainsbury's Raita Dipping Sauce 150g;£1.10/unit;£0.73/100g;Cooking sauces & world foods;indian-cooking-sauces;129;1.9;7.4;2.1;10.2;0.8;0.5;0.75;
sainsburys-raita-dipping-sauce-150g;Sainsbury's Raita Dipping Sauce 150g;£1.10/unit;£0.73/100g;Table sauces, dressings & condiments;tomato-ketchup-brown-bbq-other-sauces;129;1.9;7.4;2.1;10.2;0.8;0.5;0.75;
sainsburys-rambutan-x5-6824659-p-44;Sainsbury's Rambutan x5;£2.00/unit;£0.40/ea;Fresh fruit;mango-exotic-fruit-dates-nuts;null;null;null;null;null;null;null;null;
sainsburys-rapeseed-oil--organic-1l;Sainsbury's Rapeseed Oil, SO Organic 1L;£3.00/unit;£0.30/100ml;Cooking ingredients & oils;oils;825;0.5;0.5;0.5;91.7;6.1;0.5;0.01;
sainsburys-ras-el-hanout-50g;Sainsbury's Ras El Hanout 50g;£2.50/unit;£0.50/10g;Cooking ingredients & oils;herbs-spices-seasoning;310;9.9;29.7;13.8;10.2;2.8;29.8;8.13;
sainsburys-raspberries--so-organic-125g;Sainsbury's Raspberries, SO Organic 125g;£2.75/unit;£22.00/kg;Fresh fruit;berries-cherries-currants;32;1.4;4.6;4.6;0.5;0.1;2.5;0.01;
sainsburys-raspberries--so-organic-125g;Sainsbury's Raspberries, SO Organic 125g;£2.75/unit;£22.00/kg;Organic;organic;32;1.4;4.6;4.6;0.5;0.1;2.5;0.01;
sainsburys-raspberries--taste-the-difference-150g;Sainsbury's Raspberries, Taste the Difference 150g;£2.75/unit;£18.33/kg;Fresh fruit;berries-cherries-currants;32;1.4;4.6;4.6;0.5;0.1;2.5;0.01;
sainsburys-raspberries--taste-the-difference-150g;Sainsbury's Raspberries, Taste the Difference 150g;£2.75/unit;£18.33/kg;Taste the Difference;taste-the-difference-185761-44;32;1.4;4.6;4.6;0.5;0.1;2.5;0.01;
sainsburys-raspberries-225g;Sainsbury's Raspberries 225g;£2.75/unit;£12.22/kg;Fresh fruit;berries-cherries-currants;32;1.4;4.6;4.6;0.5;0.1;2.5;0.01;
sainsburys-raspberry---coconut-sponge-370g;Sainsbury's Raspberry & Coconut Sponge 370g;£2.75/unit;£0.74/100g;Desserts & cream;desserts;346;4.1;40.1;25.9;18.1;10.6;3.1;0.32;
sainsburys-raspberry---passionfruit-eclair-2x70g;Sainsbury's Raspberry & Passionfruit Eclair 2x70g;£2.00/unit;£1.43/100g;Desserts & cream;desserts;323;5.6;29.3;14.4;20.2;8.6;0.9;0.13;
sainsburys-raspberry---white-chocolate-cookies--taste-the-difference-x4;Sainsbury's Cookies, Raspberry & White Chocolate, Taste the Difference x4;£1.50/unit;£0.38/ea;Biscuits & crackers;cookies;null;null;null;null;null;null;null;null;
sainsburys-raspberry---white-chocolate-cookies--taste-the-difference-x4;Sainsbury's Cookies, Raspberry & White Chocolate, Taste the Difference x4;£1.50/unit;£0.38/ea;Cakes;doughnuts-cookies;null;null;null;null;null;null;null;null;
sainsburys-raspberry---white-chocolate-cookies--taste-the-difference-x4;Sainsbury's Cookies, Raspberry & White Chocolate, Taste the Difference x4;£1.50/unit;£0.38/ea;From our in store bakery;instore-bakery-doughnuts-cookies;null;null;null;null;null;null;null;null;
sainsburys-raspberry---yogurt--cereal-bars-x5-145g;Sainsbury's Raspberry & Yogurt, Cereal Bars x5 145g;£1.40/unit;£0.97/100g;Biscuits & crackers;cereal-bars-breakfast-biscuits;412;5.5;70.9;30.3;11.0;7.3;3.7;0.31;
sainsburys-raspberry---yogurt--cereal-bars-x5-145g;Sainsbury's Raspberry & Yogurt, Cereal Bars x5 145g;£1.40/unit;£0.97/100g;Breakfast cereals;breakfast-cereal-bars-breakfast-biscuits;412;5.5;70.9;30.3;11.0;7.3;3.7;0.31;
sainsburys-raspberry---yogurt-crisp-cereal-500g;Sainsbury's Raspberry & Yogurt Crisp Cereal 500g;£2.00/unit;£0.40/100g;Breakfast cereals;muesli-granola-clusters;439;8.4;67.6;24.2;13.5;6.6;7.1;0;
sainsburys-raspberry-conserve--taste-the-difference-340g;Sainsbury's Raspberry Conserve, Taste the Difference 340g;£1.50/unit;£0.44/100g;Jams, honey & spreads;jams---conserves;254;0.7;59.4;57.4;0.9;0.5;2.9;0.20;
sainsburys-raspberry-coulis--taste-the-difference-250g;Sainsbury's Raspberry Coulis, Taste the Difference 250g;£2.00/unit;£0.80/100g;Fruit & desserts;sauces-toppings;165;0.5;39.1;33.3;0.6;0.2;1.4;0.01;
sainsburys-raspberry-dairy-cream-turnover-x-2;Sainsbury's Raspberry Dairy Cream Turnover x2;£1.40/unit;£0.70/ea;Cakes;cakes-from-our-bakery-12374-44;null;null;null;null;null;null;null;null;
sainsburys-raspberry-dairy-cream-turnover-x-2;Sainsbury's Raspberry Dairy Cream Turnover x2;£1.40/unit;£0.70/ea;Croissants, brioche & pastries;croissants-brioche-pastries;null;null;null;null;null;null;null;null;
sainsburys-raspberry-dairy-cream-turnover-x-2;Sainsbury's Raspberry Dairy Cream Turnover x2;£1.40/unit;£0.70/ea;Desserts & cream;desserts;null;null;null;null;null;null;null;null;
sainsburys-raspberry-dairy-cream-turnover-x-2;Sainsbury's Raspberry Dairy Cream Turnover x2;£1.40/unit;£0.70/ea;From our in store bakery;cakes-from-our-bakery;null;null;null;null;null;null;null;null;
sainsburys-raspberry-jam--seedless-454g;Sainsbury's Raspberry Jam, Seedless 454g;£0.65/unit;£0.14/100g;Jams, honey & spreads;jams---conserves;248;0.4;60.8;44.8;0.1;0;0.9;0.13;
sainsburys-raspberry-jam-454g;Sainsbury's Raspberry Jam 454g;£0.65/unit;£0.14/100g;Jams, honey & spreads;jams---conserves;248;0.4;60.4;47.0;0.1;0.1;1.8;0.10;
sainsburys-raspberry-jam-puddings-2x110g;Sainsbury's Raspberry Jam Puddings 2x110g;£1.00/unit;£0.46/100g;Desserts & cream;desserts;341;3.9;56;33;11;6.1;1.7;0.70;
sainsburys-raspberry-jelly-150g;Sainsbury's Raspberry Jelly 150g;£1.10/unit;£0.73/100g;Desserts & cream;desserts;79;0.5;18.2;17.1;0.5;0.3;0.5;0.26;
sainsburys-raspberry-jelly-terrine-500g;Sainsbury's Raspberry Jelly Terrine 500g;£2.50/unit;£0.50/100g;Desserts & cream;desserts;87;2.0;18.8;17.4;0.5;0.1;0.7;0.05;
sainsburys-raspberry-overload-cheesecakes-2x100g;Sainsbury's Raspberry Cheesecakes 2x100g;£2.00/unit;£1.00/100g;Desserts & cream;desserts;310;3.9;31.1;21.3;18.6;10.5;1.4;0.25;
sainsburys-raspberry-panna-cotta-terrine--taste-the-difference-585g;Sainsbury's Raspberry Panna Cotta Terrine, Taste the Difference 585g;£5.00/unit;£0.85/100g;Desserts & cream;desserts;217;2.2;15.2;12.8;16.2;10.2;0.5;0.04;
sainsburys-raspberry-pavlova-310g-%28serves-6%29;Sainsbury's Raspberry Pavlova 310g (Serves 6);£2.00/unit;£0.65/100g;Ice cream & desserts;frozen-cold-desserts;289;2.0;36.8;34.6;14.6;9.3;1.0;0.10;
sainsburys-raspberry-ripple-cheesecake-570g;Sainsbury's Raspberry Cheesecake 600g;£2.50/unit;£0.44/100g;Desserts & cream;desserts;366;4.7;36.0;20.8;22.4;12.1;0.8;0.45;
sainsburys-raspberry-ripple-screwballs-6x100ml;Sainsbury's Raspberry Ripple Screwballs 6x100ml;£1.30/unit;£0.22/100ml;Ice cream & desserts;lollies-bars-cones;201;3.2;28.3;25.3;8.1;4.8;0.9;0.15;
sainsburys-raspberry-ripple-soft-scoop-ice-cream-2l;Sainsbury's Raspberry Ripple Soft Scoop Ice Cream 2L;£1.80/unit;£0.09/100ml;Ice cream & desserts;ice-cream-tubs;167;2.9;24.9;21.5;6.1;4.7;0.6;0.15;
sainsburys-raspberry-sorbet-500ml;Sainsbury's Raspberry Sorbet 500ml;£2.50/unit;£0.50/100ml;Ice cream & desserts;frozen-yogurt-sorbet;105;0.5;25;23;0.5;0.1;0.5;0.08;
sainsburys-raspberry-sponge-sandwich-225g;Sainsbury's Raspberry Sponge Sandwich 225g;£1.00/unit;£1.00/ea;Cakes;sponge-slab-loaf-cakes;383;3.8;57.4;34.9;15.1;5.2;0.9;0.60;
sainsburys-raspberry-swiss-roll-190g;Sainsbury's Raspberry Swiss Roll 190g;£0.70/unit;£0.37/100g;Cakes;sponge-slab-loaf-cakes;301;3.4;67.4;41.9;1.7;0.9;1.3;0.43;
sainsburys-raspberry-tiramisu-2x100g;Sainsbury's Raspberry Tiramisu 2x100g;£1.50/unit;£0.75/100g;Desserts & cream;desserts;233;3.2;31.6;20.9;9.2;7.0;1.4;0.10;
sainsburys-raspberry-trifle-135g;Sainsbury's Raspberry Trifle 135g;£1.10/unit;£0.81/100g;Desserts & cream;desserts;212;3.2;19.9;13.0;13.1;7.7;0.7;0.18;
sainsburys-raspberry-trifle-1kg;Sainsbury's Raspberry Trifle 1kg;£3.50/unit;£0.35/100g;Desserts & cream;desserts;145;1.7;20.0;19.2;6.4;4.1;0.7;0.20;
sainsburys-raspberry-trifle-4x125g;Sainsbury's Raspberry Trifle 4x125g;£2.00/unit;£0.40/100g;Desserts & cream;desserts;153;1.8;19.4;17.5;7.3;4.5;1.2;0.21;
sainsburys-raspberry-trifle-600g;Sainsbury's Raspberry Trifle 600g;£2.50/unit;£0.42/100g;Desserts & cream;desserts;174;1.7;22.3;18.5;8.2;5.3;2.2;0.26;
sainsburys-ratatouille-390g;Sainsbury's Ratatouille 390g;£0.70/unit;£1.79/kg;Canned, tinned & packaged foods;canned-tinned-packaged-vegetables;52;1.0;5.0;4.0;2.5;0.3;2.5;0.55;
sainsburys-ravioli-in-tomato-sauce-400g;Sainsbury's Ravioli In Tomato Sauce 400g;£0.65/unit;£1.63/kg;Canned, tinned & packaged foods;baked-beans-canned-pasta;76;3.1;14.0;5.0;0.8;0.2;1.8;0.75;
sainsburys-raw-jumbo-king-prawns--taste-the-difference-225g;Sainsbury's Raw Jumbo King Prawns, Taste the Difference 225g;£5.50/unit;£24.44/kg;Fish & seafood;frozen-fish-seafood;104;18.8;0.5;0.5;3.0;0.4;0.5;1.45;
sainsburys-raw-king-prawns-180g;Sainsbury's Raw King Prawns 180g;£3.50/unit;£19.44/kg;Fish & seafood;prawns-shellfish;143;28.4;0.5;0.5;3.1;0.4;0.5;0.30;
sainsburys-raw-shell-on-jumbo-king-prawns--taste-the-difference-600g;Sainsbury's Raw Shell On Jumbo King Prawns, Taste the Difference 600g;£8.50/unit;£14.17/kg;Fish & seafood;frozen-fish-seafood;107;22.7;0.2;0.2;1.6;0.2;0.5;0.33;
sainsburys-ready-oat-cereal-500g;Sainsbury's Ready Oats 500g;£1.50/unit;£0.30/100g;Breakfast cereals;kids-cereals;373;11.7;57.9;1.0;8.7;1.2;7.9;0.03;
sainsburys-ready-oat-cereal-500g;Sainsbury's Ready Oats 500g;£1.50/unit;£0.30/100g;Breakfast cereals;porridge-oats;373;11.7;57.9;1.0;8.7;1.2;7.9;0.03;
sainsburys-ready-prepared-baby-potatoes-with-seasoned-butter-385g;Sainsbury's Prepared Baby Potatoes With Seasoned Butter 385g;£1.00/unit;£2.60/kg;Fresh vegetables;potatoes;80;1.5;15.5;0.6;0.8;0.4;2.6;0.15;
sainsburys-ready-prepared-baby-potatoes-with-seasoned-butter-385g;Sainsbury's Prepared Baby Potatoes With Seasoned Butter 385g;£1.00/unit;£2.60/kg;Prepared & ready to eat;prepared-vegetables;80;1.5;15.5;0.6;0.8;0.4;2.6;0.15;
sainsburys-ready-prepared-baby-potatoes-with-seasoned-butter-385g;Sainsbury's Prepared Baby Potatoes With Seasoned Butter 385g;£1.00/unit;£2.60/kg;Ready meals;british-ready-meals;80;1.5;15.5;0.6;0.8;0.4;2.6;0.15;
sainsburys-ready-prepared-baby-potatoes-with-seasoned-butter-385g;Sainsbury's Prepared Baby Potatoes With Seasoned Butter 385g;£1.00/unit;£2.60/kg;Ready meals;potato-vegetable-side-dishes;80;1.5;15.5;0.6;0.8;0.4;2.6;0.15;
sainsburys-ready-prepared-baby-potatoes-with-seasoned-butter-385g;Sainsbury's Prepared Baby Potatoes With Seasoned Butter 385g;£1.00/unit;£2.60/kg;Vegetarian & meat free;coleslaw--olives--salads---dips-30658-44;80;1.5;15.5;0.6;0.8;0.4;2.6;0.15;
sainsburys-ready-prepared-baby-potatoes-with-seasoned-butter-385g;Sainsbury's Prepared Baby Potatoes With Seasoned Butter 385g;£1.00/unit;£2.60/kg;Vegetarian & meat free;vegetarian-meat-free-ready-meals;80;1.5;15.5;0.6;0.8;0.4;2.6;0.15;
sainsburys-ready-prepared-mini-carrots-240g;Sainsbury's Ready Prepared Mini Carrots 240g;£1.00/unit;£4.17/kg;Fresh vegetables;baby-vegetables;40;0.6;7.5;7.0;0.5;0.1;2.4;0.06;
sainsburys-ready-prepared-mini-carrots-240g;Sainsbury's Ready Prepared Mini Carrots 240g;£1.00/unit;£4.17/kg;Fresh vegetables;carrots-root-vegetables;40;0.6;7.5;7.0;0.5;0.1;2.4;0.06;
sainsburys-ready-prepared-mini-carrots-240g;Sainsbury's Ready Prepared Mini Carrots 240g;£1.00/unit;£4.17/kg;Prepared & ready to eat;prepared-vegetables;40;0.6;7.5;7.0;0.5;0.1;2.4;0.06;
sainsburys-ready-prepared-spring-greens-200g;Sainsbury's Ready Prepared Spring Greens 200g;£1.00/unit;£5.00/kg;Fresh vegetables;broccoli-cauliflower-cabbage-greens;25;1.9;1.6;1.4;0.7;0.1;2.3;0.03;
sainsburys-ready-prepared-spring-greens-200g;Sainsbury's Ready Prepared Spring Greens 200g;£1.00/unit;£5.00/kg;In season;new-in-season;25;1.9;1.6;1.4;0.7;0.1;2.3;0.03;
sainsburys-ready-prepared-spring-greens-200g;Sainsbury's Ready Prepared Spring Greens 200g;£1.00/unit;£5.00/kg;Prepared & ready to eat;prepared-vegetables;25;1.9;1.6;1.4;0.7;0.1;2.3;0.03;
sainsburys-ready-roll-puff-pastry-375g;Sainsbury's Puff Pastry Ready Roll 375g;£1.20/unit;£0.32/100g;Ice cream & desserts;frozen-pastry-baking;458;8.1;40.8;1.2;28.4;9.9;3.2;0.48;
sainsburys-ready-roll-puff-pastry-375g;Sainsbury's Puff Pastry Ready Roll 375g;£1.20/unit;£0.32/100g;Ready meals & pies;frozen-baking-pastry;458;8.1;40.8;1.2;28.4;9.9;3.2;0.48;
sainsburys-ready-roll-short-pastry-375g;Sainsbury's Shortcrust Pastry Ready Roll 375g;£1.20/unit;£0.32/100g;Ice cream & desserts;frozen-pastry-baking;505;6.3;46.5;0.5;32.1;12.5;2.5;0.42;
sainsburys-ready-roll-short-pastry-375g;Sainsbury's Shortcrust Pastry Ready Roll 375g;£1.20/unit;£0.32/100g;Ready meals & pies;frozen-baking-pastry;505;6.3;46.5;0.5;32.1;12.5;2.5;0.42;
sainsburys-ready-rolled-filo-pastry-220g;Sainsbury's Ready Rolled Filo Pastry 220g;£1.45/unit;£0.66/100g;Butter, spreads & baking;pastry-and-dough;382;12.9;74.3;2.3;3.0;0.4;2.9;0.29;
sainsburys-ready-rolled-light-puff-pastry-375g;Sainsbury's Ready Rolled Light Puff Pastry 375g;£1.30/unit;£0.35/100g;Butter, spreads & baking;pastry-and-dough;339;7.9;39.1;2.3;16.4;7.5;1.5;0.59;
sainsburys-ready-rolled-light-shortcrust-pastry-375g;Sainsbury's Ready Rolled Light Shortcrust Pastry 375g;£1.30/unit;£0.35/100g;Butter, spreads & baking;pastry-and-dough;431;7.0;50.5;1.4;21.8;8.1;2.5;0.31;
sainsburys-ready-rolled-puff-pastry-375g;Sainsbury's Ready Rolled Puff Pastry 375g;£1.00/unit;£0.27/100g;Butter, spreads & baking;pastry-and-dough;438;8.1;42.3;1.4;25.5;11.1;3.6;0.43;
sainsburys-ready-rolled-shortcrust-pastry-375g;Sainsbury's Ready Rolled Shortcrust Pastry 375g;£1.00/unit;£0.27/100g;Butter, spreads & baking;pastry-and-dough;496;5.8;46.6;0.8;31.4;12.4;2.0;0.42;
sainsburys-ready-salted-crisps-6x25g;Sainsbury's Ready Salted Crisps 6x25g;£1.00/unit;£0.67/100g;Crisps, nuts & snacking fruit;crisps;537;5.3;55.4;0.5;32.2;2.8;2.3;1.18;
sainsburys-ready-salted-potato-fries-120g;Sainsbury's Ready Salted Potato Fries 120g;£1.00/unit;£0.83/100g;Crisps, nuts & snacking fruit;crisps;501;5.0;56.0;0.8;27.2;2.4;6.0;0.47;
sainsburys-ready-to-bake-cheese-stuffed-peppers-370g;Sainsbury's Ready To Bake Cheese Stuffed Peppers 370g;£2.50/unit;£6.76/kg;Fresh vegetables;peppers-salad-vegetables;105;4.8;12.1;3.8;3.9;2.5;1.4;0.28;
sainsburys-ready-to-bake-cheese-stuffed-peppers-370g;Sainsbury's Ready To Bake Cheese Stuffed Peppers 370g;£2.50/unit;£6.76/kg;Prepared & ready to eat;prepared-vegetables;105;4.8;12.1;3.8;3.9;2.5;1.4;0.28;
sainsburys-ready-to-bake-cheese-stuffed-peppers-370g;Sainsbury's Ready To Bake Cheese Stuffed Peppers 370g;£2.50/unit;£6.76/kg;Ready meals;potato-vegetable-side-dishes;105;4.8;12.1;3.8;3.9;2.5;1.4;0.28;
sainsburys-ready-to-bake-stuffed-mushrooms---mediterranean-vegetables-270g;Sainsbury's Ready To Bake Stuffed Mushrooms & Mediterranean Vegetables 270g;£2.50/unit;£9.26/kg;Prepared & ready to eat;prepared-vegetables;81;2.6;7.4;3.2;4.1;0.4;2.2;0.48;
sainsburys-ready-to-bake-stuffed-mushrooms---mediterranean-vegetables-270g;Sainsbury's Ready To Bake Stuffed Mushrooms & Mediterranean Vegetables 270g;£2.50/unit;£9.26/kg;Ready meals;mediterranean-other-cuisine-ready-meals;81;2.6;7.4;3.2;4.1;0.4;2.2;0.48;
sainsburys-ready-to-bake-stuffed-mushrooms---mediterranean-vegetables-270g;Sainsbury's Ready To Bake Stuffed Mushrooms & Mediterranean Vegetables 270g;£2.50/unit;£9.26/kg;Ready meals;potato-vegetable-side-dishes;81;2.6;7.4;3.2;4.1;0.4;2.2;0.48;
sainsburys-ready-to-eat--apricots-250g;Sainsbury's Dried Apricots 250g;£3.00/unit;£12.00/kg;Sugar & home baking;dried-fruit---peel;178;4.0;36.0;36.0;0.6;0.2;6.3;0.04;
sainsburys-ready-to-eat-apricots--organic-250g;Sainsbury's Soft Apricots, SO Organic 250g;£4.00/unit;£1.60/100g;Crisps, nuts & snacking fruit;snacking-fruit-seeds;217;3.3;47.1;43.8;0.5;0.1;7.7;0.01;
sainsburys-ready-to-eat-apricots--organic-250g;Sainsbury's Soft Apricots, SO Organic 250g;£4.00/unit;£1.60/100g;Fruit & desserts;dessert-fruit;217;3.3;47.1;43.8;0.5;0.1;7.7;0.01;
sainsburys-ready-to-eat-apricots--organic-250g;Sainsbury's Soft Apricots, SO Organic 250g;£4.00/unit;£1.60/100g;Fruit & desserts;snacking-fruit-nuts;217;3.3;47.1;43.8;0.5;0.1;7.7;0.01;
sainsburys-ready-to-eat-apricots--organic-250g;Sainsbury's Soft Apricots, SO Organic 250g;£4.00/unit;£1.60/100g;Sugar & home baking;dried-fruit---peel;217;3.3;47.1;43.8;0.5;0.1;7.7;0.01;
sainsburys-ready-to-eat-custard-1kg;Sainsbury's Ready To Eat Custard 1kg;£1.10/unit;£0.11/100g;Fruit & desserts;custard;103;2.7;16.4;11.8;3.0;1.6;0;0.15;
sainsburys-ready-to-eat-custard-500g;Sainsbury's Ready To Eat Custard 500g;£0.70/unit;£0.14/100g;Fruit & desserts;custard;103;2.7;16.4;11.8;3.0;1.6;0.5;0.15;
sainsburys-ready-to-eat-figs--so-organic-250g;Sainsbury's Figs, SO Organic 250g;£2.25/unit;£0.90/100g;Canned, tinned & packaged foods;canned-tinned-packaged-fruit;252;2.6;50.9;43.1;1.4;0.2;12.7;0.25;
sainsburys-ready-to-eat-figs--so-organic-250g;Sainsbury's Figs, SO Organic 250g;£2.25/unit;£0.90/100g;Crisps, nuts & snacking fruit;snacking-fruit-seeds;252;2.6;50.9;43.1;1.4;0.2;12.7;0.25;
sainsburys-ready-to-eat-figs--so-organic-250g;Sainsbury's Figs, SO Organic 250g;£2.25/unit;£0.90/100g;Fruit & desserts;dessert-fruit;252;2.6;50.9;43.1;1.4;0.2;12.7;0.25;
sainsburys-ready-to-eat-figs--so-organic-250g;Sainsbury's Figs, SO Organic 250g;£2.25/unit;£0.90/100g;Fruit & desserts;snacking-fruit-nuts;252;2.6;50.9;43.1;1.4;0.2;12.7;0.25;
sainsburys-ready-to-eat-figs-500g;Sainsbury's Figs 500g;£3.00/unit;£0.60/100g;Canned, tinned & packaged foods;canned-tinned-packaged-fruit;234;3.3;48.4;48.4;1.5;0.5;6.9;0.14;
sainsburys-ready-to-eat-figs-500g;Sainsbury's Figs 500g;£3.00/unit;£0.60/100g;Crisps, nuts & snacking fruit;snacking-fruit-seeds;234;3.3;48.4;48.4;1.5;0.5;6.9;0.14;
sainsburys-ready-to-eat-figs-500g;Sainsbury's Figs 500g;£3.00/unit;£0.60/100g;Fruit & desserts;dessert-fruit;234;3.3;48.4;48.4;1.5;0.5;6.9;0.14;
sainsburys-ready-to-eat-figs-500g;Sainsbury's Figs 500g;£3.00/unit;£0.60/100g;Fruit & desserts;snacking-fruit-nuts;234;3.3;48.4;48.4;1.5;0.5;6.9;0.14;
sainsburys-ready-to-eat-figs-500g;Sainsbury's Figs 500g;£3.00/unit;£0.60/100g;Sugar & home baking;dried-fruit---peel;234;3.3;48.4;48.4;1.5;0.5;6.9;0.14;
sainsburys-ready-to-eat-prunes--organic-250g;Sainsbury's Prunes, SO Organic 250g;£2.80/unit;£1.12/100g;Canned, tinned & packaged foods;canned-tinned-packaged-fruit;207;1.7;46.1;35.6;0.5;0.1;6.5;0.01;
sainsburys-ready-to-eat-prunes--organic-250g;Sainsbury's Prunes, SO Organic 250g;£2.80/unit;£1.12/100g;Crisps, nuts & snacking fruit;snacking-fruit-seeds;207;1.7;46.1;35.6;0.5;0.1;6.5;0.01;
sainsburys-ready-to-eat-prunes--organic-250g;Sainsbury's Prunes, SO Organic 250g;£2.80/unit;£1.12/100g;Fruit & desserts;dessert-fruit;207;1.7;46.1;35.6;0.5;0.1;6.5;0.01;
sainsburys-ready-to-eat-prunes--organic-250g;Sainsbury's Prunes, SO Organic 250g;£2.80/unit;£1.12/100g;Fruit & desserts;snacking-fruit-nuts;207;1.7;46.1;35.6;0.5;0.1;6.5;0.01;
sainsburys-ready-to-roast-baby-potato---vegetables-800g;Sainsbury's Ready To Roast Baby Potato & Vegetables 800g;£3.00/unit;£3.75/kg;Prepared & ready to eat;prepared-vegetables;68;1.0;11.4;4.2;1.3;0.4;3.3;0.10;
sainsburys-ready-to-roast-baby-potato---vegetables-800g;Sainsbury's Ready To Roast Baby Potato & Vegetables 800g;£3.00/unit;£3.75/kg;Ready meals;potato-vegetable-side-dishes;68;1.0;11.4;4.2;1.3;0.4;3.3;0.10;
sainsburys-ready-to-roast-chunky-chips-400g;Sainsbury's Ready To Roast Chunky Chips 400g;£2.00/unit;£5.00/kg;Fresh vegetables;potatoes;144;2.5;26.0;2.8;2.5;0.2;3.5;0.43;
sainsburys-ready-to-roast-chunky-chips-400g;Sainsbury's Ready To Roast Chunky Chips 400g;£2.00/unit;£5.00/kg;Prepared & ready to eat;prepared-vegetables;144;2.5;26.0;2.8;2.5;0.2;3.5;0.43;
sainsburys-ready-to-roast-chunky-chips-400g;Sainsbury's Ready To Roast Chunky Chips 400g;£2.00/unit;£5.00/kg;Ready meals;potato-vegetable-side-dishes;144;2.5;26.0;2.8;2.5;0.2;3.5;0.43;
sainsburys-ready-to-roast-diced-potatoes-with-seasoned-butter-garlic---herbs-400g;Sainsbury's Ready To Roast Diced Potatoes with Garlic, Herbs & Rosemary Butter 400g;£2.00/unit;£5.00/kg;Fresh vegetables;potatoes;104;2.2;18.0;1.1;2.0;1.1;2.8;0.30;
sainsburys-ready-to-roast-diced-potatoes-with-seasoned-butter-garlic---herbs-400g;Sainsbury's Ready To Roast Diced Potatoes with Garlic, Herbs & Rosemary Butter 400g;£2.00/unit;£5.00/kg;Prepared & ready to eat;prepared-vegetables;104;2.2;18.0;1.1;2.0;1.1;2.8;0.30;
sainsburys-ready-to-roast-diced-potatoes-with-seasoned-butter-garlic---herbs-400g;Sainsbury's Ready To Roast Diced Potatoes with Garlic, Herbs & Rosemary Butter 400g;£2.00/unit;£5.00/kg;Ready meals;british-ready-meals;104;2.2;18.0;1.1;2.0;1.1;2.8;0.30;
sainsburys-ready-to-roast-diced-potatoes-with-seasoned-butter-garlic---herbs-400g;Sainsbury's Ready To Roast Diced Potatoes with Garlic, Herbs & Rosemary Butter 400g;£2.00/unit;£5.00/kg;Ready meals;potato-vegetable-side-dishes;104;2.2;18.0;1.1;2.0;1.1;2.8;0.30;
sainsburys-ready-to-roast-mediterranean-style-vegetables-400g;Sainsbury's Ready To Roast Mediterranean Style Vegetables 400g;£2.00/unit;£5.00/kg;Fresh herbs & ingredients;mediterranean-ingredients;39;1.0;5.3;5.3;1.1;0.2;1.9;0.03;
sainsburys-ready-to-roast-mediterranean-style-vegetables-400g;Sainsbury's Ready To Roast Mediterranean Style Vegetables 400g;£2.00/unit;£5.00/kg;Fresh vegetables;fresh-vegetables-world-exotic;39;1.0;5.3;5.3;1.1;0.2;1.9;0.03;
sainsburys-ready-to-roast-mediterranean-style-vegetables-400g;Sainsbury's Ready To Roast Mediterranean Style Vegetables 400g;£2.00/unit;£5.00/kg;Prepared & ready to eat;prepared-vegetables;39;1.0;5.3;5.3;1.1;0.2;1.9;0.03;
sainsburys-ready-to-roast-mediterranean-style-vegetables-400g;Sainsbury's Ready To Roast Mediterranean Style Vegetables 400g;£2.00/unit;£5.00/kg;Ready meals;mediterranean-other-cuisine-ready-meals;39;1.0;5.3;5.3;1.1;0.2;1.9;0.03;
sainsburys-ready-to-roast-mediterranean-style-vegetables-400g;Sainsbury's Ready To Roast Mediterranean Style Vegetables 400g;£2.00/unit;£5.00/kg;Ready meals;potato-vegetable-side-dishes;39;1.0;5.3;5.3;1.1;0.2;1.9;0.03;
sainsburys-ready-to-roast-mediterranean-style-vegetables-400g;Sainsbury's Ready To Roast Mediterranean Style Vegetables 400g;£2.00/unit;£5.00/kg;Ready meals;vegetarian-ready-meals;39;1.0;5.3;5.3;1.1;0.2;1.9;0.03;
sainsburys-ready-to-roast-mediterranean-style-vegetables-400g;Sainsbury's Ready To Roast Mediterranean Style Vegetables 400g;£2.00/unit;£5.00/kg;Vegetarian & meat free;coleslaw--olives--salads---dips-30658-44;39;1.0;5.3;5.3;1.1;0.2;1.9;0.03;
sainsburys-ready-to-roast-mediterranean-style-vegetables-400g;Sainsbury's Ready To Roast Mediterranean Style Vegetables 400g;£2.00/unit;£5.00/kg;Vegetarian & meat free;vegetarian-meat-free-ready-meals;39;1.0;5.3;5.3;1.1;0.2;1.9;0.03;
sainsburys-ready-to-roast-mediterranean-vegetables-800g;Sainsbury's Ready To Roast Mediterranean Vegetables 800g;£4.00/unit;£5.00/kg;Fresh herbs & ingredients;mediterranean-ingredients;39;1.0;5.3;5.3;1.1;0.2;1.9;0.03;
sainsburys-ready-to-roast-mediterranean-vegetables-800g;Sainsbury's Ready To Roast Mediterranean Vegetables 800g;£4.00/unit;£5.00/kg;Fresh vegetables;fresh-vegetables-world-exotic;39;1.0;5.3;5.3;1.1;0.2;1.9;0.03;
sainsburys-ready-to-roast-mediterranean-vegetables-800g;Sainsbury's Ready To Roast Mediterranean Vegetables 800g;£4.00/unit;£5.00/kg;Prepared & ready to eat;prepared-vegetables;39;1.0;5.3;5.3;1.1;0.2;1.9;0.03;
sainsburys-ready-to-roast-mediterranean-vegetables-800g;Sainsbury's Ready To Roast Mediterranean Vegetables 800g;£4.00/unit;£5.00/kg;Ready meals;mediterranean-other-cuisine-ready-meals;39;1.0;5.3;5.3;1.1;0.2;1.9;0.03;
sainsburys-ready-to-roast-mediterranean-vegetables-800g;Sainsbury's Ready To Roast Mediterranean Vegetables 800g;£4.00/unit;£5.00/kg;Ready meals;potato-vegetable-side-dishes;39;1.0;5.3;5.3;1.1;0.2;1.9;0.03;
sainsburys-ready-to-roast-mini-jacket-potatoes-with-roasted-garlic-butter-475g;Sainsbury's Ready To Roast Mini Jacket Potatoes With Roasted Garlic Butter 475g;£2.00/unit;£4.21/kg;Fresh vegetables;potatoes;121;1.9;14.9;0.5;5.3;3.1;2.9;0.05;
sainsburys-ready-to-roast-mini-jacket-potatoes-with-roasted-garlic-butter-475g;Sainsbury's Ready To Roast Mini Jacket Potatoes With Roasted Garlic Butter 475g;£2.00/unit;£4.21/kg;Prepared & ready to eat;prepared-vegetables;121;1.9;14.9;0.5;5.3;3.1;2.9;0.05;
sainsburys-ready-to-roast-mini-jacket-potatoes-with-roasted-garlic-butter-475g;Sainsbury's Ready To Roast Mini Jacket Potatoes With Roasted Garlic Butter 475g;£2.00/unit;£4.21/kg;Ready meals;british-ready-meals;121;1.9;14.9;0.5;5.3;3.1;2.9;0.05;
sainsburys-ready-to-roast-mini-jacket-potatoes-with-roasted-garlic-butter-475g;Sainsbury's Ready To Roast Mini Jacket Potatoes With Roasted Garlic Butter 475g;£2.00/unit;£4.21/kg;Ready meals;potato-vegetable-side-dishes;121;1.9;14.9;0.5;5.3;3.1;2.9;0.05;
sainsburys-ready-to-roast-parsnips-400g;Sainsbury's Ready To Roast Parsnips 400g;£2.00/unit;£5.00/kg;Fresh vegetables;carrots-root-vegetables;111;1.0;17.3;7.4;3.6;2.0;2.5;0.15;
sainsburys-ready-to-roast-parsnips-400g;Sainsbury's Ready To Roast Parsnips 400g;£2.00/unit;£5.00/kg;Prepared & ready to eat;prepared-vegetables;111;1.0;17.3;7.4;3.6;2.0;2.5;0.15;
sainsburys-ready-to-roast-parsnips-400g;Sainsbury's Ready To Roast Parsnips 400g;£2.00/unit;£5.00/kg;Ready meals;british-ready-meals;111;1.0;17.3;7.4;3.6;2.0;2.5;0.15;
sainsburys-ready-to-roast-parsnips-400g;Sainsbury's Ready To Roast Parsnips 400g;£2.00/unit;£5.00/kg;Ready meals;potato-vegetable-side-dishes;111;1.0;17.3;7.4;3.6;2.0;2.5;0.15;
sainsburys-ready-to-roast-parsnips-400g;Sainsbury's Ready To Roast Parsnips 400g;£2.00/unit;£5.00/kg;Vegetarian & meat free;coleslaw--olives--salads---dips-30658-44;111;1.0;17.3;7.4;3.6;2.0;2.5;0.15;
sainsburys-ready-to-roast-parsnips-400g;Sainsbury's Ready To Roast Parsnips 400g;£2.00/unit;£5.00/kg;Vegetarian & meat free;vegetarian-meat-free-ready-meals;111;1.0;17.3;7.4;3.6;2.0;2.5;0.15;
sainsburys-ready-to-roast-potato--mushroom---onion-610g;Sainsbury's Ready To Roast Potato, Mushroom & Onion 610g;£3.00/unit;£5.00/kg;Prepared & ready to eat;prepared-vegetables;96;2.0;12.6;3.3;3.6;1.0;2.4;0.75;
sainsburys-ready-to-roast-potato--mushroom---onion-610g;Sainsbury's Ready To Roast Potato, Mushroom & Onion 610g;£3.00/unit;£5.00/kg;Ready meals;potato-vegetable-side-dishes;96;2.0;12.6;3.3;3.6;1.0;2.4;0.75;
sainsburys-ready-to-roast-potatoes-800g;Sainsbury's Ready To Roast Potatoes 800g;£2.50/unit;£3.13/kg;Fresh vegetables;potatoes;120;2.3;21.8;2.8;2.1;0.3;2.1;0.37;
sainsburys-ready-to-roast-potatoes-800g;Sainsbury's Ready To Roast Potatoes 800g;£2.50/unit;£3.13/kg;Prepared & ready to eat;prepared-vegetables;120;2.3;21.8;2.8;2.1;0.3;2.1;0.37;
sainsburys-ready-to-roast-spicy-vegetables-750g;Sainsbury's Ready To Roast Spicy Vegetables with Chorizo 750g;£4.00/unit;£5.33/kg;Prepared & ready to eat;prepared-vegetables;117;2.7;12.2;3.6;5.7;1.2;3.2;0.28;
sainsburys-ready-to-roast-vegetables-with-butternut-squash-750g;Sainsbury's Ready To Roast Vegetables With Butternut Squash 750g;£4.00/unit;£5.33/kg;Prepared & ready to eat;prepared-vegetables;75;1.2;14.3;4.2;0.8;0.1;2.7;0.05;
sainsburys-ready-to-roll-black-icing-250g;Sainsbury's Ready to Roll Black Icing 250g;£1.80/unit;£0.72/100g;Sugar & home baking;decorations;409;0.5;87.3;81.7;6.4;3.5;1.1;0.02;
sainsburys-ready-to-roll-black-icing-250g;Sainsbury's Ready to Roll Black Icing 250g;£1.80/unit;£0.72/100g;Sugar & home baking;icing---marzipan;409;0.5;87.3;81.7;6.4;3.5;1.1;0.02;
sainsburys-ready-to-roll-blue-icing-250g;Sainsbury's Ready to Roll  Blue Icing 250g;£1.80/unit;£0.72/100g;Sugar & home baking;decorations;408;0.5;87.9;87.9;6.2;3.3;0.5;0.04;
sainsburys-ready-to-roll-blue-icing-250g;Sainsbury's Ready to Roll  Blue Icing 250g;£1.80/unit;£0.72/100g;Sugar & home baking;icing---marzipan;408;0.5;87.9;87.9;6.2;3.3;0.5;0.04;
sainsburys-ready-to-roll-chocolate-icing-250g;Sainsbury's Ready to Roll Chocolate Icing 250g;£1.80/unit;£0.72/100g;Sugar & home baking;decorations;401;1.3;79.4;77.2;8.5;4.4;0.6;0.03;
sainsburys-ready-to-roll-chocolate-icing-250g;Sainsbury's Ready to Roll Chocolate Icing 250g;£1.80/unit;£0.72/100g;Sugar & home baking;icing---marzipan;401;1.3;79.4;77.2;8.5;4.4;0.6;0.03;
sainsburys-ready-to-roll-f-pink-icing-250g;Sainsbury's Ready to Roll Fuscia Pink Icing 250g;£1.80/unit;£0.72/100g;Sugar & home baking;icing---marzipan;412;0.5;87.8;84.9;6.6;3.4;0.5;0.02;
sainsburys-ready-to-roll-green-icing-250g;Sainsbury's Ready to Roll Green Icing 250g;£1.80/unit;£0.72/100g;Sugar & home baking;decorations;408;0.5;87.4;87.4;6.4;3.5;0.5;0.04;
sainsburys-ready-to-roll-green-icing-250g;Sainsbury's Ready to Roll Green Icing 250g;£1.80/unit;£0.72/100g;Sugar & home baking;icing---marzipan;408;0.5;87.4;87.4;6.4;3.5;0.5;0.04;
sainsburys-ready-to-roll-orange-icing-250g;Sainsbury's Ready to Roll Orange Icing 250g;£1.80/unit;£0.72/100g;Sugar & home baking;decorations;413;0.5;87.8;87.1;6.7;3.5;0.5;0.03;
sainsburys-ready-to-roll-orange-icing-250g;Sainsbury's Ready to Roll Orange Icing 250g;£1.80/unit;£0.72/100g;Sugar & home baking;icing---marzipan;413;0.5;87.8;87.1;6.7;3.5;0.5;0.03;
sainsburys-ready-to-roll-pink-icing-250g;Sainsbury's Ready to Roll Pink Icing 250g;£1.80/unit;£0.72/100g;Sugar & home baking;decorations;408;0.5;87.5;87.5;6.3;3.4;0.5;0.02;
sainsburys-ready-to-roll-pink-icing-250g;Sainsbury's Ready to Roll Pink Icing 250g;£1.80/unit;£0.72/100g;Sugar & home baking;icing---marzipan;408;0.5;87.5;87.5;6.3;3.4;0.5;0.02;
sainsburys-ready-to-roll-red-icing-250g;Sainsbury's Ready to Roll Red Icing 250g;£1.80/unit;£0.72/100g;Sugar & home baking;decorations;413;0.5;88.5;87.8;6.4;3.4;0.7;0.04;
sainsburys-ready-to-roll-red-icing-250g;Sainsbury's Ready to Roll Red Icing 250g;£1.80/unit;£0.72/100g;Sugar & home baking;icing---marzipan;413;0.5;88.5;87.8;6.4;3.4;0.7;0.04;
sainsburys-ready-to-roll-white-icing-500g;Sainsbury's Ready to Roll White Icing 500g;£1.50/unit;£0.30/100g;Sugar & home baking;icing---marzipan;410;0.5;88.1;83.5;6.3;3.6;0.5;0.02;
sainsburys-ready-to-roll-yellow-icing-250g;Sainsbury's Ready to Roll Yellow Icing 250g;£1.80/unit;£0.72/100g;Sugar & home baking;decorations;411;0.5;87.9;87.9;6.5;3.5;0.5;0.02;
sainsburys-ready-to-roll-yellow-icing-250g;Sainsbury's Ready to Roll Yellow Icing 250g;£1.80/unit;£0.72/100g;Sugar & home baking;icing---marzipan;411;0.5;87.9;87.9;6.5;3.5;0.5;0.02;
sainsburys-ready-trimmed-brussels-sprouts-240g;Sainsbury's Ready Trimmed Brussels Sprouts 240g;£1.50/unit;£6.25/kg;Fresh vegetables;broccoli-cauliflower-cabbage-greens;43;2.9;3.5;3.0;1.3;0.3;2.6;0.05;
sainsburys-ready-trimmed-brussels-sprouts-240g;Sainsbury's Ready Trimmed Brussels Sprouts 240g;£1.50/unit;£6.25/kg;In season;new-in-season;43;2.9;3.5;3.0;1.3;0.3;2.6;0.05;
sainsburys-ready-trimmed-brussels-sprouts-240g;Sainsbury's Ready Trimmed Brussels Sprouts 240g;£1.50/unit;£6.25/kg;Prepared & ready to eat;prepared-vegetables;43;2.9;3.5;3.0;1.3;0.3;2.6;0.05;
sainsburys-ready-trimmed-brussels-sprouts-480g;Sainsbury's Ready Trimmed Brussels Sprouts 480g;£2.00/unit;£4.17/kg;Fresh vegetables;broccoli-cauliflower-cabbage-greens;45;3.5;3.5;3.0;1.3;0.3;2.6;0.05;
sainsburys-ready-trimmed-brussels-sprouts-480g;Sainsbury's Ready Trimmed Brussels Sprouts 480g;£2.00/unit;£4.17/kg;Prepared & ready to eat;prepared-vegetables;45;3.5;3.5;3.0;1.3;0.3;2.6;0.05;
sainsburys-red---white-seedless-grapes-500g;Sainsbury's Red & White Seedless Grapes 500g;£2.00/unit;£4.00/kg;Fresh fruit;bananas-grapes;64;0.4;15.4;15.4;0.1;null;0.7;null;
sainsburys-red-apple---raisin-granola-1kg;Sainsbury's Granola, Red Apple & Raisin 1kg;£2.00/unit;£0.20/100g;Breakfast cereals;bigger-packs;425;9.2;63.7;22.7;13.1;5.0;7.7;0;
sainsburys-red-apple---raisin-granola-1kg;Sainsbury's Granola, Red Apple & Raisin 1kg;£2.00/unit;£0.20/100g;Breakfast cereals;muesli-granola-clusters;425;9.2;63.7;22.7;13.1;5.0;7.7;0;
sainsburys-red-cabbage-%28loose%29;Sainsbury's Red Cabbage (loose);£0.80/kg;£0.80/kg;Fresh vegetables;broccoli-cauliflower-cabbage-greens;26;1.1;3.5;3.1;0.5;0.1;2.5;0.02;
sainsburys-red-cabbage-300g;Sainsbury's Red Cabbage 300g;£2.00/unit;£6.67/kg;Fresh vegetables;broccoli-cauliflower-cabbage-greens;71;1.2;14.9;14.9;0.5;0.1;2.3;0.63;
sainsburys-red-cabbage-300g;Sainsbury's Red Cabbage 300g;£2.00/unit;£6.67/kg;Prepared & ready to eat;prepared-vegetables;71;1.2;14.9;14.9;0.5;0.1;2.3;0.63;
sainsburys-red-cabbage-300g;Sainsbury's Red Cabbage 300g;£2.00/unit;£6.67/kg;Ready meals;british-ready-meals;71;1.2;14.9;14.9;0.5;0.1;2.3;0.63;
sainsburys-red-cabbage-300g;Sainsbury's Red Cabbage 300g;£2.00/unit;£6.67/kg;Ready meals;potato-vegetable-side-dishes;71;1.2;14.9;14.9;0.5;0.1;2.3;0.63;
sainsburys-red-cabbage-300g;Sainsbury's Red Cabbage 300g;£2.00/unit;£6.67/kg;Vegetarian & meat free;coleslaw--olives--salads---dips-30658-44;71;1.2;14.9;14.9;0.5;0.1;2.3;0.63;
sainsburys-red-cabbage-300g;Sainsbury's Red Cabbage 300g;£2.00/unit;£6.67/kg;Vegetarian & meat free;vegetarian-meat-free-ready-meals;71;1.2;14.9;14.9;0.5;0.1;2.3;0.63;
sainsburys-red-cabbage-in-sweet-vinegar-445g;Sainsbury's Red Cabbage in Sweet Vinegar 445g (215g*);£0.75/unit;£0.17/100g;Vinegar, pickles, olives & antipasti;pickled-food;51;0.8;8.8;8.8;0.5;0.1;2.7;1.53;
sainsburys-red-cabbage-in-vinegar-445g;Sainsbury's Red Cabbage in Vinegar 445g (210g*);£0.90/unit;£0.20/100g;Vinegar, pickles, olives & antipasti;pickled-food;28;0.8;3.0;2.9;0.5;0.1;2.6;1.15;
sainsburys-red-cheese--be-good-to-yourself-270g;Sainsbury's Red Cheese, Be Good To Yourself 270g;£2.00/unit;£7.41/kg;Cheese;cheddar-british-regional-cheese;263;30.3;0.5;0.5;15.7;9.8;0.5;1.80;
sainsburys-red-cheese--be-good-to-yourself-270g;Sainsbury's Red Cheese, Be Good To Yourself 270g;£2.00/unit;£7.41/kg;Cheese;cottage-cheese---healthier-choice;263;30.3;0.5;0.5;15.7;9.8;0.5;1.80;
sainsburys-red-chillies-60g;Sainsbury's Red Chillies 60g;£0.60/unit;£10.00/kg;Fresh herbs & ingredients;afro-caribbean-ingredients;29;1.8;4.0;4.0;0.5;0.1;null;0.03;
sainsburys-red-chillies-60g;Sainsbury's Red Chillies 60g;£0.60/unit;£10.00/kg;Fresh herbs & ingredients;asian-ingredients;29;1.8;4.0;4.0;0.5;0.1;null;0.03;
sainsburys-red-chillies-60g;Sainsbury's Red Chillies 60g;£0.60/unit;£10.00/kg;Fresh herbs & ingredients;indian-ingredients;29;1.8;4.0;4.0;0.5;0.1;null;0.03;
sainsburys-red-chillies-60g;Sainsbury's Red Chillies 60g;£0.60/unit;£10.00/kg;Fresh vegetables;chillies-herbs-ingredients;29;1.8;4.0;4.0;0.5;0.1;null;0.03;
sainsburys-red-chillies-60g;Sainsbury's Red Chillies 60g;£0.60/unit;£10.00/kg;Fresh vegetables;fresh-vegetables-world-exotic;29;1.8;4.0;4.0;0.5;0.1;null;0.03;
sainsburys-red-cooking-wine-250ml;Sainsbury's Red Cooking Wine 250ml;£1.02/unit;£4.08/ltr;Cooking ingredients & oils;oils;7;0.1;1.1;0.1;0.1;0;0.5;0;
sainsburys-red-designer-icing-120g;Sainsbury's Red Designer Icing 120g;£1.40/unit;£1.17/100g;Sugar & home baking;decorations;396;0.5;81.7;81.3;7.4;1.7;0.6;0.05;
sainsburys-red-designer-icing-120g;Sainsbury's Red Designer Icing 120g;£1.40/unit;£1.17/100g;Sugar & home baking;icing---marzipan;396;0.5;81.7;81.3;7.4;1.7;0.6;0.05;
sainsburys-red-foil-cupcake-cases-45s;Sainsbury's Red Foil Cupcake Cases x45;£1.50/unit;£1.50/ea;Sugar & home baking;cake-cases---baking-accessories;null;null;null;null;null;null;null;null;
sainsburys-red-food-colour-38ml;Sainsbury's Red Food Colour 38ml;£1.00/unit;£0.26/10ml;Sugar & home baking;baking-ingredients---colourings;null;null;null;null;null;null;null;null;
sainsburys-red-fruit-balance-cereal-bars-x6-138g;Sainsbury's Red Fruit Balance Cereal Bars 6x23g;£1.60/unit;£1.16/100g;Biscuits & crackers;cereal-bars-breakfast-biscuits;379;3.9;76.6;30.5;5.5;3.1;3.6;0.43;
sainsburys-red-fruit-balance-cereal-bars-x6-138g;Sainsbury's Red Fruit Balance Cereal Bars 6x23g;£1.60/unit;£1.16/100g;Breakfast cereals;breakfast-cereal-bars-breakfast-biscuits;379;3.9;76.6;30.5;5.5;3.1;3.6;0.43;
sainsburys-red-fruit-yogurts-6x125g;Sainsbury's Mixed Red Fruit Yogurt 6x125g;£1.00/unit;£0.13/100g;Yogurts;corners-everyday-yogurts;90;4.5;14;11;1.8;0.9;0.5;0.13;
sainsburys-red-fruit-yogurts-6x125g;Sainsbury's Mixed Red Fruit Yogurt 6x125g;£1.00/unit;£0.13/100g;Yogurts;diet-low-fat-yogurts;90;4.5;14;11;1.8;0.9;0.5;0.13;
sainsburys-red-grape-juice-1l-6694506-p-44;Sainsbury's Red Grape Juice, Not From Concentrate 1L;£1.40/unit;£0.14/100ml;Chilled fruit juice & smoothies;chilled-fruit-juice;68;0.5;16.3;16.3;0.5;0.1;0.5;0.01;
sainsburys-red-grapefruit-%28each%29;Sainsbury's Grapefruit, Red (each);£0.50/unit;£0.50/ea;Fresh fruit;citrus-fruit;34;0.8;6.8;6.8;0.5;0.1;1.3;0.01;
sainsburys-red-kidney-beans-in-chilli-sauce-420g;Sainsbury's Red Kidney Beans in Chilli Sauce 400g;£0.80/unit;£2.00/kg;Canned, tinned & packaged foods;pulses-beans;91;5.6;13.4;5.1;0.5;0.1;5.4;0.57;
sainsburys-red-kidney-beans-in-water--basics-400g;Sainsbury's Red Kidney Beans in Water, Basics 400g (240g*);£0.30/unit;£1.25/kg;Canned, tinned & packaged foods;pulses-beans;105;6.9;15.0;1.0;0.6;0.1;6.2;0.03;
sainsburys-red-kidney-beans-in-water-215g;Sainsbury's Red Kidney Beans in Water 215g (130g*);£0.45/unit;£3.46/kg;Canned, tinned & packaged foods;pulses-beans;105;8.1;12.8;0.5;0.6;0.1;7.8;0.03;
sainsburys-red-kidney-beans-in-water-410g;Sainsbury's Red Kidney Beans in Water 410g (240g*);£0.60/unit;£2.50/kg;Canned, tinned & packaged foods;pulses-beans;105;8.1;12.8;0.5;0.6;0.1;7.8;0.03;
sainsburys-red-leicester--basics-625g;Sainsbury's Red Leicester, Basics 625g;£4.00/unit;£6.40/kg;Cheese;cheddar-british-regional-cheese;390;25.5;0.5;0.5;32.0;20.8;0.5;1.80;
sainsburys-red-leicester--so-organic-270g;Sainsbury's Red Leicester, SO Organic 270g;£2.50/unit;£9.26/kg;Cheese;cheddar-british-regional-cheese;399;23.8;0.5;0.5;33.7;21.1;0.5;1.70;
sainsburys-red-leicester--so-organic-270g;Sainsbury's Red Leicester, SO Organic 270g;£2.50/unit;£9.26/kg;Cheese;cheeseboard-delights;399;23.8;0.5;0.5;33.7;21.1;0.5;1.70;
sainsburys-red-leicester--so-organic-270g;Sainsbury's Red Leicester, SO Organic 270g;£2.50/unit;£9.26/kg;Cheese;organic-taste-the-difference-cheese;399;23.8;0.5;0.5;33.7;21.1;0.5;1.70;
sainsburys-red-leicester-250g;Sainsbury's Red Leicester 250g;£2.00/unit;£8.00/kg;Cheese;cheddar-british-regional-cheese;390;25.5;0.5;0.5;32.0;20.8;0.5;1.80;
sainsburys-red-leicester-400g;Sainsbury's Red Leicester 400g;£3.00/unit;£7.50/kg;Cheese;cheddar-british-regional-cheese;390;25.5;0.5;0.5;32.0;20.8;0.5;1.80;
sainsburys-red-leicester-slices-240g;Sainsbury's Red Leicester Slices 240g;£2.00/unit;£8.33/kg;Cheese;cheddar-british-regional-cheese;390;25.5;0.5;0.5;32.0;20.8;0.5;1.80;
sainsburys-red-leicester-slices-240g;Sainsbury's Red Leicester Slices 240g;£2.00/unit;£8.33/kg;Cheese;sliced-grated-cheese;390;25.5;0.5;0.5;32.0;20.8;0.5;1.80;
sainsburys-red-lentils-1kg;Sainsbury's Red Lentils 1kg;£1.80/unit;£1.80/kg;Canned, tinned & packaged foods;pulses-beans;86;7.5;9.6;0.5;0.9;0.3;4.5;0.01;
sainsburys-red-mini-cos---sweet-gem-lettuce;Sainsbury's Red Mini Cos & Sweet Gem Lettuce;£1.00/unit;£0.50/ea;Fresh salad;lettuce;14;1.2;1.3;1.3;0.5;0.1;1.3;0.02;
sainsburys-red-onion---cheese-mini-flatbreads--taste-the-difference-265g;Sainsbury's Red Onion & Cheese Mini Flatbreads, Taste the Difference 265g;£2.20/unit;£0.83/100g;Pizza, pasta & garlic bread;garlic-bread;294;9.9;41.0;2.2;9.5;3.0;2.5;0.85;
sainsburys-red-onion---cheese-mini-flatbreads--taste-the-difference-265g;Sainsbury's Red Onion & Cheese Mini Flatbreads, Taste the Difference 265g;£2.20/unit;£0.83/100g;Ready meals;taste-the-difference-bistro-ready-meals;294;9.9;41.0;2.2;9.5;3.0;2.5;0.85;
sainsburys-red-onion---cheese-mini-flatbreads--taste-the-difference-265g;Sainsbury's Red Onion & Cheese Mini Flatbreads, Taste the Difference 265g;£2.20/unit;£0.83/100g;Vegetarian & meat free;vegetarian-meat-free-pizza-pasta;294;9.9;41.0;2.2;9.5;3.0;2.5;0.85;
sainsburys-red-onion---courgette-bhajia--taste-the-difference-210g;Sainsbury's Red Onion & Courgette Bhajia, Taste the Difference 210g;£2.00/unit;£9.52/kg;Ready meals;indian-ready-meals;248;4.7;26.5;13.0;12.5;1.2;5.1;0.95;
sainsburys-red-onion---courgette-bhajia--taste-the-difference-210g;Sainsbury's Red Onion & Courgette Bhajia, Taste the Difference 210g;£2.00/unit;£9.52/kg;Ready meals;taste-the-difference-bistro-ready-meals;248;4.7;26.5;13.0;12.5;1.2;5.1;0.95;
sainsburys-red-onions--so-organic-500g;Sainsbury's Red Onions, SO Organic 500g;£1.10/unit;£2.20/kg;Fresh vegetables;onions-leeks-garlic;38;1.0;7.6;5.9;0.5;0.1;1.4;0.01;
sainsburys-red-onions--so-organic-500g;Sainsbury's Red Onions, SO Organic 500g;£1.10/unit;£2.20/kg;Organic;organic;38;1.0;7.6;5.9;0.5;0.1;1.4;0.01;
sainsburys-red-onions-1kg;Sainsbury's Red Onions 1kg;£1.00/unit;£1.00/kg;Fresh vegetables;onions-leeks-garlic;38;1.0;7.6;5.9;0.5;0.1;1.4;0.01;
sainsburys-red-pepper-%28each%29;Sainsbury's Red Pepper (each);£0.60/unit;£0.60/ea;Fresh salad;peppers;null;null;null;null;null;null;null;null;
sainsburys-red-pepper-%28each%29;Sainsbury's Red Pepper (each);£0.60/unit;£0.60/ea;Fresh vegetables;peppers-salad-vegetables;null;null;null;null;null;null;null;null;
sainsburys-red-pepper---chilli-dressing--be-good-to-yourself-260ml;Sainsbury's Red Pepper & Chilli Dressing, Be Good To Yourself 260ml;£1.00/unit;£0.40/100ml;Table sauces, dressings & condiments;salad-dressings;52;0.5;11.6;9.3;0.5;0.1;0.6;0.72;
sainsburys-red-pepper---chilli-dressing-180ml;Sainsbury's Red Pepper & Chilli Dressing 180ml;£1.20/unit;£0.67/100ml;Fresh salad;dressings-coleslaw-accompaniments;157;1.2;17.5;14.5;8.9;0.7;1.3;1.25;
sainsburys-red-pepper---chilli-salsa-170g;Sainsbury's Red Pepper & Chilli Salsa 170g;£1.40/unit;£0.82/100g;Coleslaw, olives, salads & dips;fresh-dips-houmous;128;1.4;10.9;6.7;8.4;0.7;1.5;1.30;
sainsburys-red-pepper---chilli-salsa-170g;Sainsbury's Red Pepper & Chilli Salsa 170g;£1.40/unit;£0.82/100g;Vegetarian & meat free;deli-meat-alternatives;128;1.4;10.9;6.7;8.4;0.7;1.5;1.30;
sainsburys-red-pepper-bruschetta-235g;Sainsbury's Red Pepper Bruschetta 235g;£2.30/unit;£0.98/100g;Vinegar, pickles, olives & antipasti;olives-antipasti;58;1.0;7.0;7.0;2.4;0.4;2.4;1.70;
sainsburys-red-pepper-houmous--be-good-to-yourself-200g;Sainsbury's Red Pepper Houmous, Be Good To Yourself 200g;£1.40/unit;£0.70/100g;Coleslaw, olives, salads & dips;fresh-dips-houmous;170;6.3;12.3;1.2;9.0;0.9;7.2;0.71;
sainsburys-red-pepper-houmous--be-good-to-yourself-200g;Sainsbury's Red Pepper Houmous, Be Good To Yourself 200g;£1.40/unit;£0.70/100g;Vegetarian & meat free;deli-meat-alternatives;170;6.3;12.3;1.2;9.0;0.9;7.2;0.71;
sainsburys-red-pepper-stuffed-greek-olives--taste-the-difference-285g;Sainsbury's Red Pepper Stuffed Greek Olives, Taste the Difference 285g (160g*);£2.50/unit;£1.56/100g;Vinegar, pickles, olives & antipasti;olives-antipasti;125;1.0;1.0;0.5;12.5;1.9;2.0;3.33;
sainsburys-red-pesto-150g;Sainsbury's Fresh Red Pesto 150g;£2.00/unit;£1.33/100g;Pizza, pasta & garlic bread;fresh-pasta-sauces;403;6.6;6.7;4.4;38.6;6.3;1.3;1.23;
sainsburys-red-pesto-150g;Sainsbury's Fresh Red Pesto 150g;£2.00/unit;£1.33/100g;Vegetarian & meat free;vegetarian-meat-free-pizza-pasta;403;6.6;6.7;4.4;38.6;6.3;1.3;1.23;
sainsburys-red-plum-conserve--taste-the-difference-340g;Sainsbury's Red Plum Conserve, Taste the Difference 340g;£1.50/unit;£0.44/100g;Jams, honey & spreads;jams---conserves;243;0.5;59.6;52.4;0.5;0.1;0.9;0.13;
sainsburys-red-plums-in-light-syrup-567g;Sainsbury's Red Plums In Light Syrup 567g;£0.90/unit;£1.59/kg;Fruit & desserts;dessert-fruit;75;0.5;17;16;0.5;0.2;1.4;0.05;
sainsburys-red-salmon--skinless---boneless-105g;Sainsbury's Wild Pacific Red Salmon, Skinless & Boneless 105g;£2.00/unit;£1.90/100g;Canned, tinned & packaged foods;canned-tinned-packaged-fish;131;20.7;0.5;0.5;5.3;1.5;0.5;0.88;
sainsburys-red-salmon--skinless---boneless-170g;Sainsbury's Wild Pacific Red Salmon, Skinless & Boneless 170g;£3.00/unit;£1.76/100g;Canned, tinned & packaged foods;canned-tinned-packaged-fish;131;20.7;0.5;0.5;5.3;1.5;0.5;0.88;
sainsburys-red-salmon-212g;Sainsbury's Wild Pacific Red Salmon 212g;£2.65/unit;£1.25/100g;Canned, tinned & packaged foods;canned-tinned-packaged-fish;152;20.8;0.5;0.5;7.5;1.9;0.5;0.84;
sainsburys-red-salmon-no-added-salt-212g;Sainsbury's Wild Pacific Red Salmon No Added Salt 212g;£2.65/unit;£1.25/100g;Canned, tinned & packaged foods;canned-tinned-packaged-fish;152;20.8;0.5;0.5;7.5;1.9;0.5;0.13;
sainsburys-red-salmon-skinless---boneless--taste-the-difference-105g;Sainsbury's Wild Red Salmon Skinless & Boneless, Taste the Difference 105g;£2.70/unit;£2.57/100g;Canned, tinned & packaged foods;canned-tinned-packaged-fish;131;20.7;0.5;0.5;5.3;1.5;0.5;0.88;
sainsburys-red-seeded-grapes-500g;Sainsbury's Seeded Grapes 500g;£1.50/unit;£3.00/kg;Fresh fruit;bananas-grapes;null;null;null;null;null;null;null;null;
sainsburys-red-seedless-grapes-%28approx-600g%29;Sainsbury's Red Seedless Grapes (approx. 600g);£4.00/kg;£4.00/kg;Fresh fruit;bananas-grapes;66;0.4;15.4;15.4;0.1;0.0;0.7;0;
sainsburys-red-seedless-grapes-250g;Sainsbury's Red Seedless Grapes 250g;£1.50/unit;£6.00/kg;Fresh fruit;bananas-grapes;66;0.4;15.4;15.4;0.1;0;0.7;null;
sainsburys-red-sweet-pointed-pepper--taste-the-difference;Sainsbury's Red Sweet Pointed Pepper, Taste the Difference (each);£0.60/unit;£0.60/ea;Fresh salad;peppers;null;null;null;null;null;null;null;null;
sainsburys-red-sweet-pointed-pepper--taste-the-difference;Sainsbury's Red Sweet Pointed Pepper, Taste the Difference (each);£0.60/unit;£0.60/ea;Fresh vegetables;peppers-salad-vegetables;null;null;null;null;null;null;null;null;
sainsburys-red-sweet-pointed-pepper--taste-the-difference;Sainsbury's Red Sweet Pointed Pepper, Taste the Difference (each);£0.60/unit;£0.60/ea;Taste the Difference;taste-the-difference-185761-44;null;null;null;null;null;null;null;null;
sainsburys-red-thai-paste-190g;Sainsbury's Thai Red Curry Paste 180g;£1.50/unit;£0.83/100g;Cooking ingredients & oils;cooking-pastes;108;1.0;7.7;5.5;7.8;1.2;1.7;1.50;
sainsburys-red-thai-paste-190g;Sainsbury's Thai Red Curry Paste 180g;£1.50/unit;£0.83/100g;Cooking sauces & world foods;thai-cooking-sauces;108;1.0;7.7;5.5;7.8;1.2;1.7;1.50;
sainsburys-red-velvet-cupcakes-x2;Sainsbury's Red Velvet Cupcakes x2;£1.45/unit;£0.73/ea;Cakes;muffins-small-cakes;500;3.4;57;52;29;10;1.0;0.39;
sainsburys-redcurrant-jelly-250ml;Sainsbury's Redcurrant Jelly 250ml;£0.80/unit;£0.32/100ml;Table sauces, dressings & condiments;condiments;260;0.5;64.2;58.9;0.5;0.1;0.5;0.15;
sainsburys-reduced-fat-cheese-singles-200g;Sainsbury's Reduced Fat Cheese Singles 200g;£1.20/unit;£6.00/kg;Cheese;cottage-cheese---healthier-choice;190;14.7;9.1;9.1;10.5;6.4;0.5;2.00;
sainsburys-reduced-fat-cheese-singles-200g;Sainsbury's Reduced Fat Cheese Singles 200g;£1.20/unit;£6.00/kg;Cheese;sliced-grated-cheese;190;14.7;9.1;9.1;10.5;6.4;0.5;2.00;
sainsburys-reduced-fat-cheese-singles-200g;Sainsbury's Reduced Fat Cheese Singles 200g;£1.20/unit;£6.00/kg;Cheese;snacking-lunchbox-cheese;190;14.7;9.1;9.1;10.5;6.4;0.5;2.00;
sainsburys-reduced-fat-cream-crackers--be-good-to-yourself-200g;Sainsbury's Reduced Fat Cream Crackers, Be Good To Yourself 200g;£0.30/unit;£0.15/100g;Biscuits & crackers;crackers-savoury-biscuits;397;10.7;72.5;1.6;6.1;2.8;4.1;1.34;
sainsburys-reduced-fat-cream-crackers--be-good-to-yourself-200g;Sainsbury's Reduced Fat Cream Crackers, Be Good To Yourself 200g;£0.30/unit;£0.15/100g;Biscuits & crackers;healthier-biscuits-crackers;397;10.7;72.5;1.6;6.1;2.8;4.1;1.34;
sainsburys-reduced-fat-guacamole--be-good-to-yourself-170g;Sainsbury's Guacamole, Be Good To Yourself 170g;£1.70/unit;£1.00/100g;Coleslaw, olives, salads & dips;fresh-dips-houmous;146;1.3;2.9;1.1;13.5;2.9;4.0;0.50;
sainsburys-reduced-fat-guacamole--be-good-to-yourself-170g;Sainsbury's Guacamole, Be Good To Yourself 170g;£1.70/unit;£1.00/100g;Vegetarian & meat free;deli-meat-alternatives;146;1.3;2.9;1.1;13.5;2.9;4.0;0.50;
sainsburys-reduced-fat-mayonnaise-480ml;Sainsbury's Reduced Fat Mayonnaise 480ml;£1.00/unit;£0.21/100ml;Table sauces, dressings & condiments;salad-cream-mayonnaise;279;0.5;7.2;2.7;27.5;2.4;0.5;1.45;
sainsburys-reduced-fat-mayonnaise-750ml;Sainsbury's Reduced Fat Mayonnaise 730ml;£1.40/unit;£0.19/100ml;Table sauces, dressings & condiments;salad-cream-mayonnaise;279;0.5;7.2;2.7;27.5;2.4;0.5;1.45;
sainsburys-reduced-fat-slices-400g;Sainsbury's Reduced Fat Slices 400g;£2.00/unit;£5.00/kg;Cheese;cottage-cheese---healthier-choice;190;14.7;9.1;9.1;10.5;6.4;0.5;2.00;
sainsburys-reduced-fat-slices-400g;Sainsbury's Reduced Fat Slices 400g;£2.00/unit;£5.00/kg;Cheese;sliced-grated-cheese;190;14.7;9.1;9.1;10.5;6.4;0.5;2.00;
sainsburys-reduced-fat-slices-400g;Sainsbury's Reduced Fat Slices 400g;£2.00/unit;£5.00/kg;Cheese;snacking-lunchbox-cheese;190;14.7;9.1;9.1;10.5;6.4;0.5;2.00;
sainsburys-reduced-sodium-salt-350g;Sainsbury's Reduced Sodium Salt 350g;£0.90/unit;£2.57/kg;Cooking ingredients & oils;salt-pepper;null;null;null;null;null;null;null;null;
sainsburys-reduced-sugar---salt-baked-beans-in-tomato-sauce-420g;Sainsbury's Reduced Sugar & Salt Baked Beans In Tomato Sauce 420g;£0.40/unit;£0.95/kg;Canned, tinned & packaged foods;baked-beans-canned-pasta;81;4.4;12;3.5;0.6;0.1;5.4;0.44;
sainsburys-reduced-sugar---salt-baked-beans-in-tomato-sauce-4x420g;Sainsbury's Reduced Sugar & Salt Baked Beans In Tomato Sauce 4x420g;£1.20/unit;£0.71/kg;Canned, tinned & packaged foods;baked-beans-canned-pasta;81;4.4;12;3.5;0.6;0.1;5.4;0.44;
sainsburys-reduced-sugar-apricot-jam-415g;Sainsbury's Reduced Sugar Apricot Jam 415g;£1.50/unit;£0.36/100g;Jams, honey & spreads;jams---conserves;178;0.5;42.3;34.5;0.5;0.4;1.5;0.15;
sainsburys-reduced-sugar-cranberry-stevia-1l;Sainsbury's Cranberry Reduced Sugar Juice Drink with Stevia 1L;£1.00/unit;£0.10/100ml;Chilled fruit juice & smoothies;chilled-fruit-juice;35;0.5;8.7;6.2;0.5;0.1;0.5;0.01;
sainsburys-reduced-sugar-cranberry-stevia-1l;Sainsbury's Cranberry Reduced Sugar Juice Drink with Stevia 1L;£1.00/unit;£0.10/100ml;Chilled fruit juice & smoothies;reduced-sugar;35;0.5;8.7;6.2;0.5;0.1;0.5;0.01;
sainsburys-reduced-sugar-fine-cut-orange-marmalade-415g;Sainsbury's Reduced Sugar Fine Cut Orange Marmalade 415g;£0.90/unit;£0.22/100g;Jams, honey & spreads;marmalade;181;0.5;43.7;39.5;0.5;0.2;2.2;0.13;
sainsburys-reduced-sugar-strawberry-jam-415g;Sainsbury's Reduced Sugar Strawberry Jam 415g;£1.50/unit;£0.36/100g;Jams, honey & spreads;jams---conserves;182;0.5;43.2;40.0;0.5;0.3;1.7;0.15;
sainsburys-reduced-sugar-thick-cut-orange-marmalade-415g;Sainsbury's Reduced Sugar Thick Cut Orange Marmalade 415g;£0.90/unit;£0.22/100g;Jams, honey & spreads;marmalade;180;0.5;43.3;40.4;0.5;0.1;1.6;0.13;
sainsburys-reducesalt-lemon-coriander-olives130g;Sainsbury's Reduced Salt Olives with Lemon & Coriander 130g;£2.30/unit;£1.77/100g;Coleslaw, olives, salads & dips;olives-tapas-antipasti;189;1.0;0.5;0.5;19.4;3.2;4.7;1.99;
sainsburys-reducesalt-lemon-coriander-olives130g;Sainsbury's Reduced Salt Olives with Lemon & Coriander 130g;£2.30/unit;£1.77/100g;Vegetarian & meat free;deli-meat-alternatives;189;1.0;0.5;0.5;19.4;3.2;4.7;1.99;
sainsburys-reeces-wensleydale-250g;Sainsbury's Wensleydale 250g;£2.00/unit;£8.00/kg;Cheese;cheddar-british-regional-cheese;381;23.7;0.5;0.5;31.8;21.1;0.5;1.58;
sainsburys-resealable-turkey-fillets-1kg;Sainsbury's Resealable Turkey Fillets 1kg;£6.00/unit;£6.00/kg;Turkey;turkey;127;29.4;0;0;1.0;0.4;0;0.15;
sainsburys-responsibly-sourced-coley-steaks-x6-520g;Sainsbury's Responsibly Sourced Coley Steaks x6 520g;£3.20/unit;£6.15/kg;Fish & seafood;frozen-fish-seafood;98;23.3;0.5;0.5;0.5;0.2;0.5;0.25;
sainsburys-responsibly-sourced-pollock-steaks-520g;Sainsbury's Responsibly Sourced Pollock Steaks 520g;£3.20/unit;£6.15/kg;Fish & seafood;frozen-fish-seafood;74;17.4;0.7;0.5;0.5;0.1;0.5;0.73;
sainsburys-responsibly-sourced-scottish-salmon-fillet-x2-240g;Sainsbury's Responsibly Sourced Scottish Salmon Fillet x2 240g;£3.30/unit;£13.75/kg;Fish & seafood;filleted-whole-fish;229;23.5;0.5;0.5;14.9;2.3;0.5;0.13;
sainsburys-responsibly-sourced-scottish-salmon-fillet-x2-240g;Sainsbury's Responsibly Sourced Scottish Salmon Fillet x2 240g;£3.30/unit;£13.75/kg;Great prices on meat & fish;great-prices-on-meat---fish;229;23.5;0.5;0.5;14.9;2.3;0.5;0.13;
sainsburys-rhubarb-400g;Sainsbury's Rhubarb 400g;£2.50/unit;£6.25/kg;Fresh fruit;apples-pears-rhubarb;0;0.5;0.5;0.5;0.5;0.1;0.5;0.01;
sainsburys-rhubarb-400g;Sainsbury's Rhubarb 400g;£2.50/unit;£6.25/kg;In season;new-in-season;0;0.5;0.5;0.5;0.5;0.1;0.5;0.01;
sainsburys-rhubarb-540g;Sainsbury's Rhubarb 540g;£0.85/unit;£1.57/kg;Fruit & desserts;dessert-fruit;41;0.5;9.0;8.4;0.5;0.1;0.7;0.18;
sainsburys-rhubarb-crumble-500g;Sainsbury's Rhubarb Crumble 500g;£2.75/unit;£0.55/100g;Desserts & cream;desserts;212;1.9;35;22;6.6;3.0;3.4;0.14;
sainsburys-rhubarb-crumble-600g-%28serves-6%29;Sainsbury's Rhubarb Crumble 600g (serves 6);£2.00/unit;£0.33/100g;Ice cream & desserts;frozen-hot-desserts;252;3.3;35.9;17.8;10.2;5.2;1.9;0.13;
sainsburys-rhubarb-crumbles-2x120g;Sainsbury's Rhubarb Crumbles 2x120g;£1.00/unit;£0.42/100g;Desserts & cream;desserts;225;2.2;36;23;7.3;3.3;3.6;0.16;
sainsburys-rhubarb-fool-113g;Sainsbury's Fruit Fool Timperley Rhubarb 113g;£0.70/unit;£0.61/100g;Yogurts;luxury-yogurts;147;2.4;10.9;8.9;10.3;6.8;0.5;0.08;
sainsburys-rhubarb-yogurt-450g;Sainsbury's Fabulously Fruity Low Fat Rhubarb Yogurt 450g;£1.00/unit;£0.22/100g;Yogurts;big-pots-pouring-yogurts;86;4.7;14;14;1.2;0.8;0.5;0.13;
sainsburys-ribeye-steaks-x-1-%28approx%29;Sainsbury's Ribeye Steak, Taste the Difference (approx. 325g / 11.5oz);£23.00/kg;£23.00/kg;Beef;beef;296;25.2;0.5;0.5;21.7;11.0;0.5;0.25;
sainsburys-ribeye-steaks-x-1-%28approx%29;Sainsbury's Ribeye Steak, Taste the Difference (approx. 325g / 11.5oz);£23.00/kg;£23.00/kg;Organic & Taste the Difference;organic-taste-the-difference;296;25.2;0.5;0.5;21.7;11.0;0.5;0.25;
sainsburys-rice--broccoli--sweetcorn---peas-microwaveable-steam-bags-x4-540g;Sainsbury's Rice, Broccoli, Sweetcorn & Peas Microwaveable Steam Bags x4 540g;£1.50/unit;£2.78/kg;Fruit, vegetables & rice;frozen-vegetables;100;3.8;17.1;1.2;1.3;0.2;2.4;0.01;
sainsburys-rice-noodle-pot-beef-pho-74g;Sainsbury's Rice Noodle Pot Beef Pho 74g;£1.50/unit;£20.27/kg;Cooking sauces & world foods;world-foods-instant-snack-meals;77;2.2;16.4;1.8;0.5;0.1;0.5;0.73;
sainsburys-rice-noodle-pot-beef-pho-74g;Sainsbury's Rice Noodle Pot Beef Pho 74g;£1.50/unit;£20.27/kg;Rice, pasta & noodles;instant-snack-meals;77;2.2;16.4;1.8;0.5;0.1;0.5;0.73;
sainsburys-rice-noodle-pot-tom-yum-74g;Sainsbury's Rice Noodle Pot Tom Yum 74g;£1.50/unit;£2.03/kg;Cooking sauces & world foods;world-foods-instant-snack-meals;77;1.6;16.7;3.0;0.5;0.1;0.9;0.53;
sainsburys-rice-noodle-pot-tom-yum-74g;Sainsbury's Rice Noodle Pot Tom Yum 74g;£1.50/unit;£2.03/kg;Rice, pasta & noodles;instant-snack-meals;77;1.6;16.7;3.0;0.5;0.1;0.9;0.53;
sainsburys-rice-noodles-300g;Sainsbury's Rice Noodles 300g;£1.40/unit;£4.67/kg;Fresh herbs & ingredients;asian-ingredients;135;2.2;25.9;0.5;2.2;0.2;1.4;0.02;
sainsburys-rice-noodles-300g;Sainsbury's Rice Noodles 300g;£1.40/unit;£4.67/kg;Fresh vegetables;fresh-vegetables-stir-fry;135;2.2;25.9;0.5;2.2;0.2;1.4;0.02;
sainsburys-rice-noodles-300g;Sainsbury's Rice Noodles 300g;£1.40/unit;£4.67/kg;Fresh vegetables;fresh-vegetables-world-exotic;135;2.2;25.9;0.5;2.2;0.2;1.4;0.02;
sainsburys-rice-noodles-300g;Sainsbury's Rice Noodles 300g;£1.40/unit;£4.67/kg;Prepared & ready to eat;prepared-stir-fry;135;2.2;25.9;0.5;2.2;0.2;1.4;0.02;
sainsburys-rice-noodles-300g;Sainsbury's Rice Noodles 300g;£1.40/unit;£4.67/kg;Prepared & ready to eat;prepared-vegetables;135;2.2;25.9;0.5;2.2;0.2;1.4;0.02;
sainsburys-rice-noodles-375g;Sainsbury's Rice Noodles 375g;£1.40/unit;£0.37/100g;Cooking sauces & world foods;thai-cooking-sauces;null;null;null;null;null;null;null;null;
sainsburys-rice-noodles-375g;Sainsbury's Rice Noodles 375g;£1.40/unit;£0.37/100g;Rice, pasta & noodles;noodles;null;null;null;null;null;null;null;null;
sainsburys-rice-pops--basics-440g;Sainsbury's Rice Pops, Basics 440g;£0.80/unit;£0.18/100g;Breakfast cereals;kids-cereals;382;7.1;82.0;14.6;2.5;0.8;1.8;0.01;
sainsburys-rice-pops-440g;Sainsbury's Rice Pops 440g;£1.60/unit;£0.36/100g;Breakfast cereals;kids-cereals;391;6.7;87;11;1.4;0.5;1.7;0.72;
sainsburys-rice-pops-600g;Sainsbury's Rice Pops 600g;£1.95/unit;£0.33/100g;Breakfast cereals;kids-cereals;391;6.7;87;11;1.4;0.5;1.7;0.72;
sainsburys-rice-pot-chicken-tikka-350g;Sainsbury's Micro Pot Chicken Tikka Rice 350g;£2.00/unit;£5.71/kg;Cooking sauces & world foods;world-foods-instant-snack-meals;98;4.6;13.8;3.5;2.5;1.3;1.1;0.55;
sainsburys-rice-pot-chicken-tikka-350g;Sainsbury's Micro Pot Chicken Tikka Rice 350g;£2.00/unit;£5.71/kg;Rice, pasta & noodles;instant-snack-meals;98;4.6;13.8;3.5;2.5;1.3;1.1;0.55;
sainsburys-rice-pot-chicken-tikka-75g;Sainsbury's Rice Pot Chicken Tikka 75g;£1.00/unit;£13.33/kg;Cooking sauces & world foods;world-foods-instant-snack-meals;134;3.3;25.8;2.0;1.8;0.8;0.5;0.48;
sainsburys-rice-pot-chicken-tikka-75g;Sainsbury's Rice Pot Chicken Tikka 75g;£1.00/unit;£13.33/kg;Rice, pasta & noodles;instant-snack-meals;134;3.3;25.8;2.0;1.8;0.8;0.5;0.48;
sainsburys-rice-pudding--basics-400g;Sainsbury's Rice Pudding, Basics 400g;£0.25/unit;£0.06/100g;Fruit & desserts;rice-sponge-pudding;87;2.9;17.1;9.8;0.8;0.5;0.5;0.13;
sainsburys-rice-pudding--creamed-400g;Sainsbury's Rice Pudding, Creamed 400g;£0.45/unit;£0.11/100g;Fruit & desserts;rice-sponge-pudding;96;3.1;16.9;10.3;1.7;1.2;0.1;0.10;
sainsburys-rice-pudding--low-fat--be-good-to-yourself-400g;Sainsbury's Rice Pudding, Low Fat, Be Good To Yourself 400g;£0.45/unit;£0.11/100g;Fruit & desserts;rice-sponge-pudding;81;3.3;15.5;7.8;0.6;0.3;0.5;0.10;
sainsburys-rice-vinegar-150ml;Sainsbury's Rice Vinegar 150ml;£1.85/unit;£1.23/100ml;Cooking sauces & world foods;japanese;12;0.5;2.6;0.5;0.5;0.1;0.5;0.02;
sainsburys-rich-chocolate-slices-x6;Sainsbury's Rich Chocolate Slices x6 180g;£1.10/unit;£0.18/ea;Cakes;slices-pies-tarts;436;4.8;52.6;33.6;22.5;3.6;2.1;0.30;
sainsburys-rich-tea--basics-200g;Sainsbury's Rich Tea, Basics 200g;£0.20/unit;£0.10/100g;Biscuits & crackers;everyday-biscuits-shortbread;457;7.1;71;20;15;7.2;2.9;1.0;
sainsburys-rich-tea-biscuits-200g;Sainsbury's Rich Tea Biscuits 200g;£0.55/unit;£0.28/100g;Biscuits & crackers;everyday-biscuits-shortbread;446;7.2;72.9;20.9;13.4;6.2;3.0;1.03;
sainsburys-rich-tea-biscuits-400g;Sainsbury's Rich Tea Biscuits 400g;£0.85/unit;£0.21/100g;Biscuits & crackers;everyday-biscuits-shortbread;446;7.2;72.9;20.9;13.4;6.2;3.0;1.03;
sainsburys-rich-tea-fingers--fingers-250g;Sainsbury's Rich Tea Fingers, Fingers 250g;£0.55/unit;£0.22/100g;Biscuits & crackers;everyday-biscuits-shortbread;454;7.2;72.5;20.7;14.3;6.7;3.0;0.97;
sainsburys-rigatoni-%28tubes%29--italian-500g;Sainsbury's Rigatoni (tubes), Italian 500g;£0.85/unit;£1.70/kg;Rice, pasta & noodles;pasta;160;4.4;33.6;0.6;0.6;0.1;1.4;0.01;
sainsburys-rind-on-unsmoked-gammon-steaks-x2-450g;Sainsbury's Rind On Unsmoked Gammon Steaks x2 450g;£3.30/unit;£7.33/kg;Bacon & gammon;gammon;168;24.1;0.5;0.5;7.9;3.0;0.5;3.80;
sainsburys-rind-on-unsmoked-gammon-steaks-x2-450g;Sainsbury's Rind On Unsmoked Gammon Steaks x2 450g;£3.30/unit;£7.33/kg;Great prices on meat & fish;great-prices-on-meat---fish;168;24.1;0.5;0.5;7.9;3.0;0.5;3.80;
sainsburys-ripe---ready-golden-plums-x6;Sainsbury's Ripe & Ready Golden Plums x6;£3.00/unit;£0.50/ea;Fresh fruit;nectarines-plums-apricots-peaches;36;0.6;8.8;8.8;0.1;0;1.6;0;
sainsburys-ripe---ready-golden-plums-x6;Sainsbury's Ripe & Ready Golden Plums x6;£3.00/unit;£0.50/ea;Fresh fruit;ripe---ready;36;0.6;8.8;8.8;0.1;0;1.6;0;
sainsburys-risotto--cheese---bacon-250g;Sainsbury's Risotto, Cheese & Bacon 250g;£1.30/unit;£5.20/kg;Rice, pasta & noodles;instant-snack-meals;127;4.2;20.7;0.5;2.9;0.9;0.7;0.60;
sainsburys-risotto--cheese---bacon-250g;Sainsbury's Risotto, Cheese & Bacon 250g;£1.30/unit;£5.20/kg;Rice, pasta & noodles;rice-12592-44;127;4.2;20.7;0.5;2.9;0.9;0.7;0.60;
sainsburys-risotto--chicken---mushroom-250g;Sainsbury's Risotto, Chicken & Mushroom 250g;£1.30/unit;£5.20/kg;Rice, pasta & noodles;instant-snack-meals;116;3.4;20.7;0.5;2.0;0.4;0.8;0.60;
sainsburys-risotto--chicken---mushroom-250g;Sainsbury's Risotto, Chicken & Mushroom 250g;£1.30/unit;£5.20/kg;Rice, pasta & noodles;rice-12592-44;116;3.4;20.7;0.5;2.0;0.4;0.8;0.60;
sainsburys-risotto-pot-chicken---mushroom-250g;Sainsbury's Micro Pot Chicken & Mushroom Risotto 250g;£2.00/unit;£8.00/kg;Cooking sauces & world foods;world-foods-instant-snack-meals;91;5.1;10.2;0.6;3.1;2.0;0.7;0.63;
sainsburys-risotto-pot-chicken---mushroom-250g;Sainsbury's Micro Pot Chicken & Mushroom Risotto 250g;£2.00/unit;£8.00/kg;Rice, pasta & noodles;instant-snack-meals;91;5.1;10.2;0.6;3.1;2.0;0.7;0.63;
sainsburys-river-cobbler-fillets-250g;Sainsbury's River Cobbler Fillets 250g;£2.50/unit;£10.00/kg;Fish & seafood;filleted-whole-fish;102;21.4;0.5;0.5;1.8;0.7;0.5;0.05;
sainsburys-roast---garlic-herb-stuffing-mix-130g;Sainsbury's Roasted Garlic Herb Stuffing Mix 130g;£0.75/unit;£5.77/kg;Cooking ingredients & oils;stuffing;130;3.7;23.7;1.8;1.9;1.0;1.8;0.80;
sainsburys-roast-beef-dinner-400g;Sainsbury's Roast Beef Dinner 400g;£1.75/unit;£4.38/kg;Ready meals & pies;frozen-ready-meals;86;6.1;11.5;2.0;1.3;0.2;1.9;0.50;
sainsburys-roast-chicken---gravy-family-pie-700g;Sainsbury's Roast Chicken & Gravy Family Pie 700g;£2.80/unit;£0.40/100g;Ready meals & pies;frozen-pies;222;11.5;22.6;1.0;9.0;3.0;2.2;0.71;
sainsburys-roast-chicken---stuffing--be-good-to-yourself-100g;Sainsbury's Roast Chicken & Stuffing 100g;£2.00/unit;£2.00/100g;Cooked meats & snacking;mfp-cooked-chicken-turkey;125;22.4;3.2;0.5;2.3;0.8;1.1;1.10;
sainsburys-roast-chicken---stuffing--be-good-to-yourself-100g;Sainsbury's Roast Chicken & Stuffing 100g;£2.00/unit;£2.00/100g;Cooked meats, pate & sandwich fillers;cooked-chicken-turkey;125;22.4;3.2;0.5;2.3;0.8;1.1;1.10;
sainsburys-roast-chicken-135g;Sainsbury's British Roast Chicken Breast Slices x7 135g;£2.00/unit;£1.48/100g;Cooked meats & snacking;mfp-cooked-chicken-turkey;113;22.6;1.5;1.1;1.8;0.5;0.5;1.50;
sainsburys-roast-chicken-135g;Sainsbury's British Roast Chicken Breast Slices x7 135g;£2.00/unit;£1.48/100g;Cooked meats, pate & sandwich fillers;cooked-chicken-turkey;113;22.6;1.5;1.1;1.8;0.5;0.5;1.50;
sainsburys-roast-chicken-breast-slices--basics-230g;Sainsbury's Roast Chicken Breast Slices, Basics 230g;£2.05/unit;£0.89/100g;Cooked meats & snacking;mfp-cooked-chicken-turkey;120;24.2;0.9;0.5;2.2;0.5;0.5;0.41;
sainsburys-roast-chicken-breast-slices--basics-230g;Sainsbury's Roast Chicken Breast Slices, Basics 230g;£2.05/unit;£0.89/100g;Cooked meats, pate & sandwich fillers;cooked-chicken-turkey;120;24.2;0.9;0.5;2.2;0.5;0.5;0.41;
sainsburys-roast-chicken-dinner-400g-7370929-p-44;Sainsbury's Roast Chicken Dinner 400g;£1.75/unit;£4.38/kg;Ready meals & pies;frozen-ready-meals;111;10.0;9.4;1.4;3.3;0.9;1.6;0.53;
sainsburys-roast-chicken-dinner-400g;Sainsbury's Roast Chicken Dinner 400g;£3.50/unit;£8.75/kg;Ready meals;british-ready-meals;111;10.0;10.1;2.2;3.0;0.8;1.9;0.46;
sainsburys-roast-chicken-dinner-400g;Sainsbury's Roast Chicken Dinner 400g;£3.50/unit;£8.75/kg;Ready meals;meals-for-1-ready-meals;111;10.0;10.1;2.2;3.0;0.8;1.9;0.46;
sainsburys-roast-chicken-slices-210g;Sainsbury's Roast Chicken Slices 210g;£3.30/unit;£1.57/100g;Cooked meats & snacking;mfp-cooked-chicken-turkey;113;23.9;0.5;0.5;1.6;0.5;0.8;0.53;
sainsburys-roast-chicken-slices-210g;Sainsbury's Roast Chicken Slices 210g;£3.30/unit;£1.57/100g;Cooked meats, pate & sandwich fillers;cooked-chicken-turkey;113;23.9;0.5;0.5;1.6;0.5;0.8;0.53;
sainsburys-roast-garlic---herb-grinder-35g;Sainsbury's Roast Garlic & Herb Grinder 35g;£2.50/unit;£7.14/100g;Cooking ingredients & oils;herbs-spices-seasoning;287;11.4;45.6;20.1;3.3;0.5;14.5;12.88;
sainsburys-roast-lamb-dinner-400g;Sainsbury's Roast Lamb Dinner 400g;£1.75/unit;£4.38/kg;Ready meals & pies;frozen-ready-meals;94;4.9;13.6;2.2;1.8;0.5;2.1;0.43;
sainsburys-roast-pork-loin-slices-100g;Sainsbury's Roast Pork Loin Slices 100g;£1.80/unit;£1.80/100g;Cooked meats & snacking;ham-82654-44;115;23.2;1.0;0.5;2.0;0.8;0.5;1.63;
sainsburys-roast-pork-loin-slices-100g;Sainsbury's Roast Pork Loin Slices 100g;£1.80/unit;£1.80/100g;Cooked meats, pate & sandwich fillers;ham;115;23.2;1.0;0.5;2.0;0.8;0.5;1.63;
sainsburys-roast-pork-slices-130g;Sainsbury's British Roast Pork Slices 130g;£2.00/unit;£1.54/100g;Cooked meats & snacking;ham-82654-44;142;23.0;0.1;0.1;5.5;2.0;0;1.00;
sainsburys-roast-pork-slices-130g;Sainsbury's British Roast Pork Slices 130g;£2.00/unit;£1.54/100g;Cooked meats, pate & sandwich fillers;ham;142;23.0;0.1;0.1;5.5;2.0;0;1.00;
sainsburys-roast-potato-seasoning-35g;Sainsbury's Roast Potato Seasoning 35g;£0.99/unit;£0.28/10g;Cooking ingredients & oils;herbs-spices-seasoning;309;11.6;60.5;6.2;1.3;0.3;4.2;11.18;
sainsburys-roast-potatoes--taste-the-difference-1kg;Sainsbury's Roast Potatoes, Taste the Difference 1kg;£2.50/unit;£2.50/kg;Chips & potatoes;chips-potatoes;188;2.1;29.4;1.5;6.3;1.4;2.6;0.30;
sainsburys-roast-potatoes--taste-the-difference-450g;Sainsbury's Roast Potatoes, Taste the Difference 450g;£2.40/unit;£5.33/kg;Fresh vegetables;potatoes;112;2.3;15.8;2.2;3.6;1.0;3.7;0.33;
sainsburys-roast-potatoes--taste-the-difference-450g;Sainsbury's Roast Potatoes, Taste the Difference 450g;£2.40/unit;£5.33/kg;Prepared & ready to eat;prepared-vegetables;112;2.3;15.8;2.2;3.6;1.0;3.7;0.33;
sainsburys-roast-potatoes--taste-the-difference-450g;Sainsbury's Roast Potatoes, Taste the Difference 450g;£2.40/unit;£5.33/kg;Ready meals;british-ready-meals;112;2.3;15.8;2.2;3.6;1.0;3.7;0.33;
sainsburys-roast-potatoes--taste-the-difference-450g;Sainsbury's Roast Potatoes, Taste the Difference 450g;£2.40/unit;£5.33/kg;Ready meals;potato-vegetable-side-dishes;112;2.3;15.8;2.2;3.6;1.0;3.7;0.33;
sainsburys-roast-potatoes--taste-the-difference-450g;Sainsbury's Roast Potatoes, Taste the Difference 450g;£2.40/unit;£5.33/kg;Ready meals;taste-the-difference-bistro-ready-meals;112;2.3;15.8;2.2;3.6;1.0;3.7;0.33;
sainsburys-roast-potatoes-400g-7177474-p-44;Sainsbury's Roast Potatoes 400g;£1.50/unit;£3.75/kg;Fresh vegetables;potatoes;120;2.3;21.8;2.8;2.1;0.3;2.1;0.37;
sainsburys-roast-potatoes-400g-7177474-p-44;Sainsbury's Roast Potatoes 400g;£1.50/unit;£3.75/kg;Prepared & ready to eat;prepared-vegetables;120;2.3;21.8;2.8;2.1;0.3;2.1;0.37;
sainsburys-roast-potatoes-400g-7177474-p-44;Sainsbury's Roast Potatoes 400g;£1.50/unit;£3.75/kg;Ready meals;british-ready-meals;120;2.3;21.8;2.8;2.1;0.3;2.1;0.37;
sainsburys-roast-potatoes-400g-7177474-p-44;Sainsbury's Roast Potatoes 400g;£1.50/unit;£3.75/kg;Ready meals;potato-vegetable-side-dishes;120;2.3;21.8;2.8;2.1;0.3;2.1;0.37;
sainsburys-roast-potatoes-400g;Sainsbury's Roast Potatoes 400g;£1.50/unit;£3.75/kg;Prepared & ready to eat;prepared-vegetables;118;1.9;20.1;1.2;2.3;0.3;4.4;0.27;
sainsburys-roast-potatoes-400g;Sainsbury's Roast Potatoes 400g;£1.50/unit;£3.75/kg;Ready meals;british-ready-meals;118;1.9;20.1;1.2;2.3;0.3;4.4;0.27;
sainsburys-roast-potatoes-400g;Sainsbury's Roast Potatoes 400g;£1.50/unit;£3.75/kg;Ready meals;potato-vegetable-side-dishes;118;1.9;20.1;1.2;2.3;0.3;4.4;0.27;
sainsburys-roast-potatoes-400g;Sainsbury's Roast Potatoes 400g;£1.50/unit;£3.75/kg;Vegetarian & meat free;coleslaw--olives--salads---dips-30658-44;118;1.9;20.1;1.2;2.3;0.3;4.4;0.27;
sainsburys-roast-potatoes-400g;Sainsbury's Roast Potatoes 400g;£1.50/unit;£3.75/kg;Vegetarian & meat free;vegetarian-meat-free-ready-meals;118;1.9;20.1;1.2;2.3;0.3;4.4;0.27;
sainsburys-roast-potatoes-900g;Sainsbury's Roast Potatoes 900g;£1.00/unit;£1.11/kg;Chips & potatoes;chips-potatoes;122;2.7;19.1;0.5;3.2;0.4;3.0;0.10;
sainsburys-roast-topside-beef-finely-sliced--taste-the-difference-110g;Sainsbury's Roast Beef Topside Sliced, Taste the Difference 110g;£3.30/unit;£3.00/100g;Cooked meats & snacking;mfp-cooked-meats-snacking-taste-the-difference;135;27.3;0.5;0.5;2.8;1.1;0.5;0.77;
sainsburys-roast-topside-beef-finely-sliced--taste-the-difference-110g;Sainsbury's Roast Beef Topside Sliced, Taste the Difference 110g;£3.30/unit;£3.00/100g;Cooked meats, pate & sandwich fillers;cooked-meats-taste-the-difference;135;27.3;0.5;0.5;2.8;1.1;0.5;0.77;
sainsburys-roast-turkey-breast-slices-120g;Sainsbury's Roast Turkey Breast Slices x6 120g;£2.00/unit;£1.67/100g;Cooked meats & snacking;mfp-cooked-chicken-turkey;109;23.5;0.9;0.5;1.2;0.5;0.5;1.50;
sainsburys-roast-turkey-breast-slices-120g;Sainsbury's Roast Turkey Breast Slices x6 120g;£2.00/unit;£1.67/100g;Cooked meats, pate & sandwich fillers;cooked-chicken-turkey;109;23.5;0.9;0.5;1.2;0.5;0.5;1.50;
sainsburys-roasted-aubergines-220g;Sainsbury's Roasted Aubergines 220g;£2.30/unit;£1.05/100g;Vinegar, pickles, olives & antipasti;olives-antipasti;167;1.2;7.0;4.7;14.4;2.3;2.6;1.75;
sainsburys-roasted-chopped-hazelnuts-100g;Sainsbury's Roasted Chopped Hazelnuts 100g;£1.70/unit;£1.70/100g;Sugar & home baking;nuts---seeds;673;15.0;8.2;4.9;62.4;4.5;9.4;0.01;
sainsburys-roasted-monkey-nuts-in-shells-300g;Sainsbury's Roasted Monkey Nuts in Shells 300g;£1.30/unit;£0.43/100g;Crisps, nuts & snacking fruit;nuts;620;25.6;12.5;6.0;50.6;6.3;6.2;0.02;
sainsburys-roasted-pistachios-in-shell-300g-7313766-p-44;Sainsbury's Roasted Pistachios in Shells 300g;£3.60/unit;£1.20/100g;Crisps, nuts & snacking fruit;nuts;588;27.7;8.2;5.8;49.4;5.3;10.5;0.13;
sainsburys-roasted-pistachios-in-shell-300g-7313766-p-44;Sainsbury's Roasted Pistachios in Shells 300g;£3.60/unit;£1.20/100g;Fruit & desserts;snacking-fruit-nuts;588;27.7;8.2;5.8;49.4;5.3;10.5;0.13;
sainsburys-roasted-pistachios-in-shell-300g-7313766-p-44;Sainsbury's Roasted Pistachios in Shells 300g;£3.60/unit;£1.20/100g;Sugar & home baking;nuts---seeds;588;27.7;8.2;5.8;49.4;5.3;10.5;0.13;
sainsburys-roasted-red-pepper-houmous-200g;Sainsbury's Roasted Red Pepper Houmous 200g;£1.40/unit;£0.70/100g;Coleslaw, olives, salads & dips;fresh-dips-houmous;317;6.2;9.0;2.6;27.2;2.6;5.7;0.89;
sainsburys-roasted-red-pepper-houmous-200g;Sainsbury's Roasted Red Pepper Houmous 200g;£1.40/unit;£0.70/100g;Vegetarian & meat free;deli-meat-alternatives;317;6.2;9.0;2.6;27.2;2.6;5.7;0.89;
sainsburys-roasted-red-pepper-pesto-190g;Sainsbury's Roasted Red Pepper Pesto 190g;£1.00/unit;£0.53/100g;Cooking sauces & world foods;italian-cooking-sauces;266;3.1;5.1;3.3;25.4;3.5;2.4;1.50;
sainsburys-roasted-red-pepper-with-chilli-jam--taste-the-difference;Sainsbury's Roasted Red Pepper with Chilli Jam, Taste the Difference;£2.00/unit;£2.00/100g;Cooked meats & snacking;mfp-pate;190;3.0;24.1;16.0;8.6;3.5;1.9;0.70;
sainsburys-roasted-red-pepper-with-chilli-jam--taste-the-difference;Sainsbury's Roasted Red Pepper with Chilli Jam, Taste the Difference;£2.00/unit;£2.00/100g;Cooked meats, pate & sandwich fillers;pate;190;3.0;24.1;16.0;8.6;3.5;1.9;0.70;
sainsburys-roasted-red-peppers---cheese-tap-100g;Sainsbury's Roasted Red Peppers & Goats Cheese Tapenade 100g;£1.50/unit;£1.50/100g;Vinegar, pickles, olives & antipasti;olives-antipasti;78;2.1;6.1;6.1;4.5;1.2;2.4;2.89;
sainsburys-roasted-salted-cashews--basics-200g;Sainsbury's Roasted Salted Cashews, Basics 200g;£1.40/unit;£0.70/100g;Crisps, nuts & snacking fruit;nuts;620;20;20;5.0;50;11;5.9;0.89;
sainsburys-roasted-salted-pistachios-300g;Sainsbury's Roasted Salted Pistachios 300g;£3.50/unit;£1.17/100g;Crisps, nuts & snacking fruit;nuts;602;24.4;11.9;6.5;48.8;6.1;9.0;1.63;
sainsburys-roasted-vegetable-cous-cous-250g;Sainsbury's Roasted Vegetable Cous Cous 250g;£1.50/unit;£0.60/100g;Coleslaw, olives, salads & dips;coleslaw-salads;184;4.8;29.0;5.0;5.1;0.4;1.2;0.78;
sainsburys-roasted-vegetable-cous-cous-250g;Sainsbury's Roasted Vegetable Cous Cous 250g;£1.50/unit;£0.60/100g;Fresh salad;dressings-coleslaw-accompaniments;184;4.8;29.0;5.0;5.1;0.4;1.2;0.78;
sainsburys-roasted-vegetable-cous-cous-250g;Sainsbury's Roasted Vegetable Cous Cous 250g;£1.50/unit;£0.60/100g;Prepared & ready to eat;prepared-salad-herbs;184;4.8;29.0;5.0;5.1;0.4;1.2;0.78;
sainsburys-roasted-vegetable-cous-cous-250g;Sainsbury's Roasted Vegetable Cous Cous 250g;£1.50/unit;£0.60/100g;Soup & lunchtime snacks;lunchtime-snacks;184;4.8;29.0;5.0;5.1;0.4;1.2;0.78;
sainsburys-roasted-vegetable-cous-cous-250g;Sainsbury's Roasted Vegetable Cous Cous 250g;£1.50/unit;£0.60/100g;Vegetarian & meat free;coleslaw--olives--salads---dips-30658-44;184;4.8;29.0;5.0;5.1;0.4;1.2;0.78;
sainsburys-roasting-herb-mix-30g-%28sage--rosemary---thyme%29;Sainsbury's Fresh Packed Roasting Herb Mix 30g (Sage, Rosemary & Thyme);£1.00/unit;£0.33/10g;Fresh herbs & ingredients;fresh-pot-herbs;null;null;null;null;null;null;null;null;
sainsburys-roasting-herb-mix-30g-%28sage--rosemary---thyme%29;Sainsbury's Fresh Packed Roasting Herb Mix 30g (Sage, Rosemary & Thyme);£1.00/unit;£0.33/10g;Fresh herbs & ingredients;mediterranean-ingredients;null;null;null;null;null;null;null;null;
sainsburys-roasting-herb-mix-30g-%28sage--rosemary---thyme%29;Sainsbury's Fresh Packed Roasting Herb Mix 30g (Sage, Rosemary & Thyme);£1.00/unit;£0.33/10g;Fresh vegetables;chillies-herbs-ingredients;null;null;null;null;null;null;null;null;
sainsburys-roasting-herb-mix-30g-%28sage--rosemary---thyme%29;Sainsbury's Fresh Packed Roasting Herb Mix 30g (Sage, Rosemary & Thyme);£1.00/unit;£0.33/10g;Prepared & ready to eat;prepared-salad-herbs;null;null;null;null;null;null;null;null;
sainsburys-roasting-parsnips-750g;Sainsbury's Roasting Parsnips 750g;£1.20/unit;£1.60/kg;Fruit, vegetables & rice;frozen-vegetables;158;2.0;18.9;7.8;6.7;0.8;6.9;0.25;
sainsburys-roasting-vegetable---potatoes-400g;Sainsbury's Roasting Vegetable & Potatoes 400g;£2.00/unit;£5.00/kg;Prepared & ready to eat;prepared-vegetables;83;1.6;11.5;3.6;2.4;0.9;4.2;0.08;
sainsburys-roasting-vegetable---potatoes-400g;Sainsbury's Roasting Vegetable & Potatoes 400g;£2.00/unit;£5.00/kg;Ready meals;potato-vegetable-side-dishes;83;1.6;11.5;3.6;2.4;0.9;4.2;0.08;
sainsburys-rocha-pears-%28each%29;Sainsbury's Rocha Pears Loose;£1.80/kg;£1.80/kg;Fresh fruit;apples-pears-rhubarb;40;0.5;10.0;10.0;0.5;0.1;2.2;0.5;
sainsburys-rock-salt-350g;Sainsbury's Rock Salt 350g;£1.05/unit;£3.00/kg;Cooking ingredients & oils;salt-pepper;null;null;null;null;null;null;null;null;
sainsburys-rock-salt-grinder-100g;Sainsbury's Rock Salt Grinder 100g;£2.00/unit;£20.00/kg;Cooking ingredients & oils;salt-pepper;null;null;null;null;null;null;null;null;
sainsburys-rocket-chillies;Sainsbury's Rocket Chillies;£1.50/unit;£6.00/kg;Fresh herbs & ingredients;afro-caribbean-ingredients;23;2.9;0.7;0.7;0.6;0.1;1.5;0.02;
sainsburys-rocket-chillies;Sainsbury's Rocket Chillies;£1.50/unit;£6.00/kg;Fresh herbs & ingredients;asian-ingredients;23;2.9;0.7;0.7;0.6;0.1;1.5;0.02;
sainsburys-rocket-chillies;Sainsbury's Rocket Chillies;£1.50/unit;£6.00/kg;Fresh herbs & ingredients;indian-ingredients;23;2.9;0.7;0.7;0.6;0.1;1.5;0.02;
sainsburys-rocket-chillies;Sainsbury's Rocket Chillies;£1.50/unit;£6.00/kg;Fresh vegetables;chillies-herbs-ingredients;23;2.9;0.7;0.7;0.6;0.1;1.5;0.02;
sainsburys-rocket-chillies;Sainsbury's Rocket Chillies;£1.50/unit;£6.00/kg;Fresh vegetables;fresh-vegetables-world-exotic;23;2.9;0.7;0.7;0.6;0.1;1.5;0.02;
sainsburys-rocket-lollies-x8-464ml;Sainsbury's Rocket Ice Lollies x8 464ml;£1.30/unit;£0.28/100ml;Ice cream & desserts;lollies-bars-cones;73;0.5;17.8;16.8;0.5;0.1;0.5;0.22;
sainsburys-rocket-salad-80g;Sainsbury's Rocket Salad 80g;£1.50/unit;£1.88/100g;Fresh salad;fresh-salad-prepared-ready-to-eat;24;2.6;1.3;0.5;0.5;0.1;2.0;0.20;
sainsburys-rocket-salad-80g;Sainsbury's Rocket Salad 80g;£1.50/unit;£1.88/100g;Fresh salad;salad-bags;24;2.6;1.3;0.5;0.5;0.1;2.0;0.20;
sainsburys-rocket-salad-80g;Sainsbury's Rocket Salad 80g;£1.50/unit;£1.88/100g;Prepared & ready to eat;prepared-salad-herbs;24;2.6;1.3;0.5;0.5;0.1;2.0;0.20;
sainsburys-rocky-road--taste-the-difference-63g;Sainsbury's Rocky Road, Taste the Difference 63g;£0.80/unit;£1.27/100g;Cakes;flapjacks-traybakes-bites;491;4.6;58;42;26;15;3.5;0.37;
sainsburys-rocky-road--taste-the-difference-63g;Sainsbury's Rocky Road, Taste the Difference 63g;£0.80/unit;£1.27/100g;Cakes;taste-the-difference;491;4.6;58;42;26;15;3.5;0.37;
sainsburys-rocky-road-bites-x18;Sainsbury's Rocky Road Bites x18;£1.60/unit;£0.09/ea;Cakes;cakes-from-our-bakery-12374-44;null;null;null;null;null;null;null;null;
sainsburys-rocky-road-bites-x18;Sainsbury's Rocky Road Bites x18;£1.60/unit;£0.09/ea;From our in store bakery;cakes-from-our-bakery;null;null;null;null;null;null;null;null;
sainsburys-rogan-josh-cooking-sauce-500g;Sainsbury's Rogan Josh Cooking Sauce 500g;£1.29/unit;£0.26/100g;Cooking sauces & world foods;indian-cooking-sauces;70;1.5;6.6;4.7;3.8;0.3;1.7;0.54;
sainsburys-rogan-josh-paste-300g;Sainsbury's Rogan Josh Paste 300g;£1.60/unit;£0.53/100g;Cooking ingredients & oils;cooking-pastes;165;2.7;14.1;11.2;10.0;0.8;4.0;1.17;
sainsburys-rogan-josh-paste-300g;Sainsbury's Rogan Josh Paste 300g;£1.60/unit;£0.53/100g;Cooking sauces & world foods;indian-cooking-sauces;165;2.7;14.1;11.2;10.0;0.8;4.0;1.17;
sainsburys-rolo-cookies-x5;Sainsbury's Rolo Cookies x5;£1.20/unit;£0.24/ea;Biscuits & crackers;cookies;null;null;null;null;null;null;null;null;
sainsburys-rolo-cookies-x5;Sainsbury's Rolo Cookies x5;£1.20/unit;£0.24/ea;Cakes;doughnuts-cookies;null;null;null;null;null;null;null;null;
sainsburys-rolo-cookies-x5;Sainsbury's Rolo Cookies x5;£1.20/unit;£0.24/ea;From our in store bakery;instore-bakery-doughnuts-cookies;null;null;null;null;null;null;null;null;
sainsburys-romaine-lettuce-hearts--twin-pack-x2-340g;Sainsbury's Romaine Lettuce Hearts, Twin Pack x2 340g;£1.25/unit;£1.25/ea;Fresh salad;lettuce;14;1.2;1.3;1.3;0.5;0.1;1.3;0.02;
sainsburys-root-ginger-%28loose%29;Sainsbury's Root Ginger (loose);£4.00/kg;£4.00/kg;Fresh herbs & ingredients;afro-caribbean-ingredients;null;null;null;null;null;null;null;null;
sainsburys-root-ginger-%28loose%29;Sainsbury's Root Ginger (loose);£4.00/kg;£4.00/kg;Fresh herbs & ingredients;asian-ingredients;null;null;null;null;null;null;null;null;
sainsburys-root-ginger-%28loose%29;Sainsbury's Root Ginger (loose);£4.00/kg;£4.00/kg;Fresh herbs & ingredients;indian-ingredients;null;null;null;null;null;null;null;null;
sainsburys-root-ginger-%28loose%29;Sainsbury's Root Ginger (loose);£4.00/kg;£4.00/kg;Fresh vegetables;chillies-herbs-ingredients;null;null;null;null;null;null;null;null;
sainsburys-root-ginger-%28loose%29;Sainsbury's Root Ginger (loose);£4.00/kg;£4.00/kg;Fresh vegetables;fresh-vegetables-stir-fry;null;null;null;null;null;null;null;null;
sainsburys-root-ginger-%28loose%29;Sainsbury's Root Ginger (loose);£4.00/kg;£4.00/kg;Fresh vegetables;fresh-vegetables-world-exotic;null;null;null;null;null;null;null;null;
sainsburys-root-vegetable-soup--be-good-to-yourself-400g;Sainsbury's Root Vegetable Soup, Be Good To Yourself 400g;£0.55/unit;£0.14/100g;Canned, tinned & packaged foods;soups;40;0.9;7.3;3.1;0.5;0.1;1.2;0.33;
sainsburys-rose-cup-cake-700g;Sainsbury's Rose Cup Cake 700g;£8.00/unit;£12.12/kg;Celebration cakes;celebration-cakes;413;3.6;57;38;19;7.5;1.4;0.46;
sainsburys-rosemary---potato-ring--taste-the-difference-400g;Sainsbury's Rosemary & Potato Ring, Taste the Difference 400g;£1.25/unit;£0.32/100g;Bread;bread-from-our-bakery2;null;null;null;null;null;null;null;null;
sainsburys-rosemary---potato-ring--taste-the-difference-400g;Sainsbury's Rosemary & Potato Ring, Taste the Difference 400g;£1.25/unit;£0.32/100g;From our in store bakery;bread-from-our-bakery;null;null;null;null;null;null;null;null;
sainsburys-rosemary-25g;Sainsbury's Rosemary 25g;£1.00/unit;£0.40/10g;Cooking ingredients & oils;herbs-spices-seasoning;null;null;null;null;null;null;null;null;
sainsburys-rosemary-focaccia--taste-the-difference;Sainsbury's Rosemary Focaccia, Taste the Difference;£1.25/unit;£1.67/100g;Bread;bread-from-our-bakery2;null;null;null;null;null;null;null;null;
sainsburys-rosemary-focaccia--taste-the-difference;Sainsbury's Rosemary Focaccia, Taste the Difference;£1.25/unit;£1.67/100g;From our in store bakery;bread-from-our-bakery;null;null;null;null;null;null;null;null;
sainsburys-rough-oatcakes-250g;Sainsbury's Rough Oatcakes 250g;£0.80/unit;£0.32/100g;Biscuits & crackers;crackers-savoury-biscuits;454;10.7;56.9;0.8;18.7;4.4;7.4;1.80;
sainsburys-royal-chicken-biryani--taste-the-difference-450g;Sainsbury's Royal Chicken Biryani, Taste the Difference 450g;£3.60/unit;£8.00/kg;Ready meals;indian-ready-meals;147;8.7;14.3;2.6;5.5;1.1;2.7;0.40;
sainsburys-royal-chicken-biryani--taste-the-difference-450g;Sainsbury's Royal Chicken Biryani, Taste the Difference 450g;£3.60/unit;£8.00/kg;Ready meals;taste-the-difference-bistro-ready-meals;147;8.7;14.3;2.6;5.5;1.1;2.7;0.40;
sainsburys-royal-gala-apples-%28each%29;Sainsbury's Royal Gala Apples Loose;£1.95/kg;£1.95/kg;Fresh fruit;apples-pears-rhubarb;null;null;null;null;null;null;null;null;
sainsburys-royal-gala-apples--so-organic-x5;Sainsbury's Royal Gala Apples, SO Organic x5;£2.50/unit;£2.50/ea;Fresh fruit;apples-pears-rhubarb;47;0.5;11.8;11.8;0.5;0.1;1.8;0.5;
sainsburys-royal-gala-apples--so-organic-x5;Sainsbury's Royal Gala Apples, SO Organic x5;£2.50/unit;£2.50/ea;Organic;organic;47;0.5;11.8;11.8;0.5;0.1;1.8;0.5;
sainsburys-royal-gala-apples-x4;Sainsbury's British Royal Gala Apples x4;£2.00/unit;£2.00/ea;Fresh fruit;apples-pears-rhubarb;47;0.5;12;12;0.5;0.1;1.8;0.5;
sainsburys-ruby-breakfast-juice--not-from-concentrate-1l;Sainsbury's Ruby Breakfast Juice, Not From Concentrate 1L;£1.40/unit;£0.14/100ml;Chilled fruit juice & smoothies;chilled-fruit-juice;46;0.8;9.7;9.7;0.5;0.1;0.7;0.01;
sainsburys-ruby-jewel-tomatoes-300g;Sainsbury's Ruby Jewel Tomatoes 300g;£1.80/unit;£6.00/kg;Fresh salad;fresh-salad-tomatoes;20;0.7;3.1;3.1;0.5;0.1;1.0;0.02;
sainsburys-ruby-jewel-tomatoes-300g;Sainsbury's Ruby Jewel Tomatoes 300g;£1.80/unit;£6.00/kg;Fresh vegetables;fresh-vegetables-tomatoes;20;0.7;3.1;3.1;0.5;0.1;1.0;0.02;
sainsburys-ruby-red-grapefruit-segments-in-fruit-juice-539g;Sainsbury's Ruby Red Grapefruit Segments In Fruit Juice 539g;£0.65/unit;£1.21/kg;Canned, tinned & packaged foods;canned-tinned-packaged-fruit;32;0.6;7.3;7.3;0.5;0.1;0.5;0.03;
sainsburys-ruby-red-grapefruit-segments-in-fruit-juice-539g;Sainsbury's Ruby Red Grapefruit Segments In Fruit Juice 539g;£0.65/unit;£1.21/kg;Fruit & desserts;dessert-fruit;32;0.6;7.3;7.3;0.5;0.1;0.5;0.03;
sainsburys-rum-flavour-38ml;Sainsbury's Rum Flavour 38ml;£1.00/unit;£0.26/10ml;Sugar & home baking;baking-ingredients---colourings;null;null;null;null;null;null;null;null;
sainsburys-rumbledethumps-450g;Sainsbury's Rumbledethumps 450g;£2.00/unit;£4.44/kg;Prepared & ready to eat;prepared-vegetables;82;1.8;3.8;1.6;5.8;3.7;3.7;0.48;
sainsburys-rumbledethumps-450g;Sainsbury's Rumbledethumps 450g;£2.00/unit;£4.44/kg;Ready meals;british-ready-meals;82;1.8;3.8;1.6;5.8;3.7;3.7;0.48;
sainsburys-rumbledethumps-450g;Sainsbury's Rumbledethumps 450g;£2.00/unit;£4.44/kg;Ready meals;potato-vegetable-side-dishes;82;1.8;3.8;1.6;5.8;3.7;3.7;0.48;
sainsburys-rumbledethumps-450g;Sainsbury's Rumbledethumps 450g;£2.00/unit;£4.44/kg;Vegetarian & meat free;coleslaw--olives--salads---dips-30658-44;82;1.8;3.8;1.6;5.8;3.7;3.7;0.48;
sainsburys-rumbledethumps-450g;Sainsbury's Rumbledethumps 450g;£2.00/unit;£4.44/kg;Vegetarian & meat free;vegetarian-meat-free-ready-meals;82;1.8;3.8;1.6;5.8;3.7;3.7;0.48;
sainsburys-rump-steak--so-organic-%28approx-295g%29-7715237-p-44;Sainsbury's Rump Steak, So Organic (approx. 295g);£20.00/kg;£20.00/kg;Beef;beef;239;24.3;0.6;0.5;15.5;6.0;0.5;0.30;
sainsburys-rump-steak--so-organic-%28approx-295g%29-7715237-p-44;Sainsbury's Rump Steak, So Organic (approx. 295g);£20.00/kg;£20.00/kg;Organic & Taste the Difference;organic-taste-the-difference;239;24.3;0.6;0.5;15.5;6.0;0.5;0.30;
sainsburys-rump-steak--taste-the-difference-%28approx-245g%29;Sainsbury's Rump Steak, Taste the Difference (approx. 360-780g);£20.00/kg;£20.00/kg;Beef;beef;0;0.5;0.5;0.5;0.5;0.1;null;0.01;
sainsburys-rump-steak--taste-the-difference-%28approx-245g%29;Sainsbury's Rump Steak, Taste the Difference (approx. 360-780g);£20.00/kg;£20.00/kg;Organic & Taste the Difference;organic-taste-the-difference;0;0.5;0.5;0.5;0.5;0.1;null;0.01;
sainsburys-runner-beans-225g;Sainsbury's Runner Beans 225g;£1.50/unit;£6.67/kg;Fresh vegetables;peas-beans-sweetcorn-asparagus;22;1.2;2.3;2.0;0.5;0.1;1.9;0.01;
sainsburys-russet-apple-loose;Sainsbury's Russet Apple Loose;£1.85/kg;£1.85/kg;Fresh fruit;apples-pears-rhubarb;47;0.5;11.8;11.8;0.5;0.1;1.8;0.5;
sainsburys-rustic-chips--taste-the-difference-400g;Sainsbury's Rustic Chips, Taste the Difference 400g;£2.00/unit;£5.00/kg;Fresh vegetables;potatoes;144;2.8;27.9;2.9;2.4;0.4;2.8;0.65;
sainsburys-rustic-chips--taste-the-difference-400g;Sainsbury's Rustic Chips, Taste the Difference 400g;£2.00/unit;£5.00/kg;Prepared & ready to eat;prepared-vegetables;144;2.8;27.9;2.9;2.4;0.4;2.8;0.65;
sainsburys-rustic-chips--taste-the-difference-400g;Sainsbury's Rustic Chips, Taste the Difference 400g;£2.00/unit;£5.00/kg;Ready meals;british-ready-meals;144;2.8;27.9;2.9;2.4;0.4;2.8;0.65;
sainsburys-rustic-chips--taste-the-difference-400g;Sainsbury's Rustic Chips, Taste the Difference 400g;£2.00/unit;£5.00/kg;Ready meals;potato-vegetable-side-dishes;144;2.8;27.9;2.9;2.4;0.4;2.8;0.65;
sainsburys-rustic-chips--taste-the-difference-400g;Sainsbury's Rustic Chips, Taste the Difference 400g;£2.00/unit;£5.00/kg;Ready meals;taste-the-difference-bistro-ready-meals;144;2.8;27.9;2.9;2.4;0.4;2.8;0.65;
sainsburys-rustic-yorkshire-puddings-168g;Sainsbury's Rustic Yorkshire Puddings 168g;£1.50/unit;£8.93/kg;Beef;beef;264;10.7;38.9;1.4;6.6;0.7;3.1;0.53;
sainsburys-rustica-italian-passata--taste-the-difference-430g;Sainsbury's Rustica Italian Passata, Taste the Difference 430g;£1.20/unit;£2.79/kg;Canned, tinned & packaged foods;canned-tinned-packaged-tomatoes;36;1.1;3.7;3.7;1.6;0.2;1.0;0.43;
sainsburys-saag-paneer-%28mild---mellow%29-300g;Sainsbury's Saag Paneer 300g;£1.75/unit;£5.83/kg;Ready meals;indian-ready-meals;147;7.1;3.9;3.5;10.9;4.7;2.5;0.33;
sainsburys-saag-paneer-%28mild---mellow%29-300g;Sainsbury's Saag Paneer 300g;£1.75/unit;£5.83/kg;Ready meals;potato-vegetable-side-dishes;147;7.1;3.9;3.5;10.9;4.7;2.5;0.33;
sainsburys-saag-paneer-%28mild---mellow%29-300g;Sainsbury's Saag Paneer 300g;£1.75/unit;£5.83/kg;Vegetarian & meat free;coleslaw--olives--salads---dips-30658-44;147;7.1;3.9;3.5;10.9;4.7;2.5;0.33;
sainsburys-saag-paneer-%28mild---mellow%29-300g;Sainsbury's Saag Paneer 300g;£1.75/unit;£5.83/kg;Vegetarian & meat free;vegetarian-meat-free-ready-meals;147;7.1;3.9;3.5;10.9;4.7;2.5;0.33;
sainsburys-sabel-black-grapes--taste-the-difference-400g;Sainsbury's Black Sable Grapes, Taste the Difference 400g;£2.00/unit;£5.00/kg;Fresh fruit;bananas-grapes;66;0.4;15.4;15.4;0.1;0.0;0.7;0;
sainsburys-sabel-black-grapes--taste-the-difference-400g;Sainsbury's Black Sable Grapes, Taste the Difference 400g;£2.00/unit;£5.00/kg;Taste the Difference;taste-the-difference-185761-44;66;0.4;15.4;15.4;0.1;0.0;0.7;0;
sainsburys-saffron-04g;Sainsbury's Saffron 0.4g;£3.00/unit;£75.00/10g;Cooking ingredients & oils;herbs-spices-seasoning;null;null;null;null;null;null;null;null;
sainsburys-sage---onion-stuffing--basics-85g;Sainsbury's Sage & Onion Stuffing, Basics 85g;£0.20/unit;£2.35/kg;Cooking ingredients & oils;stuffing;99;3.1;19.1;1.5;0.7;0.2;1.8;0.90;
sainsburys-sage---onion-stuffing-mix-170g;Sainsbury's Sage & Onion Stuffing Mix 170g;£0.40/unit;£2.35/kg;Cooking ingredients & oils;stuffing;100;2.9;18.9;1.8;1.1;0.5;1.6;0.80;
sainsburys-sage---onion-stuffing-mix-340g;Sainsbury's Sage & Onion Stuffing Mix 340g;£0.75/unit;£2.21/kg;Cooking ingredients & oils;stuffing;100;2.9;18.9;1.8;1.1;0.5;1.6;0.80;
sainsburys-sage---onion-stuffing-mix-85g;Sainsbury's Sage & Onion Stuffing Mix 85g;£0.25/unit;£2.94/kg;Cooking ingredients & oils;stuffing;100;2.9;18.9;1.8;1.1;0.5;1.6;0.80;
sainsburys-sage---thyme-seasoning-42g;Sainsbury's Sage & Thyme Seasoning 42g;£1.00/unit;£0.24/10g;Cooking ingredients & oils;herbs-spices-seasoning;283;10.1;39.8;11.7;3.8;0.6;null;9.38;
sainsburys-sage-14g;Sainsbury's Sage 14g;£1.00/unit;£0.71/10g;Cooking ingredients & oils;herbs-spices-seasoning;null;null;null;null;null;null;null;null;
sainsburys-sage-roast-onion---shallot-stuffing--taste-the-difference-110g;Sainsbury's Sage Roast Onion & Shallot Stuffing, Taste the Difference 110g;£1.35/unit;£12.27/kg;Cooking ingredients & oils;stuffing;219;6.1;44.0;4.6;0.9;0.2;5.0;1.10;
sainsburys-salad-cream--basics-440g;Sainsbury's Salad Cream, Basics 440g;£0.85/unit;£0.19/100g;Table sauces, dressings & condiments;salad-cream-mayonnaise;137;1.2;12.1;9.3;9.0;0.7;1.6;1.10;
sainsburys-salad-cream--be-good-to-yourself-305g;Sainsbury's Salad Cream, Be Good To Yourself 305g;£1.25/unit;£0.41/100g;Table sauces, dressings & condiments;salad-cream-mayonnaise;183;1.3;12.1;9.2;14.1;1.1;1.1;0.90;
sainsburys-salad-cream--be-good-to-yourself-440g;Sainsbury's Salad Cream, Be Good To Yourself 440g;£1.20/unit;£0.27/100g;Table sauces, dressings & condiments;salad-cream-mayonnaise;183;1.3;12.1;9.2;14.1;1.1;1.1;0.90;
sainsburys-salad-cream-305g;Sainsbury's Salad Cream 305g;£1.25/unit;£0.41/100g;Table sauces, dressings & condiments;salad-cream-mayonnaise;397;1.3;22;20;34;2.5;1.2;1.4;
sainsburys-salad-cream-440g;Sainsbury's Salad Cream 440g;£1.20/unit;£0.27/100g;Table sauces, dressings & condiments;salad-cream-mayonnaise;397;1.3;22;20;34;2.5;1.2;1.7;
sainsburys-salad-cream-650g;Sainsbury's Salad Cream 650g;£1.70/unit;£0.26/100g;Table sauces, dressings & condiments;salad-cream-mayonnaise;397;1.3;22;20;34;2.5;1.2;1.7;
sainsburys-salad-onions--large-130g;Sainsbury's Salad Onions, Large 130g;£1.00/unit;£0.77/100g;Fresh salad;spring-onions-radish-beetroot;null;null;null;null;null;null;null;null;
sainsburys-salad-onions--large-130g;Sainsbury's Salad Onions, Large 130g;£1.00/unit;£0.77/100g;Fresh vegetables;onions-leeks-garlic;null;null;null;null;null;null;null;null;
sainsburys-salad-onions--large-130g;Sainsbury's Salad Onions, Large 130g;£1.00/unit;£0.77/100g;In season;new-in-season;null;null;null;null;null;null;null;null;
sainsburys-salad-potatoes--basics-1kg;Sainsbury's Salad Potatoes, Basics 1kg;£0.70/unit;£0.70/kg;Fresh vegetables;potatoes;79;1.8;17;0.7;0.5;0.1;1.5;100;
sainsburys-salad-spring-onion-bunch--so-organic-100g;Sainsbury's Spring Onion Bunch, SO Organic 100g;£0.85/unit;£0.85/100g;Fresh salad;spring-onions-radish-beetroot;null;null;null;null;null;null;null;null;
sainsburys-salad-spring-onion-bunch--so-organic-100g;Sainsbury's Spring Onion Bunch, SO Organic 100g;£0.85/unit;£0.85/100g;Fresh vegetables;onions-leeks-garlic;null;null;null;null;null;null;null;null;
sainsburys-salad-spring-onion-bunch--so-organic-100g;Sainsbury's Spring Onion Bunch, SO Organic 100g;£0.85/unit;£0.85/100g;In season;new-in-season;null;null;null;null;null;null;null;null;
sainsburys-salad-spring-onion-bunch--so-organic-100g;Sainsbury's Spring Onion Bunch, SO Organic 100g;£0.85/unit;£0.85/100g;Organic;organic;null;null;null;null;null;null;null;null;
sainsburys-salami--basics-150g;Sainsbury's Smoked Salami Slices, Basics 150g;£1.20/unit;£0.80/100g;Cooked meats & snacking;mfp-continental-meats;383;16.0;1.0;1.0;35.0;14.4;0.5;4.00;
sainsburys-salami--basics-150g;Sainsbury's Smoked Salami Slices, Basics 150g;£1.20/unit;£0.80/100g;Cooked meats, pate & sandwich fillers;continental-meats;383;16.0;1.0;1.0;35.0;14.4;0.5;4.00;
sainsburys-salami-snack-minis-100g;Sainsbury's Mini Snack Salami 100g;£1.80/unit;£1.80/100g;Cooked meats & snacking;mfp-continental-meats;506;26.0;1.2;0.5;44.0;18.0;0.6;4.2;
sainsburys-salami-snack-minis-100g;Sainsbury's Mini Snack Salami 100g;£1.80/unit;£1.80/100g;Cooked meats & snacking;mfp-snacking-cooked-sausage;506;26.0;1.2;0.5;44.0;18.0;0.6;4.2;
sainsburys-salami-snack-minis-100g;Sainsbury's Mini Snack Salami 100g;£1.80/unit;£1.80/100g;Cooked meats, pate & sandwich fillers;continental-meats;506;26.0;1.2;0.5;44.0;18.0;0.6;4.2;
sainsburys-salami-snack-minis-100g;Sainsbury's Mini Snack Salami 100g;£1.80/unit;£1.80/100g;Cooked meats, pate & sandwich fillers;snacking-cooked-sausage;506;26.0;1.2;0.5;44.0;18.0;0.6;4.2;
sainsburys-salmon---asparagus-quiche--taste-the-difference-170g;Sainsbury's Salmon & Asparagus Quiche, Taste the Difference 170g;£2.25/unit;£1.32/100g;Pies, pasties & quiche;quiche;247;7.2;17.0;1.9;16.4;9.3;1.4;0.58;
sainsburys-salmon---asparagus-quiche--taste-the-difference-170g;Sainsbury's Salmon & Asparagus Quiche, Taste the Difference 170g;£2.25/unit;£1.32/100g;Soup & lunchtime snacks;lunchtime-snacks;247;7.2;17.0;1.9;16.4;9.3;1.4;0.58;
sainsburys-salmon---ginger-fishcakes-x2-300g;Sainsbury's Salmon & Ginger Fishcakes x2 300g;£3.00/unit;£10.00/kg;Breaded & coated;breaded-coated-fish-seafood;224;10.6;17.2;3.1;12.2;1.4;1.9;0.72;
sainsburys-salmon---ginger-fishcakes-x2-300g;Sainsbury's Salmon & Ginger Fishcakes x2 300g;£3.00/unit;£10.00/kg;Fish & seafood;fishcakes-breaded-fish;224;10.6;17.2;3.1;12.2;1.4;1.9;0.72;
sainsburys-salmon---ginger-fishcakes-x2-300g;Sainsbury's Salmon & Ginger Fishcakes x2 300g;£3.00/unit;£10.00/kg;Just Cook, prepared & sauces;fuss-free-fish-135654-44;224;10.6;17.2;3.1;12.2;1.4;1.9;0.72;
sainsburys-salmon-cottage-pie--basics-300g;Sainsbury's Salmon Cottage Pie, Basics 300g;£0.80/unit;£2.67/kg;Ready meals;british-ready-meals;88;3.9;9.4;0.9;3.5;1.7;1.5;0.45;
sainsburys-salmon-cottage-pie--basics-300g;Sainsbury's Salmon Cottage Pie, Basics 300g;£0.80/unit;£2.67/kg;Ready meals;meals-for-1-ready-meals;88;3.9;9.4;0.9;3.5;1.7;1.5;0.45;
sainsburys-salmon-fillet--basics-%28approx-400g%29;Sainsbury's Salmon Fillet, Basics (approx. 400g);£11.00/kg;£11.00/kg;Fish & seafood;filleted-whole-fish;229;23.5;0.5;0.5;14.9;2.3;0.5;0.10;
sainsburys-salmon-fillet--freezing-bag-x6-920g;Sainsbury's Salmon Fillet, Freezing Bag x6 920g;£13.00/unit;£14.13/kg;Fish & seafood;filleted-whole-fish;229;23.5;0.5;0.5;14.9;2.3;0.5;0.13;
sainsburys-salmon-fillet--lightly-smoked--taste-the-difference-x2-240g;Sainsbury's Salmon Fillet, Lightly Smoked, Taste the Difference x2 240g;£4.00/unit;£16.66/kg;Fish & seafood;filleted-whole-fish;217;19.4;0.5;0.5;15.3;3.5;0.5;0.85;
sainsburys-salmon-fillet--lightly-smoked--taste-the-difference-x2-240g;Sainsbury's Salmon Fillet, Lightly Smoked, Taste the Difference x2 240g;£4.00/unit;£16.66/kg;Fish & seafood;smoked-fish;217;19.4;0.5;0.5;15.3;3.5;0.5;0.85;
sainsburys-salmon-fillet--lightly-smoked--taste-the-difference-x2-240g;Sainsbury's Salmon Fillet, Lightly Smoked, Taste the Difference x2 240g;£4.00/unit;£16.66/kg;Organic & Taste the Difference;organic-taste-the-difference;217;19.4;0.5;0.5;15.3;3.5;0.5;0.85;
sainsburys-salmon-fillet--taste-the-difference-240g;Sainsbury's Salmon Fillet, Taste the Difference 240g;£5.00/unit;£20.83/kg;Fish & seafood;filleted-whole-fish;222;23.6;0.5;0.5;14.1;3.7;0.5;0.13;
sainsburys-salmon-fillet--taste-the-difference-240g;Sainsbury's Salmon Fillet, Taste the Difference 240g;£5.00/unit;£20.83/kg;Organic & Taste the Difference;organic-taste-the-difference;222;23.6;0.5;0.5;14.1;3.7;0.5;0.13;
sainsburys-salmon-fillets-400g;Sainsbury's Salmon Fillets 400g;£3.75/unit;£9.38/kg;Fish & seafood;frozen-fish-seafood;116;22.8;1.0;0.5;2.3;0.4;0.5;0.43;
sainsburys-salmon-fillets-x2-300g-1348057-p-44;Sainsbury's Salmon Fillets x2 300g;£5.00/unit;£16.67/kg;Fish & seafood;filleted-whole-fish;229;23.5;0.5;0.5;14.9;2.3;0.5;0.13;
sainsburys-salmon-paste-75g;Sainsbury's Salmon Paste 75g;£0.45/unit;£0.60/100g;Jams, honey & spreads;savoury-pastes;190;12.8;3.8;0.3;13.1;2.2;2.8;1.05;
sainsburys-salmon-wellington-600g;Sainsbury's Salmon Wellington 600g;£4.00/unit;£6.67/kg;Fish & seafood;frozen-fish-seafood;218;13.2;18.5;1.9;10.0;4.2;0.5;1.20;
sainsburys-salmon-with-sweet-chilli-glaze-280g;Sainsbury's Salmon With Sweet Chilli Glaze 280g;£4.20/unit;£15.00/kg;Fish & seafood;filleted-whole-fish;248;22.0;6.0;5.9;15.1;2.6;0.5;0.35;
sainsburys-salmon-with-sweet-chilli-glaze-280g;Sainsbury's Salmon With Sweet Chilli Glaze 280g;£4.20/unit;£15.00/kg;Fish & seafood;fuss-free-fish;248;22.0;6.0;5.9;15.1;2.6;0.5;0.35;
sainsburys-salmon-with-sweet-chilli-glaze-280g;Sainsbury's Salmon With Sweet Chilli Glaze 280g;£4.20/unit;£15.00/kg;Just Cook, prepared & sauces;fuss-free-fish-135654-44;248;22.0;6.0;5.9;15.1;2.6;0.5;0.35;
sainsburys-salmon-with-watercress-sauce-290g;Sainsbury's Salmon With Watercress Sauce 290g;£4.20/unit;£14.48/kg;Fish & seafood;filleted-whole-fish;235;20.0;0.5;0.5;17.0;3.7;0.5;0.45;
sainsburys-salmon-with-watercress-sauce-290g;Sainsbury's Salmon With Watercress Sauce 290g;£4.20/unit;£14.48/kg;Fish & seafood;fuss-free-fish;235;20.0;0.5;0.5;17.0;3.7;0.5;0.45;
sainsburys-salmon-with-watercress-sauce-290g;Sainsbury's Salmon With Watercress Sauce 290g;£4.20/unit;£14.48/kg;Just Cook, prepared & sauces;fuss-free-fish-135654-44;235;20.0;0.5;0.5;17.0;3.7;0.5;0.45;
sainsburys-salsa-dip--basics-300g;Sainsbury's Salsa Dip, Basics 300g;£0.75/unit;£0.25/100g;Crisps, nuts & snacking fruit;tortillas-dips;32;1.3;5.7;3.2;0.5;0.1;1.1;0.86;
sainsburys-salsa-dip-150g;Sainsbury's Salsa Dipping Sauce 150g;£1.10/unit;£0.73/100g;Cooking sauces & world foods;mexican-cooking-sauces;33;1.8;4.8;4.8;0.5;0.1;1.7;0.87;
sainsburys-salsa-dip-150g;Sainsbury's Salsa Dipping Sauce 150g;£1.10/unit;£0.73/100g;Table sauces, dressings & condiments;tomato-ketchup-brown-bbq-other-sauces;33;1.8;4.8;4.8;0.5;0.1;1.7;0.87;
sainsburys-salt---pepper-chicken-crown-700g;Sainsbury's Salt & Pepper Chicken Crown 700g;£4.00/unit;£5.71/kg;Chicken;chicken;166;25.1;0.7;0.5;6.9;1.9;0.5;0.53;
sainsburys-salt---pepper-popped-potato-snacks88g;Sainsbury's Salt & Pepper Popped Potato Snacks 88g;£1.20/unit;£1.36/100g;Crisps, nuts & snacking fruit;crisps;428;6.2;69.6;3.8;13.0;1.6;4.0;2.00;
sainsburys-salt---pepper-popped-potato-snacks88g;Sainsbury's Salt & Pepper Popped Potato Snacks 88g;£1.20/unit;£1.36/100g;Crisps, nuts & snacking fruit;healthier-snacks-12459-44;428;6.2;69.6;3.8;13.0;1.6;4.0;2.00;
sainsburys-salt---pepper-wholegrains-100g;Sainsbury's Salt & Pepper Wholegrain Bites 100g;£1.20/unit;£1.20/100g;Crisps, nuts & snacking fruit;crisps;478;7.3;60;5.7;22;2.1;5.3;1.6;
sainsburys-salt---pepper-wholegrains-100g;Sainsbury's Salt & Pepper Wholegrain Bites 100g;£1.20/unit;£1.20/100g;Crisps, nuts & snacking fruit;healthier-snacks-12459-44;478;7.3;60;5.7;22;2.1;5.3;1.6;
sainsburys-salt---vinegar-pretzels-150g;Sainsbury's Salt & Vinegar Pretzels 150g;£1.20/unit;£0.80/100g;Crisps, nuts & snacking fruit;party-nibbles-bites;423;8.5;76;5.7;9.0;0.7;2.6;0.98;
sainsburys-salt---vinegar-sticks-140g;Sainsbury's Salt  Crunchy Sticks 140g;£1.00/unit;£0.71/100g;Crisps, nuts & snacking fruit;crisps;479;6.1;63;3.9;22;2.2;3.5;2.9;
sainsburys-salt---vinegar-twirls-125g;Sainsbury's Salt  Potato Twirls 125g;£1.00/unit;£0.80/100g;Crisps, nuts & snacking fruit;crisps;491;3.2;62.6;2.3;24.6;2.2;3.4;2.68;
sainsburys-salt--basics-750g;Sainsbury's Salt, Basics 750g;£0.30/unit;£0.40/kg;Cooking ingredients & oils;salt-pepper;null;null;null;null;null;null;null;null;
sainsburys-salt-beef--taste-the-difference-110g;Sainsbury's Salt Beef, Taste the Difference 110g;£3.00/unit;£2.73/100g;Cooked meats & snacking;mfp-continental-meats;133;22.6;0.8;0.5;4.4;1.7;0.5;1.83;
sainsburys-salt-beef--taste-the-difference-110g;Sainsbury's Salt Beef, Taste the Difference 110g;£3.00/unit;£2.73/100g;Cooked meats & snacking;mfp-cooked-meats-snacking-taste-the-difference;133;22.6;0.8;0.5;4.4;1.7;0.5;1.83;
sainsburys-salt-beef--taste-the-difference-110g;Sainsbury's Salt Beef, Taste the Difference 110g;£3.00/unit;£2.73/100g;Cooked meats, pate & sandwich fillers;continental-meats;133;22.6;0.8;0.5;4.4;1.7;0.5;1.83;
sainsburys-salt-beef--taste-the-difference-110g;Sainsbury's Salt Beef, Taste the Difference 110g;£3.00/unit;£2.73/100g;Cooked meats, pate & sandwich fillers;cooked-meats-taste-the-difference;133;22.6;0.8;0.5;4.4;1.7;0.5;1.83;
sainsburys-salt-your-own-crisps-6x245g;Sainsbury's Salt Your Own Potato Crisps 6x24.5g;£1.00/unit;£0.69/100g;Crisps, nuts & snacking fruit;crisps;537;5.6;52.5;0.7;33.2;2.8;3.0;2.03;
sainsburys-salted-almonds-100g;Sainsbury's Salted Almonds 100g;£1.35/unit;£1.35/100g;Crisps, nuts & snacking fruit;nuts;644;25.3;3.4;3.3;56.2;6.6;11.5;0.80;
sainsburys-salted-butter--basics-250g;Sainsbury's British Salted Butter, Basics 250g;£0.90/unit;£3.60/kg;Butter, spreads & baking;block-butter;737;0.6;0.8;0.7;81.3;49.4;0.5;1.60;
sainsburys-salted-caramel-choux-buns-2x92g;Sainsbury's Salted Caramel Choux Buns 2x92g;£2.00/unit;£1.09/100g;Desserts & cream;desserts;367;6.1;26.1;14.7;26.3;12.6;0.7;0.33;
sainsburys-salted-caramel-cookies--taste-the-difference-200g;Sainsbury's Salted Caramel Cookies, Taste the Difference 200g;£1.75/unit;£0.88/100g;Biscuits & crackers;cookies;502;5.9;60.0;25.0;26.0;17.2;2.0;0.93;
sainsburys-salted-caramel-cookies--taste-the-difference-200g;Sainsbury's Salted Caramel Cookies, Taste the Difference 200g;£1.75/unit;£0.88/100g;Biscuits & crackers;luxury-continental-biscuits;502;5.9;60.0;25.0;26.0;17.2;2.0;0.93;
sainsburys-salted-caramel-cup-cake-370g;Sainsbury's Salted Caramel Cup Cake 370g;£1.60/unit;£4.32/kg;Sugar & home baking;cake-sweet-mixes;451;2.5;56.9;47.8;23.5;14.2;0.7;0.48;
sainsburys-salted-caramel-ice-cream--taste-the-difference-500ml;Sainsbury's Salted Caramel Ice Cream, Taste the Difference 500ml;£3.25/unit;£0.65/100ml;Ice cream & desserts;ice-cream-tubs;279;4.5;23;23;19;12;0.5;0.26;
sainsburys-salted-caramel-muffin--taste-the-difference-x2;Sainsbury's Salted Caramel Muffin, Taste the Difference x2;£1.50/unit;£0.75/ea;From our in store bakery;cakes-from-our-bakery;null;null;null;null;null;null;null;null;
sainsburys-salted-caramel-muffin--taste-the-difference;Sainsbury's Salted Caramel Muffin, Taste the Difference;£1.00/unit;£1.00/ea;Cakes;muffins-small-cakes;null;null;null;null;null;null;null;null;
sainsburys-salted-caramel-sauce--taste-the-difference-260g;Sainsbury's Salted Caramel Sauce, Taste the Difference 260g;£2.50/unit;£0.96/100g;Fruit & desserts;sauces-toppings;429;2.3;49.8;48.5;24.4;16.7;0.5;0.88;
sainsburys-salted-caramel-sauce--taste-the-difference-260g;Sainsbury's Salted Caramel Sauce, Taste the Difference 260g;£2.50/unit;£0.96/100g;Ice cream & desserts;wafers-sauces-toppings;429;2.3;49.8;48.5;24.4;16.7;0.5;0.88;
sainsburys-salted-nut-selection-200g;Sainsbury's Salted Nut Selection 200g;£2.10/unit;£1.05/100g;Crisps, nuts & snacking fruit;nuts;643;21.6;9.2;3.8;55.6;8.1;9.8;0.88;
sainsburys-salted-peanuts--basics-200g;Sainsbury's Salted Peanuts, Basics 200g;£0.70/unit;£0.35/100g;Crisps, nuts & snacking fruit;nuts;620;25.6;12.5;6.0;50.6;6.3;6.2;0.72;
sainsburys-salted-peanuts-200g;Sainsbury's Salted Peanuts 200g;£0.75/unit;£0.38/100g;Crisps, nuts & snacking fruit;nuts;607;26.0;10.5;6.6;49.3;6.3;8.4;1.30;
sainsburys-salted-popcorn-6x10g;Sainsbury's Salted Popcorn 6x10g;£1.40/unit;£2.33/100g;Confectionery;confectionery-popcorn;463;9.0;49.4;0.5;22.8;2.7;12.3;1.98;
sainsburys-salted-popcorn-6x10g;Sainsbury's Salted Popcorn 6x10g;£1.40/unit;£2.33/100g;Crisps, nuts & snacking fruit;healthier-snacks-12459-44;463;9.0;49.4;0.5;22.8;2.7;12.3;1.98;
sainsburys-salted-popcorn-6x10g;Sainsbury's Salted Popcorn 6x10g;£1.40/unit;£2.33/100g;Crisps, nuts & snacking fruit;party-nibbles-bites;463;9.0;49.4;0.5;22.8;2.7;12.3;1.98;
sainsburys-salted-popcorn-6x10g;Sainsbury's Salted Popcorn 6x10g;£1.40/unit;£2.33/100g;Crisps, nuts & snacking fruit;popcorn;463;9.0;49.4;0.5;22.8;2.7;12.3;1.98;
sainsburys-salted-popcorn-70g;Sainsbury's Salted Popcorn 70g;£1.20/unit;£1.71/100g;Confectionery;confectionery-popcorn;463;9.0;49.4;0.5;22.8;2.7;12.3;1.98;
sainsburys-salted-popcorn-70g;Sainsbury's Salted Popcorn 70g;£1.20/unit;£1.71/100g;Crisps, nuts & snacking fruit;healthier-snacks-12459-44;463;9.0;49.4;0.5;22.8;2.7;12.3;1.98;
sainsburys-salted-popcorn-70g;Sainsbury's Salted Popcorn 70g;£1.20/unit;£1.71/100g;Crisps, nuts & snacking fruit;party-nibbles-bites;463;9.0;49.4;0.5;22.8;2.7;12.3;1.98;
sainsburys-salted-popcorn-70g;Sainsbury's Salted Popcorn 70g;£1.20/unit;£1.71/100g;Crisps, nuts & snacking fruit;popcorn;463;9.0;49.4;0.5;22.8;2.7;12.3;1.98;
sainsburys-salted-popped-potato-snacks-88g;Sainsbury's Salted Popped Potato Snacks 88g;£1.20/unit;£1.36/100g;Crisps, nuts & snacking fruit;crisps;429;5.8;70.0;1.4;13.2;1.6;3.5;2.00;
sainsburys-salted-popped-potato-snacks-88g;Sainsbury's Salted Popped Potato Snacks 88g;£1.20/unit;£1.36/100g;Crisps, nuts & snacking fruit;healthier-snacks-12459-44;429;5.8;70.0;1.4;13.2;1.6;3.5;2.00;
sainsburys-san-francisco-style-sourdough--taste-the-difference-400g;Sainsbury's San Francisco Style Sourdough, Taste the Difference 400g;£1.25/unit;£0.25/100g;Bread;bread-from-our-bakery2;null;null;null;null;null;null;null;null;
sainsburys-san-francisco-style-sourdough--taste-the-difference-400g;Sainsbury's San Francisco Style Sourdough, Taste the Difference 400g;£1.25/unit;£0.25/100g;From our in store bakery;bread-from-our-bakery;null;null;null;null;null;null;null;null;
sainsburys-sandwich-bags--captive-flap-x60;Sainsbury's Sandwich Bags Captive Flap x60;£1.70/unit;£0.03/bag;Bread;sandwich-bags-food-storage;null;null;null;null;null;null;null;null;
sainsburys-sandwich-thins--2-in-1-x6;Sainsbury's Sandwich Thins, 2 In 1 x6;£1.00/unit;£0.17/ea;Rolls;rolls;249;9.5;46.7;4.0;1.7;0.4;4.6;1.02;
sainsburys-sandwich-thins--2-in-1-x6;Sainsbury's Sandwich Thins, 2 In 1 x6;£1.00/unit;£0.17/ea;Wraps, bagels & pittas;wraps-bagels-pittas;249;9.5;46.7;4.0;1.7;0.4;4.6;1.02;
sainsburys-sandwich-thins--brown-x6;Sainsbury's Sandwich Thins, Brown x6;£1.00/unit;£0.17/ea;Rolls;rolls;245;10.0;44.4;3.8;1.8;0.4;5.7;1.04;
sainsburys-sandwich-thins--brown-x6;Sainsbury's Sandwich Thins, Brown x6;£1.00/unit;£0.17/ea;Wraps, bagels & pittas;wraps-bagels-pittas;245;10.0;44.4;3.8;1.8;0.4;5.7;1.04;
sainsburys-sandwich-thins--white-x6;Sainsbury's Sandwich Thins, White x6;£1.00/unit;£0.17/ea;Rolls;rolls;256;9.0;50.3;3.7;1.4;0.3;3.0;1.04;
sainsburys-sandwich-thins--white-x6;Sainsbury's Sandwich Thins, White x6;£1.00/unit;£0.17/ea;Wraps, bagels & pittas;wraps-bagels-pittas;256;9.0;50.3;3.7;1.4;0.3;3.0;1.04;
sainsburys-santo-domingo-organic-fairtrade-dark-chocolate--taste-the-difference-100g;Sainsbury's Santo Domingo Organic Fairtrade Dark Chocolate, Taste the Difference 100g;£1.40/unit;£1.40/100g;Confectionery;chocolate;553;8.2;31.7;27.0;41.1;25.8;11.9;0.02;
sainsburys-santo-domingo-organic-fairtrade-dark-chocolate--taste-the-difference-100g;Sainsbury's Santo Domingo Organic Fairtrade Dark Chocolate, Taste the Difference 100g;£1.40/unit;£1.40/100g;Confectionery;premium-chocolate;553;8.2;31.7;27.0;41.1;25.8;11.9;0.02;
sainsburys-sardine---tomato-paste-75g;Sainsbury's Sardine & Tomato Paste 75g;£0.45/unit;£0.60/100g;Jams, honey & spreads;savoury-pastes;167;14.7;5.4;1.4;9.2;2.6;1.8;1.48;
sainsburys-sardines--in-brine-120g;Sainsbury's Portuguese Sardines in Brine 120g (90g*);£0.40/unit;£0.44/100g;Canned, tinned & packaged foods;canned-tinned-packaged-fish;182;22.4;0;0;10.3;3.4;null;null;
sainsburys-sardines--in-olive-oil-120g;Sainsbury's Portuguese Sardines in Olive Oil 120g (90g*);£0.40/unit;£0.44/100g;Canned, tinned & packaged foods;canned-tinned-packaged-fish;234;22.9;0;0;15.8;4.9;null;null;
sainsburys-sardines--in-sunflower-oil-120g;Sainsbury's Portuguese Sardines in Sunflower Oil 120g (90g*);£0.40/unit;£0.44/100g;Canned, tinned & packaged foods;canned-tinned-packaged-fish;230;22.4;0.0;0.0;15.6;2.7;null;null;
sainsburys-sardines--in-tomato-sauce-120g;Sainsbury's Portuguese Sardines in Tomato Sauce 120g;£0.40/unit;£0.33/100g;Canned, tinned & packaged foods;canned-tinned-packaged-fish;196;18.5;1.2;1.2;12.9;4.2;null;null;
sainsburys-sardines-in-chilli-oil-120g;Sainsbury's Portuguese Sardines in Chilli Oil 120g (90g*);£0.40/unit;£0.44/100g;Canned, tinned & packaged foods;canned-tinned-packaged-fish;230;22.4;0;0;15.6;2.7;null;null;
sainsburys-sardines-in-spring-water-120g;Sainsbury's Portuguese Sardines in Spring Water 120g (90g*);£0.40/unit;£0.44/100g;Canned, tinned & packaged foods;canned-tinned-packaged-fish;182;22.4;0;0;10.3;3.4;null;null;
sainsburys-satay-chicken--taste-the-difference-415g;Sainsbury's Satay Chicken & Udon Noodles, Taste The Difference 380g;£3.60/unit;£9.47/kg;Ready meals;healthier-choice-ready-meals;118;8.8;11.8;3.0;3.5;0.3;2.2;0.51;
sainsburys-satay-chicken--taste-the-difference-415g;Sainsbury's Satay Chicken & Udon Noodles, Taste The Difference 380g;£3.60/unit;£9.47/kg;Ready meals;meals-for-1-ready-meals;118;8.8;11.8;3.0;3.5;0.3;2.2;0.51;
sainsburys-satay-chicken--taste-the-difference-415g;Sainsbury's Satay Chicken & Udon Noodles, Taste The Difference 380g;£3.60/unit;£9.47/kg;Ready meals;oriental-ready-meals;118;8.8;11.8;3.0;3.5;0.3;2.2;0.51;
sainsburys-satay-chicken--taste-the-difference-415g;Sainsbury's Satay Chicken & Udon Noodles, Taste The Difference 380g;£3.60/unit;£9.47/kg;Ready meals;taste-the-difference-bistro-ready-meals;118;8.8;11.8;3.0;3.5;0.3;2.2;0.51;
sainsburys-satay-dipping-sauce-150g;Sainsbury's Satay Dipping Sauce 150g;£1.10/unit;£0.73/100g;Cooking sauces & world foods;chinese-cooking-sauces;168;4.2;16.6;12.7;8.9;4.6;2.4;1.39;
sainsburys-satay-dipping-sauce-150g;Sainsbury's Satay Dipping Sauce 150g;£1.10/unit;£0.73/100g;Cooking sauces & world foods;thai-cooking-sauces;168;4.2;16.6;12.7;8.9;4.6;2.4;1.39;
sainsburys-satay-dipping-sauce-150g;Sainsbury's Satay Dipping Sauce 150g;£1.10/unit;£0.73/100g;Table sauces, dressings & condiments;tomato-ketchup-brown-bbq-other-sauces;168;4.2;16.6;12.7;8.9;4.6;2.4;1.39;
sainsburys-satay-stir-fry-sauce-120g;Sainsbury's Satay Stir Fry Sauce 120g;£0.50/unit;£0.42/100g;Cooking sauces & world foods;chinese-cooking-sauces;168;5.1;16.8;16.0;8.2;1.9;3.2;1.63;
sainsburys-satay-stir-fry-sauce-120g;Sainsbury's Satay Stir Fry Sauce 120g;£0.50/unit;£0.42/100g;Cooking sauces & world foods;thai-cooking-sauces;168;5.1;16.8;16.0;8.2;1.9;3.2;1.63;
sainsburys-sauce-flour-500g;Sainsbury's Sauce Flour 500g;£0.65/unit;£1.30/kg;Sugar & home baking;flour;345;10.2;71.5;1.4;1.3;0.3;3.0;0;
sainsburys-sausage---onion-puff-pastry-plait-360g-1147421-p-44;Sainsbury's Sausage & Onion Puff Pastry Plait 360g;£2.00/unit;£0.56/100g;Pies, pasties & quiche;slices-pasties;288;8.7;22.4;1.2;17.5;6.9;2.9;0.62;
sainsburys-sausage---onion-puff-pastry-plait-360g-1147421-p-44;Sainsbury's Sausage & Onion Puff Pastry Plait 360g;£2.00/unit;£0.56/100g;Soup & lunchtime snacks;lunchtime-snacks;288;8.7;22.4;1.2;17.5;6.9;2.9;0.62;
sainsburys-sausage-casserole-cooking-sauce-500g;Sainsbury's Sausage Casserole Cooking Sauce 500g;£1.29/unit;£0.26/100g;Cooking sauces & world foods;traditional-cooking-sauces;42;0.9;9.1;4.5;0.1;0.1;0.5;0.59;
sainsburys-sausage-casserole-mix-40g;Sainsbury's Sausage Casserole Mix 40g;£0.40/unit;£1.00/100g;Cooking sauces & world foods;packet-sauces;142;7.9;7.7;4.9;8.4;2.9;2.0;0.93;
sainsburys-sausage-mini-rolls-x20-310g;Sainsbury's Sausage Mini Rolls x20 310g;£2.00/unit;£0.65/100g;Pies, pasties & quiche;sausage-rolls-savouries;326;9.9;27.7;1.7;18.9;8.1;2.7;1.02;
sainsburys-sausage-mini-rolls-x20-310g;Sainsbury's Sausage Mini Rolls x20 310g;£2.00/unit;£0.65/100g;Pies, pasties & quiche;slices-pasties;326;9.9;27.7;1.7;18.9;8.1;2.7;1.02;
sainsburys-sausage-pasta-bake-430g;Sainsbury's Sausage Pasta Bake 430g;£2.30/unit;£5.35/kg;Ready meals;italian-ready-meals;129;5.3;17.7;3.6;3.7;1.2;null;0.43;
sainsburys-sausage-pasta-bake-430g;Sainsbury's Sausage Pasta Bake 430g;£2.30/unit;£5.35/kg;Ready meals;meals-for-1-ready-meals;129;5.3;17.7;3.6;3.7;1.2;null;0.43;
sainsburys-sausage-ragu-pasta-bake-430g;Sainsbury's Sausage Ragu Pasta Bake 430g;£2.30/unit;£5.35/kg;Ready meals;italian-ready-meals;125;4.8;17.5;2.7;3.7;1.6;1.4;0.35;
sainsburys-sausage-ragu-pasta-bake-430g;Sainsbury's Sausage Ragu Pasta Bake 430g;£2.30/unit;£5.35/kg;Ready meals;meals-for-1-ready-meals;125;4.8;17.5;2.7;3.7;1.6;1.4;0.35;
sainsburys-sausage-rolls--basics-x50-700g;Sainsbury's Sausage Rolls, Basics x50 700g;£0.90/unit;£1.29/kg;Party food;frozen-party-food;344;7.5;29.6;1.6;20.9;10.3;3.8;1.15;
sainsburys-sausage-rolls--basics-x50-700g;Sainsbury's Sausage Rolls, Basics x50 700g;£0.90/unit;£1.29/kg;Ready meals & pies;frozen-snacks;344;7.5;29.6;1.6;20.9;10.3;3.8;1.15;
sainsburys-sausage-rolls--basics-x6-300g;Sainsbury's Sausage Rolls, Basics x6 300g;£1.05/unit;£0.35/100g;Pies, pasties & quiche;sausage-rolls-savouries;329;8.1;29;1.5;19;8.0;3.2;0.93;
sainsburys-sausage-rolls--basics-x6-300g;Sainsbury's Sausage Rolls, Basics x6 300g;£1.05/unit;£0.35/100g;Pies, pasties & quiche;slices-pasties;329;8.1;29;1.5;19;8.0;3.2;0.93;
sainsburys-sausagemeat-stuffing-mix-130g;Sainsbury's Sausagemeat Stuffing Mix 130g;£0.75/unit;£5.77/kg;Cooking ingredients & oils;stuffing;158;6.1;19.5;2.0;5.8;2.6;1.5;1.10;
sainsburys-sausages---mash--basics-300g;Sainsbury's Sausages & Mash, Basics 300g;£0.80/unit;£2.67/kg;Ready meals;british-ready-meals;98;2.6;12;1.5;3.9;1.4;2.4;0.53;
sainsburys-sausages---mash--basics-300g;Sainsbury's Sausages & Mash, Basics 300g;£0.80/unit;£2.67/kg;Ready meals;meals-for-1-ready-meals;98;2.6;12;1.5;3.9;1.4;2.4;0.53;
sainsburys-savoiardi-sponge-fingers--taste-the-difference-200g;Sainsbury's Savoiardi Sponge Fingers, Taste the Difference 200g;£1.30/unit;£0.65/100g;Fruit & desserts;meringues-bases;379;8.0;80.0;39.8;2.5;0.6;2.0;0.28;
sainsburys-savoury-biscuit-selection--taste-the-difference-300g;Sainsbury's Savoury Biscuit Selection, Taste the Difference 300g;£2.75/unit;£0.92/100g;Biscuits & crackers;biscuits-crackers-sharing-bags-assortments;488;14.5;55.2;1.9;22.5;8.2;3.5;2.35;
sainsburys-savoury-biscuit-selection--taste-the-difference-300g;Sainsbury's Savoury Biscuit Selection, Taste the Difference 300g;£2.75/unit;£0.92/100g;Biscuits & crackers;crackers-savoury-biscuits;488;14.5;55.2;1.9;22.5;8.2;3.5;2.35;
sainsburys-savoury-selection-115g;Sainsbury's Savoury Selection 115g;£1.30/unit;£1.13/100g;Biscuits & crackers;crackers-savoury-biscuits;511;13.0;49.0;4.0;28.5;15.5;3.0;1.90;
sainsburys-savoy-cabbage-%28each%29;Sainsbury's Savoy Cabbage (each);£0.80/unit;£0.80/ea;Fresh vegetables;broccoli-cauliflower-cabbage-greens;32;2.4;3.9;3.9;0.5;0.1;2.7;0.02;
sainsburys-savoy-cabbage-%28each%29;Sainsbury's Savoy Cabbage (each);£0.80/unit;£0.80/ea;In season;new-in-season;32;2.4;3.9;3.9;0.5;0.1;2.7;0.02;
sainsburys-scalloped-rosemary-crackers-185g;Sainsbury's Scalloped Rosemary Crackers 185g;£1.10/unit;£0.59/100g;Biscuits & crackers;crackers-savoury-biscuits;485;6.5;68;8.2;20;2.0;2.4;1.7;
sainsburys-scallops-180g;Sainsbury's Scallops 180g;£5.00/unit;£27.78/kg;Fish & seafood;prawns-shellfish;145;26.3;8.0;0.5;0.7;0.2;0.5;0.30;
sainsburys-scone-mix-320g;Sainsbury's Scone Mix 320g;£0.70/unit;£2.19/kg;Sugar & home baking;cake-sweet-mixes;298;8.0;47.5;9.9;7.9;3.8;2.6;0.83;
sainsburys-scone-mix-320g;Sainsbury's Scone Mix 320g;£0.70/unit;£2.19/kg;Sugar & home baking;pastry-savoury-mixes;298;8.0;47.5;9.9;7.9;3.8;2.6;0.83;
sainsburys-scones--sultana-x6;Sainsbury's Scones, Sultana x6;£1.00/unit;£0.17/ea;Cakes;cakes-scones-fruited-buns;363;7.6;55.8;21.1;11.8;6.7;1.6;0.94;
sainsburys-scones--sultana-x6;Sainsbury's Scones, Sultana x6;£1.00/unit;£0.17/ea;Scones, fruited & buns;scones-fruited-buns;363;7.6;55.8;21.1;11.8;6.7;1.6;0.94;
sainsburys-scotch-bonnet-chillies-100g;Sainsbury's Scotch Bonnet Chillies 100g;£2.00/unit;£20.00/kg;Fresh herbs & ingredients;afro-caribbean-ingredients;23;2.9;0.7;0.7;0.6;0.1;1.5;0.02;
sainsburys-scotch-bonnet-chillies-100g;Sainsbury's Scotch Bonnet Chillies 100g;£2.00/unit;£20.00/kg;Fresh vegetables;chillies-herbs-ingredients;23;2.9;0.7;0.7;0.6;0.1;1.5;0.02;
sainsburys-scotch-bonnet-chillies-100g;Sainsbury's Scotch Bonnet Chillies 100g;£2.00/unit;£20.00/kg;Fresh vegetables;fresh-vegetables-world-exotic;23;2.9;0.7;0.7;0.6;0.1;1.5;0.02;
sainsburys-scotch-bonnet-hot-chilli-30;Sainsbury's Scotch Bonnet Hot Chilli 30;£0.80/unit;£26.67/kg;Fresh herbs & ingredients;afro-caribbean-ingredients;null;null;null;null;null;null;null;null;
sainsburys-scotch-bonnet-hot-chilli-30;Sainsbury's Scotch Bonnet Hot Chilli 30;£0.80/unit;£26.67/kg;Fresh herbs & ingredients;asian-ingredients;null;null;null;null;null;null;null;null;
sainsburys-scotch-bonnet-hot-chilli-30;Sainsbury's Scotch Bonnet Hot Chilli 30;£0.80/unit;£26.67/kg;Fresh herbs & ingredients;indian-ingredients;null;null;null;null;null;null;null;null;
sainsburys-scotch-bonnet-hot-chilli-30;Sainsbury's Scotch Bonnet Hot Chilli 30;£0.80/unit;£26.67/kg;Fresh vegetables;chillies-herbs-ingredients;null;null;null;null;null;null;null;null;
sainsburys-scotch-bonnet-hot-chilli-30;Sainsbury's Scotch Bonnet Hot Chilli 30;£0.80/unit;£26.67/kg;Fresh vegetables;fresh-vegetables-world-exotic;null;null;null;null;null;null;null;null;
sainsburys-scotch-broth-soup-400g;Sainsbury's Scotch Broth Soup 400g;£0.55/unit;£0.14/100g;Canned, tinned & packaged foods;soups;45;1.8;6.4;0.8;1.1;0.4;1.1;0.58;
sainsburys-scotch-egg--basics-113g;Sainsbury's Scotch Egg, Basics 113g;£0.40/unit;£0.35/100g;Pies, pasties & quiche;sausage-rolls-savouries;211;11.1;13.6;0.5;12.2;3.1;1.4;0.85;
sainsburys-scotch-egg--basics-113g;Sainsbury's Scotch Egg, Basics 113g;£0.40/unit;£0.35/100g;Soup & lunchtime snacks;lunchtime-snacks;211;11.1;13.6;0.5;12.2;3.1;1.4;0.85;
sainsburys-scotch-egg--taste-the-difference;Sainsbury's Scotch Egg, Taste the Difference 140g;£1.20/unit;£0.86/100g;Pies, pasties & quiche;sausage-rolls-savouries;302;14.4;8.2;0.5;22.9;6.8;2.5;0.75;
sainsburys-scotch-egg--taste-the-difference;Sainsbury's Scotch Egg, Taste the Difference 140g;£1.20/unit;£0.86/100g;Soup & lunchtime snacks;lunchtime-snacks;302;14.4;8.2;0.5;22.9;6.8;2.5;0.75;
sainsburys-scotch-eggs-x2-226g;Sainsbury's Scotch Eggs x2 226g;£1.00/unit;£0.44/100g;Pies, pasties & quiche;sausage-rolls-savouries;235;11.1;16.8;0.6;13.4;3.7;1.6;0.88;
sainsburys-scotch-eggs-x4-452g;Sainsbury's Scotch Eggs x4 452g;£1.85/unit;£0.41/100g;Pies, pasties & quiche;sausage-rolls-savouries;235;11.1;16.8;0.6;13.4;3.7;1.6;0.88;
sainsburys-scotch-morning-roll-90g;Sainsbury's Scotch Morning Roll 90g;£0.40/unit;£0.40/ea;From our in store bakery;rolls-bagels-from-our-bakery;null;null;null;null;null;null;null;null;
sainsburys-scotch-morning-roll-90g;Sainsbury's Scotch Morning Roll 90g;£0.40/unit;£0.40/ea;Rolls;rolls;null;null;null;null;null;null;null;null;
sainsburys-scotch-pancakes-x8;Sainsbury's Scotch Pancakes x8;£0.80/unit;£0.10/ea;Crumpets, breakfast muffins & pancakes;crumpets-breakfast-muffins-pancakes;260;5.9;48.8;19.2;4.4;0.4;1.0;1.00;
sainsburys-scottie-dogs-butterscotch-120g;Sainsbury's Scottie Dogs Butterscotch 120g;£1.20/unit;£1.00/100g;Biscuits & crackers;everyday-biscuits-shortbread;515;5.4;60.0;22.1;27.8;18.8;1.5;0.58;
sainsburys-scottie-dogs-chocolate-dipped-120g;Sainsbury's Scottie Dogs Chocolate Dipped 120g;£1.30/unit;£1.08/100g;Biscuits & crackers;chocolate-biscuits;532;5.9;57.5;22.8;30.5;19.6;1.8;0.53;
sainsburys-scottie-dogs-chocolate-dipped-120g;Sainsbury's Scottie Dogs Chocolate Dipped 120g;£1.30/unit;£1.08/100g;Biscuits & crackers;everyday-biscuits-shortbread;532;5.9;57.5;22.8;30.5;19.6;1.8;0.53;
sainsburys-scottish-beef-mince-454g;Sainsbury's 20% Fat Scottish Beef Mince 454g;£3.50/unit;£7.71/kg;Meat & poultry;frozen-beef;278;24.6;0.5;0.5;20.0;9.3;0.5;0.31;
sainsburys-scottish-cooked-mussels-in-a-creamy-white-wine---garlic-sauce-500g;Sainsbury's Scottish Cooked Mussels In A Creamy White Wine & Garlic Sauce 500g;£3.00/unit;£6.00/kg;Fish & seafood;frozen-fish-seafood;91;8.9;3.3;0.9;4.6;3.0;0.5;1.48;
sainsburys-scottish-hot-smoked-trout-fillets--taste-the-difference-125g;Sainsbury's Scottish Hot Smoked Trout Fillets, Taste the Difference 125g;£3.75/unit;£3.00/100g;Cooked meats & snacking;mfp-cooked-fish-seafood;130;21.0;0.5;0.5;4.8;0.9;0.5;1.38;
sainsburys-scottish-hot-smoked-trout-fillets--taste-the-difference-125g;Sainsbury's Scottish Hot Smoked Trout Fillets, Taste the Difference 125g;£3.75/unit;£3.00/100g;Cooked meats & snacking;mfp-cooked-meats-snacking-taste-the-difference;130;21.0;0.5;0.5;4.8;0.9;0.5;1.38;
sainsburys-scottish-hot-smoked-trout-fillets--taste-the-difference-125g;Sainsbury's Scottish Hot Smoked Trout Fillets, Taste the Difference 125g;£3.75/unit;£3.00/100g;Cooked meats, pate & sandwich fillers;cooked-fish-seafood;130;21.0;0.5;0.5;4.8;0.9;0.5;1.38;
sainsburys-scottish-hot-smoked-trout-fillets--taste-the-difference-125g;Sainsbury's Scottish Hot Smoked Trout Fillets, Taste the Difference 125g;£3.75/unit;£3.00/100g;Cooked meats, pate & sandwich fillers;cooked-meats-taste-the-difference;130;21.0;0.5;0.5;4.8;0.9;0.5;1.38;
sainsburys-scottish-hot-smoked-trout-fillets--taste-the-difference-125g;Sainsbury's Scottish Hot Smoked Trout Fillets, Taste the Difference 125g;£3.75/unit;£3.00/100g;Fish & seafood;canapes-snacking;130;21.0;0.5;0.5;4.8;0.9;0.5;1.38;
sainsburys-scottish-hot-smoked-trout-fillets--taste-the-difference-125g;Sainsbury's Scottish Hot Smoked Trout Fillets, Taste the Difference 125g;£3.75/unit;£3.00/100g;Fish & seafood;smoked-fish;130;21.0;0.5;0.5;4.8;0.9;0.5;1.38;
sainsburys-scottish-hot-smoked-trout-fillets--taste-the-difference-125g;Sainsbury's Scottish Hot Smoked Trout Fillets, Taste the Difference 125g;£3.75/unit;£3.00/100g;Great prices on meat & fish;great-prices-on-meat---fish;130;21.0;0.5;0.5;4.8;0.9;0.5;1.38;
sainsburys-scottish-hot-smoked-trout-fillets--taste-the-difference-125g;Sainsbury's Scottish Hot Smoked Trout Fillets, Taste the Difference 125g;£3.75/unit;£3.00/100g;Organic & Taste the Difference;organic-taste-the-difference;130;21.0;0.5;0.5;4.8;0.9;0.5;1.38;
sainsburys-scottish-langoustines--taste-the-difference-500g;Sainsbury's Scottish Langoustines, Taste the Difference 500g;£7.00/unit;£14.00/kg;Fish & seafood;frozen-fish-seafood;84;18.7;1.0;1.0;0.6;0.2;0.5;0.78;
sainsburys-scottish-mild-smoked-salmon-120g;Sainsbury's Scottish Mild Smoked Salmon 120g;£3.00/unit;£2.50/100g;Cooked meats & snacking;mfp-cooked-fish-seafood;220;23.3;0.1;0.1;14.0;2.9;null;null;
sainsburys-scottish-mild-smoked-salmon-120g;Sainsbury's Scottish Mild Smoked Salmon 120g;£3.00/unit;£2.50/100g;Cooked meats, pate & sandwich fillers;cooked-fish-seafood;220;23.3;0.1;0.1;14.0;2.9;null;null;
sainsburys-scottish-mild-smoked-salmon-120g;Sainsbury's Scottish Mild Smoked Salmon 120g;£3.00/unit;£2.50/100g;Fish & seafood;canapes-snacking;220;23.3;0.1;0.1;14.0;2.9;null;null;
sainsburys-scottish-mild-smoked-salmon-120g;Sainsbury's Scottish Mild Smoked Salmon 120g;£3.00/unit;£2.50/100g;Fish & seafood;smoked-fish;220;23.3;0.1;0.1;14.0;2.9;null;null;
sainsburys-scottish-mild-smoked-salmon-120g;Sainsbury's Scottish Mild Smoked Salmon 120g;£3.00/unit;£2.50/100g;Great prices on meat & fish;great-prices-on-meat---fish;220;23.3;0.1;0.1;14.0;2.9;null;null;
sainsburys-scottish-mild-smoked-salmon-300g;Sainsbury's Mild Smoked Salmon 300g;£5.00/unit;£1.67/100g;Fish & seafood;canapes-snacking;188;23.6;0.1;0.1;10.4;2.0;0.5;2.93;
sainsburys-scottish-mild-smoked-salmon-300g;Sainsbury's Mild Smoked Salmon 300g;£5.00/unit;£1.67/100g;Fish & seafood;smoked-fish;188;23.6;0.1;0.1;10.4;2.0;0.5;2.93;
sainsburys-scottish-mussels-in-garlic-butter-500g;Sainsbury's Scottish Mussels In Garlic Butter 500g;£3.00/unit;£6.00/kg;Fish & seafood;fuss-free-fish;93;7.0;2.2;0.9;6.1;3.4;0.5;1.78;
sainsburys-scottish-mussels-in-garlic-butter-500g;Sainsbury's Scottish Mussels In Garlic Butter 500g;£3.00/unit;£6.00/kg;Fish & seafood;prawns-shellfish;93;7.0;2.2;0.9;6.1;3.4;0.5;1.78;
sainsburys-scottish-mussels-in-garlic-butter-500g;Sainsbury's Scottish Mussels In Garlic Butter 500g;£3.00/unit;£6.00/kg;Just Cook, prepared & sauces;fuss-free-fish-135654-44;93;7.0;2.2;0.9;6.1;3.4;0.5;1.78;
sainsburys-scottish-mussels-in-white-wine-500g;Sainsbury's Scottish Mussels In White Wine 500g;£3.00/unit;£6.00/kg;Fish & seafood;fuss-free-fish;91;8.4;4.2;0.8;4.4;2.7;0.6;1.45;
sainsburys-scottish-mussels-in-white-wine-500g;Sainsbury's Scottish Mussels In White Wine 500g;£3.00/unit;£6.00/kg;Fish & seafood;prawns-shellfish;91;8.4;4.2;0.8;4.4;2.7;0.6;1.45;
sainsburys-scottish-mussels-in-white-wine-500g;Sainsbury's Scottish Mussels In White Wine 500g;£3.00/unit;£6.00/kg;Just Cook, prepared & sauces;fuss-free-fish-135654-44;91;8.4;4.2;0.8;4.4;2.7;0.6;1.45;
sainsburys-scottish-oak-smoked-salmon--taste-the-difference-120g;Sainsbury's Scottish Oak Smoked Salmon, Taste the Difference 120g;£4.50/unit;£3.75/100g;Fish & seafood;canapes-snacking;220;23.3;0.1;0.1;14.0;2.9;null;null;
sainsburys-scottish-oak-smoked-salmon--taste-the-difference-120g;Sainsbury's Scottish Oak Smoked Salmon, Taste the Difference 120g;£4.50/unit;£3.75/100g;Fish & seafood;smoked-fish;220;23.3;0.1;0.1;14.0;2.9;null;null;
sainsburys-scottish-oak-smoked-salmon--taste-the-difference-120g;Sainsbury's Scottish Oak Smoked Salmon, Taste the Difference 120g;£4.50/unit;£3.75/100g;Organic & Taste the Difference;organic-taste-the-difference;220;23.3;0.1;0.1;14.0;2.9;null;null;
sainsburys-scottish-oats-with-whitebran---oatbran-1kg;Sainsbury's Scottish Porridge Oats With Wheatbran & Oatbran 1kg;£1.20/unit;£0.12/100g;Breakfast cereals;porridge-oats;368;12.1;54.5;0.9;8.6;1.4;12.1;0.01;
sainsburys-scottish-porridge-oats-15kg;Sainsbury's Scottish Porridge Oats 1.5kg;£1.70/unit;£0.11/100g;Breakfast cereals;porridge-oats;363;10.3;60.5;1.1;7.0;1.0;8.3;0.01;
sainsburys-scottish-porridge-oats-1kg;Sainsbury's Scottish Porridge Oats 1kg;£1.20/unit;£0.12/100g;Breakfast cereals;porridge-oats;363;10.3;60.5;1.1;7.0;1.0;8.3;0.01;
sainsburys-scottish-salmon-fishcakes-x2-270g;Sainsbury's Scottish Salmon Fishcakes x2 270g;£2.00/unit;£7.41/kg;Breaded & coated;breaded-coated-fish-seafood;216;11.2;18.3;1.4;10.5;1.7;1.5;0.74;
sainsburys-scottish-salmon-fishcakes-x2-270g;Sainsbury's Scottish Salmon Fishcakes x2 270g;£2.00/unit;£7.41/kg;Fish & seafood;fishcakes-breaded-fish;216;11.2;18.3;1.4;10.5;1.7;1.5;0.74;
sainsburys-scottish-salmon-fishcakes-x2-270g;Sainsbury's Scottish Salmon Fishcakes x2 270g;£2.00/unit;£7.41/kg;Just Cook, prepared & sauces;fuss-free-fish-135654-44;216;11.2;18.3;1.4;10.5;1.7;1.5;0.74;
sainsburys-scottish-speyside-whisky-smoked-salmon--taste-the-difference-120g;Sainsbury's Scottish Speyside Whisky Smoked Salmon, Taste the Difference 120g;£4.50/unit;£3.75/100g;Cooked meats & snacking;mfp-cooked-fish-seafood;165;23.7;0.5;0.5;7.6;1.6;0.5;4.10;
sainsburys-scottish-speyside-whisky-smoked-salmon--taste-the-difference-120g;Sainsbury's Scottish Speyside Whisky Smoked Salmon, Taste the Difference 120g;£4.50/unit;£3.75/100g;Cooked meats & snacking;mfp-cooked-meats-snacking-taste-the-difference;165;23.7;0.5;0.5;7.6;1.6;0.5;4.10;
sainsburys-scottish-speyside-whisky-smoked-salmon--taste-the-difference-120g;Sainsbury's Scottish Speyside Whisky Smoked Salmon, Taste the Difference 120g;£4.50/unit;£3.75/100g;Cooked meats, pate & sandwich fillers;cooked-fish-seafood;165;23.7;0.5;0.5;7.6;1.6;0.5;4.10;
sainsburys-scottish-speyside-whisky-smoked-salmon--taste-the-difference-120g;Sainsbury's Scottish Speyside Whisky Smoked Salmon, Taste the Difference 120g;£4.50/unit;£3.75/100g;Cooked meats, pate & sandwich fillers;cooked-meats-taste-the-difference;165;23.7;0.5;0.5;7.6;1.6;0.5;4.10;
sainsburys-scottish-speyside-whisky-smoked-salmon--taste-the-difference-120g;Sainsbury's Scottish Speyside Whisky Smoked Salmon, Taste the Difference 120g;£4.50/unit;£3.75/100g;Fish & seafood;canapes-snacking;165;23.7;0.5;0.5;7.6;1.6;0.5;4.10;
sainsburys-scottish-speyside-whisky-smoked-salmon--taste-the-difference-120g;Sainsbury's Scottish Speyside Whisky Smoked Salmon, Taste the Difference 120g;£4.50/unit;£3.75/100g;Fish & seafood;smoked-fish;165;23.7;0.5;0.5;7.6;1.6;0.5;4.10;
sainsburys-scottish-speyside-whisky-smoked-salmon--taste-the-difference-120g;Sainsbury's Scottish Speyside Whisky Smoked Salmon, Taste the Difference 120g;£4.50/unit;£3.75/100g;Organic & Taste the Difference;organic-taste-the-difference;165;23.7;0.5;0.5;7.6;1.6;0.5;4.10;
sainsburys-scottish-venison---british-pork-sausages-with-red-wine--taste-the-difference-x6-350g;Sainsbury's Venison & British Pork Sausages With Red Wine, Taste the Difference x6 350g;£2.50/unit;£7.14/kg;Burgers & BBQ;burgers-bbq;278;19.3;8.9;5.8;18.2;7.1;0.6;1.65;
sainsburys-scottish-venison---british-pork-sausages-with-red-wine--taste-the-difference-x6-350g;Sainsbury's Venison & British Pork Sausages With Red Wine, Taste the Difference x6 350g;£2.50/unit;£7.14/kg;Organic & Taste the Difference;organic-taste-the-difference;278;19.3;8.9;5.8;18.2;7.1;0.6;1.65;
sainsburys-scottish-venison---british-pork-sausages-with-red-wine--taste-the-difference-x6-350g;Sainsbury's Venison & British Pork Sausages With Red Wine, Taste the Difference x6 350g;£2.50/unit;£7.14/kg;Sausages;sausages;278;19.3;8.9;5.8;18.2;7.1;0.6;1.65;
sainsburys-scottish-wholetail-breaded-scampi-300g;Sainsbury's Scottish Wholetail Breaded Scampi 300g;£3.00/unit;£10.00/kg;Fish & seafood;frozen-fish-seafood;203;11.2;20.8;1.3;8.0;0.6;1.6;0.61;
sainsburys-scotty-dog-choc-chip-carton-110g;Sainsbury's Scottie Shortbread Chocolate Chip 120g;£1.30/unit;£1.08/100g;Biscuits & crackers;chocolate-biscuits;515;5.1;60.5;20.7;27.5;15.9;2.5;0.75;
sainsburys-scotty-dog-choc-chip-carton-110g;Sainsbury's Scottie Shortbread Chocolate Chip 120g;£1.30/unit;£1.08/100g;Biscuits & crackers;everyday-biscuits-shortbread;515;5.1;60.5;20.7;27.5;15.9;2.5;0.75;
sainsburys-sea-bass-fillets-180g;Sainsbury's Sea Bass Fillets 180g;£3.30/unit;£18.33/kg;Fish & seafood;filleted-whole-fish;173;22.2;0.1;0.1;9.2;1.9;null;null;
sainsburys-sea-bass-fillets-180g;Sainsbury's Sea Bass Fillets 180g;£3.30/unit;£18.33/kg;Great prices on meat & fish;great-prices-on-meat---fish;173;22.2;0.1;0.1;9.2;1.9;null;null;
sainsburys-sea-bass-fillets-with-ginger---lime-butter-230g;Sainsbury's Sea Bass Fillets With Ginger & Lime Butter 230g;£5.00/unit;£23.81/kg;Fish & seafood;filleted-whole-fish;224;19.9;0.5;0.5;15.7;5.7;null;null;
sainsburys-sea-bass-fillets-with-ginger---lime-butter-230g;Sainsbury's Sea Bass Fillets With Ginger & Lime Butter 230g;£5.00/unit;£23.81/kg;Fish & seafood;fuss-free-fish;224;19.9;0.5;0.5;15.7;5.7;null;null;
sainsburys-sea-bass-fillets-with-ginger---lime-butter-230g;Sainsbury's Sea Bass Fillets With Ginger & Lime Butter 230g;£5.00/unit;£23.81/kg;Just Cook, prepared & sauces;fuss-free-fish-135654-44;224;19.9;0.5;0.5;15.7;5.7;null;null;
sainsburys-sea-salt---black-pepper-crackers--taste-the-difference-150g;Sainsbury's Sea Salt & Black Pepper Crackers, Taste the Difference 150g;£1.50/unit;£1.00/100g;Biscuits & crackers;crackers-savoury-biscuits;497;9.2;56.9;0.6;24.8;16.8;4.9;1.30;
sainsburys-sea-salt---cider-vinegar-crisps--taste-the-difference-150g;Sainsbury's Sea Salt & Cider Vinegar Crisps, Taste the Difference 150g;£1.50/unit;£1.00/100g;Crisps, nuts & snacking fruit;crisps;503;5.6;52.7;1.0;28.6;3.4;6.1;2.00;
sainsburys-sea-salt---cider-vinegar-peanuts-200g;Sainsbury's Sea Salt & Cider Vinegar Peanuts 200g;£1.35/unit;£0.68/100g;Crisps, nuts & snacking fruit;nuts;617;28.7;4.9;4.6;51.4;7.8;10.1;1.39;
sainsburys-sea-salt---peppercorn-tortillas--taste-the-difference-175g;Sainsbury's Sea Salt & Peppercorn Tortillas, Taste the Difference 175g;£1.50/unit;£0.86/100g;Crisps, nuts & snacking fruit;crisps;523;6.4;57.6;1.1;28.6;2.5;4.8;0.75;
sainsburys-seafood-chowder-soup--taste-the-difference-400g;Sainsbury's Seafood Chowder Soup, Taste the Difference 400g;£0.90/unit;£0.23/100g;Canned, tinned & packaged foods;soups;57;1.9;5.9;1.2;2.8;0.8;0.5;0.55;
sainsburys-seafood-cocktail-deli-filler-230g;Sainsbury's Seafood Cocktail Deli Filler 230g;£1.65/unit;£0.72/100g;Cooked meats, pate & sandwich fillers;sandwich-fillers;216;5.3;8.2;3.7;17.9;1.3;0.5;1.47;
sainsburys-seafood-cocktail-deli-filler-230g;Sainsbury's Seafood Cocktail Deli Filler 230g;£1.65/unit;£0.72/100g;Fish & seafood;canapes-snacking;216;5.3;8.2;3.7;17.9;1.3;0.5;1.47;
sainsburys-seafood-cocktail-deli-filler-230g;Sainsbury's Seafood Cocktail Deli Filler 230g;£1.65/unit;£0.72/100g;Fish & seafood;prawns-shellfish;216;5.3;8.2;3.7;17.9;1.3;0.5;1.47;
sainsburys-seafood-cocktail-deli-filler-230g;Sainsbury's Seafood Cocktail Deli Filler 230g;£1.65/unit;£0.72/100g;Soup & lunchtime snacks;sandwich-fillers2;216;5.3;8.2;3.7;17.9;1.3;0.5;1.47;
sainsburys-seafood-sauce--taste-the-difference-175g;Sainsbury's Seafood Sauce, Taste the Difference 175g;£1.80/unit;£1.03/100g;Table sauces, dressings & condiments;condiments;598;1.1;4.1;3.8;64.1;4.5;0.5;0.83;
sainsburys-seafood-sauce-250ml;Sainsbury's Seafood Sauce 250ml;£0.80/unit;£0.32/100ml;Table sauces, dressings & condiments;condiments;356;1.2;20.1;18.4;30.0;2.0;0.5;1.73;
sainsburys-seafood-sauce-525ml;Sainsbury's Seafood Sauce 525ml;£1.40/unit;£0.27/100ml;Table sauces, dressings & condiments;condiments;356;1.2;20.1;18.4;30.0;2.0;0.5;1.73;
sainsburys-seafood-selection-225g;Sainsbury's Seafood Selection 225g;£3.50/unit;£1.56/100g;Cooked meats & snacking;mfp-cooked-fish-seafood;75;15.2;1.3;0.5;1.0;0.4;0.5;1.30;
sainsburys-seafood-selection-225g;Sainsbury's Seafood Selection 225g;£3.50/unit;£1.56/100g;Cooked meats, pate & sandwich fillers;cooked-fish-seafood;75;15.2;1.3;0.5;1.0;0.4;0.5;1.30;
sainsburys-seafood-selection-225g;Sainsbury's Seafood Selection 225g;£3.50/unit;£1.56/100g;Fish & seafood;canapes-snacking;75;15.2;1.3;0.5;1.0;0.4;0.5;1.30;
sainsburys-seafood-selection-225g;Sainsbury's Seafood Selection 225g;£3.50/unit;£1.56/100g;Fish & seafood;prawns-shellfish;75;15.2;1.3;0.5;1.0;0.4;0.5;1.30;
sainsburys-seafood-selection-350g;Sainsbury's Seafood Selection 350g;£4.50/unit;£12.86/kg;Fish & seafood;frozen-fish-seafood;65;13.1;1.1;0.5;0.8;0.2;0.5;1.33;
sainsburys-seafood-spaghetti--taste-the-difference-400g;Sainsbury's Seafood Spaghetti, Taste the Difference 400g;£3.30/unit;£8.25/kg;Ready meals;italian-ready-meals;116;5.9;17.6;1.4;2.2;0.4;1.0;0.53;
sainsburys-seafood-spaghetti--taste-the-difference-400g;Sainsbury's Seafood Spaghetti, Taste the Difference 400g;£3.30/unit;£8.25/kg;Ready meals;meals-for-1-ready-meals;116;5.9;17.6;1.4;2.2;0.4;1.0;0.53;
sainsburys-seafood-spaghetti--taste-the-difference-400g;Sainsbury's Seafood Spaghetti, Taste the Difference 400g;£3.30/unit;£8.25/kg;Ready meals;taste-the-difference-bistro-ready-meals;116;5.9;17.6;1.4;2.2;0.4;1.0;0.53;
sainsburys-seafood-sticks--basics-250g;Sainsbury's Seafood Sticks, Basics x16 250g;£0.90/unit;£0.36/100g;Cooked meats & snacking;mfp-cooked-fish-seafood;111;7.1;15.3;6.4;2.3;0.8;0.5;1.95;
sainsburys-seafood-sticks--basics-250g;Sainsbury's Seafood Sticks, Basics x16 250g;£0.90/unit;£0.36/100g;Cooked meats & snacking;mfp-snacking-cooked-sausage;111;7.1;15.3;6.4;2.3;0.8;0.5;1.95;
sainsburys-seafood-sticks--basics-250g;Sainsbury's Seafood Sticks, Basics x16 250g;£0.90/unit;£0.36/100g;Cooked meats, pate & sandwich fillers;cooked-fish-seafood;111;7.1;15.3;6.4;2.3;0.8;0.5;1.95;
sainsburys-seafood-sticks--basics-250g;Sainsbury's Seafood Sticks, Basics x16 250g;£0.90/unit;£0.36/100g;Cooked meats, pate & sandwich fillers;snacking-cooked-sausage;111;7.1;15.3;6.4;2.3;0.8;0.5;1.95;
sainsburys-seafood-sticks--basics-250g;Sainsbury's Seafood Sticks, Basics x16 250g;£0.90/unit;£0.36/100g;Fish & seafood;canapes-snacking;111;7.1;15.3;6.4;2.3;0.8;0.5;1.95;
sainsburys-seafood-sticks--basics-250g;Sainsbury's Seafood Sticks, Basics x16 250g;£0.90/unit;£0.36/100g;Fish & seafood;prawns-shellfish;111;7.1;15.3;6.4;2.3;0.8;0.5;1.95;
sainsburys-seafood-sticks-x16-250g;Sainsbury's Seafood Sticks x16 250g;£1.50/unit;£0.60/100g;Cooked meats & snacking;mfp-cooked-fish-seafood;117;9.3;13.5;6.3;2.8;1.0;0.5;1.75;
sainsburys-seafood-sticks-x16-250g;Sainsbury's Seafood Sticks x16 250g;£1.50/unit;£0.60/100g;Cooked meats & snacking;mfp-snacking-cooked-sausage;117;9.3;13.5;6.3;2.8;1.0;0.5;1.75;
sainsburys-seafood-sticks-x16-250g;Sainsbury's Seafood Sticks x16 250g;£1.50/unit;£0.60/100g;Cooked meats, pate & sandwich fillers;cooked-fish-seafood;117;9.3;13.5;6.3;2.8;1.0;0.5;1.75;
sainsburys-seafood-sticks-x16-250g;Sainsbury's Seafood Sticks x16 250g;£1.50/unit;£0.60/100g;Cooked meats, pate & sandwich fillers;snacking-cooked-sausage;117;9.3;13.5;6.3;2.8;1.0;0.5;1.75;
sainsburys-seafood-sticks-x16-250g;Sainsbury's Seafood Sticks x16 250g;£1.50/unit;£0.60/100g;Fish & seafood;canapes-snacking;117;9.3;13.5;6.3;2.8;1.0;0.5;1.75;
sainsburys-seafood-sticks-x16-250g;Sainsbury's Seafood Sticks x16 250g;£1.50/unit;£0.60/100g;Fish & seafood;prawns-shellfish;117;9.3;13.5;6.3;2.8;1.0;0.5;1.75;
sainsburys-seasonal-fish-pie-mix-320g;Sainsbury's Seasonal Fish Pie Mix 320g;£3.50/unit;£10.94/kg;Fish & seafood;filleted-whole-fish;140;21.7;0.5;0.5;5.8;1.0;0.5;0.66;
sainsburys-seasonal-fish-pie-mix-320g;Sainsbury's Seasonal Fish Pie Mix 320g;£3.50/unit;£10.94/kg;Fish & seafood;fuss-free-fish;140;21.7;0.5;0.5;5.8;1.0;0.5;0.66;
sainsburys-seasonal-fruit-platter-400g;Sainsbury's Seasonal Fruit Platter 400g;£2.50/unit;£6.25/kg;Prepared & ready to eat;prepared-fruit;49;0.6;10.3;10.2;0.5;0.1;1.8;0.01;
sainsburys-seasoned-turkey-thigh-750g;Sainsbury's British Turkey Thigh Joint 750g;£2.75/unit;£3.67/kg;Turkey;turkey;175;27.4;0.5;0.5;7.0;2.0;0.5;0.30;
sainsburys-seed---pinenut-sprinkle-25g;Sainsbury's Seed & Pinenut Sprinkle 25g;£0.50/unit;£2.00/100g;Fresh salad;dressings-coleslaw-accompaniments;582;24.3;11.6;2.8;46.3;5.4;11.0;0.50;
sainsburys-seed-mix-100g;Sainsbury's Seed Mix 100g;£0.85/unit;£8.50/kg;Sugar & home baking;nuts---seeds;588;24.7;7.8;1.3;48.8;6.4;9.5;0.03;
sainsburys-seedless-navel-oranges--taste-the-difference-x4;Sainsbury's Seedless Oranges, Taste the Difference x4;£2.00/unit;£0.50/ea;Fresh fruit;citrus-fruit;43;1.1;8.5;8.5;0.5;0.1;1.7;0.01;
sainsburys-seedless-navel-oranges--taste-the-difference-x4;Sainsbury's Seedless Oranges, Taste the Difference x4;£2.00/unit;£0.50/ea;Taste the Difference;taste-the-difference-185761-44;43;1.1;8.5;8.5;0.5;0.1;1.7;0.01;
sainsburys-self-raising-flour--basics-15kg;Sainsbury's Self Raising Flour, Basics 1.5kg;£0.55/unit;£0.37/kg;Sugar & home baking;flour;355;8.9;75.6;1.3;1.2;0.2;3.1;0.75;
sainsburys-self-raising-flour-15kg;Sainsbury's Self Raising Flour 1.5kg;£0.80/unit;£0.53/kg;Sugar & home baking;flour;355;8.9;75.6;1.3;1.2;0.2;3.1;0.75;
sainsburys-self-raising-flour-500g;Sainsbury's Self Raising Flour 500g;£0.60/unit;£1.20/kg;Sugar & home baking;flour;355;8.9;75.6;1.3;1.2;0.2;3.1;0.75;
sainsburys-semi-dried-tomato---mozzarella-200g;Sainsbury's Semi Dried Cherry Tomatoes & Mozzarella 200g;£2.85/unit;£1.43/100g;Coleslaw, olives, salads & dips;olives-tapas-antipasti;215;11.2;2.1;1.8;17.1;4.2;3.7;0.35;
sainsburys-semi-dried-tomato---mozzarella-200g;Sainsbury's Semi Dried Cherry Tomatoes & Mozzarella 200g;£2.85/unit;£1.43/100g;Vegetarian & meat free;deli-meat-alternatives;215;11.2;2.1;1.8;17.1;4.2;3.7;0.35;
sainsburys-semidried-tomatoes-in-olive-oil--taste-the-difference-290g;Sainsbury's Semidried Tomatoes In Olive Oil, Taste the Difference 290g (195g*);£3.50/unit;£1.79/100g;Vinegar, pickles, olives & antipasti;olives-antipasti;250;3.9;20.3;12.5;15.8;2.6;null;1.40;
sainsburys-semolina-500g;Sainsbury's Semolina 500g;£1.00/unit;£2.00/kg;Fruit & desserts;rice-sponge-pudding;359;12.7;72.8;0.1;1.1;0.2;3.9;0;
sainsburys-senga-strawberry-west-country-yogurt--taste-the-difference-150g;Sainsbury's West Country Senga Strawberry Yogurt, Taste the Difference 150g;£0.75/unit;£0.50/100g;Yogurts;luxury-yogurts;129;3.0;13.2;13.2;6.9;4.3;0.8;0.10;
sainsburys-seriously-chocolate-cake--large-%28serves-16%29;Sainsbury's Seriously Chocolate Cake, Large (serves 16);£9.00/unit;£6.67/kg;Celebration cakes;celebration-cakes;454;4.1;51;40;25;10;3.2;0.33;
sainsburys-seriously-chocolatey-cake-%28-serves-10-%29;Sainsbury's Seriously Chocolatey Cake (Serves 10);£6.00/unit;£10.00/kg;Celebration cakes;celebration-cakes;442;4.2;51;38;24;9.5;2.4;0.35;
sainsburys-seriously-white-choc-pearl-cake-900g;Sainsbury's Seriously White Chocolate Pearl Cake 900g;£10.00/unit;£11.11/kg;Celebration cakes;celebration-cakes;447;3.1;58.2;45.5;22.2;10.4;1.1;0.43;
sainsburys-serrano-ham-70g;Sainsbury's Spanish Serrano Ham Slices 70g;£2.10/unit;£3.00/100g;Cooked meats & snacking;mfp-continental-meats;207;34.9;0.5;0.5;7.4;2.8;0.5;3.47;
sainsburys-serrano-ham-70g;Sainsbury's Spanish Serrano Ham Slices 70g;£2.10/unit;£3.00/100g;Cooked meats, pate & sandwich fillers;continental-meats;207;34.9;0.5;0.5;7.4;2.8;0.5;3.47;
sainsburys-sesame-bagels-x4;Sainsbury's Bagels, Sesame x4;£1.00/unit;£0.25/ea;From our in store bakery;rolls-bagels-from-our-bakery;null;null;null;null;null;null;null;null;
sainsburys-sesame-bagels-x4;Sainsbury's Bagels, Sesame x4;£1.00/unit;£0.25/ea;Wraps, bagels & pittas;wraps-bagels-pittas;null;null;null;null;null;null;null;null;
sainsburys-sesame-oil--toasted-250ml;Sainsbury's Sesame Oil, Toasted 250ml;£1.65/unit;£0.66/100ml;Cooking ingredients & oils;oils;827;0.5;0.5;0.5;91.9;13.4;0.5;0.01;
sainsburys-sesame-seed-baguette-400g;Sainsbury's Sesame Seed Baguette 400g;£0.80/unit;£0.80/ea;Baguettes & part baked bread;baguettes-part-baked-bread;null;null;null;null;null;null;null;null;
sainsburys-sesame-seed-baguette-400g;Sainsbury's Sesame Seed Baguette 400g;£0.80/unit;£0.80/ea;From our in store bakery;baguettes-from-our-bakery;null;null;null;null;null;null;null;null;
sainsburys-sesame-seed-baton;Sainsbury's Sesame Seed Baton;£0.45/unit;£0.45/ea;Baguettes & part baked bread;baguettes-part-baked-bread;null;null;null;null;null;null;null;null;
sainsburys-sesame-seed-baton;Sainsbury's Sesame Seed Baton;£0.45/unit;£0.45/ea;From our in store bakery;baguettes-from-our-bakery;null;null;null;null;null;null;null;null;
sainsburys-sesame-seeded-bloomer--taste-the-difference-400g;Sainsbury's Sesame Seeded Bloomer, Taste the Difference 400g;£1.00/unit;£1.00/ea;Bread;bread-from-our-bakery2;null;null;null;null;null;null;null;null;
sainsburys-sesame-seeded-bloomer--taste-the-difference-400g;Sainsbury's Sesame Seeded Bloomer, Taste the Difference 400g;£1.00/unit;£1.00/ea;From our in store bakery;bread-from-our-bakery;null;null;null;null;null;null;null;null;
sainsburys-sesame-seeds-100g;Sainsbury's Sesame Seeds 100g;£0.85/unit;£8.50/kg;Crisps, nuts & snacking fruit;snacking-fruit-seeds;627;21.5;0.9;0.5;58.0;8.3;7.9;0.05;
sainsburys-sesame-seeds-100g;Sainsbury's Sesame Seeds 100g;£0.85/unit;£8.50/kg;Sugar & home baking;nuts---seeds;627;21.5;0.9;0.5;58.0;8.3;7.9;0.05;
sainsburys-sesame-topped-bloomer--taste-the-difference-800g;Sainsbury's Sesame Topped Bloomer, Taste the Difference 800g;£1.40/unit;£0.18/100g;Bread;bread-from-our-bakery2;null;null;null;null;null;null;null;null;
sainsburys-sesame-topped-bloomer--taste-the-difference-800g;Sainsbury's Sesame Topped Bloomer, Taste the Difference 800g;£1.40/unit;£0.18/100g;From our in store bakery;bread-from-our-bakery;null;null;null;null;null;null;null;null;
sainsburys-sesame-topped-burger-buns-x6;Sainsbury's Sesame Topped Burger Buns x6;£0.65/unit;£0.11/ea;From our in store bakery;rolls-bagels-from-our-bakery;null;null;null;null;null;null;null;null;
sainsburys-sesame-topped-burger-buns-x6;Sainsbury's Sesame Topped Burger Buns x6;£0.65/unit;£0.11/ea;Rolls;rolls;null;null;null;null;null;null;null;null;
sainsburys-set-honey--so-organic-340g;Sainsbury's Set Honey, SO Organic 340g;£2.80/unit;£0.82/100g;Jams, honey & spreads;honey;329;0.5;81.5;80.8;0.5;0.2;0.5;0.03;
sainsburys-shallots--so-organic-250g;Sainsbury's Shallots, SO Organic 250g;£1.00/unit;£4.00/kg;Fresh vegetables;baby-vegetables;23;1.5;3.1;3.1;0.5;0.1;1.4;0.03;
sainsburys-shallots--so-organic-250g;Sainsbury's Shallots, SO Organic 250g;£1.00/unit;£4.00/kg;Fresh vegetables;onions-leeks-garlic;23;1.5;3.1;3.1;0.5;0.1;1.4;0.03;
sainsburys-shallots--so-organic-250g;Sainsbury's Shallots, SO Organic 250g;£1.00/unit;£4.00/kg;Organic;organic;23;1.5;3.1;3.1;0.5;0.1;1.4;0.03;
sainsburys-shallots-400g;Sainsbury's Shallots 400g;£1.50/unit;£3.75/kg;Fresh vegetables;baby-vegetables;20;1.5;3.3;3.3;0.2;null;1.4;0;
sainsburys-shallots-400g;Sainsbury's Shallots 400g;£1.50/unit;£3.75/kg;Fresh vegetables;onions-leeks-garlic;20;1.5;3.3;3.3;0.2;null;1.4;0;
sainsburys-shallots-in-hot---spicy-vinegar-440g;Sainsbury's Shallots In Hot & Spicy Vinegar 440g (235g*);£1.50/unit;£0.65/100g;Vinegar, pickles, olives & antipasti;pickled-food;75;2.2;14.8;12.0;0.5;0.1;2.3;0.74;
sainsburys-shanghai-beef-450g;Sainsbury's Shanghai Beef 450g;£3.00/unit;£6.67/kg;Ready meals;meals-for-1-ready-meals;119;5.5;17.9;2.8;2.2;0.3;2.7;0.54;
sainsburys-shanghai-beef-450g;Sainsbury's Shanghai Beef 450g;£3.00/unit;£6.67/kg;Ready meals;oriental-ready-meals;119;5.5;17.9;2.8;2.2;0.3;2.7;0.54;
sainsburys-share-bbq-mini-pork-rolls-x22-220g;Sainsbury's Share BBQ Mini Sausage Rolls x22 220g;£1.85/unit;£0.84/100g;Pies, pasties & quiche;sausage-rolls-savouries;347;8.8;29.3;3.2;21.2;8.5;2.0;0.90;
sainsburys-share-bbq-mini-pork-rolls-x22-220g;Sainsbury's Share BBQ Mini Sausage Rolls x22 220g;£1.85/unit;£0.84/100g;Pies, pasties & quiche;slices-pasties;347;8.8;29.3;3.2;21.2;8.5;2.0;0.90;
sainsburys-share-cheese---shallot-rolls--taste-the-difference-x12-180g;Sainsbury's Share Cheese & Shallot Rolls, Taste the Difference x12 180g;£2.50/unit;£1.39/100g;Pies, pasties & quiche;sausage-rolls-savouries;333;8.7;27.0;2.5;20.4;10.7;3.1;0.94;
sainsburys-share-cheese---shallot-rolls--taste-the-difference-x12-180g;Sainsbury's Share Cheese & Shallot Rolls, Taste the Difference x12 180g;£2.50/unit;£1.39/100g;Pies, pasties & quiche;slices-pasties;333;8.7;27.0;2.5;20.4;10.7;3.1;0.94;
sainsburys-share-cheese---shallot-rolls--taste-the-difference-x12-180g;Sainsbury's Share Cheese & Shallot Rolls, Taste the Difference x12 180g;£2.50/unit;£1.39/100g;Vegetarian & meat free;deli-meat-alternatives;333;8.7;27.0;2.5;20.4;10.7;3.1;0.94;
sainsburys-share-hog-roast-rolls--taste-the-difference-x12-180g;Sainsbury's Share Hog Roast Rolls, Taste the Difference x12 180g;£2.50/unit;£1.39/100g;Pies, pasties & quiche;sausage-rolls-savouries;305;11.5;23.4;3.1;17.9;7.4;2.2;1.06;
sainsburys-share-hog-roast-rolls--taste-the-difference-x12-180g;Sainsbury's Share Hog Roast Rolls, Taste the Difference x12 180g;£2.50/unit;£1.39/100g;Pies, pasties & quiche;slices-pasties;305;11.5;23.4;3.1;17.9;7.4;2.2;1.06;
sainsburys-share-lincolnshre-cocktail-sausages--taste-the-difference-260g;Sainsbury's Share Lincolnshre Cocktail Sausages, Taste the Difference 260g;£2.50/unit;£0.96/100g;Cooked meats & snacking;mfp-snacking-cooked-sausage;354;14.3;3.4;0.5;31.1;10.8;1.8;1.50;
sainsburys-share-lincolnshre-cocktail-sausages--taste-the-difference-260g;Sainsbury's Share Lincolnshre Cocktail Sausages, Taste the Difference 260g;£2.50/unit;£0.96/100g;Cooked meats, pate & sandwich fillers;snacking-cooked-sausage;354;14.3;3.4;0.5;31.1;10.8;1.8;1.50;
sainsburys-share-lincolnshre-cocktail-sausages--taste-the-difference-260g;Sainsbury's Share Lincolnshre Cocktail Sausages, Taste the Difference 260g;£2.50/unit;£0.96/100g;Pies, pasties & quiche;sausage-rolls-savouries;354;14.3;3.4;0.5;31.1;10.8;1.8;1.50;
sainsburys-shaved-parmesan-80g;Sainsbury's Shaved Parmesan 80g;£1.90/unit;£23.75/kg;Cheese;sliced-grated-cheese;388;33.0;0.0;0.0;28.4;19.1;0.0;1.63;
sainsburys-shell-on-king-prawns--taste-the-difference-160g;Sainsbury's Shell On King Prawns, Taste the Difference 160g;£3.75/unit;£2.34/100g;Cooked meats & snacking;mfp-cooked-fish-seafood;67;14.3;0.8;0.1;0.7;0.3;null;null;
sainsburys-shell-on-king-prawns--taste-the-difference-160g;Sainsbury's Shell On King Prawns, Taste the Difference 160g;£3.75/unit;£2.34/100g;Cooked meats & snacking;mfp-cooked-meats-snacking-taste-the-difference;67;14.3;0.8;0.1;0.7;0.3;null;null;
sainsburys-shell-on-king-prawns--taste-the-difference-160g;Sainsbury's Shell On King Prawns, Taste the Difference 160g;£3.75/unit;£2.34/100g;Cooked meats, pate & sandwich fillers;cooked-fish-seafood;67;14.3;0.8;0.1;0.7;0.3;null;null;
sainsburys-shell-on-king-prawns--taste-the-difference-160g;Sainsbury's Shell On King Prawns, Taste the Difference 160g;£3.75/unit;£2.34/100g;Cooked meats, pate & sandwich fillers;cooked-meats-taste-the-difference;67;14.3;0.8;0.1;0.7;0.3;null;null;
sainsburys-shell-on-king-prawns--taste-the-difference-160g;Sainsbury's Shell On King Prawns, Taste the Difference 160g;£3.75/unit;£2.34/100g;Fish & seafood;canapes-snacking;67;14.3;0.8;0.1;0.7;0.3;null;null;
sainsburys-shell-on-king-prawns--taste-the-difference-160g;Sainsbury's Shell On King Prawns, Taste the Difference 160g;£3.75/unit;£2.34/100g;Fish & seafood;prawns-shellfish;67;14.3;0.8;0.1;0.7;0.3;null;null;
sainsburys-shell-on-king-prawns--taste-the-difference-160g;Sainsbury's Shell On King Prawns, Taste the Difference 160g;£3.75/unit;£2.34/100g;Organic & Taste the Difference;organic-taste-the-difference;67;14.3;0.8;0.1;0.7;0.3;null;null;
sainsburys-shelled-peas-160g;Sainsbury's Shelled Peas 160g;£1.50/unit;£9.38/kg;Fresh vegetables;peas-beans-sweetcorn-asparagus;87;6.6;10.0;2.4;0.8;0.3;6.8;0.13;
sainsburys-shelled-peas-160g;Sainsbury's Shelled Peas 160g;£1.50/unit;£9.38/kg;Prepared & ready to eat;prepared-vegetables;87;6.6;10.0;2.4;0.8;0.3;6.8;0.13;
sainsburys-shepherds-pie--basics-300g;Sainsbury's Shepherds Pie, Basics 300g;£0.80/unit;£2.67/kg;Ready meals;british-ready-meals;75;3.9;8.2;1.2;2.6;1.5;1.7;0.55;
sainsburys-shepherds-pie--basics-300g;Sainsbury's Shepherds Pie, Basics 300g;£0.80/unit;£2.67/kg;Ready meals;meals-for-1-ready-meals;75;3.9;8.2;1.2;2.6;1.5;1.7;0.55;
sainsburys-shepherds-pie--be-good-to-yourself-450g;Sainsbury's Shepherds Pie, Be Good To Yourself 450g;£2.40/unit;£5.33/kg;Ready meals;british-ready-meals;82;4.8;11.0;1.5;1.8;0.9;1.7;0.35;
sainsburys-shepherds-pie--be-good-to-yourself-450g;Sainsbury's Shepherds Pie, Be Good To Yourself 450g;£2.40/unit;£5.33/kg;Ready meals;healthier-choice-ready-meals;82;4.8;11.0;1.5;1.8;0.9;1.7;0.35;
sainsburys-shepherds-pie--be-good-to-yourself-450g;Sainsbury's Shepherds Pie, Be Good To Yourself 450g;£2.40/unit;£5.33/kg;Ready meals;meals-for-1-ready-meals;82;4.8;11.0;1.5;1.8;0.9;1.7;0.35;
sainsburys-shepherds-pie-400g-7645791-p-44;Sainsbury's Shepherd's Pie 400g;£1.50/unit;£3.75/kg;Ready meals & pies;frozen-ready-meals;98;5.6;9.7;1.1;3.8;2.1;1.3;0.53;
sainsburys-shepherds-pie-mix-50g;Sainsbury's Shepherd's Pie Mix 50g;£0.40/unit;£0.80/100g;Cooking sauces & world foods;packet-sauces;92;6.7;8.8;2.9;2.8;1.2;2.2;0.25;
sainsburys-sherry-trifles--taste-the-difference-2x147g;Sainsbury's Sherry Trifles, Taste the Difference 2x147g;£3.00/unit;£1.02/100g;Desserts & cream;desserts;274;2.3;17.8;14.0;20.5;11.3;1.9;0.09;
sainsburys-shiitake-mushrooms--taste-the-difference-120g;Sainsbury's Shiitake Mushrooms, Taste the Difference 120g;£1.25/unit;£10.42/kg;Fresh herbs & ingredients;asian-ingredients;50;5.5;3.4;3.4;0.5;0.1;4.9;0.03;
sainsburys-shiitake-mushrooms--taste-the-difference-120g;Sainsbury's Shiitake Mushrooms, Taste the Difference 120g;£1.25/unit;£10.42/kg;Fresh vegetables;fresh-vegetables-stir-fry;50;5.5;3.4;3.4;0.5;0.1;4.9;0.03;
sainsburys-shiitake-mushrooms--taste-the-difference-120g;Sainsbury's Shiitake Mushrooms, Taste the Difference 120g;£1.25/unit;£10.42/kg;Fresh vegetables;fresh-vegetables-world-exotic;50;5.5;3.4;3.4;0.5;0.1;4.9;0.03;
sainsburys-shiitake-mushrooms--taste-the-difference-120g;Sainsbury's Shiitake Mushrooms, Taste the Difference 120g;£1.25/unit;£10.42/kg;Fresh vegetables;mushrooms;50;5.5;3.4;3.4;0.5;0.1;4.9;0.03;
sainsburys-shiitake-mushrooms--taste-the-difference-120g;Sainsbury's Shiitake Mushrooms, Taste the Difference 120g;£1.25/unit;£10.42/kg;Organic;organic;50;5.5;3.4;3.4;0.5;0.1;4.9;0.03;
sainsburys-shiitake-portobello-oyster-30g;Sainsbury's Shiitake Portobello Oyster 30g;£2.99/unit;£9.97/100g;Cooking sauces & world foods;japanese;288;24.9;21.5;0.5;4.2;1.2;32.5;0.13;
sainsburys-shortbread-assortment--taste-the-difference-375g;Sainsbury's Shortbread Assortment, Taste the Difference 375g;£2.50/unit;£0.67/100g;Biscuits & crackers;biscuits-crackers-sharing-bags-assortments;536;4.9;57.6;27.4;31.1;21.7;2.8;0.65;
sainsburys-shortbread-assortment--taste-the-difference-375g;Sainsbury's Shortbread Assortment, Taste the Difference 375g;£2.50/unit;£0.67/100g;Biscuits & crackers;luxury-continental-biscuits;536;4.9;57.6;27.4;31.1;21.7;2.8;0.65;
sainsburys-shortbread-fingers--basics-160g;Sainsbury's Shortbread Fingers, Basics 160g;£0.45/unit;£0.28/100g;Biscuits & crackers;everyday-biscuits-shortbread;517;5.4;60.6;14.1;27.6;12.8;2.3;0.80;
sainsburys-shortcake--basics-400g;Sainsbury's Shortcake, Basics 400g;£0.50/unit;£0.13/100g;Biscuits & crackers;everyday-biscuits-shortbread;485;6.6;64;19;22;11;2.2;0.54;
sainsburys-shortcake-200g;Sainsbury's Shortcake 200g;£0.55/unit;£0.28/100g;Biscuits & crackers;everyday-biscuits-shortbread;496;6.2;63.2;18.5;23.7;10.1;2.6;0.77;
sainsburys-shortcake-400g;Sainsbury's Shortcake 400g;£1.00/unit;£0.25/100g;Biscuits & crackers;everyday-biscuits-shortbread;496;6.2;63.2;18.5;23.7;10.1;2.6;0.77;
sainsburys-shortcrust-pastry-450g;Sainsbury's Shortcrust Pastry 450g;£0.75/unit;£1.67/kg;Sugar & home baking;cake-sweet-mixes;0;0.0;0.0;0.0;0.0;0.0;0.0;0.00;
sainsburys-shortcrust-pastry-450g;Sainsbury's Shortcrust Pastry 450g;£0.75/unit;£1.67/kg;Sugar & home baking;pastry-savoury-mixes;0;0.0;0.0;0.0;0.0;0.0;0.0;0.00;
sainsburys-shortcrust-pastry-500g;Sainsbury's Shortcrust Pastry 500g;£1.00/unit;£0.20/100g;Ice cream & desserts;frozen-pastry-baking;464;4.6;35.8;1.4;33.2;15.2;1.7;0.50;
sainsburys-shortcrust-pastry-500g;Sainsbury's Shortcrust Pastry 500g;£1.00/unit;£0.20/100g;Ready meals & pies;frozen-baking-pastry;464;4.6;35.8;1.4;33.2;15.2;1.7;0.50;
sainsburys-shortcrust-pastry-block-500g;Sainsbury's Shortcrust Pastry Block 500g;£1.10/unit;£0.22/100g;Butter, spreads & baking;pastry-and-dough;497;5.1;41.1;0.5;34.3;14.4;1.9;0.45;
sainsburys-shorties-biscuits--rich-highland-400g;Sainsbury's Shorties Biscuits, Rich Highland 400g;£1.00/unit;£0.25/100g;Biscuits & crackers;everyday-biscuits-shortbread;487;6.1;65.3;22.8;21.8;10.4;2.6;0.88;
sainsburys-shredded-peking-duck-240g;Sainsbury's Shredded Peking Duck 240g;£3.00/unit;£12.50/kg;Ready meals;oriental-ready-meals;228;13.9;25.9;12.5;7.4;1.6;1.2;1.18;
sainsburys-shropshire-blue-200g;Sainsbury's Shropshire Blue 200g;£2.15/unit;£10.75/kg;Cheese;cheddar-british-regional-cheese;410;23.7;0.5;0.5;35.0;23.0;0.5;2.07;
sainsburys-sicilian-extra-virgin-olive-oil--taste-the-difference-500ml;Sainsbury's Sicilian Extra Virgin Olive Oil, Taste the Difference 500ml;£5.75/unit;£1.15/100ml;Cooking ingredients & oils;oils;837;0.5;0.5;0.5;93.0;13.0;null;0.01;
sainsburys-sicilian-extra-virgin-olive-oil--taste-the-difference-500ml;Sainsbury's Sicilian Extra Virgin Olive Oil, Taste the Difference 500ml;£5.75/unit;£1.15/100ml;Table sauces, dressings & condiments;salad-dressings;837;0.5;0.5;0.5;93.0;13.0;null;0.01;
sainsburys-sicilian-lemon-extract--taste-the-difference-38ml;Sainsbury's Sicilian Lemon Extract, Taste the Difference 38ml;£1.50/unit;£0.39/10ml;Sugar & home baking;baking-ingredients---colourings;null;null;null;null;null;null;null;null;
sainsburys-sicilian-oranges--taste-the-difference-x3;Sainsbury's Sicilian Oranges, Taste the Difference x3;£1.50/unit;£0.50/ea;Fresh fruit;citrus-fruit;43;1.1;8.5;8.5;0.5;0.1;1.7;0.01;
sainsburys-sicilian-oranges--taste-the-difference-x3;Sainsbury's Sicilian Oranges, Taste the Difference x3;£1.50/unit;£0.50/ea;Taste the Difference;taste-the-difference-185761-44;43;1.1;8.5;8.5;0.5;0.1;1.7;0.01;
sainsburys-sicilian-style-sausages--taste-the-difference-%28gluten-free%29-x6-400g;Sainsbury's Gluten Free Sicilian Style Pork Sausages, Taste the Difference x6 400g;£2.50/unit;£6.25/kg;Burgers & BBQ;burgers-bbq;290;18.8;1.1;0.5;23.1;8.3;1.0;1.33;
sainsburys-sicilian-style-sausages--taste-the-difference-%28gluten-free%29-x6-400g;Sainsbury's Gluten Free Sicilian Style Pork Sausages, Taste the Difference x6 400g;£2.50/unit;£6.25/kg;Organic & Taste the Difference;organic-taste-the-difference;290;18.8;1.1;0.5;23.1;8.3;1.0;1.33;
sainsburys-sicilian-style-sausages--taste-the-difference-%28gluten-free%29-x6-400g;Sainsbury's Gluten Free Sicilian Style Pork Sausages, Taste the Difference x6 400g;£2.50/unit;£6.25/kg;Sausages;sausages;290;18.8;1.1;0.5;23.1;8.3;1.0;1.33;
sainsburys-siciliana-pasta-sauce--taste-the-difference-340g;Sainsbury's Pasta Sauce, Sicilian Taste the Difference 340g;£1.40/unit;£0.41/100g;Cooking sauces & world foods;italian-cooking-sauces;85;1.6;6.9;6.2;5.3;0.9;1.6;0.95;
sainsburys-signature-beef-stock-500g;Sainsbury's Signature Beef Stock 500g;£1.40/unit;£0.28/100ml;Cooking ingredients & oils;stock;11;1.7;0.5;0.4;0.2;0.1;0;0.63;
sainsburys-signature-chicken-gravy--taste-the-difference-450g;Sainsbury's Chicken Gravy, Taste the Difference 450g;£3.00/unit;£0.67/100g;Just Cook, prepared & sauces;stock---gravy;59;6.9;4.2;0.6;1.5;0.4;0.5;1.00;
sainsburys-signature-chicken-stock-500g;Sainsbury's Signature Chicken Stock 500g;£1.40/unit;£0.28/100ml;Cooking ingredients & oils;stock;9;1.9;0.2;0.1;0.1;0;0;0.78;
sainsburys-signature-vegetable-stock-500g;Sainsbury's Signature Vegetable Stock 500g;£1.40/unit;£0.28/100ml;Cooking ingredients & oils;stock;4;0.4;0.3;0.2;0.1;0;0;0.60;
sainsburys-silver-balls-78g;Sainsbury's Cake Decorations, Silver Balls;£1.00/unit;£1.28/100g;Sugar & home baking;decorations;394;1.6;96.1;92.3;0.5;0.1;0.6;0.05;
sainsburys-silver-cake-ribbon-75g;Sainsbury's Silver Cake Ribbon 7.5g;£2.00/unit;£2.00/ea;Sugar & home baking;cake-cases---baking-accessories;null;null;null;null;null;null;null;null;
sainsburys-silver-foil-cupcake-cases-x45;Sainsbury's Silver Foil Cupcake Cases x45;£1.50/unit;£0.03/unit;Sugar & home baking;cake-cases---baking-accessories;null;null;null;null;null;null;null;null;
sainsburys-silverskin-onion-in-vinegar-1kg;Sainsbury's Silverskin Onion in Vinegar 1kg (580g*);£1.00/unit;£0.18/100g;Vinegar, pickles, olives & antipasti;pickled-food;32;0.9;5.9;3.8;0.5;0.1;1.4;0.60;
sainsburys-silverskin-onions-vinegar-710g;Sainsbury's Silverskin Onions Vinegar 710g (412g*);£1.45/unit;£0.40/100g;Vinegar, pickles, olives & antipasti;pickled-food;32;0.9;5.9;3.8;0.5;0.1;1.4;0.60;
sainsburys-silverskin-pickled-onions-440g;Sainsbury's Silverskin Pickled Onions 440g (255g*);£0.50/unit;£0.22/100g;Vinegar, pickles, olives & antipasti;pickled-food;32;0.9;5.9;3.8;0.5;0.1;1.4;0.59;
sainsburys-simply-butterflies-cake-%28-serves-16-%29;Sainsbury's Simply Butterflies Cake 1.1kg (Serves 16);£9.00/unit;£8.18/kg;Celebration cakes;celebration-cakes;388;2.6;72;50;9.8;3.0;1.4;0.39;
sainsburys-simply-italian-ham-with-herbs-100g;Sainsbury's Italian Prosciutto Cotto Slices x4 100g;£2.00/unit;£2.00/100g;Cooked meats & snacking;ham-82654-44;114;22.5;0.6;0.6;2.4;0.9;0.5;1.80;
sainsburys-simply-italian-ham-with-herbs-100g;Sainsbury's Italian Prosciutto Cotto Slices x4 100g;£2.00/unit;£2.00/100g;Cooked meats & snacking;mfp-continental-meats;114;22.5;0.6;0.6;2.4;0.9;0.5;1.80;
sainsburys-simply-italian-ham-with-herbs-100g;Sainsbury's Italian Prosciutto Cotto Slices x4 100g;£2.00/unit;£2.00/100g;Cooked meats, pate & sandwich fillers;continental-meats;114;22.5;0.6;0.6;2.4;0.9;0.5;1.80;
sainsburys-simply-italian-ham-with-herbs-100g;Sainsbury's Italian Prosciutto Cotto Slices x4 100g;£2.00/unit;£2.00/100g;Cooked meats, pate & sandwich fillers;ham;114;22.5;0.6;0.6;2.4;0.9;0.5;1.80;
sainsburys-simply-italian-pepperoni-100g;Sainsbury's Italian Pepperoni 100g;£2.00/unit;£2.00/100g;Cooked meats & snacking;mfp-continental-meats;368;26.4;1.0;0.5;28.7;10.4;0.1;4.63;
sainsburys-simply-italian-pepperoni-100g;Sainsbury's Italian Pepperoni 100g;£2.00/unit;£2.00/100g;Cooked meats, pate & sandwich fillers;continental-meats;368;26.4;1.0;0.5;28.7;10.4;0.1;4.63;
sainsburys-singapore-noodles-450g;Sainsbury's Singapore Noodles 450g;£3.00/unit;£6.67/kg;Ready meals;meals-for-1-ready-meals;159;5.7;14.6;1.5;7.8;0.7;3.5;0.63;
sainsburys-singapore-noodles-450g;Sainsbury's Singapore Noodles 450g;£3.00/unit;£6.67/kg;Ready meals;oriental-ready-meals;159;5.7;14.6;1.5;7.8;0.7;3.5;0.63;
sainsburys-singapore-style-noodles-300g;Sainsbury's Singapore Style Noodles 300g;£1.50/unit;£0.50/100g;Fresh herbs & ingredients;asian-ingredients;214;3.2;33.2;2.6;7.2;0.7;1.3;0.48;
sainsburys-singapore-style-noodles-300g;Sainsbury's Singapore Style Noodles 300g;£1.50/unit;£0.50/100g;Fresh vegetables;fresh-vegetables-stir-fry;214;3.2;33.2;2.6;7.2;0.7;1.3;0.48;
sainsburys-singapore-style-noodles-300g;Sainsbury's Singapore Style Noodles 300g;£1.50/unit;£0.50/100g;Prepared & ready to eat;prepared-stir-fry;214;3.2;33.2;2.6;7.2;0.7;1.3;0.48;
sainsburys-single-cream-150ml;Sainsbury's British Single Cream 150ml;£0.55/unit;£0.37/100ml;Desserts & cream;fresh-cream-custard;183;3.3;2.1;2.1;18.0;11.2;0.5;0.07;
sainsburys-single-cream-300ml;Sainsbury's British Single Cream 300ml;£0.70/unit;£0.23/100ml;Desserts & cream;fresh-cream-custard;183;3.3;2.1;2.1;18.0;11.2;0.5;0.07;
sainsburys-single-cream-600ml;Sainsbury's Single Cream 600ml;£1.35/unit;£0.23/100ml;Desserts & cream;fresh-cream-custard;183;3.3;2.1;2.1;18.0;11.2;0.5;0.07;
sainsburys-sirloin-steak-225g;Sainsbury's Sirloin Steak 225g;£4.00/unit;£17.78/kg;Beef;beef;213;27.6;0.5;0.5;11.4;4.9;0.5;0.20;
sainsburys-sirloin-steak-small--taste-the-difference-%28approx-200g%29;Sainsbury's British Sirloin Steak, Taste the Difference (approx. 425g);£22.50/kg;£22.50/kg;Beef;beef;275;26.0;0.5;0.5;19.0;9.6;0.5;0.25;
sainsburys-sirloin-steak-small--taste-the-difference-%28approx-200g%29;Sainsbury's British Sirloin Steak, Taste the Difference (approx. 425g);£22.50/kg;£22.50/kg;Organic & Taste the Difference;organic-taste-the-difference;275;26.0;0.5;0.5;19.0;9.6;0.5;0.25;
sainsburys-sizziling-vegetable-pizza-12-quot%3B;Sainsbury's Sizzling Vegetable Pizza 12'' 560g;£3.50/unit;£6.25/kg;Pizza, pasta & garlic bread;pizza;245;9.5;29.7;4.7;9.3;3.0;2.6;1.00;
sainsburys-skinless-cooked-chicken-fillet-120g;Sainsbury's Cooked Chicken Skinless Fillet 200g;£4.40/unit;£2.20/100g;Cooked meats & snacking;mfp-cooked-chicken-turkey;129;28.2;0.5;0.5;1.7;0.6;0.5;0.27;
sainsburys-skinless-cooked-chicken-fillet-120g;Sainsbury's Cooked Chicken Skinless Fillet 200g;£4.40/unit;£2.20/100g;Cooked meats & snacking;mfp-snacking-cooked-sausage;129;28.2;0.5;0.5;1.7;0.6;0.5;0.27;
sainsburys-skinless-cooked-chicken-fillet-120g;Sainsbury's Cooked Chicken Skinless Fillet 200g;£4.40/unit;£2.20/100g;Cooked meats, pate & sandwich fillers;cooked-chicken-turkey;129;28.2;0.5;0.5;1.7;0.6;0.5;0.27;
sainsburys-skinless-cooked-chicken-fillet-120g;Sainsbury's Cooked Chicken Skinless Fillet 200g;£4.40/unit;£2.20/100g;Cooked meats, pate & sandwich fillers;snacking-cooked-sausage;129;28.2;0.5;0.5;1.7;0.6;0.5;0.27;
sainsburys-skipjack-tuna--in-olive-oil-200g;Sainsbury's Tuna Steak in Olive Oil 200g (150g*);£1.30/unit;£0.87/100g;Canned, tinned & packaged foods;canned-tinned-packaged-fish;189;27.0;0;0;9.0;1.5;0;1.00;
sainsburys-skipjack-tuna--in-spring-water-400g;Sainsbury's Tuna in Spring Water 400g (280g*);£2.50/unit;£0.89/100g;Canned, tinned & packaged foods;canned-tinned-packaged-fish;113;27.0;0.5;0.5;0.5;0.1;0.5;0.75;
sainsburys-skipjack-tuna--in-water-200g;Sainsbury's Tuna Steak in Spring Water 200g (150g*);£1.30/unit;£0.87/100g;Canned, tinned & packaged foods;canned-tinned-packaged-fish;113;27.0;0;0;0.5;0.1;0;0.75;
sainsburys-skipjack-tuna-chunks-in-brine-4x185g;Sainsbury's Tuna in Brine 4x185g (4x138g*);£4.60/unit;£0.83/100g;Canned, tinned & packaged foods;canned-tinned-packaged-fish;113;27;0.5;0.5;0.5;0.1;0.5;1.0;
sainsburys-skipjack-tuna-chunks-in-oil-4x185g;Sainsbury's Tuna in Sunflower Oil 4x185g (4x138g*);£4.60/unit;£0.83/100g;Canned, tinned & packaged foods;canned-tinned-packaged-fish;189;27.0;0.5;0.5;9.0;1.5;0.5;1.00;
sainsburys-sliced-beetroot-in-vinegar-340g;Sainsbury's Sliced Beetroot in Vinegar 340g (200g*);£0.75/unit;£0.38/100g;Vinegar, pickles, olives & antipasti;beetroot;38;1.1;6.1;5.7;0.5;0.1;1.2;0.75;
sainsburys-sliced-beetroot-in-vinegar-340g;Sainsbury's Sliced Beetroot in Vinegar 340g (200g*);£0.75/unit;£0.38/100g;Vinegar, pickles, olives & antipasti;pickled-food;38;1.1;6.1;5.7;0.5;0.1;1.2;0.75;
sainsburys-sliced-button-mushrooms-290g;Sainsbury's Sliced Button Mushrooms 290g (156g*);£0.90/unit;£5.77/kg;Canned, tinned & packaged foods;canned-tinned-packaged-vegetables;19;2.2;0.5;0.5;0.5;0.2;3.2;0.02;
sainsburys-sliced-carrots-in-water--basics-300g;Sainsbury's Sliced Carrots in Water, Basics 300g (160g*);£0.20/unit;£1.25/kg;Canned, tinned & packaged foods;canned-tinned-packaged-vegetables;24;0.5;3.9;3.3;0.5;0.1;2.5;0.03;
sainsburys-sliced-carrots-in-water-300g;Sainsbury's Sliced Carrots in Water 300g (180g*);£0.30/unit;£1.67/kg;Canned, tinned & packaged foods;canned-tinned-packaged-vegetables;20;0.5;3.2;2.8;0.5;0.1;2.3;0.07;
sainsburys-sliced-gherkins-in-sweet-vinegar-340g;Sainsbury's Sliced Gherkins In Sweet Vinegar 340g (180g*);£0.90/unit;£0.50/100g;Vinegar, pickles, olives & antipasti;pickled-food;40;0.5;9.2;9.1;0.5;0.1;0.5;1.48;
sainsburys-sliced-mixed-peppers-750g;Sainsbury's Sliced Mixed Peppers 750g;£1.50/unit;£2.00/kg;Fruit, vegetables & rice;frozen-vegetables;32;1.1;5.0;4.7;0.5;0.1;1.8;0.01;
sainsburys-sliced-mushrooms-750g;Sainsbury's Sliced Mushrooms 750g;£1.50/unit;£2.00/kg;Fruit, vegetables & rice;frozen-vegetables;14;1.8;0.5;0.5;0.5;0.1;1.1;0.01;
sainsburys-sliced-mushrooms-in-water--basics-290g;Sainsbury's Sliced Mushrooms In Water, Basics 290g (156g*);£0.60/unit;£3.85/kg;Canned, tinned & packaged foods;canned-tinned-packaged-vegetables;18;2.1;0.5;0.5;0.5;0.1;2.8;0.01;
sainsburys-slightly-salted-british-butter--so-organic-250g;Sainsbury's British Butter Slightly Salted, SO Organic 250g;£1.60/unit;£6.40/kg;Butter, spreads & baking;block-butter;742;0.7;0.7;0.6;82;51;0.5;1.1;
sainsburys-slightly-salted-british-butter--so-organic-250g;Sainsbury's British Butter Slightly Salted, SO Organic 250g;£1.60/unit;£6.40/kg;Butter, spreads & baking;dietary--free-from-and-organic;742;0.7;0.7;0.6;82;51;0.5;1.1;
sainsburys-slightly-salted-british-butter--so-organic-250g;Sainsbury's British Butter Slightly Salted, SO Organic 250g;£1.60/unit;£6.40/kg;Sugar & home baking;fats-spreads;742;0.7;0.7;0.6;82;51;0.5;1.1;
sainsburys-slightly-salted-corn-thins-120g;Sainsbury's Corn Thins 120g;£1.00/unit;£0.83/100g;Biscuits & crackers;crackers-savoury-biscuits;368;7.0;80.0;1.0;1.8;0.4;1.8;1.23;
sainsburys-slow-cooked-pork-ribs-with-bbq-sauce-700g;Sainsbury's Just Cook Barbecue Pork Ribs 700g;£6.00/unit;£8.57/kg;Great prices on meat & fish;great-prices-on-meat---fish;265;23.3;5.6;4.6;16.4;6.1;0.7;0.62;
sainsburys-slow-cooked-pork-ribs-with-bbq-sauce-700g;Sainsbury's Just Cook Barbecue Pork Ribs 700g;£6.00/unit;£8.57/kg;Just Cook, prepared & sauces;just-cook;265;23.3;5.6;4.6;16.4;6.1;0.7;0.62;
sainsburys-slow-cooked-pork-ribs-with-bbq-sauce-700g;Sainsbury's Just Cook Barbecue Pork Ribs 700g;£6.00/unit;£8.57/kg;Just Cook, prepared & sauces;slow-cook;265;23.3;5.6;4.6;16.4;6.1;0.7;0.62;
sainsburys-slow-cooked-pork-ribs-with-bbq-sauce-700g;Sainsbury's Just Cook Barbecue Pork Ribs 700g;£6.00/unit;£8.57/kg;Pork;pork;265;23.3;5.6;4.6;16.4;6.1;0.7;0.62;
sainsburys-small-party-cake-610g-%28serves-8%29;Sainsbury's Small Party Cake 610g (Serves 8);£7.00/unit;£11.48/kg;Celebration cakes;celebration-cakes;407;2.2;70;57;13;3.2;0.8;0.25;
sainsburys-small-tie-handle-food-bags-x60;Sainsbury's Food Bags, Small Tie Handle x60;£1.50/unit;£0.03/ea;Bread;sandwich-bags-food-storage;null;null;null;null;null;null;null;null;
sainsburys-small-zip---seal-food-bags-x40;Sainsbury's Food Bags, Small Zip & Seal x40;£3.00/unit;£0.08/bag;Bread;sandwich-bags-food-storage;null;null;null;null;null;null;null;null;
sainsburys-smarties-cookies-x5;Sainsbury's Smarties Cookies x5;£1.20/unit;£0.24/ea;Biscuits & crackers;cookies;null;null;null;null;null;null;null;null;
sainsburys-smarties-cookies-x5;Sainsbury's Smarties Cookies x5;£1.20/unit;£0.24/ea;Cakes;doughnuts-cookies;null;null;null;null;null;null;null;null;
sainsburys-smarties-cookies-x5;Sainsbury's Smarties Cookies x5;£1.20/unit;£0.24/ea;From our in store bakery;instore-bakery-doughnuts-cookies;null;null;null;null;null;null;null;null;
sainsburys-smoked-applewood-sweetcure-bacon--taste-the-difference-220g;Sainsbury's Smoked Applewood Sweetcure Bacon, Taste the Difference 220g;£3.00/unit;£13.64/kg;Bacon & gammon;bacon;246;29.8;3.5;3.5;12.4;4.6;0.5;3.31;
sainsburys-smoked-applewood-sweetcure-bacon--taste-the-difference-220g;Sainsbury's Smoked Applewood Sweetcure Bacon, Taste the Difference 220g;£3.00/unit;£13.64/kg;Organic & Taste the Difference;organic-taste-the-difference;246;29.8;3.5;3.5;12.4;4.6;0.5;3.31;
sainsburys-smoked-back-bacon--basics-250g;Sainsbury's Smoked Back Bacon, Basics 250g;£1.50/unit;£6.00/kg;Bacon & gammon;bacon;308;27.9;0.5;0.5;21.8;9.0;0.5;4.63;
sainsburys-smoked-back-bacon-x12-450g;Sainsbury's Smoked Back Bacon x12 450g;£3.30/unit;£7.33/kg;Bacon & gammon;bacon;262;30.9;0.5;0.5;15.4;5.8;0.5;4.33;
sainsburys-smoked-back-bacon-x12-450g;Sainsbury's Smoked Back Bacon x12 450g;£3.30/unit;£7.33/kg;Great prices on meat & fish;great-prices-on-meat---fish;262;30.9;0.5;0.5;15.4;5.8;0.5;4.33;
sainsburys-smoked-bacon-joint-700g;Sainsbury's Smoked Bacon Joint 700g;£3.00/unit;£4.29/kg;Bacon & gammon;gammon;220;18.6;0.8;0.8;15.8;6.3;0.5;4.00;
sainsburys-smoked-bacon-lardons-250g;Sainsbury's Smoked Bacon Lardons 250g;£2.40/unit;£9.60/kg;Bacon & gammon;bacon;241;28.5;0.5;0.5;14.1;5.3;0.5;4.05;
sainsburys-smoked-bacon-medallions--be-good-to-yourself-200g;Sainsbury's Smoked Bacon Medallions, Be Good To Yourself 200g;£2.15/unit;£10.75/kg;Bacon & gammon;bacon;186;37.4;1.2;1.2;3.5;1.4;0.5;3.00;
sainsburys-smoked-cubetti-di-pancetta-160g;Sainsbury's Smoked Cubetti Di Pancetta 160g;£2.00/unit;£1.25/100g;Cooked meats & snacking;cooks-ingredients;356;20.0;0.5;0.5;30.7;12.0;0.5;2.80;
sainsburys-smoked-cubetti-di-pancetta-160g;Sainsbury's Smoked Cubetti Di Pancetta 160g;£2.00/unit;£1.25/100g;Cooked meats & snacking;mfp-continental-meats;356;20.0;0.5;0.5;30.7;12.0;0.5;2.80;
sainsburys-smoked-cubetti-di-pancetta-160g;Sainsbury's Smoked Cubetti Di Pancetta 160g;£2.00/unit;£1.25/100g;Cooked meats, pate & sandwich fillers;continental-meats;356;20.0;0.5;0.5;30.7;12.0;0.5;2.80;
sainsburys-smoked-cubetti-di-pancetta-160g;Sainsbury's Smoked Cubetti Di Pancetta 160g;£2.00/unit;£1.25/100g;Cooked meats, pate & sandwich fillers;cooks-ingredients-85658-44;356;20.0;0.5;0.5;30.7;12.0;0.5;2.80;
sainsburys-smoked-danish-back-bacon-x8-300g;Sainsbury's Smoked Danish Back Bacon x8 300g;£2.00/unit;£6.66/kg;Bacon & gammon;bacon;262;30.9;0.5;0.5;15.4;5.8;0.5;4.33;
sainsburys-smoked-gammon-joint-1kg;Sainsbury's Smoked Gammon Joint 1kg;£4.30/unit;£4.30/kg;Bacon & gammon;gammon;189;23.1;0.5;0.5;10.6;3.8;0.5;3.80;
sainsburys-smoked-gammon-joint-1kg;Sainsbury's Smoked Gammon Joint 1kg;£4.30/unit;£4.30/kg;Great prices on meat & fish;great-prices-on-meat---fish;189;23.1;0.5;0.5;10.6;3.8;0.5;3.80;
sainsburys-smoked-gammon-joint-750g;Sainsbury's Smoked Gammon Joint 750g;£3.30/unit;£4.40/kg;Bacon & gammon;gammon;189;23.1;0.5;0.5;10.6;3.8;0.5;3.80;
sainsburys-smoked-gammon-joint-750g;Sainsbury's Smoked Gammon Joint 750g;£3.30/unit;£4.40/kg;Great prices on meat & fish;great-prices-on-meat---fish;189;23.1;0.5;0.5;10.6;3.8;0.5;3.80;
sainsburys-smoked-haddock-fillets-400g;Sainsbury's Smoked Haddock Fillets 400g;£4.50/unit;£11.25/kg;Fish & seafood;frozen-fish-seafood;86;20.8;0.5;0.5;0.5;0.1;0.5;1.40;
sainsburys-smoked-haddock-fishcakes-x2-270g;Sainsbury's Smoked Haddock Fishcakes x2 270g;£2.00/unit;£7.41/kg;Fish & seafood;fishcakes-breaded-fish;194;10.6;17.2;1.3;9.0;1.1;1.0;0.97;
sainsburys-smoked-haddock-skinless---boneless-fillets-%28approx-325g%29;Sainsbury's Smoked Haddock Fillets, Skinless & Boneless (approx. 325g);£17.00/kg;£17.00/kg;Fish & seafood;filleted-whole-fish;98;22.6;0.5;0.5;0.7;0.2;0.7;1.20;
sainsburys-smoked-haddock-skinless---boneless-fillets-%28approx-325g%29;Sainsbury's Smoked Haddock Fillets, Skinless & Boneless (approx. 325g);£17.00/kg;£17.00/kg;Fish & seafood;smoked-fish;98;22.6;0.5;0.5;0.7;0.2;0.7;1.20;
sainsburys-smoked-haddock-with-davidstow-cheddar;Sainsbury's Just Cook Smoked Haddock With Davidstow Cheddar Melt 240g;£4.20/unit;£17.50/kg;Fish & seafood;filleted-whole-fish;123;17.4;0.2;0.1;5.8;3.7;0.2;1.20;
sainsburys-smoked-haddock-with-davidstow-cheddar;Sainsbury's Just Cook Smoked Haddock With Davidstow Cheddar Melt 240g;£4.20/unit;£17.50/kg;Fish & seafood;fuss-free-fish;123;17.4;0.2;0.1;5.8;3.7;0.2;1.20;
sainsburys-smoked-haddock-with-davidstow-cheddar;Sainsbury's Just Cook Smoked Haddock With Davidstow Cheddar Melt 240g;£4.20/unit;£17.50/kg;Fish & seafood;smoked-fish;123;17.4;0.2;0.1;5.8;3.7;0.2;1.20;
sainsburys-smoked-haddock-with-davidstow-cheddar;Sainsbury's Just Cook Smoked Haddock With Davidstow Cheddar Melt 240g;£4.20/unit;£17.50/kg;Just Cook, prepared & sauces;fuss-free-fish-135654-44;123;17.4;0.2;0.1;5.8;3.7;0.2;1.20;
sainsburys-smoked-kipper-fillets--taste-the-difference-280g;Sainsbury's British Smoked Kipper Fillets, Taste the Difference 280g;£2.00/unit;£7.14/kg;Fish & seafood;filleted-whole-fish;255;20.1;0.1;0.0;19.4;3.1;null;null;
sainsburys-smoked-kipper-fillets--taste-the-difference-280g;Sainsbury's British Smoked Kipper Fillets, Taste the Difference 280g;£2.00/unit;£7.14/kg;Fish & seafood;smoked-fish;255;20.1;0.1;0.0;19.4;3.1;null;null;
sainsburys-smoked-kipper-fillets--taste-the-difference-280g;Sainsbury's British Smoked Kipper Fillets, Taste the Difference 280g;£2.00/unit;£7.14/kg;Organic & Taste the Difference;organic-taste-the-difference;255;20.1;0.1;0.0;19.4;3.1;null;null;
sainsburys-smoked-mackerel--basics-%28approx-250g%29;Sainsbury's British Smoked Mackerel, Basics (approx. 250g);£8.00/kg;£0.80/100g;Cooked meats & snacking;mfp-cooked-fish-seafood;213;21.9;1.0;0.5;13.4;3.0;0.5;2.25;
sainsburys-smoked-mackerel--basics-%28approx-250g%29;Sainsbury's British Smoked Mackerel, Basics (approx. 250g);£8.00/kg;£0.80/100g;Cooked meats, pate & sandwich fillers;cooked-fish-seafood;213;21.9;1.0;0.5;13.4;3.0;0.5;2.25;
sainsburys-smoked-mackerel--basics-%28approx-250g%29;Sainsbury's British Smoked Mackerel, Basics (approx. 250g);£8.00/kg;£0.80/100g;Fish & seafood;canapes-snacking;213;21.9;1.0;0.5;13.4;3.0;0.5;2.25;
sainsburys-smoked-mackerel--basics-%28approx-250g%29;Sainsbury's British Smoked Mackerel, Basics (approx. 250g);£8.00/kg;£0.80/100g;Fish & seafood;smoked-fish;213;21.9;1.0;0.5;13.4;3.0;0.5;2.25;
sainsburys-smoked-mackerel--boneless--taste-the-difference-%28approx-130g%29;Sainsbury's British Smoked Mackerel, Boneless, Taste the Difference (approx. 130g);£18.00/kg;£1.80/100g;Cooked meats & snacking;mfp-cooked-fish-seafood;249;22.2;1.0;0.5;17.2;3.8;0.5;2.00;
sainsburys-smoked-mackerel--boneless--taste-the-difference-%28approx-130g%29;Sainsbury's British Smoked Mackerel, Boneless, Taste the Difference (approx. 130g);£18.00/kg;£1.80/100g;Cooked meats & snacking;mfp-cooked-meats-snacking-taste-the-difference;249;22.2;1.0;0.5;17.2;3.8;0.5;2.00;
sainsburys-smoked-mackerel--boneless--taste-the-difference-%28approx-130g%29;Sainsbury's British Smoked Mackerel, Boneless, Taste the Difference (approx. 130g);£18.00/kg;£1.80/100g;Cooked meats, pate & sandwich fillers;cooked-fish-seafood;249;22.2;1.0;0.5;17.2;3.8;0.5;2.00;
sainsburys-smoked-mackerel--boneless--taste-the-difference-%28approx-130g%29;Sainsbury's British Smoked Mackerel, Boneless, Taste the Difference (approx. 130g);£18.00/kg;£1.80/100g;Cooked meats, pate & sandwich fillers;cooked-meats-taste-the-difference;249;22.2;1.0;0.5;17.2;3.8;0.5;2.00;
sainsburys-smoked-mackerel--boneless--taste-the-difference-%28approx-130g%29;Sainsbury's British Smoked Mackerel, Boneless, Taste the Difference (approx. 130g);£18.00/kg;£1.80/100g;Fish & seafood;canapes-snacking;249;22.2;1.0;0.5;17.2;3.8;0.5;2.00;
sainsburys-smoked-mackerel--boneless--taste-the-difference-%28approx-130g%29;Sainsbury's British Smoked Mackerel, Boneless, Taste the Difference (approx. 130g);£18.00/kg;£1.80/100g;Fish & seafood;smoked-fish;249;22.2;1.0;0.5;17.2;3.8;0.5;2.00;
sainsburys-smoked-mackerel--boneless--taste-the-difference-%28approx-130g%29;Sainsbury's British Smoked Mackerel, Boneless, Taste the Difference (approx. 130g);£18.00/kg;£1.80/100g;Organic & Taste the Difference;organic-taste-the-difference;249;22.2;1.0;0.5;17.2;3.8;0.5;2.00;
sainsburys-smoked-mackerel-boneless-strips-180g;Sainsbury's Smoked Mackerel Boneless Strips 180g;£3.50/unit;£1.94/100g;Cooked meats & snacking;mfp-cooked-fish-seafood;257;21.5;0.5;0.5;18.7;3.2;0.5;2.25;
sainsburys-smoked-mackerel-boneless-strips-180g;Sainsbury's Smoked Mackerel Boneless Strips 180g;£3.50/unit;£1.94/100g;Cooked meats, pate & sandwich fillers;cooked-fish-seafood;257;21.5;0.5;0.5;18.7;3.2;0.5;2.25;
sainsburys-smoked-mackerel-boneless-strips-180g;Sainsbury's Smoked Mackerel Boneless Strips 180g;£3.50/unit;£1.94/100g;Fish & seafood;canapes-snacking;257;21.5;0.5;0.5;18.7;3.2;0.5;2.25;
sainsburys-smoked-mackerel-boneless-strips-180g;Sainsbury's Smoked Mackerel Boneless Strips 180g;£3.50/unit;£1.94/100g;Fish & seafood;smoked-fish;257;21.5;0.5;0.5;18.7;3.2;0.5;2.25;
sainsburys-smoked-mackerel-fillets-selection-%28approx-220g%29;Sainsbury's British Smoked Mackerel Fillets Selection (approx. 220g);£15.75/kg;£1.58/100g;Cooked meats & snacking;mfp-cooked-fish-seafood;344;19.9;0.5;0.1;29.2;13.0;1.2;3.2;
sainsburys-smoked-mackerel-fillets-selection-%28approx-220g%29;Sainsbury's British Smoked Mackerel Fillets Selection (approx. 220g);£15.75/kg;£1.58/100g;Cooked meats & snacking;mfp-snacking-cooked-sausage;344;19.9;0.5;0.1;29.2;13.0;1.2;3.2;
sainsburys-smoked-mackerel-fillets-selection-%28approx-220g%29;Sainsbury's British Smoked Mackerel Fillets Selection (approx. 220g);£15.75/kg;£1.58/100g;Cooked meats, pate & sandwich fillers;cooked-fish-seafood;344;19.9;0.5;0.1;29.2;13.0;1.2;3.2;
sainsburys-smoked-mackerel-fillets-selection-%28approx-220g%29;Sainsbury's British Smoked Mackerel Fillets Selection (approx. 220g);£15.75/kg;£1.58/100g;Cooked meats, pate & sandwich fillers;snacking-cooked-sausage;344;19.9;0.5;0.1;29.2;13.0;1.2;3.2;
sainsburys-smoked-mackerel-fillets-selection-%28approx-220g%29;Sainsbury's British Smoked Mackerel Fillets Selection (approx. 220g);£15.75/kg;£1.58/100g;Fish & seafood;canapes-snacking;344;19.9;0.5;0.1;29.2;13.0;1.2;3.2;
sainsburys-smoked-mackerel-fillets-selection-%28approx-220g%29;Sainsbury's British Smoked Mackerel Fillets Selection (approx. 220g);£15.75/kg;£1.58/100g;Fish & seafood;smoked-fish;344;19.9;0.5;0.1;29.2;13.0;1.2;3.2;
sainsburys-smoked-paprika--thyme---garlic-50g;Sainsbury's Smoked Paprika, Thyme & Garlic 50g;£2.50/unit;£0.50/10g;Cooking ingredients & oils;herbs-spices-seasoning;286;11.5;44.9;26.3;2.8;0.6;17.5;8.88;
sainsburys-smoked-paprika-50g;Sainsbury's Smoked Paprika 50g;£1.00/unit;£0.20/10g;Cooking ingredients & oils;herbs-spices-seasoning;null;null;null;null;null;null;null;null;
sainsburys-smoked-peppered-herring-%28approx%29;Sainsbury's Smoked Peppered Herring (approx. 150g);£10.50/kg;£1.05/100g;Cooked meats & snacking;mfp-cooked-fish-seafood;204;22.8;3.5;0.5;10.9;1.9;0.5;1.75;
sainsburys-smoked-peppered-herring-%28approx%29;Sainsbury's Smoked Peppered Herring (approx. 150g);£10.50/kg;£1.05/100g;Cooked meats, pate & sandwich fillers;cooked-fish-seafood;204;22.8;3.5;0.5;10.9;1.9;0.5;1.75;
sainsburys-smoked-peppered-herring-%28approx%29;Sainsbury's Smoked Peppered Herring (approx. 150g);£10.50/kg;£1.05/100g;Fish & seafood;canapes-snacking;204;22.8;3.5;0.5;10.9;1.9;0.5;1.75;
sainsburys-smoked-peppered-herring-%28approx%29;Sainsbury's Smoked Peppered Herring (approx. 150g);£10.50/kg;£1.05/100g;Fish & seafood;smoked-fish;204;22.8;3.5;0.5;10.9;1.9;0.5;1.75;
sainsburys-smoked-reduced-salt-back-bacon-300g;Sainsbury's Smoked Reduced Salt Back Bacon x8 300g;£2.00/unit;£6.66/kg;Bacon & gammon;bacon;216;28.7;1.3;1.3;10.7;4.0;0.5;2.95;
sainsburys-smoked-rindless-gammon-steaks-x2-400g;Sainsbury's Smoked Rindless Gammon Steaks x2 400g;£2.50/unit;£6.25/kg;Bacon & gammon;gammon;203;22.3;0.5;0.5;12.5;4.5;0.5;3.80;
sainsburys-smoked-rindlesss-gammon-steaks-x2-400g-av;Sainsbury's Smoked Rindlesss Gammon Steaks x2 400g Av;£4.00/unit;£10.00/kg;Bacon & gammon;gammon;203;22.3;0.5;0.5;12.5;4.5;0.5;3.80;
sainsburys-smoked-river-cobbler-240g;Sainsbury's Smoked River Cobbler 240g;£2.50/unit;£10.42/kg;Fish & seafood;filleted-whole-fish;107;22.1;0.5;0.5;2.1;0.8;0.5;1.39;
sainsburys-smoked-river-cobbler-240g;Sainsbury's Smoked River Cobbler 240g;£2.50/unit;£10.42/kg;Fish & seafood;smoked-fish;107;22.1;0.5;0.5;2.1;0.8;0.5;1.39;
sainsburys-smoked-salmon-canapes-x12-120g;Sainsbury's Smoked Salmon Canapes x12 120g;£3.20/unit;£2.67/100g;Cooked meats & snacking;mfp-cooked-fish-seafood;260;12.4;2.7;0.9;22.1;9.3;0.5;1.05;
sainsburys-smoked-salmon-canapes-x12-120g;Sainsbury's Smoked Salmon Canapes x12 120g;£3.20/unit;£2.67/100g;Cooked meats, pate & sandwich fillers;cooked-fish-seafood;260;12.4;2.7;0.9;22.1;9.3;0.5;1.05;
sainsburys-smoked-salmon-canapes-x12-120g;Sainsbury's Smoked Salmon Canapes x12 120g;£3.20/unit;£2.67/100g;Fish & seafood;canapes-snacking;260;12.4;2.7;0.9;22.1;9.3;0.5;1.05;
sainsburys-smoked-salmon-canapes-x12-120g;Sainsbury's Smoked Salmon Canapes x12 120g;£3.20/unit;£2.67/100g;Fish & seafood;smoked-fish;260;12.4;2.7;0.9;22.1;9.3;0.5;1.05;
sainsburys-smoked-salmon-mousse-crescent-144g;Sainsbury's Smoked Salmon Mousse Crescent 144g;£4.00/unit;£2.78/100g;Cooked meats & snacking;mfp-cooked-fish-seafood;226;13.6;2.1;1.6;18.1;4.9;0.5;1.88;
sainsburys-smoked-salmon-mousse-crescent-144g;Sainsbury's Smoked Salmon Mousse Crescent 144g;£4.00/unit;£2.78/100g;Cooked meats, pate & sandwich fillers;cooked-fish-seafood;226;13.6;2.1;1.6;18.1;4.9;0.5;1.88;
sainsburys-smoked-salmon-mousse-crescent-144g;Sainsbury's Smoked Salmon Mousse Crescent 144g;£4.00/unit;£2.78/100g;Fish & seafood;canapes-snacking;226;13.6;2.1;1.6;18.1;4.9;0.5;1.88;
sainsburys-smoked-salmon-mousse-crescent-144g;Sainsbury's Smoked Salmon Mousse Crescent 144g;£4.00/unit;£2.78/100g;Fish & seafood;smoked-fish;226;13.6;2.1;1.6;18.1;4.9;0.5;1.88;
sainsburys-smoked-salmon-parcels--taste-the-difference-115g;Sainsbury's Smoked Salmon Parcels, Taste the Difference 115g;£3.00/unit;£2.61/100g;Cooked meats & snacking;mfp-cooked-fish-seafood;206;14.2;2.4;1.4;15.2;7.2;1.2;1.83;
sainsburys-smoked-salmon-parcels--taste-the-difference-115g;Sainsbury's Smoked Salmon Parcels, Taste the Difference 115g;£3.00/unit;£2.61/100g;Cooked meats & snacking;mfp-cooked-meats-snacking-taste-the-difference;206;14.2;2.4;1.4;15.2;7.2;1.2;1.83;
sainsburys-smoked-salmon-parcels--taste-the-difference-115g;Sainsbury's Smoked Salmon Parcels, Taste the Difference 115g;£3.00/unit;£2.61/100g;Cooked meats, pate & sandwich fillers;cooked-fish-seafood;206;14.2;2.4;1.4;15.2;7.2;1.2;1.83;
sainsburys-smoked-salmon-parcels--taste-the-difference-115g;Sainsbury's Smoked Salmon Parcels, Taste the Difference 115g;£3.00/unit;£2.61/100g;Cooked meats, pate & sandwich fillers;cooked-meats-taste-the-difference;206;14.2;2.4;1.4;15.2;7.2;1.2;1.83;
sainsburys-smoked-salmon-parcels--taste-the-difference-115g;Sainsbury's Smoked Salmon Parcels, Taste the Difference 115g;£3.00/unit;£2.61/100g;Fish & seafood;canapes-snacking;206;14.2;2.4;1.4;15.2;7.2;1.2;1.83;
sainsburys-smoked-salmon-parcels--taste-the-difference-115g;Sainsbury's Smoked Salmon Parcels, Taste the Difference 115g;£3.00/unit;£2.61/100g;Fish & seafood;smoked-fish;206;14.2;2.4;1.4;15.2;7.2;1.2;1.83;
sainsburys-smoked-salmon-parcels--taste-the-difference-115g;Sainsbury's Smoked Salmon Parcels, Taste the Difference 115g;£3.00/unit;£2.61/100g;Organic & Taste the Difference;organic-taste-the-difference;206;14.2;2.4;1.4;15.2;7.2;1.2;1.83;
sainsburys-smoked-salmon-sandwich-pack-100g;Sainsbury's Scottish Smoked Salmon Sandwich Slices 100g;£3.00/unit;£3.00/100g;Cooked meats & snacking;mfp-cooked-fish-seafood;221;23.6;0.1;0.1;14.0;2.9;null;null;
sainsburys-smoked-salmon-sandwich-pack-100g;Sainsbury's Scottish Smoked Salmon Sandwich Slices 100g;£3.00/unit;£3.00/100g;Cooked meats & snacking;mfp-snacking-cooked-sausage;221;23.6;0.1;0.1;14.0;2.9;null;null;
sainsburys-smoked-salmon-sandwich-pack-100g;Sainsbury's Scottish Smoked Salmon Sandwich Slices 100g;£3.00/unit;£3.00/100g;Cooked meats, pate & sandwich fillers;cooked-fish-seafood;221;23.6;0.1;0.1;14.0;2.9;null;null;
sainsburys-smoked-salmon-sandwich-pack-100g;Sainsbury's Scottish Smoked Salmon Sandwich Slices 100g;£3.00/unit;£3.00/100g;Cooked meats, pate & sandwich fillers;snacking-cooked-sausage;221;23.6;0.1;0.1;14.0;2.9;null;null;
sainsburys-smoked-salmon-sandwich-pack-100g;Sainsbury's Scottish Smoked Salmon Sandwich Slices 100g;£3.00/unit;£3.00/100g;Fish & seafood;canapes-snacking;221;23.6;0.1;0.1;14.0;2.9;null;null;
sainsburys-smoked-salmon-sandwich-pack-100g;Sainsbury's Scottish Smoked Salmon Sandwich Slices 100g;£3.00/unit;£3.00/100g;Fish & seafood;smoked-fish;221;23.6;0.1;0.1;14.0;2.9;null;null;
sainsburys-smoked-salmon-sandwich-pack-100g;Sainsbury's Scottish Smoked Salmon Sandwich Slices 100g;£3.00/unit;£3.00/100g;Great prices on meat & fish;great-prices-on-meat---fish;221;23.6;0.1;0.1;14.0;2.9;null;null;
sainsburys-smoked-salmon-trimmings--basics-120g;Sainsbury's Scottish Smoked Salmon Trimmings, Basics 120g;£1.70/unit;£1.42/100g;Cooked meats & snacking;mfp-cooked-fish-seafood;220;22.6;1.0;0.4;14.0;2.9;null;null;
sainsburys-smoked-salmon-trimmings--basics-120g;Sainsbury's Scottish Smoked Salmon Trimmings, Basics 120g;£1.70/unit;£1.42/100g;Cooked meats, pate & sandwich fillers;cooked-fish-seafood;220;22.6;1.0;0.4;14.0;2.9;null;null;
sainsburys-smoked-salmon-trimmings--basics-120g;Sainsbury's Scottish Smoked Salmon Trimmings, Basics 120g;£1.70/unit;£1.42/100g;Fish & seafood;canapes-snacking;220;22.6;1.0;0.4;14.0;2.9;null;null;
sainsburys-smoked-salmon-trimmings--basics-120g;Sainsbury's Scottish Smoked Salmon Trimmings, Basics 120g;£1.70/unit;£1.42/100g;Fish & seafood;smoked-fish;220;22.6;1.0;0.4;14.0;2.9;null;null;
sainsburys-smoked-salt---rsemary-sptchcock-12kg;Sainsbury's Just Cook Chicken with Black Pepper, Rosemary & Smoked Salt Sprinkle 1.2kg;£5.50/unit;£4.58/kg;Burgers & BBQ;burgers-bbq;204;23.0;0.5;0.5;12.3;3.5;0.6;0.53;
sainsburys-smoked-salt---rsemary-sptchcock-12kg;Sainsbury's Just Cook Chicken with Black Pepper, Rosemary & Smoked Salt Sprinkle 1.2kg;£5.50/unit;£4.58/kg;Chicken;chicken;204;23.0;0.5;0.5;12.3;3.5;0.6;0.53;
sainsburys-smoked-salt---rsemary-sptchcock-12kg;Sainsbury's Just Cook Chicken with Black Pepper, Rosemary & Smoked Salt Sprinkle 1.2kg;£5.50/unit;£4.58/kg;Just Cook, prepared & sauces;just-cook;204;23.0;0.5;0.5;12.3;3.5;0.6;0.53;
sainsburys-smoked-salt---rsemary-sptchcock-12kg;Sainsbury's Just Cook Chicken with Black Pepper, Rosemary & Smoked Salt Sprinkle 1.2kg;£5.50/unit;£4.58/kg;Just Cook, prepared & sauces;prepared-joints;204;23.0;0.5;0.5;12.3;3.5;0.6;0.53;
sainsburys-smoked-streaky-bacon-rashers-300g;Sainsbury's Smoked Streaky Bacon Rashers 300g;£2.20/unit;£7.33/kg;Bacon & gammon;bacon;344;32.0;0.5;0.5;24.0;9.0;0.5;4.05;
sainsburys-smoked-streaky-bacon-rashers-300g;Sainsbury's Smoked Streaky Bacon Rashers 300g;£2.20/unit;£7.33/kg;Great prices on meat & fish;great-prices-on-meat---fish;344;32.0;0.5;0.5;24.0;9.0;0.5;4.05;
sainsburys-smoked-trout-120g;Sainsbury's Smoked Trout 120g;£4.00/unit;£3.33/100g;Cooked meats & snacking;mfp-cooked-fish-seafood;184;23.2;0.1;0.1;10.1;1.5;null;null;
sainsburys-smoked-trout-120g;Sainsbury's Smoked Trout 120g;£4.00/unit;£3.33/100g;Cooked meats, pate & sandwich fillers;cooked-fish-seafood;184;23.2;0.1;0.1;10.1;1.5;null;null;
sainsburys-smoked-trout-120g;Sainsbury's Smoked Trout 120g;£4.00/unit;£3.33/100g;Fish & seafood;canapes-snacking;184;23.2;0.1;0.1;10.1;1.5;null;null;
sainsburys-smoked-trout-120g;Sainsbury's Smoked Trout 120g;£4.00/unit;£3.33/100g;Fish & seafood;smoked-fish;184;23.2;0.1;0.1;10.1;1.5;null;null;
sainsburys-smoked-york-ham--taste-the-difference-120g;Sainsbury's Smoked York Ham, Taste the Difference 120g;£3.00/unit;£2.50/100g;Cooked meats & snacking;ham-82654-44;248;25.8;0.5;0.5;16.0;5.2;0.5;2.79;
sainsburys-smoked-york-ham--taste-the-difference-120g;Sainsbury's Smoked York Ham, Taste the Difference 120g;£3.00/unit;£2.50/100g;Cooked meats & snacking;mfp-cooked-meats-snacking-taste-the-difference;248;25.8;0.5;0.5;16.0;5.2;0.5;2.79;
sainsburys-smoked-york-ham--taste-the-difference-120g;Sainsbury's Smoked York Ham, Taste the Difference 120g;£3.00/unit;£2.50/100g;Cooked meats, pate & sandwich fillers;cooked-meats-taste-the-difference;248;25.8;0.5;0.5;16.0;5.2;0.5;2.79;
sainsburys-smoked-york-ham--taste-the-difference-120g;Sainsbury's Smoked York Ham, Taste the Difference 120g;£3.00/unit;£2.50/100g;Cooked meats, pate & sandwich fillers;ham;248;25.8;0.5;0.5;16.0;5.2;0.5;2.79;
sainsburys-smoky-bacon-pretzels-150g;Sainsbury's Smoky Bacon Pretzels 150g;£1.20/unit;£0.80/100g;Crisps, nuts & snacking fruit;party-nibbles-bites;446;9.3;71.6;5.9;13.1;1.1;2.3;1.08;
sainsburys-smoky-bbq-fajita-kit-500g;Sainsbury's Fajita Kit, Smoky BBQ 500g;£2.00/unit;£0.40/100g;Cooking sauces & world foods;meal-kits;null;null;null;null;null;null;null;null;
sainsburys-smoky-bbq-fajita-kit-500g;Sainsbury's Fajita Kit, Smoky BBQ 500g;£2.00/unit;£0.40/100g;Cooking sauces & world foods;mexican-cooking-sauces;null;null;null;null;null;null;null;null;
sainsburys-smooth-apple-sauce-250ml;Sainsbury's Smooth Apple Sauce 250ml;£0.80/unit;£0.32/100ml;Table sauces, dressings & condiments;condiments;134;0.5;31.8;31.8;0.5;0.1;2.5;0.03;
sainsburys-smooth-style-orange-juice-from-concentrate-1l;Sainsbury's Smooth Orange Juice  1L;£1.00/unit;£0.10/100ml;Chilled fruit juice & smoothies;chilled-fruit-juice;42;0.5;9.2;9.2;0.5;0.1;0.5;0.03;
sainsburys-smoothie--mango---orange-x5-90g;Sainsbury's Smoothie Mango, Orange & Banana 5x90g;£2.00/unit;£0.44/100g;Fruit & desserts;dessert-fruit;62;0.6;13.8;12.8;0.5;0.1;1.2;0.01;
sainsburys-smoothie--mango---orange-x5-90g;Sainsbury's Smoothie Mango, Orange & Banana 5x90g;£2.00/unit;£0.44/100g;Fruit & desserts;snacking-fruit-nuts;62;0.6;13.8;12.8;0.5;0.1;1.2;0.01;
sainsburys-smoothie--strawberry---banana-x5-90g;Sainsbury's Smoothie, Strawberry & Banana 5x90g;£2.00/unit;£0.44/100g;Canned, tinned & packaged foods;canned-tinned-packaged-fruit;59;0.7;12.8;12.2;0.5;0.1;1.5;0.01;
sainsburys-smoothie--strawberry---banana-x5-90g;Sainsbury's Smoothie, Strawberry & Banana 5x90g;£2.00/unit;£0.44/100g;Fruit & desserts;dessert-fruit;59;0.7;12.8;12.2;0.5;0.1;1.5;0.01;
sainsburys-smoothie--strawberry---banana-x5-90g;Sainsbury's Smoothie, Strawberry & Banana 5x90g;£2.00/unit;£0.44/100g;Fruit & desserts;snacking-fruit-nuts;59;0.7;12.8;12.2;0.5;0.1;1.5;0.01;
sainsburys-snack-berry-mix-100g;Sainsbury's Berries & Cherries 100g;£2.30/unit;£2.30/100g;Canned, tinned & packaged foods;canned-tinned-packaged-fruit;317;1.0;74.1;62.7;1.1;0.2;3.5;0.05;
sainsburys-snack-berry-mix-100g;Sainsbury's Berries & Cherries 100g;£2.30/unit;£2.30/100g;Crisps, nuts & snacking fruit;snacking-fruit-seeds;317;1.0;74.1;62.7;1.1;0.2;3.5;0.05;
sainsburys-snack-berry-mix-100g;Sainsbury's Berries & Cherries 100g;£2.30/unit;£2.30/100g;Fruit & desserts;dessert-fruit;317;1.0;74.1;62.7;1.1;0.2;3.5;0.05;
sainsburys-snack-berry-mix-100g;Sainsbury's Berries & Cherries 100g;£2.30/unit;£2.30/100g;Fruit & desserts;snacking-fruit-nuts;317;1.0;74.1;62.7;1.1;0.2;3.5;0.05;
sainsburys-snack-crackers--basics-200g;Sainsbury's Snack Crackers, Basics 200g;£0.65/unit;£0.33/100g;Biscuits & crackers;crackers-savoury-biscuits;475;6.7;66.7;13.7;20.2;9.4;1.3;1.9;
sainsburys-snack-crackers-200g;Sainsbury's Snack Crackers 200g;£0.80/unit;£0.40/100g;Biscuits & crackers;crackers-savoury-biscuits;472;7.1;66.7;6.7;19.3;8.8;1.4;1.86;
sainsburys-snack-dried-mango-100g;Sainsbury's Dried Mango 100g;£1.50/unit;£1.50/100g;Crisps, nuts & snacking fruit;snacking-fruit-seeds;315;2.8;73.0;45.1;0.5;0.2;4.0;0.53;
sainsburys-snack-dried-mango-100g;Sainsbury's Dried Mango 100g;£1.50/unit;£1.50/100g;Fruit & desserts;dessert-fruit;315;2.8;73.0;45.1;0.5;0.2;4.0;0.53;
sainsburys-snack-dried-mango-100g;Sainsbury's Dried Mango 100g;£1.50/unit;£1.50/100g;Fruit & desserts;snacking-fruit-nuts;315;2.8;73.0;45.1;0.5;0.2;4.0;0.53;
sainsburys-snack-hazelnut-kernels-80g;Sainsbury's Snack Hazelnut Kernels 80g;£1.70/unit;£1.70/100g;Sugar & home baking;nuts---seeds;674;16.6;5.6;3.8;63.5;4.7;6.5;0.15;
sainsburys-so-blanched-almonds--organic-100g;Sainsbury's Blanched Almonds, SO Organic 100g;£1.25/unit;£1.25/100g;Sugar & home baking;nuts---seeds;646;25.4;6.6;4.0;55.8;4.7;7.8;0.04;
sainsburys-so-brazil-nuts--organic-100g;Sainsbury's Brazil Nuts, SO Organic 100g;£1.80/unit;£1.80/100g;Sugar & home baking;nuts---seeds;708;16.3;3.0;2.3;68.2;16.4;8.6;0.01;
sainsburys-so-cashew-nuts--organic-100g;Sainsbury's Cashew Nuts, SO Organic 100g;£2.50/unit;£2.50/100g;Sugar & home baking;nuts---seeds;596;20.9;16.7;4.4;48.2;9.5;5.9;0.04;
sainsburys-so-cranberries--organic-100g;Sainsbury's SO Cranberries, Organic 100g;£2.20/unit;£22.00/kg;Sugar & home baking;dried-fruit---peel;347;0.5;82.8;72.1;0.7;0.1;3.8;0.01;
sainsburys-so-desiccated-coconut--organic-200g;Sainsbury's Desiccated Coconut, SO Organic 200g;£2.00/unit;£10.00/kg;Sugar & home baking;nuts---seeds;650;6.6;6.1;6.1;62.0;53.4;20.5;0.07;
sainsburys-so-dried-apricots--organic-250g;Sainsbury's Dried Apricots, SO Organic 250g;£4.00/unit;£16.00/kg;Crisps, nuts & snacking fruit;snacking-fruit-seeds;228;2.4;50.2;31.4;0.5;0.1;7.5;0.01;
sainsburys-so-dried-apricots--organic-250g;Sainsbury's Dried Apricots, SO Organic 250g;£4.00/unit;£16.00/kg;Fruit & desserts;dessert-fruit;228;2.4;50.2;31.4;0.5;0.1;7.5;0.01;
sainsburys-so-dried-apricots--organic-250g;Sainsbury's Dried Apricots, SO Organic 250g;£4.00/unit;£16.00/kg;Fruit & desserts;snacking-fruit-nuts;228;2.4;50.2;31.4;0.5;0.1;7.5;0.01;
sainsburys-so-dried-apricots--organic-250g;Sainsbury's Dried Apricots, SO Organic 250g;£4.00/unit;£16.00/kg;Sugar & home baking;dried-fruit---peel;228;2.4;50.2;31.4;0.5;0.1;7.5;0.01;
sainsburys-so-flaked-almonds--organic-100g;Sainsbury's Flaked Almonds, SO Organic 100g;£1.25/unit;£1.25/100g;Sugar & home baking;nuts---seeds;646;25.4;6.6;4.0;55.8;4.7;7.8;0.04;
sainsburys-so-organic-black-beans-carton-380g;Sainsbury's Black Beans Carton, SO Organic 380g (230g*);£0.75/unit;£3.26/kg;Canned, tinned & packaged foods;pulses-beans;91;7.3;8.2;0.5;0.9;0.2;10.3;0.01;
sainsburys-so-organic-butter-beans-carton-380g;Sainsbury's Butter Beans Carton, SO Organic 380g, (230g*);£0.75/unit;£3.26/kg;Canned, tinned & packaged foods;pulses-beans;98;6.4;11.9;0.7;0.9;0.2;8.2;0.02;
sainsburys-so-organic-cannellini-beans-carton-380g;Sainsbury's Cannellini Beans Carton, SO Organic 380g (230g*);£0.75/unit;£3.26/kg;Canned, tinned & packaged foods;pulses-beans;93;6.9;11.1;0.5;0.8;0.2;6.8;0.02;
sainsburys-so-organic-green-lentils-380g;Sainsbury's Green Lentils, SO Organic 380g (230g*);£0.75/unit;£3.26/kg;Canned, tinned & packaged foods;pulses-beans;87;6.5;12.0;0.5;0.5;0.1;4.0;0.01;
sainsburys-so-organic-red-kidney-beans-carton-380g;Sainsbury's Red Kidney Beans Carton, SO Organic 380g (230g*);£0.75/unit;£3.26/kg;Canned, tinned & packaged foods;pulses-beans;98;8.2;11.1;0.5;0.7;0.2;7.1;0.02;
sainsburys-so-sunflower-seeds--organic-100g;Sainsbury's Sunflower Seeds, SO Organic 100g;£1.00/unit;£10.00/kg;Sugar & home baking;nuts---seeds;615;23.4;16.9;1.6;47.5;6.6;13.3;0.01;
sainsburys-so-walnut-halves--organic-100g;Sainsbury's Walnut Halves, SO Organic 100g;£1.25/unit;£1.25/100g;Sugar & home baking;nuts---seeds;728;17.3;3.1;2.5;68.5;7.5;14.9;0.02;
sainsburys-so-walnut-pieces--organic-100g;Sainsbury's Walnut Pieces, SO Organic 100g;£1.25/unit;£1.25/100g;Sugar & home baking;nuts---seeds;728;17.3;3.1;2.5;68.5;7.5;14.9;0.02;
sainsburys-sobrasada-de-mallorca--taste-the-difference-145g;Sainsbury's Spanish Sobrasada De Mallorca, Taste the Difference 145g;£3.00/unit;£2.07/100g;Cooked meats & snacking;mfp-continental-meats;575;11.8;0.5;0.5;58.2;20.7;1.9;2.48;
sainsburys-sobrasada-de-mallorca--taste-the-difference-145g;Sainsbury's Spanish Sobrasada De Mallorca, Taste the Difference 145g;£3.00/unit;£2.07/100g;Cooked meats & snacking;mfp-cooked-meats-snacking-taste-the-difference;575;11.8;0.5;0.5;58.2;20.7;1.9;2.48;
sainsburys-sobrasada-de-mallorca--taste-the-difference-145g;Sainsbury's Spanish Sobrasada De Mallorca, Taste the Difference 145g;£3.00/unit;£2.07/100g;Cooked meats & snacking;mfp-pate;575;11.8;0.5;0.5;58.2;20.7;1.9;2.48;
sainsburys-sobrasada-de-mallorca--taste-the-difference-145g;Sainsbury's Spanish Sobrasada De Mallorca, Taste the Difference 145g;£3.00/unit;£2.07/100g;Cooked meats, pate & sandwich fillers;continental-meats;575;11.8;0.5;0.5;58.2;20.7;1.9;2.48;
sainsburys-sobrasada-de-mallorca--taste-the-difference-145g;Sainsbury's Spanish Sobrasada De Mallorca, Taste the Difference 145g;£3.00/unit;£2.07/100g;Cooked meats, pate & sandwich fillers;cooked-meats-taste-the-difference;575;11.8;0.5;0.5;58.2;20.7;1.9;2.48;
sainsburys-sobrasada-de-mallorca--taste-the-difference-145g;Sainsbury's Spanish Sobrasada De Mallorca, Taste the Difference 145g;£3.00/unit;£2.07/100g;Cooked meats, pate & sandwich fillers;pate;575;11.8;0.5;0.5;58.2;20.7;1.9;2.48;
sainsburys-soft-amaretti--taste-the-difference-180g;Sainsbury's Soft Amaretti, Taste the Difference 180g;£2.00/unit;£1.11/100g;Biscuits & crackers;luxury-continental-biscuits;488;12.9;47.9;47.4;26.0;2.6;5.3;0.18;
sainsburys-soft-cheese--basics-300g;Sainsbury's Soft Cheese, Basics 300g;£0.75/unit;£2.50/kg;Cheese;snacking-lunchbox-cheese;214;4.0;4.4;4.4;20.0;13.6;0.5;0.55;
sainsburys-soft-cheese--basics-300g;Sainsbury's Soft Cheese, Basics 300g;£0.75/unit;£2.50/kg;Cheese;soft---spreadable;214;4.0;4.4;4.4;20.0;13.6;0.5;0.55;
sainsburys-soft-cheese--be-good-to-yourself-300g;Sainsbury's Soft Cheese, Be Good To Yourself 300g;£1.35/unit;£4.50/kg;Cheese;cottage-cheese---healthier-choice;110;11.7;6.8;4.7;4.0;2.3;0.5;0.55;
sainsburys-soft-cheese--be-good-to-yourself-300g;Sainsbury's Soft Cheese, Be Good To Yourself 300g;£1.35/unit;£4.50/kg;Cheese;snacking-lunchbox-cheese;110;11.7;6.8;4.7;4.0;2.3;0.5;0.55;
sainsburys-soft-cheese--be-good-to-yourself-300g;Sainsbury's Soft Cheese, Be Good To Yourself 300g;£1.35/unit;£4.50/kg;Cheese;soft---spreadable;110;11.7;6.8;4.7;4.0;2.3;0.5;0.55;
sainsburys-soft-cheese--so-organic-250g;Sainsbury's Soft Cheese, SO Organic 250g;£1.65/unit;£6.60/kg;Cheese;cheeseboard-delights;258;5.4;2.8;2.8;25.0;16.0;0.5;0.55;
sainsburys-soft-cheese--so-organic-250g;Sainsbury's Soft Cheese, SO Organic 250g;£1.65/unit;£6.60/kg;Cheese;organic-taste-the-difference-cheese;258;5.4;2.8;2.8;25.0;16.0;0.5;0.55;
sainsburys-soft-cheese--so-organic-250g;Sainsbury's Soft Cheese, SO Organic 250g;£1.65/unit;£6.60/kg;Cheese;snacking-lunchbox-cheese;258;5.4;2.8;2.8;25.0;16.0;0.5;0.55;
sainsburys-soft-cheese--so-organic-250g;Sainsbury's Soft Cheese, SO Organic 250g;£1.65/unit;£6.60/kg;Cheese;soft---spreadable;258;5.4;2.8;2.8;25.0;16.0;0.5;0.55;
sainsburys-soft-citrus--basics-750g;Sainsbury's Soft Citrus, Basics 600g;£1.20/unit;£2.00/kg;Fresh fruit;citrus-fruit;39;0.9;8.0;8.0;0.5;0.1;1.3;0.01;
sainsburys-soft-herring-roes-in-brine--basics-125g;Sainsbury's Soft Herring Roes in Brine, Basics 125g (88g*);£1.35/unit;£1.53/100g;Canned, tinned & packaged foods;canned-tinned-packaged-fish;102;20.2;0;0;2.3;1.2;0;1.50;
sainsburys-soft-spread--basics-500g;Sainsbury's Soft Spread, Basics 500g;£0.80/unit;£1.60/kg;Butter, spreads & baking;cooking-and-baking1;381;0.5;0.7;0.5;42.0;10.6;0.5;1.10;
sainsburys-soft-spread--basics-500g;Sainsbury's Soft Spread, Basics 500g;£0.80/unit;£1.60/kg;Sugar & home baking;fats-spreads;381;0.5;0.7;0.5;42.0;10.6;0.5;1.10;
sainsburys-soft-spread-2kg;Sainsbury's Soft Spread 2kg;£3.05/unit;£1.53/kg;Sugar & home baking;fats-spreads;630;0.0;0.0;0.0;70.0;18.0;0.0;1.40;
sainsburys-soft-spread-500g;Sainsbury's Soft Spread 500g;£1.00/unit;£2.00/kg;Sugar & home baking;fats-spreads;630;0.5;0.5;0.5;70.0;18.0;0.5;1.30;
sainsburys-soft-white-cheese-300g;Sainsbury's Soft White Cheese 300g;£1.35/unit;£4.50/kg;Cheese;snacking-lunchbox-cheese;258;5.4;2.8;2.8;25.0;16.0;0.5;0.55;
sainsburys-soft-white-cheese-300g;Sainsbury's Soft White Cheese 300g;£1.35/unit;£4.50/kg;Cheese;soft---spreadable;258;5.4;2.8;2.8;25.0;16.0;0.5;0.55;
sainsburys-soft-white-farmhouse-bread--taste-the-difference-800g;Sainsbury's Soft White Farmhouse Bread, Taste the Difference 800g;£1.30/unit;£0.16/100g;Bread;white-bread;237;8.1;46.0;3.4;1.9;0.3;2.2;0.94;
sainsburys-soft-wholemeal-farmhouse-bread--taste-the-difference-800g;Sainsbury's Soft Wholemeal Farmhouse Bread, Taste the Difference 800g;£1.30/unit;£0.16/100g;Bread;wholemeal-brown-bread;232;10.0;38.5;4.1;2.8;0.3;6.6;1.05;
sainsburys-somerset-brie-160g;Sainsbury's Somerset Brie 160g;£1.50/unit;£9.38/kg;Cheese;cheddar-british-regional-cheese;291;18.3;0.5;0.5;24.0;14.6;0.5;1.26;
sainsburys-somerset-goats-cheese-100g;Sainsbury's Somerset Goats Cheese 100g;£2.00/unit;£20.00/kg;Cheese;cheddar-british-regional-cheese;329;17.8;0.5;0.5;28.6;16.9;0.5;1.31;
sainsburys-somerset-goats-cheese-100g;Sainsbury's Somerset Goats Cheese 100g;£2.00/unit;£20.00/kg;Cheese;healthier-choice-special-diet-cheese;329;17.8;0.5;0.5;28.6;16.9;0.5;1.31;
sainsburys-sough-dough--taste-the-difference-400g;Sainsbury's Sourdough, Taste the Difference 400g;£1.25/unit;£0.32/100g;Bread;bread-from-our-bakery2;null;null;null;null;null;null;null;null;
sainsburys-sough-dough--taste-the-difference-400g;Sainsbury's Sourdough, Taste the Difference 400g;£1.25/unit;£0.32/100g;From our in store bakery;bread-from-our-bakery;null;null;null;null;null;null;null;null;
sainsburys-sough-dough--taste-the-difference-800g;Sainsbury's Sourdough, Taste the Difference 800g;£2.00/unit;£0.25/100g;Bread;bread-from-our-bakery2;null;null;null;null;null;null;null;null;
sainsburys-sough-dough--taste-the-difference-800g;Sainsbury's Sourdough, Taste the Difference 800g;£2.00/unit;£0.25/100g;From our in store bakery;bread-from-our-bakery;null;null;null;null;null;null;null;null;
sainsburys-soup-mix--butternut-squash-600g-7651996-p-44;Sainsbury's Soup Mix, Butternut Squash 600g;£2.00/unit;£3.33/kg;Prepared & ready to eat;prepared-vegetables;32;0.8;5.3;3.7;0.7;0.1;0.5;0.03;
sainsburys-soup-mix--leek---potato-450g-7652092-p-44;Sainsbury's Soup Mix, Leek & Potato 450g;£1.50/unit;£3.33/kg;Prepared & ready to eat;prepared-vegetables;36;1.4;6.6;1.2;0.5;0.1;1.3;0.58;
sainsburys-soup-mix--vegetable-broth-500g-7652044-p-44;Sainsbury's Soup Mix, Vegetable Broth 500g;£1.50/unit;£3.00/kg;Prepared & ready to eat;prepared-vegetables;49;0.9;9.5;2.4;0.5;0.1;2.3;0.60;
sainsburys-soup-mix--winter-vegetable-600g;Sainsbury's Soup Mix, Winter Vegetable 600g;£2.00/unit;£3.33/kg;Prepared & ready to eat;prepared-vegetables;32;0.5;5.5;null;0.8;0.1;null;0.20;
sainsburys-sour-cherries-75g;Sainsbury's Sour Cherries 75g;£1.80/unit;£24.00/kg;Sugar & home baking;dried-fruit---peel;327;1.5;79.6;78.3;0.5;0.1;0.5;0.03;
sainsburys-sour-cream---chive-dip--be-good-to-yourself-230g;Sainsbury's Soured Cream & Chive Dip, Be Good To Yourself 230g;£1.20/unit;£0.52/100g;Coleslaw, olives, salads & dips;fresh-dips-houmous;176;3.9;7.3;3.6;14.6;4.0;0.5;0.40;
sainsburys-sour-cream---chive-dip--be-good-to-yourself-230g;Sainsbury's Soured Cream & Chive Dip, Be Good To Yourself 230g;£1.20/unit;£0.52/100g;Vegetarian & meat free;deli-meat-alternatives;176;3.9;7.3;3.6;14.6;4.0;0.5;0.40;
sainsburys-sour-cream---chive-dip-150g;Sainsbury's Sour Cream & Chive Dip 150g;£1.10/unit;£0.73/100g;Cooking sauces & world foods;mexican-cooking-sauces;232;2.0;7.1;4.0;21.6;3.3;0.8;0.77;
sainsburys-sour-cream---chive-dip-150g;Sainsbury's Sour Cream & Chive Dip 150g;£1.10/unit;£0.73/100g;Table sauces, dressings & condiments;tomato-ketchup-brown-bbq-other-sauces;232;2.0;7.1;4.0;21.6;3.3;0.8;0.77;
sainsburys-sour-cream---chive-dip-230g;Sainsbury's Soured Cream & Chive Dip 230g;£1.20/unit;£0.52/100g;Coleslaw, olives, salads & dips;fresh-dips-houmous;284;2.4;6.1;2.6;27.7;6.5;0.5;0.63;
sainsburys-sour-cream---chive-dip-230g;Sainsbury's Soured Cream & Chive Dip 230g;£1.20/unit;£0.52/100g;Vegetarian & meat free;deli-meat-alternatives;284;2.4;6.1;2.6;27.7;6.5;0.5;0.63;
sainsburys-sour-cream---chive-dip-300g;Sainsbury's Sour Cream & Chive Dip 300g;£1.10/unit;£0.37/100g;Crisps, nuts & snacking fruit;tortillas-dips;238;1.4;6.4;5.1;23;3.4;1.6;0.83;
sainsburys-sour-cream---lime-tortillas--taste-the-difference-175g;Sainsbury's Sour Cream & Lime Tortillas, Taste the Difference 175g;£1.50/unit;£0.86/100g;Crisps, nuts & snacking fruit;crisps;495;5.7;63.9;2.4;23.1;2.0;4.4;0.80;
sainsburys-sour-spirals-x5-350ml;Sainsbury's Sour Spirals x5 350ml;£1.30/unit;£0.37/100ml;Ice cream & desserts;lollies-bars-cones;79;0.5;19.5;18.7;0.5;0.1;0.5;0.08;
sainsburys-sourdough-diamonds--taste-the-difference-x2;Sainsbury's Sourdough Lozenge Rolls, Taste the Difference x2;£1.00/unit;£0.50/ea;From our in store bakery;rolls-bagels-from-our-bakery;null;null;null;null;null;null;null;null;
sainsburys-sourdough-diamonds--taste-the-difference-x2;Sainsbury's Sourdough Lozenge Rolls, Taste the Difference x2;£1.00/unit;£0.50/ea;Rolls;rolls;null;null;null;null;null;null;null;null;
sainsburys-soured-cream--be-good-to-yourself-300ml;Sainsbury's Soured Cream, Be Good To Yourself 300ml;£0.85/unit;£0.28/100ml;Desserts & cream;fresh-cream-custard;101;4.1;4.1;4.1;7.5;4.8;0.0;0.10;
sainsburys-soured-cream-150ml;Sainsbury's Soured Cream 150ml;£0.60/unit;£0.40/100ml;Desserts & cream;fresh-cream-custard;187;2.7;3.5;3.5;18.0;11.2;0.5;0.10;
sainsburys-soured-cream-300ml;Sainsbury's Soured Cream 300ml;£0.85/unit;£0.28/100ml;Desserts & cream;fresh-cream-custard;187;2.7;3.5;3.5;18.0;11.2;0.5;0.10;
sainsburys-south-fried-chicken-bites-190g;Sainsbury's South Fried Chicken Bites 190g;£1.00/unit;£5.26/kg;Meat & poultry;frozen-chicken;261;12.0;15.9;1.0;16.0;2.8;2.7;0.81;
sainsburys-south-fried-chicken-steak-x2-190g;Sainsbury's South Fried Chicken Steak x2 190g;£1.50/unit;£7.89/kg;Meat & poultry;frozen-chicken;240;14.5;13.5;0.5;13.9;2.2;1.4;1.13;
sainsburys-southern-fried-chicken-fillets-305g;Sainsbury's Southern Fried Chicken Fillets 305g;£3.00/unit;£9.84/kg;Breaded & coated;breaded-coated-chicken-turkey-pork;176;21.1;9.0;0.5;5.9;0.6;1.0;0.61;
sainsburys-southern-fried-chicken-fillets-305g;Sainsbury's Southern Fried Chicken Fillets 305g;£3.00/unit;£9.84/kg;Chicken;chicken;176;21.1;9.0;0.5;5.9;0.6;1.0;0.61;
sainsburys-southern-fried-chicken-steak-380g;Sainsbury's Southern Fried Chicken Steak 380g;£2.00/unit;£5.26/kg;Meat & poultry;frozen-chicken;240;14.5;13.5;0.5;13.9;2.2;1.4;1.13;
sainsburys-soy---ginger-dipping-sauce-150g;Sainsbury's Soy & Ginger Dipping Sauce 150g;£1.10/unit;£0.73/100g;Cooking sauces & world foods;chinese-cooking-sauces;179;0.5;44.4;32.3;0.5;0.1;0.5;0.93;
sainsburys-soy---ginger-dipping-sauce-150g;Sainsbury's Soy & Ginger Dipping Sauce 150g;£1.10/unit;£0.73/100g;Cooking sauces & world foods;thai-cooking-sauces;179;0.5;44.4;32.3;0.5;0.1;0.5;0.93;
sainsburys-soy---ginger-dipping-sauce-150g;Sainsbury's Soy & Ginger Dipping Sauce 150g;£1.10/unit;£0.73/100g;Table sauces, dressings & condiments;tomato-ketchup-brown-bbq-other-sauces;179;0.5;44.4;32.3;0.5;0.1;0.5;0.93;
sainsburys-soy-chilli---ginger-dressing--taste-the-difference-255ml;Sainsbury's Soy Chilli & Ginger Dressing, Taste The Difference 255ml;£1.85/unit;£0.73/100ml;Table sauces, dressings & condiments;salad-dressings;135;0.5;13.3;8.9;8.9;0.7;0.7;1.42;
sainsburys-soy-sauce-reduced-salt-150ml;Sainsbury's Soy Sauce Reduced Salt 150ml;£0.95/unit;£0.63/100ml;Cooking sauces & world foods;chinese-cooking-sauces;55;0.5;13.2;11.2;0.5;0.1;0.5;8.71;
sainsburys-soy-sauce-reduced-salt-150ml;Sainsbury's Soy Sauce Reduced Salt 150ml;£0.95/unit;£0.63/100ml;Cooking sauces & world foods;thai-cooking-sauces;55;0.5;13.2;11.2;0.5;0.1;0.5;8.71;
sainsburys-soy-sauce-reduced-salt-150ml;Sainsbury's Soy Sauce Reduced Salt 150ml;£0.95/unit;£0.63/100ml;Table sauces, dressings & condiments;worcester-soy-sauce;55;0.5;13.2;11.2;0.5;0.1;0.5;8.71;
sainsburys-spaghetti--basics-410g;Sainsbury's Spaghetti, Basics 410g;£0.25/unit;£0.61/kg;Canned, tinned & packaged foods;baked-beans-canned-pasta;50;1.4;10.0;4.0;0.5;0.1;0.7;0.50;
sainsburys-spaghetti--basics-500g;Sainsbury's Spaghetti, Basics 500g;£0.35/unit;£0.70/kg;Rice, pasta & noodles;pasta;173;5.0;35.0;1.0;1.0;0.2;2.0;0.01;
sainsburys-spaghetti--organic-500g;Sainsbury's Spaghetti, SO Organic 500g;£1.05/unit;£2.10/kg;Rice, pasta & noodles;pasta;357;12.3;73.1;3.5;1.7;0.5;2.5;0.25;
sainsburys-spaghetti--taste-the-difference-500g;Sainsbury's Spaghetti, Taste the Difference 500g;£1.25/unit;£2.50/kg;Rice, pasta & noodles;pasta;172;6.3;34.0;0.7;0.9;0.2;1.6;0.01;
sainsburys-spaghetti--wholewheat-500g;Sainsbury's Spaghetti, Wholewheat 500g;£0.85/unit;£1.70/kg;Rice, pasta & noodles;pasta;145;4.2;28.5;0.6;0.8;0.2;3.6;0.01;
sainsburys-spaghetti-1kg;Sainsbury's Spaghetti 1kg;£1.20/unit;£1.20/kg;Rice, pasta & noodles;pasta;160;4.4;33.6;0.6;0.6;0.1;1.4;0.01;
sainsburys-spaghetti-3kg;Sainsbury's Spaghetti 3kg;£3.40/unit;£1.13/kg;Rice, pasta & noodles;pasta;160;4.4;33.6;0.6;0.6;0.1;1.4;0.01;
sainsburys-spaghetti-500g;Sainsbury's Spaghetti 500g;£0.85/unit;£1.70/kg;Rice, pasta & noodles;pasta;160;4.4;33.6;0.6;0.6;0.1;1.4;0.01;
sainsburys-spaghetti-bolognese--basics-300g;Sainsbury's Spaghetti Bolognese, Basics 300g;£0.80/unit;£2.67/kg;Ready meals;italian-ready-meals;92;4.9;12.9;2.6;1.8;0.8;2.1;0.49;
sainsburys-spaghetti-bolognese--basics-300g;Sainsbury's Spaghetti Bolognese, Basics 300g;£0.80/unit;£2.67/kg;Ready meals;meals-for-1-ready-meals;92;4.9;12.9;2.6;1.8;0.8;2.1;0.49;
sainsburys-spaghetti-bolognese--basics-400g;Sainsbury's Spaghetti Bolognese, Basics 400g;£1.00/unit;£2.50/kg;Ready meals & pies;frozen-ready-meals;112;6.4;15.8;3.0;2.2;0.8;1.8;0.40;
sainsburys-spaghetti-bolognese--taste-the-difference-400g-6305687-p-44;Sainsbury's Spaghetti Bolognese, Taste the Difference 400g;£3.30/unit;£8.25/kg;Ready meals;italian-ready-meals;188;15.2;14.0;1.9;7.6;2.2;1.3;0.25;
sainsburys-spaghetti-bolognese--taste-the-difference-400g-6305687-p-44;Sainsbury's Spaghetti Bolognese, Taste the Difference 400g;£3.30/unit;£8.25/kg;Ready meals;meals-for-1-ready-meals;188;15.2;14.0;1.9;7.6;2.2;1.3;0.25;
sainsburys-spaghetti-bolognese--taste-the-difference-400g-6305687-p-44;Sainsbury's Spaghetti Bolognese, Taste the Difference 400g;£3.30/unit;£8.25/kg;Ready meals;taste-the-difference-bistro-ready-meals;188;15.2;14.0;1.9;7.6;2.2;1.3;0.25;
sainsburys-spaghetti-bolognese-410g;Sainsbury's Spaghetti Bolognese 410g;£0.65/unit;£1.59/kg;Canned, tinned & packaged foods;baked-beans-canned-pasta;73;3.9;10.3;4.4;1.8;0.5;1.0;0.75;
sainsburys-spaghetti-bolognese-430g;Sainsbury's Spaghetti Bolognese 430g;£2.30/unit;£5.35/kg;Ready meals;italian-ready-meals;132;6.8;9.1;3.6;6.2;2.8;6.0;0.53;
sainsburys-spaghetti-bolognese-430g;Sainsbury's Spaghetti Bolognese 430g;£2.30/unit;£5.35/kg;Ready meals;meals-for-1-ready-meals;132;6.8;9.1;3.6;6.2;2.8;6.0;0.53;
sainsburys-spaghetti-carbonara-430g;Sainsbury's Spaghetti Carbonara 430g;£1.50/unit;£3.49/kg;Ready meals;italian-ready-meals;164;7.4;13.3;1.9;7.8;3.8;5.6;0.60;
sainsburys-spaghetti-carbonara-430g;Sainsbury's Spaghetti Carbonara 430g;£1.50/unit;£3.49/kg;Ready meals;meals-for-1-ready-meals;164;7.4;13.3;1.9;7.8;3.8;5.6;0.60;
sainsburys-spaghetti-in-tomato-sauce-215g;Sainsbury's Spaghetti In Tomato Sauce 215g;£0.30/unit;£1.40/kg;Canned, tinned & packaged foods;baked-beans-canned-pasta;62;1.7;12.5;3.9;0.5;0.1;0.8;0.38;
sainsburys-spaghetti-in-tomato-sauce-410g;Sainsbury's Spaghetti In Tomato Sauce 410g;£0.40/unit;£0.98/kg;Canned, tinned & packaged foods;baked-beans-canned-pasta;62;1.7;12.5;3.9;0.4;0.1;0.8;0.50;
sainsburys-spaghetti-in-tomato-sauce-4x410g;Sainsbury's Spaghetti In Tomato Sauce 4x410g;£1.40/unit;£0.85/kg;Canned, tinned & packaged foods;baked-beans-canned-pasta;62;1.7;12.5;3.9;0.5;0.1;0.8;0.38;
sainsburys-spaghetti-meatballs-430g;Sainsbury's Spaghetti Meatballs 430g;£2.30/unit;£5.35/kg;Ready meals;italian-ready-meals;130;5.9;10.2;2.8;6.4;1.6;4.4;0.40;
sainsburys-spaghetti-meatballs-430g;Sainsbury's Spaghetti Meatballs 430g;£2.30/unit;£5.35/kg;Ready meals;meals-for-1-ready-meals;130;5.9;10.2;2.8;6.4;1.6;4.4;0.40;
sainsburys-spaghetti-rings---pork-sausages-410g;Sainsbury's Spaghetti Rings & Pork Sausages 410g;£0.65/unit;£1.59/kg;Canned, tinned & packaged foods;baked-beans-canned-pasta;null;null;null;null;null;null;null;null;
sainsburys-spaghetti-rings-in-tomato-sauce-215g;Sainsbury's Spaghetti Rings In Tomato Sauce 215g;£0.30/unit;£1.40/kg;Canned, tinned & packaged foods;baked-beans-canned-pasta;60;1.8;11.7;3.6;0.5;0.1;0.7;0.38;
sainsburys-spaghetti-rings-in-tomato-sauce-410g;Sainsbury's Spaghetti Rings In Tomato Sauce 410g;£0.40/unit;£0.98/kg;Canned, tinned & packaged foods;baked-beans-canned-pasta;60;1.8;11.7;3.6;0.5;0.1;0.7;0.38;
sainsburys-spainish-olive-oil--extra-virgin-500ml;Sainsbury's Spanish Olive Oil, Extra Virgin 500ml;£2.90/unit;£0.58/100ml;Cooking ingredients & oils;oils;823;0;0;0;91.4;13.1;0;0;
sainsburys-spanish-chicken-500g;Sainsbury's Spanish Chicken 500g;£1.29/unit;£0.26/100g;Cooking sauces & world foods;traditional-cooking-sauces;48;1.8;6.2;3.7;1.6;0.6;0.9;0.60;
sainsburys-spanish-chorizo-180g;Sainsbury's Spanish Chorizo Slices 180g;£2.00/unit;£1.11/100g;Cooked meats & snacking;mfp-continental-meats;338;21.0;3.0;1.8;26.7;10.4;1.0;3.58;
sainsburys-spanish-chorizo-180g;Sainsbury's Spanish Chorizo Slices 180g;£2.00/unit;£1.11/100g;Cooked meats, pate & sandwich fillers;continental-meats;338;21.0;3.0;1.8;26.7;10.4;1.0;3.58;
sainsburys-spanish-chorizo-70g;Sainsbury's Spanish Chorizo Slices 70g;£1.00/unit;£1.43/100g;Cooked meats & snacking;mfp-continental-meats;338;21.0;3.0;1.8;26.7;10.4;1.0;3.58;
sainsburys-spanish-chorizo-70g;Sainsbury's Spanish Chorizo Slices 70g;£1.00/unit;£1.43/100g;Cooked meats, pate & sandwich fillers;continental-meats;338;21.0;3.0;1.8;26.7;10.4;1.0;3.58;
sainsburys-spanish-forest-honey--taste-the-difference-340g;Sainsbury's Spanish Forest Honey, Taste the Difference 340g;£2.80/unit;£0.82/100g;Jams, honey & spreads;honey;329;0.5;82;81;0.5;0.2;0.5;0.03;
sainsburys-spanish-manchego--taste-the-difference-170g;Sainsbury's Spanish Manchego, Taste the Difference 170g;£2.60/unit;£15.29/kg;Cheese;cheeseboard-delights;460;25.6;0.5;0.5;39.5;22.1;0.5;2.30;
sainsburys-spanish-manchego--taste-the-difference-170g;Sainsbury's Spanish Manchego, Taste the Difference 170g;£2.60/unit;£15.29/kg;Cheese;healthier-choice-special-diet-cheese;460;25.6;0.5;0.5;39.5;22.1;0.5;2.30;
sainsburys-spanish-manchego--taste-the-difference-170g;Sainsbury's Spanish Manchego, Taste the Difference 170g;£2.60/unit;£15.29/kg;Cheese;organic-taste-the-difference-cheese;460;25.6;0.5;0.5;39.5;22.1;0.5;2.30;
sainsburys-spanish-paella-rice-500g;Sainsbury's Spanish Paella Rice 500g;£1.20/unit;£2.40/kg;Rice, pasta & noodles;rice-12592-44;118;2.4;25.9;0.5;0.5;0.1;1.2;0.01;
sainsburys-spanish-platter-90g;Sainsbury's Spanish Platter 90g;£2.50/unit;£2.78/100g;Coleslaw, olives, salads & dips;olives-tapas-antipasti;338;21.0;3.0;1.8;26.7;10.4;1.0;3.58;
sainsburys-spanish-selection-120g;Sainsbury's Spanish Tapas Selection 120g;£2.75/unit;£2.29/100g;Coleslaw, olives, salads & dips;olives-tapas-antipasti;338;21.0;3.0;1.8;26.7;10.4;1.0;3.58;
sainsburys-spanish-selection-120g;Sainsbury's Spanish Tapas Selection 120g;£2.75/unit;£2.29/100g;Cooked meats & snacking;mfp-continental-meats;338;21.0;3.0;1.8;26.7;10.4;1.0;3.58;
sainsburys-spanish-selection-120g;Sainsbury's Spanish Tapas Selection 120g;£2.75/unit;£2.29/100g;Cooked meats, pate & sandwich fillers;continental-meats;338;21.0;3.0;1.8;26.7;10.4;1.0;3.58;
sainsburys-spanish-sherry-vinegar-375ml;Sainsbury's Spanish Sherry Vinegar 375ml;£1.60/unit;£4.27/ltr;Vinegar, pickles, olives & antipasti;vinegar;47;2.2;2.4;2.4;0.5;0.1;0.5;0.01;
sainsburys-spanish-smoked-chorizo-170g;Sainsbury's Smoked Chorizo 170g;£3.00/unit;£1.76/100g;Cooked meats & snacking;mfp-continental-meats;475;22.6;3.2;0.9;40.8;15.5;2.3;3.39;
sainsburys-spanish-smoked-chorizo-170g;Sainsbury's Smoked Chorizo 170g;£3.00/unit;£1.76/100g;Cooked meats, pate & sandwich fillers;continental-meats;475;22.6;3.2;0.9;40.8;15.5;2.3;3.39;
sainsburys-special-fried-rice-250g;Sainsbury's Special Fried Rice 250g;£1.50/unit;£6.00/kg;Ready meals;meals-for-1-ready-meals;164;6.6;21.1;0.5;5.4;0.7;2.6;0.55;
sainsburys-special-fried-rice-250g;Sainsbury's Special Fried Rice 250g;£1.50/unit;£6.00/kg;Ready meals;oriental-ready-meals;164;6.6;21.1;0.5;5.4;0.7;2.6;0.55;
sainsburys-special-mixed-vegetables-1kg;Sainsbury's Special Mixed Vegetables 1kg;£1.40/unit;£1.40/kg;Fruit, vegetables & rice;frozen-vegetables;67;3.4;8.9;2.8;1.1;0.2;3.7;0.08;
sainsburys-spelt---sunflower-bread--taste-the-difference-400g;Sainsbury's Spelt & Sunflower Bread, Taste the Difference 400g;£1.25/unit;£0.32/100g;Bread;bread-from-our-bakery2;null;null;null;null;null;null;null;null;
sainsburys-spelt---sunflower-bread--taste-the-difference-400g;Sainsbury's Spelt & Sunflower Bread, Taste the Difference 400g;£1.25/unit;£0.32/100g;From our in store bakery;bread-from-our-bakery;null;null;null;null;null;null;null;null;
sainsburys-spelt---sunflower-seed-bread-mix--taste-the-difference-500g;Sainsbury's Spelt & Sunflower Seed Bread Mix, Taste the Difference 500g;£0.80/unit;£1.60/kg;Sugar & home baking;flour;263;10.9;38.2;2.1;6.4;1.0;4.7;0.93;
sainsburys-spelt---sunflower-seed-bread-mix--taste-the-difference-500g;Sainsbury's Spelt & Sunflower Seed Bread Mix, Taste the Difference 500g;£0.80/unit;£1.60/kg;Sugar & home baking;pastry-savoury-mixes;263;10.9;38.2;2.1;6.4;1.0;4.7;0.93;
sainsburys-spiced-butternut-squash-cup-soup-4x23g;Sainsbury's Spiced Butternut Squash Cup Soup 4x23g;£0.90/unit;£0.98/100g;Canned, tinned & packaged foods;soups;50;1.5;8.8;1.5;0.8;0.5;0.7;0.56;
sainsburys-spiced-fruit-muffins-taste-the-difference-x4;Sainsbury's Spiced Fruit Muffins, Taste the Difference x4;£1.50/unit;£0.38/ea;Crumpets, breakfast muffins & pancakes;crumpets-breakfast-muffins-pancakes;285;8.7;47.5;19.3;6.0;3.4;3.2;0.58;
sainsburys-spicy-3-bean-enchilada-450g;Sainsbury's Spicy 3 Bean Enchilada 450g;£3.00/unit;£6.67/kg;Ready meals;meals-for-1-ready-meals;143;4.8;19.6;4.1;4.1;1.3;4.1;0.46;
sainsburys-spicy-3-bean-enchilada-450g;Sainsbury's Spicy 3 Bean Enchilada 450g;£3.00/unit;£6.67/kg;Ready meals;mexican-caribbean-american-ready-meals;143;4.8;19.6;4.1;4.1;1.3;4.1;0.46;
sainsburys-spicy-bbq-popped-potato-snacks-88g;Sainsbury's Spicy BBQ Popped Potato Snacks 88g;£1.20/unit;£1.36/100g;Crisps, nuts & snacking fruit;crisps;432;6.7;68.6;7.3;13.5;1.6;4.8;2.00;
sainsburys-spicy-bbq-popped-potato-snacks-88g;Sainsbury's Spicy BBQ Popped Potato Snacks 88g;£1.20/unit;£1.36/100g;Crisps, nuts & snacking fruit;healthier-snacks-12459-44;432;6.7;68.6;7.3;13.5;1.6;4.8;2.00;
sainsburys-spicy-bean-burgers-x4-454g;Sainsbury's Spicy Bean Burgers x4 454g;£1.80/unit;£3.96/kg;Meat free & vegetarian;meat-free-vegetarian;213;5.1;23.8;2.4;9.4;0.7;6.2;0.68;
sainsburys-spicy-brown-sauce-470g;Sainsbury's Spicy Brown Sauce 470g;£1.20/unit;£0.26/100g;Table sauces, dressings & condiments;tomato-ketchup-brown-bbq-other-sauces;129;0.7;29.7;21.2;0.5;0.0;1.4;1.25;
sainsburys-spicy-butternut-squash-samosa--taste-the-difference-210g;Sainsbury's Spicy Butternut Squash Samosa, Taste the Difference 210g;£2.00/unit;£9.52/kg;Ready meals;indian-ready-meals;250;3.2;36.2;18.4;10.0;2.9;1.4;1.28;
sainsburys-spicy-butternut-squash-samosa--taste-the-difference-210g;Sainsbury's Spicy Butternut Squash Samosa, Taste the Difference 210g;£2.00/unit;£9.52/kg;Ready meals;taste-the-difference-bistro-ready-meals;250;3.2;36.2;18.4;10.0;2.9;1.4;1.28;
sainsburys-spicy-chicken-pasta-300g;Sainsbury's Spicy Chicken Pasta Salad 300g;£2.00/unit;£0.67/100g;Coleslaw, olives, salads & dips;coleslaw-salads;145;6.9;23.8;5.7;1.9;0.3;2.5;0.36;
sainsburys-spicy-chicken-pasta-300g;Sainsbury's Spicy Chicken Pasta Salad 300g;£2.00/unit;£0.67/100g;Prepared & ready to eat;prepared-salad-herbs;145;6.9;23.8;5.7;1.9;0.3;2.5;0.36;
sainsburys-spicy-chicken-pasta-300g;Sainsbury's Spicy Chicken Pasta Salad 300g;£2.00/unit;£0.67/100g;Soup & lunchtime snacks;lunchtime-snacks;145;6.9;23.8;5.7;1.9;0.3;2.5;0.36;
sainsburys-spicy-chilli-salsa-tortillas--taste-the-difference-175g;Sainsbury's Spicy Chilli Salsa Tortillas, Taste the Difference 175g;£1.50/unit;£0.86/100g;Crisps, nuts & snacking fruit;crisps;518;5.3;57.9;2.4;28.3;2.1;5.4;0.90;
sainsburys-spicy-chorizo-ring-225g;Sainsbury's Spanish Chorizo Ring 225g;£2.50/unit;£1.11/100g;Cooked meats & snacking;cooks-ingredients;481;22.4;0.9;0.6;43.1;14.8;0.5;3.70;
sainsburys-spicy-chorizo-ring-225g;Sainsbury's Spanish Chorizo Ring 225g;£2.50/unit;£1.11/100g;Cooked meats & snacking;mfp-continental-meats;481;22.4;0.9;0.6;43.1;14.8;0.5;3.70;
sainsburys-spicy-chorizo-ring-225g;Sainsbury's Spanish Chorizo Ring 225g;£2.50/unit;£1.11/100g;Cooked meats & snacking;mfp-snacking-cooked-sausage;481;22.4;0.9;0.6;43.1;14.8;0.5;3.70;
sainsburys-spicy-chorizo-ring-225g;Sainsbury's Spanish Chorizo Ring 225g;£2.50/unit;£1.11/100g;Cooked meats, pate & sandwich fillers;continental-meats;481;22.4;0.9;0.6;43.1;14.8;0.5;3.70;
sainsburys-spicy-chorizo-ring-225g;Sainsbury's Spanish Chorizo Ring 225g;£2.50/unit;£1.11/100g;Cooked meats, pate & sandwich fillers;cooks-ingredients-85658-44;481;22.4;0.9;0.6;43.1;14.8;0.5;3.70;
sainsburys-spicy-chorizo-ring-225g;Sainsbury's Spanish Chorizo Ring 225g;£2.50/unit;£1.11/100g;Cooked meats, pate & sandwich fillers;snacking-cooked-sausage;481;22.4;0.9;0.6;43.1;14.8;0.5;3.70;
sainsburys-spicy-lamb-patties--taste-the-difference-240g;Sainsbury's Spicy Lamb Patties, Taste the Difference 240g;£2.40/unit;£10.21/kg;Ready meals;indian-ready-meals;197;2.3;3.6;1.6;19.0;1.3;1.2;0.30;
sainsburys-spicy-lamb-patties--taste-the-difference-240g;Sainsbury's Spicy Lamb Patties, Taste the Difference 240g;£2.40/unit;£10.21/kg;Ready meals;taste-the-difference-bistro-ready-meals;197;2.3;3.6;1.6;19.0;1.3;1.2;0.30;
sainsburys-spicy-lime-dipping-sauce-150g;Sainsbury's Spicy Lime Dipping Sauce 150g;£1.10/unit;£0.73/100g;Cooking sauces & world foods;indian-cooking-sauces;143;1.9;2.3;2.3;12.3;3.2;7.6;5.30;
sainsburys-spicy-lime-dipping-sauce-150g;Sainsbury's Spicy Lime Dipping Sauce 150g;£1.10/unit;£0.73/100g;Table sauces, dressings & condiments;tomato-ketchup-brown-bbq-other-sauces;143;1.9;2.3;2.3;12.3;3.2;7.6;5.30;
sainsburys-spicy-mango-chutney-370g;Sainsbury's Spicy Mango Chutney 370g;£1.20/unit;£0.32/100g;Cooking sauces & world foods;indian-cooking-sauces;234;0.5;56.9;48.0;0.5;0.1;1.8;2.56;
sainsburys-spicy-mexican-bean-soup-400g;Sainsbury's Spicy Mexican Bean Soup 400g;£0.75/unit;£0.19/100g;Canned, tinned & packaged foods;soups;61;3.3;8.5;2.3;0.8;0.1;3.2;0.50;
sainsburys-spicy-mexican-rice-250g;Sainsbury's Spicy Mexican Rice 250g;£0.50/unit;£2.00/kg;Cooking sauces & world foods;mexican-cooking-sauces;155;4.0;29.5;2.2;1.8;0.2;2.3;0.43;
sainsburys-spicy-mexican-rice-250g;Sainsbury's Spicy Mexican Rice 250g;£0.50/unit;£2.00/kg;Rice, pasta & noodles;rice-12592-44;155;4.0;29.5;2.2;1.8;0.2;2.3;0.43;
sainsburys-spicy-pepperoni-pasta-melt-800g;Sainsbury's Spicy Pepperoni Pasta Melt 800g;£4.00/unit;£5.00/kg;Ready meals;italian-ready-meals;171;6.3;20.7;3.4;6.7;2.3;1.5;0.65;
sainsburys-spicy-sweet---sour-cooking-sauce-500g;Sainsbury's Spicy Sweet & Sour Cooking Sauce 500g;£1.29/unit;£0.26/100g;Cooking sauces & world foods;chinese-cooking-sauces;124;0.6;28.4;23.5;0.6;0.1;1.1;0.57;
sainsburys-spicy-thai-crackers-80g;Sainsbury's Spicy Thai Crackers 80g;£1.20/unit;£1.50/100g;Cooking sauces & world foods;thai-cooking-sauces;527;0.7;63.2;9.1;29.6;2.5;2.4;1.81;
sainsburys-spicy-tomato-pasta-410g;Sainsbury's Spicy Tomato Pasta 410g;£0.65/unit;£1.59/kg;Canned, tinned & packaged foods;baked-beans-canned-pasta;59;2.5;10.5;3.5;0.5;0.2;1.2;0.63;
sainsburys-spinach---riccotta-cannelloni-430g;Sainsbury's Spinach & Riccotta Cannelloni 430g;£2.30/unit;£5.35/kg;Ready meals;italian-ready-meals;132;5.3;8.8;4.6;7.5;3.9;3.8;0.53;
sainsburys-spinach---riccotta-cannelloni-430g;Sainsbury's Spinach & Riccotta Cannelloni 430g;£2.30/unit;£5.35/kg;Ready meals;meals-for-1-ready-meals;132;5.3;8.8;4.6;7.5;3.9;3.8;0.53;
sainsburys-spinach---ricotta-cannelloni--be-good-to-yourself-400g;Sainsbury's Spinach & Ricotta Cannelloni, Be Good To Yourself 400g;£2.40/unit;£6.00/kg;Ready meals;healthier-choice-ready-meals;85;4.1;10.6;3.5;2.5;1.4;1.6;0.45;
sainsburys-spinach---ricotta-cannelloni--be-good-to-yourself-400g;Sainsbury's Spinach & Ricotta Cannelloni, Be Good To Yourself 400g;£2.40/unit;£6.00/kg;Ready meals;italian-ready-meals;85;4.1;10.6;3.5;2.5;1.4;1.6;0.45;
sainsburys-spinach---ricotta-cannelloni--be-good-to-yourself-400g;Sainsbury's Spinach & Ricotta Cannelloni, Be Good To Yourself 400g;£2.40/unit;£6.00/kg;Ready meals;meals-for-1-ready-meals;85;4.1;10.6;3.5;2.5;1.4;1.6;0.45;
sainsburys-spinach---ricotta-cannelloni--be-good-to-yourself-400g;Sainsbury's Spinach & Ricotta Cannelloni, Be Good To Yourself 400g;£2.40/unit;£6.00/kg;Vegetarian & meat free;vegetarian-meat-free-ready-meals;85;4.1;10.6;3.5;2.5;1.4;1.6;0.45;
sainsburys-spinach---ricotta-pesto-190g;Sainsbury's Spinach & Ricotta Pesto 190g;£1.00/unit;£0.53/100g;Cooking sauces & world foods;italian-cooking-sauces;320;3.7;4.3;2.4;31.4;4.2;2.6;1.50;
sainsburys-spinach---ricotta-sauce-350g;Sainsbury's Spinach & Ricotta Sauce 350g;£1.40/unit;£0.40/100g;Pizza, pasta & garlic bread;fresh-pasta-sauces;81;3.5;3.0;1.7;5.8;3.7;1.3;0.38;
sainsburys-spinach---ricotta-sauce-350g;Sainsbury's Spinach & Ricotta Sauce 350g;£1.40/unit;£0.40/100g;Vegetarian & meat free;vegetarian-meat-free-pizza-pasta;81;3.5;3.0;1.7;5.8;3.7;1.3;0.38;
sainsburys-split-green-peas-500g;Sainsbury's Split Green Peas 500g;£0.55/unit;£1.10/kg;Canned, tinned & packaged foods;pulses-beans;114;8.3;16.9;2.0;0.3;0;5.1;0;
sainsburys-sponge-fingers-175g;Sainsbury's Sponge Fingers 175g;£0.80/unit;£0.46/100g;Fruit & desserts;meringues-bases;398;7.7;82.7;59.2;4.0;1.0;1.7;0.18;
sainsburys-sponge-mix--basics-225g;Sainsbury's Sponge Mix, Basics 225g;£0.25/unit;£1.11/kg;Sugar & home baking;cake-sweet-mixes;340;5.2;59.8;29.0;8.7;3.4;0.8;0.55;
sainsburys-spotted-dick-2x110g;Sainsbury's Spotted Dick 2x110g;£1.75/unit;£0.80/100g;Desserts & cream;desserts;351;4.0;49.0;28.7;14.5;8.1;4.3;0.25;
sainsburys-spotted-dick-sponge-pudding-120g;Sainsbury's Spotted Dick Sponge Pudding 120g;£0.65/unit;£0.54/100g;Fruit & desserts;rice-sponge-pudding;329;2.8;45.5;28.7;14.6;3.8;2.2;0.40;
sainsburys-spotty-dotty-240ml;Sainsbury's Spotty Dotty Ice Cream Lollies x4 240ml;£1.30/unit;£0.54/100ml;Ice cream & desserts;lollies-bars-cones;315;1.8;40;30;17;11;0.5;0.14;
sainsburys-spray-carnations-%28colour-may-vary%29;Sainsbury's Spray Carnations (Colour may vary);£3.50/unit;£3.50/ea;Flowers & seeds;flowers---seeds;null;null;null;null;null;null;null;null;
sainsburys-spreadable-brussels-p%C3%A2t%C3%A9--be-good-to-yourself-175g;Sainsbury's Spreadable Brussels Pâté, Be Good To Yourself 175g;£0.70/unit;£0.40/100g;Cooked meats & snacking;mfp-pate;201;10.7;3.8;2.3;15.9;4.9;0.5;1.68;
sainsburys-spreadable-brussels-p%C3%A2t%C3%A9--be-good-to-yourself-175g;Sainsbury's Spreadable Brussels Pâté, Be Good To Yourself 175g;£0.70/unit;£0.40/100g;Cooked meats, pate & sandwich fillers;pate;201;10.7;3.8;2.3;15.9;4.9;0.5;1.68;
sainsburys-spring-onions-165g;Sainsbury's Spring Onions 165g;£1.25/unit;£0.76/100g;Fresh salad;spring-onions-radish-beetroot;28;2.0;3.0;2.8;0.5;0.1;1.5;0.00;
sainsburys-spring-onions-165g;Sainsbury's Spring Onions 165g;£1.25/unit;£0.76/100g;Fresh vegetables;onions-leeks-garlic;28;2.0;3.0;2.8;0.5;0.1;1.5;0.00;
sainsburys-spring-onions-165g;Sainsbury's Spring Onions 165g;£1.25/unit;£0.76/100g;In season;new-in-season;28;2.0;3.0;2.8;0.5;0.1;1.5;0.00;
sainsburys-spring-onions-bunch-100g;Sainsbury's Spring Onions Bunch 100g;£0.45/unit;£0.45/100g;Fresh salad;spring-onions-radish-beetroot;null;null;null;null;null;null;null;null;
sainsburys-spring-onions-bunch-100g;Sainsbury's Spring Onions Bunch 100g;£0.45/unit;£0.45/100g;Fresh vegetables;onions-leeks-garlic;null;null;null;null;null;null;null;null;
sainsburys-spring-onions-bunch-100g;Sainsbury's Spring Onions Bunch 100g;£0.45/unit;£0.45/100g;In season;new-in-season;null;null;null;null;null;null;null;null;
sainsburys-spring-vegetable-soup-400g;Sainsbury's Spring Vegetable Soup 400g;£0.55/unit;£0.14/100g;Canned, tinned & packaged foods;soups;32;0.8;7.0;1.3;0.5;0.1;0.6;0.58;
sainsburys-sprinkle-top-ice-lollies-8x40ml;Sainsbury's Sprinkle Top Ice Lollies 8x40ml;£1.30/unit;£0.41/100ml;Ice cream & desserts;lollies-bars-cones;108;0.5;24.5;22.2;1.0;0.4;0.5;0.10;
sainsburys-squeezy-chocolate-sauce-300g;Sainsbury's Squeezy Chocolate Sauce 300g;£1.50/unit;£0.50/100g;Fruit & desserts;sauces-toppings;339;2.5;59.0;40.0;10.0;6.2;1.6;0;
sainsburys-squeezy-chocolate-sauce-300g;Sainsbury's Squeezy Chocolate Sauce 300g;£1.50/unit;£0.50/100g;Ice cream & desserts;wafers-sauces-toppings;339;2.5;59.0;40.0;10.0;6.2;1.6;0;
sainsburys-squeezy-honey--so-organic-340g;Sainsbury's Squeezy Honey, SO Organic 340g;£3.00/unit;£0.88/100g;Jams, honey & spreads;honey;329;0.5;81.5;80.8;0.5;0.2;0.5;0.03;
sainsburys-squeezy-toffee-sauce-310g;Sainsbury's Squeezy Toffee Sauce 310g;£1.50/unit;£0.48/100g;Fruit & desserts;sauces-toppings;349;1.9;73.6;60.8;5.1;4.2;0.6;0.42;
sainsburys-squeezy-toffee-sauce-310g;Sainsbury's Squeezy Toffee Sauce 310g;£1.50/unit;£0.48/100g;Ice cream & desserts;wafers-sauces-toppings;349;1.9;73.6;60.8;5.1;4.2;0.6;0.42;
sainsburys-squegg-rocky-road-150g;Sainsbury's Squegg Rocky Road 150g;£3.00/unit;£3.00/100g;Confectionery;easter-eggs;538;6.5;57.7;54.6;30.8;19.3;2.0;0.22;
sainsburys-squid-rings--taste-the-difference-300g;Sainsbury's Squid Rings, Taste the Difference 300g;£5.00/unit;£16.67/kg;Fish & seafood;frozen-fish-seafood;90;17.9;0.5;0.5;1.8;0.2;0.5;0.40;
sainsburys-st-helens-farm-goats-cheese-240g;Sainsbury's St Helens Farm Goats Cheese 240g;£3.40/unit;£14.17/kg;Cheese;healthier-choice-special-diet-cheese;348;22.1;0.5;0.5;28.7;18.8;0.5;1.78;
sainsburys-star-anise-15g;Sainsbury's Star Anise 15g;£1.00/unit;£0.67/10g;Cooking ingredients & oils;herbs-spices-seasoning;null;null;null;null;null;null;null;null;
sainsburys-stars-500g;Sainsbury's Stars Pasta 500g;£0.85/unit;£1.70/kg;Rice, pasta & noodles;pasta;160;4.4;33.6;0.6;0.6;0.1;1.4;0.01;
sainsburys-steak---ale--taste-the-difference-400g;Sainsbury's Steak & Ale, Taste the Difference 400g;£3.30/unit;£8.25/kg;Ready meals;british-ready-meals;183;9.9;15.4;1.2;8.8;3.6;1.6;0.87;
sainsburys-steak---ale--taste-the-difference-400g;Sainsbury's Steak & Ale, Taste the Difference 400g;£3.30/unit;£8.25/kg;Ready meals;meals-for-1-ready-meals;183;9.9;15.4;1.2;8.8;3.6;1.6;0.87;
sainsburys-steak---ale--taste-the-difference-400g;Sainsbury's Steak & Ale, Taste the Difference 400g;£3.30/unit;£8.25/kg;Ready meals;taste-the-difference-bistro-ready-meals;183;9.9;15.4;1.2;8.8;3.6;1.6;0.87;
sainsburys-steak---ale-pie--taste-the-difference-250g;Sainsbury's Steak & Ale Pie, Taste the Difference 250g;£3.00/unit;£1.20/100g;Pies, pasties & quiche;hot-cold-pies;302;9.2;25.2;1.6;18.0;9.5;1.6;0.51;
sainsburys-steak---ale-puff-pastry-pie-550g;Sainsbury's Steak & Ale Puff Pastry Pie 550g;£3.60/unit;£0.65/100g;Pies, pasties & quiche;hot-cold-pies;253;9.5;22.7;0.7;13.6;6.0;0.9;0.48;
sainsburys-steak---ale-puff-pastry-pie-550g;Sainsbury's Steak & Ale Puff Pastry Pie 550g;£3.60/unit;£0.65/100g;Ready meals;british-ready-meals;253;9.5;22.7;0.7;13.6;6.0;0.9;0.48;
sainsburys-steak---guiness-puff-pastry-pie-235g;Sainsbury's Steak & Ale Puff Pastry Pie 235g;£2.00/unit;£0.85/100g;Pies, pasties & quiche;hot-cold-pies;263;8.6;22.6;1.3;15.0;6.6;1.4;0.73;
sainsburys-steak---kidney-pies-x4-600g;Sainsbury's Steak & Kidney Pies x4 600g;£2.00/unit;£0.33/100g;Ready meals & pies;frozen-pies;210;8.5;22.4;1.8;9.3;4.4;1.4;0.57;
sainsburys-steak---kidney-pudding--suet-pastry-190g;Sainsbury's Steak & Kidney Pudding, Suet Pastry 190g;£1.80/unit;£0.95/100g;Pies, pasties & quiche;hot-cold-pies;245;11.5;19.2;0.8;13.3;6.7;1.1;0.68;
sainsburys-steak---kidney-puff-pastry-pie-150g;Sainsbury's Steak & Kidney Puff Pastry Pie 150g;£0.70/unit;£0.47/100g;Pies, pasties & quiche;hot-cold-pies;252;9.3;22.4;3.5;13.4;5.6;2.4;0.68;
sainsburys-steak---kidney-shortcrust-pastry-pie-235g;Sainsbury's Steak & Kidney Shortcrust Pastry Pie 235g;£2.00/unit;£0.85/100g;Pies, pasties & quiche;hot-cold-pies;289;8.7;28.0;0.8;15.5;6.2;1.2;0.50;
sainsburys-steak-au-poivre--taste-the-difference-450g-7332042-p-44;Sainsbury's Steak Au Poivre, Taste the Difference 450g;£3.30/unit;£7.33/kg;Ready meals;meals-for-1-ready-meals;128;7.0;11.6;1.9;5.2;2.7;3.5;0.65;
sainsburys-steak-au-poivre--taste-the-difference-450g-7332042-p-44;Sainsbury's Steak Au Poivre, Taste the Difference 450g;£3.30/unit;£7.33/kg;Ready meals;mediterranean-other-cuisine-ready-meals;128;7.0;11.6;1.9;5.2;2.7;3.5;0.65;
sainsburys-steak-au-poivre--taste-the-difference-450g-7332042-p-44;Sainsbury's Steak Au Poivre, Taste the Difference 450g;£3.30/unit;£7.33/kg;Ready meals;taste-the-difference-bistro-ready-meals;128;7.0;11.6;1.9;5.2;2.7;3.5;0.65;
sainsburys-steak-burgers--taste-the-difference-x4-680g;Sainsbury's Steak Burgers, Taste the Difference x4 680g;£2.50/unit;£3.68/kg;Beef;beef;223;25.3;0.5;0.5;13.3;4.7;0.5;0.75;
sainsburys-steak-burgers--taste-the-difference-x4-680g;Sainsbury's Steak Burgers, Taste the Difference x4 680g;£2.50/unit;£3.68/kg;Burgers & BBQ;burgers-bbq;223;25.3;0.5;0.5;13.3;4.7;0.5;0.75;
sainsburys-steak-burgers--taste-the-difference-x4-680g;Sainsbury's Steak Burgers, Taste the Difference x4 680g;£2.50/unit;£3.68/kg;Organic & Taste the Difference;organic-taste-the-difference;223;25.3;0.5;0.5;13.3;4.7;0.5;0.75;
sainsburys-steak-cut-chips-18kg;Sainsbury's Steak Cut Chips 1.8kg;£1.80/unit;£1.00/kg;Chips & potatoes;chips-potatoes;176;3.4;24.5;0.5;6.0;0.7;5.1;0.14;
sainsburys-steak-cut-chips-900g;Sainsbury's Steak Cut Chips 900g;£1.00/unit;£1.11/kg;Chips & potatoes;chips-potatoes;176;3.4;24.5;0.5;6.0;0.7;5.1;0.14;
sainsburys-steak-family-pie-700g;Sainsbury's Steak Family Pie 700g;£2.80/unit;£0.40/100g;Ready meals & pies;frozen-pies;227;9.9;24.1;0.9;9.7;3.6;1.9;0.63;
sainsburys-steak-hache-burger--taste-the-difference-340g;Sainsbury's Steak Hache Burger, Taste the Difference x2 340g;£3.30/unit;£9.71/kg;Beef;beef;155;22.2;3.5;0.5;5.6;2.5;0.6;0.90;
sainsburys-steak-hache-burger--taste-the-difference-340g;Sainsbury's Steak Hache Burger, Taste the Difference x2 340g;£3.30/unit;£9.71/kg;Burgers & BBQ;burgers-bbq;155;22.2;3.5;0.5;5.6;2.5;0.6;0.90;
sainsburys-steak-hache-burger--taste-the-difference-340g;Sainsbury's Steak Hache Burger, Taste the Difference x2 340g;£3.30/unit;£9.71/kg;Organic & Taste the Difference;organic-taste-the-difference;155;22.2;3.5;0.5;5.6;2.5;0.6;0.90;
sainsburys-steak-pie--taste-the-difference-250g;Sainsbury's Steak Pie, Taste the Difference 250g;£3.00/unit;£1.20/100g;Pies, pasties & quiche;hot-cold-pies;282;11.3;22.0;1.7;16.2;8.9;1.4;0.48;
sainsburys-steak-pies-x4-600g;Sainsbury's Steak Pies x4 600g;£2.00/unit;£0.33/100g;Ready meals & pies;frozen-pies;217;9.6;23.6;1.6;9.1;4.2;1.1;0.64;
sainsburys-steak-puff-pastry-pie-150g;Sainsbury's Steak Puff Pastry Pie 150g;£0.70/unit;£0.47/100g;Pies, pasties & quiche;hot-cold-pies;259;9.6;23.1;2.9;13.8;5.7;1.7;0.74;
sainsburys-steak-puff-pastry-pie-235g;Sainsbury's Steak Puff Pastry Pie 235g;£2.00/unit;£0.85/100g;Pies, pasties & quiche;hot-cold-pies;275;10.9;21.8;1.4;15.7;7.3;1.5;0.75;
sainsburys-steak-puff-pastry-pie-550g;Sainsbury's Steak Puff Pastry Pie 550g;£3.60/unit;£0.65/100g;Pies, pasties & quiche;hot-cold-pies;280;9.8;22.6;0.8;16.4;6.9;1.3;0.63;
sainsburys-steak-puff-pastry-pie-550g;Sainsbury's Steak Puff Pastry Pie 550g;£3.60/unit;£0.65/100g;Ready meals;british-ready-meals;280;9.8;22.6;0.8;16.4;6.9;1.3;0.63;
sainsburys-steak-shortcrust-pastry-pie-235g;Sainsbury's Steak Shortcrust Pastry Pie 235g;£2.00/unit;£0.85/100g;Pies, pasties & quiche;hot-cold-pies;280;11.0;22.9;1.5;15.7;6.8;1.4;0.65;
sainsburys-steak-shortcrust-pastry-pie-550g;Sainsbury's Steak Deep Filled Shortcrust Pastry Pie 550g;£3.60/unit;£0.65/100g;Pies, pasties & quiche;hot-cold-pies;327;11.5;27.9;1.1;18.5;7.3;1.6;0.55;
sainsburys-steak-shortcrust-pastry-pie-550g;Sainsbury's Steak Deep Filled Shortcrust Pastry Pie 550g;£3.60/unit;£0.65/100g;Ready meals;british-ready-meals;327;11.5;27.9;1.1;18.5;7.3;1.6;0.55;
sainsburys-steak-slice-180g;Sainsbury's Steak Slice 180g;£1.00/unit;£0.56/100g;Pies, pasties & quiche;slices-pasties;246;9.1;22.2;2.2;12.9;5.9;2.3;0.73;
sainsburys-steak-slice-180g;Sainsbury's Steak Slice 180g;£1.00/unit;£0.56/100g;Soup & lunchtime snacks;lunchtime-snacks;246;9.1;22.2;2.2;12.9;5.9;2.3;0.73;
sainsburys-steak-slices-x2-320g;Sainsbury's Steak Slices x2 320g;£1.50/unit;£0.47/100g;Ready meals & pies;frozen-pies;251;7.8;26.6;1.6;12.1;5.7;2.3;0.68;
sainsburys-steak-slices-x2-320g;Sainsbury's Steak Slices x2 320g;£1.50/unit;£0.47/100g;Ready meals & pies;frozen-snacks;251;7.8;26.6;1.6;12.1;5.7;2.3;0.68;
sainsburys-steak-slices-x2-330g;Sainsbury's Steak Slices x2 330g;£1.80/unit;£0.55/100g;Pies, pasties & quiche;slices-pasties;251;9.2;23.5;3.6;12.9;5.8;1.8;0.73;
sainsburys-steamed-dim-sum---dip-x9-210g;Sainsbury's Steamed Dim Sum & Dip x9 210g;£2.75/unit;£13.10/kg;Ready meals;oriental-ready-meals;159;4.4;21.9;1.4;5.5;2.3;2.2;0.95;
sainsburys-steamed-dim-sum---dip-x9-210g;Sainsbury's Steamed Dim Sum & Dip x9 210g;£2.75/unit;£13.10/kg;Ready meals;potato-vegetable-side-dishes;159;4.4;21.9;1.4;5.5;2.3;2.2;0.95;
sainsburys-steamed-egg-fried-rice-380g;Sainsbury's Steamed Egg Fried Rice 380g;£1.00/unit;£2.63/kg;Fruit, vegetables & rice;frozen-rice;122;4.1;22.0;1.1;1.7;0.4;1.0;0.55;
sainsburys-steamed-golden-rice-380g;Sainsbury's Steamed Golden Rice 380g;£1.00/unit;£2.63/kg;Fruit, vegetables & rice;frozen-rice;111;3.0;21.0;3.6;1.1;0.2;2.3;0.52;
sainsburys-steamed-mediterranean-vegetable-rice-380g;Sainsbury's Steamed Mediterranean Vegetable Rice 380g;£1.00/unit;£2.63/kg;Fruit, vegetables & rice;frozen-rice;116;2.4;23.0;2.1;1.3;0.2;1.2;0.43;
sainsburys-stem-ginger-350g;Sainsbury's Stem Ginger 350g;£2.50/unit;£0.71/100g;Sugar & home baking;baking-ingredients---colourings;292;0.5;71.3;64.0;0.5;0.2;1.6;0.03;
sainsburys-stem-ginger-cookies--taste-the-difference-200g;Sainsbury's Stem Ginger Cookies, Taste the Difference 200g;£1.75/unit;£0.88/100g;Biscuits & crackers;cookies;496;4.9;62.3;31.7;24.7;15.6;2.2;0.60;
sainsburys-stem-ginger-cookies--taste-the-difference-200g;Sainsbury's Stem Ginger Cookies, Taste the Difference 200g;£1.75/unit;£0.88/100g;Biscuits & crackers;luxury-continental-biscuits;496;4.9;62.3;31.7;24.7;15.6;2.2;0.60;
sainsburys-stew-mix-500g;Sainsbury's Stew Mix 500g;£1.10/unit;£2.20/kg;Canned, tinned & packaged foods;pulses-beans;100;5.6;15.7;0.8;0.8;0;3.9;0;
sainsburys-stewed-steak-200g;Sainsbury's Stewed Steak 200g;£2.00/unit;£10.00/kg;Canned, tinned & packaged foods;canned-tinned-packaged-hot-meat-meals;116;17.2;4.8;1.4;3.1;1.1;0.5;0.70;
sainsburys-stewed-steak-in-gravy-400g;Sainsbury's Stewed Steak In Gravy 400g;£2.75/unit;£6.88/kg;Canned, tinned & packaged foods;canned-tinned-packaged-hot-meat-meals;116;17.1;2.5;0.5;4.2;1.8;0.5;0.38;
sainsburys-sticky-soy---ginger-oven-bake-190g;Sainsbury's Sticky Soy & Ginger Oven Bake 190g;£1.20/unit;£0.63/100g;Cooking sauces & world foods;chinese-cooking-sauces;143;1.7;29.0;20.5;2.2;0.1;0.5;1.33;
sainsburys-sticky-toffee-pudding--taste-the-difference-450g;Sainsbury's Sticky Toffee Pudding, Taste the Difference 450g;£3.75/unit;£0.83/100g;Desserts & cream;desserts;339;2.7;48;40;15;8.5;2.6;0.77;
sainsburys-sticky-toffee-pudding-400g;Sainsbury's Sticky Toffee Pudding 400g;£2.75/unit;£0.69/100g;Desserts & cream;desserts;370;3.3;58;42;13;7.6;2.9;0.48;
sainsburys-sticky-toffee-sponge-pudding-120g;Sainsbury's Sticky Toffee Sponge Pudding 120g;£0.65/unit;£0.54/100g;Fruit & desserts;rice-sponge-pudding;331;2.1;44.0;32.5;15.8;6.0;2.1;0.58;
sainsburys-stilton--so-organic-200g;Sainsbury's Stilton, SO Organic 200g;£2.50/unit;£12.50/kg;Cheese;cheddar-british-regional-cheese;410;23.7;0.5;0.5;35.0;23.0;0.5;2.00;
sainsburys-stilton--so-organic-200g;Sainsbury's Stilton, SO Organic 200g;£2.50/unit;£12.50/kg;Cheese;cheeseboard-delights;410;23.7;0.5;0.5;35.0;23.0;0.5;2.00;
sainsburys-stilton--so-organic-200g;Sainsbury's Stilton, SO Organic 200g;£2.50/unit;£12.50/kg;Cheese;organic-taste-the-difference-cheese;410;23.7;0.5;0.5;35.0;23.0;0.5;2.00;
sainsburys-stir-fry--basics-700g;Sainsbury's Stir Fry, Basics 700g;£1.00/unit;£1.43/kg;Fresh herbs & ingredients;asian-ingredients;44;1.4;4.5;3.9;1.8;0.2;2.2;0.10;
sainsburys-stir-fry--basics-700g;Sainsbury's Stir Fry, Basics 700g;£1.00/unit;£1.43/kg;Fresh vegetables;fresh-vegetables-stir-fry;44;1.4;4.5;3.9;1.8;0.2;2.2;0.10;
sainsburys-stir-fry--basics-700g;Sainsbury's Stir Fry, Basics 700g;£1.00/unit;£1.43/kg;Fresh vegetables;fresh-vegetables-world-exotic;44;1.4;4.5;3.9;1.8;0.2;2.2;0.10;
sainsburys-stir-fry--basics-700g;Sainsbury's Stir Fry, Basics 700g;£1.00/unit;£1.43/kg;Prepared & ready to eat;prepared-stir-fry;44;1.4;4.5;3.9;1.8;0.2;2.2;0.10;
sainsburys-stir-fry--basics-700g;Sainsbury's Stir Fry, Basics 700g;£1.00/unit;£1.43/kg;Prepared & ready to eat;prepared-vegetables;44;1.4;4.5;3.9;1.8;0.2;2.2;0.10;
sainsburys-stir-fry-oil-250ml;Sainsbury's Stir Fry Oil 250ml;£1.30/unit;£0.52/100ml;Cooking ingredients & oils;oils;829;0.5;0.5;0.5;92.1;10.5;0.5;0.01;
sainsburys-stir-fry-vegetables-230g;Sainsbury's Stir Fry Vegetables 230g;£2.00/unit;£8.70/kg;Fresh herbs & ingredients;asian-ingredients;66;3.4;5.5;3.4;2.9;0.2;2.3;0.13;
sainsburys-stir-fry-vegetables-230g;Sainsbury's Stir Fry Vegetables 230g;£2.00/unit;£8.70/kg;Fresh vegetables;fresh-vegetables-stir-fry;66;3.4;5.5;3.4;2.9;0.2;2.3;0.13;
sainsburys-stir-fry-vegetables-230g;Sainsbury's Stir Fry Vegetables 230g;£2.00/unit;£8.70/kg;Fresh vegetables;fresh-vegetables-world-exotic;66;3.4;5.5;3.4;2.9;0.2;2.3;0.13;
sainsburys-stir-fry-vegetables-230g;Sainsbury's Stir Fry Vegetables 230g;£2.00/unit;£8.70/kg;Prepared & ready to eat;prepared-stir-fry;66;3.4;5.5;3.4;2.9;0.2;2.3;0.13;
sainsburys-stir-fry-vegetables-230g;Sainsbury's Stir Fry Vegetables 230g;£2.00/unit;£8.70/kg;Prepared & ready to eat;prepared-vegetables;66;3.4;5.5;3.4;2.9;0.2;2.3;0.13;
sainsburys-stir-fry-vegetables-650g;Sainsbury's Stir Fry Vegetables 650g;£1.50/unit;£2.31/kg;Fruit, vegetables & rice;frozen-vegetables;58;0.9;6.7;4.0;2.3;1.4;3.5;0.05;
sainsburys-stir-in-chargrilled-vegetable-pasta-sauce-150g;Sainsbury's Stir In Chargrilled Vegetable Pasta Sauce 150g;£0.95/unit;£0.63/100g;Cooking sauces & world foods;italian-cooking-sauces;89;1.7;8.5;7.1;4.7;0.4;2.8;0.94;
sainsburys-stir-in-red-onion---blue-cheese-pasta-sauce-150g;Sainsbury's Stir In Red Onion & Blue Cheese Pasta Sauce 150g;£0.95/unit;£0.63/100g;Cooking sauces & world foods;italian-cooking-sauces;96;2.2;6.2;4.7;6.4;1.1;2.5;0.87;
sainsburys-stir-in-red-pepper---goats-cheese-pasta-sauce-150g;Sainsbury's Stir In Red Pepper & Goats Cheese Pasta Sauce 150g;£0.95/unit;£0.63/100g;Cooking sauces & world foods;italian-cooking-sauces;106;2.7;6.0;5.9;7.5;1.2;1.9;1.49;
sainsburys-stir-in-roasted-tomato---chilli-pasta-sauce-150g;Sainsbury's Stir In Roasted Tomato & Chilli Pasta Sauce 150g;£0.95/unit;£0.63/100g;Cooking sauces & world foods;italian-cooking-sauces;85;1.7;8.1;8.1;4.5;0.4;2.4;1.35;
sainsburys-stir-in-sundried-tomato---olive-past-sauce-150g;Sainsbury's Stir In Sundried Tomato & Olive Past Sauce 150g;£0.95/unit;£0.63/100g;Cooking sauces & world foods;italian-cooking-sauces;107;2.1;6.3;6.0;7.6;0.7;2.9;1.74;
sainsburys-stir-in-sweet-pepper-pasta-sauce-150g;Sainsbury's Stir In Sweet Pepper Pasta Sauce 150g;£0.95/unit;£0.63/100g;Cooking sauces & world foods;italian-cooking-sauces;86;1.6;4.9;4.7;5.8;0.5;3.9;1.09;
sainsburys-stir-in-tomato---basil-pasta-sauce-150g;Sainsbury's Stir In Tomato & Basil Pasta Sauce 150g;£0.95/unit;£0.63/100g;Cooking sauces & world foods;italian-cooking-sauces;79;1.9;6.2;6.0;4.7;0.5;2.3;1.23;
sainsburys-stir-in-tomato---roasted-garlic-pasta-sauce-150g;Sainsbury's Stir In Tomato & Roasted Garlic Pasta Sauce 150g;£0.95/unit;£0.63/100g;Cooking sauces & world foods;italian-cooking-sauces;95;1.7;9.3;6.0;5.1;0.5;2.3;0.64;
sainsburys-stock-chicken-cubes--basics-10x10g;Sainsbury's Stock Chicken Cubes, Basics 10x10g;£0.25/unit;£0.25/100g;Cooking ingredients & oils;stock;6;0.5;0.8;0.5;0.5;0.2;0.5;0.79;
sainsburys-stock-concentrate-300g;Sainsbury's Stock Concentrate 300g;£2.00/unit;£0.67/100g;Just Cook, prepared & sauces;stock---gravy;53;7.0;3.6;1.0;1.1;0.1;0.5;0.50;
sainsburys-stock-cubes--beef-10x10g;Sainsbury's Stock Cubes, Beef 10x10g;£0.65/unit;£0.65/100g;Cooking ingredients & oils;stock;6;0.5;0.5;0.5;0.5;0.3;0.5;0.85;
sainsburys-stock-cubes--chicken-10x10g;Sainsbury's Stock Cubes, Chicken 10x10g;£0.65/unit;£0.65/100g;Cooking ingredients & oils;stock;7;0.5;0.5;0.5;0.5;0.3;0.5;0.89;
sainsburys-stock-cubes--fish-10x10g;Sainsbury's Stock Cubes, Fish 10x10g;£0.65/unit;£0.65/100g;Cooking ingredients & oils;stock;7;0.5;0.5;0.5;0.5;0.4;0.5;0.66;
sainsburys-stock-cubes--vegetable-10x10g;Sainsbury's Stock Cubes, Vegetable 10x10g;£0.65/unit;£0.65/100g;Cooking ingredients & oils;stock;6;0.5;0.5;0.5;0.5;0.3;0.5;0.80;
sainsburys-stonebaked-chicken---pesto-pizza-10;Sainsbury's Stonebaked Chicken & Pesto Pizza 10'' 325g;£3.00/unit;£9.23/kg;Pizza, pasta & garlic bread;pizza;249;13.1;28.8;3.4;8.4;3.4;2.8;1.25;
sainsburys-stonebaked-ham---pineapple-pizza-10;Sainsbury's Stonebaked Ham & Pineapple Pizza 10'' 305g;£3.00/unit;£9.84/kg;Pizza, pasta & garlic bread;pizza;241;13.4;31.1;3.9;6.5;3.4;2.3;1.25;
sainsburys-stonebaked-hot---spicy-pizza-12;Sainsbury's Stonebaked Hot & Spicy Pizza 12'' 445g;£3.50/unit;£7.78/kg;Pizza, pasta & garlic bread;pizza;276;13.4;31.8;4.1;9.9;4.5;2.9;1.43;
sainsburys-stonebaked-margherita-pizza-10;Sainsbury's Stonebaked Margherita Pizza 10'' 290g;£3.00/unit;£10.34/kg;Pizza, pasta & garlic bread;pizza;258;12.4;32.2;3.5;8.1;4.3;3.5;1.27;
sainsburys-stonebaked-margherita-pizza-10;Sainsbury's Stonebaked Margherita Pizza 10'' 290g;£3.00/unit;£10.34/kg;Vegetarian & meat free;vegetarian-meat-free-pizza-pasta;258;12.4;32.2;3.5;8.1;4.3;3.5;1.27;
sainsburys-stonebaked-margherita-pizza-12;Sainsbury's Stonebaked Margherita Pizza 12'' 415g;£3.50/unit;£8.43/kg;Pizza, pasta & garlic bread;pizza;277;13.6;34.6;3.5;8.7;4.6;2.8;1.25;
sainsburys-stonebaked-margherita-pizza-12;Sainsbury's Stonebaked Margherita Pizza 12'' 415g;£3.50/unit;£8.43/kg;Vegetarian & meat free;vegetarian-meat-free-pizza-pasta;277;13.6;34.6;3.5;8.7;4.6;2.8;1.25;
sainsburys-stonebaked-pepperoni-10-pizza;Sainsbury's Stonebaked Pepperoni Pizza 10'' 330g;£3.00/unit;£9.23/kg;Pizza, pasta & garlic bread;pizza;275;12.1;28.3;3.8;12.0;5.2;2.6;1.50;
sainsburys-stonebaked-pepperoni-pizza-12;Sainsbury's Stonebaked Pepperoni Pizza 12'' 455g;£3.50/unit;£7.69/kg;Pizza, pasta & garlic bread;pizza;292;13.2;29.2;3.7;12.9;5.6;3.1;1.58;
sainsburys-stonebaked-pizza-bases-x2;Sainsbury's Stonebaked Pizza Bases x2;£1.50/unit;£4.69/kg;Pizza, pasta & garlic bread;pizza;267;9.2;51.2;3.0;2.1;0.3;3.3;0.95;
sainsburys-stonebaked-spinach---ricotta-pizza-10;Sainsbury's Stonebaked Spinach & Ricotta Pizza 10'' 320g;£3.00/unit;£9.38/kg;Pizza, pasta & garlic bread;pizza;250;11.4;28.3;3.4;9.5;4.4;3.1;1.10;
sainsburys-stonebaked-spinach---ricotta-pizza-10;Sainsbury's Stonebaked Spinach & Ricotta Pizza 10'' 320g;£3.00/unit;£9.38/kg;Vegetarian & meat free;vegetarian-meat-free-pizza-pasta;250;11.4;28.3;3.4;9.5;4.4;3.1;1.10;
sainsburys-straight-cut-chips-18-kg;Sainsbury's Straight Cut Chips 1.8 Kg;£1.80/unit;£1.00/kg;Chips & potatoes;chips-potatoes;197;3.4;35.8;0.5;4.2;0.5;1.3;0.11;
sainsburys-straight-cut-chips-900g;Sainsbury's Straight Cut Chips 900g;£1.00/unit;£1.11/kg;Chips & potatoes;chips-potatoes;197;3.4;35.8;0.5;4.2;0.5;1.3;0.11;
sainsburys-straight-cut-oven-chips--be-good-to-yourself-900g;Sainsbury's Straight Cut Oven Chips, Be Good To Yourself 900g;£1.00/unit;£1.11/kg;Chips & potatoes;chips-potatoes;151;3.0;27.7;0.9;2.4;0.3;3.7;0.13;
sainsburys-straight-edge-bags-large-x30;Sainsbury's Straight Edge Bags Large x30;£1.20/unit;£0.04/ea;Bread;sandwich-bags-food-storage;null;null;null;null;null;null;null;null;
sainsburys-strawberries--basics-250g;Sainsbury's Strawberries, Basics 250g;£1.10/unit;£4.40/kg;Fresh fruit;berries-cherries-currants;33;0.6;6.1;6.1;0.5;0.1;1.0;0.01;
sainsburys-strawberries--so-organic-300g;Sainsbury's Strawberries, SO Organic 300g;£2.75/unit;£9.17/kg;Fresh fruit;berries-cherries-currants;33;0.6;6.1;6.1;0.5;0.1;1.0;0.01;
sainsburys-strawberries--so-organic-300g;Sainsbury's Strawberries, SO Organic 300g;£2.75/unit;£9.17/kg;Organic;organic;33;0.6;6.1;6.1;0.5;0.1;1.0;0.01;
sainsburys-strawberry---banana-smoothie-1l-7721131-p-44;Sainsbury's Strawberry & Banana Smoothie 1L;£2.00/unit;£0.20/100ml;Chilled fruit juice & smoothies;chilled-smoothies;51;0.5;11.6;10.9;0.5;0.1;1.0;0.01;
sainsburys-strawberry---banana-smoothie-480g;Sainsbury's Strawberry & Banana Smoothie Mix 480g;£2.20/unit;£0.00/kg;Fruit, vegetables & rice;frozen-fruit;45;0.9;9.4;9.0;0.5;0.1;1.1;0.01;
sainsburys-strawberry---banana-smoothie-480g;Sainsbury's Strawberry & Banana Smoothie Mix 480g;£2.20/unit;£0.00/kg;Ice cream & desserts;desserts-fruit;45;0.9;9.4;9.0;0.5;0.1;1.1;0.01;
sainsburys-strawberry---banana-smoothie-4x180ml;Sainsbury's Kids Berries & Banana Smoothie 4x180ml;£2.25/unit;£0.31/100ml;Chilled fruit juice & smoothies;chilled-smoothies;55;0.6;11.9;11.9;0.5;0.1;0.7;0.01;
sainsburys-strawberry---banana-smoothie-4x180ml;Sainsbury's Kids Berries & Banana Smoothie 4x180ml;£2.25/unit;£0.31/100ml;Chilled fruit juice & smoothies;kids-juice;55;0.6;11.9;11.9;0.5;0.1;0.7;0.01;
sainsburys-strawberry---champagne-yogurt--taste-the-difference-150g;Sainsbury's Strawberry & Champagne Yogurt, Taste the Difference 150g;£0.75/unit;£0.50/100g;Yogurts;luxury-yogurts;127;3.0;12.4;12.4;7.2;5.0;0.5;0.08;
sainsburys-strawberry---cream-ice-cream-900ml;Sainsbury's Strawberry & Cream Ice Cream 900ml;£2.00/unit;£0.22/100ml;Ice cream & desserts;ice-cream-tubs;163;3.2;24.4;22.6;5.6;4.6;1.0;0.12;
sainsburys-strawberry---vanilla-cones-x4-440ml;Sainsbury's Ice Cream Cones, Strawberry & Vanilla 4x110ml;£1.00/unit;£0.23/100ml;Ice cream & desserts;lollies-bars-cones;251;2.8;41.2;23.7;8.0;6.7;1.3;0.19;
sainsburys-strawberry---vanilla-sundae--taste-the-difference-126g;Sainsbury's Strawberry & Vanilla Sundae, Taste the Difference 126g;£2.00/unit;£1.59/100g;Desserts & cream;desserts;274;2.4;16.1;9.5;22.1;13.7;1.1;0.09;
sainsburys-strawberry---vanilla-swiss-roll;Sainsbury's Strawberry & Vanilla Swiss Roll;£1.00/unit;£1.00/ea;Cakes;sponge-slab-loaf-cakes;381;3.2;60.5;35.2;13.7;4.6;1.2;0.30;
sainsburys-strawberry---yogurt--cereal-bars-x5-145g;Sainsbury's Strawberry & Yogurt, Cereal Bars x5 145g;£1.40/unit;£0.97/100g;Biscuits & crackers;cereal-bars-breakfast-biscuits;416;5.5;70.4;29.3;11.6;7.6;3.7;0.30;
sainsburys-strawberry---yogurt--cereal-bars-x5-145g;Sainsbury's Strawberry & Yogurt, Cereal Bars x5 145g;£1.40/unit;£0.97/100g;Breakfast cereals;breakfast-cereal-bars-breakfast-biscuits;416;5.5;70.4;29.3;11.6;7.6;3.7;0.30;
sainsburys-strawberry-cheesecake-510g-%28serves-6%29;Sainsbury's Strawberry Cheesecake 510g (serves 6);£2.00/unit;£0.39/100g;Ice cream & desserts;frozen-cold-desserts;260;3.6;31.4;18.7;13.0;6.6;1.5;0.24;
sainsburys-strawberry-cheesecake-cupcakes--taste-the-difference-x2;Sainsbury's Strawberry Cheesecake Cupcakes, Taste the Difference x2;£2.00/unit;£0.99/100g;Cakes;muffins-small-cakes;481;2.4;54.4;48.3;27.8;14.2;2.0;0.24;
sainsburys-strawberry-cheesecake-cupcakes--taste-the-difference-x2;Sainsbury's Strawberry Cheesecake Cupcakes, Taste the Difference x2;£2.00/unit;£0.99/100g;Cakes;taste-the-difference;481;2.4;54.4;48.3;27.8;14.2;2.0;0.24;
sainsburys-strawberry-cheesecake-slices--taste-the-difference-2x100g;Sainsbury's Strawberry Cheesecake Slices, Taste the Difference 2x100g;£2.50/unit;£1.25/100g;Desserts & cream;desserts;302;4.5;30.4;19.9;18.0;10.8;0.5;0.21;
sainsburys-strawberry-cheesecakes-3x100g;Sainsbury's Strawberry Cheesecakes 3x100g;£2.00/unit;£0.67/100g;Desserts & cream;desserts;246;2.6;30.1;21.4;12.5;5.8;1.1;0.23;
sainsburys-strawberry-conserve--so-organic-340g;Sainsbury's Strawberry Conserve, SO Organic 340g;£1.50/unit;£0.44/100g;Jams, honey & spreads;jams---conserves;243;0.5;59;55;0.5;0.1;1.4;0.05;
sainsburys-strawberry-conserve--taste-the-difference-340g;Sainsbury's Strawberry Conserve, Taste the Difference 340g;£1.50/unit;£0.44/100g;Jams, honey & spreads;jams---conserves;252;0.5;60.9;57.8;0.6;0.3;0.9;0.13;
sainsburys-strawberry-flavour-38ml;Sainsbury's Strawberry Flavour 38ml;£1.00/unit;£0.26/10ml;Sugar & home baking;baking-ingredients---colourings;null;null;null;null;null;null;null;null;
sainsburys-strawberry-gateau-630g;Sainsbury's Strawberry Gateau 630g;£2.00/unit;£0.32/100g;Ice cream & desserts;frozen-cold-desserts;190;3.1;25.4;17.1;8.2;4.8;1.2;0.15;
sainsburys-strawberry-granola-1kg;Sainsbury's Granola, Strawberry 1kg;£2.00/unit;£0.20/100g;Breakfast cereals;bigger-packs;433;10.4;70.4;18.3;11.4;4.5;3.8;0.03;
sainsburys-strawberry-granola-1kg;Sainsbury's Granola, Strawberry 1kg;£2.00/unit;£0.20/100g;Breakfast cereals;muesli-granola-clusters;433;10.4;70.4;18.3;11.4;4.5;3.8;0.03;
sainsburys-strawberry-jam--basics-454g;Sainsbury's Strawberry Jam, Basics 454g;£0.30/unit;£0.07/100g;Jams, honey & spreads;jams---conserves;246;0.3;61.2;48.6;0;0;0.5;0;
sainsburys-strawberry-jam-454g;Sainsbury's Strawberry Jam 454g;£0.65/unit;£0.14/100g;Jams, honey & spreads;jams---conserves;254;0.5;61.9;48.5;0.1;0;1.7;0.10;
sainsburys-strawberry-laces-75g;Sainsbury's Strawberry Laces 75g;£0.40/unit;£0.53/100g;Confectionery;sweets;355;3.5;77.0;51.0;3.0;1.5;0.8;0;
sainsburys-strawberry-pencils-75g;Sainsbury's Strawberry Pencils 75g;£0.40/unit;£0.53/100g;Confectionery;sweets;371;2.0;84.9;68.7;1.8;1.3;0.5;0.03;
sainsburys-strawberry-sauce-squeezy-280g;Sainsbury's Strawberry Sauce Squeezy 280g;£1.50/unit;£0.54/100g;Fruit & desserts;sauces-toppings;null;null;null;null;null;null;null;null;
sainsburys-strawberry-sundae-140g;Sainsbury's Strawberry Sundae 140g;£1.10/unit;£0.79/100g;Desserts & cream;desserts;230;2.4;21.2;19.3;14.9;8.5;0.7;0.07;
sainsburys-strawberry-swirl-cheesecake-125g;Sainsbury's Strawberry Swirl Cheesecake 125g;£1.10/unit;£0.88/100g;Desserts & cream;desserts;288;3.3;27.5;17.8;18.1;10.3;1.1;0.35;
sainsburys-strawberry-trifle-600g;Sainsbury's Strawberry Trifle 600g;£2.00/unit;£0.34/100g;Desserts & cream;desserts;149;1.8;19.3;16.6;7.0;4.5;0.7;0.25;
sainsburys-strawberry-trifles-x4-125g;Sainsbury's Strawberry Trifles 4x125g;£2.00/unit;£0.40/100g;Desserts & cream;desserts;155;1.7;20.0;16.1;7.4;4.7;0.8;0.22;
sainsburys-strawberry-yogurt--basics-125g;Sainsbury's Strawberry Yogurt, Basics 125g;£0.20/unit;£0.16/100g;Yogurts;corners-everyday-yogurts;86;4.2;14;14;1.3;0.8;0.5;0.18;
sainsburys-strawberry-yogurt--basics-125g;Sainsbury's Strawberry Yogurt, Basics 125g;£0.20/unit;£0.16/100g;Yogurts;diet-low-fat-yogurts;86;4.2;14;14;1.3;0.8;0.5;0.18;
sainsburys-strawberry-yogurt-150g;Sainsbury's Fab Fruity Strawberry Yogurt 150g;£0.55/unit;£0.37/100g;Yogurts;corners-everyday-yogurts;87;4.7;14;13;1.2;0.8;0.5;0.15;
sainsburys-strawberry-yogurt-150g;Sainsbury's Fab Fruity Strawberry Yogurt 150g;£0.55/unit;£0.37/100g;Yogurts;diet-low-fat-yogurts;87;4.7;14;13;1.2;0.8;0.5;0.15;
sainsburys-stringless-beans-225g;Sainsbury's Stringless Beans 225g;£1.50/unit;£6.67/kg;Fresh vegetables;peas-beans-sweetcorn-asparagus;29;1.9;3.2;2.3;0.5;0.1;2.2;0.00;
sainsburys-strong-brown-flour-15kg;Sainsbury's Strong Brown Flour 1.5kg;£1.10/unit;£0.73/kg;Sugar & home baking;flour;340;15.5;61.8;1.7;2.0;0.3;6.5;0.01;
sainsburys-strong-white-bread-flour--unbleached-15kg;Sainsbury's Strong White Unbleached Bread Flour 1.5kg;£1.10/unit;£0.73/kg;Sugar & home baking;flour;344;13.4;68.2;1.4;1.3;0.3;3.0;0.01;
sainsburys-stuffed-cheesy-nachos-180g;Sainsbury's Stuffed Cheesy Nachos 180g;£2.25/unit;£12.50/kg;Ready meals;mexican-caribbean-american-ready-meals;354;9.3;24.0;0.5;24.2;10.6;1.6;1.19;
sainsburys-stuffed-cherry-peppers-170g;Sainsbury's Ricotta Stuffed Hot Cherry Peppers 170g;£3.25/unit;£1.91/100g;Coleslaw, olives, salads & dips;olives-tapas-antipasti;181;4.3;13.5;12.9;11.6;3.7;2.5;0.68;
sainsburys-stuffed-vine-leaves-220g;Sainsbury's Stuffed Vine Leaves 220g;£2.30/unit;£1.05/100g;Vinegar, pickles, olives & antipasti;olives-antipasti;126;1.8;11.9;1.8;7.3;1.0;2.7;1.87;
sainsburys-stuffing-topped-roast-chicken--taste-the-difference-135g;Sainsbury's Roast Chicken Stuffing Topped, Taste the Difference 135g;£3.30/unit;£2.44/100g;Cooked meats & snacking;mfp-cooked-chicken-turkey;122;22.3;1.3;1.3;3.0;0.9;0.5;1.24;
sainsburys-stuffing-topped-roast-chicken--taste-the-difference-135g;Sainsbury's Roast Chicken Stuffing Topped, Taste the Difference 135g;£3.30/unit;£2.44/100g;Cooked meats & snacking;mfp-cooked-meats-snacking-taste-the-difference;122;22.3;1.3;1.3;3.0;0.9;0.5;1.24;
sainsburys-stuffing-topped-roast-chicken--taste-the-difference-135g;Sainsbury's Roast Chicken Stuffing Topped, Taste the Difference 135g;£3.30/unit;£2.44/100g;Cooked meats, pate & sandwich fillers;cooked-chicken-turkey;122;22.3;1.3;1.3;3.0;0.9;0.5;1.24;
sainsburys-stuffing-topped-roast-chicken--taste-the-difference-135g;Sainsbury's Roast Chicken Stuffing Topped, Taste the Difference 135g;£3.30/unit;£2.44/100g;Cooked meats, pate & sandwich fillers;cooked-meats-taste-the-difference;122;22.3;1.3;1.3;3.0;0.9;0.5;1.24;
sainsburys-sub-rolls-x4;Sainsbury's Sub Rolls x4;£0.65/unit;£0.16/ea;From our in store bakery;rolls-bagels-from-our-bakery;null;null;null;null;null;null;null;null;
sainsburys-sub-rolls-x4;Sainsbury's Sub Rolls x4;£0.65/unit;£0.16/ea;Rolls;rolls;null;null;null;null;null;null;null;null;
sainsburys-submarine-rolls-white-x2;Sainsbury's Submarine Rolls White x2;£0.75/unit;£0.38/ea;Rolls;rolls;273;9.1;51.7;5.8;2.7;0.3;2.9;0.98;
sainsburys-sucralose-granulated-sweetner-75g;Sainsbury's Sucralose Granulated Sweetener 75g;£1.00/unit;£13.33/kg;Sugar & home baking;sugar-sweeteners;376;0.5;94;20;0.5;0.1;0.5;0.08;
sainsburys-sucralose-sweetener-tablets-x300-156g;Sainsbury's Sucralose Sweetener Tablets x300 15.6g;£1.00/unit;£0.06/10tblt;Sugar & home baking;sugar-sweeteners;311;3.3;71.8;65.8;0.5;0.4;3.7;0.09;
sainsburys-sugar-coated-plain-chocolate-beans-76g;Sainsbury's Cake Decorations, Chocolate Beans 80g;£1.00/unit;£1.27/100g;Sugar & home baking;decorations;440;2.0;82.6;82.1;11.2;6.8;0.6;0.08;
sainsburys-sugar-free-mallows-75g;Sainsbury's Sugar Free Marshmallows 75g;£0.70/unit;£0.93/100g;Confectionery;sweets;287;4.2;79.1;0.2;0.6;0.0;1.0;0;
sainsburys-sugar-ring-doughnuts-x5;Sainsbury's Sugar Ring Doughnuts x5;£0.65/unit;£0.13/ea;Cakes;doughnuts-cookies;null;null;null;null;null;null;null;null;
sainsburys-sugar-ring-doughnuts-x5;Sainsbury's Sugar Ring Doughnuts x5;£0.65/unit;£0.13/ea;From our in store bakery;instore-bakery-doughnuts-cookies;null;null;null;null;null;null;null;null;
sainsburys-sugar-snap-peas-200g;Sainsbury's Sugar Snap Peas 200g;£1.50/unit;£7.50/kg;Fresh vegetables;peas-beans-sweetcorn-asparagus;37;3.4;4.7;3.5;0.2;0.0;1.5;0.00;
sainsburys-sugar-stars-47g;Sainsbury's Cake Decorations, Sugar Stars 43g;£1.00/unit;£2.33/100g;Sugar & home baking;decorations;451;0.5;87.5;81.6;11.0;8.8;0.6;0.22;
sainsburys-sultana---cinnamon-apple-mix-150g;Sainsbury's Sultana & Cinnamon Apple Mix 150g;£1.50/unit;£10.00/kg;Sugar & home baking;dried-fruit---peel;309;2.0;72.8;64.9;0.7;0.2;1.6;0.09;
sainsburys-sultana-scones--taste-the-difference-x4;Sainsbury's Sultana Scones, Taste the Difference x4;£1.50/unit;£0.38/ea;Cakes;cakes-scones-fruited-buns;340;7.7;51.3;21.3;11.1;7.1;1.9;1.50;
sainsburys-sultana-scones--taste-the-difference-x4;Sainsbury's Sultana Scones, Taste the Difference x4;£1.50/unit;£0.38/ea;Scones, fruited & buns;scones-fruited-buns;340;7.7;51.3;21.3;11.1;7.1;1.9;1.50;
sainsburys-sultana-scones-x4;Sainsbury's Scones, Sultana x4;£1.00/unit;£0.25/ea;Cakes;cakes-from-our-bakery-12374-44;null;null;null;null;null;null;null;null;
sainsburys-sultana-scones-x4;Sainsbury's Scones, Sultana x4;£1.00/unit;£0.25/ea;From our in store bakery;cakes-from-our-bakery;null;null;null;null;null;null;null;null;
sainsburys-sultanas--basics-500g;Sainsbury's Sultanas, Basics 500g;£0.85/unit;£1.70/kg;Sugar & home baking;dried-fruit---peel;296;2.7;69.5;69.5;0.5;0.1;2.0;0.05;
sainsburys-sultanas--organic-500g-6325705-p-44;Sainsbury's Sultanas, SO Organic 500g;£1.90/unit;£3.80/kg;Sugar & home baking;dried-fruit---peel;286;2.7;66.1;66.1;0.5;0.1;3.8;0.05;
sainsburys-sultanas-1kg;Sainsbury's Sultanas 1kg;£3.00/unit;£3.00/kg;Sugar & home baking;dried-fruit---peel;296;2.7;69.4;69.4;0.5;0.1;2.0;0.05;
sainsburys-sumac-50g;Sainsbury's Sumac 50g;£2.50/unit;£0.50/10g;Cooking ingredients & oils;herbs-spices-seasoning;324;3.8;17.6;1.3;16.6;3.9;44.6;3.13;
sainsburys-summer-fruit-cocktail-juice-drink-2l;Sainsbury's Summer Fruit Cocktail Juice Drink, Reduced Sugar 2L;£1.40/unit;£0.07/100ml;Chilled fruit juice & smoothies;chilled-fruit-juice;28;0.5;7.0;5.6;0.5;0.1;0.5;0.01;
sainsburys-summer-fruit-cocktail-juice-drink-2l;Sainsbury's Summer Fruit Cocktail Juice Drink, Reduced Sugar 2L;£1.40/unit;£0.07/100ml;Chilled fruit juice & smoothies;reduced-sugar;28;0.5;7.0;5.6;0.5;0.1;0.5;0.01;
sainsburys-summer-fruits-500g;Sainsbury's Summer Fruits 500g;£2.20/unit;£4.40/kg;Fruit, vegetables & rice;frozen-fruit;32;1.1;5.2;5.2;0.5;0.1;3.2;0.01;
sainsburys-summer-fruits-500g;Sainsbury's Summer Fruits 500g;£2.20/unit;£4.40/kg;Ice cream & desserts;desserts-fruit;32;1.1;5.2;5.2;0.5;0.1;3.2;0.01;
sainsburys-summer-fruits-in-light-syrup-300g;Sainsbury's Summer Fruits In Light Syrup 300g;£1.30/unit;£4.33/kg;Canned, tinned & packaged foods;canned-tinned-packaged-fruit;61;0.5;14;13;0.5;0.3;0.9;0.05;
sainsburys-summer-fruits-in-light-syrup-300g;Sainsbury's Summer Fruits In Light Syrup 300g;£1.30/unit;£4.33/kg;Fruit & desserts;dessert-fruit;61;0.5;14;13;0.5;0.3;0.9;0.05;
sainsburys-summerfruit-trifle-500g;Sainsbury's Summerfruit Trifle 500g;£2.35/unit;£0.47/100g;Desserts & cream;desserts;180;1.9;21;18;9.4;5.9;1.5;0.26;
sainsburys-summerfruits-juice-drink--from-concentrate-2l;Sainsbury's Summer Fruit Cocktail Juice Drink 2L;£1.40/unit;£0.07/100ml;Chilled fruit juice & smoothies;chilled-fruit-juice;43;0.5;10.7;8.3;0.5;0.1;0.5;0.10;
sainsburys-sun-dried-tomato-antipasto-oil-280g;Sainsbury's Sun Dried Tomato Antipasto Oil 280g (150g*);£2.00/unit;£1.33/100g;Vinegar, pickles, olives & antipasti;olives-antipasti;305;5.8;17.5;8.9;22.2;2.3;null;2.93;
sainsburys-sun-dried-tomato-paste-190g;Sainsbury's Sun Dried Tomato Paste 190g;£1.00/unit;£0.53/100g;Cooking ingredients & oils;cooking-pastes;414;1.7;2.1;1.9;43.6;5.0;3.2;2.00;
sainsburys-sun-dried-tomato-paste-190g;Sainsbury's Sun Dried Tomato Paste 190g;£1.00/unit;£0.53/100g;Cooking sauces & world foods;italian-cooking-sauces;414;1.7;2.1;1.9;43.6;5.0;3.2;2.00;
sainsburys-sun-dried-tomato-paste-90g;Sainsbury's Sun Dried Tomato Paste 90g;£1.45/unit;£1.61/100g;Cooking ingredients & oils;cooking-pastes;268;1.9;6.3;6.3;25.1;8.6;4.7;1.20;
sainsburys-sundried-tomatoes-120g;Sainsbury's Sundried Tomatoes 120g;£2.00/unit;£1.67/100g;Coleslaw, olives, salads & dips;olives-tapas-antipasti;259;7.0;30.3;13.8;10.9;1.0;5.7;5.70;
sainsburys-sundried-tomatoes-120g;Sainsbury's Sundried Tomatoes 120g;£2.00/unit;£1.67/100g;Vegetarian & meat free;deli-meat-alternatives;259;7.0;30.3;13.8;10.9;1.0;5.7;5.70;
sainsburys-sunflower---pumpkin-seed-bread--so-organic-400g;Sainsbury's Sunflower & Pumpkin Seed Bread, SO Organic 400g;£1.00/unit;£0.25/100g;Bread;seeded-grains-bread;329;11.6;33.5;2.3;15.3;2.1;5.4;0.98;
sainsburys-sunflower---pumpkin-seed-bread--so-organic-400g;Sainsbury's Sunflower & Pumpkin Seed Bread, SO Organic 400g;£1.00/unit;£0.25/100g;Bread;small-loaves;329;11.6;33.5;2.3;15.3;2.1;5.4;0.98;
sainsburys-sunflower-light-spread-500g;Sainsbury's Sunflower Light Spread 500g;£1.00/unit;£2.00/kg;Butter, spreads & baking;buttery-taste-and-sunflower-spreads;280;0.5;2.3;1.0;30.0;7.9;0.5;1.10;
sainsburys-sunflower-oil--organic-1l;Sainsbury's Sunflower Oil, SO Organic 1L;£3.00/unit;£0.30/100ml;Cooking ingredients & oils;oils;829;0.5;0.5;0.5;92.1;9.9;0.5;0.01;
sainsburys-sunflower-oil-1l;Sainsbury's Sunflower Oil 1L;£1.25/unit;£0.13/100ml;Cooking ingredients & oils;oils;828;0;0;0;92.0;11.0;0;0;
sainsburys-sunflower-oil-3l;Sainsbury's Sunflower Oil 3L;£3.50/unit;£0.12/100ml;Cooking ingredients & oils;oils;828;0;0;0;92.0;11.0;0;0;
sainsburys-sunflower-seeds-100g;Sainsbury's Sunflower Seeds 100g;£0.85/unit;£8.50/kg;Crisps, nuts & snacking fruit;snacking-fruit-seeds;599;23.4;16.4;1.6;47.5;4.5;6.0;0.01;
sainsburys-sunflower-seeds-100g;Sainsbury's Sunflower Seeds 100g;£0.85/unit;£8.50/kg;Sugar & home baking;nuts---seeds;599;23.4;16.4;1.6;47.5;4.5;6.0;0.01;
sainsburys-sunflower-spread-1kg;Sainsbury's Sunflower Spread 1kg;£1.90/unit;£1.90/kg;Butter, spreads & baking;buttery-taste-and-sunflower-spreads;532;0.1;0.2;0.2;59.0;13.6;0;1.30;
sainsburys-sunflower-spread-500g;Sainsbury's Sunflower Spread 500g;£1.00/unit;£2.00/kg;Butter, spreads & baking;buttery-taste-and-sunflower-spreads;532;0.1;0.2;0.2;59.0;13.6;0;1.20;
sainsburys-sunfry-doughnuts-x4;Sainsbury's Lighter Iced Ring Doughnuts x4;£1.00/unit;£0.25/ea;Cakes;doughnuts-cookies;null;null;null;null;null;null;null;null;
sainsburys-sunfry-doughnuts-x4;Sainsbury's Lighter Iced Ring Doughnuts x4;£1.00/unit;£0.25/ea;From our in store bakery;instore-bakery-doughnuts-cookies;null;null;null;null;null;null;null;null;
sainsburys-sunglow-cherry-tomatoes--taste-the-difference-220g;Sainsbury's Sunglow Cherry Tomatoes, Taste the Difference 220g;£1.75/unit;£7.95/kg;Fresh salad;fresh-salad-tomatoes;20;0.7;3.0;3.0;0.5;0.1;1.0;0.02;
sainsburys-sunglow-cherry-tomatoes--taste-the-difference-220g;Sainsbury's Sunglow Cherry Tomatoes, Taste the Difference 220g;£1.75/unit;£7.95/kg;Fresh vegetables;fresh-vegetables-tomatoes;20;0.7;3.0;3.0;0.5;0.1;1.0;0.02;
sainsburys-sunglow-cherry-tomatoes--taste-the-difference-220g;Sainsbury's Sunglow Cherry Tomatoes, Taste the Difference 220g;£1.75/unit;£7.95/kg;Taste the Difference;taste-the-difference-185761-44;20;0.7;3.0;3.0;0.5;0.1;1.0;0.02;
sainsburys-sunsoaked-tomatoes--taste-the-difference-290g;Sainsbury's Sunsoaked Tomatoes, Taste the Difference 290g;£2.80/unit;£0.97/100g;Coleslaw, olives, salads & dips;olives-tapas-antipasti;146;3.9;11.2;11.0;8.4;0.7;5.1;1.07;
sainsburys-sunsoaked-tomatoes-with-chilli--taste-the-difference-290g;Sainsbury's Sunsoaked Tomatoes With Chilli, Taste the Difference 290g;£2.80/unit;£0.97/100g;Coleslaw, olives, salads & dips;olives-tapas-antipasti;124;1.6;7.9;7.3;9.1;0.7;2.1;0.43;
sainsburys-sunsoaked-tomatoes-with-chilli--taste-the-difference-290g;Sainsbury's Sunsoaked Tomatoes With Chilli, Taste the Difference 290g;£2.80/unit;£0.97/100g;Vegetarian & meat free;deli-meat-alternatives;124;1.6;7.9;7.3;9.1;0.7;2.1;0.43;
sainsburys-sunsweet-sweetcorn--taste-the-difference-x2;Sainsbury's Sunsweet Sweetcorn, Taste the Difference x2;£2.00/unit;£2.00/ea;Fresh vegetables;peas-beans-sweetcorn-asparagus;80;3.6;9.5;2.5;1.9;0.1;5.1;0.01;
sainsburys-supersweet-mini-corn-cobs-x8-1kg;Sainsbury's Supersweet Mini Corn Cobs x8 1kg;£1.50/unit;£1.50/kg;Fruit, vegetables & rice;frozen-vegetables;115;4.3;17.9;2.2;2.3;0.3;2.8;0.01;
sainsburys-swede--so-organic-%28approx-1kg%29;Sainsbury's Swede, SO Organic (approx. 1kg);£1.60/kg;£1.60/kg;Fresh vegetables;carrots-root-vegetables;29;0.7;4.8;4.7;0.5;0.1;1.9;0.04;
sainsburys-swede-portion-each;Sainsbury's Swede Portion Each;£0.80/unit;£0.80/ea;Fresh vegetables;carrots-root-vegetables;29;0.7;4.8;4.7;0.5;0.1;1.9;0.04;
sainsburys-swede;Sainsbury's Swede;£0.80/unit;£0.80/ea;Fresh vegetables;carrots-root-vegetables;29;0.7;4.8;4.7;0.5;0.1;1.9;0.04;
sainsburys-sweet---crispy-side-salad-250g;Sainsbury's Sweet & Crispy Salad Bowl 250g;£1.50/unit;£0.68/100g;Coleslaw, olives, salads & dips;coleslaw-salads;124;1.2;3.9;3.2;11.2;0.9;1.6;0.22;
sainsburys-sweet---crispy-side-salad-250g;Sainsbury's Sweet & Crispy Salad Bowl 250g;£1.50/unit;£0.68/100g;Fresh salad;fresh-salad-prepared-ready-to-eat;124;1.2;3.9;3.2;11.2;0.9;1.6;0.22;
sainsburys-sweet---crispy-side-salad-250g;Sainsbury's Sweet & Crispy Salad Bowl 250g;£1.50/unit;£0.68/100g;Prepared & ready to eat;prepared-salad-herbs;124;1.2;3.9;3.2;11.2;0.9;1.6;0.22;
sainsburys-sweet---crispy-side-salad-250g;Sainsbury's Sweet & Crispy Salad Bowl 250g;£1.50/unit;£0.68/100g;Soup & lunchtime snacks;lunchtime-snacks;124;1.2;3.9;3.2;11.2;0.9;1.6;0.22;
sainsburys-sweet---crispy-side-salad-250g;Sainsbury's Sweet & Crispy Salad Bowl 250g;£1.50/unit;£0.68/100g;Vegetarian & meat free;coleslaw--olives--salads---dips-30658-44;124;1.2;3.9;3.2;11.2;0.9;1.6;0.22;
sainsburys-sweet---crunchy-stir-fry-600g;Sainsbury's Sweet & Crunchy Stir Fry 600g;£1.70/unit;£0.28/100g;Fresh herbs & ingredients;asian-ingredients;48;1.3;5.1;3.9;2.0;0.2;2.4;0.05;
sainsburys-sweet---crunchy-stir-fry-600g;Sainsbury's Sweet & Crunchy Stir Fry 600g;£1.70/unit;£0.28/100g;Fresh vegetables;fresh-vegetables-stir-fry;48;1.3;5.1;3.9;2.0;0.2;2.4;0.05;
sainsburys-sweet---crunchy-stir-fry-600g;Sainsbury's Sweet & Crunchy Stir Fry 600g;£1.70/unit;£0.28/100g;Prepared & ready to eat;prepared-stir-fry;48;1.3;5.1;3.9;2.0;0.2;2.4;0.05;
sainsburys-sweet---crunchy-stir-fry-600g;Sainsbury's Sweet & Crunchy Stir Fry 600g;£1.70/unit;£0.28/100g;Prepared & ready to eat;prepared-vegetables;48;1.3;5.1;3.9;2.0;0.2;2.4;0.05;
sainsburys-sweet---salty-popcorn-150g;Sainsbury's Sweet & Salty Popcorn 150g;£1.40/unit;£0.93/100g;Confectionery;confectionery-popcorn;517;4.7;56.5;31.7;28.6;4.2;7.3;0.97;
sainsburys-sweet---salty-popcorn-150g;Sainsbury's Sweet & Salty Popcorn 150g;£1.40/unit;£0.93/100g;Crisps, nuts & snacking fruit;party-nibbles-bites;517;4.7;56.5;31.7;28.6;4.2;7.3;0.97;
sainsburys-sweet---salty-popcorn-150g;Sainsbury's Sweet & Salty Popcorn 150g;£1.40/unit;£0.93/100g;Crisps, nuts & snacking fruit;popcorn;517;4.7;56.5;31.7;28.6;4.2;7.3;0.97;
sainsburys-sweet---salty-popcorn-6-pack;Sainsbury's Sweet & Salty Popcorn 6x15g;£1.50/unit;£1.67/100g;Confectionery;confectionery-popcorn;517;4.7;56.5;31.7;28.6;4.2;7.3;0.97;
sainsburys-sweet---salty-popcorn-6-pack;Sainsbury's Sweet & Salty Popcorn 6x15g;£1.50/unit;£1.67/100g;Crisps, nuts & snacking fruit;party-nibbles-bites;517;4.7;56.5;31.7;28.6;4.2;7.3;0.97;
sainsburys-sweet---salty-popcorn-6-pack;Sainsbury's Sweet & Salty Popcorn 6x15g;£1.50/unit;£1.67/100g;Crisps, nuts & snacking fruit;popcorn;517;4.7;56.5;31.7;28.6;4.2;7.3;0.97;
sainsburys-sweet---sour--basics-500g;Sainsbury's Sweet & Sour, Basics 500g;£0.35/unit;£0.07/100g;Cooking sauces & world foods;chinese-cooking-sauces;55;0.5;13.0;8.7;0.5;0.1;0.5;0.59;
sainsburys-sweet---sour-chicken--basics-400g;Sainsbury's Sweet & Sour Chicken, Basics 400g;£1.00/unit;£2.50/kg;Ready meals & pies;frozen-ready-meals;124;6.4;22.5;5.4;0.5;0.2;1.7;0.57;
sainsburys-sweet---sour-chicken-with-rice-400g;Sainsbury's Sweet & Sour Chicken With Rice 400g;£1.50/unit;£3.75/kg;Ready meals & pies;frozen-ready-meals;142;5.6;24.0;7.8;2.4;0.7;0.9;0.61;
sainsburys-sweet---sour-chicken-with-rice-450g;Sainsbury's Sweet & Sour Chicken With Rice 450g;£3.00/unit;£6.67/kg;Ready meals;meals-for-1-ready-meals;159;7.7;23.6;11.8;3.2;0.3;2.5;0.38;
sainsburys-sweet---sour-chicken-with-rice-450g;Sainsbury's Sweet & Sour Chicken With Rice 450g;£3.00/unit;£6.67/kg;Ready meals;oriental-ready-meals;159;7.7;23.6;11.8;3.2;0.3;2.5;0.38;
sainsburys-sweet---sour-chicken-with-rice-450g;Sainsbury's Sweet & Sour Chicken With Rice 450g;£3.00/unit;£6.67/kg;Soup & lunchtime snacks;lunchtime-snacks;159;7.7;23.6;11.8;3.2;0.3;2.5;0.38;
sainsburys-sweet---sour-cooking-sauce-500g;Sainsbury's Sweet & Sour Cooking Sauce 500g;£1.29/unit;£0.26/100g;Cooking sauces & world foods;chinese-cooking-sauces;107;0.5;24.6;20.1;0.5;0.2;0.9;0.72;
sainsburys-sweet---sour-sauce-with-extra-pineapple-500g;Sainsbury's Sweet & Sour Sauce With Extra Pineapple 500g;£1.29/unit;£0.26/100g;Cooking sauces & world foods;chinese-cooking-sauces;116;0.5;27.4;22.7;0.4;0.2;0.6;0.70;
sainsburys-sweet---sour-stir-fry-sauce-120g;Sainsbury's Sweet & Sour Stir Fry Sauce 120g;£0.50/unit;£0.42/100g;Cooking sauces & world foods;chinese-cooking-sauces;153;0.4;36.4;27.4;0.6;0.1;0.4;0.20;
sainsburys-sweet-all-butter-pastry-case--taste-the-difference-220g;Sainsbury's Sweet All Butter Pastry Case, Taste the Difference 220g;£2.00/unit;£0.91/100g;Fruit & desserts;meringues-bases;500;6.3;63.4;23.8;24.2;14.8;2.1;0.32;
sainsburys-sweet-balsamic-dressing--be-good-to-yourself-260ml;Sainsbury's Sweet Balsamic Dressing, Be Good To Yourself 260ml;£1.00/unit;£0.40/100ml;Table sauces, dressings & condiments;salad-dressings;61;0.5;13.6;5.8;0.5;0.1;0.5;0.75;
sainsburys-sweet-chilli---coriander-dressing-180ml;Sainsbury's Sweet Chilli & Coriander Dressing 180ml;£1.20/unit;£0.67/100ml;Fresh salad;dressings-coleslaw-accompaniments;255;1.1;26.5;22.5;16.0;1.2;0.5;1.42;
sainsburys-sweet-chilli---ginger-stir-fry-sauce-120g;Sainsbury's Sweet Chilli & Ginger Stir Fry Sauce 120g;£0.50/unit;£0.42/100g;Cooking sauces & world foods;chinese-cooking-sauces;174;0.8;41.8;35.9;0.2;0.1;0.8;1.63;
sainsburys-sweet-chilli-chicken--be-good-to-yourself-400g;Sainsbury's Sweet Chilli Chicken, Be Good To Yourself 400g;£3.00/unit;£7.50/kg;Ready meals;healthier-choice-ready-meals;96;6.5;12.9;3.8;1.4;0.1;2.9;0.31;
sainsburys-sweet-chilli-chicken--be-good-to-yourself-400g;Sainsbury's Sweet Chilli Chicken, Be Good To Yourself 400g;£3.00/unit;£7.50/kg;Ready meals;meals-for-1-ready-meals;96;6.5;12.9;3.8;1.4;0.1;2.9;0.31;
sainsburys-sweet-chilli-chicken--be-good-to-yourself-400g;Sainsbury's Sweet Chilli Chicken, Be Good To Yourself 400g;£3.00/unit;£7.50/kg;Ready meals;oriental-ready-meals;96;6.5;12.9;3.8;1.4;0.1;2.9;0.31;
sainsburys-sweet-chilli-chicken-drumsticks-400g;Sainsbury's British Sweet Chilli Chicken Drumsticks 400g;£3.30/unit;£0.83/100g;Cooked meats & snacking;mfp-cooked-chicken-turkey;164;22.5;5.3;3.7;5.9;1.4;0.5;0.65;
sainsburys-sweet-chilli-chicken-drumsticks-400g;Sainsbury's British Sweet Chilli Chicken Drumsticks 400g;£3.30/unit;£0.83/100g;Cooked meats & snacking;mfp-snacking-cooked-sausage;164;22.5;5.3;3.7;5.9;1.4;0.5;0.65;
sainsburys-sweet-chilli-chicken-drumsticks-400g;Sainsbury's British Sweet Chilli Chicken Drumsticks 400g;£3.30/unit;£0.83/100g;Cooked meats, pate & sandwich fillers;cooked-chicken-turkey;164;22.5;5.3;3.7;5.9;1.4;0.5;0.65;
sainsburys-sweet-chilli-chicken-drumsticks-400g;Sainsbury's British Sweet Chilli Chicken Drumsticks 400g;£3.30/unit;£0.83/100g;Cooked meats, pate & sandwich fillers;snacking-cooked-sausage;164;22.5;5.3;3.7;5.9;1.4;0.5;0.65;
sainsburys-sweet-chilli-chicken-thighs-700g;Sainsbury's Sweet Chilli Chicken Thighs 700g;£3.50/unit;£5.00/kg;Burgers & BBQ;burgers-bbq;234;17.9;4.6;4.4;15.8;4.2;1.0;0.84;
sainsburys-sweet-chilli-chicken-thighs-700g;Sainsbury's Sweet Chilli Chicken Thighs 700g;£3.50/unit;£5.00/kg;Chicken;chicken;234;17.9;4.6;4.4;15.8;4.2;1.0;0.84;
sainsburys-sweet-chilli-combo-mix-150g;Sainsbury's Sweet Chilli Combo Mix 150g;£1.50/unit;£1.00/100g;Crisps, nuts & snacking fruit;party-nibbles-bites;506;3.6;59.7;4.2;27.5;2.3;2.6;3.08;
sainsburys-sweet-chilli-dipping-sauce-150g;Sainsbury's Sweet Chilli Dipping Sauce 150g;£1.10/unit;£0.73/100g;Cooking sauces & world foods;chinese-cooking-sauces;195;0.5;48.1;38.6;0.5;0.1;0.6;1.27;
sainsburys-sweet-chilli-dipping-sauce-150g;Sainsbury's Sweet Chilli Dipping Sauce 150g;£1.10/unit;£0.73/100g;Cooking sauces & world foods;thai-cooking-sauces;195;0.5;48.1;38.6;0.5;0.1;0.6;1.27;
sainsburys-sweet-chilli-dipping-sauce-150g;Sainsbury's Sweet Chilli Dipping Sauce 150g;£1.10/unit;£0.73/100g;Table sauces, dressings & condiments;tomato-ketchup-brown-bbq-other-sauces;195;0.5;48.1;38.6;0.5;0.1;0.6;1.27;
sainsburys-sweet-chilli-glaze-marinade-200g;Sainsbury's Sweet Chilli Glaze Marinade 200g;£1.50/unit;£0.75/100g;Just Cook, prepared & sauces;stock---gravy;null;null;null;null;null;null;null;null;
sainsburys-sweet-chilli-noodle-salad-225g;Sainsbury's Sweet Chilli Noodle Salad 225g;£1.50/unit;£0.67/100g;Coleslaw, olives, salads & dips;coleslaw-salads;166;4.0;24.6;6.7;5.5;0.5;1.0;0.78;
sainsburys-sweet-chilli-noodle-salad-225g;Sainsbury's Sweet Chilli Noodle Salad 225g;£1.50/unit;£0.67/100g;Fresh salad;dressings-coleslaw-accompaniments;166;4.0;24.6;6.7;5.5;0.5;1.0;0.78;
sainsburys-sweet-chilli-noodle-salad-225g;Sainsbury's Sweet Chilli Noodle Salad 225g;£1.50/unit;£0.67/100g;Prepared & ready to eat;prepared-salad-herbs;166;4.0;24.6;6.7;5.5;0.5;1.0;0.78;
sainsburys-sweet-chilli-noodle-salad-225g;Sainsbury's Sweet Chilli Noodle Salad 225g;£1.50/unit;£0.67/100g;Soup & lunchtime snacks;lunchtime-snacks;166;4.0;24.6;6.7;5.5;0.5;1.0;0.78;
sainsburys-sweet-chilli-noodle-salad-225g;Sainsbury's Sweet Chilli Noodle Salad 225g;£1.50/unit;£0.67/100g;Vegetarian & meat free;coleslaw--olives--salads---dips-30658-44;166;4.0;24.6;6.7;5.5;0.5;1.0;0.78;
sainsburys-sweet-chilli-pork-sausages--taste-the-difference-x6-400g;Sainsbury's Pork & Sweet Chilli Sausages, Taste the Difference x6 400g;£2.50/unit;£6.25/kg;Burgers & BBQ;burgers-bbq;242;17.4;6.4;3.9;16.1;5.6;1.0;1.23;
sainsburys-sweet-chilli-pork-sausages--taste-the-difference-x6-400g;Sainsbury's Pork & Sweet Chilli Sausages, Taste the Difference x6 400g;£2.50/unit;£6.25/kg;Organic & Taste the Difference;organic-taste-the-difference;242;17.4;6.4;3.9;16.1;5.6;1.0;1.23;
sainsburys-sweet-chilli-pork-sausages--taste-the-difference-x6-400g;Sainsbury's Pork & Sweet Chilli Sausages, Taste the Difference x6 400g;£2.50/unit;£6.25/kg;Sausages;sausages;242;17.4;6.4;3.9;16.1;5.6;1.0;1.23;
sainsburys-sweet-chilli-rack-of-ribs-450g;Sainsbury's Sweet Chilli Rack Of Pork Ribs 450g;£3.00/unit;£6.67/kg;Meat & poultry;frozen-pork;291;20.5;1.3;1.2;22.6;9.8;0.5;0.40;
sainsburys-sweet-chilli-salmon-flakes-120g;Sainsbury's Sweet Chilli Salmon Flakes 120g;£3.50/unit;£2.92/100g;Cooked meats & snacking;mfp-cooked-fish-seafood;235;25.5;2.2;0.5;13.7;2.8;0.6;1.95;
sainsburys-sweet-chilli-salmon-flakes-120g;Sainsbury's Sweet Chilli Salmon Flakes 120g;£3.50/unit;£2.92/100g;Cooked meats, pate & sandwich fillers;cooked-fish-seafood;235;25.5;2.2;0.5;13.7;2.8;0.6;1.95;
sainsburys-sweet-chilli-salmon-flakes-120g;Sainsbury's Sweet Chilli Salmon Flakes 120g;£3.50/unit;£2.92/100g;Fish & seafood;canapes-snacking;235;25.5;2.2;0.5;13.7;2.8;0.6;1.95;
sainsburys-sweet-chilli-sauce-300g;Sainsbury's Sweet Chilli Sauce 300g;£1.30/unit;£0.43/100g;Cooking sauces & world foods;chinese-cooking-sauces;195;0.5;48.1;38.6;0.5;0.1;0.6;1.27;
sainsburys-sweet-chilli-sauce-300g;Sainsbury's Sweet Chilli Sauce 300g;£1.30/unit;£0.43/100g;Cooking sauces & world foods;thai-cooking-sauces;195;0.5;48.1;38.6;0.5;0.1;0.6;1.27;
sainsburys-sweet-chilli-sauce-345g;Sainsbury's Sweet Chilli Sauce 345g;£1.20/unit;£0.35/100g;Table sauces, dressings & condiments;tomato-ketchup-brown-bbq-other-sauces;205;0.5;49.2;42.9;0.5;0.2;0.9;1.48;
sainsburys-sweet-chilli-sauce-500g;Sainsbury's Sweet Chilli Sauce 500g;£1.29/unit;£0.26/100g;Cooking sauces & world foods;chinese-cooking-sauces;115;0.4;27.2;21.9;0.4;0.1;0.5;0.57;
sainsburys-sweet-chilli-sauce-500g;Sainsbury's Sweet Chilli Sauce 500g;£1.29/unit;£0.26/100g;Cooking sauces & world foods;thai-cooking-sauces;115;0.4;27.2;21.9;0.4;0.1;0.5;0.57;
sainsburys-sweet-chilli-sauce-600g;Sainsbury's Sweet Chilli Sauce 600g;£2.30/unit;£0.38/100g;Cooking sauces & world foods;chinese-cooking-sauces;195;0.5;48.1;38.6;0.5;0.1;0.6;1.27;
sainsburys-sweet-chilli-sauce-600g;Sainsbury's Sweet Chilli Sauce 600g;£2.30/unit;£0.38/100g;Cooking sauces & world foods;thai-cooking-sauces;195;0.5;48.1;38.6;0.5;0.1;0.6;1.27;
sainsburys-sweet-chilli-sliced-chicken-300g;Sainsbury's Cooked Chicken Slices, Sweet Chilli 300g;£4.40/unit;£1.47/100g;Cooked meats & snacking;mfp-cooked-chicken-turkey;127;22.8;5.3;3.9;1.6;0.4;0.5;0.63;
sainsburys-sweet-chilli-sliced-chicken-300g;Sainsbury's Cooked Chicken Slices, Sweet Chilli 300g;£4.40/unit;£1.47/100g;Cooked meats & snacking;mfp-snacking-cooked-sausage;127;22.8;5.3;3.9;1.6;0.4;0.5;0.63;
sainsburys-sweet-chilli-sliced-chicken-300g;Sainsbury's Cooked Chicken Slices, Sweet Chilli 300g;£4.40/unit;£1.47/100g;Cooked meats, pate & sandwich fillers;cooked-chicken-turkey;127;22.8;5.3;3.9;1.6;0.4;0.5;0.63;
sainsburys-sweet-chilli-sliced-chicken-300g;Sainsbury's Cooked Chicken Slices, Sweet Chilli 300g;£4.40/unit;£1.47/100g;Cooked meats, pate & sandwich fillers;snacking-cooked-sausage;127;22.8;5.3;3.9;1.6;0.4;0.5;0.63;
sainsburys-sweet-chilli-stir-fry-sauce-175ml;Sainsbury's Fresh Sweet Chilli Stir Fry Sauce 175ml;£1.00/unit;£0.57/100ml;Fresh herbs & ingredients;asian-ingredients;120;0.5;29;26;0.5;0.1;0.5;0.85;
sainsburys-sweet-chilli-stir-fry-sauce-175ml;Sainsbury's Fresh Sweet Chilli Stir Fry Sauce 175ml;£1.00/unit;£0.57/100ml;Fresh vegetables;chillies-herbs-ingredients;120;0.5;29;26;0.5;0.1;0.5;0.85;
sainsburys-sweet-chilli-stir-fry-sauce-175ml;Sainsbury's Fresh Sweet Chilli Stir Fry Sauce 175ml;£1.00/unit;£0.57/100ml;Fresh vegetables;fresh-vegetables-stir-fry;120;0.5;29;26;0.5;0.1;0.5;0.85;
sainsburys-sweet-chilli-stir-fry-sauce-175ml;Sainsbury's Fresh Sweet Chilli Stir Fry Sauce 175ml;£1.00/unit;£0.57/100ml;Fresh vegetables;fresh-vegetables-world-exotic;120;0.5;29;26;0.5;0.1;0.5;0.85;
sainsburys-sweet-chilli-stir-fry-sauce-175ml;Sainsbury's Fresh Sweet Chilli Stir Fry Sauce 175ml;£1.00/unit;£0.57/100ml;Prepared & ready to eat;prepared-stir-fry;120;0.5;29;26;0.5;0.1;0.5;0.85;
sainsburys-sweet-chilli-stir-fry-sauce-175ml;Sainsbury's Fresh Sweet Chilli Stir Fry Sauce 175ml;£1.00/unit;£0.57/100ml;Prepared & ready to eat;prepared-vegetables;120;0.5;29;26;0.5;0.1;0.5;0.85;
sainsburys-sweet-chilli-wings-450g;Sainsbury's British Sweet Chilli Chicken Wings 450g;£3.30/unit;£0.73/100g;Cooked meats & snacking;mfp-cooked-chicken-turkey;211;22.0;5.8;3.9;11.0;2.8;0.5;0.62;
sainsburys-sweet-chilli-wings-450g;Sainsbury's British Sweet Chilli Chicken Wings 450g;£3.30/unit;£0.73/100g;Cooked meats & snacking;mfp-snacking-cooked-sausage;211;22.0;5.8;3.9;11.0;2.8;0.5;0.62;
sainsburys-sweet-chilli-wings-450g;Sainsbury's British Sweet Chilli Chicken Wings 450g;£3.30/unit;£0.73/100g;Cooked meats, pate & sandwich fillers;cooked-chicken-turkey;211;22.0;5.8;3.9;11.0;2.8;0.5;0.62;
sainsburys-sweet-chilli-wings-450g;Sainsbury's British Sweet Chilli Chicken Wings 450g;£3.30/unit;£0.73/100g;Cooked meats, pate & sandwich fillers;snacking-cooked-sausage;211;22.0;5.8;3.9;11.0;2.8;0.5;0.62;
sainsburys-sweet-gem-lettuce-x2;Sainsbury's Sweet Gem Lettuce x2;£1.00/unit;£1.00/ea;Fresh salad;lettuce;14;1.2;1.3;1.3;0.5;0.1;1.3;0.02;
sainsburys-sweet-herb-salad-80g;Sainsbury's Sweet Herb Salad 80g;£1.50/unit;£1.88/100g;Fresh salad;fresh-salad-prepared-ready-to-eat;28;2.9;1.6;0.6;0.6;0.1;2.2;0.08;
sainsburys-sweet-herb-salad-80g;Sainsbury's Sweet Herb Salad 80g;£1.50/unit;£1.88/100g;Fresh salad;salad-bags;28;2.9;1.6;0.6;0.6;0.1;2.2;0.08;
sainsburys-sweet-herb-salad-80g;Sainsbury's Sweet Herb Salad 80g;£1.50/unit;£1.88/100g;Prepared & ready to eat;prepared-salad-herbs;28;2.9;1.6;0.6;0.6;0.1;2.2;0.08;
sainsburys-sweet-leaf-salad-250g;Sainsbury's Sweet Leaf Salad 250g;£1.00/unit;£0.40/100g;Fresh salad;fresh-salad-prepared-ready-to-eat;24;0.8;3.6;3.5;0.5;0.1;1.9;0.01;
sainsburys-sweet-leaf-salad-250g;Sainsbury's Sweet Leaf Salad 250g;£1.00/unit;£0.40/100g;Fresh salad;salad-bags;24;0.8;3.6;3.5;0.5;0.1;1.9;0.01;
sainsburys-sweet-leaf-salad-250g;Sainsbury's Sweet Leaf Salad 250g;£1.00/unit;£0.40/100g;Prepared & ready to eat;prepared-salad-herbs;24;0.8;3.6;3.5;0.5;0.1;1.9;0.01;
sainsburys-sweet-leaf-salad-400g;Sainsbury's Sweet Leaf Salad 400g;£1.50/unit;£0.38/100g;Fresh salad;fresh-salad-prepared-ready-to-eat;24;0.8;3.6;3.5;0.5;0.1;1.9;0.01;
sainsburys-sweet-leaf-salad-400g;Sainsbury's Sweet Leaf Salad 400g;£1.50/unit;£0.38/100g;Fresh salad;salad-bags;24;0.8;3.6;3.5;0.5;0.1;1.9;0.01;
sainsburys-sweet-leaf-salad-400g;Sainsbury's Sweet Leaf Salad 400g;£1.50/unit;£0.38/100g;Prepared & ready to eat;prepared-salad-herbs;24;0.8;3.6;3.5;0.5;0.1;1.9;0.01;
sainsburys-sweet-onions--taste-the-difference-x3;Sainsbury's Sweet Onions, Taste the Difference x3;£1.50/unit;£5.00/kg;Fresh vegetables;onions-leeks-garlic;38;1.0;7.6;5.9;0.5;0.1;1.4;0.01;
sainsburys-sweet-onions--taste-the-difference-x3;Sainsbury's Sweet Onions, Taste the Difference x3;£1.50/unit;£5.00/kg;Taste the Difference;taste-the-difference-185761-44;38;1.0;7.6;5.9;0.5;0.1;1.4;0.01;
sainsburys-sweet-pancakes-375g;Sainsbury's Sweet Pancakes 375g;£1.50/unit;£0.40/100g;Desserts & cream;desserts;246;5.9;35;16;8.9;4.2;1.3;0.63;
sainsburys-sweet-pastry-450g;Sainsbury's Dessert Shortcrust Pastry Mix 450g;£0.75/unit;£1.67/kg;Sugar & home baking;cake-sweet-mixes;463;6.2;55.6;9.7;23.5;9.9;2.6;0.46;
sainsburys-sweet-pastry-450g;Sainsbury's Dessert Shortcrust Pastry Mix 450g;£0.75/unit;£1.67/kg;Sugar & home baking;pastry-savoury-mixes;463;6.2;55.6;9.7;23.5;9.9;2.6;0.46;
sainsburys-sweet-pepper-pasta-sauce-500g;Sainsbury's Pasta Sauce, Sweet Pepper 500g;£0.95/unit;£0.19/100g;Cooking sauces & world foods;italian-cooking-sauces;65;1.7;11.3;11.3;1.1;0.2;1.5;0.84;
sainsburys-sweet-piccalilli-295g;Sainsbury's Sweet Piccalilli 295g;£0.95/unit;£0.32/100g;Table sauces, dressings & condiments;chutney-pickle-relishes;98;0.5;22.8;19.9;0.5;0.1;0.8;0.66;
sainsburys-sweet-piccalilli-295g;Sainsbury's Sweet Piccalilli 295g;£0.95/unit;£0.32/100g;Vinegar, pickles, olives & antipasti;chutneys-pickle-relishes;98;0.5;22.8;19.9;0.5;0.1;0.8;0.66;
sainsburys-sweet-pickle-285g;Sainsbury's Sweet Pickle 285g;£0.80/unit;£0.27/100g;Table sauces, dressings & condiments;chutney-pickle-relishes;104;0.5;24.5;20.9;0.5;0.1;1.9;2.38;
sainsburys-sweet-pickle-285g;Sainsbury's Sweet Pickle 285g;£0.80/unit;£0.27/100g;Vinegar, pickles, olives & antipasti;chutneys-pickle-relishes;104;0.5;24.5;20.9;0.5;0.1;1.9;2.38;
sainsburys-sweet-pointed-peppers--so-organic-x2;Sainsbury's Sweet Pointed Red Peppers, SO Organic x2;£2.00/unit;£2.00/ea;Fresh salad;peppers;30;1.6;5.1;5.0;0.3;0;2.2;0;
sainsburys-sweet-pointed-peppers--so-organic-x2;Sainsbury's Sweet Pointed Red Peppers, SO Organic x2;£2.00/unit;£2.00/ea;Fresh vegetables;peppers-salad-vegetables;30;1.6;5.1;5.0;0.3;0;2.2;0;
sainsburys-sweet-pointed-peppers--so-organic-x2;Sainsbury's Sweet Pointed Red Peppers, SO Organic x2;£2.00/unit;£2.00/ea;Organic;organic;30;1.6;5.1;5.0;0.3;0;2.2;0;
sainsburys-sweet-pot-chilli---lime-crisps--taste-the-difference-100g;Sainsbury's Sweet Chilli & Lime Crisps, Taste the Difference 100g;£1.75/unit;£1.75/100g;Crisps, nuts & snacking fruit;crisps;512;5.3;46.8;18.5;31.7;3.6;9.1;1.00;
sainsburys-sweet-potato---red-onion-bhaji-%28warm---aromatic%29-256g;Sainsbury's Sweet Potato & Red Onion Bhaji 256g;£1.75/unit;£6.84/kg;Ready meals;indian-ready-meals;249;5.8;27.1;9.5;11.8;0.9;5.8;1.26;
sainsburys-sweet-potato---red-onion-bhaji-%28warm---aromatic%29-256g;Sainsbury's Sweet Potato & Red Onion Bhaji 256g;£1.75/unit;£6.84/kg;Ready meals;potato-vegetable-side-dishes;249;5.8;27.1;9.5;11.8;0.9;5.8;1.26;
sainsburys-sweet-potato---red-onion-bhaji-%28warm---aromatic%29-256g;Sainsbury's Sweet Potato & Red Onion Bhaji 256g;£1.75/unit;£6.84/kg;Vegetarian & meat free;deli-meat-alternatives;249;5.8;27.1;9.5;11.8;0.9;5.8;1.26;
sainsburys-sweet-potato---red-onion-bhaji-%28warm---aromatic%29-256g;Sainsbury's Sweet Potato & Red Onion Bhaji 256g;£1.75/unit;£6.84/kg;Vegetarian & meat free;vegetarian-meat-free-ready-meals;249;5.8;27.1;9.5;11.8;0.9;5.8;1.26;
sainsburys-sweet-potato--quinoa---lentil-burger-x4-350g;Sainsbury's Sweet Potato, Quinoa & Lentil Burger x4 350g;£1.80/unit;£5.14/kg;Meat free & vegetarian;meat-free-vegetarian;200;5.1;21.8;2.6;9.2;0.6;5.0;0.71;
sainsburys-sweet-potatoes-%28loose%29;Sainsbury's Sweet Potatoes (loose);£1.25/kg;£1.25/kg;Fresh herbs & ingredients;afro-caribbean-ingredients;87;1.1;18.9;8.0;0.5;0.1;2.1;0.09;
sainsburys-sweet-potatoes-%28loose%29;Sainsbury's Sweet Potatoes (loose);£1.25/kg;£1.25/kg;Fresh herbs & ingredients;indian-ingredients;87;1.1;18.9;8.0;0.5;0.1;2.1;0.09;
sainsburys-sweet-potatoes-%28loose%29;Sainsbury's Sweet Potatoes (loose);£1.25/kg;£1.25/kg;Fresh vegetables;fresh-vegetables-world-exotic;87;1.1;18.9;8.0;0.5;0.1;2.1;0.09;
sainsburys-sweet-potatoes-%28loose%29;Sainsbury's Sweet Potatoes (loose);£1.25/kg;£1.25/kg;Fresh vegetables;potatoes;87;1.1;18.9;8.0;0.5;0.1;2.1;0.09;
sainsburys-sweet-potatoes-%28loose%29;Sainsbury's Sweet Potatoes (loose);£1.25/kg;£1.25/kg;In season;new-in-season;87;1.1;18.9;8.0;0.5;0.1;2.1;0.09;
sainsburys-sweet-potatoes--so-organic-750g;Sainsbury's Sweet Potatoes, SO Organic 750g;£2.00/unit;£2.67/kg;Fresh herbs & ingredients;afro-caribbean-ingredients;123;2.9;24.7;19.6;0.5;0.2;4.2;0.13;
sainsburys-sweet-potatoes--so-organic-750g;Sainsbury's Sweet Potatoes, SO Organic 750g;£2.00/unit;£2.67/kg;Fresh herbs & ingredients;indian-ingredients;123;2.9;24.7;19.6;0.5;0.2;4.2;0.13;
sainsburys-sweet-potatoes--so-organic-750g;Sainsbury's Sweet Potatoes, SO Organic 750g;£2.00/unit;£2.67/kg;Fresh vegetables;fresh-vegetables-world-exotic;123;2.9;24.7;19.6;0.5;0.2;4.2;0.13;
sainsburys-sweet-potatoes--so-organic-750g;Sainsbury's Sweet Potatoes, SO Organic 750g;£2.00/unit;£2.67/kg;Fresh vegetables;potatoes;123;2.9;24.7;19.6;0.5;0.2;4.2;0.13;
sainsburys-sweet-potatoes--so-organic-750g;Sainsbury's Sweet Potatoes, SO Organic 750g;£2.00/unit;£2.67/kg;Organic;organic;123;2.9;24.7;19.6;0.5;0.2;4.2;0.13;
sainsburys-sweet-potatoes-125kg;Sainsbury's Sweet Potatoes 1.25kg;£1.50/unit;£1.20/kg;Fresh herbs & ingredients;afro-caribbean-ingredients;123;2.9;24.7;19.6;0.5;0.2;4.2;0.13;
sainsburys-sweet-potatoes-125kg;Sainsbury's Sweet Potatoes 1.25kg;£1.50/unit;£1.20/kg;Fresh herbs & ingredients;indian-ingredients;123;2.9;24.7;19.6;0.5;0.2;4.2;0.13;
sainsburys-sweet-potatoes-125kg;Sainsbury's Sweet Potatoes 1.25kg;£1.50/unit;£1.20/kg;Fresh vegetables;fresh-vegetables-world-exotic;123;2.9;24.7;19.6;0.5;0.2;4.2;0.13;
sainsburys-sweet-potatoes-125kg;Sainsbury's Sweet Potatoes 1.25kg;£1.50/unit;£1.20/kg;Fresh vegetables;potatoes;123;2.9;24.7;19.6;0.5;0.2;4.2;0.13;
sainsburys-sweet-potatoes-125kg;Sainsbury's Sweet Potatoes 1.25kg;£1.50/unit;£1.20/kg;In season;new-in-season;123;2.9;24.7;19.6;0.5;0.2;4.2;0.13;
sainsburys-sweet-silverskin--pickled-onions-440g;Sainsbury's Sweet Silverskin, Pickled Onions 440g (255g*);£0.90/unit;£0.39/100g;Vinegar, pickles, olives & antipasti;pickled-food;44;0.6;9.4;7.6;0.5;0.1;1.3;0.73;
sainsburys-sweet-spear-carrots--taste-the-difference-450g;Sainsbury's Sweet Spear Carrots, Taste the Difference 450g;£1.40/unit;£3.11/kg;Fresh vegetables;carrots-root-vegetables;41;0.5;7.7;7.2;0.5;0.1;2.1;0.07;
sainsburys-sweet-spear-carrots--taste-the-difference-450g;Sainsbury's Sweet Spear Carrots, Taste the Difference 450g;£1.40/unit;£3.11/kg;Taste the Difference;taste-the-difference-185761-44;41;0.5;7.7;7.2;0.5;0.1;2.1;0.07;
sainsburys-sweetcorn--super-sweet-1kg;Sainsbury's Sweetcorn, Super Sweet 1kg;£1.60/unit;£1.60/kg;Fruit, vegetables & rice;frozen-vegetables;115;4.3;17.9;2.2;2.3;0.3;2.8;0.01;
sainsburys-sweetcorn-1kg;Sainsbury's Sweetcorn 1kg;£1.40/unit;£1.40/kg;Fruit, vegetables & rice;frozen-vegetables;115;4.3;17.9;2.2;2.3;0.3;2.8;0.01;
sainsburys-sweetcorn-3x198g;Sainsbury's Sweetcorn 3x198g (157g*);£1.40/unit;£2.97/kg;Canned, tinned & packaged foods;canned-tinned-packaged-vegetables;73;2.5;11.1;4.5;1.4;0.3;2.8;0.01;
sainsburys-sweetcorn-cobettes-x4;Sainsbury's Sweetcorn Cobettes x4;£1.50/unit;£1.50/ea;Fresh vegetables;peas-beans-sweetcorn-asparagus;80;3.6;9.5;2.5;1.9;0.1;5.1;0.01;
sainsburys-sweetcorn-fritters-240g;Sainsbury's Sweetcorn Fritters 240g;£2.25/unit;£9.38/kg;Ready meals;mexican-caribbean-american-ready-meals;249;6.2;24.6;6.1;13.0;1.2;4.3;0.92;
sainsburys-sweetcorn-in-water-salt---sugar-added--basics-198g;Sainsbury's Sweetcorn In Water Salt & Sugar Added, Basics 198g (160g*);£0.30/unit;£1.88/kg;Canned, tinned & packaged foods;canned-tinned-packaged-vegetables;100;2.6;18.5;4.3;1.2;0.2;2.5;0.30;
sainsburys-sweetcorn-pasta-salad--basics-375g;Sainsbury's Sweetcorn Pasta Salad, Basics 375g;£1.15/unit;£0.31/100g;Coleslaw, olives, salads & dips;coleslaw-salads;182;3.5;19.0;2.0;9.9;0.8;1.2;0.68;
sainsburys-sweetcorn-pasta-salad--basics-375g;Sainsbury's Sweetcorn Pasta Salad, Basics 375g;£1.15/unit;£0.31/100g;Fresh salad;dressings-coleslaw-accompaniments;182;3.5;19.0;2.0;9.9;0.8;1.2;0.68;
sainsburys-sweetcorn-pasta-salad--basics-375g;Sainsbury's Sweetcorn Pasta Salad, Basics 375g;£1.15/unit;£0.31/100g;Prepared & ready to eat;prepared-salad-herbs;182;3.5;19.0;2.0;9.9;0.8;1.2;0.68;
sainsburys-sweetcorn-pasta-salad--basics-375g;Sainsbury's Sweetcorn Pasta Salad, Basics 375g;£1.15/unit;£0.31/100g;Soup & lunchtime snacks;lunchtime-snacks;182;3.5;19.0;2.0;9.9;0.8;1.2;0.68;
sainsburys-sweetcorn-pasta-salad--basics-375g;Sainsbury's Sweetcorn Pasta Salad, Basics 375g;£1.15/unit;£0.31/100g;Vegetarian & meat free;coleslaw--olives--salads---dips-30658-44;182;3.5;19.0;2.0;9.9;0.8;1.2;0.68;
sainsburys-sweetcorn-relish-320g;Sainsbury's Sweetcorn Relish 320g;£1.20/unit;£0.38/100g;Table sauces, dressings & condiments;chutney-pickle-relishes;170;1.3;39.7;27.0;0.5;0.1;2.4;1.01;
sainsburys-sweetcorn-relish-320g;Sainsbury's Sweetcorn Relish 320g;£1.20/unit;£0.38/100g;Table sauces, dressings & condiments;tomato-ketchup-brown-bbq-other-sauces;170;1.3;39.7;27.0;0.5;0.1;2.4;1.01;
sainsburys-sweetcorn-relish-320g;Sainsbury's Sweetcorn Relish 320g;£1.20/unit;£0.38/100g;Vinegar, pickles, olives & antipasti;chutneys-pickle-relishes;170;1.3;39.7;27.0;0.5;0.1;2.4;1.01;
sainsburys-sweetcorn-with-peas-198g;Sainsbury's Sweetcorn & Peas in Water 215g (160g*);£0.50/unit;£3.13/kg;Canned, tinned & packaged foods;canned-tinned-packaged-vegetables;68;3.4;8.9;4.2;1.4;0.3;3.3;0.03;
sainsburys-sweetcorn-with-peppers-198g;Sainsbury's Sweetcorn With Peppers 198g;£0.50/unit;£2.53/kg;Canned, tinned & packaged foods;canned-tinned-packaged-vegetables;66;2.2;9.3;4.0;1.5;0.3;2.9;0.03;
sainsburys-sweetcorn-x2;Sainsbury's Sweetcorn x2;£1.50/unit;£1.50/ea;Fresh vegetables;peas-beans-sweetcorn-asparagus;80;3.6;9.5;2.5;1.9;0.1;5.1;0.01;
sainsburys-sweetflame-beetroot--taste-the-difference-200g;Sainsbury's Sweetflame Beetroot, Taste the Difference 200g;£1.50/unit;£0.75/100g;Fresh salad;spring-onions-radish-beetroot;63;1.4;12.2;11.6;0.5;0.1;2.7;0.18;
sainsburys-sweetflame-beetroot--taste-the-difference-200g;Sainsbury's Sweetflame Beetroot, Taste the Difference 200g;£1.50/unit;£0.75/100g;Fresh vegetables;baby-vegetables;63;1.4;12.2;11.6;0.5;0.1;2.7;0.18;
sainsburys-sweetflame-beetroot--taste-the-difference-200g;Sainsbury's Sweetflame Beetroot, Taste the Difference 200g;£1.50/unit;£0.75/100g;Fresh vegetables;peppers-salad-vegetables;63;1.4;12.2;11.6;0.5;0.1;2.7;0.18;
sainsburys-sweetflame-beetroot--taste-the-difference-200g;Sainsbury's Sweetflame Beetroot, Taste the Difference 200g;£1.50/unit;£0.75/100g;Taste the Difference;taste-the-difference-185761-44;63;1.4;12.2;11.6;0.5;0.1;2.7;0.18;
sainsburys-sweetflamed-pepper---goats-cheese-bake--taste-the-difference-280g;Sainsbury's Sweetflamed Pepper & Goats Cheese Bake, Taste the Difference 280g;£2.30/unit;£8.21/kg;Meat free & vegetarian;meat-free-vegetarian;177;6.9;19.4;3.5;7.7;2.8;1.3;0.73;
sainsburys-sweetheart-cabbage--so-organic;Sainsbury's Sweetheart Cabbage, SO Organic;£1.40/unit;£1.40/ea;Fresh vegetables;broccoli-cauliflower-cabbage-greens;32;2.4;3.9;3.9;0.5;0.1;2.7;0.02;
sainsburys-sweetheart-cabbage--so-organic;Sainsbury's Sweetheart Cabbage, SO Organic;£1.40/unit;£1.40/ea;Organic;organic;32;2.4;3.9;3.9;0.5;0.1;2.7;0.02;
sainsburys-sweetheart-cabbage-500g;Sainsbury's Sweetheart Cabbage 500g;£0.80/unit;£0.80/ea;Fresh vegetables;broccoli-cauliflower-cabbage-greens;32;2.4;3.9;3.9;0.5;0.1;2.7;0.02;
sainsburys-sweetheart-cabbage-500g;Sainsbury's Sweetheart Cabbage 500g;£0.80/unit;£0.80/ea;In season;new-in-season;32;2.4;3.9;3.9;0.5;0.1;2.7;0.02;
sainsburys-sweetie-traybake-660g;Sainsbury's Sweetie Traybake 660g;£5.00/unit;£5.00/ea;Celebration cakes;celebration-cakes;434;4.0;58;38;20;6.2;0.9;0.50;
sainsburys-sweetpotato-coconut---chilli-soup--taste-the-difference-600gr;Sainsbury's Sweet Potato Coconut & Chilli Soup, Taste the Difference 600g;£2.00/unit;£0.33/100g;Soup & lunchtime snacks;fresh-soups;46;0.9;6.1;2.9;1.7;0.7;1.5;0.37;
sainsburys-swiss-dark-chocolate-bunny--taste-the-difference-440g;Sainsbury's Swiss Dark Chocolate Bunny, Taste the Difference 440g;£6.00/unit;£1.36/100g;Confectionery;easter-eggs;556;4.7;51;48;35;21;6.5;0.01;
sainsburys-swiss-dark-chocolate-mini-eggs--taste-the-difference-120g;Sainsbury's Swiss Dark Chocolate Mini Eggs, Taste the Difference 120g;£2.00/unit;£1.67/100g;Confectionery;easter-eggs;578;4.8;44.7;42.1;40.8;27.6;6.4;0.03;
sainsburys-swiss-emmental--taste-the-difference-200g;Sainsbury's Swiss Emmental, Taste the Difference 200g;£2.00/unit;£10.00/kg;Cheese;cheeseboard-delights;404;29.0;1.0;0;31.5;21.5;0;0.45;
sainsburys-swiss-emmental--taste-the-difference-200g;Sainsbury's Swiss Emmental, Taste the Difference 200g;£2.00/unit;£10.00/kg;Cheese;organic-taste-the-difference-cheese;404;29.0;1.0;0;31.5;21.5;0;0.45;
sainsburys-swiss-mature-reserve-gruyere--taste-the-difference-200g;Sainsbury's Swiss Mature Reserve Gruyere, Taste the Difference 200g;£3.30/unit;£16.50/kg;Cheese;cheeseboard-delights;413;28.0;1.0;0.0;33.0;19.0;0.0;1.50;
sainsburys-swiss-mature-reserve-gruyere--taste-the-difference-200g;Sainsbury's Swiss Mature Reserve Gruyere, Taste the Difference 200g;£3.30/unit;£16.50/kg;Cheese;organic-taste-the-difference-cheese;413;28.0;1.0;0.0;33.0;19.0;0.0;1.50;
sainsburys-swiss-milk-chocolate---pistachio--taste-the-difference-100g;Sainsbury's Swiss Milk Chocolate & Pistachio, Taste the Difference 100g;£1.40/unit;£1.40/100g;Confectionery;chocolate;551;7.4;49.2;47.6;35.3;17.5;3.3;0.43;
sainsburys-swiss-milk-chocolate---pistachio--taste-the-difference-100g;Sainsbury's Swiss Milk Chocolate & Pistachio, Taste the Difference 100g;£1.40/unit;£1.40/100g;Confectionery;premium-chocolate;551;7.4;49.2;47.6;35.3;17.5;3.3;0.43;
sainsburys-swiss-milk-chocolate--taste-the-difference-100g;Sainsbury's Swiss Milk Chocolate, Taste the Difference 100g;£1.40/unit;£1.40/100g;Confectionery;chocolate;558;8.5;50.6;49.5;35.2;20.4;2.3;0.25;
sainsburys-swiss-milk-chocolate--taste-the-difference-100g;Sainsbury's Swiss Milk Chocolate, Taste the Difference 100g;£1.40/unit;£1.40/100g;Confectionery;premium-chocolate;558;8.5;50.6;49.5;35.2;20.4;2.3;0.25;
sainsburys-swiss-milk-chocolate-bunny--taste-the-difference-440g;Sainsbury's Swiss Milk Chocolate Bunny, Taste the Difference 440g;£6.00/unit;£1.36/100g;Confectionery;easter-eggs;558;6.8;53;52;35;21;2.3;0.20;
sainsburys-swiss-milk-chocolate-mini-eggs--taste-the-difference-120g;Sainsbury's Swiss Milk Chocolate Mini Eggs, Taste the Difference 120g;£2.00/unit;£1.67/100g;Confectionery;easter-eggs;558;8.5;50.6;49.5;35.2;20.4;2.3;0.20;
sainsburys-swiss-milk-chocolate-with-hazelnuts--taste-the-difference-100g;Sainsbury's Swiss Milk Chocolate with Hazelnuts, Taste the Difference 100g;£1.40/unit;£1.40/100g;Confectionery;chocolate;567;8.8;48.5;46.8;37.0;19.5;2.6;0.20;
sainsburys-swiss-milk-chocolate-with-hazelnuts--taste-the-difference-100g;Sainsbury's Swiss Milk Chocolate with Hazelnuts, Taste the Difference 100g;£1.40/unit;£1.40/100g;Confectionery;premium-chocolate;567;8.8;48.5;46.8;37.0;19.5;2.6;0.20;
sainsburys-swiss-milk-chocolate-with-marc-de-champagne-filling--taste-the-difference-100g;Sainsbury's Swiss Milk Chocolate with Marc De Champagne Filling, Taste the Difference 100g;£1.40/unit;£1.40/100g;Confectionery;chocolate;527;5.1;51.7;49.7;31.6;19.2;0.2;0.15;
sainsburys-swiss-milk-chocolate-with-marc-de-champagne-filling--taste-the-difference-100g;Sainsbury's Swiss Milk Chocolate with Marc De Champagne Filling, Taste the Difference 100g;£1.40/unit;£1.40/100g;Confectionery;premium-chocolate;527;5.1;51.7;49.7;31.6;19.2;0.2;0.15;
sainsburys-swiss-milk-chocolate-with-praline-filling--taste-the-difference-100g;Sainsbury's Swiss Milk Chocolate with Praline Filling, Taste the Difference 100g;£1.40/unit;£1.40/100g;Confectionery;chocolate;572;7.9;48.2;46.5;38.0;17.8;2.9;0.18;
sainsburys-swiss-milk-chocolate-with-praline-filling--taste-the-difference-100g;Sainsbury's Swiss Milk Chocolate with Praline Filling, Taste the Difference 100g;£1.40/unit;£1.40/100g;Confectionery;premium-chocolate;572;7.9;48.2;46.5;38.0;17.8;2.9;0.18;
sainsburys-swiss-praline-assortment--taste-the-difference-147g;Sainsbury's Swiss Praline Assortment, Taste the Difference 147g;£5.00/unit;£3.40/100g;Confectionery;gifting-boxed-chocolate;539;5.5;49.1;46.1;35.0;18.5;2.9;0.10;
sainsburys-swiss-praline-assortment--taste-the-difference-147g;Sainsbury's Swiss Praline Assortment, Taste the Difference 147g;£5.00/unit;£3.40/100g;Confectionery;premium-chocolate;539;5.5;49.1;46.1;35.0;18.5;2.9;0.10;
sainsburys-swiss-roll-cappucino-200g;Sainsbury's Swiss Roll Cappucino 200g;£1.50/unit;£0.64/100g;Cakes;sponge-slab-loaf-cakes;389;3.8;57.5;39.0;15.6;7.5;1.5;0.35;
sainsburys-swiss-roll-lemon-curd-230g;Sainsbury's Swiss Roll Lemon Curd 230g;£1.50/unit;£0.56/100g;Cakes;sponge-slab-loaf-cakes;367;3.2;68.1;42.8;8.9;4.5;0.9;0.41;
sainsburys-swiss-roll-raspberry-240g;Sainsbury's Swiss Roll Raspberry 240g;£1.50/unit;£0.56/100g;Cakes;sponge-slab-loaf-cakes;356;2.8;59.3;37.6;11.3;6.5;3.1;0.64;
sainsburys-swiss-style-muesli--no-added-salt---sugar-1kg;Sainsbury's Swiss Style Muesli, No Added Salt & Sugar 1kg;£2.80/unit;£0.28/100g;Breakfast cereals;bigger-packs;356;10.7;63.0;14.7;4.9;0.6;8.8;0;
sainsburys-swiss-style-muesli--no-added-salt---sugar-1kg;Sainsbury's Swiss Style Muesli, No Added Salt & Sugar 1kg;£2.80/unit;£0.28/100g;Breakfast cereals;muesli-granola-clusters;356;10.7;63.0;14.7;4.9;0.6;8.8;0;
sainsburys-swiss-white-chocolate--taste-the-difference-100g-7638742-p-44;Sainsbury's Swiss White Chocolate, Taste the Difference 100g;£1.40/unit;£1.40/100g;Confectionery;chocolate;588;6.1;51.9;51.8;39.6;24.2;0.0;0.20;
sainsburys-swiss-white-chocolate--taste-the-difference-100g-7638742-p-44;Sainsbury's Swiss White Chocolate, Taste the Difference 100g;£1.40/unit;£1.40/100g;Confectionery;premium-chocolate;588;6.1;51.9;51.8;39.6;24.2;0.0;0.20;
sainsburys-swiss-white-chocolate-bunny--taste-the-difference-440g;Sainsbury's Swiss White Chocolate Bunny, Taste the Difference 440g;£6.00/unit;£1.36/100g;Confectionery;easter-eggs;588;6.1;52;52;40;24;0.5;0.25;
sainsburys-swiss-white-chocolate-mini-eggs--taste-the-difference-120g;Sainsbury's Swiss White Chocolate Mini Eggs, Taste the Difference 120g;£2.00/unit;£1.67/100g;Confectionery;easter-eggs;616;6.3;46.0;45.7;45.1;32.3;0.5;0.22;
sainsburys-swt-stcky-bbq-marinade-bourbon280g;Sainsbury's Sweet & Sticky BBQ Marinade Bourbon 280g;£1.20/unit;£0.43/100g;Table sauces, dressings & condiments;marinades-glazes;107;1.0;24.3;20.3;0.5;0.1;1.1;0.95;
sainsburys-syrup-sponge-pudding-120g;Sainsbury's Syrup Sponge Pudding 120g;£0.65/unit;£0.54/100g;Fruit & desserts;rice-sponge-pudding;297;2.0;47.7;35.3;10.4;3.0;2.5;0.60;
sainsburys-syrup-sponge-puddings-220g;Sainsbury's Syrup Sponge Puddings 220g;£1.50/unit;£0.68/100g;Ice cream & desserts;frozen-hot-desserts;321;3.6;56.3;46.2;8.7;5.0;1.3;0.48;
sainsburys-syrup-sponge-puddings-2x110g;Sainsbury's Syrup Sponge Puddings 2x110g;£1.00/unit;£0.46/100g;Desserts & cream;desserts;350;3.4;63;47;9.4;5.3;1.1;0.84;
sainsburys-szechuan-stir-fry-sauce-120g;Sainsbury's Szechuan Stir Fry Sauce 120g;£0.50/unit;£0.42/100g;Cooking sauces & world foods;chinese-cooking-sauces;113;1.7;17.4;16.9;3.5;0.2;2.5;1.73;
sainsburys-tabbouleh-salad--taste-the-difference-250g;Sainsbury's Tabbouleh Salad, Taste the Difference 250g;£2.00/unit;£0.80/100g;Coleslaw, olives, salads & dips;coleslaw-salads;130;3.0;14.7;2.5;5.7;0.5;4.1;0.83;
sainsburys-tabbouleh-salad--taste-the-difference-250g;Sainsbury's Tabbouleh Salad, Taste the Difference 250g;£2.00/unit;£0.80/100g;Fresh salad;dressings-coleslaw-accompaniments;130;3.0;14.7;2.5;5.7;0.5;4.1;0.83;
sainsburys-tabbouleh-salad--taste-the-difference-250g;Sainsbury's Tabbouleh Salad, Taste the Difference 250g;£2.00/unit;£0.80/100g;Prepared & ready to eat;prepared-salad-herbs;130;3.0;14.7;2.5;5.7;0.5;4.1;0.83;
sainsburys-tabbouleh-salad--taste-the-difference-250g;Sainsbury's Tabbouleh Salad, Taste the Difference 250g;£2.00/unit;£0.80/100g;Soup & lunchtime snacks;lunchtime-snacks;130;3.0;14.7;2.5;5.7;0.5;4.1;0.83;
sainsburys-tabbouleh-salad--taste-the-difference-250g;Sainsbury's Tabbouleh Salad, Taste the Difference 250g;£2.00/unit;£0.80/100g;Vegetarian & meat free;coleslaw--olives--salads---dips-30658-44;130;3.0;14.7;2.5;5.7;0.5;4.1;0.83;
sainsburys-table-salt-bottle-750g;Sainsbury's Table Salt Bottle 750g;£0.35/unit;£0.47/kg;Cooking ingredients & oils;salt-pepper;null;null;null;null;null;null;null;null;
sainsburys-tadka-daal-%28mild---earthy%29-300g;Sainsbury's Tadka Daal 300g;£1.75/unit;£5.83/kg;Ready meals;indian-ready-meals;110;5.4;8.6;1.2;4.3;0.9;7.7;0.81;
sainsburys-tadka-daal-%28mild---earthy%29-300g;Sainsbury's Tadka Daal 300g;£1.75/unit;£5.83/kg;Ready meals;potato-vegetable-side-dishes;110;5.4;8.6;1.2;4.3;0.9;7.7;0.81;
sainsburys-tadka-daal-%28mild---earthy%29-300g;Sainsbury's Tadka Daal 300g;£1.75/unit;£5.83/kg;Vegetarian & meat free;coleslaw--olives--salads---dips-30658-44;110;5.4;8.6;1.2;4.3;0.9;7.7;0.81;
sainsburys-tadka-daal-%28mild---earthy%29-300g;Sainsbury's Tadka Daal 300g;£1.75/unit;£5.83/kg;Vegetarian & meat free;vegetarian-meat-free-ready-meals;110;5.4;8.6;1.2;4.3;0.9;7.7;0.81;
sainsburys-tagliatelle-carbonara--taste-the-difference-400g-6338424-p-44;Sainsbury's Tagliatelle Carbonara, Taste the Difference 400g;£3.30/unit;£8.25/kg;Ready meals;italian-ready-meals;199;8.6;16.7;1.2;10.4;5.3;1.8;0.78;
sainsburys-tagliatelle-carbonara--taste-the-difference-400g-6338424-p-44;Sainsbury's Tagliatelle Carbonara, Taste the Difference 400g;£3.30/unit;£8.25/kg;Ready meals;meals-for-1-ready-meals;199;8.6;16.7;1.2;10.4;5.3;1.8;0.78;
sainsburys-tagliatelle-carbonara--taste-the-difference-400g-6338424-p-44;Sainsbury's Tagliatelle Carbonara, Taste the Difference 400g;£3.30/unit;£8.25/kg;Ready meals;taste-the-difference-bistro-ready-meals;199;8.6;16.7;1.2;10.4;5.3;1.8;0.78;
sainsburys-tagliatelle-pagliae-fieno--italian--made-with-wheat---spinach-500g;Sainsbury's Tagliatelle Paglia e Fieno 500g;£0.85/unit;£1.70/kg;Rice, pasta & noodles;pasta;160;4.4;33.6;0.6;0.6;0.1;1.4;0.01;
sainsburys-takeaway-bbq-chicken-pizza-540g;Sainsbury's Takeaway BBQ Chicken Pizza 540g;£3.00/unit;£5.56/kg;Pizza & garlic bread;frozen-pizza-garlic-bread;258;10.3;30.2;7.0;10.0;2.6;2.8;0.68;
sainsburys-takeaway-meat-feast-pizza-525g;Sainsbury's Takeaway Meat Feast Pizza 525g;£3.00/unit;£5.71/kg;Pizza & garlic bread;frozen-pizza-garlic-bread;297;10.7;28.9;2.4;14.8;4.3;2.7;0.88;
sainsburys-taleggio--taste-the-difference-200g;Sainsbury's Taleggio, Taste the Difference 200g;£2.25/unit;£11.25/kg;Cheese;cheeseboard-delights;295;18.0;0.9;0.5;24.4;15.5;0.5;3.54;
sainsburys-taleggio--taste-the-difference-200g;Sainsbury's Taleggio, Taste the Difference 200g;£2.25/unit;£11.25/kg;Cheese;organic-taste-the-difference-cheese;295;18.0;0.9;0.5;24.4;15.5;0.5;3.54;
sainsburys-tamarind-paste-115g;Sainsbury's Tamarind Paste 115g;£2.00/unit;£1.74/100g;Cooking ingredients & oils;cooking-pastes;293;2.2;49.2;25.5;8.7;1.6;4.8;0.54;
sainsburys-tamarind-paste-115g;Sainsbury's Tamarind Paste 115g;£2.00/unit;£1.74/100g;Cooking ingredients & oils;herbs-spices-seasoning;293;2.2;49.2;25.5;8.7;1.6;4.8;0.54;
sainsburys-tandoori-chicken-biryani--taste-the-difference-415g;Sainsbury's Tandoori Spiced Chicken Biryani, Taste The Difference 380g;£3.60/unit;£9.47/kg;Ready meals;healthier-choice-ready-meals;125;8.6;18.1;2.7;1.5;0.4;2.7;0.38;
sainsburys-tandoori-chicken-biryani--taste-the-difference-415g;Sainsbury's Tandoori Spiced Chicken Biryani, Taste The Difference 380g;£3.60/unit;£9.47/kg;Ready meals;indian-ready-meals;125;8.6;18.1;2.7;1.5;0.4;2.7;0.38;
sainsburys-tandoori-chicken-biryani--taste-the-difference-415g;Sainsbury's Tandoori Spiced Chicken Biryani, Taste The Difference 380g;£3.60/unit;£9.47/kg;Ready meals;meals-for-1-ready-meals;125;8.6;18.1;2.7;1.5;0.4;2.7;0.38;
sainsburys-tandoori-chicken-biryani--taste-the-difference-415g;Sainsbury's Tandoori Spiced Chicken Biryani, Taste The Difference 380g;£3.60/unit;£9.47/kg;Ready meals;taste-the-difference-bistro-ready-meals;125;8.6;18.1;2.7;1.5;0.4;2.7;0.38;
sainsburys-tangerines-x5-%28minimum%29;Sainsbury's Tangerines x5 (minimum);£1.50/unit;£1.50/ea;Fresh fruit;citrus-fruit;39;0.9;8.0;8.0;0.5;0.1;1.3;0.01;
sainsburys-tapas-platter-205g;Sainsbury's Tapas Platter 205g;£5.00/unit;£2.44/100g;Coleslaw, olives, salads & dips;olives-tapas-antipasti;404;12.2;66.2;2.8;8.9;3.6;5.1;2.33;
sainsburys-tapas-platter-205g;Sainsbury's Tapas Platter 205g;£5.00/unit;£2.44/100g;Vegetarian & meat free;deli-meat-alternatives;404;12.2;66.2;2.8;8.9;3.6;5.1;2.33;
sainsburys-tapioca-500g;Sainsbury's Tapioca 500g;£1.00/unit;£2.00/kg;Canned, tinned & packaged foods;pulses-beans;358;0.2;88.7;0.1;0;0;0.9;0;
sainsburys-tapioca-500g;Sainsbury's Tapioca 500g;£1.00/unit;£2.00/kg;Rice, pasta & noodles;couscous-grains;358;0.2;88.7;0.1;0;0;0.9;0;
sainsburys-taramasalata-230g;Sainsbury's Taramasalata 230g;£1.20/unit;£0.52/100g;Coleslaw, olives, salads & dips;fresh-dips-houmous;493;2.9;7.6;0.6;50.1;3.3;0.5;1.20;
sainsburys-tarka-dal-soup-400g;Sainsbury's Tarka Dal Soup 400g;£0.75/unit;£0.19/100g;Canned, tinned & packaged foods;soups;70;2.7;10.0;2.9;1.7;1.2;1.9;0.58;
sainsburys-tarragon-7g;Sainsbury's Tarragon 7g;£1.00/unit;£1.43/10g;Cooking ingredients & oils;herbs-spices-seasoning;null;null;null;null;null;null;null;null;
sainsburys-tart-au-citron--taste-the-difference-2x95g;Sainsbury's Tarte Au Citron, Taste the Difference 2x95g;£3.00/unit;£1.58/100g;Desserts & cream;desserts;380;3.9;53.2;31.2;16.6;10.1;1.4;0.07;
sainsburys-tartare-sauce--organic-160ml;Sainsbury's Tartare Sauce, SO Organic 160ml;£1.80/unit;£1.13/100ml;Table sauces, dressings & condiments;condiments;485;0.9;5.9;5.7;50.8;6.3;0.3;2.25;
sainsburys-tartare-sauce--taste-the-difference-180g;Sainsbury's Tartare Sauce, Taste the Difference 180g;£1.80/unit;£1.00/100g;Table sauces, dressings & condiments;condiments;397;1.2;10.6;8.6;38.8;3.0;0.5;2.50;
sainsburys-tartare-sauce-250ml;Sainsbury's Tartare Sauce 250ml;£0.80/unit;£0.32/100ml;Table sauces, dressings & condiments;condiments;281;1.4;15.4;12.7;23.7;1.6;0.5;3.05;
sainsburys-tarte-au-citron--taste-the-difference-480g-%28serves-6%29;Sainsbury's Tarte Au Citron, Taste the Difference 480g (serves 6);£4.00/unit;£0.83/100g;Ice cream & desserts;frozen-cold-desserts;290;4.7;40.7;22.0;11.5;7.7;2.6;0.32;
sainsburys-tarte-au-citron--taste-the-difference-480g-%28serves-6%29;Sainsbury's Tarte Au Citron, Taste the Difference 480g (serves 6);£4.00/unit;£0.83/100g;Ice cream & desserts;frozen-hot-desserts;290;4.7;40.7;22.0;11.5;7.7;2.6;0.32;
sainsburys-tarte-au-citron--taste-the-difference-500g;Sainsbury's Tarte Au Citron, Taste the Difference 500g;£4.00/unit;£0.80/100g;Desserts & cream;desserts;359;3.7;49.7;29.4;16.0;9.9;0.8;0.08;
sainsburys-tarte-aux-apricots--taste-the-difference-595g;Sainsbury's Tarte Aux Apricots, Taste the Difference 595g;£5.00/unit;£0.84/100g;Desserts & cream;desserts;308;5.7;35.3;21.9;15.6;8.3;1.6;0.10;
sainsburys-tarte-aux-pommes--taste-the-difference-470g;Sainsbury's Tarte Aux Pommes, Taste the Difference 470g;£4.00/unit;£0.85/100g;Desserts & cream;desserts;219;2.4;35.7;22.5;7.1;4.6;1.2;0.10;
sainsburys-tarte-tatin--taste-the-difference-600g;Sainsbury's Tarte Tatin, Taste the Difference 600g;£4.00/unit;£0.67/100g;Ice cream & desserts;frozen-hot-desserts;218;1.9;34.0;16.9;7.7;5.4;2.3;0.20;
sainsburys-taw-valley---caramelised-onion-quiche--taste-the-difference-400g;Sainsbury's Taw Valley & Caramelised Onion Quiche, Taste the Difference 400g;£3.10/unit;£0.78/100g;Pies, pasties & quiche;quiche;314;7.6;18.9;3.8;22.8;12.2;1.2;0.45;
sainsburys-taw-valley-extra-mature-cheddar-400g;Sainsbury's Taw Valley Extra Mature Cheddar 400g;£3.50/unit;£8.75/kg;Cheese;cheddar-british-regional-cheese;390;25.5;0.5;0.5;32.0;20.8;0.5;1.80;
sainsburys-taw-valley-grated-extra-mature-cheddar-385g;Sainsbury's Taw Valley Grated Extra Mature Cheddar 385g;£2.50/unit;£6.49/kg;Cheese;cheddar-british-regional-cheese;389;25.0;1.7;0.5;31.4;20.4;0.5;1.78;
sainsburys-taw-valley-grated-extra-mature-cheddar-385g;Sainsbury's Taw Valley Grated Extra Mature Cheddar 385g;£2.50/unit;£6.49/kg;Cheese;sliced-grated-cheese;389;25.0;1.7;0.5;31.4;20.4;0.5;1.78;
sainsburys-teacakes--basics-x4-249g;Sainsbury's Teacakes, Basics x4 249g;£0.55/unit;£0.22/100g;Cakes;cakes-scones-fruited-buns;271;9.2;49.1;15.2;3.5;0.9;3.0;0.53;
sainsburys-teacakes--basics-x4-249g;Sainsbury's Teacakes, Basics x4 249g;£0.55/unit;£0.22/100g;Scones, fruited & buns;scones-fruited-buns;271;9.2;49.1;15.2;3.5;0.9;3.0;0.53;
sainsburys-teacakes-x6;Sainsbury's Teacakes x6;£1.00/unit;£0.17/ea;Cakes;cakes-scones-fruited-buns;291;7.6;52.4;21.4;4.9;0.6;3.4;0.47;
sainsburys-teacakes-x6;Sainsbury's Teacakes x6;£1.00/unit;£0.17/ea;Scones, fruited & buns;scones-fruited-buns;291;7.6;52.4;21.4;4.9;0.6;3.4;0.47;
sainsburys-teatime-assortment-300g;Sainsbury's Teatime Assortment 300g;£3.00/unit;£1.00/100g;Biscuits & crackers;biscuits-crackers-sharing-bags-assortments;529;6.3;59.8;37.9;28.9;17.1;2.4;0.57;
sainsburys-tempura-batter-mix-128g;Sainsbury's Tempura Batter Mix 128g;£1.29/unit;£10.08/kg;Cooking ingredients & oils;breaded-batter-coatings;348;6.7;77.3;0.5;1.0;0.2;1.4;0.83;
sainsburys-tempura-batter-mix-128g;Sainsbury's Tempura Batter Mix 128g;£1.29/unit;£10.08/kg;Cooking sauces & world foods;japanese;348;6.7;77.3;0.5;1.0;0.2;1.4;0.83;
sainsburys-tender-broad-beans-in-water-300g;Sainsbury's Tender Broad Beans In Water 300g (195g*);£0.55/unit;£2.82/kg;Canned, tinned & packaged foods;pulses-beans;73;6.0;8.7;0.5;0.5;0.1;4.9;0.03;
sainsburys-tender-green-medley-175g;Sainsbury's Tender Green Medley 175g;£1.50/unit;£8.57/kg;Fresh vegetables;fresh-vegetables-stir-fry;39;2.9;4.3;2.7;0.5;0.1;3.6;0.01;
sainsburys-tender-green-medley-175g;Sainsbury's Tender Green Medley 175g;£1.50/unit;£8.57/kg;Fresh vegetables;peas-beans-sweetcorn-asparagus;39;2.9;4.3;2.7;0.5;0.1;3.6;0.01;
sainsburys-tenderstem-broccoli--so-organic-200g;Sainsbury's Tenderstem Broccoli, SO Organic 200g;£2.20/unit;£11.00/kg;Fresh vegetables;broccoli-cauliflower-cabbage-greens;null;null;null;null;null;null;null;null;
sainsburys-tenderstem-broccoli--so-organic-200g;Sainsbury's Tenderstem Broccoli, SO Organic 200g;£2.20/unit;£11.00/kg;Organic;organic;null;null;null;null;null;null;null;null;
sainsburys-tenderstem-broccoli-200g;Sainsbury's Tenderstem Broccoli 200g;£1.85/unit;£9.25/kg;Fresh vegetables;broccoli-cauliflower-cabbage-greens;null;null;null;null;null;null;null;null;
sainsburys-tenderstem-stir-fry--taste-the-difference-240g;Sainsbury's Tenderstem Stir Fry, Taste the Difference 240g;£2.50/unit;£1.04/100g;Fresh herbs & ingredients;asian-ingredients;77;2.3;3.7;1.9;5.4;0.6;2.1;0.00;
sainsburys-tenderstem-stir-fry--taste-the-difference-240g;Sainsbury's Tenderstem Stir Fry, Taste the Difference 240g;£2.50/unit;£1.04/100g;Fresh vegetables;fresh-vegetables-stir-fry;77;2.3;3.7;1.9;5.4;0.6;2.1;0.00;
sainsburys-tenderstem-stir-fry--taste-the-difference-240g;Sainsbury's Tenderstem Stir Fry, Taste the Difference 240g;£2.50/unit;£1.04/100g;Fresh vegetables;fresh-vegetables-world-exotic;77;2.3;3.7;1.9;5.4;0.6;2.1;0.00;
sainsburys-tenderstem-stir-fry--taste-the-difference-240g;Sainsbury's Tenderstem Stir Fry, Taste the Difference 240g;£2.50/unit;£1.04/100g;Prepared & ready to eat;prepared-stir-fry;77;2.3;3.7;1.9;5.4;0.6;2.1;0.00;
sainsburys-tenderstem-stir-fry--taste-the-difference-240g;Sainsbury's Tenderstem Stir Fry, Taste the Difference 240g;£2.50/unit;£1.04/100g;Prepared & ready to eat;prepared-vegetables;77;2.3;3.7;1.9;5.4;0.6;2.1;0.00;
sainsburys-tenderstem-stir-fry--taste-the-difference-240g;Sainsbury's Tenderstem Stir Fry, Taste the Difference 240g;£2.50/unit;£1.04/100g;Taste the Difference;taste-the-difference-185761-44;77;2.3;3.7;1.9;5.4;0.6;2.1;0.00;
sainsburys-teriyaki---ginger-stir-fry-sauce-175ml;Sainsbury's Fresh Teriyaki & Ginger Stir Fry Sauce 175ml;£1.00/unit;£0.57/100ml;Fresh herbs & ingredients;asian-ingredients;87;1.1;17.2;12.6;1.5;0.1;0.5;1.40;
sainsburys-teriyaki---ginger-stir-fry-sauce-175ml;Sainsbury's Fresh Teriyaki & Ginger Stir Fry Sauce 175ml;£1.00/unit;£0.57/100ml;Fresh vegetables;chillies-herbs-ingredients;87;1.1;17.2;12.6;1.5;0.1;0.5;1.40;
sainsburys-teriyaki---ginger-stir-fry-sauce-175ml;Sainsbury's Fresh Teriyaki & Ginger Stir Fry Sauce 175ml;£1.00/unit;£0.57/100ml;Fresh vegetables;fresh-vegetables-stir-fry;87;1.1;17.2;12.6;1.5;0.1;0.5;1.40;
sainsburys-teriyaki---ginger-stir-fry-sauce-175ml;Sainsbury's Fresh Teriyaki & Ginger Stir Fry Sauce 175ml;£1.00/unit;£0.57/100ml;Fresh vegetables;fresh-vegetables-world-exotic;87;1.1;17.2;12.6;1.5;0.1;0.5;1.40;
sainsburys-teriyaki---ginger-stir-fry-sauce-175ml;Sainsbury's Fresh Teriyaki & Ginger Stir Fry Sauce 175ml;£1.00/unit;£0.57/100ml;Prepared & ready to eat;prepared-stir-fry;87;1.1;17.2;12.6;1.5;0.1;0.5;1.40;
sainsburys-teriyaki---ginger-stir-fry-sauce-175ml;Sainsbury's Fresh Teriyaki & Ginger Stir Fry Sauce 175ml;£1.00/unit;£0.57/100ml;Prepared & ready to eat;prepared-vegetables;87;1.1;17.2;12.6;1.5;0.1;0.5;1.40;
sainsburys-teriyaki-stir-fry-sauce-120g;Sainsbury's Teriyaki Stir Fry Sauce 120g;£0.50/unit;£0.42/100g;Cooking sauces & world foods;chinese-cooking-sauces;123;0.9;20.9;17.5;3.9;0.4;0.6;1.68;
sainsburys-teriyaki-stir-fry-sauce-120g;Sainsbury's Teriyaki Stir Fry Sauce 120g;£0.50/unit;£0.42/100g;Cooking sauces & world foods;thai-cooking-sauces;123;0.9;20.9;17.5;3.9;0.4;0.6;1.68;
sainsburys-tex-mex-dips-500g;Sainsbury's Tex Mex Dip Selection 500g;£2.55/unit;£0.51/100g;Coleslaw, olives, salads & dips;fresh-dips-houmous;352;4.8;6.1;2.0;34.2;7.2;0.5;1.33;
sainsburys-tex-mex-dips-500g;Sainsbury's Tex Mex Dip Selection 500g;£2.55/unit;£0.51/100g;Vegetarian & meat free;deli-meat-alternatives;352;4.8;6.1;2.0;34.2;7.2;0.5;1.33;
sainsburys-tex-mex-mini-multi-dips-240g;Sainsbury's Tex Mex Dip Selection 240g;£1.70/unit;£0.71/100g;Coleslaw, olives, salads & dips;fresh-dips-houmous;212;1.5;4.2;2.9;20.2;7.4;3.7;0.50;
sainsburys-tex-mex-mini-multi-dips-240g;Sainsbury's Tex Mex Dip Selection 240g;£1.70/unit;£0.71/100g;Vegetarian & meat free;deli-meat-alternatives;212;1.5;4.2;2.9;20.2;7.4;3.7;0.50;
sainsburys-thai-beetroot-soup--taste-the-difference-600g-7644183-p-44;Sainsbury's Thai Beetroot Soup, Taste the Difference 600g;£2.00/unit;£0.33/100g;Soup & lunchtime snacks;fresh-soups;49;0.8;6.8;5.3;1.8;1.0;1.2;0.43;
sainsburys-thai-black-rice-500g;Sainsbury's Thai Black Rice 500g;£2.50/unit;£5.00/kg;Cooking sauces & world foods;thai-cooking-sauces;114;3.7;20.4;0.5;1.1;0.3;3.8;0.01;
sainsburys-thai-black-rice-500g;Sainsbury's Thai Black Rice 500g;£2.50/unit;£5.00/kg;Rice, pasta & noodles;rice-12592-44;114;3.7;20.4;0.5;1.1;0.3;3.8;0.01;
sainsburys-thai-chilli-peanuts-200g;Sainsbury's Thai Chilli Peanuts 200g;£1.35/unit;£0.68/100g;Crisps, nuts & snacking fruit;nuts;632;29.2;7.9;6.1;52.4;7.9;6.1;0.68;
sainsburys-thai-chilli-soya---potato-snacks--be-good-to-yourself-5x22g;Sainsbury's Thai Chilli Soya & Potato Snacks, Be Good To Yourself 5x22g;£1.30/unit;£1.18/100g;Crisps, nuts & snacking fruit;crisps;389;18.7;61.5;5.0;6.0;0.8;7.1;1.50;
sainsburys-thai-chilli-soya---potato-snacks--be-good-to-yourself-5x22g;Sainsbury's Thai Chilli Soya & Potato Snacks, Be Good To Yourself 5x22g;£1.30/unit;£1.18/100g;Crisps, nuts & snacking fruit;healthier-snacks-12459-44;389;18.7;61.5;5.0;6.0;0.8;7.1;1.50;
sainsburys-thai-fragrant-rice-500g;Sainsbury's Thai Fragrant Rice 500g;£1.10/unit;£2.20/kg;Cooking sauces & world foods;thai-cooking-sauces;120;2.4;26.2;0.5;0.5;0.1;1.3;0.01;
sainsburys-thai-fragrant-rice-500g;Sainsbury's Thai Fragrant Rice 500g;£1.10/unit;£2.20/kg;Rice, pasta & noodles;rice-12592-44;120;2.4;26.2;0.5;0.5;0.1;1.3;0.01;
sainsburys-thai-green-curry---rice-450g;Sainsbury's Thai Green Curry & Rice 450g;£3.00/unit;£6.67/kg;Ready meals;meals-for-1-ready-meals;151;7.3;14.3;1.1;6.6;3.8;2.3;0.58;
sainsburys-thai-green-curry---rice-450g;Sainsbury's Thai Green Curry & Rice 450g;£3.00/unit;£6.67/kg;Ready meals;oriental-ready-meals;151;7.3;14.3;1.1;6.6;3.8;2.3;0.58;
sainsburys-thai-green-curry-cooking-sauce-500g;Sainsbury's Thai Green Curry Sauce 500g;£1.35/unit;£0.27/100g;Cooking sauces & world foods;thai-cooking-sauces;108;1.0;7.8;4.6;7.6;4.2;2.0;0.70;
sainsburys-thai-green-curry-soup-400g;Sainsbury's Thai Green Curry Soup 400g;£0.75/unit;£0.19/100g;Canned, tinned & packaged foods;soups;67;1.0;7.5;1.6;3.4;2.8;1.1;0.53;
sainsburys-thai-herb-paste-75g;Sainsbury's Thai Herb Paste 75g;£0.80/unit;£1.00/100g;Cooking ingredients & oils;cooking-pastes;71;1.2;6.9;5.4;3.6;0.3;3.2;0.39;
sainsburys-thai-herb-paste-75g;Sainsbury's Thai Herb Paste 75g;£0.80/unit;£1.00/100g;Fresh herbs & ingredients;asian-ingredients;71;1.2;6.9;5.4;3.6;0.3;3.2;0.39;
sainsburys-thai-red-curry---rice--be-good-to-yourself-400g;Sainsbury's Thai Red Curry & Rice, Be Good To Yourself 400g;£3.00/unit;£7.50/kg;Ready meals;healthier-choice-ready-meals;87;6.2;11.2;1.3;1.6;0.8;1.6;0.38;
sainsburys-thai-red-curry---rice--be-good-to-yourself-400g;Sainsbury's Thai Red Curry & Rice, Be Good To Yourself 400g;£3.00/unit;£7.50/kg;Ready meals;meals-for-1-ready-meals;87;6.2;11.2;1.3;1.6;0.8;1.6;0.38;
sainsburys-thai-red-curry---rice--be-good-to-yourself-400g;Sainsbury's Thai Red Curry & Rice, Be Good To Yourself 400g;£3.00/unit;£7.50/kg;Ready meals;oriental-ready-meals;87;6.2;11.2;1.3;1.6;0.8;1.6;0.38;
sainsburys-thai-red-curry---rice--be-good-to-yourself-400g;Sainsbury's Thai Red Curry & Rice, Be Good To Yourself 400g;£3.00/unit;£7.50/kg;Soup & lunchtime snacks;lunchtime-snacks;87;6.2;11.2;1.3;1.6;0.8;1.6;0.38;
sainsburys-thai-red-curry---rice-450g;Sainsbury's Thai Red Curry & Rice 450g;£3.00/unit;£6.67/kg;Ready meals;meals-for-1-ready-meals;148;7.5;14.6;2.1;6.1;3.3;2.4;0.54;
sainsburys-thai-red-curry---rice-450g;Sainsbury's Thai Red Curry & Rice 450g;£3.00/unit;£6.67/kg;Ready meals;oriental-ready-meals;148;7.5;14.6;2.1;6.1;3.3;2.4;0.54;
sainsburys-thai-red-curry---rice-450g;Sainsbury's Thai Red Curry & Rice 450g;£3.00/unit;£6.67/kg;Soup & lunchtime snacks;lunchtime-snacks;148;7.5;14.6;2.1;6.1;3.3;2.4;0.54;
sainsburys-thai-red-curry-cooking-sauce-500g;Sainsbury's Thai Red Curry Sauce 500g;£1.35/unit;£0.27/100g;Cooking sauces & world foods;thai-cooking-sauces;96;1.0;8.1;4.3;6.2;3.6;1.8;0.70;
sainsburys-thai-rice-250g;Sainsbury's Thai Rice 250g;£0.50/unit;£2.00/kg;Cooking sauces & world foods;thai-cooking-sauces;175;3.6;35.9;0.5;1.8;0.2;0.6;0.20;
sainsburys-thai-rice-250g;Sainsbury's Thai Rice 250g;£0.50/unit;£2.00/kg;Rice, pasta & noodles;rice-12592-44;175;3.6;35.9;0.5;1.8;0.2;0.6;0.20;
sainsburys-thai-sticky-rice-500g;Sainsbury's Thai Sticky Rice 500g;£1.10/unit;£2.20/kg;Cooking sauces & world foods;thai-cooking-sauces;119;2.8;25.5;0.5;0.5;0.1;1.3;0.01;
sainsburys-thai-sticky-rice-500g;Sainsbury's Thai Sticky Rice 500g;£1.10/unit;£2.20/kg;Rice, pasta & noodles;rice-12592-44;119;2.8;25.5;0.5;0.5;0.1;1.3;0.01;
sainsburys-thai-sweet-chilli-crisps--taste-the-difference-150g;Sainsbury's Thai Sweet Chilli Crisps, Taste The Difference 150g;£1.50/unit;£1.00/100g;Crisps, nuts & snacking fruit;crisps;503;5.9;52.6;3.7;28.5;3.4;6.4;1.20;
sainsburys-thai-takeaway-for-2-11kg;Sainsbury's Thai Takeaway For 2 1.1kg;£7.50/unit;£6.82/kg;Ready meals;oriental-ready-meals;148;7.5;14.6;2.1;6.1;3.3;2.4;0.54;
sainsburys-thaistyle-chicken-cup--be-good-to-yourself-soup-60g-%284x15g%29;Sainsbury's Thai Style Chicken Cup Soup, Be Good To Yourself 4x15g;£0.70/unit;£1.17/100g;Canned, tinned & packaged foods;soups;30;1.2;4.7;1.2;0.6;0.3;0.5;0.54;
sainsburys-thick-cut-honey-roast-ham--be-good-to-yourself-80g;Sainsbury's Honey Roast Ham Thick Cut, Be Good To Yourself 80g;£1.80/unit;£2.25/100g;Cooked meats & snacking;ham-82654-44;121;25.8;0.5;0.5;1.7;0.5;0.5;1.48;
sainsburys-thick-cut-honey-roast-ham--be-good-to-yourself-80g;Sainsbury's Honey Roast Ham Thick Cut, Be Good To Yourself 80g;£1.80/unit;£2.25/100g;Cooked meats, pate & sandwich fillers;ham;121;25.8;0.5;0.5;1.7;0.5;0.5;1.48;
sainsburys-thick-cut-orange---ginger-marmalade-454g;Sainsbury's Thick Cut Orange & Ginger Marmalade 454g;£0.90/unit;£0.20/100g;Jams, honey & spreads;marmalade;262;0.5;64.0;58.7;0.5;0.1;1.5;0.13;
sainsburys-thick-cut-wiltshire-ham--taste-the-difference-120g;Sainsbury's Thick Cut Wiltshire Ham, Taste the Difference 120g;£3.00/unit;£2.50/100g;Cooked meats & snacking;ham-82654-44;133;23.3;0.5;0.5;4.4;1.4;0.5;2.50;
sainsburys-thick-cut-wiltshire-ham--taste-the-difference-120g;Sainsbury's Thick Cut Wiltshire Ham, Taste the Difference 120g;£3.00/unit;£2.50/100g;Cooked meats & snacking;mfp-cooked-meats-snacking-taste-the-difference;133;23.3;0.5;0.5;4.4;1.4;0.5;2.50;
sainsburys-thick-cut-wiltshire-ham--taste-the-difference-120g;Sainsbury's Thick Cut Wiltshire Ham, Taste the Difference 120g;£3.00/unit;£2.50/100g;Cooked meats, pate & sandwich fillers;cooked-meats-taste-the-difference;133;23.3;0.5;0.5;4.4;1.4;0.5;2.50;
sainsburys-thick-cut-wiltshire-ham--taste-the-difference-120g;Sainsbury's Thick Cut Wiltshire Ham, Taste the Difference 120g;£3.00/unit;£2.50/100g;Cooked meats, pate & sandwich fillers;ham;133;23.3;0.5;0.5;4.4;1.4;0.5;2.50;
sainsburys-thick-smoked-bacon-rashers-x6-300g;Sainsbury's Thick Smoked Bacon Rashers x6 300g;£2.00/unit;£6.66/kg;Bacon & gammon;bacon;262;30.9;0.5;0.5;15.4;5.8;0.5;4.33;
sainsburys-thick-unsmoked-bacon-rasher-x6-300g;Sainsbury's Thick Unsmoked Bacon Rasher x6 300g;£2.00/unit;£6.66/kg;Bacon & gammon;bacon;262;30.9;0.5;0.5;15.4;5.8;0.5;4.33;
sainsburys-thin---crispy-bbq-chicken-10-pizza-346g;Sainsbury's Thin & Crispy BBQ Chicken Pizza 10'' 346g;£2.20/unit;£6.55/kg;Pizza, pasta & garlic bread;pizza;247;12.9;28.7;3.9;8.2;3.5;3.3;0.98;
sainsburys-thin---crispy-cheese---tomato-10-pizza-285g;Sainsbury's Thin & Crispy Cheese & Tomato Pizza 10'' 285g;£2.20/unit;£7.86/kg;Pizza, pasta & garlic bread;pizza;294;14.8;28.6;2.6;12.8;6.1;2.8;1.30;
sainsburys-thin---crispy-cheese---tomato-10-pizza-285g;Sainsbury's Thin & Crispy Cheese & Tomato Pizza 10'' 285g;£2.20/unit;£7.86/kg;Vegetarian & meat free;vegetarian-meat-free-pizza-pasta;294;14.8;28.6;2.6;12.8;6.1;2.8;1.30;
sainsburys-thin---crispy-ham---pineapple-10-pizza-360g;Sainsbury's Thin & Crispy Ham & Pineapple Pizza 10'' 360g;£2.20/unit;£6.47/kg;Pizza, pasta & garlic bread;pizza;243;13.3;25.7;3.7;9.1;4.1;2.8;1.33;
sainsburys-thin---crispy-hawaiian-pizza-325g;Sainsbury's Thin & Crispy Hawaiian Pizza 325g;£1.60/unit;£4.92/kg;Pizza & garlic bread;frozen-pizza-garlic-bread;232;11.1;30.8;4.1;6.5;3.0;2.8;0.93;
sainsburys-thin---crispy-margherita-pizza-312g;Sainsbury's Thin & Crispy Margherita Pizza 312g;£1.60/unit;£5.13/kg;Pizza & garlic bread;frozen-pizza-garlic-bread;250;11.5;30.7;2.3;8.6;4.7;2.0;0.65;
sainsburys-thin---crispy-meat-feast-pizza-10-325g;Sainsbury's Thin & Crispy Meat Feast Pizza 10'' 325g;£2.20/unit;£6.77/kg;Pizza, pasta & garlic bread;pizza;275;14.9;25.6;2.4;12.0;4.8;2.5;1.38;
sainsburys-thin---crispy-pepperoni-pizza-10-285g;Sainsbury's Thin & Crispy Pepperoni Pizza 10'' 285g;£2.20/unit;£7.72/kg;Pizza, pasta & garlic bread;pizza;302;14.1;28.7;2.3;13.9;5.4;2.8;1.40;
sainsburys-thin---crispy-pepperoni-pizza-301g;Sainsbury's Thin & Crispy Pepperoni Pizza 310g;£1.60/unit;£5.32/kg;Pizza & garlic bread;frozen-pizza-garlic-bread;267;11.0;29.8;2.2;11.2;4.8;1.5;0.78;
sainsburys-thin---crispy-pizza-base-twin-pack-10;Sainsbury's Thin & Crispy 10" Pizza Base x2 261g;£1.00/unit;£3.83/kg;Pizza, pasta & garlic bread;pizza;313;9.7;49.9;2.1;7.8;0.6;2.1;0.70;
sainsburys-thin---crispy-pizza-base-twin-pack-10;Sainsbury's Thin & Crispy 10" Pizza Base x2 261g;£1.00/unit;£3.83/kg;Vegetarian & meat free;vegetarian-meat-free-pizza-pasta;313;9.7;49.9;2.1;7.8;0.6;2.1;0.70;
sainsburys-thin---crispy-sweet-chilli-chicken-pizza-328g;Sainsbury's Thin & Crispy Sweet Chilli Chicken Pizza 328g;£1.60/unit;£4.88/kg;Pizza & garlic bread;frozen-pizza-garlic-bread;221;9.3;28.8;4.3;7.1;2.4;2.5;0.97;
sainsburys-thin---crispy-vegetable-pizza-320g;Sainsbury's Thin & Crispy Vegetable Pizza 320g;£1.60/unit;£5.00/kg;Pizza & garlic bread;frozen-pizza-garlic-bread;230;7.4;29.0;2.7;8.8;2.6;2.8;1.12;
sainsburys-thin---crispy-vegetable-supreme-10-pizza-345g;Sainsbury's Thin & Crispy Vegetable Supreme Pizza 10'' 345g;£2.20/unit;£6.57/kg;Pizza, pasta & garlic bread;pizza;236;11.0;26.8;4.7;8.6;3.6;3.8;0.88;
sainsburys-thin---crispy-vegetable-supreme-10-pizza-345g;Sainsbury's Thin & Crispy Vegetable Supreme Pizza 10'' 345g;£2.20/unit;£6.57/kg;Vegetarian & meat free;vegetarian-meat-free-pizza-pasta;236;11.0;26.8;4.7;8.6;3.6;3.8;0.88;
sainsburys-thousand-island-dressing--be-good-to-yourself-250g;Sainsbury's Thousand Island Dressing, Be Good To Yourself 250g;£1.00/unit;£0.40/100ml;Table sauces, dressings & condiments;salad-dressings;61;0.6;8.0;4.8;2.8;0.3;0.5;1.50;
sainsburys-three-cheese---onion-quiche-170g;Sainsbury's Cheese & Onion Quiche 170g;£1.00/unit;£0.59/100g;Pies, pasties & quiche;quiche;239;7.7;19.8;2.6;13.7;5.0;2.7;0.59;
sainsburys-three-cheese---onion-quiche-170g;Sainsbury's Cheese & Onion Quiche 170g;£1.00/unit;£0.59/100g;Soup & lunchtime snacks;lunchtime-snacks;239;7.7;19.8;2.6;13.7;5.0;2.7;0.59;
sainsburys-three-cheese---onion-quiche-170g;Sainsbury's Cheese & Onion Quiche 170g;£1.00/unit;£0.59/100g;Vegetarian & meat free;deli-meat-alternatives;239;7.7;19.8;2.6;13.7;5.0;2.7;0.59;
sainsburys-three-cheese-sauce-350g;Sainsbury's Three Cheese Sauce 350g;£1.40/unit;£0.40/100g;Pizza, pasta & garlic bread;fresh-pasta-sauces;124;5.4;6.5;2.0;8.4;5.6;0.5;0.68;
sainsburys-three-cheese-sauce-350g;Sainsbury's Three Cheese Sauce 350g;£1.40/unit;£0.40/100g;Vegetarian & meat free;vegetarian-meat-free-pizza-pasta;124;5.4;6.5;2.0;8.4;5.6;0.5;0.68;
sainsburys-three-colour-pilau-rice-500g;Sainsbury's Three Colour Pilau Rice 500g;£2.00/unit;£4.00/kg;Ready meals;indian-ready-meals;164;3.4;32.4;0.5;1.8;0.1;2.2;0.40;
sainsburys-three-colour-pilau-rice-500g;Sainsbury's Three Colour Pilau Rice 500g;£2.00/unit;£4.00/kg;Vegetarian & meat free;vegetarian-meat-free-ready-meals;164;3.4;32.4;0.5;1.8;0.1;2.2;0.40;
sainsburys-thyme-18g;Sainsbury's Thyme 18g;£1.00/unit;£0.56/10g;Cooking ingredients & oils;herbs-spices-seasoning;null;null;null;null;null;null;null;null;
sainsburys-tikka---jalfrezi-meal-for-2-14kg;Sainsbury's Tikka & Jalfrezi Meal For 2 1.4kg;£7.50/unit;£5.36/kg;Ready meals;indian-ready-meals;168;3.4;32.7;0.5;2.0;0.2;2.7;0.39;
sainsburys-tikka---korma-meal-for-2-14kg;Sainsbury's Tikka & Korma Meal For 2 1.4kg;£7.50/unit;£5.36/kg;Ready meals;indian-ready-meals;147;12.1;8.4;5.4;6.9;3.2;1.0;1.38;
sainsburys-tikka---madras-meal-for-2-14kg;Sainsbury's Tikka & Madras Meal For 2 1.4kg;£7.50/unit;£5.33/kg;Ready meals;indian-ready-meals;168;3.4;32.7;0.0;2.0;0.2;2.7;0.39;
sainsburys-tikka-80g;Sainsbury's Tikka Curry Powder 80g;£1.00/unit;£0.13/10g;Cooking ingredients & oils;herbs-spices-seasoning;348;14.9;24.4;2.5;15.2;1.8;null;5.13;
sainsburys-tikka-cooked-chicken-slices--basics-230g;Sainsbury's Cooked Chicken Slices, Tikka, Basics 230g;£2.05/unit;£0.89/100g;Cooked meats & snacking;mfp-cooked-chicken-turkey;121;23.8;2.7;1.6;1.7;0.5;0.5;0.70;
sainsburys-tikka-cooked-chicken-slices--basics-230g;Sainsbury's Cooked Chicken Slices, Tikka, Basics 230g;£2.05/unit;£0.89/100g;Cooked meats, pate & sandwich fillers;cooked-chicken-turkey;121;23.8;2.7;1.6;1.7;0.5;0.5;0.70;
sainsburys-tikka-masala-cooking-sauce-500g;Sainsbury's Tikka Masala Sauce 500g;£1.29/unit;£0.26/100g;Cooking sauces & world foods;indian-cooking-sauces;105;1.5;10.1;8.4;6.1;2.2;1.6;0.73;
sainsburys-tikka-masala-stir-though-150g;Sainsbury's Tikka Masala Stir Though 150g;£1.15/unit;£0.77/100g;Cooking sauces & world foods;indian-cooking-sauces;110;1.5;9.2;4.5;7.0;4.8;2.2;0.94;
sainsburys-tikka-paste-290g;Sainsbury's Tikka Curry Paste 290g;£1.60/unit;£0.55/100g;Cooking ingredients & oils;cooking-pastes;116;2.6;9.2;8.5;6.7;1.6;4.4;1.17;
sainsburys-tikka-paste-290g;Sainsbury's Tikka Curry Paste 290g;£1.60/unit;£0.55/100g;Cooking sauces & world foods;indian-cooking-sauces;116;2.6;9.2;8.5;6.7;1.6;4.4;1.17;
sainsburys-timperley-rhubarb-west-country-yogurt--taste-the-difference-150g;Sainsbury's West Country Timperley Rhubarb Yogurt, Taste the Difference 150g;£0.75/unit;£0.50/100g;Yogurts;luxury-yogurts;121;2.6;12.6;12.4;6.6;4.1;0.5;0.10;
sainsburys-tiramisu--be-good-to-yourself-115g;Sainsbury's Tiramisu, Be Good To Yourself 115g;£1.10/unit;£0.96/100g;Desserts & cream;desserts;null;null;null;null;null;null;null;null;
sainsburys-tiramisu-125g;Sainsbury's Tiramisu 125g;£1.10/unit;£0.88/100g;Desserts & cream;desserts;247;2.2;23.2;17.6;16.1;10.4;0.4;0.15;
sainsburys-tiramisu-italian-dessert-2x100g;Sainsbury's Tiramisu Italian Dessert 2x100g;£1.50/unit;£0.75/100g;Desserts & cream;desserts;260;3.8;33.5;21.7;10.5;7.9;2.0;0.13;
sainsburys-tiramisu-italian-dessert-500g;Sainsbury's Tiramisu Italian Dessert 500g;£2.25/unit;£0.45/100g;Desserts & cream;desserts;262;3.7;32.5;21.2;11.3;8.6;1.3;0.10;
sainsburys-toad-in-the-hole--basics-250g;Sainsbury's Toad In The Hole, Basics 250g;£1.00/unit;£4.00/kg;Ready meals & pies;frozen-ready-meals;235;13.7;22.4;2.3;9.5;3.4;2.5;0.95;
sainsburys-toasted-pine-nuts-100g;Sainsbury's Toasted Pine Nuts 100g;£3.65/unit;£3.65/100g;Sugar & home baking;nuts---seeds;542;17.2;23.9;4.5;38.7;2.8;14.4;0.05;
sainsburys-toasted-sunflower---pumpkin-seeds-30g;Sainsbury's Toasted Sunflower & Pumpkin Seeds 30g;£0.50/unit;£1.67/100g;Sugar & home baking;nuts---seeds;603;24.6;10.6;2.0;49.4;6.9;8.8;0.03;
sainsburys-toasted-sunflower--pumpkin-seeds-100g;Sainsbury's Toasted Sunflower &Pumpkin Seeds 100g;£1.50/unit;£1.50/100g;Sugar & home baking;nuts---seeds;603;24.6;10.6;2.0;49.4;6.9;8.8;0.03;
sainsburys-toffee---pecan-roulade--taste-the-difference-420g-%28serves-6%29;Sainsbury's Toffee & Pecan Roulade, Taste the Difference 420g (serves 6);£4.00/unit;£0.95/100g;Ice cream & desserts;frozen-cold-desserts;391;3.7;54.6;46.4;17.4;10.3;0.6;0.18;
sainsburys-toffee---vanilla-cones-4x110ml;Sainsbury's Ice Cream Cones, Toffee & Vanilla 4x110ml;£1.00/unit;£0.23/100ml;Ice cream & desserts;lollies-bars-cones;275;3.5;39.1;24.1;11.5;8.3;0.6;0.09;
sainsburys-toffee---vanilla-ice-cream-900ml;Sainsbury's Toffee & Vanilla Ice Cream 900ml;£2.00/unit;£0.22/100ml;Ice cream & desserts;ice-cream-tubs;184;2.8;28.3;22.4;6.5;5.3;0.6;0.16;
sainsburys-toffee-apples-%28each%29;Sainsbury's Toffee Apples (each);£0.75/unit;£0.75/ea;Fresh fruit;apples-pears-rhubarb;null;null;null;null;null;null;null;null;
sainsburys-toffee-biscuit-7x40g;Sainsbury's Toffee Biscuit 7x40g;£1.50/unit;£0.54/100g;Confectionery;chocolate;495;5.0;64.0;47.0;24.0;14.0;1.7;0.40;
sainsburys-toffee-honeycomb-500ml;Sainsbury's Toffee Honeycomb Ice Cream 500ml;£2.50/unit;£0.50/100ml;Ice cream & desserts;ice-cream-tubs;236;3.2;32.0;20.0;10.5;6.6;0.6;0.22;
sainsburys-toffee-sponges-2x110g;Sainsbury's Toffee Sponges 2x110g;£1.00/unit;£0.46/100g;Desserts & cream;desserts;364;3.0;57;42;13;8.0;2.3;0.69;
sainsburys-toffee-sundae-140g;Sainsbury's Toffee Sundae 140g;£1.10/unit;£0.79/100g;Desserts & cream;desserts;263;2.8;22.2;16.7;18.0;12.0;0.4;0.15;
sainsburys-toffees--assorted-227g;Sainsbury's Toffees, Assorted 227g;£0.95/unit;£0.42/100g;Confectionery;sweets;475;0.9;69.4;48.6;21.2;10.2;1.3;0.94;
sainsburys-tom-yum-soup-paste-190g;Sainsbury's Tom Yum Soup Paste 190g;£1.99/unit;£1.05/100g;Cooking ingredients & oils;cooking-pastes;177;2.0;12.4;9.4;12.6;0.9;2.9;4.35;
sainsburys-tom-yum-soup-paste-190g;Sainsbury's Tom Yum Soup Paste 190g;£1.99/unit;£1.05/100g;Cooking sauces & world foods;thai-cooking-sauces;177;2.0;12.4;9.4;12.6;0.9;2.9;4.35;
sainsburys-tomato---balsamic-cup-soup-92g-%284x23g%29;Sainsbury's Tomato & Balsamic Cup Soup 4x23g;£0.90/unit;£0.98/100g;Canned, tinned & packaged foods;soups;40;1.6;7.9;1.1;0.5;0.1;0.8;0.53;
sainsburys-tomato---basil-chicken--be-good-to-yourself-400g;Sainsbury's Tomato & Basil Chicken, Be Good To Yourself 400g;£3.00/unit;£7.50/kg;Ready meals;healthier-choice-ready-meals;95;7.0;11.4;2.4;2.0;0.2;1.7;0.38;
sainsburys-tomato---basil-chicken--be-good-to-yourself-400g;Sainsbury's Tomato & Basil Chicken, Be Good To Yourself 400g;£3.00/unit;£7.50/kg;Ready meals;meals-for-1-ready-meals;95;7.0;11.4;2.4;2.0;0.2;1.7;0.38;
sainsburys-tomato---basil-chicken--be-good-to-yourself-400g;Sainsbury's Tomato & Basil Chicken, Be Good To Yourself 400g;£3.00/unit;£7.50/kg;Ready meals;mediterranean-other-cuisine-ready-meals;95;7.0;11.4;2.4;2.0;0.2;1.7;0.38;
sainsburys-tomato---basil-chicken-pasta--be-good-to-yourself-225g;Sainsbury's Tomato & Basil Chicken Pasta, Be Good To Yourself 225g;£2.60/unit;£1.16/100g;Coleslaw, olives, salads & dips;coleslaw-salads;141;7.8;19.6;2.2;3.2;0.4;1.4;0.29;
sainsburys-tomato---basil-chicken-pasta--be-good-to-yourself-225g;Sainsbury's Tomato & Basil Chicken Pasta, Be Good To Yourself 225g;£2.60/unit;£1.16/100g;Soup & lunchtime snacks;lunchtime-snacks;141;7.8;19.6;2.2;3.2;0.4;1.4;0.29;
sainsburys-tomato---basil-chicken-pasta-225g;Sainsbury's Tomato & Basil Chicken Pasta Salad 225g;£2.60/unit;£1.16/100g;Coleslaw, olives, salads & dips;coleslaw-salads;179;7.4;19.0;1.4;7.9;1.5;1.1;0.49;
sainsburys-tomato---basil-chicken-pasta-225g;Sainsbury's Tomato & Basil Chicken Pasta Salad 225g;£2.60/unit;£1.16/100g;Prepared & ready to eat;prepared-salad-herbs;179;7.4;19.0;1.4;7.9;1.5;1.1;0.49;
sainsburys-tomato---basil-chicken-pasta-225g;Sainsbury's Tomato & Basil Chicken Pasta Salad 225g;£2.60/unit;£1.16/100g;Soup & lunchtime snacks;lunchtime-snacks;179;7.4;19.0;1.4;7.9;1.5;1.1;0.49;
sainsburys-tomato---basil-chicken-pasta-350g;Sainsbury's Tomato & Basil Chicken Pasta Salad 350g;£3.20/unit;£0.84/100g;Coleslaw, olives, salads & dips;coleslaw-salads;179;7.4;19.0;1.4;7.9;1.5;1.1;0.49;
sainsburys-tomato---basil-chicken-pasta-350g;Sainsbury's Tomato & Basil Chicken Pasta Salad 350g;£3.20/unit;£0.84/100g;Prepared & ready to eat;prepared-salad-herbs;179;7.4;19.0;1.4;7.9;1.5;1.1;0.49;
sainsburys-tomato---basil-chicken-pasta-350g;Sainsbury's Tomato & Basil Chicken Pasta Salad 350g;£3.20/unit;£0.84/100g;Soup & lunchtime snacks;lunchtime-snacks;179;7.4;19.0;1.4;7.9;1.5;1.1;0.49;
sainsburys-tomato---basil-cup-soup-66g--be-good-to-yourself-%284x165g%29;Sainsbury's Tomato & Basil Cup Soup, Be Good To Yourself 4x16.5g;£0.70/unit;£1.06/100g;Canned, tinned & packaged foods;soups;29;1.3;5.6;3.4;0.5;0.1;0.5;0.49;
sainsburys-tomato---basil-houmous--be-good-to-yourself-200g;Sainsbury's Tomato & Basil Houmous, Be Good To Yourself 200g;£1.40/unit;£0.70/100g;Coleslaw, olives, salads & dips;fresh-dips-houmous;164;5.9;10.4;0.7;9.2;1.0;7.8;0.79;
sainsburys-tomato---basil-houmous--be-good-to-yourself-200g;Sainsbury's Tomato & Basil Houmous, Be Good To Yourself 200g;£1.40/unit;£0.70/100g;Vegetarian & meat free;deli-meat-alternatives;164;5.9;10.4;0.7;9.2;1.0;7.8;0.79;
sainsburys-tomato---basil-pasta-550g;Sainsbury's Tomato & Basil Pasta 550g;£2.00/unit;£0.50/100g;Coleslaw, olives, salads & dips;coleslaw-salads;147;3.8;21.2;5.4;4.9;0.7;1.5;0.98;
sainsburys-tomato---basil-pasta-550g;Sainsbury's Tomato & Basil Pasta 550g;£2.00/unit;£0.50/100g;Fresh salad;dressings-coleslaw-accompaniments;147;3.8;21.2;5.4;4.9;0.7;1.5;0.98;
sainsburys-tomato---basil-pasta-550g;Sainsbury's Tomato & Basil Pasta 550g;£2.00/unit;£0.50/100g;Prepared & ready to eat;prepared-salad-herbs;147;3.8;21.2;5.4;4.9;0.7;1.5;0.98;
sainsburys-tomato---basil-pasta-550g;Sainsbury's Tomato & Basil Pasta 550g;£2.00/unit;£0.50/100g;Soup & lunchtime snacks;lunchtime-snacks;147;3.8;21.2;5.4;4.9;0.7;1.5;0.98;
sainsburys-tomato---basil-pasta-550g;Sainsbury's Tomato & Basil Pasta 550g;£2.00/unit;£0.50/100g;Vegetarian & meat free;coleslaw--olives--salads---dips-30658-44;147;3.8;21.2;5.4;4.9;0.7;1.5;0.98;
sainsburys-tomato---basil-pizza-sauce-topper-190g;Sainsbury's Tomato & Basil Pizza Sauce Topper 190g;£1.15/unit;£0.61/100g;Cooking sauces & world foods;italian-cooking-sauces;53;1.4;8.5;6.5;1.3;0.1;0.9;0.63;
sainsburys-tomato---basil-sauce-350g;Sainsbury's Tomato & Basil Sauce 350g;£1.40/unit;£0.40/100g;Pizza, pasta & garlic bread;fresh-pasta-sauces;58;1.6;7.0;6.9;2.5;0.4;0.7;0.30;
sainsburys-tomato---basil-sauce-350g;Sainsbury's Tomato & Basil Sauce 350g;£1.40/unit;£0.40/100g;Vegetarian & meat free;vegetarian-meat-free-pizza-pasta;58;1.6;7.0;6.9;2.5;0.4;0.7;0.30;
sainsburys-tomato---basil-soup-400g;Sainsbury's Tomato & Basil Soup 400g;£0.55/unit;£0.14/100g;Canned, tinned & packaged foods;soups;57;1.0;6.5;5.4;2.8;0.2;0.8;0.43;
sainsburys-tomato---basil-soup-600g;Sainsbury's Tomato & Basil Soup 600g;£1.40/unit;£0.23/100g;Soup & lunchtime snacks;fresh-soups;40;1.4;5.7;5.3;1.1;0.2;0.7;0.43;
sainsburys-tomato---cheese-bake--be-good-to-yourself-400g;Sainsbury's Tomato & Cheese Bake, Be Good To Yourself 400g;£2.40/unit;£6.00/kg;Ready meals;healthier-choice-ready-meals;91;3.7;14.2;3.4;1.9;1.1;1.1;0.42;
sainsburys-tomato---cheese-bake--be-good-to-yourself-400g;Sainsbury's Tomato & Cheese Bake, Be Good To Yourself 400g;£2.40/unit;£6.00/kg;Ready meals;italian-ready-meals;91;3.7;14.2;3.4;1.9;1.1;1.1;0.42;
sainsburys-tomato---cheese-bake--be-good-to-yourself-400g;Sainsbury's Tomato & Cheese Bake, Be Good To Yourself 400g;£2.40/unit;£6.00/kg;Ready meals;meals-for-1-ready-meals;91;3.7;14.2;3.4;1.9;1.1;1.1;0.42;
sainsburys-tomato---cheese-bake--be-good-to-yourself-400g;Sainsbury's Tomato & Cheese Bake, Be Good To Yourself 400g;£2.40/unit;£6.00/kg;Vegetarian & meat free;vegetarian-meat-free-ready-meals;91;3.7;14.2;3.4;1.9;1.1;1.1;0.42;
sainsburys-tomato---chilli-chutney--taste-the-difference-300g;Sainsbury's Chutney Tomato & Chilli, Taste the Difference 300g;£1.80/unit;£0.60/100g;Table sauces, dressings & condiments;chutney-pickle-relishes;198;1.4;38.1;36.2;3.8;0.7;2.7;1.25;
sainsburys-tomato---chilli-chutney--taste-the-difference-300g;Sainsbury's Chutney Tomato & Chilli, Taste the Difference 300g;£1.80/unit;£0.60/100g;Vinegar, pickles, olives & antipasti;chutneys-pickle-relishes;198;1.4;38.1;36.2;3.8;0.7;2.7;1.25;
sainsburys-tomato---chilli-pasta-sauce-290g;Sainsbury's Pasta Sauce, Tomato & Chilli 290g;£0.80/unit;£0.28/100g;Cooking sauces & world foods;italian-cooking-sauces;45;1.9;7.2;6.0;0.5;0.1;1.9;0.80;
sainsburys-tomato---chilli-pasta-sauce-500g;Sainsbury's Pasta Sauce, Tomato & Chilli 500g;£0.95/unit;£0.19/100g;Cooking sauces & world foods;italian-cooking-sauces;45;1.9;7.2;6.0;0.5;0.1;1.9;0.80;
sainsburys-tomato---garlic-pizza-bread-260g;Sainsbury's Tomato & Garlic Pizza bread 260g;£1.50/unit;£0.57/100g;Pizza, pasta & garlic bread;garlic-bread;263;8.9;42.5;3.0;5.7;2.6;2.9;1.13;
sainsburys-tomato---garlic-pizza-bread-260g;Sainsbury's Tomato & Garlic Pizza bread 260g;£1.50/unit;£0.57/100g;Vegetarian & meat free;vegetarian-meat-free-pizza-pasta;263;8.9;42.5;3.0;5.7;2.6;2.9;1.13;
sainsburys-tomato---herb-pasta---sauce-120g;Sainsbury's Pasta & Sauce, Tomato & Herb 120g;£0.70/unit;£5.83/kg;Cooking sauces & world foods;world-foods-instant-snack-meals;109;4.0;21.1;4.1;0.5;0.1;2.0;0.40;
sainsburys-tomato---herb-pasta---sauce-120g;Sainsbury's Pasta & Sauce, Tomato & Herb 120g;£0.70/unit;£5.83/kg;Rice, pasta & noodles;instant-snack-meals;109;4.0;21.1;4.1;0.5;0.1;2.0;0.40;
sainsburys-tomato---herb-pasta-pot-61g;Sainsbury's Pasta Pot, Tomato & Herb  61g;£0.70/unit;£11.48/kg;Cooking sauces & world foods;world-foods-instant-snack-meals;81;2.6;16.0;3.6;0.5;0.2;1.4;0.43;
sainsburys-tomato---herb-pasta-pot-61g;Sainsbury's Pasta Pot, Tomato & Herb  61g;£0.70/unit;£11.48/kg;Rice, pasta & noodles;instant-snack-meals;81;2.6;16.0;3.6;0.5;0.2;1.4;0.43;
sainsburys-tomato---herb-pasta-sauce-290g;Sainsbury's Pasta Sauce, Tomato & Herb 290g;£0.80/unit;£0.28/100g;Cooking sauces & world foods;italian-cooking-sauces;51;1.7;8.1;7.0;1.0;0.1;1.6;0.67;
sainsburys-tomato---herb-pasta-sauce-500g;Sainsbury's Pasta Sauce, Tomato & Herb 500g;£0.95/unit;£0.19/100g;Cooking sauces & world foods;italian-cooking-sauces;51;1.7;8.1;7.0;1.0;0.1;1.6;0.67;
sainsburys-tomato---jalapeno-relish-320g;Sainsbury's Tomato & Jalapeno Relish 320g;£1.20/unit;£0.38/100g;Table sauces, dressings & condiments;chutney-pickle-relishes;136;1.3;31.6;29.2;0.5;0.1;1.9;2.03;
sainsburys-tomato---jalapeno-relish-320g;Sainsbury's Tomato & Jalapeno Relish 320g;£1.20/unit;£0.38/100g;Table sauces, dressings & condiments;tomato-ketchup-brown-bbq-other-sauces;136;1.3;31.6;29.2;0.5;0.1;1.9;2.03;
sainsburys-tomato---jalapeno-relish-320g;Sainsbury's Tomato & Jalapeno Relish 320g;£1.20/unit;£0.38/100g;Vinegar, pickles, olives & antipasti;chutneys-pickle-relishes;136;1.3;31.6;29.2;0.5;0.1;1.9;2.03;
sainsburys-tomato---mascarpone-sauce--taste-the-difference-340g;Sainsbury's Pasta Sauce Tomato & Mascarpone, Taste the Difference 340g;£1.40/unit;£0.41/100g;Cooking sauces & world foods;italian-cooking-sauces;122;3.3;6.8;6.6;8.7;4.7;1.8;0.57;
sainsburys-tomato---mozzarella-800g;Sainsbury's Tomato & Mozzarella 800g;£3.50/unit;£4.38/kg;Ready meals;italian-ready-meals;129;4.8;17.0;3.2;3.9;1.5;3.4;0.45;
sainsburys-tomato---mozzarella-800g;Sainsbury's Tomato & Mozzarella 800g;£3.50/unit;£4.38/kg;Vegetarian & meat free;vegetarian-meat-free-ready-meals;129;4.8;17.0;3.2;3.9;1.5;3.4;0.45;
sainsburys-tomato---mozzarella-bake-430g;Sainsbury's Tomato & Mozzarella Bake 430g;£2.30/unit;£5.35/kg;Ready meals;italian-ready-meals;129;4.8;17.0;3.2;3.9;1.5;3.4;0.45;
sainsburys-tomato---mozzarella-bake-430g;Sainsbury's Tomato & Mozzarella Bake 430g;£2.30/unit;£5.35/kg;Ready meals;meals-for-1-ready-meals;129;4.8;17.0;3.2;3.9;1.5;3.4;0.45;
sainsburys-tomato---mozzarella-salad-bowl--taste-the-difference-170g;Sainsbury's Tomato & Mozzarella Salad Bowl, Taste the Difference 170g;£2.50/unit;£1.56/100g;Coleslaw, olives, salads & dips;coleslaw-salads;102;6.2;3.7;2.3;6.6;2.1;1.6;0.40;
sainsburys-tomato---mozzarella-salad-bowl--taste-the-difference-170g;Sainsbury's Tomato & Mozzarella Salad Bowl, Taste the Difference 170g;£2.50/unit;£1.56/100g;Fresh salad;fresh-salad-prepared-ready-to-eat;102;6.2;3.7;2.3;6.6;2.1;1.6;0.40;
sainsburys-tomato---mozzarella-salad-bowl--taste-the-difference-170g;Sainsbury's Tomato & Mozzarella Salad Bowl, Taste the Difference 170g;£2.50/unit;£1.56/100g;Prepared & ready to eat;prepared-salad-herbs;102;6.2;3.7;2.3;6.6;2.1;1.6;0.40;
sainsburys-tomato---mozzarella-salad-bowl--taste-the-difference-170g;Sainsbury's Tomato & Mozzarella Salad Bowl, Taste the Difference 170g;£2.50/unit;£1.56/100g;Soup & lunchtime snacks;lunchtime-snacks;102;6.2;3.7;2.3;6.6;2.1;1.6;0.40;
sainsburys-tomato---red-pepper-soup-400g;Sainsbury's Tomato & Red Pepper Soup 400g;£0.55/unit;£0.14/100g;Canned, tinned & packaged foods;soups;49;1.0;7.5;5.7;1.5;1.0;0.9;0.48;
sainsburys-tomato---smoked-bacon-sauce-350g;Sainsbury's Tomato & Smoked Bacon Sauce 350g;£1.40/unit;£0.40/100g;Pizza, pasta & garlic bread;fresh-pasta-sauces;53;3.3;6.6;6.0;1.3;0.2;0.6;0.50;
sainsburys-tomato---smokey-bacon-pasta-430g;Sainsbury's Tomato & Smokey Bacon Pasta 430g;£2.30/unit;£5.35/kg;Ready meals;italian-ready-meals;92;4.2;11.1;4.6;2.8;0.9;2.8;0.38;
sainsburys-tomato---smokey-bacon-pasta-430g;Sainsbury's Tomato & Smokey Bacon Pasta 430g;£2.30/unit;£5.35/kg;Ready meals;meals-for-1-ready-meals;92;4.2;11.1;4.6;2.8;0.9;2.8;0.38;
sainsburys-tomato---spicy-lentil-soup--be-good-to-yourself-400g;Sainsbury's Tomato & Spicy Lentil Soup, Be Good To Yourself 400g;£0.55/unit;£0.14/100g;Canned, tinned & packaged foods;soups;58;2.4;9.4;2.4;0.9;0.1;1.2;0.38;
sainsburys-tomato---three-bean-soup--be-good-to-yourself-400g;Sainsbury's Tomato & Three Bean Soup, Be Good To Yourself 400g;£0.55/unit;£0.14/100g;Canned, tinned & packaged foods;soups;60;2.8;8.4;2.4;1.1;0.0;2.4;0.43;
sainsburys-tomato--lentil---red-pepper-soup-600g;Sainsbury's Tomato, Lentil & Red Pepper Soup 600g;£1.40/unit;£0.23/100g;Soup & lunchtime snacks;fresh-soups;59;3.4;7.8;2.4;1.2;0.1;1.6;0.45;
sainsburys-tomato--mushroom---basil-pasta-sauce-500g;Sainsbury's Pasta Sauce, Tomato Mushroom & Basil 500g;£0.95/unit;£0.19/100g;Cooking sauces & world foods;italian-cooking-sauces;43;1.5;6.6;6.3;0.8;0.1;1.6;0.69;
sainsburys-tomato--olive---spinach-pasta-350g;Sainsbury's Tomato, Olive & Spinach Pasta 350g;£1.00/unit;£0.29/100g;Coleslaw, olives, salads & dips;coleslaw-salads;184;3.7;20.9;4.6;9.2;0.6;1.5;0.70;
sainsburys-tomato--olive---spinach-pasta-350g;Sainsbury's Tomato, Olive & Spinach Pasta 350g;£1.00/unit;£0.29/100g;Fresh salad;dressings-coleslaw-accompaniments;184;3.7;20.9;4.6;9.2;0.6;1.5;0.70;
sainsburys-tomato--olive---spinach-pasta-350g;Sainsbury's Tomato, Olive & Spinach Pasta 350g;£1.00/unit;£0.29/100g;Prepared & ready to eat;prepared-salad-herbs;184;3.7;20.9;4.6;9.2;0.6;1.5;0.70;
sainsburys-tomato--olive---spinach-pasta-350g;Sainsbury's Tomato, Olive & Spinach Pasta 350g;£1.00/unit;£0.29/100g;Soup & lunchtime snacks;lunchtime-snacks;184;3.7;20.9;4.6;9.2;0.6;1.5;0.70;
sainsburys-tomato--olive---spinach-pasta-350g;Sainsbury's Tomato, Olive & Spinach Pasta 350g;£1.00/unit;£0.29/100g;Vegetarian & meat free;coleslaw--olives--salads---dips-30658-44;184;3.7;20.9;4.6;9.2;0.6;1.5;0.70;
sainsburys-tomato-juice--not-from-concentrate-1l;Sainsbury's Tomato Juice, Not From Concentrate 1L;£1.40/unit;£0.14/100ml;Chilled fruit juice & smoothies;chilled-fruit-juice;22;0.9;4.2;4.2;0.5;0.1;0.5;0.45;
sainsburys-tomato-ketchup--basics-460g;Sainsbury's Tomato Ketchup, Basics 460g;£0.35/unit;£0.08/100g;Table sauces, dressings & condiments;tomato-ketchup-brown-bbq-other-sauces;112;1.2;24.9;24.9;0.5;0.1;0.9;0.80;
sainsburys-tomato-ketchup--organic-460g;Sainsbury's Tomato Ketchup, SO Organic 460g;£1.40/unit;£0.30/100g;Table sauces, dressings & condiments;tomato-ketchup-brown-bbq-other-sauces;98;1.2;22.1;20.9;0.5;0.1;1.3;1.17;
sainsburys-tomato-ketchup--reduced-salt-460g;Sainsbury's Tomato Ketchup, Reduced Salt 460g;£1.00/unit;£0.22/100g;Table sauces, dressings & condiments;tomato-ketchup-brown-bbq-other-sauces;68;2.1;13.9;12.4;0.5;0.1;1.4;0.49;
sainsburys-tomato-ketchup-320g;Sainsbury's Tomato Ketchup 320g;£0.80/unit;£0.25/100g;Table sauces, dressings & condiments;tomato-ketchup-brown-bbq-other-sauces;99;1.9;22.0;21.6;0.5;0.1;1.4;1.05;
sainsburys-tomato-ketchup-460g;Sainsbury's Tomato Ketchup 460g;£1.00/unit;£0.22/100g;Table sauces, dressings & condiments;tomato-ketchup-brown-bbq-other-sauces;99;1.9;22.0;21.6;0.5;0.1;1.4;1.05;
sainsburys-tomato-ketchup-680g;Sainsbury's Tomato Ketchup 680g;£1.20/unit;£0.18/100g;Table sauces, dressings & condiments;tomato-ketchup-brown-bbq-other-sauces;99;1.9;22.0;21.6;0.5;0.1;1.4;1.05;
sainsburys-tomato-ketchup-970g;Sainsbury's Tomato Ketchup 970g;£1.40/unit;£0.14/100g;Table sauces, dressings & condiments;tomato-ketchup-brown-bbq-other-sauces;99;1.9;22.0;21.6;0.5;0.1;1.4;1.05;
sainsburys-tomato-puree--double-concentrate-200g;Sainsbury's Tomato Puree, Double Concentrate 200g;£0.50/unit;£2.50/kg;Canned, tinned & packaged foods;canned-tinned-packaged-tomatoes;92;4.4;17.1;13.6;0.5;0.1;2.6;0.38;
sainsburys-tomato-puree--double-concentrate-200g;Sainsbury's Tomato Puree, Double Concentrate 200g;£0.50/unit;£2.50/kg;Cooking sauces & world foods;italian-cooking-sauces;92;4.4;17.1;13.6;0.5;0.1;2.6;0.38;
sainsburys-tomato-puree--double-concentrate-312g;Sainsbury's Tomato Puree, Double Concentrate 312g;£0.70/unit;£2.24/kg;Canned, tinned & packaged foods;canned-tinned-packaged-tomatoes;86;4.7;14.9;14.4;0.4;0.1;2.0;0.50;
sainsburys-tomato-puree--double-concentrate-312g;Sainsbury's Tomato Puree, Double Concentrate 312g;£0.70/unit;£2.24/kg;Cooking sauces & world foods;italian-cooking-sauces;86;4.7;14.9;14.4;0.4;0.1;2.0;0.50;
sainsburys-tomato-puree-142g;Sainsbury's Tomato Puree Double Concentrate 142g;£0.35/unit;£2.46/kg;Canned, tinned & packaged foods;canned-tinned-packaged-tomatoes;92;4.4;17.1;13.6;0.5;0.1;2.6;0.38;
sainsburys-tomato-puree-142g;Sainsbury's Tomato Puree Double Concentrate 142g;£0.35/unit;£2.46/kg;Cooking sauces & world foods;italian-cooking-sauces;92;4.4;17.1;13.6;0.5;0.1;2.6;0.38;
sainsburys-tomato-puree-jar--so-organic-312g;Sainsbury's Tomato Puree Jar, SO Organic 312g;£1.20/unit;£3.85/kg;Canned, tinned & packaged foods;canned-tinned-packaged-tomatoes;92;4.4;17.1;13.6;0.5;0.1;2.6;0.38;
sainsburys-tomato-puree-jar--so-organic-312g;Sainsbury's Tomato Puree Jar, SO Organic 312g;£1.20/unit;£3.85/kg;Cooking sauces & world foods;italian-cooking-sauces;92;4.4;17.1;13.6;0.5;0.1;2.6;0.38;
sainsburys-tomato-puree-with-chilli-200g;Sainsbury's Tomato Puree With Chilli 200g;£0.70/unit;£3.50/kg;Canned, tinned & packaged foods;canned-tinned-packaged-tomatoes;89;4.1;16.3;12.1;0.5;0.1;2.6;0.83;
sainsburys-tomato-puree-with-garlic-200g;Sainsbury's Tomato Puree With Garlic 200g;£0.70/unit;£3.50/kg;Canned, tinned & packaged foods;canned-tinned-packaged-tomatoes;90;4.4;16.3;12.1;0.5;0.1;2.7;0.70;
sainsburys-tomato-red-pepper---lentil-soup-400g;Sainsbury's Tomato Red Pepper & Lentil Soup 400g;£0.55/unit;£0.14/100g;Canned, tinned & packaged foods;soups;51;2.8;9.4;2.2;0.5;0.1;1.3;0.50;
sainsburys-tomato-relish-320g;Sainsbury's Tomato Relish 320g;£1.20/unit;£0.38/100g;Table sauces, dressings & condiments;chutney-pickle-relishes;135;1.5;31.2;30.4;0.5;0.1;1.7;1.51;
sainsburys-tomato-relish-320g;Sainsbury's Tomato Relish 320g;£1.20/unit;£0.38/100g;Table sauces, dressings & condiments;tomato-ketchup-brown-bbq-other-sauces;135;1.5;31.2;30.4;0.5;0.1;1.7;1.51;
sainsburys-tomato-relish-320g;Sainsbury's Tomato Relish 320g;£1.20/unit;£0.38/100g;Vinegar, pickles, olives & antipasti;chutneys-pickle-relishes;135;1.5;31.2;30.4;0.5;0.1;1.7;1.51;
sainsburys-tomato-soup--be-good-to-yourself-400g;Sainsbury's Tomato Soup, Be Good To Yourself 400g;£0.55/unit;£0.14/100g;Canned, tinned & packaged foods;soups;39;0.7;6.4;4.4;1.1;0.1;0.6;0.53;
sainsburys-tomatoes-%28loose%29;Sainsbury's Tomatoes (loose);£2.00/kg;£2.00/kg;Fresh salad;fresh-salad-tomatoes;20;0.7;3.1;3.1;0.5;0.1;1.0;0.02;
sainsburys-tomatoes-%28loose%29;Sainsbury's Tomatoes (loose);£2.00/kg;£2.00/kg;Fresh vegetables;fresh-vegetables-tomatoes;20;0.7;3.1;3.1;0.5;0.1;1.0;0.02;
sainsburys-tomatoes--basics-450g;Sainsbury's Tomatoes, Basics 450g;£0.70/unit;£1.56/kg;Fresh salad;fresh-salad-tomatoes;20;0.7;3.1;3.1;0.5;0.1;1.0;0.02;
sainsburys-tomatoes--basics-450g;Sainsbury's Tomatoes, Basics 450g;£0.70/unit;£1.56/kg;Fresh vegetables;fresh-vegetables-tomatoes;20;0.7;3.1;3.1;0.5;0.1;1.0;0.02;
sainsburys-tomatoes-on-the-vine;Sainsbury's Tomatoes On The Vine 400g;£1.20/unit;£3.00/kg;Fresh salad;fresh-salad-tomatoes;20;0.7;3.1;3.1;0.5;0.1;1.0;0.02;
sainsburys-tomatoes-on-the-vine;Sainsbury's Tomatoes On The Vine 400g;£1.20/unit;£3.00/kg;Fresh vegetables;fresh-vegetables-tomatoes;20;0.7;3.1;3.1;0.5;0.1;1.0;0.02;
sainsburys-top-crust-steak-pie--taste-the-difference-600g;Sainsbury's Top Crust Steak Pie, Taste the Difference 600g;£5.50/unit;£0.92/100g;Pies, pasties & quiche;hot-cold-pies;188;13.4;10.5;1.1;10.0;6.0;1.0;0.63;
sainsburys-top-crust-steak-pie--taste-the-difference-600g;Sainsbury's Top Crust Steak Pie, Taste the Difference 600g;£5.50/unit;£0.92/100g;Ready meals;british-ready-meals;188;13.4;10.5;1.1;10.0;6.0;1.0;0.63;
sainsburys-top-crust-steak-pie--taste-the-difference-600g;Sainsbury's Top Crust Steak Pie, Taste the Difference 600g;£5.50/unit;£0.92/100g;Ready meals;taste-the-difference-bistro-ready-meals;188;13.4;10.5;1.1;10.0;6.0;1.0;0.63;
sainsburys-topped---crusted-cod-with-a-chorizo---tomato-sauce-x2-300g;Sainsbury's Topped & Crusted Cod With A Chorizo & Tomato Sauce x2 300g;£3.25/unit;£10.83/kg;Fish & seafood;frozen-fish-seafood;122;11.9;7.3;3.2;4.9;1.2;0.8;0.85;
sainsburys-topped---crusted-sole-with-a-creamy-cheddar-cheese---spinach-sauce-x2-300g;Sainsbury's Topped & Crusted Sole With A Creamy Cheddar Cheese & Spinach Sauce x2 300g;£3.25/unit;£10.83/kg;Fish & seafood;frozen-fish-seafood;162;16.7;7.1;0.7;7.2;3.2;0.7;0.70;
sainsburys-tortilla-chips--basics-200g;Sainsbury's Tortilla Chips, Basics 200g;£0.50/unit;£0.25/100g;Crisps, nuts & snacking fruit;crisps;480;5.8;64.6;0.5;21.0;1.9;4.9;1.00;
sainsburys-tortilla-chips--basics-200g;Sainsbury's Tortilla Chips, Basics 200g;£0.50/unit;£0.25/100g;Crisps, nuts & snacking fruit;tortillas-dips;480;5.8;64.6;0.5;21.0;1.9;4.9;1.00;
sainsburys-tortilla-chips--cool-200g;Sainsbury's Cool Tortilla Chips 200g;£1.10/unit;£0.55/100g;Crisps, nuts & snacking fruit;crisps;490;6.1;63.4;1.2;22.5;1.6;4.9;1.27;
sainsburys-tortilla-chips--cool-200g;Sainsbury's Cool Tortilla Chips 200g;£1.10/unit;£0.55/100g;Crisps, nuts & snacking fruit;tortillas-dips;490;6.1;63.4;1.2;22.5;1.6;4.9;1.27;
sainsburys-tortilla-chips--cool-salted-200g;Sainsbury's Cool Salted Tortilla Chips 200g;£1.10/unit;£0.55/100g;Crisps, nuts & snacking fruit;crisps;491;5.6;62.7;0.5;23.0;1.9;5.6;0.80;
sainsburys-tortilla-chips--cool-salted-200g;Sainsbury's Cool Salted Tortilla Chips 200g;£1.10/unit;£0.55/100g;Crisps, nuts & snacking fruit;tortillas-dips;491;5.6;62.7;0.5;23.0;1.9;5.6;0.80;
sainsburys-tortilla-chips--nacho-cheese-200g;Sainsbury's Tangy Cheese Tortilla Chips 200g;£1.10/unit;£0.55/100g;Crisps, nuts & snacking fruit;crisps;492;6.4;60.7;2.0;23.6;2.2;5.7;1.27;
sainsburys-tortilla-chips--nacho-cheese-200g;Sainsbury's Tangy Cheese Tortilla Chips 200g;£1.10/unit;£0.55/100g;Crisps, nuts & snacking fruit;tortillas-dips;492;6.4;60.7;2.0;23.6;2.2;5.7;1.27;
sainsburys-tortilla-chips-200g;Sainsbury's Tortilla Chips 200g;£1.10/unit;£0.55/100g;Cooking sauces & world foods;mexican-cooking-sauces;491;5.6;62.7;0.5;23.0;1.9;5.6;0.80;
sainsburys-tortilla-chips-200g;Sainsbury's Tortilla Chips 200g;£1.10/unit;£0.55/100g;Crisps, nuts & snacking fruit;tortillas-dips;491;5.6;62.7;0.5;23.0;1.9;5.6;0.80;
sainsburys-tortilla-chips-chilli-200g;Sainsbury's Chilli Tortilla Chips 200g;£1.10/unit;£0.55/100g;Crisps, nuts & snacking fruit;crisps;485;5.9;64.0;2.7;21.7;1.8;5.1;1.30;
sainsburys-tortilla-chips-chilli-200g;Sainsbury's Chilli Tortilla Chips 200g;£1.10/unit;£0.55/100g;Crisps, nuts & snacking fruit;tortillas-dips;485;5.9;64.0;2.7;21.7;1.8;5.1;1.30;
sainsburys-toscano-extra-virgin-olive-oil--taste-the-difference-500ml;Sainsbury's Toscano Extra Virgin Olive Oil, Taste the Difference 500ml;£5.75/unit;£1.15/100ml;Cooking ingredients & oils;oils;823;0.5;0.5;0.5;91.4;13.1;0.5;0.01;
sainsburys-toscano-extra-virgin-olive-oil--taste-the-difference-500ml;Sainsbury's Toscano Extra Virgin Olive Oil, Taste the Difference 500ml;£5.75/unit;£1.15/100ml;Table sauces, dressings & condiments;salad-dressings;823;0.5;0.5;0.5;91.4;13.1;0.5;0.01;
sainsburys-toulouse-inspired-pork-sausages--taste-the-difference-%28gluten-free%29-x6-400g;Sainsbury's Gluten Free Toulouse Inspired Pork Sausages, Taste the Difference x6 400g;£2.50/unit;£6.25/kg;Burgers & BBQ;burgers-bbq;311;23.9;0.5;0.5;23.7;8.8;0.6;1.47;
sainsburys-toulouse-inspired-pork-sausages--taste-the-difference-%28gluten-free%29-x6-400g;Sainsbury's Gluten Free Toulouse Inspired Pork Sausages, Taste the Difference x6 400g;£2.50/unit;£6.25/kg;Organic & Taste the Difference;organic-taste-the-difference;311;23.9;0.5;0.5;23.7;8.8;0.6;1.47;
sainsburys-toulouse-inspired-pork-sausages--taste-the-difference-%28gluten-free%29-x6-400g;Sainsbury's Gluten Free Toulouse Inspired Pork Sausages, Taste the Difference x6 400g;£2.50/unit;£6.25/kg;Sausages;sausages;311;23.9;0.5;0.5;23.7;8.8;0.6;1.47;
sainsburys-traditionally-cut-runner-beans-185g;Sainsbury's Traditionally Cut Runner Beans 185g;£1.50/unit;£8.11/kg;Fresh vegetables;peas-beans-sweetcorn-asparagus;30;1.6;3.2;2.8;0.4;0.1;3.4;0.00;
sainsburys-traditionally-cut-runner-beans-185g;Sainsbury's Traditionally Cut Runner Beans 185g;£1.50/unit;£8.11/kg;Prepared & ready to eat;prepared-vegetables;30;1.6;3.2;2.8;0.4;0.1;3.4;0.00;
sainsburys-treacle-tart-410g;Sainsbury's Treacle Tart 410g;£2.75/unit;£0.69/100g;Desserts & cream;desserts;398;3.5;63.4;41.7;14.2;7.8;1.3;0.58;
sainsburys-tricolori--italian-fusilli-500g;Sainsbury's Fusilli Tricolori 500g;£0.85/unit;£1.70/kg;Rice, pasta & noodles;pasta;160;4.4;33.6;0.6;0.6;0.1;1.4;0.01;
sainsburys-trifle-sponges-160g;Sainsbury's Trifle Sponges 160g;£0.90/unit;£0.56/100g;Fruit & desserts;meringues-bases;354;8.6;70.8;43.5;4.0;1.0;1.4;0.76;
sainsburys-trimmed-mange-tout-200g;Sainsbury's Trimmed Mange Tout 200g;£1.50/unit;£7.50/kg;Fresh vegetables;peas-beans-sweetcorn-asparagus;37;3.6;4.2;2.8;0.2;0.0;2.0;0;
sainsburys-trio-of-olives-250g;Sainsbury's Trio Of Olives 250g;£3.35/unit;£1.34/100g;Coleslaw, olives, salads & dips;olives-tapas-antipasti;150;1.1;5.1;0.5;12.8;2.0;5.4;2.62;
sainsburys-trio-of-olives-250g;Sainsbury's Trio Of Olives 250g;£3.35/unit;£1.34/100g;Vegetarian & meat free;deli-meat-alternatives;150;1.1;5.1;0.5;12.8;2.0;5.4;2.62;
sainsburys-triple-chocolate-brownie-cake--taste-the-difference-875g;Sainsbury's Caramel Brownie Triple Layert Cake, Taste the Difference 730g;£5.00/unit;£0.68/100g;Cakes;sponge-slab-loaf-cakes;436;3.1;59.0;48.9;20.5;9.4;1.4;0.44;
sainsburys-triple-chocolate-brownie-cake--taste-the-difference-875g;Sainsbury's Caramel Brownie Triple Layert Cake, Taste the Difference 730g;£5.00/unit;£0.68/100g;Cakes;taste-the-difference;436;3.1;59.0;48.9;20.5;9.4;1.4;0.44;
sainsburys-triple-chocolate-brownie-cake--taste-the-difference-875g;Sainsbury's Caramel Brownie Triple Layert Cake, Taste the Difference 730g;£5.00/unit;£0.68/100g;Celebration cakes;celebration-cakes;436;3.1;59.0;48.9;20.5;9.4;1.4;0.44;
sainsburys-triple-chocolate-chip-muffins-x4;Sainsbury's Mufffins, Triple Chocolate Chip x4;£1.00/unit;£0.25/ea;Cakes;cakes-from-our-bakery-12374-44;null;null;null;null;null;null;null;null;
sainsburys-triple-chocolate-chip-muffins-x4;Sainsbury's Mufffins, Triple Chocolate Chip x4;£1.00/unit;£0.25/ea;From our in store bakery;cakes-from-our-bakery;null;null;null;null;null;null;null;null;
sainsburys-triple-chocolate-cookies--taste-the-difference-x4;Sainsbury's Cookies, Triple Chocolate, Taste the Difference x4;£1.50/unit;£0.38/ea;Biscuits & crackers;cookies;null;null;null;null;null;null;null;null;
sainsburys-triple-chocolate-cookies--taste-the-difference-x4;Sainsbury's Cookies, Triple Chocolate, Taste the Difference x4;£1.50/unit;£0.38/ea;Cakes;doughnuts-cookies;null;null;null;null;null;null;null;null;
sainsburys-triple-chocolate-cookies--taste-the-difference-x4;Sainsbury's Cookies, Triple Chocolate, Taste the Difference x4;£1.50/unit;£0.38/ea;From our in store bakery;instore-bakery-doughnuts-cookies;null;null;null;null;null;null;null;null;
sainsburys-triple-chocolate-gateau-600g;Sainsbury's Triple Chocolate Gateau 600g;£2.00/unit;£0.33/100g;Ice cream & desserts;frozen-cold-desserts;242;4.2;27.8;21.2;12.3;7.4;2.0;0.15;
sainsburys-triple-chocolate-sundae-140g;Sainsbury's Triple Chocolate Sundae 140g;£1.10/unit;£0.79/100g;Desserts & cream;desserts;261;3.7;24.1;12.8;16.5;10.1;0.4;0.13;
sainsburys-triple-layer-blackcurrant-cake--taste-the-difference-580g;Sainsbury's Triple Layer Blackcurrant Cake, Taste the Difference 665g;£5.00/unit;£0.75/100g;Cakes;sponge-slab-loaf-cakes;439;2.9;57.6;39.4;21.6;9.7;1.4;0.40;
sainsburys-triple-layer-blackcurrant-cake--taste-the-difference-580g;Sainsbury's Triple Layer Blackcurrant Cake, Taste the Difference 665g;£5.00/unit;£0.75/100g;Cakes;taste-the-difference;439;2.9;57.6;39.4;21.6;9.7;1.4;0.40;
sainsburys-triple-layer-blackcurrant-cake--taste-the-difference-580g;Sainsbury's Triple Layer Blackcurrant Cake, Taste the Difference 665g;£5.00/unit;£0.75/100g;Celebration cakes;celebration-cakes;439;2.9;57.6;39.4;21.6;9.7;1.4;0.40;
sainsburys-triple-layer-chocolate-cake;Sainsbury's Triple Layer Chocolate Cake;£12.00/unit;£6.32/kg;Celebration cakes;celebration-cakes;432;5.2;47.4;31.4;24.0;8.2;2.8;0.49;
sainsburys-triple-layer-red-velvet-cake--taste-the-difference-580g;Sainsbury's Red Velvet Triple Layer Cake, Taste the Difference 565g;£5.00/unit;£0.88/100g;Cakes;sponge-slab-loaf-cakes;428;2.8;52.8;42.8;22.7;7.3;0.8;0.37;
sainsburys-triple-layer-red-velvet-cake--taste-the-difference-580g;Sainsbury's Red Velvet Triple Layer Cake, Taste the Difference 565g;£5.00/unit;£0.88/100g;Cakes;taste-the-difference;428;2.8;52.8;42.8;22.7;7.3;0.8;0.37;
sainsburys-triple-layer-red-velvet-cake--taste-the-difference-580g;Sainsbury's Red Velvet Triple Layer Cake, Taste the Difference 565g;£5.00/unit;£0.88/100g;Celebration cakes;celebration-cakes;428;2.8;52.8;42.8;22.7;7.3;0.8;0.37;
sainsburys-triple-salami-stonebaked-pizza-408g;Sainsbury's Stonebaked Triple Salami Pizza 408g;£2.60/unit;£6.37/kg;Pizza & garlic bread;frozen-pizza-garlic-bread;266;11.1;26.7;3.6;12.1;4.6;2.9;1.39;
sainsburys-trompetti--taste-the-difference-500g;Sainsbury's Trompetti, Taste the Difference 500g;£1.25/unit;£2.50/kg;Rice, pasta & noodles;pasta;172;6.3;34.0;0.7;0.9;0.2;1.6;0.01;
sainsburys-tropical-crunchy-1kg;Sainsbury's Granola, Tropical 1kg;£2.00/unit;£0.20/100g;Breakfast cereals;bigger-packs;435;9.2;63.6;22.8;14.5;7.8;6.9;0.05;
sainsburys-tropical-crunchy-1kg;Sainsbury's Granola, Tropical 1kg;£2.00/unit;£0.20/100g;Breakfast cereals;muesli-granola-clusters;435;9.2;63.6;22.8;14.5;7.8;6.9;0.05;
sainsburys-tropical-fruit-mix-250g;Sainsbury's Tropical Fruit Mix 250g;£3.30/unit;£1.32/100g;Sugar & home baking;dried-fruit---peel;266;2.4;61.3;56.2;0.6;0.2;3.1;0.17;
sainsburys-tropical-fruit-platter-400g;Sainsbury's Tropical Fruit Platter 400g;£2.50/unit;£6.25/kg;Prepared & ready to eat;prepared-fruit;46;0.5;10.0;9.9;0.5;0.1;1.1;0.01;
sainsburys-tropical-juice-1l;Sainsbury's Tropical Juice, Not From Concentrate 1L;£1.40/unit;£0.14/100ml;Chilled fruit juice & smoothies;chilled-fruit-juice;47;0.5;11.2;11.2;0.5;0.1;0.5;0.01;
sainsburys-trottole--tricolore-500g;Sainsbury's Trottole Tricolore 500g;£0.85/unit;£1.70/kg;Rice, pasta & noodles;pasta;160;4.4;33.6;0.6;0.6;0.1;1.4;0.01;
sainsburys-trout-fillets--basics-%28approx-260g%29;Sainsbury's Trout Fillets, Basics (approx. 260g);£9.00/kg;£9.00/kg;Fish & seafood;filleted-whole-fish;149;24.0;0.5;0.5;5.8;1.0;0.5;0.15;
sainsburys-trout-fillets-x2-%28approx-400g%29;Sainsbury's Trout Fillets x2 (approx. 400g);£12.75/kg;£12.75/kg;Fish & seafood;filleted-whole-fish;149;24.0;0.5;0.5;5.8;1.0;0.5;0.15;
sainsburys-tuna---sweetcorn-deli-filler--be-good-to-yourself-230g;Sainsbury's Tuna & Sweetcorn Deli Filler, Be Good To Yourself 230g;£1.65/unit;£0.72/100g;Cooked meats, pate & sandwich fillers;sandwich-fillers;128;12.6;7.2;1.5;5.1;0.4;1.2;0.70;
sainsburys-tuna---sweetcorn-deli-filler--be-good-to-yourself-230g;Sainsbury's Tuna & Sweetcorn Deli Filler, Be Good To Yourself 230g;£1.65/unit;£0.72/100g;Soup & lunchtime snacks;sandwich-fillers2;128;12.6;7.2;1.5;5.1;0.4;1.2;0.70;
sainsburys-tuna---sweetcorn-deli-filler-230g;Sainsbury's Tuna & Sweetcorn Deli Filler 230g;£1.65/unit;£0.72/100g;Cooked meats, pate & sandwich fillers;sandwich-fillers;188;10.2;5.0;2.7;13.9;1.1;1.0;0.81;
sainsburys-tuna---sweetcorn-deli-filler-230g;Sainsbury's Tuna & Sweetcorn Deli Filler 230g;£1.65/unit;£0.72/100g;Soup & lunchtime snacks;sandwich-fillers2;188;10.2;5.0;2.7;13.9;1.1;1.0;0.81;
sainsburys-tuna---sweetcorn-pasta-300g;Sainsbury's Tuna & Sweetcorn Pasta Salad 300g;£2.00/unit;£0.67/100g;Coleslaw, olives, salads & dips;coleslaw-salads;165;5.5;22.7;2.0;5.5;0.6;1.3;0.44;
sainsburys-tuna---sweetcorn-pasta-300g;Sainsbury's Tuna & Sweetcorn Pasta Salad 300g;£2.00/unit;£0.67/100g;Prepared & ready to eat;prepared-salad-herbs;165;5.5;22.7;2.0;5.5;0.6;1.3;0.44;
sainsburys-tuna---sweetcorn-pasta-300g;Sainsbury's Tuna & Sweetcorn Pasta Salad 300g;£2.00/unit;£0.67/100g;Soup & lunchtime snacks;lunchtime-snacks;165;5.5;22.7;2.0;5.5;0.6;1.3;0.44;
sainsburys-tuna-chunks--basics-185g-%28130g*%29;Sainsbury's Tuna Chunks, Basics 185g (130g*);£0.90/unit;£0.69/100g;Canned, tinned & packaged foods;canned-tinned-packaged-fish;113;27;0.5;0.5;0.5;0.1;0.5;1.0;
sainsburys-tuna-chunks--in-brine-185g;Sainsbury's Tuna in Brine 185g (138g*);£1.30/unit;£0.94/100g;Canned, tinned & packaged foods;canned-tinned-packaged-fish;113;27.0;0;0;0.5;0.1;0;1.00;
sainsburys-tuna-chunks--in-oil-185g;Sainsbury's Tuna in Sunflower Oil 185g (138g*);£1.30/unit;£0.94/100g;Canned, tinned & packaged foods;canned-tinned-packaged-fish;189;27.0;0.5;0.5;9.0;1.5;0.5;1.00;
sainsburys-tuna-chunks-in-sunflower-oil-400g;Sainsbury's Tuna in Sunflower Oil 400g (280g*);£2.50/unit;£0.89/100g;Canned, tinned & packaged foods;canned-tinned-packaged-fish;189;27;0.5;0.5;9.0;1.5;0.5;1.0;
sainsburys-tuna-coronation-sandwich-filler--be-good-to-yourself-3x80g;Sainsbury's Tuna Coronation Sandwich Filler, Be Good To Yourself 3x80g;£2.00/unit;£0.83/100g;Canned, tinned & packaged foods;canned-tinned-packaged-fish;114;17;5.7;3.9;2.6;0.7;1.0;1.0;
sainsburys-tuna-crunch-deli-filler-230g;Sainsbury's Tuna Crunch Deli Filler 230g;£1.65/unit;£0.72/100g;Cooked meats, pate & sandwich fillers;sandwich-fillers;175;13.9;3.7;2.4;11.6;0.9;0.5;0.93;
sainsburys-tuna-crunch-deli-filler-230g;Sainsbury's Tuna Crunch Deli Filler 230g;£1.65/unit;£0.72/100g;Soup & lunchtime snacks;sandwich-fillers2;175;13.9;3.7;2.4;11.6;0.9;0.5;0.93;
sainsburys-tuna-mayo-sandwich-fller--be-good-to-yourself-3x80g;Sainsbury's Tuna Mayo Sandwich Fller, Be Good To Yourself 3x80g;£2.00/unit;£0.83/100g;Canned, tinned & packaged foods;canned-tinned-packaged-fish;99;15;4.0;1.3;2.3;0.3;0.7;1.0;
sainsburys-tuna-p%C3%A2t%C3%A9-115g;Sainsbury's Tuna Pâté 115g;£1.20/unit;£1.04/100g;Cooked meats & snacking;mfp-pate;379;11.4;10.8;0.5;32.1;6.0;0.5;0.65;
sainsburys-tuna-p%C3%A2t%C3%A9-115g;Sainsbury's Tuna Pâté 115g;£1.20/unit;£1.04/100g;Cooked meats, pate & sandwich fillers;pate;379;11.4;10.8;0.5;32.1;6.0;0.5;0.65;
sainsburys-tuna-p%C3%A2t%C3%A9-115g;Sainsbury's Tuna Pâté 115g;£1.20/unit;£1.04/100g;Fish & seafood;canapes-snacking;379;11.4;10.8;0.5;32.1;6.0;0.5;0.65;
sainsburys-tuna-pasta-bake-430g;Sainsbury's Tuna Pasta Bake 430g;£2.30/unit;£5.35/kg;Ready meals;italian-ready-meals;154;8.1;15.7;2.6;6.2;3.7;null;0.43;
sainsburys-tuna-pasta-bake-430g;Sainsbury's Tuna Pasta Bake 430g;£2.30/unit;£5.35/kg;Ready meals;meals-for-1-ready-meals;154;8.1;15.7;2.6;6.2;3.7;null;0.43;
sainsburys-tuna-steaks-brine-3x80g;Sainsbury's Tuna Steaks in Brine 3x80g (3x56g*);£1.85/unit;£1.10/100g;Canned, tinned & packaged foods;canned-tinned-packaged-fish;113;27.0;0;0;0.5;0.1;0;1.00;
sainsburys-tuna-steaks-in-olive-oil-3x80g;Sainsbury's Tuna Steaks in Olive Oil 3x80g (3x56g*);£1.85/unit;£1.10/100g;Canned, tinned & packaged foods;canned-tinned-packaged-fish;189;27.0;0;0;9.0;1.5;0;1.00;
sainsburys-tuna-steaks-in-olive-oil-4x200g;Sainsbury's Tuna Steaks in Olive Oil 4x200g (4x150g*);£4.60/unit;£0.77/100g;Canned, tinned & packaged foods;canned-tinned-packaged-fish;189;27;0.5;0.5;9.0;1.5;0.5;1.0;
sainsburys-tuna-steaks-in-water-4x200g;Sainsbury's Tuna Steaks in Water 4x200g (4x150g*);£4.60/unit;£0.77/100g;Canned, tinned & packaged foods;canned-tinned-packaged-fish;113;27.0;0.5;0.5;0.5;0.1;0.5;1.00;
sainsburys-tuna-steaks-spring-water-3x80g;Sainsbury's Tuna Steaks in Spring Water 3x80g (3x56g*);£1.85/unit;£1.10/100g;Canned, tinned & packaged foods;canned-tinned-packaged-fish;113;27.0;0;0;0.5;0.1;0;0.75;
sainsburys-tuna-steaks-x2-%28approx-200g%29;Sainsbury's Tuna Steaks x2 (approx. 200g);£22.00/kg;£22.00/kg;Fish & seafood;filleted-whole-fish;133;29.8;0.5;0.5;1.4;0.3;0.5;0.14;
sainsburys-tuna-with-chilli-beans---sweetcorn--be-good-to-yourself-80g;Sainsbury's Tuna with Chilli Beans & Sweetcorn, Be Good To Yourself 80g;£2.00/unit;£0.83/100g;Canned, tinned & packaged foods;canned-tinned-packaged-fish;102;13.4;5.5;1.8;2.4;0.4;2.3;0.85;
sainsburys-turkey-breast-fillet-portions-260g;Sainsbury's British Turkey Breast Fillet Portions 260g;£2.20/unit;£8.46/kg;Turkey;turkey;127;29.4;0.5;0.5;1.0;0.4;0.5;0.15;
sainsburys-turkey-breast-joint-500g;Sainsbury's Turkey Breast Joint 500g;£4.00/unit;£8.00/kg;Turkey;turkey;171;29.3;0.5;0.5;5.7;1.6;0.5;0.25;
sainsburys-turkey-breast-mince-250g;Sainsbury's Turkey Breast Mince 2% Fat 250g;£2.25/unit;£9.00/kg;Turkey;turkey;164;36.0;0.5;0.5;2.0;0.5;0.5;0.25;
sainsburys-turkey-breast-mince-500g;Sainsbury's Turkey Breast Mince 2% Fat 500g;£4.00/unit;£8.00/kg;Turkey;turkey;null;null;null;null;null;null;null;null;
sainsburys-turkey-breast-mini-fillets-500g;Sainsbury's Turkey Breast Mini Fillets 500g;£4.00/unit;£8.00/kg;Turkey;turkey;0;0.5;0.5;0.5;0.5;0.1;0.5;0.01;
sainsburys-turkey-meatballs-400g;Sainsbury's Turkey Meatballs 400g;£2.50/unit;£6.25/kg;Turkey;turkey;164;23.8;5.8;0.5;5.0;1.6;0.5;0.75;
sainsburys-turkey-steaks-230g;Sainsbury's Turkey Steaks 230g;£2.50/unit;£10.87/kg;Burgers & BBQ;burgers-bbq;140;30.0;0.5;0.5;1.9;0.5;1.4;0.20;
sainsburys-turkey-steaks-230g;Sainsbury's Turkey Steaks 230g;£2.50/unit;£10.87/kg;Turkey;turkey;140;30.0;0.5;0.5;1.9;0.5;1.4;0.20;
sainsburys-turkey-steaks-460g;Sainsbury's Turkey Steaks 460g;£3.60/unit;£7.83/kg;Burgers & BBQ;burgers-bbq;140;30.0;0.5;0.5;1.9;0.5;1.4;0.20;
sainsburys-turkey-steaks-460g;Sainsbury's Turkey Steaks 460g;£3.60/unit;£7.83/kg;Great prices on meat & fish;great-prices-on-meat---fish;140;30.0;0.5;0.5;1.9;0.5;1.4;0.20;
sainsburys-turkey-steaks-460g;Sainsbury's Turkey Steaks 460g;£3.60/unit;£7.83/kg;Turkey;turkey;140;30.0;0.5;0.5;1.9;0.5;1.4;0.20;
sainsburys-turkey-thigh-mince-500g;Sainsbury's British Turkey Thigh Mince 7% Fat 500g;£3.00/unit;£6.00/kg;Turkey;turkey;null;null;null;null;null;null;null;null;
sainsburys-turkey-thigh-mince-800g;Sainsbury's British Turkey Thigh Mince 4% Fat 800g;£4.00/unit;£5.00/kg;Turkey;turkey;126;22.4;0.5;0.5;4.0;1.3;0.5;0.18;
sainsburys-turkish-delight-chocolate-bar-150g;Sainsbury's Turkish Delight Chocolate Bar 150g;£1.35/unit;£0.90/100g;Confectionery;chocolate;449;4.1;64.6;63.9;19.1;12.1;1.1;0.18;
sainsburys-turkish-delight-rose---lemon-325g-ayr;Sainsbury's Turkish Delight Rose & Lemon 325g;£2.00/unit;£0.62/100g;Confectionery;chocolate;343;0.5;85.5;78.6;0.5;0.1;0.5;0.30;
sainsburys-turkish-delight-rose---lemon-325g-ayr;Sainsbury's Turkish Delight Rose & Lemon 325g;£2.00/unit;£0.62/100g;Confectionery;gifting-boxed-chocolate;343;0.5;85.5;78.6;0.5;0.1;0.5;0.30;
sainsburys-turkish-delight-thins-200g;Sainsbury's Turkish Delight Thins 200g;£1.25/unit;£0.63/100g;Confectionery;gifting-boxed-chocolate;442;4.6;66.1;51.5;17.7;10.9;2.8;0;
sainsburys-turmeric--fairtrade-48g;Sainsbury's Turmeric, Fairtrade 48g;£1.00/unit;£0.21/10g;Cooking ingredients & oils;herbs-spices-seasoning;null;null;null;null;null;null;null;null;
sainsburys-two-in-one-bread--medium-sliced-800g;Sainsbury's Two In One Bread, Medium Sliced 800g;£0.55/unit;£0.07/100g;Bread;half-and-half-bread;235;9.2;41.6;3.2;2.4;0.4;5.2;0.79;
sainsburys-two-in-one-bread--thick-sliced-800g;Sainsbury's Two In One Bread, Thick Sliced 800g;£0.55/unit;£0.07/100g;Bread;half-and-half-bread;235;9.2;41.6;3.2;2.4;0.4;5.2;0.79;
sainsburys-tzatziki-230g;Sainsbury's Tzatziki 230g;£1.20/unit;£0.52/100g;Coleslaw, olives, salads & dips;fresh-dips-houmous;129;4.4;4.4;2.9;10.4;4.4;0.5;0.58;
sainsburys-tzatziki-230g;Sainsbury's Tzatziki 230g;£1.20/unit;£0.52/100g;Vegetarian & meat free;deli-meat-alternatives;129;4.4;4.4;2.9;10.4;4.4;0.5;0.58;
sainsburys-udon-noodles-quick-to-cook-300g;Sainsbury's Udon Noodles Quick To Cook 300g;£1.10/unit;£3.67/kg;Cooking sauces & world foods;japanese;165;4.5;35.8;1.0;0.5;0.1;2.0;0.33;
sainsburys-udon-noodles-quick-to-cook-300g;Sainsbury's Udon Noodles Quick To Cook 300g;£1.10/unit;£3.67/kg;Rice, pasta & noodles;noodles;165;4.5;35.8;1.0;0.5;0.1;2.0;0.33;
sainsburys-ultimate-chipolatas--taste-the-difference-625g;Sainsbury's Ultimate Pork Chipolata Sausages, Taste the Difference x20 625g;£3.50/unit;£5.60/kg;Great prices on meat & fish;great-prices-on-meat---fish;323;21.6;3.0;0.5;24.7;9.0;0.8;1.45;
sainsburys-ultimate-chipolatas--taste-the-difference-625g;Sainsbury's Ultimate Pork Chipolata Sausages, Taste the Difference x20 625g;£3.50/unit;£5.60/kg;Sausages;sausages;323;21.6;3.0;0.5;24.7;9.0;0.8;1.45;
sainsburys-ultimate-chocolate-muffin--taste-the-difference-x2;Sainsbury's Ultimate Chocolate Muffin, Taste the Difference x2;£1.50/unit;£0.75/ea;From our in store bakery;cakes-from-our-bakery;null;null;null;null;null;null;null;null;
sainsburys-ultimate-chocolate-muffin--taste-the-difference;Sainsbury's Ultimate Chocolate Muffin, Taste the Difference;£1.00/unit;£1.00/ea;Cakes;muffins-small-cakes;null;null;null;null;null;null;null;null;
sainsburys-ultimate-oak-smoked-bacon--taste-the-difference-220g;Sainsbury's Ultimate Oak Smoked Bacon, Taste the Difference 220g;£3.00/unit;£13.64/kg;Bacon & gammon;bacon;275;31.7;1.0;0.5;15.9;7.2;0.6;3.70;
sainsburys-ultimate-oak-smoked-bacon--taste-the-difference-220g;Sainsbury's Ultimate Oak Smoked Bacon, Taste the Difference 220g;£3.00/unit;£13.64/kg;Organic & Taste the Difference;organic-taste-the-difference;275;31.7;1.0;0.5;15.9;7.2;0.6;3.70;
sainsburys-ultimate-outdoor-bred-pork-chipolata--taste-the-difference-x12-375g;Sainsbury's Ultimate Pork Chipolata Sausages, Taste the Difference x12 375g;£2.50/unit;£6.67/kg;Organic & Taste the Difference;organic-taste-the-difference;323;21.6;3.0;0.5;24.7;9.0;0.8;1.45;
sainsburys-ultimate-outdoor-bred-pork-chipolata--taste-the-difference-x12-375g;Sainsbury's Ultimate Pork Chipolata Sausages, Taste the Difference x12 375g;£2.50/unit;£6.67/kg;Sausages;sausages;323;21.6;3.0;0.5;24.7;9.0;0.8;1.45;
sainsburys-ultimate-outdoor-bred-pork-sausages--taste-the-difference-x6-400g;Sainsbury's Ultimate Pork Sausages, Taste the Difference x6 400g;£2.50/unit;£6.25/kg;Burgers & BBQ;burgers-bbq;294;21.8;1.2;0.5;22.2;8.1;0.8;1.42;
sainsburys-ultimate-outdoor-bred-pork-sausages--taste-the-difference-x6-400g;Sainsbury's Ultimate Pork Sausages, Taste the Difference x6 400g;£2.50/unit;£6.25/kg;Organic & Taste the Difference;organic-taste-the-difference;294;21.8;1.2;0.5;22.2;8.1;0.8;1.42;
sainsburys-ultimate-outdoor-bred-pork-sausages--taste-the-difference-x6-400g;Sainsbury's Ultimate Pork Sausages, Taste the Difference x6 400g;£2.50/unit;£6.25/kg;Sausages;sausages;294;21.8;1.2;0.5;22.2;8.1;0.8;1.42;
sainsburys-ultimate-parma-ham--taste-the-difference-100g;Sainsbury's Italian Ultimate Parma Ham, Taste the Difference 100g;£6.00/unit;£6.00/100g;Cooked meats & snacking;mfp-continental-meats;302;30.2;0.5;0.5;20.0;7.1;0.5;4.60;
sainsburys-ultimate-parma-ham--taste-the-difference-100g;Sainsbury's Italian Ultimate Parma Ham, Taste the Difference 100g;£6.00/unit;£6.00/100g;Cooked meats & snacking;mfp-cooked-meats-snacking-taste-the-difference;302;30.2;0.5;0.5;20.0;7.1;0.5;4.60;
sainsburys-ultimate-parma-ham--taste-the-difference-100g;Sainsbury's Italian Ultimate Parma Ham, Taste the Difference 100g;£6.00/unit;£6.00/100g;Cooked meats, pate & sandwich fillers;continental-meats;302;30.2;0.5;0.5;20.0;7.1;0.5;4.60;
sainsburys-ultimate-parma-ham--taste-the-difference-100g;Sainsbury's Italian Ultimate Parma Ham, Taste the Difference 100g;£6.00/unit;£6.00/100g;Cooked meats, pate & sandwich fillers;cooked-meats-taste-the-difference;302;30.2;0.5;0.5;20.0;7.1;0.5;4.60;
sainsburys-ultimate-pink-madeira-cupcake;Sainsbury's Ultimate Pink Madeira Cupcake;£10.00/unit;£9.66/kg;Cakes;muffins-small-cakes;417;3.4;62.6;41.7;16.7;4.9;1.1;0.41;
sainsburys-ultimate-pork-sausages--taste-the-difference-x10-690g;Sainsbury's Ultimate Pork Sausages, Taste the Difference x10 690g;£3.30/unit;£4.78/kg;Burgers & BBQ;burgers-bbq;294;21.8;1.2;0.5;22.2;8.1;0.8;1.42;
sainsburys-ultimate-pork-sausages--taste-the-difference-x10-690g;Sainsbury's Ultimate Pork Sausages, Taste the Difference x10 690g;£3.30/unit;£4.78/kg;Great prices on meat & fish;great-prices-on-meat---fish;294;21.8;1.2;0.5;22.2;8.1;0.8;1.42;
sainsburys-ultimate-pork-sausages--taste-the-difference-x10-690g;Sainsbury's Ultimate Pork Sausages, Taste the Difference x10 690g;£3.30/unit;£4.78/kg;Organic & Taste the Difference;organic-taste-the-difference;294;21.8;1.2;0.5;22.2;8.1;0.8;1.42;
sainsburys-ultimate-pork-sausages--taste-the-difference-x10-690g;Sainsbury's Ultimate Pork Sausages, Taste the Difference x10 690g;£3.30/unit;£4.78/kg;Sausages;sausages;294;21.8;1.2;0.5;22.2;8.1;0.8;1.42;
sainsburys-ultimate-smoked-streaky-bacon--taste-the-difference-220g;Sainsbury's Ultimate Smoked Streaky Bacon, Taste the Difference 220g;£3.00/unit;£13.64/kg;Bacon & gammon;bacon;425;31.0;1.0;0.5;32.9;14.9;0.6;4.95;
sainsburys-ultimate-smoked-streaky-bacon--taste-the-difference-220g;Sainsbury's Ultimate Smoked Streaky Bacon, Taste the Difference 220g;£3.00/unit;£13.64/kg;Organic & Taste the Difference;organic-taste-the-difference;425;31.0;1.0;0.5;32.9;14.9;0.6;4.95;
sainsburys-ultimate-unsmoked-bacon--taste-the-difference-220g;Sainsbury's Ultimate Unsmoked Bacon, Taste the Difference 220g;£3.00/unit;£13.64/kg;Bacon & gammon;bacon;285;33.8;1.2;0.5;15.9;7.7;0.7;3.73;
sainsburys-ultimate-unsmoked-bacon--taste-the-difference-220g;Sainsbury's Ultimate Unsmoked Bacon, Taste the Difference 220g;£3.00/unit;£13.64/kg;Organic & Taste the Difference;organic-taste-the-difference;285;33.8;1.2;0.5;15.9;7.7;0.7;3.73;
sainsburys-ultimate-unsmoked-streaky-bacon--taste-the-difference-220g;Sainsbury's Ultimate Unsmoked Streaky Bacon, Taste the Difference 220g;£3.00/unit;£13.64/kg;Bacon & gammon;bacon;367;28.4;1.0;0.5;27.6;11.7;0.6;3.98;
sainsburys-ultimate-unsmoked-streaky-bacon--taste-the-difference-220g;Sainsbury's Ultimate Unsmoked Streaky Bacon, Taste the Difference 220g;£3.00/unit;£13.64/kg;Organic & Taste the Difference;organic-taste-the-difference;367;28.4;1.0;0.5;27.6;11.7;0.6;3.98;
sainsburys-umami-paste-90g;Sainsbury's Umami Paste 90g;£1.99/unit;£2.21/100g;Cooking ingredients & oils;cooking-pastes;152;5.9;13.0;11.8;8.0;2.2;2.4;7.75;
sainsburys-umami-paste-90g;Sainsbury's Umami Paste 90g;£1.99/unit;£2.21/100g;Cooking sauces & world foods;japanese;152;5.9;13.0;11.8;8.0;2.2;2.4;7.75;
sainsburys-umbrian-extra-virgin-olive-oil--taste-the-difference-500ml;Sainsbury's Umbrian Extra Virgin Olive Oil, Taste the Difference 500ml;£5.75/unit;£1.15/100ml;Cooking ingredients & oils;oils;823;0.5;0.5;0.5;91.4;13.1;0.5;0.01;
sainsburys-umbrian-extra-virgin-olive-oil--taste-the-difference-500ml;Sainsbury's Umbrian Extra Virgin Olive Oil, Taste the Difference 500ml;£5.75/unit;£1.15/100ml;Table sauces, dressings & condiments;salad-dressings;823;0.5;0.5;0.5;91.4;13.1;0.5;0.01;
sainsburys-unfiltered-extra-virgin-olive-oil--so-organic-500ml;Sainsbury's Unfiltered Extra Virgin Olive Oil, SO Organic 500ml;£2.50/unit;£0.50/100ml;Cooking ingredients & oils;oils;823;0;0;0;91.4;13.1;0;0;
sainsburys-unsalted-butter--basics-250g;Sainsbury's British Unsalted Butter, Basics 250g;£0.90/unit;£3.60/kg;Butter, spreads & baking;block-butter;751;0.6;0.6;0.6;82.9;49.3;0.5;0.02;
sainsburys-unsalted-butter--basics-250g;Sainsbury's British Unsalted Butter, Basics 250g;£0.90/unit;£3.60/kg;Sugar & home baking;fats-spreads;751;0.6;0.6;0.6;82.9;49.3;0.5;0.02;
sainsburys-unsalted-jumbo-peanuts---raisins-200g;Sainsbury's Unsalted Jumbo Peanuts & Raisins 200g;£1.20/unit;£0.60/100g;Crisps, nuts & snacking fruit;nuts;429;15;45;37;20;3.4;4.8;0.03;
sainsburys-unsalted-mixed-nuts---raisins-200g;Sainsbury's Unsalted Mixed Nuts & Raisins 200g;£1.20/unit;£0.60/100g;Crisps, nuts & snacking fruit;nuts;514;18;30;28;35;5.1;5.1;0.03;
sainsburys-unsmoked-back-bacon--basics-250g;Sainsbury's Unsmoked Back Bacon, Basics 250g;£1.50/unit;£6.00/kg;Bacon & gammon;bacon;308;27.9;0.5;0.5;21.8;9.0;0.5;4.63;
sainsburys-unsmoked-back-bacon-200g;Sainsbury's Unsmoked Back Bacon 200g;£2.00/unit;£10.00/kg;Bacon & gammon;bacon;262;30.9;0.5;0.5;15.4;5.8;0.5;4.33;
sainsburys-unsmoked-back-bacon-x8-300g;Sainsbury's Unsmoked Back Bacon x8 300g;£2.00/unit;£6.66/kg;Bacon & gammon;bacon;262;30.9;0.5;0.5;15.4;5.8;0.5;4.33;
sainsburys-unsmoked-bacon--so-organic-200g;Sainsbury's Unsmoked Bacon, SO Organic 200g;£4.00/unit;£20.00/kg;Bacon & gammon;bacon;274;30.9;1.7;1.4;15.8;6.2;0.6;4.00;
sainsburys-unsmoked-bacon--so-organic-200g;Sainsbury's Unsmoked Bacon, SO Organic 200g;£4.00/unit;£20.00/kg;Organic & Taste the Difference;organic-taste-the-difference;274;30.9;1.7;1.4;15.8;6.2;0.6;4.00;
sainsburys-unsmoked-bacon-joint--basics-%28approx-600g---800g%29;Sainsbury's Unsmoked Bacon Joint, Basics (approx. 600g - 800g);£3.80/kg;£3.80/kg;Bacon & gammon;gammon;238;25.8;0.5;0.5;14.9;5.2;0.5;4.72;
sainsburys-unsmoked-bacon-joint-700g;Sainsbury's Unsmoked Bacon Joint 700g;£3.00/unit;£4.29/kg;Bacon & gammon;gammon;220;18.6;0.8;0.8;15.8;6.3;0.5;4.00;
sainsburys-unsmoked-bacon-medallions--be-good-to-yourself-200g;Sainsbury's Unsmoked Bacon Medallions, Be Good To Yourself 200g;£2.15/unit;£10.75/kg;Bacon & gammon;bacon;186;37.4;1.2;1.2;3.5;1.4;0.5;3.00;
sainsburys-unsmoked-bacon-rashers-x12-450g;Sainsbury's Unsmoked Bacon Rashers x12 450g;£3.30/unit;£7.33/kg;Bacon & gammon;bacon;262;30.9;0.5;0.5;15.4;5.8;0.5;4.33;
sainsburys-unsmoked-bacon-rashers-x12-450g;Sainsbury's Unsmoked Bacon Rashers x12 450g;£3.30/unit;£7.33/kg;Great prices on meat & fish;great-prices-on-meat---fish;262;30.9;0.5;0.5;15.4;5.8;0.5;4.33;
sainsburys-unsmoked-danish-lean-bacon-loin-steaks-x2-250g;Sainsbury's Unsmoked Danish Lean Bacon Loin Steaks x2 250g;£3.00/unit;£12.00/kg;Bacon & gammon;bacon;159;28.9;1.1;1.1;4.3;1.7;0.5;2.48;
sainsburys-unsmoked-gammon-joint--be-good-to-yourself-%28approx-700g%29;Sainsbury's Unsmoked Gammon Joint, Be Good To Yourself (approx. 700g);£8.00/kg;£8.00/kg;Bacon & gammon;gammon;134;27.7;0.9;0.9;2.2;0.8;0.5;2.38;
sainsburys-unsmoked-gammon-joint-1kg;Sainsbury's Unsmoked Gammon Joint 1kg;£4.30/unit;£4.30/kg;Bacon & gammon;gammon;189;23.1;0.5;0.5;10.6;3.8;0.5;3.80;
sainsburys-unsmoked-gammon-joint-1kg;Sainsbury's Unsmoked Gammon Joint 1kg;£4.30/unit;£4.30/kg;Great prices on meat & fish;great-prices-on-meat---fish;189;23.1;0.5;0.5;10.6;3.8;0.5;3.80;
sainsburys-unsmoked-gammon-joint-750g;Sainsbury's Unsmoked Gammon Joint 750g;£3.30/unit;£4.40/kg;Bacon & gammon;gammon;189;23.1;0.5;0.5;10.6;3.8;0.5;3.80;
sainsburys-unsmoked-gammon-joint-750g;Sainsbury's Unsmoked Gammon Joint 750g;£3.30/unit;£4.40/kg;Great prices on meat & fish;great-prices-on-meat---fish;189;23.1;0.5;0.5;10.6;3.8;0.5;3.80;
sainsburys-unsmoked-gammon-steaks-%28approx%29;Sainsbury's Unsmoked Gammon Steaks, Basics (approx. 450g);£4.05/kg;£4.05/kg;Bacon & gammon;gammon;239;23.1;0.5;0.5;16.0;5.6;0.5;3.38;
sainsburys-unsmoked-middle-bacon--basics-450g;Sainsbury's Unsmoked Middle Bacon, Basics 450g;£2.05/unit;£4.56/kg;Bacon & gammon;bacon;310;27.3;0.5;0.5;22.3;8.4;0.5;4.38;
sainsburys-unsmoked-reduced-salt-back-bacon-300g;Sainsbury's Unsmoked Reduced Salt Back Bacon x8 300g;£2.00/unit;£6.66/kg;Bacon & gammon;bacon;216;28.7;1.3;1.3;10.7;4.0;0.5;2.95;
sainsburys-unsmoked-rindless-gammon-steaks-x2-400g-av;Sainsbury's Unsmoked Rindless Gammon Steaks x2 400g Av;£4.00/unit;£10.00/kg;Bacon & gammon;gammon;203;22.3;0.5;0.5;12.5;4.5;0.5;3.80;
sainsburys-unsmoked-rindless-gammon-steaks-x2-400g;Sainsbury's Unsmoked Rindless Gammon Steaks x2 400g;£2.50/unit;£6.25/kg;Bacon & gammon;gammon;203;22.3;0.5;0.5;12.5;4.5;0.5;3.80;
sainsburys-unsmoked-streaky-bacon-rashers-300g;Sainsbury's Unsmoked Streaky Bacon Rashers 300g;£2.20/unit;£7.33/kg;Bacon & gammon;bacon;344;32.0;0.5;0.5;24.0;9.0;0.5;4.05;
sainsburys-unsmoked-streaky-bacon-rashers-300g;Sainsbury's Unsmoked Streaky Bacon Rashers 300g;£2.20/unit;£7.33/kg;Great prices on meat & fish;great-prices-on-meat---fish;344;32.0;0.5;0.5;24.0;9.0;0.5;4.05;
sainsburys-unsweetened-soya-milk-alternative-1l;Sainsbury's Fresh Unsweetened Soya Milk Alternative 1L;£1.15/unit;£1.15/ltr;Fresh milk & eggs;soya---dietary-needs;20;2.0;0.5;0.5;1.1;0.2;0.5;0.01;
sainsburys-unwaxed-lemons--so-organic-x4;Sainsbury's Lemons Unwaxed, SO Organic x4;£1.50/unit;£0.38/ea;Fresh fruit;citrus-fruit;20;1.0;3.2;3.2;0.5;0.1;0.5;0.01;
sainsburys-unwaxed-lemons--so-organic-x4;Sainsbury's Lemons Unwaxed, SO Organic x4;£1.50/unit;£0.38/ea;Organic;organic;20;1.0;3.2;3.2;0.5;0.1;0.5;0.01;
sainsburys-unwaxed-lemons-x5;Sainsbury's Lemons Unwaxed x5;£1.50/unit;£0.30/ea;Fresh fruit;citrus-fruit;20;1.0;3.2;3.2;0.5;0.1;0.5;0.01;
sainsburys-unwaxed-lemons-x5;Sainsbury's Lemons Unwaxed x5;£1.50/unit;£0.30/ea;In season;new-in-season;20;1.0;3.2;3.2;0.5;0.1;0.5;0.01;
sainsburys-valencia-orange---cranberry-topped-ham--taste-the-difference-120g;Sainsbury's Ham with Orange & Cranberry Slices, Taste the Difference 120g;£3.00/unit;£2.50/100g;Cooked meats & snacking;ham-82654-44;132;24.7;3.6;3.6;2.0;0.7;0.5;2.00;
sainsburys-valencia-orange---cranberry-topped-ham--taste-the-difference-120g;Sainsbury's Ham with Orange & Cranberry Slices, Taste the Difference 120g;£3.00/unit;£2.50/100g;Cooked meats & snacking;mfp-cooked-meats-snacking-taste-the-difference;132;24.7;3.6;3.6;2.0;0.7;0.5;2.00;
sainsburys-valencia-orange---cranberry-topped-ham--taste-the-difference-120g;Sainsbury's Ham with Orange & Cranberry Slices, Taste the Difference 120g;£3.00/unit;£2.50/100g;Cooked meats, pate & sandwich fillers;cooked-meats-taste-the-difference;132;24.7;3.6;3.6;2.0;0.7;0.5;2.00;
sainsburys-valencia-orange---cranberry-topped-ham--taste-the-difference-120g;Sainsbury's Ham with Orange & Cranberry Slices, Taste the Difference 120g;£3.00/unit;£2.50/100g;Cooked meats, pate & sandwich fillers;ham;132;24.7;3.6;3.6;2.0;0.7;0.5;2.00;
sainsburys-valencia-orange-juice-1l;Sainsbury's 100% Valencia Orange Juice, Not From Concentrate 1L;£1.40/unit;£0.14/100ml;Chilled fruit juice & smoothies;chilled-fruit-juice;44;0.6;10.0;10.0;0.5;0.1;0.5;0.01;
sainsburys-valencia-orange-lollies--taste-the-difference-x4-292ml;Sainsbury's Valencia Orange Lollies, Taste the Difference x4 292ml;£2.50/unit;£0.86/100ml;Ice cream & desserts;lollies-bars-cones;92;0.7;21.6;21.6;0.5;0.1;0.6;0.06;
sainsburys-valencian-orange-extract--taste-the-difference-38ml;Sainsbury's Valencian Orange Extract, Taste the Difference 38ml;£1.50/unit;£0.39/10ml;Sugar & home baking;baking-ingredients---colourings;null;null;null;null;null;null;null;null;
sainsburys-vanilla--white-chocolate---orange-cookies-x4;Sainsbury's Cookies, Vanilla, White Chocolate & Orange, Taste the Difference x4;£1.50/unit;£0.38/ea;Biscuits & crackers;cookies;null;null;null;null;null;null;null;null;
sainsburys-vanilla--white-chocolate---orange-cookies-x4;Sainsbury's Cookies, Vanilla, White Chocolate & Orange, Taste the Difference x4;£1.50/unit;£0.38/ea;Cakes;doughnuts-cookies;null;null;null;null;null;null;null;null;
sainsburys-vanilla--white-chocolate---orange-cookies-x4;Sainsbury's Cookies, Vanilla, White Chocolate & Orange, Taste the Difference x4;£1.50/unit;£0.38/ea;Easter treats;easter-treats;null;null;null;null;null;null;null;null;
sainsburys-vanilla--white-chocolate---orange-cookies-x4;Sainsbury's Cookies, Vanilla, White Chocolate & Orange, Taste the Difference x4;£1.50/unit;£0.38/ea;From our in store bakery;instore-bakery-doughnuts-cookies;null;null;null;null;null;null;null;null;
sainsburys-vanilla-buttercream-style-icing-400g;Sainsbury's Vanilla Buttercream Style Icing 400g;£1.80/unit;£0.45/100g;Sugar & home baking;decorations;435;0;67.1;67.1;18.4;8.9;0.5;0.61;
sainsburys-vanilla-buttercream-style-icing-400g;Sainsbury's Vanilla Buttercream Style Icing 400g;£1.80/unit;£0.45/100g;Sugar & home baking;icing---marzipan;435;0;67.1;67.1;18.4;8.9;0.5;0.61;
sainsburys-vanilla-cheesecake-slices-2x100g;Sainsbury's Vanilla Cheesecake Slices 2x100g;£2.00/unit;£1.00/100g;Desserts & cream;desserts;363;5.1;30.3;19.1;24.4;13.1;1.2;0.48;
sainsburys-vanilla-choc-cupcakes-x2;Sainsbury's Vanilla Choc Cupcakes x2;£1.45/unit;£0.73/ea;Cakes;muffins-small-cakes;496;3.3;59;58;27;11;0.6;0.39;
sainsburys-vanilla-cr%C3%A8me-br%C3%BBl%C3%A9e-2x100g;Sainsbury's Vanilla Crème Brûlée 2x100g;£1.75/unit;£0.88/100g;Desserts & cream;desserts;319;4.4;17.8;15.3;25.6;17.4;0.5;0.10;
sainsburys-vanilla-custard--taste-the-difference-500g;Sainsbury's Vanilla Custard, Taste the Difference 500g;£1.90/unit;£0.38/100g;Desserts & cream;desserts;197;2.8;16.5;12.1;13.3;8.7;0.5;0.07;
sainsburys-vanilla-custard--taste-the-difference-500g;Sainsbury's Vanilla Custard, Taste the Difference 500g;£1.90/unit;£0.38/100g;Desserts & cream;fresh-cream-custard;197;2.8;16.5;12.1;13.3;8.7;0.5;0.07;
sainsburys-vanilla-custard-pots-4x150g;Sainsbury's Custard Pots 4x150g;£1.25/unit;£0.21/100g;Fruit & desserts;custard;101;2.7;16.4;11.0;2.6;1.7;0.6;0.10;
sainsburys-vanilla-custard-pots-4x150g;Sainsbury's Custard Pots 4x150g;£1.25/unit;£0.21/100g;Fruit & desserts;dessert-pots;101;2.7;16.4;11.0;2.6;1.7;0.6;0.10;
sainsburys-vanilla-custard-pots-4x150g;Sainsbury's Custard Pots 4x150g;£1.25/unit;£0.21/100g;Fruit & desserts;kids-lunchbox-fruit-desserts;101;2.7;16.4;11.0;2.6;1.7;0.6;0.10;
sainsburys-vanilla-danish-crown-x2;Sainsbury's Vanilla Danish Crown x2;£1.20/unit;£0.60/ea;Cakes;cakes-from-our-bakery-12374-44;null;null;null;null;null;null;null;null;
sainsburys-vanilla-danish-crown-x2;Sainsbury's Vanilla Danish Crown x2;£1.20/unit;£0.60/ea;Croissants, brioche & pastries;croissants-brioche-pastries;null;null;null;null;null;null;null;null;
sainsburys-vanilla-danish-crown-x2;Sainsbury's Vanilla Danish Crown x2;£1.20/unit;£0.60/ea;From our in store bakery;cakes-from-our-bakery;null;null;null;null;null;null;null;null;
sainsburys-vanilla-flavour-38ml;Sainsbury's Vanilla Flavour 38ml;£1.00/unit;£0.26/10ml;Sugar & home baking;baking-ingredients---colourings;null;null;null;null;null;null;null;null;
sainsburys-vanilla-flavour-ice-cream--basics-2l;Sainsbury's Vanilla Soft Scoop Ice Cream, Basics 2L;£1.05/unit;£0.05/100ml;Ice cream & desserts;ice-cream-tubs;146;2.5;21.9;20.8;5.2;3.1;0.6;0.20;
sainsburys-vanilla-ice-cream--be-good-to-yourself-900ml;Sainsbury's Vanilla Ice Cream, Be Good To Yourself 900ml;£2.00/unit;£0.22/100ml;Ice cream & desserts;ice-cream-tubs;145;3.4;24.9;19.5;3.4;2.3;0.6;0.14;
sainsburys-vanilla-ice-cream--taste-the-difference-500ml;Sainsbury's Vanilla Ice Cream, Taste the Difference 500ml;£3.25/unit;£0.65/100ml;Ice cream & desserts;ice-cream-tubs;243;4.4;19;18;16;11;0.6;0.13;
sainsburys-vanilla-ice-cream-900ml;Sainsbury's Vanilla Ice Cream 900ml;£2.00/unit;£0.22/100ml;Ice cream & desserts;ice-cream-tubs;181;3.0;25.6;23.1;7.2;5.5;0.6;0.10;
sainsburys-vanilla-ice-cream-slicing-block-1l;Sainsbury's Vanilla Ice Cream Slicing Block 1L;£1.00/unit;£0.10/100ml;Ice cream & desserts;ice-cream-desserts;151;3.1;18.2;15.7;7.1;5.6;0.6;0.18;
sainsburys-vanilla-marshmallow-kit-100g;Sainsbury's Vanilla Marshmallow Kit 100g;£2.50/unit;£0.50/100g;Sugar & home baking;cake-sweet-mixes;331;2.5;77.0;77.0;1.3;0.5;0.5;0.09;
sainsburys-vanilla-milk-lollies-8x35ml;Sainsbury's Vanilla Milk Lollies 8x35ml;£1.30/unit;£0.46/100ml;Ice cream & desserts;lollies-bars-cones;117;2.7;20.9;19.8;2.4;1.5;0.8;0.13;
sainsburys-vanilla-soft-scoop-ice-cream-2l;Sainsbury's Vanilla Soft Scoop Ice Cream 2L;£1.80/unit;£0.09/100ml;Ice cream & desserts;ice-cream-tubs;165;2.9;23.2;19.4;6.5;5.6;0.6;0.14;
sainsburys-vanilla-sponge-400g;Sainsbury's Vanilla Sponge 400g;£1.00/unit;£2.50/kg;Sugar & home baking;cake-sweet-mixes;326;6.2;57.9;31.8;7.5;3.5;1.2;0.45;
sainsburys-vanilla-sponge-fairy-cakes-x12;Sainsbury's Vanilla Sponge Fairy Cakes x12;£1.00/unit;£0.08/ea;Cakes;muffins-small-cakes;421;4.8;50.1;26.2;21.7;1.9;2.8;0.45;
sainsburys-variety-biscuits-700g;Sainsbury's Variety Biscuits 700g;£1.40/unit;£0.20/100g;Biscuits & crackers;biscuits-crackers-sharing-bags-assortments;488;6.2;68.9;23.2;20.4;9.3;2.3;0.68;
sainsburys-variety-biscuits-700g;Sainsbury's Variety Biscuits 700g;£1.40/unit;£0.20/100g;Biscuits & crackers;everyday-biscuits-shortbread;488;6.2;68.9;23.2;20.4;9.3;2.3;0.68;
sainsburys-variety-ice-cream-lollies-x15-770ml;Sainsbury's Variety Ice Cream Lollies x15 750ml;£3.00/unit;£0.40/100ml;Ice cream & desserts;lollies-bars-cones;315;1.8;39.6;29.9;16.5;11.1;0.5;0.14;
sainsburys-veal-escalope--taste-the-difference-%28approx-300g%29;Sainsbury's Veal Escalope, Taste the Difference (approx. 300g);£26.00/kg;£26.00/kg;Beef;beef;134;26.7;0.5;0.5;3.0;0.9;0.5;0.19;
sainsburys-veal-escalope--taste-the-difference-%28approx-300g%29;Sainsbury's Veal Escalope, Taste the Difference (approx. 300g);£26.00/kg;£26.00/kg;Organic & Taste the Difference;organic-taste-the-difference;134;26.7;0.5;0.5;3.0;0.9;0.5;0.19;
sainsburys-veal-rib-chop---freedom-food--%28approx-1kg%29;Sainsbury's Veal Rib Chop, Taste the Difference (approx. 350g);£26.00/kg;£26.00/kg;Beef;beef;174;28.1;3.1;0.5;5.5;2.3;null;0.40;
sainsburys-veal-rib-chop---freedom-food--%28approx-1kg%29;Sainsbury's Veal Rib Chop, Taste the Difference (approx. 350g);£26.00/kg;£26.00/kg;Organic & Taste the Difference;organic-taste-the-difference;174;28.1;3.1;0.5;5.5;2.3;null;0.40;
sainsburys-veal-shoulder-freedom-food-%28approx-1kg%29;Sainsbury's Veal Shoulder Freedom Food, Taste the Difference (approx. 900g);£12.00/kg;£12.00/kg;Beef;beef;209;35.0;1.6;0.5;7.0;3.0;null;0.53;
sainsburys-veal-shoulder-freedom-food-%28approx-1kg%29;Sainsbury's Veal Shoulder Freedom Food, Taste the Difference (approx. 900g);£12.00/kg;£12.00/kg;Organic & Taste the Difference;organic-taste-the-difference;209;35.0;1.6;0.5;7.0;3.0;null;0.53;
sainsburys-veg-goats-chse-stonebaked-pizza-441g;Sainsbury's Stonebaked Vegetables & Goats Cheese Pizza 441g;£2.60/unit;£5.90/kg;Pizza & garlic bread;frozen-pizza-garlic-bread;205;8.8;26.1;4.0;6.7;2.7;2.5;0.90;
sainsburys-vegetable-biryani-%28warm---fragrant%29-500g;Sainsbury's Vegetable Biryani 500g;£3.00/unit;£6.00/kg;Ready meals;indian-ready-meals;127;2.9;16.1;3.6;4.8;0.8;3.9;0.45;
sainsburys-vegetable-biryani-%28warm---fragrant%29-500g;Sainsbury's Vegetable Biryani 500g;£3.00/unit;£6.00/kg;Ready meals;potato-vegetable-side-dishes;127;2.9;16.1;3.6;4.8;0.8;3.9;0.45;
sainsburys-vegetable-biryani-%28warm---fragrant%29-500g;Sainsbury's Vegetable Biryani 500g;£3.00/unit;£6.00/kg;Vegetarian & meat free;vegetarian-meat-free-ready-meals;127;2.9;16.1;3.6;4.8;0.8;3.9;0.45;
sainsburys-vegetable-crisps--taste-the-difference-100g;Sainsbury's Vegetable Crisps, Taste the Difference 100g;£1.75/unit;£1.75/100g;Crisps, nuts & snacking fruit;crisps;510;5.6;41.0;21.9;33.3;3.8;11.9;1.35;
sainsburys-vegetable-cup-soup-4x235g;Sainsbury's Vegetable Cup Soup 4x23.5g;£0.70/unit;£0.74/100g;Canned, tinned & packaged foods;soups;56;1.2;10.2;1.4;1.1;0.6;0.5;0.60;
sainsburys-vegetable-curry-400g;Sainsbury's Vegetable Curry 400g;£1.20/unit;£3.00/kg;Canned, tinned & packaged foods;canned-tinned-packaged-hot-meat-meals;80;2.0;10.0;3.6;3.6;0.4;2.2;0.57;
sainsburys-vegetable-fingers-x16-452g;Sainsbury's Vegetable Fingers x16 452g;£1.80/unit;£3.98/kg;Meat free & vegetarian;meat-free-vegetarian;243;4.6;30.0;2.7;10.7;1.2;4.1;0.49;
sainsburys-vegetable-gravy--taste-the-difference-320g;Sainsbury's Onion Gravy, Taste the Difference 320g;£1.50/unit;£0.44/100g;Cooking ingredients & oils;gravy;42;0.8;7.3;2.0;0.9;0.6;0.5;0.83;
sainsburys-vegetable-gravy-granules-170g;Sainsbury's Vegetable Gravy Granules 170g;£0.70/unit;£0.41/100g;Cooking ingredients & oils;gravy;34;0.5;3.2;0.5;2.2;1.3;0.5;0.92;
sainsburys-vegetable-in-chilli-sauce-400g;Sainsbury's Vegetable Chilli 400g;£1.20/unit;£3.00/kg;Canned, tinned & packaged foods;canned-tinned-packaged-hot-meat-meals;74;3.3;9.8;1.6;2.4;0.2;4.1;0.7;
sainsburys-vegetable-jalfrezi-%28spicy---vibrant%29-400g;Sainsbury's Vegetable Jalfrezi 400g;£3.30/unit;£8.25/kg;Ready meals;indian-ready-meals;78;2.0;5.3;4.0;4.5;0.3;4.2;0.50;
sainsburys-vegetable-jalfrezi-%28spicy---vibrant%29-400g;Sainsbury's Vegetable Jalfrezi 400g;£3.30/unit;£8.25/kg;Ready meals;potato-vegetable-side-dishes;78;2.0;5.3;4.0;4.5;0.3;4.2;0.50;
sainsburys-vegetable-jalfrezi-%28spicy---vibrant%29-400g;Sainsbury's Vegetable Jalfrezi 400g;£3.30/unit;£8.25/kg;Vegetarian & meat free;vegetarian-meat-free-ready-meals;78;2.0;5.3;4.0;4.5;0.3;4.2;0.50;
sainsburys-vegetable-lasagne--be-good-to-yourself-400g;Sainsbury's Vegetable Lasagne, Be Good To Yourself 400g;£2.40/unit;£6.00/kg;Ready meals;healthier-choice-ready-meals;83;3.0;11.8;4.4;2.2;0.9;1.7;0.43;
sainsburys-vegetable-lasagne--be-good-to-yourself-400g;Sainsbury's Vegetable Lasagne, Be Good To Yourself 400g;£2.40/unit;£6.00/kg;Ready meals;italian-ready-meals;83;3.0;11.8;4.4;2.2;0.9;1.7;0.43;
sainsburys-vegetable-lasagne--be-good-to-yourself-400g;Sainsbury's Vegetable Lasagne, Be Good To Yourself 400g;£2.40/unit;£6.00/kg;Ready meals;meals-for-1-ready-meals;83;3.0;11.8;4.4;2.2;0.9;1.7;0.43;
sainsburys-vegetable-lasagne--be-good-to-yourself-400g;Sainsbury's Vegetable Lasagne, Be Good To Yourself 400g;£2.40/unit;£6.00/kg;Vegetarian & meat free;vegetarian-meat-free-ready-meals;83;3.0;11.8;4.4;2.2;0.9;1.7;0.43;
sainsburys-vegetable-lasagne-430g;Sainsbury's Vegetable Lasagne 430g;£2.30/unit;£5.35/kg;Ready meals;italian-ready-meals;111;3.6;11.6;4.3;5.2;2.6;null;0.64;
sainsburys-vegetable-lasagne-430g;Sainsbury's Vegetable Lasagne 430g;£2.30/unit;£5.35/kg;Ready meals;meals-for-1-ready-meals;111;3.6;11.6;4.3;5.2;2.6;null;0.64;
sainsburys-vegetable-mash-with-lentil--carrot---courgette-sauce--taste-the-difference-400g;Sainsbury's Vegetable Mash With Lentil, Carrot & Courgette Sauce, Taste the Difference 400g;£3.30/unit;£8.25/kg;Ready meals;meals-for-1-ready-meals;87;2.0;11.2;1.2;2.9;1.2;3.8;0.75;
sainsburys-vegetable-mash-with-lentil--carrot---courgette-sauce--taste-the-difference-400g;Sainsbury's Vegetable Mash With Lentil, Carrot & Courgette Sauce, Taste the Difference 400g;£3.30/unit;£8.25/kg;Ready meals;potato-vegetable-side-dishes;87;2.0;11.2;1.2;2.9;1.2;3.8;0.75;
sainsburys-vegetable-mash-with-lentil--carrot---courgette-sauce--taste-the-difference-400g;Sainsbury's Vegetable Mash With Lentil, Carrot & Courgette Sauce, Taste the Difference 400g;£3.30/unit;£8.25/kg;Ready meals;taste-the-difference-bistro-ready-meals;87;2.0;11.2;1.2;2.9;1.2;3.8;0.75;
sainsburys-vegetable-mash-with-lentil--carrot---courgette-sauce--taste-the-difference-400g;Sainsbury's Vegetable Mash With Lentil, Carrot & Courgette Sauce, Taste the Difference 400g;£3.30/unit;£8.25/kg;Ready meals;vegetarian-ready-meals;87;2.0;11.2;1.2;2.9;1.2;3.8;0.75;
sainsburys-vegetable-mash-with-lentil--carrot---courgette-sauce--taste-the-difference-400g;Sainsbury's Vegetable Mash With Lentil, Carrot & Courgette Sauce, Taste the Difference 400g;£3.30/unit;£8.25/kg;Vegetarian & meat free;vegetarian-meat-free-ready-meals;87;2.0;11.2;1.2;2.9;1.2;3.8;0.75;
sainsburys-vegetable-oil-1l;Sainsbury's Vegetable Oil 1L;£1.20/unit;£0.12/100ml;Cooking ingredients & oils;oils;825;0;0;0;91.7;6.1;0;0;
sainsburys-vegetable-oil-3l;Sainsbury's Vegetable Oil 3L;£3.40/unit;£0.11/100ml;Cooking ingredients & oils;oils;825;0;0;0;91.7;6.1;0;0;
sainsburys-vegetable-pies-x4-600g;Sainsbury's Vegetable Pies x4 600g;£2.00/unit;£0.33/100g;Ready meals & pies;frozen-pies;218;5.8;27.1;2.9;9.2;4.4;1.9;0.52;
sainsburys-vegetable-quarter-pounders-454g;Sainsbury's Vegetable Quarter Pounders 454g;£1.80/unit;£3.96/kg;Meat free & vegetarian;meat-free-vegetarian;221;4.8;26.0;3.0;9.9;1.1;4.4;0.76;
sainsburys-vegetable-ravioli-in-tomato---herb-sauce-400g;Sainsbury's Vegetable Ravioli In Tomato & Herb Sauce 400g;£0.65/unit;£1.63/kg;Canned, tinned & packaged foods;baked-beans-canned-pasta;81;2.8;14.8;3.2;1.3;0.2;1.3;0.58;
sainsburys-vegetable-samosa--basics-80g;Sainsbury's Vegetable Samosa, Basics 80g;£0.50/unit;£6.25/kg;Ready meals;indian-ready-meals;228;4.6;27.5;2.0;10.3;0.8;3.3;0.63;
sainsburys-vegetable-samosa--basics-80g;Sainsbury's Vegetable Samosa, Basics 80g;£0.50/unit;£6.25/kg;Ready meals;potato-vegetable-side-dishes;228;4.6;27.5;2.0;10.3;0.8;3.3;0.63;
sainsburys-vegetable-samosa--basics-80g;Sainsbury's Vegetable Samosa, Basics 80g;£0.50/unit;£6.25/kg;Vegetarian & meat free;vegetarian-meat-free-ready-meals;228;4.6;27.5;2.0;10.3;0.8;3.3;0.63;
sainsburys-vegetable-samosas-%28warm---aromatic%29-x4;Sainsbury's Vegetable Samosas x4;£2.00/unit;£10.00/kg;Ready meals;indian-ready-meals;231;4.2;25.2;2.1;11.7;0.8;4.1;0.83;
sainsburys-vegetable-samosas-%28warm---aromatic%29-x4;Sainsbury's Vegetable Samosas x4;£2.00/unit;£10.00/kg;Ready meals;potato-vegetable-side-dishes;231;4.2;25.2;2.1;11.7;0.8;4.1;0.83;
sainsburys-vegetable-samosas-%28warm---aromatic%29-x4;Sainsbury's Vegetable Samosas x4;£2.00/unit;£10.00/kg;Vegetarian & meat free;vegetarian-meat-free-ready-meals;231;4.2;25.2;2.1;11.7;0.8;4.1;0.83;
sainsburys-vegetable-selection-with-herb-butter-340g-7717361-p-44;Sainsbury's Vegetable Selection With Herb Butter 340g;£2.00/unit;£5.88/kg;Prepared & ready to eat;prepared-vegetables;71;3.1;5.9;3.8;3.2;2.0;3.2;0.18;
sainsburys-vegetable-selection-with-herb-butter-340g;Sainsbury's Vegetable Selection With Herb Butter 340g;£2.00/unit;£5.88/kg;Prepared & ready to eat;prepared-vegetables;74;1.6;8.0;3.2;3.2;2.1;3.4;0.34;
sainsburys-vegetable-selection-with-herb-butter-340g;Sainsbury's Vegetable Selection With Herb Butter 340g;£2.00/unit;£5.88/kg;Ready meals;british-ready-meals;74;1.6;8.0;3.2;3.2;2.1;3.4;0.34;
sainsburys-vegetable-selection-with-herb-butter-340g;Sainsbury's Vegetable Selection With Herb Butter 340g;£2.00/unit;£5.88/kg;Ready meals;potato-vegetable-side-dishes;74;1.6;8.0;3.2;3.2;2.1;3.4;0.34;
sainsburys-vegetable-selection-with-herb-butter-340g;Sainsbury's Vegetable Selection With Herb Butter 340g;£2.00/unit;£5.88/kg;Vegetarian & meat free;coleslaw--olives--salads---dips-30658-44;74;1.6;8.0;3.2;3.2;2.1;3.4;0.34;
sainsburys-vegetable-selection-with-herb-butter-340g;Sainsbury's Vegetable Selection With Herb Butter 340g;£2.00/unit;£5.88/kg;Vegetarian & meat free;vegetarian-meat-free-ready-meals;74;1.6;8.0;3.2;3.2;2.1;3.4;0.34;
sainsburys-vegetable-soup--basics-400g;Sainsbury's Vegetable Soup, Basics 400g;£0.30/unit;£0.08/100g;Canned, tinned & packaged foods;soups;42;1.4;7.4;2.5;0.5;0.1;1.8;0.48;
sainsburys-vegetable-soup--be-good-to-yourself-400g;Sainsbury's Vegetable Soup, Be Good To Yourself 400g;£0.55/unit;£0.14/100g;Canned, tinned & packaged foods;soups;34;1.4;5.6;1.6;0.5;0.1;0.8;0.35;
sainsburys-vegetable-soup-400g;Sainsbury's Vegetable Soup 400g;£0.55/unit;£0.14/100g;Canned, tinned & packaged foods;soups;49;1.5;7.3;3.5;1.2;0.1;1.5;0.50;
sainsburys-vegetable-spring-rolls--basics-120g;Sainsbury's Vegetable Spring Rolls, Basics 120g;£0.50/unit;£4.17/kg;Ready meals;oriental-ready-meals;224;3.2;31.1;4.9;9.5;0.8;0.5;0.79;
sainsburys-vegetable-spring-rolls--basics-120g;Sainsbury's Vegetable Spring Rolls, Basics 120g;£0.50/unit;£4.17/kg;Ready meals;potato-vegetable-side-dishes;224;3.2;31.1;4.9;9.5;0.8;0.5;0.79;
sainsburys-vegetable-spring-rolls--basics-120g;Sainsbury's Vegetable Spring Rolls, Basics 120g;£0.50/unit;£4.17/kg;Vegetarian & meat free;vegetarian-meat-free-ready-meals;224;3.2;31.1;4.9;9.5;0.8;0.5;0.79;
sainsburys-vegetable-spring-rolls-x12-240g;Sainsbury's Vegetable Spring Rolls x12 240g;£2.25/unit;£9.38/kg;Party food;frozen-party-food;229;4.8;26.6;5.1;11.1;4.5;1.9;0.97;
sainsburys-vegetable-spring-rolls-x4-245g;Sainsbury's Vegetable Spring Rolls x4 245g;£2.00/unit;£8.16/kg;Ready meals;oriental-ready-meals;212;3.7;21.8;3.2;11.8;1.6;1.9;0.63;
sainsburys-vegetable-spring-rolls-x4-245g;Sainsbury's Vegetable Spring Rolls x4 245g;£2.00/unit;£8.16/kg;Ready meals;potato-vegetable-side-dishes;212;3.7;21.8;3.2;11.8;1.6;1.9;0.63;
sainsburys-vegetable-spring-rolls-x4-245g;Sainsbury's Vegetable Spring Rolls x4 245g;£2.00/unit;£8.16/kg;Vegetarian & meat free;deli-meat-alternatives;212;3.7;21.8;3.2;11.8;1.6;1.9;0.63;
sainsburys-vegetable-spring-rolls-x4-245g;Sainsbury's Vegetable Spring Rolls x4 245g;£2.00/unit;£8.16/kg;Vegetarian & meat free;vegetarian-meat-free-ready-meals;212;3.7;21.8;3.2;11.8;1.6;1.9;0.63;
sainsburys-vegetable-springrolls-x10-210g;Sainsbury's Vegetable Springrolls x10 210g;£3.00/unit;£14.29/kg;Coleslaw, olives, salads & dips;party-food-128152-44;218;4.8;25.6;5.8;10.6;4.8;0.5;0.62;
sainsburys-vegetable-stewpack-1kg;Sainsbury's Vegetable Stewpack 1kg;£1.50/unit;£1.50/kg;Fruit, vegetables & rice;frozen-vegetables;34;0.7;5.9;5.3;0.5;0.1;2.4;0.08;
sainsburys-vegetable-stock-cubes--basics-10x10g;Sainsbury's Vegetable Stock Cubes, Basics 10x10g;£0.25/unit;£0.25/100g;Cooking ingredients & oils;stock;6;0.5;0.8;0.5;0.5;0.2;0.5;0.83;
sainsburys-vegetable-tomato---mascarpone-pasta-bake-400g;Sainsbury's Vegetable Tomato & Mascarpone Pasta Bake 400g;£2.30/unit;£5.75/kg;Ready meals;healthier-choice-ready-meals;97;3.6;11.5;2.0;3.7;1.8;1.4;0.53;
sainsburys-vegetable-tomato---mascarpone-pasta-bake-400g;Sainsbury's Vegetable Tomato & Mascarpone Pasta Bake 400g;£2.30/unit;£5.75/kg;Ready meals;italian-ready-meals;97;3.6;11.5;2.0;3.7;1.8;1.4;0.53;
sainsburys-vegetable-tomato---mascarpone-pasta-bake-400g;Sainsbury's Vegetable Tomato & Mascarpone Pasta Bake 400g;£2.30/unit;£5.75/kg;Ready meals;meals-for-1-ready-meals;97;3.6;11.5;2.0;3.7;1.8;1.4;0.53;
sainsburys-vegetable-tomato---mascarpone-pasta-bake-400g;Sainsbury's Vegetable Tomato & Mascarpone Pasta Bake 400g;£2.30/unit;£5.75/kg;Ready meals;vegetarian-ready-meals;97;3.6;11.5;2.0;3.7;1.8;1.4;0.53;
sainsburys-vegetable-tomato---mascarpone-pasta-bake-400g;Sainsbury's Vegetable Tomato & Mascarpone Pasta Bake 400g;£2.30/unit;£5.75/kg;Vegetarian & meat free;vegetarian-meat-free-ready-meals;97;3.6;11.5;2.0;3.7;1.8;1.4;0.53;
sainsburys-vegetarian-catalan-bean-stew-400g;Sainsbury's Vegetarian Catalan Bean Casserole 400g;£2.30/unit;£5.75/kg;Ready meals;healthier-choice-ready-meals;79;2.2;13.7;2.5;0.8;0.1;4.2;0.48;
sainsburys-vegetarian-catalan-bean-stew-400g;Sainsbury's Vegetarian Catalan Bean Casserole 400g;£2.30/unit;£5.75/kg;Ready meals;meals-for-1-ready-meals;79;2.2;13.7;2.5;0.8;0.1;4.2;0.48;
sainsburys-vegetarian-catalan-bean-stew-400g;Sainsbury's Vegetarian Catalan Bean Casserole 400g;£2.30/unit;£5.75/kg;Ready meals;mediterranean-other-cuisine-ready-meals;79;2.2;13.7;2.5;0.8;0.1;4.2;0.48;
sainsburys-vegetarian-catalan-bean-stew-400g;Sainsbury's Vegetarian Catalan Bean Casserole 400g;£2.30/unit;£5.75/kg;Ready meals;vegetarian-ready-meals;79;2.2;13.7;2.5;0.8;0.1;4.2;0.48;
sainsburys-vegetarian-catalan-bean-stew-400g;Sainsbury's Vegetarian Catalan Bean Casserole 400g;£2.30/unit;£5.75/kg;Vegetarian & meat free;vegetarian-meat-free-ready-meals;79;2.2;13.7;2.5;0.8;0.1;4.2;0.48;
sainsburys-vegetarian-cottage-pie-400g;Sainsbury's Vegetarian Cottage Pie 400g;£2.30/unit;£5.75/kg;Ready meals;british-ready-meals;102;2.3;13.6;2.6;3.3;1.4;4.5;0.63;
sainsburys-vegetarian-cottage-pie-400g;Sainsbury's Vegetarian Cottage Pie 400g;£2.30/unit;£5.75/kg;Ready meals;healthier-choice-ready-meals;102;2.3;13.6;2.6;3.3;1.4;4.5;0.63;
sainsburys-vegetarian-cottage-pie-400g;Sainsbury's Vegetarian Cottage Pie 400g;£2.30/unit;£5.75/kg;Ready meals;meals-for-1-ready-meals;102;2.3;13.6;2.6;3.3;1.4;4.5;0.63;
sainsburys-vegetarian-cottage-pie-400g;Sainsbury's Vegetarian Cottage Pie 400g;£2.30/unit;£5.75/kg;Ready meals;vegetarian-ready-meals;102;2.3;13.6;2.6;3.3;1.4;4.5;0.63;
sainsburys-vegetarian-cottage-pie-400g;Sainsbury's Vegetarian Cottage Pie 400g;£2.30/unit;£5.75/kg;Vegetarian & meat free;vegetarian-meat-free-ready-meals;102;2.3;13.6;2.6;3.3;1.4;4.5;0.63;
sainsburys-vegetarian-cumberland-sausage-264g;Sainsbury's Vegetarian Cumberland Sausage 264g;£1.80/unit;£6.82/kg;Meat free & vegetarian;meat-free-vegetarian;181;16.3;3.7;1.4;10.7;0.8;2.3;1.00;
sainsburys-vegetarian-hot-dog-270g;Sainsbury's Vegetarian Hot Dog 270g;£1.80/unit;£6.67/kg;Meat free & vegetarian;meat-free-vegetarian;240;17.4;3.8;1.5;16.8;1.4;2.0;1.30;
sainsburys-vegetarian-lasagne-400g-7718082-p-44;Sainsbury's Vegetarian Lasagne 400g;£1.80/unit;£4.50/kg;Meat free & vegetarian;meat-free-vegetarian;88;3.0;12.2;2.8;2.6;1.3;1.7;0.44;
sainsburys-vegetarian-pork-style-sausages-264g;Sainsbury's Vegetarian Pork Style Sausages 264g;£1.80/unit;£6.82/kg;Meat free & vegetarian;meat-free-vegetarian;179;15.8;3.5;1.1;10.6;0.8;3.2;1.02;
sainsburys-vegetarian-smoky-bacon-rashers-150g;Sainsbury's Vegetarian Smoky Bacon Rashers 150g;£1.80/unit;£12.00/kg;Meat free & vegetarian;meat-free-vegetarian;309;24.6;2.2;1.0;21.6;1.8;3.3;2.50;
sainsburys-vegetarian-spaghetti-bolognese-415g;Sainsbury's Vegetarian Spaghetti Bolognese 415g;£0.65/unit;£1.57/kg;Canned, tinned & packaged foods;baked-beans-canned-pasta;65;2.8;12.4;4.0;0.5;0.1;0.9;0.80;
sainsburys-venison-burgers-x-2--taste-the-difference-227g;Sainsbury's Venison Burgers, Taste the Difference x2 227g;£3.00/unit;£13.22/kg;Burgers & BBQ;burgers-bbq;145;21.1;2.8;0.5;5.0;1.3;0.5;0.11;
sainsburys-venison-burgers-x-2--taste-the-difference-227g;Sainsbury's Venison Burgers, Taste the Difference x2 227g;£3.00/unit;£13.22/kg;Duck & game;duck-game;145;21.1;2.8;0.5;5.0;1.3;0.5;0.11;
sainsburys-venison-burgers-x-2--taste-the-difference-227g;Sainsbury's Venison Burgers, Taste the Difference x2 227g;£3.00/unit;£13.22/kg;Organic & Taste the Difference;organic-taste-the-difference;145;21.1;2.8;0.5;5.0;1.3;0.5;0.11;
sainsburys-ventresca-tuna-filets-in-olive-oil--taste-the-difference-115g;Sainsbury's Ventresca Tuna Fillets In Olive Oil, Taste the Difference 115g (80g*);£3.30/unit;£4.13/100g;Canned, tinned & packaged foods;canned-tinned-packaged-fish;208;26.0;0;0;11.5;2.2;0;0.89;
sainsburys-very-berry-cheesecake--be-good-to-yourself-90g;Sainsbury's Very Berry Cheesecake, Be Good To Yourself 90g;£1.10/unit;£1.22/100g;Desserts & cream;desserts;158;4.4;29.2;18.3;2.3;1.0;1.4;0.28;
sainsburys-very-strong-canadian-bread-flour--taste-the-difference-1kg;Sainsbury's Very Strong Canadian Bread Flour, Taste the Difference 1kg;£0.80/unit;£0.80/kg;Sugar & home baking;flour;340;14.8;67.3;1.4;1.3;0.3;3.0;0;
sainsburys-victoria-fairy-cakes-x6;Sainsbury's Victoria Fairy Cakes x6;£1.80/unit;£0.30/ea;Cakes;muffins-small-cakes;436;3.7;56.1;33.9;21.5;4.0;1.3;0.53;
sainsburys-victoria-sponge-cake--taste-the-difference-5;Sainsbury's Victoria Sponge Cake, Taste the Difference 5'';£2.65/unit;£0.77/100g;Cakes;sponge-slab-loaf-cakes;399;4.8;53.0;23.4;18.3;5.2;1.3;0.54;
sainsburys-victoria-sponge-cake--taste-the-difference-5;Sainsbury's Victoria Sponge Cake, Taste the Difference 5'';£2.65/unit;£0.77/100g;Cakes;taste-the-difference;399;4.8;53.0;23.4;18.3;5.2;1.3;0.54;
sainsburys-victoria-sponge-kit-580g;Sainsbury's Victoria Sponge Kit 580g;£1.90/unit;£3.28/kg;Sugar & home baking;cake-sweet-mixes;380;4.4;56.6;37.6;14.9;8.7;1.0;0.30;
sainsburys-victoria-sponge-with-strawberry-conserve---cream-330g;Sainsbury's Victoria Sponge With Strawberry Conserve & Cream 330g;£2.50/unit;£0.74/100g;Desserts & cream;desserts;360;3.6;41;34;20;13;1.7;0.53;
sainsburys-vine-ripened-tomatoes-250g;Sainsbury's Vine Ripened Tomatoes 250g;£1.20/unit;£4.80/kg;Fresh salad;fresh-salad-tomatoes;20;0.7;3.1;3.1;0.5;0.1;1.0;0.02;
sainsburys-vine-ripened-tomatoes-250g;Sainsbury's Vine Ripened Tomatoes 250g;£1.20/unit;£4.80/kg;Fresh vegetables;fresh-vegetables-tomatoes;20;0.7;3.1;3.1;0.5;0.1;1.0;0.02;
sainsburys-vine-tomatoes--so-organic-400g;Sainsbury's Vine Tomatoes, SO Organic 400g;£2.00/unit;£5.00/kg;Fresh salad;fresh-salad-tomatoes;20;0.7;3.1;3.1;0.5;0.1;1.0;0.02;
sainsburys-vine-tomatoes--so-organic-400g;Sainsbury's Vine Tomatoes, SO Organic 400g;£2.00/unit;£5.00/kg;Fresh vegetables;fresh-vegetables-tomatoes;20;0.7;3.1;3.1;0.5;0.1;1.0;0.02;
sainsburys-vine-tomatoes--so-organic-400g;Sainsbury's Vine Tomatoes, SO Organic 400g;£2.00/unit;£5.00/kg;Organic;organic;20;0.7;3.1;3.1;0.5;0.1;1.0;0.02;
sainsburys-vinegar--basics-568ml;Sainsbury's Vinegar, Basics 568ml;£0.40/unit;£0.70/ltr;Vinegar, pickles, olives & antipasti;vinegar;20;0.5;0.5;0.5;0.5;0.1;0.5;0.03;
sainsburys-vittoria-tomatoes--taste-the-difference-270g;Sainsbury's Vittoria Tomatoes, Taste the Difference 270g;£1.90/unit;£7.04/kg;Fresh salad;fresh-salad-tomatoes;20;0.7;3.0;3.0;0.5;0.1;1.0;0.02;
sainsburys-vittoria-tomatoes--taste-the-difference-270g;Sainsbury's Vittoria Tomatoes, Taste the Difference 270g;£1.90/unit;£7.04/kg;Fresh vegetables;baby-vegetables;20;0.7;3.0;3.0;0.5;0.1;1.0;0.02;
sainsburys-vittoria-tomatoes--taste-the-difference-270g;Sainsbury's Vittoria Tomatoes, Taste the Difference 270g;£1.90/unit;£7.04/kg;Fresh vegetables;fresh-vegetables-tomatoes;20;0.7;3.0;3.0;0.5;0.1;1.0;0.02;
sainsburys-vittoria-tomatoes--taste-the-difference-270g;Sainsbury's Vittoria Tomatoes, Taste the Difference 270g;£1.90/unit;£7.04/kg;Taste the Difference;taste-the-difference-185761-44;20;0.7;3.0;3.0;0.5;0.1;1.0;0.02;
sainsburys-vittoria-tomatoes--taste-the-difference-400g;Sainsbury's Vittoria Tomatoes, Taste The Difference 400g;£2.70/unit;£6.75/kg;Fresh salad;fresh-salad-tomatoes;20;0.7;3.0;3.0;0.5;0.1;1.0;0.02;
sainsburys-vittoria-tomatoes--taste-the-difference-400g;Sainsbury's Vittoria Tomatoes, Taste The Difference 400g;£2.70/unit;£6.75/kg;Fresh vegetables;baby-vegetables;20;0.7;3.0;3.0;0.5;0.1;1.0;0.02;
sainsburys-vittoria-tomatoes--taste-the-difference-400g;Sainsbury's Vittoria Tomatoes, Taste The Difference 400g;£2.70/unit;£6.75/kg;Fresh vegetables;fresh-vegetables-tomatoes;20;0.7;3.0;3.0;0.5;0.1;1.0;0.02;
sainsburys-vittoria-tomatoes--taste-the-difference-400g;Sainsbury's Vittoria Tomatoes, Taste The Difference 400g;£2.70/unit;£6.75/kg;Taste the Difference;taste-the-difference-185761-44;20;0.7;3.0;3.0;0.5;0.1;1.0;0.02;
sainsburys-vivaldi-baking-potatoes--taste-the-difference-x4;Sainsbury's Vivaldi Baking Potatoes, Taste the Difference x4;£1.00/unit;£1.43/kg;Fresh vegetables;potatoes;140;3.8;31.0;2.4;0.2;0;2.7;0.03;
sainsburys-vivaldi-baking-potatoes--taste-the-difference-x4;Sainsbury's Vivaldi Baking Potatoes, Taste the Difference x4;£1.00/unit;£1.43/kg;Taste the Difference;taste-the-difference-185761-44;140;3.8;31.0;2.4;0.2;0;2.7;0.03;
sainsburys-vivaldi-salad-potatoes--taste-the-difference-1kg;Sainsbury's Vivaldi Salad Potatoes, Taste the Difference 1kg;£2.00/unit;£2.00/kg;Fresh vegetables;baby-vegetables;81;1.8;17.5;0.8;0.5;0.1;1.6;100;
sainsburys-vivaldi-salad-potatoes--taste-the-difference-1kg;Sainsbury's Vivaldi Salad Potatoes, Taste the Difference 1kg;£2.00/unit;£2.00/kg;Fresh vegetables;potatoes;81;1.8;17.5;0.8;0.5;0.1;1.6;100;
sainsburys-vivaldi-salad-potatoes--taste-the-difference-1kg;Sainsbury's Vivaldi Salad Potatoes, Taste the Difference 1kg;£2.00/unit;£2.00/kg;Taste the Difference;taste-the-difference-185761-44;81;1.8;17.5;0.8;0.5;0.1;1.6;100;
sainsburys-vivaldi-white-potatoes--taste-the-difference-2kg;Sainsbury's Vivaldi White Potatoes, Taste the Difference 2kg;£2.00/unit;£1.00/kg;Fresh vegetables;potatoes;81;1.8;17.5;0.8;0.5;0.1;1.6;100;
sainsburys-vivaldi-white-potatoes--taste-the-difference-2kg;Sainsbury's Vivaldi White Potatoes, Taste the Difference 2kg;£2.00/unit;£1.00/kg;Taste the Difference;taste-the-difference-185761-44;81;1.8;17.5;0.8;0.5;0.1;1.6;100;
sainsburys-vol-au-vents--taste-the-difference-100g;Sainsbury's Vol-au-vents, Taste the Difference 100g;£2.00/unit;£1.74/100g;Sugar & home baking;pastry-savoury-mixes;551;8.8;52.8;1.6;33.3;21.1;2.5;0.50;
sainsburys-wafer-thin-chicken-slices-200g;Sainsbury's British Cooked Chicken Wafer Thin Sliced 200g;£1.50/unit;£0.75/100g;Cooked meats & snacking;mfp-cooked-chicken-turkey;124;19.5;2.7;0.5;3.9;1.3;0.5;1.50;
sainsburys-wafer-thin-chicken-slices-200g;Sainsbury's British Cooked Chicken Wafer Thin Sliced 200g;£1.50/unit;£0.75/100g;Cooked meats, pate & sandwich fillers;cooked-chicken-turkey;124;19.5;2.7;0.5;3.9;1.3;0.5;1.50;
sainsburys-wafer-thin-chicken-slices-400g;Sainsbury's British Cooked Chicken Wafer Thin Sliced 400g;£2.50/unit;£0.63/100g;Cooked meats & snacking;mfp-cooked-chicken-turkey;124;19.5;2.7;0.5;3.9;1.3;0.5;1.50;
sainsburys-wafer-thin-chicken-slices-400g;Sainsbury's British Cooked Chicken Wafer Thin Sliced 400g;£2.50/unit;£0.63/100g;Cooked meats, pate & sandwich fillers;cooked-chicken-turkey;124;19.5;2.7;0.5;3.9;1.3;0.5;1.50;
sainsburys-wafer-thin-honey-cured-ham-200g;Sainsbury's British Honey Cured Ham Wafer Thin Sliced 200g;£1.50/unit;£0.75/100g;Cooked meats & snacking;ham-82654-44;107;16.3;2.0;2.0;3.8;1.5;0.5;1.80;
sainsburys-wafer-thin-honey-cured-ham-200g;Sainsbury's British Honey Cured Ham Wafer Thin Sliced 200g;£1.50/unit;£0.75/100g;Cooked meats, pate & sandwich fillers;ham;107;16.3;2.0;2.0;3.8;1.5;0.5;1.80;
sainsburys-wafer-thin-honey-roast-ham-120g;Sainsbury's British Honey Roast Ham Wafer Thin Sliced 120g;£2.00/unit;£1.67/100g;Cooked meats & snacking;ham-82654-44;120;22.3;1.4;1.4;2.8;1.0;0.5;1.63;
sainsburys-wafer-thin-honey-roast-ham-120g;Sainsbury's British Honey Roast Ham Wafer Thin Sliced 120g;£2.00/unit;£1.67/100g;Cooked meats, pate & sandwich fillers;ham;120;22.3;1.4;1.4;2.8;1.0;0.5;1.63;
sainsburys-walnut-cake;Sainsbury's Walnut Cake;£1.30/unit;£0.43/100g;Cakes;sponge-slab-loaf-cakes;398;5.2;53.0;33.0;18.1;7.3;1.3;0.50;
sainsburys-walnut-cob--taste-the-difference-400g;Sainsbury's Walnut Cob, Taste the Difference 400g;£1.25/unit;£0.32/100g;Bread;bread-from-our-bakery2;null;null;null;null;null;null;null;null;
sainsburys-walnut-cob--taste-the-difference-400g;Sainsbury's Walnut Cob, Taste the Difference 400g;£1.25/unit;£0.32/100g;From our in store bakery;bread-from-our-bakery;null;null;null;null;null;null;null;null;
sainsburys-walnut-oil-250ml;Sainsbury's Walnut Oil 250ml;£1.65/unit;£0.66/100ml;Cooking ingredients & oils;oils;829;0.5;0.5;0.5;92.1;8.4;0.5;0.01;
sainsburys-walnuts--halves-100g;Sainsbury's Walnuts, Halves 100g;£1.35/unit;£1.35/100g;Sugar & home baking;nuts---seeds;705;17.3;3.1;2.5;68.5;5.6;3.5;0.02;
sainsburys-walnuts--pieces-200g;Sainsbury's Walnuts, Pieces 200g;£2.40/unit;£1.20/100g;Sugar & home baking;nuts---seeds;705;17.3;3.1;2.5;68.5;5.6;3.5;0.02;
sainsburys-wasabi-peas-200g;Sainsbury's Wasabi Peas 200g;£2.00/unit;£1.00/100g;Crisps, nuts & snacking fruit;snacking-fruit-seeds;406;15.3;46.5;9.6;13.6;4.9;18.0;1.35;
sainsburys-water-biscuits--high-bake-200g;Sainsbury's Water Biscuits, High Bake 200g;£0.80/unit;£0.40/100g;Biscuits & crackers;crackers-savoury-biscuits;412;10.1;75.0;1.8;7.1;3.0;4.2;1.12;
sainsburys-watercress--so-organic-75g;Sainsbury's Watercress, SO Organic 75g;£1.30/unit;£1.73/100g;Fresh salad;fresh-salad-prepared-ready-to-eat;21;2.8;0.6;0.5;0.5;0.1;1.4;0.22;
sainsburys-watercress--so-organic-75g;Sainsbury's Watercress, SO Organic 75g;£1.30/unit;£1.73/100g;Fresh salad;salad-bags;21;2.8;0.6;0.5;0.5;0.1;1.4;0.22;
sainsburys-watercress--so-organic-75g;Sainsbury's Watercress, SO Organic 75g;£1.30/unit;£1.73/100g;Organic;organic;21;2.8;0.6;0.5;0.5;0.1;1.4;0.22;
sainsburys-watercress--so-organic-75g;Sainsbury's Watercress, SO Organic 75g;£1.30/unit;£1.73/100g;Prepared & ready to eat;prepared-salad-herbs;21;2.8;0.6;0.5;0.5;0.1;1.4;0.22;
sainsburys-watercress--spinach---rocket--so-organic-100g;Sainsbury's Watercress, Spinach & Rocket, SO Organic 100g;£1.75/unit;£1.75/100g;Fresh salad;fresh-salad-prepared-ready-to-eat;25;3.0;1.0;0.5;0.6;0.1;1.7;0.25;
sainsburys-watercress--spinach---rocket--so-organic-100g;Sainsbury's Watercress, Spinach & Rocket, SO Organic 100g;£1.75/unit;£1.75/100g;Fresh salad;salad-bags;25;3.0;1.0;0.5;0.6;0.1;1.7;0.25;
sainsburys-watercress--spinach---rocket--so-organic-100g;Sainsbury's Watercress, Spinach & Rocket, SO Organic 100g;£1.75/unit;£1.75/100g;Organic;organic;25;3.0;1.0;0.5;0.6;0.1;1.7;0.25;
sainsburys-watercress--spinach---rocket--so-organic-100g;Sainsbury's Watercress, Spinach & Rocket, SO Organic 100g;£1.75/unit;£1.75/100g;Prepared & ready to eat;prepared-salad-herbs;25;3.0;1.0;0.5;0.6;0.1;1.7;0.25;
sainsburys-watercress--spinach---rocket-170g;Sainsbury's Watercress, Spinach & Rocket 170g;£2.00/unit;£1.18/100g;Fresh salad;fresh-salad-prepared-ready-to-eat;25;3.0;1.0;0.5;0.6;0.1;1.7;0.25;
sainsburys-watercress--spinach---rocket-170g;Sainsbury's Watercress, Spinach & Rocket 170g;£2.00/unit;£1.18/100g;Fresh salad;salad-bags;25;3.0;1.0;0.5;0.6;0.1;1.7;0.25;
sainsburys-watercress--spinach---rocket-170g;Sainsbury's Watercress, Spinach & Rocket 170g;£2.00/unit;£1.18/100g;Prepared & ready to eat;prepared-salad-herbs;25;3.0;1.0;0.5;0.6;0.1;1.7;0.25;
sainsburys-watercress--spinach---rocket-salad-100g;Sainsbury's Watercress, Spinach & Rocket Salad 100g;£1.50/unit;£1.50/100g;Fresh salad;fresh-salad-prepared-ready-to-eat;25;3.0;1.0;0.5;0.6;0.1;1.7;0.25;
sainsburys-watercress--spinach---rocket-salad-100g;Sainsbury's Watercress, Spinach & Rocket Salad 100g;£1.50/unit;£1.50/100g;Fresh salad;salad-bags;25;3.0;1.0;0.5;0.6;0.1;1.7;0.25;
sainsburys-watercress--spinach---rocket-salad-100g;Sainsbury's Watercress, Spinach & Rocket Salad 100g;£1.50/unit;£1.50/100g;Prepared & ready to eat;prepared-salad-herbs;25;3.0;1.0;0.5;0.6;0.1;1.7;0.25;
sainsburys-watercress-sauce-300g;Sainsbury's Watercress Sauce 300g;£1.50/unit;£0.50/100g;Fish & seafood;filleted-whole-fish;87;2.8;4.2;2.6;6.4;4.0;0.5;0.75;
sainsburys-watercress-sauce-300g;Sainsbury's Watercress Sauce 300g;£1.50/unit;£0.50/100g;Fish & seafood;fuss-free-fish;87;2.8;4.2;2.6;6.4;4.0;0.5;0.75;
sainsburys-watercress-sauce-300g;Sainsbury's Watercress Sauce 300g;£1.50/unit;£0.50/100g;Just Cook, prepared & sauces;stock---gravy;87;2.8;4.2;2.6;6.4;4.0;0.5;0.75;
sainsburys-watercress-twin-pack-2x35g;Sainsbury's Watercress Baby Leaf Twin Pack 2x40g;£1.00/unit;£1.43/100g;Fresh salad;fresh-salad-prepared-ready-to-eat;21;2.8;0.6;0.5;0.5;0.1;1.4;0.22;
sainsburys-watercress-twin-pack-2x35g;Sainsbury's Watercress Baby Leaf Twin Pack 2x40g;£1.00/unit;£1.43/100g;Fresh salad;salad-bags;21;2.8;0.6;0.5;0.5;0.1;1.4;0.22;
sainsburys-watercress-twin-pack-2x35g;Sainsbury's Watercress Baby Leaf Twin Pack 2x40g;£1.00/unit;£1.43/100g;Prepared & ready to eat;prepared-salad-herbs;21;2.8;0.6;0.5;0.5;0.1;1.4;0.22;
sainsburys-watermelon-%28each%29;Sainsbury's Watermelon (each);£3.00/unit;£3.00/ea;Fresh fruit;melon-pineapple-kiwi;null;null;null;null;null;null;null;null;
sainsburys-watermelon--mango---red-grape-240g;Sainsbury's Watermelon, Mango & Red Grape 240g;£2.00/unit;£8.33/kg;Fresh fruit;bananas-grapes;51;0.5;11.2;11.1;0.5;0.1;1.0;0.01;
sainsburys-watermelon--mango---red-grape-240g;Sainsbury's Watermelon, Mango & Red Grape 240g;£2.00/unit;£8.33/kg;Fresh fruit;melon-pineapple-kiwi;51;0.5;11.2;11.1;0.5;0.1;1.0;0.01;
sainsburys-watermelon--mango---red-grape-240g;Sainsbury's Watermelon, Mango & Red Grape 240g;£2.00/unit;£8.33/kg;Prepared & ready to eat;prepared-fruit;51;0.5;11.2;11.1;0.5;0.1;1.0;0.01;
sainsburys-watermelon-wedge-220g;Sainsbury's Watermelon Wedge 220g;£1.00/unit;£4.55/kg;Fresh fruit;melon-pineapple-kiwi;35;0.6;7.6;6.2;0.5;0.1;0.5;0.01;
sainsburys-watermelon-wedge-220g;Sainsbury's Watermelon Wedge 220g;£1.00/unit;£4.55/kg;Prepared & ready to eat;prepared-fruit;35;0.6;7.6;6.2;0.5;0.1;0.5;0.01;
sainsburys-weekend-granola--taste-the-difference-500g;Sainsbury's Weekend Granola, Taste the Difference 500g;£2.60/unit;£0.52/100g;Breakfast cereals;muesli-granola-clusters;454;9.7;58.3;20.5;18.6;5.9;7.3;0;
sainsburys-well-fired-loaf--taste-the-difference-400g;Sainsbury's Well Fired Loaf, Taste the Difference 400g;£1.00/unit;£0.25/100g;Bread;bread-from-our-bakery2;null;null;null;null;null;null;null;null;
sainsburys-well-fired-loaf--taste-the-difference-400g;Sainsbury's Well Fired Loaf, Taste the Difference 400g;£1.00/unit;£0.25/100g;From our in store bakery;bread-from-our-bakery;null;null;null;null;null;null;null;null;
sainsburys-welsh-hill-lamb-carvery-leg--taste-the-difference-%28approx-119kg%29;Sainsbury's Lamb Carvery Leg, Taste the Difference (approx. 1.25kg);£12.50/kg;£12.50/kg;Lamb;lamb;239;17.6;0.5;0.5;18.7;9.5;0.5;0.22;
sainsburys-welsh-hill-lamb-carvery-leg--taste-the-difference-%28approx-119kg%29;Sainsbury's Lamb Carvery Leg, Taste the Difference (approx. 1.25kg);£12.50/kg;£12.50/kg;Organic & Taste the Difference;organic-taste-the-difference;239;17.6;0.5;0.5;18.7;9.5;0.5;0.22;
sainsburys-welsh-hill-lamb-cutlets--taste-the-difference-%28approx-250g%29;Sainsbury's Welsh Hill Lamb Cutlets, Taste the Difference (approx. 250g);£22.00/kg;£22.00/kg;Lamb;lamb;234;17.3;3.0;0.5;17.0;7.8;0.5;0.25;
sainsburys-welsh-hill-lamb-cutlets--taste-the-difference-%28approx-250g%29;Sainsbury's Welsh Hill Lamb Cutlets, Taste the Difference (approx. 250g);£22.00/kg;£22.00/kg;Organic & Taste the Difference;organic-taste-the-difference;234;17.3;3.0;0.5;17.0;7.8;0.5;0.25;
sainsburys-welsh-slate-cavern-aged-cheddar--taste-the-difference-200g;Sainsbury's Welsh Slate Cavern Aged Cheddar, Taste the Difference 200g;£2.50/unit;£12.50/kg;Cheese;cheddar-british-regional-cheese;405;23.8;3.0;0.5;33.0;20.1;0.5;1.78;
sainsburys-welsh-slate-cavern-aged-cheddar--taste-the-difference-200g;Sainsbury's Welsh Slate Cavern Aged Cheddar, Taste the Difference 200g;£2.50/unit;£12.50/kg;Cheese;organic-taste-the-difference-cheese;405;23.8;3.0;0.5;33.0;20.1;0.5;1.78;
sainsburys-wensleydale---apricot-200g;Sainsbury's Wensleydale & Apricot 200g;£2.00/unit;£10.00/kg;Cheese;cheddar-british-regional-cheese;345;18.3;14.6;14.6;23.4;15.4;1.6;0.95;
sainsburys-wensleydale--so-organic-270g;Sainsbury's Wensleydale, SO Organic 270g;£2.50/unit;£9.26/kg;Cheese;cheddar-british-regional-cheese;375;22.8;0.5;0.5;31.5;19.7;0.5;1.35;
sainsburys-wensleydale--so-organic-270g;Sainsbury's Wensleydale, SO Organic 270g;£2.50/unit;£9.26/kg;Cheese;cheeseboard-delights;375;22.8;0.5;0.5;31.5;19.7;0.5;1.35;
sainsburys-wensleydale--so-organic-270g;Sainsbury's Wensleydale, SO Organic 270g;£2.50/unit;£9.26/kg;Cheese;organic-taste-the-difference-cheese;375;22.8;0.5;0.5;31.5;19.7;0.5;1.35;
sainsburys-wensleydale--taste-the-difference-240g;Sainsbury's Wensleydale, Taste the Difference 240g;£3.00/unit;£12.50/kg;Cheese;cheddar-british-regional-cheese;375;22.8;0.5;0.5;31.5;19.7;0.5;1.30;
sainsburys-wensleydale--taste-the-difference-240g;Sainsbury's Wensleydale, Taste the Difference 240g;£3.00/unit;£12.50/kg;Cheese;cheeseboard-delights;375;22.8;0.5;0.5;31.5;19.7;0.5;1.30;
sainsburys-wensleydale--taste-the-difference-240g;Sainsbury's Wensleydale, Taste the Difference 240g;£3.00/unit;£12.50/kg;Cheese;organic-taste-the-difference-cheese;375;22.8;0.5;0.5;31.5;19.7;0.5;1.30;
sainsburys-wensleydale-with-cranberries-200g;Sainsbury's Wensleydale With Cranberries 200g;£2.00/unit;£10.00/kg;Cheese;cheddar-british-regional-cheese;376;20.5;10.3;8.8;27.9;16.9;0.7;1.30;
sainsburys-wensleydale-with-cranberries-200g;Sainsbury's Wensleydale With Cranberries 200g;£2.00/unit;£10.00/kg;Cheese;cheeseboard-delights;376;20.5;10.3;8.8;27.9;16.9;0.7;1.30;
sainsburys-west-country-cheddar-coleslaw--taste-the-difference-300g;Sainsbury's West Country Cheddar Coleslaw, Taste the Difference 300g;£1.80/unit;£0.60/100g;Coleslaw, olives, salads & dips;coleslaw-salads;314;4.1;6.6;4.6;29.9;5.4;1.3;1.02;
sainsburys-west-country-cheddar-coleslaw--taste-the-difference-300g;Sainsbury's West Country Cheddar Coleslaw, Taste the Difference 300g;£1.80/unit;£0.60/100g;Fresh salad;dressings-coleslaw-accompaniments;314;4.1;6.6;4.6;29.9;5.4;1.3;1.02;
sainsburys-west-country-cheddar-coleslaw--taste-the-difference-300g;Sainsbury's West Country Cheddar Coleslaw, Taste the Difference 300g;£1.80/unit;£0.60/100g;Prepared & ready to eat;prepared-salad-herbs;314;4.1;6.6;4.6;29.9;5.4;1.3;1.02;
sainsburys-west-country-cheddar-coleslaw--taste-the-difference-300g;Sainsbury's West Country Cheddar Coleslaw, Taste the Difference 300g;£1.80/unit;£0.60/100g;Vegetarian & meat free;coleslaw--olives--salads---dips-30658-44;314;4.1;6.6;4.6;29.9;5.4;1.3;1.02;
sainsburys-west-country-farmhouse-extra-mature-cheddar--taste-the-difference-250g;Sainsbury's West Country Farmhouse Extra Mature Cheddar, Taste the Difference 250g;£2.75/unit;£11.00/kg;Cheese;cheddar-british-regional-cheese;410;25.0;0.5;0.5;34.4;21.7;0.5;1.68;
sainsburys-west-country-farmhouse-extra-mature-cheddar--taste-the-difference-250g;Sainsbury's West Country Farmhouse Extra Mature Cheddar, Taste the Difference 250g;£2.75/unit;£11.00/kg;Cheese;cheeseboard-delights;410;25.0;0.5;0.5;34.4;21.7;0.5;1.68;
sainsburys-west-country-farmhouse-extra-mature-cheddar--taste-the-difference-250g;Sainsbury's West Country Farmhouse Extra Mature Cheddar, Taste the Difference 250g;£2.75/unit;£11.00/kg;Cheese;organic-taste-the-difference-cheese;410;25.0;0.5;0.5;34.4;21.7;0.5;1.68;
sainsburys-west-country-farmhouse-extra-mature-cheddar--taste-the-difference-400g;Sainsbury's West Country Farmhouse Extra Mature Cheddar, Taste the Difference 400g;£3.50/unit;£8.75/kg;Cheese;cheddar-british-regional-cheese;410;25.0;0.5;0.5;34.4;21.7;0.5;1.68;
sainsburys-west-country-farmhouse-extra-mature-cheddar--taste-the-difference-400g;Sainsbury's West Country Farmhouse Extra Mature Cheddar, Taste the Difference 400g;£3.50/unit;£8.75/kg;Cheese;cheeseboard-delights;410;25.0;0.5;0.5;34.4;21.7;0.5;1.68;
sainsburys-west-country-farmhouse-extra-mature-cheddar--taste-the-difference-400g;Sainsbury's West Country Farmhouse Extra Mature Cheddar, Taste the Difference 400g;£3.50/unit;£8.75/kg;Cheese;organic-taste-the-difference-cheese;410;25.0;0.5;0.5;34.4;21.7;0.5;1.68;
sainsburys-west-country-farmhouse-mature-cheddar-270g;Sainsbury's West Country Farmhouse Mature Cheddar 270g;£2.15/unit;£7.96/kg;Cheese;cheddar-british-regional-cheese;410;25.0;0.5;0.5;34.4;21.7;0.5;1.68;
sainsburys-west-country-farmhouse-mature-cheddar-cheese-400g;Sainsbury's West Country Farmhouse Mature Cheddar Cheese 400g;£3.00/unit;£7.50/kg;Cheese;cheddar-british-regional-cheese;410;25.0;0.5;0.5;34.4;21.7;0.5;1.68;
sainsburys-west-country-farmhouse-mature-cheddar-cheese-400g;Sainsbury's West Country Farmhouse Mature Cheddar Cheese 400g;£3.00/unit;£7.50/kg;Cheese;cheeseboard-delights;410;25.0;0.5;0.5;34.4;21.7;0.5;1.68;
sainsburys-westmoreland-ham--taste-the-difference-120g;Sainsbury's Westmoreland Ham, Taste the Difference 120g;£3.00/unit;£2.50/100g;Cooked meats & snacking;ham-82654-44;197;22.7;1.6;1.5;11.1;3.8;0.5;1.55;
sainsburys-westmoreland-ham--taste-the-difference-120g;Sainsbury's Westmoreland Ham, Taste the Difference 120g;£3.00/unit;£2.50/100g;Cooked meats & snacking;mfp-cooked-meats-snacking-taste-the-difference;197;22.7;1.6;1.5;11.1;3.8;0.5;1.55;
sainsburys-westmoreland-ham--taste-the-difference-120g;Sainsbury's Westmoreland Ham, Taste the Difference 120g;£3.00/unit;£2.50/100g;Cooked meats, pate & sandwich fillers;cooked-meats-taste-the-difference;197;22.7;1.6;1.5;11.1;3.8;0.5;1.55;
sainsburys-westmoreland-ham--taste-the-difference-120g;Sainsbury's Westmoreland Ham, Taste the Difference 120g;£3.00/unit;£2.50/100g;Cooked meats, pate & sandwich fillers;ham;197;22.7;1.6;1.5;11.1;3.8;0.5;1.55;
sainsburys-whipping-cream-300ml;Sainsbury's Whipping Cream 300ml;£0.85/unit;£0.28/100ml;Desserts & cream;fresh-cream-custard;367;1.9;2.5;2.5;38.9;24.4;0.5;0.06;
sainsburys-whipping-cream-600ml;Sainsbury's Whipping Cream 600ml;£1.60/unit;£0.27/100ml;Desserts & cream;fresh-cream-custard;367;1.9;2.5;2.5;38.9;24.4;0.5;0.06;
sainsburys-white---brown-crab-meat--taste-the-difference-100g;Sainsbury's White & Brown Crab Meat, Taste the Difference 100g;£3.50/unit;£3.50/100g;Cooked meats & snacking;mfp-cooked-fish-seafood;124;18.4;3.1;0.5;4.1;1.5;0.7;1.20;
sainsburys-white---brown-crab-meat--taste-the-difference-100g;Sainsbury's White & Brown Crab Meat, Taste the Difference 100g;£3.50/unit;£3.50/100g;Cooked meats, pate & sandwich fillers;cooked-fish-seafood;124;18.4;3.1;0.5;4.1;1.5;0.7;1.20;
sainsburys-white---brown-crab-meat--taste-the-difference-100g;Sainsbury's White & Brown Crab Meat, Taste the Difference 100g;£3.50/unit;£3.50/100g;Fish & seafood;canapes-snacking;124;18.4;3.1;0.5;4.1;1.5;0.7;1.20;
sainsburys-white---brown-crab-meat--taste-the-difference-100g;Sainsbury's White & Brown Crab Meat, Taste the Difference 100g;£3.50/unit;£3.50/100g;Fish & seafood;prawns-shellfish;124;18.4;3.1;0.5;4.1;1.5;0.7;1.20;
sainsburys-white-baguette--taste-the-difference-400g;Sainsbury's White Baguette, Taste the Difference 400g;£1.00/unit;£0.25/100g;Baguettes & part baked bread;baguettes-part-baked-bread;null;null;null;null;null;null;null;null;
sainsburys-white-baguette--taste-the-difference-400g;Sainsbury's White Baguette, Taste the Difference 400g;£1.00/unit;£0.25/100g;From our in store bakery;baguettes-from-our-bakery;null;null;null;null;null;null;null;null;
sainsburys-white-bake-at-home-baguettes-x2;Sainsbury's White Bake At Home Baguettes x2;£1.20/unit;£0.60/ea;Baguettes & part baked bread;baguettes-part-baked-bread;285;8.5;58.8;3.8;1.1;0.2;2.9;1.09;
sainsburys-white-baps--giant-360g;Sainsbury's White Baps, Giant 360g;£0.90/unit;£0.23/ea;Rolls;rolls;260;9.1;46.3;6.3;3.5;0.4;3.2;0.88;
sainsburys-white-batch-bread-300g;Sainsbury's White Batch Bread 300g;£0.75/unit;£0.25/100g;Bread;bread-from-our-bakery2;null;null;null;null;null;null;null;null;
sainsburys-white-batch-bread-300g;Sainsbury's White Batch Bread 300g;£0.75/unit;£0.25/100g;From our in store bakery;bread-from-our-bakery;null;null;null;null;null;null;null;null;
sainsburys-white-baton--taste-the-difference;Sainsbury's White Baton, Taste the Difference;£0.65/unit;£0.65/ea;Baguettes & part baked bread;baguettes-part-baked-bread;null;null;null;null;null;null;null;null;
sainsburys-white-baton--taste-the-difference;Sainsbury's White Baton, Taste the Difference;£0.65/unit;£0.65/ea;From our in store bakery;baguettes-from-our-bakery;null;null;null;null;null;null;null;null;
sainsburys-white-baton;Sainsbury's White Baton;£0.45/unit;£0.45/ea;Baguettes & part baked bread;baguettes-part-baked-bread;null;null;null;null;null;null;null;null;
sainsburys-white-baton;Sainsbury's White Baton;£0.45/unit;£0.45/ea;From our in store bakery;baguettes-from-our-bakery;null;null;null;null;null;null;null;null;
sainsburys-white-bloomer--so-organic-400g;Sainsbury's White Bloomer, SO Organic 400g;£0.90/unit;£0.23/100g;Bread;bread-from-our-bakery2;null;null;null;null;null;null;null;null;
sainsburys-white-bloomer--so-organic-400g;Sainsbury's White Bloomer, SO Organic 400g;£0.90/unit;£0.23/100g;From our in store bakery;bread-from-our-bakery;null;null;null;null;null;null;null;null;
sainsburys-white-bloomer--taste-the-difference-400g;Sainsbury's White Bloomer, Taste the Difference 400g;£1.00/unit;£0.25/100g;Bread;bread-from-our-bakery2;null;null;null;null;null;null;null;null;
sainsburys-white-bloomer--taste-the-difference-400g;Sainsbury's White Bloomer, Taste the Difference 400g;£1.00/unit;£0.25/100g;From our in store bakery;bread-from-our-bakery;null;null;null;null;null;null;null;null;
sainsburys-white-bloomer--taste-the-difference-800g;Sainsbury's White Bloomer, Taste the Difference 800g;£1.40/unit;£0.18/100g;Bread;bread-from-our-bakery2;null;null;null;null;null;null;null;null;
sainsburys-white-bloomer--taste-the-difference-800g;Sainsbury's White Bloomer, Taste the Difference 800g;£1.40/unit;£0.18/100g;From our in store bakery;bread-from-our-bakery;null;null;null;null;null;null;null;null;
sainsburys-white-bouche--taste-the-difference-400g;Sainsbury's White Bûche, Taste the Difference 400g;£1.25/unit;£0.32/100g;Bread;bread-from-our-bakery2;null;null;null;null;null;null;null;null;
sainsburys-white-bouche--taste-the-difference-400g;Sainsbury's White Bûche, Taste the Difference 400g;£1.25/unit;£0.32/100g;From our in store bakery;bread-from-our-bakery;null;null;null;null;null;null;null;null;
sainsburys-white-bread--medium-sliced-800g;Sainsbury's White Bread, Medium Sliced 800g;£0.55/unit;£0.07/100g;Bread;white-bread;235;9.3;42.3;4.1;2.1;0.4;4.8;0.78;
sainsburys-white-bread--so-organic-400g;Sainsbury's White Bread, SO Organic 400g;£0.90/unit;£0.23/100g;Bread;bread-from-our-bakery2;null;null;null;null;null;null;null;null;
sainsburys-white-bread--so-organic-400g;Sainsbury's White Bread, SO Organic 400g;£0.90/unit;£0.23/100g;From our in store bakery;bread-from-our-bakery;null;null;null;null;null;null;null;null;
sainsburys-white-bread--so-organic-800g;Sainsbury's White Bread, SO Organic 800g;£1.20/unit;£0.15/100g;Bread;white-bread;237;8.2;45;3.9;2.2;0.6;3.1;0.96;
sainsburys-white-burger-buns-x6;Sainsbury's White Burger Buns x6;£0.90/unit;£0.15/ea;Rolls;rolls;267;8.6;51.5;4.0;2.6;0.4;1.5;0.98;
sainsburys-white-cabbage-%28loose%29;Sainsbury's White Cabbage (loose);£0.80/kg;£0.80/kg;Fresh vegetables;broccoli-cauliflower-cabbage-greens;28;1.2;4.6;4.6;0.5;0.1;2.0;0.02;
sainsburys-white-cabbage-%28loose%29;Sainsbury's White Cabbage (loose);£0.80/kg;£0.80/kg;In season;new-in-season;28;1.2;4.6;4.6;0.5;0.1;2.0;0.02;
sainsburys-white-cheese-slices--mature--be-good-to-yourself-240g;Sainsbury's White Cheese Slices, Mature, Be Good To Yourself 240g;£2.00/unit;£8.33/kg;Cheese;cheddar-british-regional-cheese;258;29.9;0.5;0.5;15.3;9.9;0.5;1.65;
sainsburys-white-cheese-slices--mature--be-good-to-yourself-240g;Sainsbury's White Cheese Slices, Mature, Be Good To Yourself 240g;£2.00/unit;£8.33/kg;Cheese;cottage-cheese---healthier-choice;258;29.9;0.5;0.5;15.3;9.9;0.5;1.65;
sainsburys-white-cheese-slices--mature--be-good-to-yourself-240g;Sainsbury's White Cheese Slices, Mature, Be Good To Yourself 240g;£2.00/unit;£8.33/kg;Cheese;sliced-grated-cheese;258;29.9;0.5;0.5;15.3;9.9;0.5;1.65;
sainsburys-white-cheshire-250g;Sainsbury's White Cheshire 250g;£2.00/unit;£8.00/kg;Cheese;cheddar-british-regional-cheese;381;23.7;0.5;0.5;31.8;21.1;0.5;1.58;
sainsburys-white-choc-pistachio-easter-egg--taste-the-difference-220g;Sainsbury's Belgian White Chocolate Easter Egg with Pistachios, Taste the Difference 220g;£6.00/unit;£2.73/100g;Confectionery;easter-eggs;560;9.6;52.9;49.9;34.2;18.4;1.1;0.20;
sainsburys-white-chocolate--basics-100g;Sainsbury's White Chocolate, Basics 100g;£0.35/unit;£0.35/100g;Confectionery;chocolate;547;4.4;62;62;31;19;0.5;0.20;
sainsburys-white-chocolate--fairtrade-200g;Sainsbury's White Chocolate, Fairtrade 200g;£1.35/unit;£0.68/100g;Confectionery;chocolate;578;7.1;51.4;50.7;38.2;24.2;0.5;0.25;
sainsburys-white-chocolate-buttons-70g;Sainsbury's White Chocolate Buttons 70g;£0.40/unit;£0.57/100g;Confectionery;chocolate;548;5.1;61.2;61.2;31.3;20.3;0.5;0.25;
sainsburys-white-chocolate-chips-100g;Sainsbury's White Chocolate Chips 100g;£0.80/unit;£0.80/100g;Sugar & home baking;cooking-chocolate;526;5.6;63.5;63.1;27.7;17.5;0.5;0.19;
sainsburys-white-chocolate-cookies--taste-the-difference-200g;Sainsbury's White Chocolate Cookies, Taste the Difference 200g;£1.75/unit;£0.88/100g;Biscuits & crackers;cookies;507;5.5;62.5;34.3;25.8;16.8;1.2;0.93;
sainsburys-white-chocolate-cookies--taste-the-difference-200g;Sainsbury's White Chocolate Cookies, Taste the Difference 200g;£1.75/unit;£0.88/100g;Biscuits & crackers;luxury-continental-biscuits;507;5.5;62.5;34.3;25.8;16.8;1.2;0.93;
sainsburys-white-chocolate-cupcake-mix-345g;Sainsbury's White Chocolate Cupcake Mix 345g;£1.40/unit;£4.06/kg;Sugar & home baking;cake-sweet-mixes;510;3.0;53.9;45.4;31.3;18.6;0.6;0.32;
sainsburys-white-chocolate-egg-with-gummy-mix-175g;Sainsbury's White Chocolate Easter Egg with Gummy Mix 175g;£1.00/unit;£0.57/100g;Confectionery;chocolate;529;6.6;63.2;62.8;27.6;16.6;0.5;0.18;
sainsburys-white-chocolate-egg-with-gummy-mix-175g;Sainsbury's White Chocolate Easter Egg with Gummy Mix 175g;£1.00/unit;£0.57/100g;Confectionery;easter-eggs;529;6.6;63.2;62.8;27.6;16.6;0.5;0.18;
sainsburys-white-chocolate-indulgence-x4-480ml;Sainsbury's Indulgence Ice Cream, White Chocolate 4x120ml;£2.00/unit;£0.42/100ml;Ice cream & desserts;lollies-bars-cones;317;3.1;31.9;30.2;19.7;12.7;0.5;0.27;
sainsburys-white-chocolate-stars-48g;Sainsbury's Cake Decorations, White Chocolate Stars 48g;£1.00/unit;£2.50/100g;Sugar & home baking;decorations;549;4.6;62.9;62.0;30.9;18.9;0.6;0.20;
sainsburys-white-closed-cup-mushrooms-%28loose%29;Sainsbury's Closed Cup White Mushrooms (loose);£2.70/kg;£2.70/kg;Fresh vegetables;mushrooms;11;1.8;0.3;0.2;0.3;0.0;0.2;0;
sainsburys-white-closed-cup-mushrooms-500g;Sainsbury's Closed Cup White Mushrooms 500g;£1.45/unit;£2.90/kg;Fresh vegetables;mushrooms;11;1.8;0.3;0.2;0.3;0.0;0.2;0;
sainsburys-white-condiment-vinegar-250ml;Sainsbury's White Condiment Vinegar 250ml;£1.80/unit;£7.20/ltr;Vinegar, pickles, olives & antipasti;vinegar;115;0.5;28.6;21.7;0.5;0.1;0.5;0.01;
sainsburys-white-cooking-wine-250ml;Sainsbury's White Cooking Wine 250ml;£1.02/unit;£4.08/ltr;Cooking ingredients & oils;oils;null;null;null;null;null;null;null;0;
sainsburys-white-crab-meat--taste-the-difference-100g;Sainsbury's White Crab Meat, Taste the Difference 100g;£5.00/unit;£5.00/100g;Cooked meats & snacking;mfp-cooked-fish-seafood;91;19.0;1.4;1.0;0.9;0.3;0.5;1.17;
sainsburys-white-crab-meat--taste-the-difference-100g;Sainsbury's White Crab Meat, Taste the Difference 100g;£5.00/unit;£5.00/100g;Cooked meats, pate & sandwich fillers;cooked-fish-seafood;91;19.0;1.4;1.0;0.9;0.3;0.5;1.17;
sainsburys-white-crab-meat--taste-the-difference-100g;Sainsbury's White Crab Meat, Taste the Difference 100g;£5.00/unit;£5.00/100g;Fish & seafood;canapes-snacking;91;19.0;1.4;1.0;0.9;0.3;0.5;1.17;
sainsburys-white-crab-meat--taste-the-difference-100g;Sainsbury's White Crab Meat, Taste the Difference 100g;£5.00/unit;£5.00/100g;Fish & seafood;prawns-shellfish;91;19.0;1.4;1.0;0.9;0.3;0.5;1.17;
sainsburys-white-crusty-roll-90g;Sainsbury's White Crusty Roll 90g;£0.40/unit;£0.40/ea;From our in store bakery;rolls-bagels-from-our-bakery;null;null;null;null;null;null;null;null;
sainsburys-white-crusty-roll-90g;Sainsbury's White Crusty Roll 90g;£0.40/unit;£0.40/ea;Rolls;rolls;null;null;null;null;null;null;null;null;
sainsburys-white-crusty-rolls-x6;Sainsbury's White Crusty Rolls x6;£0.65/unit;£0.11/ea;From our in store bakery;rolls-bagels-from-our-bakery;null;null;null;null;null;null;null;null;
sainsburys-white-crusty-rolls-x6;Sainsbury's White Crusty Rolls x6;£0.65/unit;£0.11/ea;Rolls;rolls;null;null;null;null;null;null;null;null;
sainsburys-white-designer-icing-120g;Sainsbury's White Designer Icing 120g;£1.40/unit;£1.17/100g;Sugar & home baking;decorations;396;0.5;81.7;81.3;7.4;1.7;0.6;0.05;
sainsburys-white-designer-icing-120g;Sainsbury's White Designer Icing 120g;£1.40/unit;£1.17/100g;Sugar & home baking;icing---marzipan;396;0.5;81.7;81.3;7.4;1.7;0.6;0.05;
sainsburys-white-farmhouse-bread-400g;Sainsbury's White Farmhouse Bread 400g;£0.75/unit;£0.19/100g;Bread;bread-from-our-bakery2;null;null;null;null;null;null;null;null;
sainsburys-white-farmhouse-bread-400g;Sainsbury's White Farmhouse Bread 400g;£0.75/unit;£0.19/100g;From our in store bakery;bread-from-our-bakery;null;null;null;null;null;null;null;null;
sainsburys-white-farmhouse-bread-800g;Sainsbury's White Farmhouse Bread 800g;£1.00/unit;£0.13/100g;Bread;bread-from-our-bakery2;null;null;null;null;null;null;null;null;
sainsburys-white-farmhouse-bread-800g;Sainsbury's White Farmhouse Bread 800g;£1.00/unit;£0.13/100g;From our in store bakery;bread-from-our-bakery;null;null;null;null;null;null;null;null;
sainsburys-white-finger-rolls-x6;Sainsbury's White Finger Rolls x6;£0.65/unit;£0.11/ea;From our in store bakery;rolls-bagels-from-our-bakery;null;null;null;null;null;null;null;null;
sainsburys-white-finger-rolls-x6;Sainsbury's White Finger Rolls x6;£0.65/unit;£0.11/ea;Rolls;rolls;null;null;null;null;null;null;null;null;
sainsburys-white-fish-fillets--basics-520g;Sainsbury's White Fish Fillets, Basics 520g;£1.70/unit;£3.27/kg;Fish & seafood;frozen-fish-seafood;86;20.4;0.5;0.5;0.5;0.1;0.5;0.25;
sainsburys-white-flesh-sweet-potatoes-750g;Sainsbury's White Flesh Sweet Potatoes 750g;£1.85/unit;£2.47/kg;Fresh vegetables;fresh-vegetables-world-exotic;71;0.5;15.2;10.5;0.5;0.2;2.4;0.13;
sainsburys-white-flesh-sweet-potatoes-750g;Sainsbury's White Flesh Sweet Potatoes 750g;£1.85/unit;£2.47/kg;Fresh vegetables;potatoes;71;0.5;15.2;10.5;0.5;0.2;2.4;0.13;
sainsburys-white-grape---peach-juice-drink-1l;Sainsbury's White Grape & Peach Juice Drink 1L;£1.00/unit;£0.10/100ml;Chilled fruit juice & smoothies;chilled-fruit-juice;38;0.5;9.1;6.2;0.5;0.1;0.5;0.01;
sainsburys-white-grapefruit-%28each%29;Sainsbury's Grapefruit, White (each);£0.40/unit;£0.40/ea;Fresh fruit;citrus-fruit;34;0.8;6.8;6.8;0.5;0.1;1.3;0.01;
sainsburys-white-grapes--so-organic-400g;Sainsbury's White Grapes, SO Organic 400g;£2.50/unit;£6.25/kg;Fresh fruit;bananas-grapes;66;0.4;15.4;15.4;0.1;0;0.7;null;
sainsburys-white-grapes--so-organic-400g;Sainsbury's White Grapes, SO Organic 400g;£2.50/unit;£6.25/kg;Organic;organic;66;0.4;15.4;15.4;0.1;0;0.7;null;
sainsburys-white-iced-ring-donuts-x4;Sainsbury's White Iced Ring Doughnuts x4;£1.00/unit;£0.25/ea;Cakes;doughnuts-cookies;null;null;null;null;null;null;null;null;
sainsburys-white-iced-ring-donuts-x4;Sainsbury's White Iced Ring Doughnuts x4;£1.00/unit;£0.25/ea;From our in store bakery;instore-bakery-doughnuts-cookies;null;null;null;null;null;null;null;null;
sainsburys-white-iced-ring-doughnut-x12;Sainsbury's White Iced Ring Doughnuts x12;£2.50/unit;£0.21/ea;Cakes;doughnuts-cookies;null;null;null;null;null;null;null;null;
sainsburys-white-iced-ring-doughnut-x12;Sainsbury's White Iced Ring Doughnuts x12;£2.50/unit;£0.21/ea;From our in store bakery;instore-bakery-doughnuts-cookies;null;null;null;null;null;null;null;null;
sainsburys-white-jumbo-hot-dog-rolls-x6;Sainsbury's White Jumbo Hot Dog Rolls x6;£0.90/unit;£0.15/ea;Rolls;rolls;251;8.1;46.2;4.2;3.2;0.6;2.3;0.90;
sainsburys-white-marzipan-454g;Sainsbury's White Marzipan 454g;£1.60/unit;£0.35/100g;Sugar & home baking;icing---marzipan;418;6.6;67.2;65.5;12.8;1.1;3.7;0.02;
sainsburys-white-mini-mallows-180g;Sainsbury's Mini White Mallows 180g;£1.00/unit;£0.56/100g;Sugar & home baking;decorations;343;6.0;79.5;58.2;0.5;0.1;0.5;0.01;
sainsburys-white-muffins-x6;Sainsbury's White Muffins x6;£0.90/unit;£0.15/ea;Crumpets, breakfast muffins & pancakes;crumpets-breakfast-muffins-pancakes;245;11.2;45.6;8.3;1.4;0.2;2.8;1.00;
sainsburys-white-mushrooms--sliced-250g;Sainsbury's Mushrooms, Sliced 250g;£1.00/unit;£4.00/kg;Fresh vegetables;mushrooms;16;1.8;0.5;0.5;0.5;0.1;1.1;0.5;
sainsburys-white-mushrooms--so-organic-250g;Sainsbury's White Mushrooms, SO Organic 250g;£1.00/unit;£4.00/kg;Fresh vegetables;mushrooms;16;1.8;0.5;0.5;0.5;0.1;1.1;0.5;
sainsburys-white-mushrooms--so-organic-250g;Sainsbury's White Mushrooms, SO Organic 250g;£1.00/unit;£4.00/kg;Organic;organic;16;1.8;0.5;0.5;0.5;0.1;1.1;0.5;
sainsburys-white-pave-400g;Sainsbury's White Pave 400g;£1.25/unit;£0.32/100g;Bread;bread-from-our-bakery2;null;null;null;null;null;null;null;null;
sainsburys-white-pave-400g;Sainsbury's White Pave 400g;£1.25/unit;£0.32/100g;From our in store bakery;bread-from-our-bakery;null;null;null;null;null;null;null;null;
sainsburys-white-petit-pain--home-bake-x6;Sainsbury's White Petit Pain, Home Bake x6;£1.00/unit;£0.17/ea;Baguettes & part baked bread;baguettes-part-baked-bread;285;8.5;58.8;3.8;1.1;0.2;2.9;1.09;
sainsburys-white-pitta--basics-x6;Sainsbury's White Pitta, Basics x6;£0.35/unit;£0.12/100g;Wraps, bagels & pittas;wraps-bagels-pittas;261;8.8;53;2.8;1.2;0.3;2.0;1.0;
sainsburys-white-poppy-plait-roll;Sainsbury's White Plait Roll;£0.40/unit;£0.40/ea;From our in store bakery;rolls-bagels-from-our-bakery;null;null;null;null;null;null;null;null;
sainsburys-white-poppy-plait-roll;Sainsbury's White Plait Roll;£0.40/unit;£0.40/ea;Rolls;rolls;null;null;null;null;null;null;null;null;
sainsburys-white-poppy-snack-crown;Sainsbury's White Poppy Snack Crown;£0.65/unit;£0.65/ea;From our in store bakery;rolls-bagels-from-our-bakery;null;null;null;null;null;null;null;null;
sainsburys-white-poppy-snack-crown;Sainsbury's White Poppy Snack Crown;£0.65/unit;£0.65/ea;Rolls;rolls;null;null;null;null;null;null;null;null;
sainsburys-white-potatoes--so-organic-15kg;Sainsbury's White Potatoes, SO Organic 1.5kg;£2.35/unit;£1.57/kg;Fresh vegetables;potatoes;81;1.8;17.5;0.8;0.5;0.1;1.6;0.01;
sainsburys-white-potatoes--so-organic-15kg;Sainsbury's White Potatoes, SO Organic 1.5kg;£2.35/unit;£1.57/kg;Organic;organic;81;1.8;17.5;0.8;0.5;0.1;1.6;0.01;
sainsburys-white-potatoes-25kg-6001313-p-44;Sainsbury's White Potatoes 2.5kg;£1.60/unit;£0.64/kg;Fresh vegetables;potatoes;72;1.8;15.4;0.6;0.1;0;1.2;100;
sainsburys-white-rice-microwavable-bags-x4-200g;Sainsbury's White Rice Microwavable Bags x4 200g;£1.40/unit;£1.75/kg;Fruit, vegetables & rice;frozen-rice;132;2.9;29.5;0.5;0.5;0.1;0.5;0.03;
sainsburys-white-rolls--basics-x12;Sainsbury's White Rolls, Basics x12;£0.50/unit;£0.04/ea;Rolls;rolls;245;9.1;45.1;4.4;2.6;0.3;2.5;0.95;
sainsburys-white-rolls--taste-the-difference-x6;Sainsbury's White Rolls, Taste the Difference x6;£1.20/unit;£0.20/ea;Rolls;rolls;255;8.4;47.3;4.8;2.9;0.3;2.9;0.68;
sainsburys-white-rolls-x6;Sainsbury's White Rolls x6;£0.65/unit;£0.11/ea;From our in store bakery;rolls-bagels-from-our-bakery;null;null;null;null;null;null;null;null;
sainsburys-white-rolls-x6;Sainsbury's White Rolls x6;£0.65/unit;£0.11/ea;Rolls;rolls;null;null;null;null;null;null;null;null;
sainsburys-white-sandwich-loaf-800g;Sainsbury's White Sandwich Loaf 800g;£1.00/unit;£0.13/100g;Bread;bread-from-our-bakery2;null;null;null;null;null;null;null;null;
sainsburys-white-sandwich-loaf-800g;Sainsbury's White Sandwich Loaf 800g;£1.00/unit;£0.13/100g;From our in store bakery;bread-from-our-bakery;null;null;null;null;null;null;null;null;
sainsburys-white-seedless-grapes-%28approx-600g%29;Sainsbury's White Seedless Grapes (approx. 600g);£4.00/kg;£4.00/kg;Fresh fruit;bananas-grapes;66;0.4;15.4;15.4;0.1;0.0;0.7;0;
sainsburys-white-seedless-grapes-250g;Sainsbury's White Seedless Grapes 250g;£1.50/unit;£6.00/kg;Fresh fruit;bananas-grapes;66;0.4;15.4;15.4;0.1;0.0;0.7;0;
sainsburys-white-sliced-bread--basics-800g;Sainsbury's White Sliced Bread, Basics 800g;£0.40/unit;£0.05/100g;Bread;white-bread;238;8.1;45.4;4.1;1.9;0.3;3.2;0.90;
sainsburys-white-sliced-bread--thick-sliced-800g;Sainsbury's White Sliced Bread, Thick Sliced 800g;£0.55/unit;£0.07/100g;Bread;white-bread;235;9.3;42.3;4.1;2.1;0.4;4.8;0.78;
sainsburys-white-snack-rolls-x8;Sainsbury's White Snack Rolls x8;£0.65/unit;£0.08/ea;From our in store bakery;rolls-bagels-from-our-bakery;null;null;null;null;null;null;null;null;
sainsburys-white-snack-rolls-x8;Sainsbury's White Snack Rolls x8;£0.65/unit;£0.08/ea;Rolls;rolls;null;null;null;null;null;null;null;null;
sainsburys-white-split-tin-bread-800g;Sainsbury's White Split Tin Bread 800g;£1.00/unit;£0.13/100g;Bread;bread-from-our-bakery2;null;null;null;null;null;null;null;null;
sainsburys-white-split-tin-bread-800g;Sainsbury's White Split Tin Bread 800g;£1.00/unit;£0.13/100g;From our in store bakery;bread-from-our-bakery;null;null;null;null;null;null;null;null;
sainsburys-white-sub-rolls-x4-420g;Sainsbury's White Sub Rolls x4 420g;£1.30/unit;£0.33/ea;Rolls;rolls;273;9.1;52;5.8;2.7;0.3;2.9;0.98;
sainsburys-white-tin--so-organic-800g;Sainsbury's White Tin, SO Organic 800g;£1.20/unit;£0.15/100g;Bread;bread-from-our-bakery2;null;null;null;null;null;null;null;null;
sainsburys-white-tin--so-organic-800g;Sainsbury's White Tin, SO Organic 800g;£1.20/unit;£0.15/100g;From our in store bakery;bread-from-our-bakery;null;null;null;null;null;null;null;null;
sainsburys-white-toastie-bread--extra-thick-800g;Sainsbury's White Toastie Bread, Extra Thick Sliced 800g;£0.55/unit;£0.07/100g;Bread;white-bread;235;9.3;42.3;4.1;2.1;0.4;4.8;0.78;
sainsburys-white-turnips-%28loose%29;Sainsbury's Scottish White Turnips (loose);£2.40/kg;£2.40/kg;Fresh vegetables;carrots-root-vegetables;29;0.9;4.7;4.5;0.5;0.1;1.8;0.04;
sainsburys-white-vienna-rolls-x4;Sainsbury's White Vienna Rolls x4;£0.65/unit;£0.16/ea;From our in store bakery;rolls-bagels-from-our-bakery;null;null;null;null;null;null;null;null;
sainsburys-white-vienna-rolls-x4;Sainsbury's White Vienna Rolls x4;£0.65/unit;£0.16/ea;Rolls;rolls;null;null;null;null;null;null;null;null;
sainsburys-white-wine-vinegar--so-organic-500ml;Sainsbury's White Wine Vinegar, SO Organic 500ml;£1.50/unit;£3.00/ltr;Vinegar, pickles, olives & antipasti;vinegar;22;0.5;0.7;0.7;0.5;0.1;0.5;0.02;
sainsburys-whole---white-fusilli-500g;Sainsbury's High Fibre White Fusilli 500g;£0.85/unit;£1.70/kg;Rice, pasta & noodles;pasta;341;10.5;67.7;3.0;1.3;0.3;8.0;0;
sainsburys-whole---white-penne-500g;Sainsbury's High Fibre White Penne 500g;£0.85/unit;£1.70/kg;Rice, pasta & noodles;pasta;145;4.2;28.5;0.5;0.5;0.1;4.7;0.01;
sainsburys-whole---white-spaghetti-500g;Sainsbury's High Fibre White Spaghetti 500g;£0.85/unit;£1.70/kg;Rice, pasta & noodles;pasta;145;4.2;28.5;0.5;0.5;0.1;4.7;0.01;
sainsburys-whole--rolled-porridge-oats--taste-the-difference-750g;Sainsbury's Whole Rolled Porridge Oats, Taste the Difference 750g;£1.80/unit;£0.24/100g;Breakfast cereals;porridge-oats;363;10.3;60.5;1.1;7.0;1.0;8.3;0.01;
sainsburys-whole-almonds-100g;Sainsbury's Whole Almonds 100g;£1.25/unit;£1.25/100g;Sugar & home baking;nuts---seeds;595;21.2;9.1;4.2;49.9;3.8;12.5;0.01;
sainsburys-whole-almonds-200g;Sainsbury's Whole Almonds 200g;£2.20/unit;£1.10/100g;Sugar & home baking;nuts---seeds;595;21.2;9.1;4.2;49.9;3.8;12.5;0.01;
sainsburys-whole-black-peppercorn-grinder--fairtrade-50g;Sainsbury's Whole Black Peppercorn Grinder, Fairtrade 50g;£2.50/unit;£0.50/10g;Cooking ingredients & oils;salt-pepper;null;null;null;null;null;null;null;null;
sainsburys-whole-button-mushrooms-in-water-290g;Sainsbury's Whole Button Mushrooms In Water 290g (156g*);£0.90/unit;£5.77/kg;Canned, tinned & packaged foods;canned-tinned-packaged-vegetables;19;2.2;0.5;0.5;0.5;0.2;3.2;0.02;
sainsburys-whole-carrots-in-water-300g;Sainsbury's Whole Carrots In Water 300g (180g*);£0.30/unit;£1.67/kg;Canned, tinned & packaged foods;canned-tinned-packaged-vegetables;23;0.5;2.7;2.5;0.5;0.2;2.7;0.06;
sainsburys-whole-cloves--fairtrade-28g;Sainsbury's Whole Cloves, Fairtrade 28g;£1.00/unit;£0.36/10g;Cooking ingredients & oils;herbs-spices-seasoning;null;null;null;null;null;null;null;null;
sainsburys-whole-cooked-roast-chicken-%28approx1kg%29;Sainsbury's British Roast Whole Chicken (approx.1kg);£5.50/kg;£5.50/kg;Cooked meats & snacking;mfp-cooked-chicken-turkey;175;25.3;0.5;0.5;8.0;2.3;0.5;0.65;
sainsburys-whole-cooked-roast-chicken-%28approx1kg%29;Sainsbury's British Roast Whole Chicken (approx.1kg);£5.50/kg;£5.50/kg;Cooked meats, pate & sandwich fillers;cooked-chicken-turkey;175;25.3;0.5;0.5;8.0;2.3;0.5;0.65;
sainsburys-whole-french-green-beans-in-tin-400g;Sainsbury's Whole French Green Beans In Tin 400g (220g*);£0.75/unit;£3.41/kg;Canned, tinned & packaged foods;canned-tinned-packaged-vegetables;34;1.3;5.3;0.5;0.5;0.1;3.6;0.01;
sainsburys-whole-green-beans-1kg;Sainsbury's Whole Green Beans 1kg;£1.20/unit;£1.20/kg;Fruit, vegetables & rice;frozen-vegetables;32;1.8;4.4;2.1;0.1;0;3.0;0;
sainsburys-whole-macadamia-nuts-100g;Sainsbury's Whole Macadamia Nuts 100g;£3.00/unit;£3.00/100g;Sugar & home baking;nuts---seeds;752;7.9;5.2;4.6;75.8;12.1;8.6;0.01;
sainsburys-whole-natural-almonds-100g;Sainsbury's Whole Natural Almonds 100g;£1.25/unit;£1.25/100g;Sugar & home baking;nuts---seeds;595;21.2;9.1;4.2;49.9;3.8;12.5;0.01;
sainsburys-whole-nutmeg-30g;Sainsbury's Whole Nutmeg 30g;£1.00/unit;£0.33/10g;Cooking ingredients & oils;herbs-spices-seasoning;null;null;null;null;null;null;null;null;
sainsburys-wholegrain-apricot-wheats-500g;Sainsbury's Wholegrain Apricot Wheats 500g;£1.95/unit;£0.39/100g;Breakfast cereals;healthier-cereals;334;7.7;71.5;18.9;1.3;0.3;8.5;0.23;
sainsburys-wholegrain-blueberry-wheats-500g;Sainsbury's Wholegrain Blueberry Wheats 500g;£1.95/unit;£0.39/100g;Breakfast cereals;healthier-cereals;331;7.4;71.4;19.7;1.3;0.3;7.5;0.23;
sainsburys-wholegrain-bran-flakes-1kg;Sainsbury's Wholegrain Bran Flakes 1kg;£1.95/unit;£0.20/100g;Breakfast cereals;bigger-packs;365;10.5;69.4;16.3;2.0;0.4;13.8;0.78;
sainsburys-wholegrain-bran-flakes-1kg;Sainsbury's Wholegrain Bran Flakes 1kg;£1.95/unit;£0.20/100g;Breakfast cereals;healthier-cereals;365;10.5;69.4;16.3;2.0;0.4;13.8;0.78;
sainsburys-wholegrain-bran-flakes-500g;Sainsbury's Wholegrain Bran Flakes 500g;£1.40/unit;£0.28/100g;Breakfast cereals;healthier-cereals;365;10.5;69.4;16.3;2.0;0.4;13.8;0.78;
sainsburys-wholegrain-fruit---fibre-1kg;Sainsbury's Wholegrain Fruit & Fibre 1kg;£2.50/unit;£0.25/100g;Breakfast cereals;bigger-packs;376;9.3;67.5;20.4;5.6;3.3;9.0;0.70;
sainsburys-wholegrain-fruit---fibre-1kg;Sainsbury's Wholegrain Fruit & Fibre 1kg;£2.50/unit;£0.25/100g;Breakfast cereals;healthier-cereals;376;9.3;67.5;20.4;5.6;3.3;9.0;0.70;
sainsburys-wholegrain-fruit---fibre-500g;Sainsbury's Wholegrain Fruit & Fibre 500g;£1.60/unit;£0.32/100g;Breakfast cereals;healthier-cereals;376;9.3;67.5;20.4;5.6;3.3;9.0;0.70;
sainsburys-wholegrain-malties-cereal-750g;Sainsbury's Wholegrain Malties Cereal 750g;£1.90/unit;£0.25/100g;Breakfast cereals;bigger-packs;366;10;73;16;1.9;0.3;8.2;0.60;
sainsburys-wholegrain-malties-cereal-750g;Sainsbury's Wholegrain Malties Cereal 750g;£1.90/unit;£0.25/100g;Breakfast cereals;kids-cereals;366;10;73;16;1.9;0.3;8.2;0.60;
sainsburys-wholegrain-mini-wheats-500g;Sainsbury's Wholegrain Mini Wheats 500g;£1.95/unit;£0.39/100g;Breakfast cereals;healthier-cereals;359;11.8;68.2;0.6;1.8;0.4;11.2;0.04;
sainsburys-wholegrain-mustard---chilli-210g;Sainsbury's Wholegrain Mustard & Chilli 210g;£0.80/unit;£0.38/100g;Table sauces, dressings & condiments;mustard;219;9.2;14.9;7.3;12.1;0.8;6.8;3.18;
sainsburys-wholegrain-mustard---honey-210g;Sainsbury's Wholegrain Mustard & Honey 210g;£0.80/unit;£0.38/100g;Table sauces, dressings & condiments;mustard;220;8.9;18;11;11;0.6;5.7;3.3;
sainsburys-wholegrain-mustard-210g;Sainsbury's Wholegrain Mustard 205g;£0.80/unit;£0.38/100g;Table sauces, dressings & condiments;mustard;216;9.0;14;7.0;12;1.0;6.6;3.3;
sainsburys-wholegrain-raisin-wheats-500g;Sainsbury's Wholegrain Raisin Wheats 500g;£1.95/unit;£0.39/100g;Breakfast cereals;healthier-cereals;331;8.1;69.3;18.9;1.4;0.3;8.5;0.05;
sainsburys-wholegrain-red-cherry-wheats-500g;Sainsbury's Wholegrain Red Cherry Wheats 500g;£1.95/unit;£0.39/100g;Breakfast cereals;healthier-cereals;332;7.2;72.7;18.1;1.2;0.3;6.1;0.23;
sainsburys-wholegrain-seeded-flour--taste-the-difference-1kg;Sainsbury's Wholegrain Seeded Flour, Taste the Difference 1kg;£0.80/unit;£0.80/kg;Sugar & home baking;flour;347;14.0;68.0;1.7;2.1;0.4;5.0;0;
sainsburys-wholegrain-spelt-spaghetti-500g;Sainsbury's Wholegrain Spelt Spaghetti 500g;£0.85/unit;£1.70/kg;Rice, pasta & noodles;pasta;162;5.4;31.5;0.6;0.9;0.2;3.2;0.02;
sainsburys-wholegrain-sultana-bran-750g;Sainsbury's Wholegrain Sultana Bran 750g;£2.00/unit;£0.27/100g;Breakfast cereals;bigger-packs;350;8.2;70.5;31.4;1.6;0.4;10.5;0.55;
sainsburys-wholegrain-sultana-bran-750g;Sainsbury's Wholegrain Sultana Bran 750g;£2.00/unit;£0.27/100g;Breakfast cereals;healthier-cereals;350;8.2;70.5;31.4;1.6;0.4;10.5;0.55;
sainsburys-wholemeal-baps--giant-x4;Sainsbury's Wholemeal Baps, Giant x4;£0.90/unit;£0.23/ea;Rolls;rolls;239;10.7;37.6;5.2;3.5;0.4;7.1;0.83;
sainsburys-wholemeal-bloomer--taste-the-difference-400g;Sainsbury's Wholemeal Bloomer, Taste the Difference 400g;£1.15/unit;£0.29/100g;Bread;small-loaves;222;11.1;34.3;2.8;2.6;0.4;8.4;0.95;
sainsburys-wholemeal-bloomer--taste-the-difference-400g;Sainsbury's Wholemeal Bloomer, Taste the Difference 400g;£1.15/unit;£0.29/100g;Bread;wholemeal-brown-bread;222;11.1;34.3;2.8;2.6;0.4;8.4;0.95;
sainsburys-wholemeal-bread--medium-sliced-800g;Sainsbury's Wholemeal Bread, Medium Sliced 800g;£0.55/unit;£0.07/100g;Bread;wholemeal-brown-bread;229;11.2;36.7;2.9;2.4;0.4;8.4;0.75;
sainsburys-wholemeal-bread--so-organic-400g-7559900-p-44;Sainsbury's Wholemeal Bread, SO Organic 400g;£0.90/unit;£0.23/100g;Bread;bread-from-our-bakery2;null;null;null;null;null;null;null;null;
sainsburys-wholemeal-bread--so-organic-400g-7559900-p-44;Sainsbury's Wholemeal Bread, SO Organic 400g;£0.90/unit;£0.23/100g;From our in store bakery;bread-from-our-bakery;null;null;null;null;null;null;null;null;
sainsburys-wholemeal-bread--so-organic-400g;Sainsbury's Wholemeal Bread, SO Organic 400g;£0.85/unit;£0.21/100g;Bread;small-loaves;243;10.2;41.0;3.2;2.8;0.3;6.3;1.00;
sainsburys-wholemeal-bread--so-organic-400g;Sainsbury's Wholemeal Bread, SO Organic 400g;£0.85/unit;£0.21/100g;Bread;wholemeal-brown-bread;243;10.2;41.0;3.2;2.8;0.3;6.3;1.00;
sainsburys-wholemeal-bread--so-organic-800g;Sainsbury's Wholemeal Bread, SO Organic 800g;£1.20/unit;£0.15/100g;Bread;wholemeal-brown-bread;226;10;37;3.5;2.4;0.6;7.8;0.94;
sainsburys-wholemeal-bread--thick-sliced-800g;Sainsbury's Wholemeal Bread, Thick Sliced 800g;£0.55/unit;£0.07/100g;Bread;wholemeal-brown-bread;229;11.2;36.7;2.9;2.4;0.4;8.4;0.75;
sainsburys-wholemeal-bread-mix-500g;Sainsbury's Wholemeal Bread Mix 500g;£0.75/unit;£1.50/kg;Sugar & home baking;flour;231;10.7;36.7;1.4;3.1;0.6;6.8;0.91;
sainsburys-wholemeal-bread-mix-500g;Sainsbury's Wholemeal Bread Mix 500g;£0.75/unit;£1.50/kg;Sugar & home baking;pastry-savoury-mixes;231;10.7;36.7;1.4;3.1;0.6;6.8;0.91;
sainsburys-wholemeal-country-loaf--taste-the-difference-400g;Sainsbury's Wholemeal Country Loaf 400g;£0.75/unit;£0.19/100g;Bread;bread-from-our-bakery2;null;null;null;null;null;null;null;null;
sainsburys-wholemeal-country-loaf--taste-the-difference-400g;Sainsbury's Wholemeal Country Loaf 400g;£0.75/unit;£0.19/100g;From our in store bakery;bread-from-our-bakery;null;null;null;null;null;null;null;null;
sainsburys-wholemeal-farmhouse-bread-400g;Sainsbury's Wholemeal Farmhouse Bread 400g;£0.75/unit;£0.19/100g;Bread;bread-from-our-bakery2;null;null;null;null;null;null;null;null;
sainsburys-wholemeal-farmhouse-bread-400g;Sainsbury's Wholemeal Farmhouse Bread 400g;£0.75/unit;£0.19/100g;From our in store bakery;bread-from-our-bakery;null;null;null;null;null;null;null;null;
sainsburys-wholemeal-farmhouse-bread-800g;Sainsbury's Wholemeal Farmhouse Bread 800g;£1.00/unit;£0.13/100g;Bread;bread-from-our-bakery2;null;null;null;null;null;null;null;null;
sainsburys-wholemeal-farmhouse-bread-800g;Sainsbury's Wholemeal Farmhouse Bread 800g;£1.00/unit;£0.13/100g;From our in store bakery;bread-from-our-bakery;null;null;null;null;null;null;null;null;
sainsburys-wholemeal-finger-rolls-x6;Sainsbury's Wholemeal Finger Rolls x6;£0.65/unit;£0.11/ea;From our in store bakery;rolls-bagels-from-our-bakery;null;null;null;null;null;null;null;null;
sainsburys-wholemeal-finger-rolls-x6;Sainsbury's Wholemeal Finger Rolls x6;£0.65/unit;£0.11/ea;Rolls;rolls;null;null;null;null;null;null;null;null;
sainsburys-wholemeal-hot-cross-buns-x-6;Sainsbury's Wholemeal Hot Cross Buns x 6;£1.30/unit;£0.22/ea;Easter treats;easter-treats;283;8.3;46.9;19.0;5.7;1.2;5.3;0.42;
sainsburys-wholemeal-hot-cross-buns-x-6;Sainsbury's Wholemeal Hot Cross Buns x 6;£1.30/unit;£0.22/ea;Scones, fruited & buns;scones-fruited-buns;283;8.3;46.9;19.0;5.7;1.2;5.3;0.42;
sainsburys-wholemeal-muffins-x6;Sainsbury's Wholemeal Muffins x6;£0.90/unit;£0.15/ea;Crumpets, breakfast muffins & pancakes;crumpets-breakfast-muffins-pancakes;240;12.8;37.3;5.4;2.9;0.9;6.8;0.95;
sainsburys-wholemeal-rolls-x6;Sainsbury's Wholemeal Rolls x6;£0.65/unit;£0.11/ea;From our in store bakery;rolls-bagels-from-our-bakery;null;null;null;null;null;null;null;null;
sainsburys-wholemeal-rolls-x6;Sainsbury's Wholemeal Rolls x6;£0.65/unit;£0.11/ea;Rolls;rolls;null;null;null;null;null;null;null;null;
sainsburys-wholemeal-seeded-rolls--so-organic-x4;Sainsbury's Wholemeal Seeded Rolls, SO Organic x4;£1.00/unit;£0.25/ea;Rolls;rolls;294;11.2;36.0;2.7;10.3;1.1;6.3;0.85;
sainsburys-wholemeal-snack-rolls-x8;Sainsbury's Wholemeal Snack Rolls x8;£0.65/unit;£0.08/ea;From our in store bakery;rolls-bagels-from-our-bakery;null;null;null;null;null;null;null;null;
sainsburys-wholemeal-snack-rolls-x8;Sainsbury's Wholemeal Snack Rolls x8;£0.65/unit;£0.08/ea;Rolls;rolls;null;null;null;null;null;null;null;null;
sainsburys-wholemeal-sub-rolls-x4-420g;Sainsbury's Wholemeal Sub Rolls x4 420g;£1.30/unit;£0.33/ea;Rolls;rolls;261;12;43;3.7;3.0;0.4;7.4;0.84;
sainsburys-wholemeal-tin--so-organic-800g;Sainsbury's Wholemeal Tin, SO Organic 800g;£1.20/unit;£0.15/100g;Bread;bread-from-our-bakery2;null;null;null;null;null;null;null;null;
sainsburys-wholemeal-tin--so-organic-800g;Sainsbury's Wholemeal Tin, SO Organic 800g;£1.20/unit;£0.15/100g;From our in store bakery;bread-from-our-bakery;null;null;null;null;null;null;null;null;
sainsburys-wholemeal-tortilla-x8-10;Sainsbury's Wholemeal Tortilla x8 10";£1.00/unit;£0.13/ea;Wraps, bagels & pittas;wraps-bagels-pittas;269;8.6;44.3;2.5;4.5;1.9;8.4;0.93;
sainsburys-wholewheat-biscuits--basics-x24-432g;Sainsbury's Wholewheat Biscuits, Basics x24 432g;£0.95/unit;£0.04/bisc;Breakfast cereals;family-cereals;359;11.7;68.5;2.5;2.1;0.6;9.7;0.68;
sainsburys-wholewheat-biscuits--cereal-x24-430g;Sainsbury's Wholewheat Biscuits, Cereal x24 430g;£1.80/unit;£0.08/bisc;Breakfast cereals;family-cereals;358;11.5;68.6;4.4;2.0;0.6;10.0;0.65;
sainsburys-wholewheat-biscuits-cereal-x48-860g;Sainsbury's Wholewheat Biscuits Cereal x48 860g;£3.40/unit;£0.07/bisc;Breakfast cereals;family-cereals;358;11.5;68.6;4.4;2.0;0.6;10.0;0.65;
sainsburys-wholewheat-fusilli--so-organic-500g;Sainsbury's Wholewheat Fusilli, SO Organic 500g;£1.05/unit;£2.10/kg;Rice, pasta & noodles;pasta;145;4.2;28.5;0.6;0.8;0.2;3.6;0.01;
sainsburys-wholewheat-fusilli-1kg;Sainsbury's Wholewheat Fusilli 1kg;£1.20/unit;£1.20/kg;Rice, pasta & noodles;pasta;145;4.2;28.5;0.6;0.8;0.2;3.6;0.01;
sainsburys-wholewheat-fusilli-500g;Sainsbury's Wholewheat Fusilli 500g;£0.85/unit;£1.70/kg;Rice, pasta & noodles;pasta;145;4.2;28.5;0.6;0.8;0.2;3.6;0.01;
sainsburys-wholewheat-lasagne-500g;Sainsbury's Wholewheat Lasagne Sheets 500g;£0.85/unit;£1.70/kg;Rice, pasta & noodles;pasta;340;12.7;63.9;4.0;2.0;0.4;8.0;0;
sainsburys-wholewheat-medium-noodles-375g;Sainsbury's Wholewheat Medium Noodles 375g;£1.40/unit;£3.73/kg;Cooking sauces & world foods;chinese-cooking-sauces;362;12.5;75.0;1.1;0.5;0.1;3.5;0.38;
sainsburys-wholewheat-medium-noodles-375g;Sainsbury's Wholewheat Medium Noodles 375g;£1.40/unit;£3.73/kg;Rice, pasta & noodles;noodles;362;12.5;75.0;1.1;0.5;0.1;3.5;0.38;
sainsburys-wholewheat-muesli-1kg;Sainsbury's Wholewheat Muesli 1kg;£2.40/unit;£0.24/100g;Breakfast cereals;bigger-packs;350;7.7;59.2;26.7;7.6;2.4;6.8;0.03;
sainsburys-wholewheat-muesli-1kg;Sainsbury's Wholewheat Muesli 1kg;£2.40/unit;£0.24/100g;Breakfast cereals;muesli-granola-clusters;350;7.7;59.2;26.7;7.6;2.4;6.8;0.03;
sainsburys-wholewheat-penne-500g;Sainsbury's Wholewheat Penne 500g;£0.85/unit;£1.70/kg;Rice, pasta & noodles;pasta;145;4.2;28.5;0.6;0.8;0.2;3.6;0.01;
sainsburys-wholewheat-spaghetti--organic-500g;Sainsbury's Wholewheat Spaghetti, SO Organic 500g;£1.05/unit;£2.10/kg;Rice, pasta & noodles;pasta;316;12.7;61.9;4.0;2.0;0.4;10.0;0.25;
sainsburys-wholewheat-tagliatelle-500g;Sainsbury's Wholewheat Tagliatelle 500g;£0.85/unit;£1.70/kg;Rice, pasta & noodles;pasta;145;4.2;28.5;0.6;0.8;0.2;3.6;0.01;
sainsburys-wild-keta-salmon-230g;Sainsbury's Wild Keta Salmon 230g;£3.00/unit;£13.04/kg;Fish & seafood;filleted-whole-fish;164;27.1;0.5;0.5;6.0;0.1;0.5;0.22;
sainsburys-wild-keta-salmon-230g;Sainsbury's Wild Keta Salmon 230g;£3.00/unit;£13.04/kg;Great prices on meat & fish;great-prices-on-meat---fish;164;27.1;0.5;0.5;6.0;0.1;0.5;0.22;
sainsburys-wild-mushroom---tarragon-soup--taste-the-difference-400g;Sainsbury's Wild Mushroom & Tarragon Soup, Taste the Difference 400g;£0.90/unit;£0.23/100g;Canned, tinned & packaged foods;soups;54;1.3;5.3;0.7;3.0;1.0;0.5;0.55;
sainsburys-wild-pacific-pink-salmon-212g;Sainsbury's Wild Pacific Pink Salmon 212g;£1.50/unit;£0.71/100g;Canned, tinned & packaged foods;canned-tinned-packaged-fish;129;21.1;0.0;0.0;5.0;1.0;null;null;
sainsburys-wild-pacific-red-salmon-105g;Sainsbury's Wild Pacific Red Salmon 105g;£1.70/unit;£1.62/100g;Canned, tinned & packaged foods;canned-tinned-packaged-fish;152;20.8;0.2;0.0;7.5;1.9;null;null;
sainsburys-wild-rocket--so-organic-70g;Sainsbury's Wild Rocket, SO Organic 70g;£1.30/unit;£1.86/100g;Fresh salad;fresh-salad-prepared-ready-to-eat;30;3.6;1.5;0.5;0.5;0.1;2.5;0.40;
sainsburys-wild-rocket--so-organic-70g;Sainsbury's Wild Rocket, SO Organic 70g;£1.30/unit;£1.86/100g;Fresh salad;salad-bags;30;3.6;1.5;0.5;0.5;0.1;2.5;0.40;
sainsburys-wild-rocket--so-organic-70g;Sainsbury's Wild Rocket, SO Organic 70g;£1.30/unit;£1.86/100g;Organic;organic;30;3.6;1.5;0.5;0.5;0.1;2.5;0.40;
sainsburys-wild-rocket--so-organic-70g;Sainsbury's Wild Rocket, SO Organic 70g;£1.30/unit;£1.86/100g;Prepared & ready to eat;prepared-salad-herbs;30;3.6;1.5;0.5;0.5;0.1;2.5;0.40;
sainsburys-wild-rocket-110g;Sainsbury's Wild Rocket 110g;£1.50/unit;£1.36/100g;Fresh salad;fresh-salad-prepared-ready-to-eat;30;3.6;1.5;0.5;0.5;0.1;2.5;0.40;
sainsburys-wild-rocket-110g;Sainsbury's Wild Rocket 110g;£1.50/unit;£1.36/100g;Fresh salad;salad-bags;30;3.6;1.5;0.5;0.5;0.1;2.5;0.40;
sainsburys-wild-rocket-110g;Sainsbury's Wild Rocket 110g;£1.50/unit;£1.36/100g;Prepared & ready to eat;prepared-salad-herbs;30;3.6;1.5;0.5;0.5;0.1;2.5;0.40;
sainsburys-wild-rocket-leaves-70g;Sainsbury's Wild Rocket Leaves 70g;£1.00/unit;£1.43/100g;Fresh salad;fresh-salad-prepared-ready-to-eat;30;3.6;1.5;0.5;0.5;0.1;2.5;0.40;
sainsburys-wild-rocket-leaves-70g;Sainsbury's Wild Rocket Leaves 70g;£1.00/unit;£1.43/100g;Fresh salad;salad-bags;30;3.6;1.5;0.5;0.5;0.1;2.5;0.40;
sainsburys-wild-rocket-leaves-70g;Sainsbury's Wild Rocket Leaves 70g;£1.00/unit;£1.43/100g;Prepared & ready to eat;prepared-salad-herbs;30;3.6;1.5;0.5;0.5;0.1;2.5;0.40;
sainsburys-wild-roses-sugar-decorations-3g;Sainsbury's Cake Decorations, Wild Roses x12;£1.50/unit;£50.00/100g;Sugar & home baking;decorations;396;2.3;96.4;95.7;0.5;0.1;0.5;0.08;
sainsburys-wild-salmon-fillets--taste-the-difference-230g;Sainsbury's Wild Salmon Fillets, Taste the Difference 230g;£5.50/unit;£23.91/kg;Fish & seafood;filleted-whole-fish;191;25.5;0.5;0.5;9.8;1.9;0.5;0.18;
sainsburys-wild-salmon-fillets--taste-the-difference-230g;Sainsbury's Wild Salmon Fillets, Taste the Difference 230g;£5.50/unit;£23.91/kg;Great prices on meat & fish;great-prices-on-meat---fish;191;25.5;0.5;0.5;9.8;1.9;0.5;0.18;
sainsburys-wild-salmon-fillets--taste-the-difference-230g;Sainsbury's Wild Salmon Fillets, Taste the Difference 230g;£5.50/unit;£23.91/kg;Organic & Taste the Difference;organic-taste-the-difference;191;25.5;0.5;0.5;9.8;1.9;0.5;0.18;
sainsburys-wild-sockeye-smoked-salmon--taste-the-difference-120g;Sainsbury's Wild Sockeye Smoked Salmon, Taste the Difference 120g;£5.75/unit;£4.79/100g;Cooked meats & snacking;mfp-cooked-fish-seafood;113;21.7;0.5;0.5;2.7;0.7;0.5;3.90;
sainsburys-wild-sockeye-smoked-salmon--taste-the-difference-120g;Sainsbury's Wild Sockeye Smoked Salmon, Taste the Difference 120g;£5.75/unit;£4.79/100g;Cooked meats & snacking;mfp-cooked-meats-snacking-taste-the-difference;113;21.7;0.5;0.5;2.7;0.7;0.5;3.90;
sainsburys-wild-sockeye-smoked-salmon--taste-the-difference-120g;Sainsbury's Wild Sockeye Smoked Salmon, Taste the Difference 120g;£5.75/unit;£4.79/100g;Cooked meats, pate & sandwich fillers;cooked-fish-seafood;113;21.7;0.5;0.5;2.7;0.7;0.5;3.90;
sainsburys-wild-sockeye-smoked-salmon--taste-the-difference-120g;Sainsbury's Wild Sockeye Smoked Salmon, Taste the Difference 120g;£5.75/unit;£4.79/100g;Cooked meats, pate & sandwich fillers;cooked-meats-taste-the-difference;113;21.7;0.5;0.5;2.7;0.7;0.5;3.90;
sainsburys-wild-sockeye-smoked-salmon--taste-the-difference-120g;Sainsbury's Wild Sockeye Smoked Salmon, Taste the Difference 120g;£5.75/unit;£4.79/100g;Fish & seafood;canapes-snacking;113;21.7;0.5;0.5;2.7;0.7;0.5;3.90;
sainsburys-wild-sockeye-smoked-salmon--taste-the-difference-120g;Sainsbury's Wild Sockeye Smoked Salmon, Taste the Difference 120g;£5.75/unit;£4.79/100g;Fish & seafood;smoked-fish;113;21.7;0.5;0.5;2.7;0.7;0.5;3.90;
sainsburys-wild-sockeye-smoked-salmon--taste-the-difference-120g;Sainsbury's Wild Sockeye Smoked Salmon, Taste the Difference 120g;£5.75/unit;£4.79/100g;Organic & Taste the Difference;organic-taste-the-difference;113;21.7;0.5;0.5;2.7;0.7;0.5;3.90;
sainsburys-wiltshire-cured-ham--taste-the-difference-120g;Sainsbury's Wiltshire Cured Ham, Taste the Difference 120g;£3.00/unit;£2.50/100g;Cooked meats & snacking;ham-82654-44;133;23.3;0.5;0.5;4.4;1.4;0.5;2.50;
sainsburys-wiltshire-cured-ham--taste-the-difference-120g;Sainsbury's Wiltshire Cured Ham, Taste the Difference 120g;£3.00/unit;£2.50/100g;Cooked meats & snacking;mfp-cooked-meats-snacking-taste-the-difference;133;23.3;0.5;0.5;4.4;1.4;0.5;2.50;
sainsburys-wiltshire-cured-ham--taste-the-difference-120g;Sainsbury's Wiltshire Cured Ham, Taste the Difference 120g;£3.00/unit;£2.50/100g;Cooked meats, pate & sandwich fillers;cooked-meats-taste-the-difference;133;23.3;0.5;0.5;4.4;1.4;0.5;2.50;
sainsburys-wiltshire-cured-ham--taste-the-difference-120g;Sainsbury's Wiltshire Cured Ham, Taste the Difference 120g;£3.00/unit;£2.50/100g;Cooked meats, pate & sandwich fillers;ham;133;23.3;0.5;0.5;4.4;1.4;0.5;2.50;
sainsburys-wiltshire-cured-ham--taste-the-difference-240g;Sainsbury's Wiltshire Cured Ham, Taste the Difference 240g;£3.00/unit;£1.25/100g;Cooked meats & snacking;ham-82654-44;133;23.3;0.5;0.5;4.4;1.4;0.5;2.50;
sainsburys-wiltshire-cured-ham--taste-the-difference-240g;Sainsbury's Wiltshire Cured Ham, Taste the Difference 240g;£3.00/unit;£1.25/100g;Cooked meats & snacking;mfp-cooked-meats-snacking-taste-the-difference;133;23.3;0.5;0.5;4.4;1.4;0.5;2.50;
sainsburys-wiltshire-cured-ham--taste-the-difference-240g;Sainsbury's Wiltshire Cured Ham, Taste the Difference 240g;£3.00/unit;£1.25/100g;Cooked meats, pate & sandwich fillers;cooked-meats-taste-the-difference;133;23.3;0.5;0.5;4.4;1.4;0.5;2.50;
sainsburys-wiltshire-cured-ham--taste-the-difference-240g;Sainsbury's Wiltshire Cured Ham, Taste the Difference 240g;£3.00/unit;£1.25/100g;Cooked meats, pate & sandwich fillers;ham;133;23.3;0.5;0.5;4.4;1.4;0.5;2.50;
sainsburys-wiltshire-cured-oak-smoked-bacon--taste-the-difference-240g;Sainsbury's Wiltshire Cured Oak Smoked Bacon, Taste the Difference 240g;£3.00/unit;£12.50/kg;Bacon & gammon;bacon;278;32.7;1.0;0.5;15.8;6.8;0.6;4.97;
sainsburys-wiltshire-cured-oak-smoked-bacon--taste-the-difference-240g;Sainsbury's Wiltshire Cured Oak Smoked Bacon, Taste the Difference 240g;£3.00/unit;£12.50/kg;Organic & Taste the Difference;organic-taste-the-difference;278;32.7;1.0;0.5;15.8;6.8;0.6;4.97;
sainsburys-wiltshire-cured-unsmoked-back-bacon--taste-the-difference-240g;Sainsbury's Wiltshire Cured Unsmoked Back Bacon, Taste the Difference 240g;£3.00/unit;£12.50/kg;Bacon & gammon;bacon;298;34.0;1.0;0.5;17.4;7.2;0.6;5.58;
sainsburys-wiltshire-cured-unsmoked-back-bacon--taste-the-difference-240g;Sainsbury's Wiltshire Cured Unsmoked Back Bacon, Taste the Difference 240g;£3.00/unit;£12.50/kg;Organic & Taste the Difference;organic-taste-the-difference;298;34.0;1.0;0.5;17.4;7.2;0.6;5.58;
sainsburys-wiltshire-ham-gratin--taste-the-difference-400g-7583037-p-44;Sainsbury's Wiltshire Ham Gratin, Taste the Difference 400g;£3.30/unit;£8.25/kg;Ready meals;british-ready-meals;172;9.2;13.1;1.5;8.7;4.8;2.1;0.70;
sainsburys-wiltshire-ham-gratin--taste-the-difference-400g-7583037-p-44;Sainsbury's Wiltshire Ham Gratin, Taste the Difference 400g;£3.30/unit;£8.25/kg;Ready meals;meals-for-1-ready-meals;172;9.2;13.1;1.5;8.7;4.8;2.1;0.70;
sainsburys-wiltshire-ham-gratin--taste-the-difference-400g-7583037-p-44;Sainsbury's Wiltshire Ham Gratin, Taste the Difference 400g;£3.30/unit;£8.25/kg;Ready meals;taste-the-difference-bistro-ready-meals;172;9.2;13.1;1.5;8.7;4.8;2.1;0.70;
sainsburys-wiltshire-ham-gratin--taste-the-difference-bistro-800g;Sainsbury's Wiltshire Ham Gratin, Taste the Difference Bistro 800g;£6.00/unit;£7.50/kg;Ready meals;british-ready-meals;172;9.2;13.1;1.5;8.7;4.8;2.1;0.70;
sainsburys-wiltshire-ham-gratin--taste-the-difference-bistro-800g;Sainsbury's Wiltshire Ham Gratin, Taste the Difference Bistro 800g;£6.00/unit;£7.50/kg;Ready meals;taste-the-difference-bistro-ready-meals;172;9.2;13.1;1.5;8.7;4.8;2.1;0.70;
sainsburys-wine-gums-250g;Sainsbury's Wine Gums 250g;£0.95/unit;£0.38/100g;Confectionery;sweets;347;5.8;79;55;0.9;0.7;0.5;0.08;
sainsburys-wine-vinegar--red-wine-500ml;Sainsbury's Wine Vinegar, Red Wine 500ml;£1.15/unit;£2.30/ltr;Vinegar, pickles, olives & antipasti;vinegar;22;0.5;0.8;0.5;0.5;0.1;0.5;0.02;
sainsburys-wine-vinegar--white-wine-500ml;Sainsbury's Wine Vinegar, White Wine 500ml;£1.15/unit;£2.30/ltr;Vinegar, pickles, olives & antipasti;vinegar;21;0.5;0.6;0.5;0.5;0.1;0.5;0.02;
sainsburys-winterberries-juice-drink-1l;Sainsbury's Winterberries Juice Drink 1L;£1.40/unit;£0.14/100ml;Chilled fruit juice & smoothies;chilled-fruit-juice;44;0.5;10.6;9.1;0.5;0.1;0.5;0.01;
sainsburys-wizard-fairy-cakes-x12;Sainsbury's Wizard Fairy Cakes x12;£1.00/unit;£0.08/ea;Cakes;cakes-from-our-bakery-12374-44;null;null;null;null;null;null;null;null;
sainsburys-wizard-fairy-cakes-x12;Sainsbury's Wizard Fairy Cakes x12;£1.00/unit;£0.08/ea;From our in store bakery;cakes-from-our-bakery;null;null;null;null;null;null;null;null;
sainsburys-woodland-free-ranged-mixed-weight-eggs-x15;Sainsbury's Woodland Free Ranged Mixed Weight Eggs x15;£2.00/unit;£0.13/ea;Fresh milk & eggs;eggs;143;14.1;0.5;0.5;9.6;2.7;0.5;0.38;
sainsburys-woodland-free-ranged-mixed-weight-eggs-x15;Sainsbury's Woodland Free Ranged Mixed Weight Eggs x15;£2.00/unit;£0.13/ea;Sugar & home baking;home-baking-eggs;143;14.1;0.5;0.5;9.6;2.7;0.5;0.38;
sainsburys-woodland-fruit-strudel-x2-300g-%28serves-6%29;Sainsbury's Woodland Fruit Strudel x2 600g (Serves 6);£1.00/unit;£0.17/100g;Ice cream & desserts;frozen-hot-desserts;268;3.0;34.5;14.7;12.7;7.0;2.1;0.30;
sainsburys-worcestershire-sauce-150ml;Sainsbury's Worcester Sauce 150ml;£0.90/unit;£0.60/100ml;Table sauces, dressings & condiments;worcester-soy-sauce;143;0.8;30.3;26.7;0.7;0.3;0.8;3.40;
sainsburys-wrapping-foil-30m-x--basics-290mm;Sainsbury's Wrapping Foil, Basics 290mmx30m;£1.15/unit;£0.04/mtr;Bread;sandwich-bags-food-storage;null;null;null;null;null;null;null;null;
sainsburys-wrapping-foil-30m-x--basics-290mm;Sainsbury's Wrapping Foil, Basics 290mmx30m;£1.15/unit;£0.04/mtr;Sugar & home baking;cake-cases---baking-accessories;null;null;null;null;null;null;null;null;
sainsburys-wraps--be-good-to-yourself-x8;Sainsbury's Wraps, Be Good To Yourself x8;£1.00/unit;£0.13/ea;Wraps, bagels & pittas;wraps-bagels-pittas;261;7.1;51.5;2.2;2.0;0.5;4.0;0.93;
sainsburys-x6-mini-egg-snack-bags-72g;Sainsbury's Egg Bites, Mini x6 72g;£0.65/unit;£0.90/100g;Pies, pasties & quiche;sausage-rolls-savouries;288;9.4;21.7;0.5;17.8;4.8;1.6;0.88;
sainsburys-x6-mini-egg-snack-bags-72g;Sainsbury's Egg Bites, Mini x6 72g;£0.65/unit;£0.90/100g;Soup & lunchtime snacks;lunchtime-snacks;288;9.4;21.7;0.5;17.8;4.8;1.6;0.88;
sainsburys-yeast-extract--reduced-salt-225g;Sainsbury's Yeast Extract, Reduced Salt 225g;£1.90/unit;£0.84/100g;Jams, honey & spreads;marmite-yeast-extracts;246;41.2;17.6;1.9;0.5;0.1;4.3;6.50;
sainsburys-yellow--orange---white-sprinkles-80g;Sainsbury's Cake Decorations, Yellow, Orange & White Sprinkles 80g;£1.00/unit;£1.25/100g;Sugar & home baking;decorations;384;0.5;94.8;78.4;0.5;0.1;0.9;0.05;
sainsburys-yellow-designer-icing-120g;Sainsbury's Yellow Designer Icing 120g;£1.40/unit;£1.17/100g;Sugar & home baking;decorations;396;0.5;81.7;81.3;7.4;1.7;0.6;0.05;
sainsburys-yellow-designer-icing-120g;Sainsbury's Yellow Designer Icing 120g;£1.40/unit;£1.17/100g;Sugar & home baking;icing---marzipan;396;0.5;81.7;81.3;7.4;1.7;0.6;0.05;
sainsburys-yellow-food-colouring-38ml;Sainsbury's Yellow Food Colouring 38ml;£1.00/unit;£0.26/10ml;Sugar & home baking;baking-ingredients---colourings;null;null;null;null;null;null;null;null;
sainsburys-yellow-pepper-%28each%29;Sainsbury's Yellow Pepper (each);£0.60/unit;£0.60/ea;Fresh salad;peppers;null;null;null;null;null;null;null;null;
sainsburys-yellow-pepper-%28each%29;Sainsbury's Yellow Pepper (each);£0.60/unit;£0.60/ea;Fresh vegetables;peppers-salad-vegetables;null;null;null;null;null;null;null;null;
sainsburys-yellowfin-tuna--lime---coriander-fishcakes--taste-the-difference-x2-300g;Sainsbury's Yellowfin Tuna, Lime & Coriander Fishcakes, Taste the Difference x2 300g;£3.00/unit;£10.00/kg;Breaded & coated;breaded-coated-fish-seafood;190;12.7;17.0;1.4;7.3;0.8;2.7;0.43;
sainsburys-yellowfin-tuna--lime---coriander-fishcakes--taste-the-difference-x2-300g;Sainsbury's Yellowfin Tuna, Lime & Coriander Fishcakes, Taste the Difference x2 300g;£3.00/unit;£10.00/kg;Fish & seafood;fishcakes-breaded-fish;190;12.7;17.0;1.4;7.3;0.8;2.7;0.43;
sainsburys-yellowfin-tuna--lime---coriander-fishcakes--taste-the-difference-x2-300g;Sainsbury's Yellowfin Tuna, Lime & Coriander Fishcakes, Taste the Difference x2 300g;£3.00/unit;£10.00/kg;Just Cook, prepared & sauces;fuss-free-fish-135654-44;190;12.7;17.0;1.4;7.3;0.8;2.7;0.43;
sainsburys-yellowfin-tuna--lime---coriander-fishcakes--taste-the-difference-x2-300g;Sainsbury's Yellowfin Tuna, Lime & Coriander Fishcakes, Taste the Difference x2 300g;£3.00/unit;£10.00/kg;Organic & Taste the Difference;organic-taste-the-difference;190;12.7;17.0;1.4;7.3;0.8;2.7;0.43;
sainsburys-yellowfin-tuna-steaks--taste-the-difference-x2-300g;Sainsbury's Yellowfin Tuna Steaks, Taste the Difference x2 300g;£3.75/unit;£12.50/kg;Fish & seafood;frozen-fish-seafood;133;29.8;0.5;0.5;1.4;0.3;0.5;0.14;
sainsburys-yorkshire-pudding--basics-x15-230g;Sainsbury's Yorkshire Pudding, Basics x15 230g;£0.65/unit;£2.95/kg;Yorkshire puddings;frozen-yorkshire-puddings;285;9.0;42.1;2.8;8.3;0.7;2.8;0.53;
sainsburys-yorkshire-puddings-x12-220g;Sainsbury's Yorkshire Puddings x12 220g;£1.00/unit;£4.55/kg;Yorkshire puddings;frozen-yorkshire-puddings;276;9.3;40.1;2.5;8.0;0.7;3.2;0.50;
sainsburys-yorkshire-puddings-x6-132g;Sainsbury's Yorkshire Puddings x6 132g;£1.00/unit;£7.58/kg;Beef;beef;275;8.3;40.3;4.0;8.3;0.7;3.0;0.45;
sainsburys-yorkshire-top-chicken-dinner--be-good-to-yourself-350g;Sainsbury's Yorkshire Top Chicken Dinner, Be Good To Yourself 350g;£2.40/unit;£6.86/kg;Ready meals;british-ready-meals;89;7.0;10.7;1.2;1.6;0.4;1.8;0.35;
sainsburys-yorkshire-top-chicken-dinner--be-good-to-yourself-350g;Sainsbury's Yorkshire Top Chicken Dinner, Be Good To Yourself 350g;£2.40/unit;£6.86/kg;Ready meals;healthier-choice-ready-meals;89;7.0;10.7;1.2;1.6;0.4;1.8;0.35;
sainsburys-yorkshire-top-chicken-dinner--be-good-to-yourself-350g;Sainsbury's Yorkshire Top Chicken Dinner, Be Good To Yourself 350g;£2.40/unit;£6.86/kg;Ready meals;meals-for-1-ready-meals;89;7.0;10.7;1.2;1.6;0.4;1.8;0.35;
sainsburys-young-leaf-salad--basics-75g;Sainsbury's Young Leaf Salad, Basics 75g;£1.00/unit;£1.33/100g;Fresh salad;fresh-salad-prepared-ready-to-eat;23;2.0;1.4;0.6;0.6;0.1;1.9;0.03;
sainsburys-young-leaf-salad--basics-75g;Sainsbury's Young Leaf Salad, Basics 75g;£1.00/unit;£1.33/100g;Fresh salad;salad-bags;23;2.0;1.4;0.6;0.6;0.1;1.9;0.03;
sainsburys-young-leaf-salad--basics-75g;Sainsbury's Young Leaf Salad, Basics 75g;£1.00/unit;£1.33/100g;Prepared & ready to eat;prepared-salad-herbs;23;2.0;1.4;0.6;0.6;0.1;1.9;0.03;
sainsburys-young-leaf-spinach-100g;Sainsbury's Young Leaf Spinach 100g;£1.00/unit;£10.00/kg;Fresh vegetables;broccoli-cauliflower-cabbage-greens;24;2.7;1.2;0.5;0.6;0.1;1.4;0.15;
sainsburys-young-leaf-spinach-100g;Sainsbury's Young Leaf Spinach 100g;£1.00/unit;£10.00/kg;In season;new-in-season;24;2.7;1.2;0.5;0.6;0.1;1.4;0.15;
sainsburys-young-leaf-spinach-100g;Sainsbury's Young Leaf Spinach 100g;£1.00/unit;£10.00/kg;Prepared & ready to eat;prepared-salad-herbs;24;2.7;1.2;0.5;0.6;0.1;1.4;0.15;
sainsburys-young-leaf-spinach-100g;Sainsbury's Young Leaf Spinach 100g;£1.00/unit;£10.00/kg;Prepared & ready to eat;prepared-vegetables;24;2.7;1.2;0.5;0.6;0.1;1.4;0.15;
sainsburys-young-leaf-spinach-200g;Sainsbury's Young Leaf Spinach 200g;£1.50/unit;£7.50/kg;Fresh salad;fresh-salad-prepared-ready-to-eat;24;2.7;1.2;0.5;0.6;0.1;1.4;0.15;
sainsburys-young-leaf-spinach-200g;Sainsbury's Young Leaf Spinach 200g;£1.50/unit;£7.50/kg;Fresh vegetables;broccoli-cauliflower-cabbage-greens;24;2.7;1.2;0.5;0.6;0.1;1.4;0.15;
sainsburys-young-leaf-spinach-200g;Sainsbury's Young Leaf Spinach 200g;£1.50/unit;£7.50/kg;In season;new-in-season;24;2.7;1.2;0.5;0.6;0.1;1.4;0.15;
sainsburys-young-leaf-spinach-200g;Sainsbury's Young Leaf Spinach 200g;£1.50/unit;£7.50/kg;Prepared & ready to eat;prepared-salad-herbs;24;2.7;1.2;0.5;0.6;0.1;1.4;0.15;
sainsburys-young-leaf-spinach-200g;Sainsbury's Young Leaf Spinach 200g;£1.50/unit;£7.50/kg;Prepared & ready to eat;prepared-vegetables;24;2.7;1.2;0.5;0.6;0.1;1.4;0.15;
sainsburys-young-spinach--so-organic-160g;Sainsbury's Young Spinach, SO Organic 160g;£2.00/unit;£12.50/kg;Fresh salad;fresh-salad-prepared-ready-to-eat;24;2.7;1.2;0.5;0.6;0.1;1.4;0.15;
sainsburys-young-spinach--so-organic-160g;Sainsbury's Young Spinach, SO Organic 160g;£2.00/unit;£12.50/kg;Fresh vegetables;broccoli-cauliflower-cabbage-greens;24;2.7;1.2;0.5;0.6;0.1;1.4;0.15;
sainsburys-young-spinach--so-organic-160g;Sainsbury's Young Spinach, SO Organic 160g;£2.00/unit;£12.50/kg;Prepared & ready to eat;prepared-salad-herbs;24;2.7;1.2;0.5;0.6;0.1;1.4;0.15;
sainsburys-young-spinach--so-organic-160g;Sainsbury's Young Spinach, SO Organic 160g;£2.00/unit;£12.50/kg;Prepared & ready to eat;prepared-vegetables;24;2.7;1.2;0.5;0.6;0.1;1.4;0.15;
sainsburys-young-spinach--so-organic-200g;Sainsbury's Young Spinach, SO Organic 200g;£1.60/unit;£8.00/kg;Fresh salad;fresh-salad-prepared-ready-to-eat;29;2.8;1.6;1.5;0.8;0.1;2.1;0.35;
sainsburys-young-spinach--so-organic-200g;Sainsbury's Young Spinach, SO Organic 200g;£1.60/unit;£8.00/kg;Fresh vegetables;broccoli-cauliflower-cabbage-greens;29;2.8;1.6;1.5;0.8;0.1;2.1;0.35;
sainsburys-young-spinach--so-organic-200g;Sainsbury's Young Spinach, SO Organic 200g;£1.60/unit;£8.00/kg;Organic;organic;29;2.8;1.6;1.5;0.8;0.1;2.1;0.35;
sainsburys-young-spinach--so-organic-200g;Sainsbury's Young Spinach, SO Organic 200g;£1.60/unit;£8.00/kg;Prepared & ready to eat;prepared-salad-herbs;29;2.8;1.6;1.5;0.8;0.1;2.1;0.35;
sainsburys-young-spinach--so-organic-200g;Sainsbury's Young Spinach, SO Organic 200g;£1.60/unit;£8.00/kg;Prepared & ready to eat;prepared-vegetables;29;2.8;1.6;1.5;0.8;0.1;2.1;0.35;
sainsburys-young-spinach-260g;Sainsbury's Young Spinach 260g;£1.50/unit;£5.77/kg;Fresh vegetables;broccoli-cauliflower-cabbage-greens;19;2.6;0.5;0.5;0.6;0.1;1.2;0.08;
sainsburys-young-spinach-260g;Sainsbury's Young Spinach 260g;£1.50/unit;£5.77/kg;In season;new-in-season;19;2.6;0.5;0.5;0.6;0.1;1.2;0.08;
salad-bean-mix-300g;Sainsbury's Salad Bean Mix 300g;£1.10/unit;£3.67/kg;Canned, tinned & packaged foods;pulses-beans;132;9.8;18.2;0.6;0.5;0.0;7.7;0;
san-leandro-extra-virgin-olive-oil-500ml;San Leandro Extra Virgin Olive Oil 500ml;£5.50/unit;£1.10/100ml;Cooking ingredients & oils;oils;824;0;0;0;91.6;12.8;null;null;
san-leandro-extra-virgin-olive-oil-500ml;San Leandro Extra Virgin Olive Oil 500ml;£5.50/unit;£1.10/100ml;Table sauces, dressings & condiments;salad-dressings;824;0;0;0;91.6;12.8;null;null;
santa-maria-enchilada-kit-460g;Santa Maria Enchilada Kit 460g;£3.20/unit;£0.70/100g;Cooking sauces & world foods;meal-kits;992;7.2;42;5.4;3.5;1.5;null;2.4;
santa-maria-enchilada-kit-460g;Santa Maria Enchilada Kit 460g;£3.20/unit;£0.70/100g;Cooking sauces & world foods;mexican-cooking-sauces;992;7.2;42;5.4;3.5;1.5;null;2.4;
santa-maria-enchilada-seasoning-mix-30g;Santa Maria Enchilada Seasoning Mix 30g;£0.90/unit;£3.00/100g;Cooking sauces & world foods;mexican-cooking-sauces;272;11.7;29.5;4.9;7.2;0.9;null;18.0;
santa-maria-fajita-kit-hot-470g;Santa Maria Fajita Kit Hot 470g;£3.20/unit;£0.67/100g;Cooking sauces & world foods;meal-kits;968;6.0;39;5.2;4.6;2.1;null;3.4;
santa-maria-fajita-kit-hot-470g;Santa Maria Fajita Kit Hot 470g;£3.20/unit;£0.67/100g;Cooking sauces & world foods;mexican-cooking-sauces;968;6.0;39;5.2;4.6;2.1;null;3.4;
santa-maria-fajita-kit-medium-470g;Santa Maria Fajita Kit Medium 470g;£3.20/unit;£0.68/100g;Cooking sauces & world foods;meal-kits;968;5.9;39.7;4.3;4.6;2.1;null;4.0;
santa-maria-fajita-kit-medium-470g;Santa Maria Fajita Kit Medium 470g;£3.20/unit;£0.68/100g;Cooking sauces & world foods;mexican-cooking-sauces;968;5.9;39.7;4.3;4.6;2.1;null;4.0;
santa-maria-fajita-kit-smoky-bbq-475g;Santa Maria Fajita Kit Smoky BBQ 475g;£3.20/unit;£0.67/100g;Cooking sauces & world foods;meal-kits;1113;6.1;38.7;4.8;9.0;5.0;null;2.9;
santa-maria-fajita-kit-smoky-bbq-475g;Santa Maria Fajita Kit Smoky BBQ 475g;£3.20/unit;£0.67/100g;Cooking sauces & world foods;mexican-cooking-sauces;1113;6.1;38.7;4.8;9.0;5.0;null;2.9;
santa-maria-green-jalapenos-hot-200g;Santa Maria Green Jalapenos Hot 200g;£1.30/unit;£0.65/100g;Cooking sauces & world foods;mexican-cooking-sauces;16;0.4;0.7;0.7;0.9;0.3;null;5.4;
santa-maria-green-jalapenos-hot-200g;Santa Maria Green Jalapenos Hot 200g;£1.30/unit;£0.65/100g;Vinegar, pickles, olives & antipasti;pickled-food;16;0.4;0.7;0.7;0.9;0.3;null;5.4;
santa-maria-guacamole-style-topping-290g;Santa Maria Guacamole Style Topping 290g;£2.00/unit;£0.69/100g;Cooking sauces & world foods;mexican-cooking-sauces;82;1.2;6.0;3.7;5.6;3.5;null;1.1;
santa-maria-habanero-chilli-con-carne-sauce-375g;Santa Maria Habanero Chilli Con Carne Sauce 375g;£2.00/unit;£0.53/100g;Cooking sauces & world foods;mexican-cooking-sauces;78;3.3;12.5;6.2;0.7;0.1;null;1.3;
santa-maria-red-jalapenos-hot-200g;Santa Maria Red Jalapenos Hot 200g;£1.30/unit;£0.65/100g;Cooking sauces & world foods;mexican-cooking-sauces;72;0.7;15.8;15.1;0.3;0.1;null;4.3;
santa-maria-red-jalapenos-hot-200g;Santa Maria Red Jalapenos Hot 200g;£1.30/unit;£0.65/100g;Vinegar, pickles, olives & antipasti;pickled-food;72;0.7;15.8;15.1;0.3;0.1;null;4.3;
santa-maria-smoked-paprika-medium-chilli-sauce370g;Santa Maria Smoked Paprika Medium Chilli Sauce370g;£2.00/unit;£0.54/100g;Cooking sauces & world foods;mexican-cooking-sauces;76;3.6;11.0;3.7;1.0;0.2;null;0.56;
santa-maria-soft-tortillas--plain-flour-x8-360g;Santa Maria Soft Tortillas, Plain Flour x8 360g;£1.50/unit;£0.47/100g;Cooking sauces & world foods;mexican-cooking-sauces;295;7.5;50.8;3.2;6.3;3.0;null;3.0;
santa-maria-soft-tortillas--plain-flour-x8-360g;Santa Maria Soft Tortillas, Plain Flour x8 360g;£1.50/unit;£0.47/100g;Wraps, bagels & pittas;wraps-bagels-pittas;295;7.5;50.8;3.2;6.3;3.0;null;3.0;
santa-maria-soured-cream-topping-280g;Santa Maria Soured Cream Topping 280g;£2.00/unit;£0.71/100g;Cooking sauces & world foods;mexican-cooking-sauces;118;1.6;4.7;1.1;10.1;6.0;null;0.11;
santa-maria-sweet-pepper---mexican-herb-mild-chilli-sauce-369g;Santa Maria Sweet Pepper & Mexican Herb Mild Chilli Sauce 369g;£2.00/unit;£0.54/100g;Cooking sauces & world foods;mexican-cooking-sauces;64;2.5;10.5;4.2;0.9;0.1;null;0.47;
santa-maria-taco-shells-135g;Santa Maria Taco Shells 135g;£1.50/unit;£1.11/100g;Cooking sauces & world foods;mexican-cooking-sauces;1954466;5.8;64.1;0.5;19.8;8.4;null;0.9;
sarsons-brown-malt-vinegar-250ml;Sarson's Brown Malt Vinegar 250ml;£0.70/unit;£2.80/ltr;Vinegar, pickles, olives & antipasti;vinegar;null;null;null;null;null;null;null;null;
sarsons-brown-malt-vinegar-400ml;Sarson's Brown Malt Vinegar 400ml;£0.90/unit;£2.25/ltr;Vinegar, pickles, olives & antipasti;vinegar;null;null;null;null;null;null;null;null;
sarsons-brown-malt-vinegar-568ml;Sarson's Brown Malt Vinegar 568ml;£1.00/unit;£1.76/ltr;Vinegar, pickles, olives & antipasti;vinegar;null;null;null;null;null;null;null;null;
sarsons-browning-gravy-mix-150g;Sarson's Browning Gravy Mix 150g;£1.00/unit;£0.67/100g;Cooking ingredients & oils;gravy;149;14;25;1.1;0.5;0.2;5.6;12.3;
sarsons-distilled-pickling-vinegar-114l;Sarson's Distilled & Spiced Pickling Vinegar 1.14L;£1.50/unit;£1.32/ltr;Vinegar, pickles, olives & antipasti;vinegar;null;null;null;null;null;null;null;null;
sarsons-distilled-white-vinegar-568ml;Sarson's Distilled White Vinegar 568ml;£1.00/unit;£1.76/ltr;Vinegar, pickles, olives & antipasti;vinegar;null;null;null;null;null;null;null;null;
sarsons-malt-vinegar--for-pickling-114ltr;Sarson's Ready Spiced Pickling Vinegar 1.14L;£1.50/unit;£1.32/ltr;Vinegar, pickles, olives & antipasti;vinegar;null;null;null;null;null;null;null;null;
sarsons-malt-vinegar--light-250ml;Sarson's Malt Vinegar, Light 250ml;£0.70/unit;£2.80/ltr;Vinegar, pickles, olives & antipasti;vinegar;null;null;null;null;null;null;null;null;
sarsons-malt-vinegar-2ltr;Sarson's Malt Vinegar 2ltr;£3.00/unit;£1.50/ltr;Vinegar, pickles, olives & antipasti;vinegar;null;null;null;null;null;null;null;null;
saxa-table-salt-750g;Saxa Table Salt 750g;£0.85/unit;£1.13/kg;Cooking ingredients & oils;salt-pepper;null;null;null;null;null;null;null;null;
saxa-table-salt-drum-750g;Saxa Table Salt Drum 750g;£0.90/unit;£1.20/kg;Cooking ingredients & oils;salt-pepper;null;null;null;null;null;null;null;null;
scan-original-swedish-meatballs-230g;Scan Original Swedish Meatballs 230g;£2.00/unit;£8.70/kg;Beef;beef;230;120;82;12;170;70;10;14;
scan-original-swedish-meatballs-395g;Scan Original Swedish Meatballs 395g;£3.00/unit;£7.59/kg;Beef;beef;230;120;82;12;170;70;10;14;
schwartz-asafoetida-jar-52g;Schwartz Asafoetida Jar 52g;£1.65/unit;£0.32/10g;Cooking ingredients & oils;herbs-spices-seasoning;null;null;null;null;null;null;null;null;
schwartz-authentic-mix--beef-casserole-43g;Schwartz Mix Beef Casserole 43g;£0.80/unit;£1.86/100g;Cooking sauces & world foods;packet-sauces;307;7.5;64.9;4.2;1.3;0.3;null;14.13;
schwartz-authentic-mix--chilli-con-carne-41g;Schwartz Mix Chilli Con Carne 41g;£0.80/unit;£1.95/100g;Cooking sauces & world foods;packet-sauces;324;8.2;60.8;3.4;3.6;1.1;null;9.63;
schwartz-authentic-sauce-mixes--for-chicken-chasseur-40g;Schwartz Mix Chicken Chasseur 40g;£0.80/unit;£2.00/100g;Cooking sauces & world foods;packet-sauces;323;9.6;61.3;6.3;3.3;1.5;4.8;10.63;
schwartz-authentic-sauce-mixes--for-lasagne-36g;Schwartz Mix Lasagne 36g;£0.80/unit;£2.22/100g;Cooking sauces & world foods;packet-sauces;330;6.9;71.0;1.2;1.2;0.5;null;4.63;
schwartz-authentic-sauce-mixes--for-shepherds-pie-38g;Schwartz Mix Shepherds Pie 38g;£0.80/unit;£2.11/100g;Cooking sauces & world foods;packet-sauces;311;8.2;60.3;15.0;2.3;0.5;null;12.88;
schwartz-authentic-sauce-mixes--for-spaghetti-bolognese-40g;Schwartz Mix Spaghetti Bolognese 40g;£0.80/unit;£2.00/100g;Cooking sauces & world foods;packet-sauces;308;9.1;61.5;7.7;1.6;0.6;null;10.13;
schwartz-basil-jar-10g;Schwartz Basil Jar 10g;£1.65/unit;£1.65/10g;Cooking ingredients & oils;herbs-spices-seasoning;null;null;null;null;null;null;null;null;
schwartz-basil-refill-10g;Schwartz Basil Refill 10g;£1.40/unit;£1.40/10g;Cooking ingredients & oils;herbs-spices-seasoning;null;null;null;null;null;null;null;null;
schwartz-bay-leaves-refill-6g;Schwartz Bay Leaves Refill 6g;£1.40/unit;£2.33/10g;Cooking ingredients & oils;herbs-spices-seasoning;null;null;null;null;null;null;null;null;
schwartz-birds-eye-chilli-jar-11g;Schwartz Birds Eye Chilli Jar 11g;£1.65/unit;£1.50/10g;Cooking ingredients & oils;chilli-curry-powder;null;null;null;null;null;null;null;null;
schwartz-birds-eye-chilli-jar-11g;Schwartz Birds Eye Chilli Jar 11g;£1.65/unit;£1.50/10g;Cooking ingredients & oils;herbs-spices-seasoning;null;null;null;null;null;null;null;null;
schwartz-black---red-pepper-45g;Schwartz Black & Red Pepper 45g;£2.00/unit;£0.44/10g;Cooking ingredients & oils;herbs-spices-seasoning;null;null;null;null;null;null;null;null;
schwartz-black---red-pepper-45g;Schwartz Black & Red Pepper 45g;£2.00/unit;£0.44/10g;Cooking ingredients & oils;salt-pepper;null;null;null;null;null;null;null;null;
schwartz-black-onion-seeds-42g;Schwartz Black Onion Seeds 42g;£1.65/unit;£0.39/10g;Cooking ingredients & oils;herbs-spices-seasoning;null;null;null;null;null;null;null;null;
schwartz-black-pepper--ground-33g;Schwartz Black Pepper, Ground 33g;£2.00/unit;£0.61/10g;Cooking ingredients & oils;salt-pepper;null;null;null;null;null;null;null;null;
schwartz-black-peppercorns-35g;Schwartz Black Peppercorns 35g;£2.00/unit;£0.57/10g;Cooking ingredients & oils;salt-pepper;null;null;null;null;null;null;null;null;
schwartz-black-peppercorns-refill-35g;Schwartz Black Peppercorns Refill 35g;£1.80/unit;£0.51/10g;Cooking ingredients & oils;salt-pepper;null;null;null;null;null;null;null;null;
schwartz-bombay-potato-sauce-mix-33g;Schwartz Mix Bombay Potato Sauce 33g;£0.80/unit;£2.42/100g;Cooking sauces & world foods;packet-sauces;326;15.4;27.0;10.0;12.1;1.2;23.5;9.50;
schwartz-bouquet-garni-8x5g;Schwartz Bouquet Garni 8x5g;£1.40/unit;£2.80/10g;Cooking ingredients & oils;herbs-spices-seasoning;null;null;null;null;null;null;null;null;
schwartz-cajun-seasoning-jar-44g;Schwartz Cajun Herb & Spice Seasoning 44g;£1.65/unit;£0.38/10g;Cooking ingredients & oils;herbs-spices-seasoning;null;null;null;null;null;null;null;null;
schwartz-caraway-seeds-38g;Schwartz Caraway Seeds 38g;£1.65/unit;£0.43/10g;Cooking ingredients & oils;herbs-spices-seasoning;null;null;null;null;null;null;null;null;
schwartz-cayenne-pepper-jar-26g;Schwartz Cayenne Pepper Jar 26g;£1.65/unit;£0.63/10g;Cooking ingredients & oils;herbs-spices-seasoning;null;null;null;null;null;null;null;null;
schwartz-celery-salt-jar-72g;Schwartz Celery Salt Jar 72g;£1.65/unit;£0.23/10g;Cooking ingredients & oils;herbs-spices-seasoning;null;null;null;null;null;null;null;null;
schwartz-chargrilled-chicken-seasoning-51g;Schwartz Chargrilled Chicken Seasoning 51g;£1.65/unit;£0.32/10g;Cooking ingredients & oils;herbs-spices-seasoning;null;null;null;null;null;null;null;null;
schwartz-cheddar-cheese-sauce-40g;Schwartz Mix Cheddar Cheese Sauce 40g;£0.80/unit;£2.00/100g;Cooking sauces & world foods;packet-sauces;366;12.7;67.9;1.3;4.9;2.9;null;7.13;
schwartz-chicken---leek-casserole-35g;Schwartz Mix Chicken & Leek Casserole 35g;£0.80/unit;£2.29/100g;Cooking sauces & world foods;packet-sauces;416;12.0;52.1;2.1;16.4;9.5;null;6.25;
schwartz-chicken-seasoning-56g;Schwartz Chicken Seasoning 56g;£1.65/unit;£0.29/10g;Cooking ingredients & oils;herbs-spices-seasoning;null;null;null;null;null;null;null;null;
schwartz-chilli-powder-hot-refill-38g;Schwartz Chilli Powder Hot Refill 38g;£1.40/unit;£0.37/10g;Cooking ingredients & oils;chilli-curry-powder;null;null;null;null;null;null;null;null;
schwartz-chilli-powder-hot-refill-38g;Schwartz Chilli Powder Hot Refill 38g;£1.40/unit;£0.37/10g;Cooking ingredients & oils;herbs-spices-seasoning;null;null;null;null;null;null;null;null;
schwartz-chillies--refill-11g;Schwartz Chillies, Refill 11g;£1.40/unit;£1.27/10g;Cooking ingredients & oils;chilli-curry-powder;null;null;null;null;null;null;null;null;
schwartz-chillies--refill-11g;Schwartz Chillies, Refill 11g;£1.40/unit;£1.27/10g;Cooking ingredients & oils;herbs-spices-seasoning;null;null;null;null;null;null;null;null;
schwartz-chip-seasoning-55g;Schwartz Chip Seasoning 55g;£1.65/unit;£0.30/10g;Cooking ingredients & oils;herbs-spices-seasoning;null;null;null;null;null;null;null;null;
schwartz-chives--gourmet-1g;Schwartz Chives, 1g;£1.65/unit;£16.50/10g;Cooking ingredients & oils;herbs-spices-seasoning;null;null;null;null;null;null;null;null;
schwartz-cinnamon-sticks-13g;Schwartz Cinnamon Sticks 13g;£1.65/unit;£1.27/10g;Cooking ingredients & oils;herbs-spices-seasoning;null;null;null;null;null;null;null;null;
schwartz-classic-barbecue-seasoning-44g;Schwartz Classic Barbecue Seasoning 44g;£1.65/unit;£0.38/10g;Cooking ingredients & oils;herbs-spices-seasoning;null;null;null;null;null;null;null;null;
schwartz-coarse-ground-black-pepper-33g;Schwartz Coarse Ground Black Pepper 33g;£2.00/unit;£0.61/10g;Cooking ingredients & oils;salt-pepper;null;null;null;null;null;null;null;null;
schwartz-coriander-jar-7g;Schwartz Coriander Jar 7g;£1.65/unit;£2.36/10g;Cooking ingredients & oils;herbs-spices-seasoning;null;null;null;null;null;null;null;null;
schwartz-coriander-seeds-20g;Schwartz Coriander Seeds 20g;£1.65/unit;£0.83/10g;Cooking ingredients & oils;herbs-spices-seasoning;null;null;null;null;null;null;null;null;
schwartz-creamy-pepper-sauce-mix-25g;Schwartz Mix Creamy Pepper Sauce 25g;£0.80/unit;£3.20/100g;Cooking sauces & world foods;packet-sauces;349;16.8;55.2;1.7;5.6;3.0;5.3;9.25;
schwartz-crushed-chillies-29g;Schwartz Crushed Chillies 29g;£1.65/unit;£0.57/10g;Cooking ingredients & oils;chilli-curry-powder;null;null;null;null;null;null;null;null;
schwartz-crushed-chillies-29g;Schwartz Crushed Chillies 29g;£1.65/unit;£0.57/10g;Cooking ingredients & oils;herbs-spices-seasoning;null;null;null;null;null;null;null;null;
schwartz-cumin-ground-refill-28g;Schwartz Cumin Ground Refill 28g;£1.40/unit;£0.50/10g;Cooking ingredients & oils;herbs-spices-seasoning;null;null;null;null;null;null;null;null;
schwartz-curry-leaves-jar-15g;Schwartz Curry Leaves Jar 1.5g;£1.65/unit;£11.00/10g;Cooking ingredients & oils;chilli-curry-powder;null;null;null;null;null;null;null;null;
schwartz-curry-leaves-jar-15g;Schwartz Curry Leaves Jar 1.5g;£1.65/unit;£11.00/10g;Cooking ingredients & oils;herbs-spices-seasoning;null;null;null;null;null;null;null;null;
schwartz-dauphinoise-potato-bake-40g;Schwartz Mix Dauphinoise Potato Bake 40g;£0.80/unit;£2.00/100g;Cooking sauces & world foods;packet-sauces;456;7.0;42.3;0.7;26.9;16.3;8.4;7.50;
schwartz-dill-10g;Schwartz Dill 10g;£1.65/unit;£1.65/10g;Cooking ingredients & oils;herbs-spices-seasoning;null;null;null;null;null;null;null;null;
schwartz-fajita-seasoning-46g;Schwartz Fajita Seasoning 46g;£1.65/unit;£0.36/10g;Cooking ingredients & oils;herbs-spices-seasoning;null;null;null;null;null;null;null;null;
schwartz-fennel-seeds-28g;Schwartz Fennel Seeds 28g;£1.65/unit;£0.59/10g;Cooking ingredients & oils;herbs-spices-seasoning;null;null;null;null;null;null;null;null;
schwartz-fish-seasoning-55g;Schwartz Fish Seasoning 55g;£1.65/unit;£0.30/10g;Cooking ingredients & oils;herbs-spices-seasoning;null;null;null;null;null;null;null;null;
schwartz-freshlock-basil-4g;Schwartz Freshlock Basil 4g;£2.00/unit;£5.00/10g;Cooking ingredients & oils;herbs-spices-seasoning;null;null;null;null;null;null;null;null;
schwartz-freshlock-garlic-14g;Schwartz Freshlock Garlic 14g;£2.00/unit;£1.43/10g;Cooking ingredients & oils;herbs-spices-seasoning;null;null;null;null;null;null;null;null;
schwartz-freshlock-onion-8g;Schwartz Freshlock Onion 8g;£2.00/unit;£2.50/10g;Cooking ingredients & oils;herbs-spices-seasoning;null;null;null;null;null;null;null;null;
schwartz-freshlock-parsley-4g;Schwartz Freshlock Parsley 4g;£2.00/unit;£5.00/10g;Cooking ingredients & oils;herbs-spices-seasoning;null;null;null;null;null;null;null;null;
schwartz-freshlock-shallots-8g;Schwartz Freshlock Shallots 8g;£2.00/unit;£2.50/10g;Cooking ingredients & oils;herbs-spices-seasoning;null;null;null;null;null;null;null;null;
schwartz-garam-masala--gourmet-30g;Schwartz Garam Masala 30g;£1.65/unit;£0.55/10g;Cooking ingredients & oils;herbs-spices-seasoning;null;null;null;null;null;null;null;null;
schwartz-garlic-granules-47g;Schwartz Garlic Granules 47g;£1.65/unit;£0.35/10g;Cooking ingredients & oils;herbs-spices-seasoning;null;null;null;null;null;null;null;null;
schwartz-garlic-pepper-45g;Schwartz Garlic Pepper 45g;£1.65/unit;£0.37/10g;Cooking ingredients & oils;herbs-spices-seasoning;null;null;null;null;null;null;null;null;
schwartz-garlic-salt--gourmet-73g;Schwartz Garlic Salt 73g;£1.65/unit;£0.23/10g;Cooking ingredients & oils;herbs-spices-seasoning;null;null;null;null;null;null;null;null;
schwartz-ginger--ground--refill-26g;Schwartz Ginger, Ground, Refill 26g;£1.40/unit;£0.54/10g;Cooking ingredients & oils;herbs-spices-seasoning;null;null;null;null;null;null;null;null;
schwartz-green-cardamom-pods-26g;Schwartz Green Cardamon Pods 26g;£1.65/unit;£0.63/10g;Cooking ingredients & oils;herbs-spices-seasoning;null;null;null;null;null;null;null;null;
schwartz-grill---sizzle-piri-piri-seasoning-36g;Schwartz Grill & Sizzle Piri Piri Chicken 36g;£1.65/unit;£0.42/10g;Cooking ingredients & oils;herbs-spices-seasoning;null;null;null;null;null;null;null;null;
schwartz-grinder-black-peppercorn-35g;Schwartz Grinder Black Peppercorn 35g;£3.00/unit;£0.86/10g;Cooking ingredients & oils;salt-pepper;null;null;null;null;null;null;null;null;
schwartz-ground-allspice-37g;Schwartz Ground Allspice 37g;£1.65/unit;£0.45/10g;Cooking ingredients & oils;herbs-spices-seasoning;null;null;null;null;null;null;null;null;
schwartz-ground-black-pepper-refill-33g;Schwartz Ground Black Pepper Refill 33g;£1.80/unit;£0.55/10g;Cooking ingredients & oils;salt-pepper;null;null;null;null;null;null;null;null;
schwartz-ground-cinnamon-33g;Schwartz Ground Cinnamon 33g;£1.65/unit;£0.50/10g;Cooking ingredients & oils;herbs-spices-seasoning;null;null;null;null;null;null;null;null;
schwartz-ground-cloves-jar-35g;Schwartz Ground Cloves Jar 35g;£1.65/unit;£0.47/10g;Cooking ingredients & oils;herbs-spices-seasoning;null;null;null;null;null;null;null;null;
schwartz-ground-coriander-24g;Schwartz Ground Coriander 24g;£1.65/unit;£0.69/10g;Cooking ingredients & oils;herbs-spices-seasoning;null;null;null;null;null;null;null;null;
schwartz-ground-cumin-28g;Schwartz Ground Cumin 28g;£1.65/unit;£0.59/10g;Cooking ingredients & oils;herbs-spices-seasoning;null;null;null;null;null;null;null;null;
schwartz-ground-fenugreek-jar-35g;Schwartz Ground Fenugreek Jar 35g;£1.65/unit;£0.47/10g;Cooking ingredients & oils;herbs-spices-seasoning;null;null;null;null;null;null;null;null;
schwartz-ground-ginger-26g;Schwartz Ground Ginger 26g;£1.65/unit;£0.63/10g;Cooking ingredients & oils;herbs-spices-seasoning;null;null;null;null;null;null;null;null;
schwartz-ground-nutmeg--refill-32g;Schwartz Ground Nutmeg, Refill 32g;£1.40/unit;£0.44/10g;Cooking ingredients & oils;herbs-spices-seasoning;null;null;null;null;null;null;null;null;
schwartz-ground-white-pepper-refill-34g;Schwartz Ground White Pepper Refill 34g;£1.80/unit;£0.53/10g;Cooking ingredients & oils;salt-pepper;null;null;null;null;null;null;null;null;
schwartz-herbes-de-provence--gourmet--jar-11g;Schwartz Herbs de Provence 11g;£1.65/unit;£1.50/10g;Cooking ingredients & oils;herbs-spices-seasoning;null;null;null;null;null;null;null;null;
schwartz-hollandaise-sauce-mix-25g;Schwartz Mix Hollandaise Sauce 25g;£0.80/unit;£3.20/100g;Cooking sauces & world foods;packet-sauces;398;9.9;64.0;0.8;11.0;6.1;null;6.38;
schwartz-hot-chill-con-carne-mix-41g;Schwartz Mix Hot Chilli Con Carne  41g;£0.80/unit;£1.95/100g;Cooking sauces & world foods;packet-sauces;304;10.7;44.4;2.7;5.8;1.4;null;12.00;
schwartz-hot-chilli-powder-38g;Schwartz Hot Chilli Powder 38g;£1.65/unit;£0.43/10g;Cooking ingredients & oils;chilli-curry-powder;null;null;null;null;null;null;null;null;
schwartz-hot-chilli-powder-38g;Schwartz Hot Chilli Powder 38g;£1.65/unit;£0.43/10g;Cooking ingredients & oils;herbs-spices-seasoning;null;null;null;null;null;null;null;null;
schwartz-hot-curry-powder-85g;Schwartz Hot Curry Powder 85g;£1.65/unit;£0.19/10g;Cooking ingredients & oils;chilli-curry-powder;null;null;null;null;null;null;null;null;
schwartz-hot-curry-powder-85g;Schwartz Hot Curry Powder 85g;£1.65/unit;£0.19/10g;Cooking ingredients & oils;herbs-spices-seasoning;null;null;null;null;null;null;null;null;
schwartz-italian-herb-season-refill-11g;Schwartz Italian Herb Season Refill 11g;£1.40/unit;£1.27/10g;Cooking ingredients & oils;herbs-spices-seasoning;null;null;null;null;null;null;null;null;
schwartz-italian-herb-seasoning-11g;Schwartz Italian Herb Seasoning 11g;£1.65/unit;£1.50/10g;Cooking ingredients & oils;herbs-spices-seasoning;null;null;null;null;null;null;null;null;
schwartz-jamaican-jerk-seasoning-51g;Schwartz Jamaican Jerk Seasoning 51g;£1.65/unit;£0.32/10g;Cooking ingredients & oils;herbs-spices-seasoning;null;null;null;null;null;null;null;null;
schwartz-juniper-berries-28g;Schwartz Juniper Berries 28g;£1.65/unit;£0.59/10g;Cooking ingredients & oils;herbs-spices-seasoning;null;null;null;null;null;null;null;null;
schwartz-kaffir-lime-leaves-refill-3g;Schwartz Kaffir Lime Leaves Refill 3g;£1.40/unit;£4.67/10g;Cooking ingredients & oils;herbs-spices-seasoning;null;null;null;null;null;null;null;null;
schwartz-korma-curry-spice-90g;Schwartz Korma Curry Spice 90g;£2.00/unit;£0.22/10g;Cooking ingredients & oils;chilli-curry-powder;null;null;null;null;null;null;null;null;
schwartz-korma-curry-spice-90g;Schwartz Korma Curry Spice 90g;£2.00/unit;£0.22/10g;Cooking ingredients & oils;herbs-spices-seasoning;null;null;null;null;null;null;null;null;
schwartz-lemon-pepper-55g;Schwartz Lemon Pepper 55g;£2.00/unit;£0.36/10g;Cooking ingredients & oils;herbs-spices-seasoning;null;null;null;null;null;null;null;null;
schwartz-lemon-pepper-55g;Schwartz Lemon Pepper 55g;£2.00/unit;£0.36/10g;Cooking ingredients & oils;salt-pepper;null;null;null;null;null;null;null;null;
schwartz-madras-curry-spice-90g;Schwartz Madras Curry Spice 90g;£2.00/unit;£0.22/10g;Cooking ingredients & oils;herbs-spices-seasoning;null;null;null;null;null;null;null;null;
schwartz-marjoram-jar-8g;Schwartz Marjoram Jar 8g;£1.65/unit;£2.06/10g;Cooking ingredients & oils;herbs-spices-seasoning;null;null;null;null;null;null;null;null;
schwartz-mediterranean-roasted-vegetable-30g;Schwartz Mix Mediterranean Roasted Vegetable 30g;£0.80/unit;£2.67/100g;Cooking sauces & world foods;packet-sauces;317;10.1;62.1;18.8;1.7;0.5;6.5;12.25;
schwartz-medium-curry-powder-90g;Schwartz Medium Curry Powder 90g;£1.65/unit;£0.18/10g;Cooking ingredients & oils;chilli-curry-powder;null;null;null;null;null;null;null;null;
schwartz-medium-curry-powder-90g;Schwartz Medium Curry Powder 90g;£1.65/unit;£0.18/10g;Cooking ingredients & oils;herbs-spices-seasoning;null;null;null;null;null;null;null;null;
schwartz-mild-chilli-powder-38g;Schwartz Mild Chilli Powder 38g;£1.65/unit;£0.43/10g;Cooking ingredients & oils;chilli-curry-powder;null;null;null;null;null;null;null;null;
schwartz-mild-chilli-powder-38g;Schwartz Mild Chilli Powder 38g;£1.65/unit;£0.43/10g;Cooking ingredients & oils;herbs-spices-seasoning;null;null;null;null;null;null;null;null;
schwartz-mild-curry-powder-85g;Schwartz Mild Curry Powder 85g;£1.65/unit;£0.19/10g;Cooking ingredients & oils;chilli-curry-powder;null;null;null;null;null;null;null;null;
schwartz-mild-curry-powder-85g;Schwartz Mild Curry Powder 85g;£1.65/unit;£0.19/10g;Cooking ingredients & oils;herbs-spices-seasoning;null;null;null;null;null;null;null;null;
schwartz-mild-peppercorn-sauce-mix-25g;Schwartz Mix Mild Peppercorn Sauce 25g;£0.80/unit;£3.20/100g;Cooking sauces & world foods;packet-sauces;361;14.7;58.8;2.1;6.6;3.9;3.7;8.75;
schwartz-mill-black-peppercorn-35g;Schwartz Mill Black Peppercorn 35g;£3.00/unit;£0.86/10g;Cooking ingredients & oils;salt-pepper;null;null;null;null;null;null;null;null;
schwartz-minced-garlic-46g;Schwartz Minced Garlic 46g;£1.65/unit;£0.36/10g;Cooking ingredients & oils;herbs-spices-seasoning;null;null;null;null;null;null;null;null;
schwartz-mint--gourmet-9g;Schwartz Mint 9g;£1.65/unit;£1.83/10g;Cooking ingredients & oils;herbs-spices-seasoning;null;null;null;null;null;null;null;null;
schwartz-mixed-herbs-9g;Schwartz Mixed Herbs 9g;£1.65/unit;£1.83/10g;Cooking ingredients & oils;herbs-spices-seasoning;null;null;null;null;null;null;null;null;
schwartz-mixed-herbs-refills-9g;Schwartz Mixed Herbs Refills 9g;£1.40/unit;£1.56/10g;Cooking ingredients & oils;herbs-spices-seasoning;null;null;null;null;null;null;null;null;
schwartz-mixed-spice-28g;Schwartz Mixed Spice 28g;£1.65/unit;£0.59/10g;Cooking ingredients & oils;herbs-spices-seasoning;null;null;null;null;null;null;null;null;
schwartz-mixed-spice-refill-28g;Schwartz Mixed Spice Refill 28g;£1.40/unit;£0.50/10g;Cooking ingredients & oils;herbs-spices-seasoning;null;null;null;null;null;null;null;null;
schwartz-mustard-seed-48g;Schwartz Mustard Seed 48g;£1.65/unit;£0.34/10g;Cooking ingredients & oils;herbs-spices-seasoning;null;null;null;null;null;null;null;null;
schwartz-no-added-salt-chicken-seasoning-43g;Schwartz Reduced Salt Chicken Seasoning 43g;£1.65/unit;£0.38/10g;Cooking ingredients & oils;herbs-spices-seasoning;337;11.7;47.4;23.6;6.3;1.0;null;0.15;
schwartz-no-added-salt-season-all-37g;Schwartz Reduced Salt Season-All Herb & Spice Blend 37g;£1.65/unit;£0.45/10g;Cooking ingredients & oils;herbs-spices-seasoning;326;11.3;49.7;9.2;4.4;1.5;null;0.18;
schwartz-no-added-salt-steak-seasoning-44g;Schwartz No Added Salt Steak Seasoning 44g;£1.65/unit;£0.38/10g;Cooking ingredients & oils;herbs-spices-seasoning;345;12.3;43.5;15.4;8.8;1.0;null;0.18;
schwartz-nutmeg--ground--gourmet-32g;Schwartz Ground Nutmeg 32g;£1.65/unit;£0.52/10g;Cooking ingredients & oils;herbs-spices-seasoning;null;null;null;null;null;null;null;null;
schwartz-onion-salt-65g;Schwartz Onion Salt 65g;£1.65/unit;£0.25/10g;Cooking ingredients & oils;herbs-spices-seasoning;null;null;null;null;null;null;null;null;
schwartz-oregano-7g;Schwartz Oregano 7g;£1.65/unit;£2.36/10g;Cooking ingredients & oils;herbs-spices-seasoning;null;null;null;null;null;null;null;null;
schwartz-paprika--hot--gourmet-34g;Schwartz Hot Paprika 34g;£1.65/unit;£0.49/10g;Cooking ingredients & oils;herbs-spices-seasoning;null;null;null;null;null;null;null;null;
schwartz-paprika--refill-34g;Schwartz Paprika, Refill 34g;£1.40/unit;£0.41/10g;Cooking ingredients & oils;herbs-spices-seasoning;null;null;null;null;null;null;null;null;
schwartz-paprika-34g;Schwartz Paprika 34g;£1.65/unit;£0.49/10g;Cooking ingredients & oils;herbs-spices-seasoning;null;null;null;null;null;null;null;null;
schwartz-parsley--refill-3g;Schwartz Parsley Flat Leaf 3g;£1.40/unit;£4.67/10g;Cooking ingredients & oils;herbs-spices-seasoning;null;null;null;null;null;null;null;null;
schwartz-parsley-3g;Schwartz Parsley 3g;£1.65/unit;£5.50/10g;Cooking ingredients & oils;herbs-spices-seasoning;null;null;null;null;null;null;null;null;
schwartz-pasta-sauce-garlic-italian-seasoning-43g;Schwartz Garlic Italian, Herb & Spice Blend 43g;£1.65/unit;£0.38/10g;Cooking ingredients & oils;herbs-spices-seasoning;null;null;null;null;null;null;null;null;
schwartz-peppercorn-grinder-refill-80g;Schwartz Peppercorn Grinder Refill 80g;£2.75/unit;£0.34/10g;Cooking ingredients & oils;salt-pepper;null;null;null;null;null;null;null;null;
schwartz-perfect-shake-chinese-5-spice-58g;Schwartz Perfect Shake Chinese Five Spice 58g;£1.65/unit;£0.28/10g;Cooking ingredients & oils;herbs-spices-seasoning;null;null;null;null;null;null;null;null;
schwartz-pilau-rice-seasoning-65g;Schwartz Pilau Rice Seasoning 65g;£1.65/unit;£0.25/10g;Cooking ingredients & oils;herbs-spices-seasoning;null;null;null;null;null;null;null;null;
schwartz-poppy-seeds-48g;Schwartz Poppy Seeds 48g;£1.65/unit;£0.34/10g;Cooking ingredients & oils;herbs-spices-seasoning;null;null;null;null;null;null;null;null;
schwartz-potato-wedge-garlic---herb-mix-38g;Schwartz Mix Potato Wedge Garlic & Herb Mix 38g;£0.80/unit;£2.11/100g;Cooking sauces & world foods;packet-sauces;318;11.0;55.3;6.8;4.3;2.2;null;11.50;
schwartz-rosemary-18g;Schwartz Rosemary 18g;£1.65/unit;£0.92/10g;Cooking ingredients & oils;herbs-spices-seasoning;null;null;null;null;null;null;null;null;
schwartz-rosemary-refills-18g;Schwartz Rosemary Refills 18g;£1.40/unit;£0.78/10g;Cooking ingredients & oils;herbs-spices-seasoning;null;null;null;null;null;null;null;null;
schwartz-saffron-jar-04g;Schwartz Saffron Jar 0.4g;£4.00/unit;£100.00/10g;Cooking ingredients & oils;herbs-spices-seasoning;null;null;null;null;null;null;null;null;
schwartz-sage-10g;Schwartz Sage 10g;£1.65/unit;£1.65/10g;Cooking ingredients & oils;herbs-spices-seasoning;null;null;null;null;null;null;null;null;
schwartz-sauce-mixes--luxury-bread-40g;Schwartz Mix Luxury Bread Sauce 40g;£0.80/unit;£2.00/100g;Cooking sauces & world foods;packet-sauces;369;11.5;70.3;3.7;3.8;1.8;null;5.00;
schwartz-sausage-casserole-mix-35g;Schwartz Mix Sausage Casserole 35g;£0.80/unit;£2.29/100g;Cooking sauces & world foods;packet-sauces;330;10.0;63.2;13.2;2.2;0.5;null;5.13;
schwartz-season-all--simply-shake-lamb-70g;Schwartz Season-All, Herb & Spice Blend 70g;£1.65/unit;£0.24/10g;Cooking ingredients & oils;herbs-spices-seasoning;null;null;null;null;null;null;null;null;
schwartz-sesame-seed-43g;Schwartz Sesame Seed 43g;£1.65/unit;£0.38/10g;Cooking ingredients & oils;herbs-spices-seasoning;null;null;null;null;null;null;null;null;
schwartz-shaker-refill-black-pepper-80g;Schwartz Shaker Refill Black Pepper 80g;£2.75/unit;£0.34/10g;Cooking ingredients & oils;salt-pepper;null;null;null;null;null;null;null;null;
schwartz-simply-shake-lamb-seasoning-38g;Schwartz Simply Shake Lamb Seasoning 38g;£1.65/unit;£0.43/10g;Cooking ingredients & oils;herbs-spices-seasoning;null;null;null;null;null;null;null;null;
schwartz-simply-shake-pork-seasoning-34g;Schwartz Simply Shake Pork Seasoning 34g;£1.65/unit;£0.49/10g;Cooking ingredients & oils;herbs-spices-seasoning;null;null;null;null;null;null;null;null;
schwartz-simply-shake-steak-seasoning-46g;Schwartz Simply Shake Steak Seasoning 46g;£1.65/unit;£0.36/10g;Cooking ingredients & oils;herbs-spices-seasoning;null;null;null;null;null;null;null;null;
schwartz-slow-cooker-beef---ale-stew43g;Schwartz Mix Slow Cooker Beef & Ale Stew 43g;£0.80/unit;£1.86/100g;Cooking sauces & world foods;packet-sauces;301;7.2;58.3;5.6;2.5;0.4;8.3;12.88;
schwartz-slow-cooker-chicken-provencale-35g;Schwartz Mix Slow Cooker Chicken Provencale 35g;£0.80/unit;£2.29/100g;Cooking sauces & world foods;packet-sauces;296;9.3;55.3;17.0;2.0;0.8;null;14.50;
schwartz-slow-cooker-recipe-mix--chicken-curry-33g;Schwartz Mix Slow Cooker Chicken Curry 33g;£0.80/unit;£2.42/100g;Cooking sauces & world foods;packet-sauces;270;12.5;25.7;4.3;7.0;0.8;null;15.75;
schwartz-somerset-pork-mix-36g;Schwartz Mix Somerset Pork  36g;£0.80/unit;£2.22/100g;Cooking sauces & world foods;packet-sauces;338;9.1;67.4;17.7;2.7;1.4;null;6.25;
schwartz-spaghetti-carbonara-sauce-mix-32g;Schwartz Mix Spaghetti Carbonara Sauce  32g;£0.80/unit;£2.50/100g;Cooking sauces & world foods;packet-sauces;448;9.9;58.1;2.0;18.9;10.9;null;4.50;
schwartz-spanish-seasoning-33g;Schwartz Spanish Seasoning 33g;£1.65/unit;£0.50/10g;Cooking ingredients & oils;herbs-spices-seasoning;null;null;null;null;null;null;null;null;
schwartz-spicy-italian-seasoning-42g;Schwartz Spicy Italian Seasoning 42g;£1.65/unit;£0.39/10g;Cooking ingredients & oils;herbs-spices-seasoning;null;null;null;null;null;null;null;null;
schwartz-spicy-season-all-47g;Schwartz Spicy Season-All 47g;£1.65/unit;£0.35/10g;Cooking ingredients & oils;herbs-spices-seasoning;null;null;null;null;null;null;null;null;
schwartz-star-anise-refill-15g;Schwartz Star Anise Refill 15g;£1.40/unit;£0.93/10g;Cooking ingredients & oils;herbs-spices-seasoning;null;null;null;null;null;null;null;null;
schwartz-szechuan-jar-15g;Schwartz Szechuan Jar 15g;£2.00/unit;£1.33/10g;Cooking ingredients & oils;herbs-spices-seasoning;null;null;null;null;null;null;null;null;
schwartz-tarragon--gourmet-5g;Schwartz Tarragon 5g;£1.65/unit;£3.30/10g;Cooking ingredients & oils;herbs-spices-seasoning;null;null;null;null;null;null;null;null;
schwartz-tarragon--refill-5g;Schwartz Tarragon 5g;£1.40/unit;£2.80/10g;Cooking ingredients & oils;herbs-spices-seasoning;null;null;null;null;null;null;null;null;
schwartz-thai-7-spice-jar-52g;Schwartz Thai 7 Spice Jar 52g;£1.65/unit;£0.32/10g;Cooking ingredients & oils;herbs-spices-seasoning;null;null;null;null;null;null;null;null;
schwartz-thyme-11g;Schwartz Thyme 11g;£1.65/unit;£1.50/10g;Cooking ingredients & oils;herbs-spices-seasoning;null;null;null;null;null;null;null;null;
schwartz-thyme-refills-11g;Schwartz Thyme Refills 11g;£1.40/unit;£1.27/10g;Cooking ingredients & oils;herbs-spices-seasoning;null;null;null;null;null;null;null;null;
schwartz-tikka-spice-85g;Schwartz Tikka Spice 85g;£2.00/unit;£0.24/10g;Cooking ingredients & oils;chilli-curry-powder;null;null;null;null;null;null;null;null;
schwartz-tikka-spice-85g;Schwartz Tikka Spice 85g;£2.00/unit;£0.24/10g;Cooking ingredients & oils;herbs-spices-seasoning;null;null;null;null;null;null;null;null;
schwartz-tuna-napolitana-authentic-sauce-mix-30g;Schwartz Mix Tuna Napolitana Sauce 30g;£0.80/unit;£2.67/100g;Cooking sauces & world foods;packet-sauces;377;10.8;45.2;6.9;15.4;9.2;7.2;12.13;
schwartz-turmeric-31g;Schwartz Turmeric 31g;£1.65/unit;£0.53/10g;Cooking ingredients & oils;herbs-spices-seasoning;null;null;null;null;null;null;null;null;
schwartz-turmeric-refill-31g;Schwartz Turmeric Refill 31g;£1.40/unit;£0.45/10g;Cooking ingredients & oils;herbs-spices-seasoning;null;null;null;null;null;null;null;null;
schwartz-twist---taste-sea-salt-mill-70g;Schwartz Twist & Taste Sea Salt Mill 70g;£3.00/unit;£0.43/10g;Cooking ingredients & oils;salt-pepper;null;null;null;null;null;null;null;null;
schwartz-vanilla-pod-jar-2g;Schwartz Vanilla Pod Jar 2g;£2.50/unit;£12.50/10g;Cooking ingredients & oils;herbs-spices-seasoning;null;null;null;null;null;null;null;null;
schwartz-white-pepper--ground-34g;Schwartz White Pepper, Ground 34g;£2.00/unit;£0.59/10g;Cooking ingredients & oils;salt-pepper;null;null;null;null;null;null;null;null;
schwartz-whole-cloves-jar-22g;Schwartz Whole Cloves Jar 22g;£1.65/unit;£0.75/10g;Cooking ingredients & oils;herbs-spices-seasoning;null;null;null;null;null;null;null;null;
schwartz-whole-cumin-seed-35g;Schwartz Whole Cumin Seed 35g;£1.65/unit;£0.47/10g;Cooking ingredients & oils;herbs-spices-seasoning;null;null;null;null;null;null;null;null;
schwartz-whole-nutmeg-25g;Schwartz Whole Nutmeg 25g;£1.65/unit;£0.66/10g;Cooking ingredients & oils;herbs-spices-seasoning;null;null;null;null;null;null;null;null;
scooby-doo-egg---plush-55g;Scooby-Doo! Milk Chocolate Egg and Plush Toy 75g;£5.00/unit;£9.09/100g;Confectionery;easter-eggs;560;5.4;59.1;49.2;36.0;22.3;3.0;0.1;
scooby-doo-freezepop-20x50ml;Calypso Scooby Doo Freezepop 20x45ml;£1.10/unit;£0.11/100ml;Fruit & desserts;ice-cream-cones-wafers;28;0;7;null;0;null;null;null;
scooby-doo-freezepop-20x50ml;Calypso Scooby Doo Freezepop 20x45ml;£1.10/unit;£0.11/100ml;Fruit & desserts;kids-lunchbox-fruit-desserts;28;0;7;null;0;null;null;null;
scooby-doo-freezepop-20x50ml;Calypso Scooby Doo Freezepop 20x45ml;£1.10/unit;£0.11/100ml;Ice cream & desserts;lollies-bars-cones;28;0;7;null;0;null;null;null;
scotts-old-fashioned-porridge-oats-1kg;Scott's Old Fashioned Porage Oats 1kg;£2.00/unit;£0.20/100g;Breakfast cereals;porridge-oats;372;11;60.0;1.0;8;1.5;9.0;0;
scotts-porridge-oats-1kg;Scott's Porage Oats 1kg;£2.00/unit;£0.20/100g;Breakfast cereals;porridge-oats;372;11;60;1.0;8;1.5;9.0;0;
scotts-s-easy-pot-original-50g;Scott's So Easy Porage Oats Pot 50g;£1.00/unit;£2.00/100g;Breakfast cereals;on-the-go;379;14.3;60.6;22.3;7.2;1.2;7.3;0.22;
scotts-s-easy-pot-original-50g;Scott's So Easy Porage Oats Pot 50g;£1.00/unit;£2.00/100g;Breakfast cereals;porridge-oats;379;14.3;60.6;22.3;7.2;1.2;7.3;0.22;
scotts-so-easy-original-porridge-x12-30g;Scott's So Easy Porage 12x30g;£2.45/unit;£0.68/100g;Breakfast cereals;porridge-oats;379;11.0;60.0;1.0;8.5;1.5;9.0;0;
seasoned-pioneers-thai-shrimp-paste-44g;Seasoned Pioneers Thai Shrimp Paste 44g;£1.99/unit;£4.52/100g;Cooking ingredients & oils;cooking-pastes;null;null;null;null;null;null;null;null;
seasoned-pioneers-thai-shrimp-paste-44g;Seasoned Pioneers Thai Shrimp Paste 44g;£1.99/unit;£4.52/100g;Cooking sauces & world foods;thai-cooking-sauces;null;null;null;null;null;null;null;null;
seeds-of-change-organic-balti-sauce-350g;Seeds Of Change Organic Balti Sauce 350g;£2.29/unit;£0.65/100g;Cooking sauces & world foods;indian-cooking-sauces;78;1.1;8.3;5.1;4.1;0.5;null;0.81;
seeds-of-change-organic-bolognese-sauce-500g;Seeds of Change Organic Bolognese Sauce 500g;£2.30/unit;£0.46/100g;Cooking sauces & world foods;italian-cooking-sauces;46;1.2;7.4;7.1;1.0;0.2;null;0.65;
seeds-of-change-organic-chilli-sauce-350g;Seeds Of Change Organic Chilli Sauce 350g;£2.30/unit;£0.66/100g;Cooking sauces & world foods;mexican-cooking-sauces;75;2.1;12.0;7.2;1.4;0.3;2.1;0.78;
seeds-of-change-organic-jalfrezi-sauce-350g;Seeds Of Change Organic Jalfrezi Sauce 350g;£2.10/unit;£0.60/100g;Cooking sauces & world foods;indian-cooking-sauces;110;1.2;9.0;5.4;7.2;2.7;null;0.82;
seeds-of-change-organic-korma-cooking-sauce-350g;Seeds Of Change Organic Korma Sauce 350g;£2.50/unit;£0.71/100g;Cooking sauces & world foods;indian-cooking-sauces;140;1.0;10.4;5.4;10.2;5.9;null;0.78;
seeds-of-change-organic-sweet---sour-sauce-350g;Seeds Of Change Organic Sweet & Sour Sauce 350g;£2.29/unit;£0.65/100g;Cooking sauces & world foods;chinese-cooking-sauces;101;0.4;23.5;20.9;0.1;0.0;null;0.57;
seeds-of-change-organic-tikka-sauce-350g;Seeds Of Change Organic Tikka Masala Sauce 350g;£2.50/unit;£0.71/100g;Cooking sauces & world foods;indian-cooking-sauces;118;1.4;8.4;5.7;8.4;2.4;null;0.81;
seeds-of-change-organic-tomato---basil-sauce-500g;Seeds Of Change Organic Tomato & Basil Sauce 500g;£2.30/unit;£0.46/100g;Cooking sauces & world foods;italian-cooking-sauces;63;1.2;7.2;6.9;2.9;0.4;null;0.65;
seeds-of-change-organic-tomato---parmesan-sauce-350g;Seeds Of Change Organic Cherry Tomato & Parmesan Sauce 350g;£2.30/unit;£0.66/100g;Cooking sauces & world foods;italian-cooking-sauces;59;1.5;5.9;5.7;2.9;1.0;null;0.65;
seeds-of-change-sundried-tomato-stir-through-sauce-195g;Seeds Of Change Stir Through Sundried Tomato Pasta Sauce 195g;£2.50/unit;£1.28/100g;Cooking sauces & world foods;italian-cooking-sauces;159;1.1;7.7;6.5;13.3;1.8;null;1.15;
seeds-of-change-tomato---chilli-350g;Seeds Of Change Organic Tomato & Chilli Sauce 350g;£2.10/unit;£0.60/100g;Cooking sauces & world foods;italian-cooking-sauces;57;1.2;7.4;7.2;2.2;0.3;null;0.66;
sensations-balsamic-vinegar---onion-175g;Sensations Balsamic Vinegar & Onion Crisps 150g;£2.00/unit;£1.33/100g;Crisps, nuts & snacking fruit;crisps;501;5.6;58.7;3.1;26.2;2.9;4.2;1.65;
sensations-bbq-175g;Sensations BBQ Crisps 150g;£2.00/unit;£1.33/100g;Crisps, nuts & snacking fruit;crisps;504;5.9;58.8;2.9;26.4;2.2;4.0;1.52;
sensations-cheddar---chutney-175g;Sensations Cheddar & Chutney Crisps 150g;£2.00/unit;£1.33/100g;Crisps, nuts & snacking fruit;crisps;496;5.9;59.7;3.2;25.0;2.2;4.1;1.65;
sensations-chicken---thyme-175g;Sensations Chicken & Thyme Crisps 150g;£2.00/unit;£1.33/100g;Crisps, nuts & snacking fruit;crisps;503;6.1;58.3;2.7;26.4;2.3;3.9;1.65;
sensations-chinese-szechuan-pepper-peanuts-155g;Sensations Chinese Szechuan Pepper Peanuts 155g;£1.75/unit;£1.25/100g;Crisps, nuts & snacking fruit;nuts;479;14.0;56.0;9.0;22.0;4.0;2.8;2.10;
sensations-chipotle-175g;Sensations Chipotle Crisps 150g;£2.00/unit;£1.33/100g;Crisps, nuts & snacking fruit;crisps;501;5.6;59.0;3.7;26.1;2.1;4.0;1.57;
sensations-lime-chutney-popadoms-90g;Sensations Lime Chutney Poppadoms 82g;£2.00/unit;£2.42/100g;Crisps, nuts & snacking fruit;crisps;471;7.0;59.0;3;22.0;17.6;4.4;3.05;
sensations-mexican-smoked-chilli-peanuts-165g;Sensations Mexican Smoked Chilli Peanuts 165g;£1.75/unit;£1.17/100g;Crisps, nuts & snacking fruit;nuts;null;null;null;null;null;null;null;null;
sensations-thai-sweet-chilli-175g;Sensations Thai Sweet Chilli Crisps 150g;£2.00/unit;£1.33/100g;Crisps, nuts & snacking fruit;crisps;504;5.8;58.9;3.7;26.3;2.2;4.0;1.57;
seriously-strong-cheddar-200g;Seriously Strong Cheddar 200g;£2.75/unit;£13.75/kg;Cheese;cheddar-british-regional-cheese;416;25.4;0.1;0.1;34.9;21.7;null;1.80;
seriously-strong-cheddar-350g;Seriously Strong Extra Mature Cheddar 350g;£3.50/unit;£10.00/kg;Cheese;cheddar-british-regional-cheese;416;25.4;0.1;0.1;34.9;21.7;null;1.80;
seriously-strong-mature-white-cheddar-350g;Seriously Strong Mature White Cheddar 350g;£3.50/unit;£10.00/kg;Cheese;cheddar-british-regional-cheese;416;25.4;0.1;0.1;34.9;21.7;null;1.80;
seriously-strong-spreadable-125g;Seriously Strong Spreadable 125g;£1.65/unit;£13.20/kg;Cheese;snacking-lunchbox-cheese;304;16;1.5;1.5;26;18;null;2.3;
seriously-strong-spreadable-125g;Seriously Strong Spreadable 125g;£1.65/unit;£13.20/kg;Cheese;soft---spreadable;304;16;1.5;1.5;26;18;null;2.3;
seriously-strong-spreadable-250g;Seriously Strong Spreadable 250g;£2.00/unit;£8.00/kg;Cheese;snacking-lunchbox-cheese;304;16;1.5;1.5;26;18;null;2.3;
seriously-strong-spreadable-250g;Seriously Strong Spreadable 250g;£2.00/unit;£8.00/kg;Cheese;soft---spreadable;304;16;1.5;1.5;26;18;null;2.3;
seriously-strong-spreadable-lighter-125g;Seriously Strong Spreadable Lighter 125g;£1.65/unit;£13.20/kg;Cheese;cottage-cheese---healthier-choice;225;15.5;2.5;2.5;17;12;null;2.5;
seriously-strong-spreadable-lighter-125g;Seriously Strong Spreadable Lighter 125g;£1.65/unit;£13.20/kg;Cheese;snacking-lunchbox-cheese;225;15.5;2.5;2.5;17;12;null;2.5;
seriously-strong-spreadable-lighter-125g;Seriously Strong Spreadable Lighter 125g;£1.65/unit;£13.20/kg;Cheese;soft---spreadable;225;15.5;2.5;2.5;17;12;null;2.5;
seriously-strong-spreadable-smokey-125g;Seriously Strong Spreadable Smokey 125g;£1.65/unit;£13.20/kg;Cheese;snacking-lunchbox-cheese;280;14;1;1;24.5;17;null;2.8;
seriously-strong-spreadable-smokey-125g;Seriously Strong Spreadable Smokey 125g;£1.65/unit;£13.20/kg;Cheese;soft---spreadable;280;14;1;1;24.5;17;null;2.8;
seriously-strong-vintage-cheddar-350g;Seriously Strong Vintage Cheddar 350g;£3.50/unit;£10.00/kg;Cheese;cheddar-british-regional-cheese;null;null;null;null;null;null;null;null;
sesame-snaps-x4-pack;Sesame Snaps x4 pack;£0.70/unit;£0.58/100g;Biscuits & crackers;biscuits-crackers-kids-lunchbox;542;2.8;61.8;null;31.5;null;null;null;
sesame-snaps-x4-pack;Sesame Snaps x4 pack;£0.70/unit;£0.58/100g;Biscuits & crackers;healthier-biscuits-crackers;542;2.8;61.8;null;31.5;null;null;null;
shape-blackberry---cherry-4x120g;Shape 0% Fat Blackberry & Cherry Yogurt 4x120g;£1.00/unit;£0.21/100g;Yogurts;diet-low-fat-yogurts;52;4.9;7.2;6.9;0.2;0.1;1.1;0.2;
shape-crumble-yogurts-4x120g;Shape 0% Fat Apple & Rhubarb Crumble Yogurt 4x120g;£1.00/unit;£0.21/100g;Yogurts;diet-low-fat-yogurts;49;4.8;7.0;6.6;0.1;0.0;0.2;0.2;
shape-crumble-yogurts-4x120g;Shape 0% Fat Apple & Rhubarb Crumble Yogurt 4x120g;£1.00/unit;£0.21/100g;Yogurts;rice-dessert-style-yogurts;49;4.8;7.0;6.6;0.1;0.0;0.2;0.2;
shape-delights-chocolate-4x110g;Shape Dessert Chocolate 4x110g;£1.00/unit;£0.23/100g;Yogurts;diet-low-fat-yogurts;100;3.4;16.0;13.5;2.3;1.6;0.6;0.1;
shape-delights-chocolate-4x110g;Shape Dessert Chocolate 4x110g;£1.00/unit;£0.23/100g;Yogurts;rice-dessert-style-yogurts;100;3.4;16.0;13.5;2.3;1.6;0.6;0.1;
shape-mango---peach-4x120g;Shape 0% Fat Peach & Apricot Yogurt 4x120g;£1.00/unit;£0.21/100g;Yogurts;diet-low-fat-yogurts;49;4.9;7.2;7.0;0.1;0.0;0.2;0.2;
shape-pineapple---coconut-yogurt-4x120g;Shape Pineapple & Coconut Yogurt 4x120g;£1.00/unit;£0.21/100g;Yogurts;diet-low-fat-yogurts;52;4.7;7.2;7.0;0.1;0.0;1.6;0.2;
shape-raspberry---strawberry-4x120g;Shape Raspberry & Strawberry Yogurt 4x120g;£1.00/unit;£0.21/100g;Yogurts;diet-low-fat-yogurts;49;4.6;6.8;6.3;0.1;0.0;1;0.2;
share-chorizo-koftas-136g;Sainsbury's Share Chorizo Koftas 136g;£2.50/unit;£1.84/100g;Coleslaw, olives, salads & dips;olives-tapas-antipasti;258;15.8;14.3;4.0;14.8;3.1;2.3;1.00;
sharpham-park-bran-flakes-375g;Sharpham Park Bran Flakes 375g;£3.00/unit;£0.80/100g;Breakfast cereals;healthier-cereals;369;10.9;71.1;4.3;2.7;0.1;null;null;
sharwoods-balti-sauce-420g;Sharwood's Balti Sauce 420g;£1.65/unit;£0.39/100g;Cooking sauces & world foods;indian-cooking-sauces;86;1.3;6.1;4.2;5.8;0.8;2.1;0.83;
sharwoods-bhuna-sauce-420g;Sharwood's Bhuna Sauce 420g;£1.65/unit;£0.39/100g;Cooking sauces & world foods;indian-cooking-sauces;76;1.4;6.3;4.5;4.5;0.4;2.2;0.88;
sharwoods-black-bean---red-pepper-425g;Sharwood's Black Bean & Red Pepper Cooking Sauce 425g;£1.70/unit;£0.40/100g;Cooking sauces & world foods;chinese-cooking-sauces;61;2.1;11.4;6.7;0.6;0.1;0.7;1.10;
sharwoods-black-bean-stir-fry-sauce-195g;Sharwood's Black Bean Stir-Fry Sauce 195g;£1.45/unit;£0.74/100g;Cooking sauces & world foods;chinese-cooking-sauces;67;1.9;11.8;7.9;1.3;0.4;0.6;1.6;
sharwoods-butter-chicken-curry-sauce-420g;Sharwood's Butter Chicken Curry Sauce 420g;£1.65/unit;£0.39/100g;Cooking sauces & world foods;indian-cooking-sauces;102;1.0;6.9;3.9;7.5;2.7;1.1;0.78;
sharwoods-cantonese-curry-425g;Sharwood's Chinese Curry Cooking Sauce 425g;£1.70/unit;£0.40/100g;Cooking sauces & world foods;chinese-cooking-sauces;47;0.9;6.7;2.9;1.6;0.2;1.2;0.98;
sharwoods-chicken-korma-375g;Sharwood's Chicken Korma 375g;£1.10/unit;£2.93/kg;Ready meals & pies;frozen-ready-meals;164;5.7;24.5;2.0;4.4;2.8;1.7;0.40;
sharwoods-chow-mein-stir-fry-195g;Sharwood's Chow Mein Stir Fry 195g;£1.45/unit;£0.74/100g;Cooking sauces & world foods;chinese-cooking-sauces;66;0.8;14.8;11.7;0.3;0.1;0.4;1.6;
sharwoods-dopiaza-sauce-420g;Sharwood's Dopiaza Sauce 420g;£1.65/unit;£0.39/100g;Cooking sauces & world foods;indian-cooking-sauces;99;1.7;6.2;4.9;7.0;0.6;2.4;0.80;
sharwoods-fine-egg-noodles-375g;Sharwood's Fine Egg Noodles 375g;£1.75/unit;£4.67/kg;Cooking sauces & world foods;chinese-cooking-sauces;350;12.0;70.0;3.5;1.9;0.3;2.5;0.75;
sharwoods-fine-egg-noodles-375g;Sharwood's Fine Egg Noodles 375g;£1.75/unit;£4.67/kg;Rice, pasta & noodles;noodles;350;12.0;70.0;3.5;1.9;0.3;2.5;0.75;
sharwoods-garlic---coriander-mini-naan-x4;Sharwood's Garlic & Coriander Mini Naan x4;£1.75/unit;£0.74/100g;Cooking sauces & world foods;indian-cooking-sauces;295;7.8;47.4;3.4;7.5;0.5;3.3;0.74;
sharwoods-garlic---coriander-poppadoms--ready-to-eat-x8-72g;Sharwood's Garlic & Coriander Poppadoms, Ready to Eat x8 72g;£1.68/unit;£2.33/100g;Cooking sauces & world foods;indian-cooking-sauces;427;19.2;40.9;1.1;18.9;1.8;8.1;4.77;
sharwoods-hoi-sin---five-spice-sauce-425g;Sharwood's Hoi Sin & Five Spice Cooking Sauce 425g;£1.70/unit;£0.40/100g;Cooking sauces & world foods;chinese-cooking-sauces;81;0.7;15.5;11.2;1.8;0.2;0.8;0.95;
sharwoods-hoi-sin---spring-onion-stir-fry-sauce-195g;Sharwood's Hoi-Sin & Spring Onion Stir Fry Sauce 195g;£1.45/unit;£0.74/100g;Cooking sauces & world foods;chinese-cooking-sauces;119;1.3;26.5;null;0.9;null;null;null;
sharwoods-jalfrezi-sauce-420g;Sharwood's Jalfrezi Sauce 420g;£1.65/unit;£0.39/100g;Cooking sauces & world foods;indian-cooking-sauces;82;1.4;5.8;4.1;5.5;0.4;2.2;0.95;
sharwoods-korma-sauce-420g;Sharwood's Korma Sauce 420g;£1.65/unit;£0.39/100g;Cooking sauces & world foods;indian-cooking-sauces;125;1.7;11.7;7.6;7.7;5.5;1.3;0.74;
sharwoods-kung-po-sauce-425g;Sharwood's Kung Po Cooking Sauce 425g;£1.70/unit;£0.40/100g;Cooking sauces & world foods;chinese-cooking-sauces;120;0.5;26.9;19.9;1.1;0.2;0.3;0.80;
sharwoods-lime-pickle-300g;Sharwood's Lime Pickle 300g;£1.68/unit;£0.56/100g;Cooking sauces & world foods;indian-cooking-sauces;88;1.3;5.6;1.6;5.5;1.2;5.5;10.8;
sharwoods-madras-sauce-420g;Sharwood's Madras Sauce 420g;£1.65/unit;£0.39/100g;Cooking sauces & world foods;indian-cooking-sauces;75;1.3;6.5;3.3;4.4;1.1;2.1;0.85;
sharwoods-mango-chutney---kashmiri-chilli-360g;Sharwood's Mango Chutney & Kashmiri Chilli 360g;£1.68/unit;£0.47/100g;Cooking sauces & world foods;indian-cooking-sauces;234;0.8;56.7;49.8;0.1;0.1;2.0;2.9;
sharwoods-mango-chutney--green-label-530g;Sharwood's Mango Chutney, Green Label 530g;£2.50/unit;£0.47/100g;Table sauces, dressings & condiments;chutney-pickle-relishes;240;0.3;59.5;44.7;0.1;0.1;0.4;2.9;
sharwoods-mango-chutney--green-label-530g;Sharwood's Mango Chutney, Green Label 530g;£2.50/unit;£0.47/100g;Vinegar, pickles, olives & antipasti;chutneys-pickle-relishes;240;0.3;59.5;44.7;0.1;0.1;0.4;2.9;
sharwoods-mango-chutney-360g;Sharwood's Mango Chutney 360g;£1.68/unit;£0.47/100g;Cooking sauces & world foods;indian-cooking-sauces;240;0.3;59.8;44.7;0.1;0.1;0.4;2.9;
sharwoods-mango-spreadable-chutney-360g;Sharwood's Mango Spreadable Chutney 360g;£1.68/unit;£0.47/100g;Cooking sauces & world foods;indian-cooking-sauces;240;0.3;59.5;44.7;0.1;0.1;0.4;2.9;
sharwoods-medium-egg-noodles-375g;Sharwood's Medium Egg Noodles 375g;£1.75/unit;£4.67/kg;Cooking sauces & world foods;chinese-cooking-sauces;350;12.0;70.0;3.5;1.9;0.3;2.5;0.75;
sharwoods-medium-egg-noodles-375g;Sharwood's Medium Egg Noodles 375g;£1.75/unit;£4.67/kg;Rice, pasta & noodles;noodles;350;12.0;70.0;3.5;1.9;0.3;2.5;0.75;
sharwoods-oyster-sauce-150ml;Sharwood's Oyster Sauce 150ml;£1.89/unit;£1.26/100ml;Cooking sauces & world foods;chinese-cooking-sauces;129;1.0;30.6;27.0;0.1;0.1;0.6;5.7;
sharwoods-plain-naan-x2-180g;Sharwood's Plain Naan x2 180g;£1.68/unit;£0.65/100g;Cooking sauces & world foods;indian-cooking-sauces;273;8.2;44.2;4.0;6.2;0.4;3.8;0.71;
sharwoods-plain-poppadoms--ready-to-eat-x8-72g;Sharwood's Plain Poppadoms, Ready to Eat x8 72g;£1.68/unit;£2.33/100g;Cooking sauces & world foods;indian-cooking-sauces;421;18.9;38.6;1.1;19.1;1.8;9.5;4.60;
sharwoods-plain-puppodums--cook-to-eat-x8-94g;Sharwood's Plain Puppodums, Cook to Eat x8 94g;£1.68/unit;£1.79/100g;Cooking sauces & world foods;indian-cooking-sauces;273;21.9;45.7;0.6;0.3;0;10.1;null;
sharwoods-rich-soy-sauce-150ml;Sharwood's Rich Soy Sauce 150ml;£1.09/unit;£0.73/100ml;Cooking sauces & world foods;chinese-cooking-sauces;88;3.4;18.3;17.6;0.1;0;0;21.2;
sharwoods-rich-soy-sauce-150ml;Sharwood's Rich Soy Sauce 150ml;£1.09/unit;£0.73/100ml;Table sauces, dressings & condiments;worcester-soy-sauce;88;3.4;18.3;17.6;0.1;0;0;21.2;
sharwoods-rogan-josh-sauce-420g;Sharwood's Rogan Josh Sauce 420g;£1.65/unit;£0.39/100g;Cooking sauces & world foods;indian-cooking-sauces;75;1.6;5.4;4.2;4.8;0.5;2.2;0.68;
sharwoods-spicy-tikka-masala-sauce-420g;Sharwood's Spicy Tikka Masala Sauce 420g;£1.65/unit;£0.39/100g;Cooking sauces & world foods;indian-cooking-sauces;103;1.7;8.3;5.0;6.5;3.3;1.7;0.70;
sharwoods-sweet---sour-sauce-425g;Sharwood's Sweet & Sour Cooking Sauce 425g;£1.70/unit;£0.40/100g;Cooking sauces & world foods;chinese-cooking-sauces;113;0.5;26.0;22.7;0.6;0;0.8;0.78;
sharwoods-sweet---sour-stir-fry-sauce-195g;Sharwood's Sweet & Sour Stir Fry Sauce 195g;£1.45/unit;£0.74/100g;Cooking sauces & world foods;chinese-cooking-sauces;113;0.4;27.4;24.3;0.2;0.1;0.3;1.3;
sharwoods-sweet-chilli---red-pepper-425g;Sharwood's Sweet Chilli & Red Pepper Cooking Sauce 425g;£1.70/unit;£0.40/100g;Cooking sauces & world foods;chinese-cooking-sauces;74;0.7;17.0;13.8;0.2;0;0.6;0.69;
sharwoods-sweet-chilli-stir-fry-sauce-195g;Sharwood's Sweet Chilli Stir Fry Sauce 195g;£1.45/unit;£0.74/100g;Cooking sauces & world foods;chinese-cooking-sauces;73;0.5;16.7;12.4;0.4;0.1;0.4;1.4;
sharwoods-sweet-chilli-stir-fry-sauce-195g;Sharwood's Sweet Chilli Stir Fry Sauce 195g;£1.45/unit;£0.74/100g;Cooking sauces & world foods;thai-cooking-sauces;73;0.5;16.7;12.4;0.4;0.1;0.4;1.4;
sharwoods-tikka-masala-375g;Sharwood's Tikka Masala 375g;£1.10/unit;£2.93/kg;Ready meals & pies;frozen-ready-meals;128;5.3;20.1;3.0;2.7;1.0;1.0;0.51;
sharwoods-tikka-masala-creamy-sauce-420g;Sharwood's Tikka Masala Creamy Sauce 420g;£1.65/unit;£0.39/100g;Cooking sauces & world foods;indian-cooking-sauces;108;1.5;10.1;6.3;6.6;3.9;1.2;0.83;
sharwoods-tikka-masala-mild-sauce-420g;Sharwood's Tikka Masala Mild Sauce 420g;£1.65/unit;£0.39/100g;Cooking sauces & world foods;indian-cooking-sauces;103;1.7;8.3;4.9;6.5;3.3;1.7;0.69;
sharwoods-tikka-masala-saag-sauce-420g;Sharwood's Tikka Masala Saag Sauce 420g;£1.65/unit;£0.39/100g;Cooking sauces & world foods;indian-cooking-sauces;100;1.5;9.1;5.7;6.0;3.4;1.7;0.85;
sharwoods-tomato-szechuan-stir-fry-sauce-195g;Sharwood's Tomato Szechuan Stir Fry Sauce 195g;£1.45/unit;£0.74/100g;Cooking sauces & world foods;chinese-cooking-sauces;57;1.1;12.0;8.3;0.3;0.2;0.8;1.2;
shazan-halal-baby-whole-chicken-800g;Shazans Halal Baby Whole Chicken 800g;£3.00/unit;£3.75/kg;Chicken;chicken;160;20.5;0;0;8.7;2.3;0;null;
shazan-halal-baby-whole-chicken-800g;Shazans Halal Baby Whole Chicken 800g;£3.00/unit;£3.75/kg;World foods, kosher & halal;halal-chilled-foods;160;20.5;0;0;8.7;2.3;0;null;
shazan-halal-chicken-breast-fillet-760g;Shazans Halal Chicken Breast Fillet 760g;£5.00/unit;£6.58/kg;Chicken;chicken;116;21.8;0;0;3.2;1.1;0;null;
shazan-halal-chicken-breast-fillet-760g;Shazans Halal Chicken Breast Fillet 760g;£5.00/unit;£6.58/kg;World foods, kosher & halal;halal-chilled-foods;116;21.8;0;0;3.2;1.1;0;null;
shazan-halal-chicken-drumsticks---thighs-1kg;Shazans Halal Chicken Drumsticks & Thighs 1kg;£3.50/unit;£3.50/kg;Chicken;chicken;138;19.3;0;0;6.8;1.9;0;null;
shazan-halal-chicken-drumsticks---thighs-1kg;Shazans Halal Chicken Drumsticks & Thighs 1kg;£3.50/unit;£3.50/kg;World foods, kosher & halal;halal-chilled-foods;138;19.3;0;0;6.8;1.9;0;null;
shazan-halal-chicken-drumsticks-1kg;Shazans Halal Chicken Drumsticks 1kg;£3.50/unit;£3.50/kg;Chicken;chicken;138;19.3;0;0;6.8;1.9;0;null;
shazan-halal-chicken-drumsticks-1kg;Shazans Halal Chicken Drumsticks 1kg;£3.50/unit;£3.50/kg;World foods, kosher & halal;halal-chilled-foods;138;19.3;0;0;6.8;1.9;0;null;
shazan-halal-chicken-wings-12kg;Shazans Halal Chicken Wings 1.2kg;£3.50/unit;£2.92/kg;Chicken;chicken;210;17.9;0;0;15.3;4.3;0;null;
shazan-halal-chicken-wings-12kg;Shazans Halal Chicken Wings 1.2kg;£3.50/unit;£2.92/kg;World foods, kosher & halal;halal-chilled-foods;210;17.9;0;0;15.3;4.3;0;null;
shazans-halal-chicken-diced-thighs-500g;Shazans Halal Chicken Diced Thighs 500g;£3.50/unit;£4.38/kg;Chicken;chicken;null;null;null;null;null;null;null;null;
shazans-halal-chicken-diced-thighs-500g;Shazans Halal Chicken Diced Thighs 500g;£3.50/unit;£4.38/kg;World foods, kosher & halal;halal-chilled-foods;null;null;null;null;null;null;null;null;
shazans-halal-chicken-skinless-thighs-1kg;Shazans Halal Chicken Skinless Thighs 1kg;£3.50/unit;£3.50/kg;Chicken;chicken;138;19.3;0;0;6.8;1.9;0;null;
shazans-halal-chicken-skinless-thighs-1kg;Shazans Halal Chicken Skinless Thighs 1kg;£3.50/unit;£3.50/kg;World foods, kosher & halal;halal-chilled-foods;138;19.3;0;0;6.8;1.9;0;null;
shippams-crab-75g;Shippam's Crab 75g;£0.70/unit;£0.93/100g;Jams, honey & spreads;savoury-pastes;152;12.6;7.5;null;7.1;null;null;null;
shredded-wheat-x16;Shredded Wheat x16;£1.70/unit;£0.11/bisc;Breakfast cereals;family-cereals;363;11.6;68.5;0.7;2.2;0.5;11.6;0.05;
shredded-wheat-x16;Shredded Wheat x16;£1.70/unit;£0.11/bisc;Breakfast cereals;healthier-cereals;363;11.6;68.5;0.7;2.2;0.5;11.6;0.05;
shredded-wheat-x30;Shredded Wheat x30;£2.40/unit;£0.08/bisc;Breakfast cereals;family-cereals;363;11.6;68.5;0.7;2.2;0.5;11.6;0.05;
shredded-wheat-x30;Shredded Wheat x30;£2.40/unit;£0.08/bisc;Breakfast cereals;healthier-cereals;363;11.6;68.5;0.7;2.2;0.5;11.6;0.05;
silver-edible-lustre-6g;Sainsbury's Edible Lustre Silver 6g;£2.00/unit;£34.01/100g;Sugar & home baking;decorations;null;null;null;null;null;null;null;null;
silver-spoon-golden-syrup-680g;Silver Spoon Golden Syrup 680g;£1.90/unit;£0.28/100g;Sugar & home baking;baking-ingredients---colourings;334;0.5;83;75;0.5;0.1;null;0.41;
silver-spoon-half-spoon-granulated-sugar-1kg;Silver Spoon Half Spoon Granulated Sugar 1kg;£2.00/unit;£2.00/kg;Sugar & home baking;sugar-sweeteners;400;0.8;98.9;98.9;0;0;0;0;
silver-spoon-half-spoon-sugar-500g;Silver Spoon Half Spoon Sugar 500g;£1.20/unit;£2.40/kg;Sugar & home baking;sugar-sweeteners;400;0.8;98.9;98.9;0;0;0;null;
silver-spoon-sweetener-x400;Silver Spoon Sweetener x400;£2.20/unit;£0.06/10tblt;Sugar & home baking;sugar-sweeteners;341;22.06;65.66;40.68;0.16;0.15;null;0.85;
silver-spoon-truvia-baking-blend-500g;Silver Spoon Truvia Baking Blend 500g;£5.00/unit;£10.00/kg;Sugar & home baking;sugar-sweeteners;null;null;null;null;null;null;null;null;
silver-spoon-truvia-pouch-150g;Silver Spoon Truvia Pouch 150g;£3.00/unit;£20.00/kg;Sugar & home baking;sugar-sweeteners;0;0;99.0;0;0;0;null;0;
silver-spoon-truvia-sweetener-tablets-x100-5g;Silver Spoon Truvia Sweetener Tablets x100 5g;£2.50/unit;£0.25/10tblt;Sugar & home baking;sugar-sweeteners;376;3.0;89.9;null;0.2;null;null;null;
simplee-aloe-1l;Simplee Aloe 1L;£3.50/unit;£0.35/100ml;Chilled fruit juice & smoothies;chilled-fruit-juice;28;0;6.9;6.7;0;0;0;0;
simply-delicious-organic-mayonnaise-300m;Simply Delicious Organic Mayonnaise 300m;£2.50/unit;£0.83/100ml;Table sauces, dressings & condiments;salad-cream-mayonnaise;680;1.5;2.3;2.0;74.2;9.1;0.1;2.0;
simpsons-swirler-string-cheese-x8;Simpsons Swirler String Cheese x8;£2.00/unit;£0.25/ea;Cheese;snacking-lunchbox-cheese;290;252;06;00;208;14.3;null;15;
sizzling-danish-smoked-back-bacon-2x200g;Sizzling Danish Smoked Back Bacon 2x200g;£3.80/unit;£9.50/kg;Bacon & gammon;bacon;282;26.3;0.5;0.5;19.6;8.6;0.5;4.8;
sizzling-danish-smoked-back-bacon-300g;Sizzling Danish Smoked Bacon Rashers x10 300g;£3.00/unit;£10.00/kg;Bacon & gammon;bacon;null;null;null;null;null;null;null;null;
sizzling-danish-smoked-bacon-rashers-x10-300g;Sizzling Danish Smoked Bacon Rashers x10 300g;£3.00/unit;£10.00/kg;Bacon & gammon;bacon;282;26.3;0.1;0.1;19.6;8.6;0.1;4.8;
sizzling-danish-unsmoked-back-bacon-2x200g;Sizzling Danish Unsmoked Back Bacon 2x200g;£3.80/unit;£9.50/kg;Bacon & gammon;bacon;282;26.3;0.5;0.5;19.6;8.6;0.5;4.8;
sizzling-danish-unsmoked-back-bacon-300g;Sizzling Danish Unsmoked Bacon Rashers x10 300g;£3.00/unit;£10.00/kg;Bacon & gammon;bacon;null;null;null;null;null;null;null;null;
sizzling-danish-unsmoked-bacon-rashers-x10-300g;Sizzling Danish Unsmoked Bacon Rashers x10 300g;£3.00/unit;£10.00/kg;Bacon & gammon;bacon;282;26.3;0.1;0.1;19.6;8.6;0.1;4.8;
ski-greek-style-lemon-yogurts-4x120g;Ski Greek Style Lemon Yogurts 4x120g;£2.00/unit;£0.42/100g;Yogurts;diet-low-fat-yogurts;106;4.8;15.0;14.2;3.0;1.8;null;0.2;
ski-greek-style-lemon-yogurts-4x120g;Ski Greek Style Lemon Yogurts 4x120g;£2.00/unit;£0.42/100g;Yogurts;natural-greek-yogurts;106;4.8;15.0;14.2;3.0;1.8;null;0.2;
ski-greek-style-strawberry-yogurt-4x120g;Ski Greek Style Strawberry Yogurt 4x120g;£2.00/unit;£0.42/100g;Yogurts;diet-low-fat-yogurts;105;4.8;14.9;14.0;3.0;1.8;null;0.2;
ski-greek-style-strawberry-yogurt-4x120g;Ski Greek Style Strawberry Yogurt 4x120g;£2.00/unit;£0.42/100g;Yogurts;natural-greek-yogurts;105;4.8;14.9;14.0;3.0;1.8;null;0.2;
ski-lemon-meringue-mousse-4x60g;Ski Mousse Lemon Meringue  4x60g;£1.39/unit;£0.58/100g;Yogurts;rice-dessert-style-yogurts;127;3.7;17.6;17.3;4.7;3.2;null;0.3;
ski-mousse-ltd-edition-4x59g;Ski Mousse Ltd Edition 4x59g;£1.39/unit;£0.59/100g;Yogurts;rice-dessert-style-yogurts;126;3.7;16.7;15.9;4.9;3.4;null;0.2;
ski-smooth-cherry---blackcurrant-yogurts-4x120g;Ski Smooth Cherry & Blackcurrant Yogurts 4x120g;£1.69/unit;£0.35/100g;Yogurts;corners-everyday-yogurts;87;3.7;12.2;11.9;2.6;1.7;null;0.1;
ski-smooth-strawberry---raspberry-4x120g;Ski Smooth Strawberry & Raspberry Yogurt 4x120g;£1.69/unit;£0.35/100g;Yogurts;corners-everyday-yogurts;94;3.9;13.6;13.2;2.7;1.8;null;0.1;
ski-strawberry-mousse-4x60g;Ski Mousse Strawberry 4x60g;£1.39/unit;£0.58/100g;Yogurts;rice-dessert-style-yogurts;128;3.8;16.6;14.2;5.2;3.6;null;0.2;
ski-tropical-4x120g;Ski Tropical Yogurt 4x120g;£1.69/unit;£0.35/100g;Yogurts;corners-everyday-yogurts;91;3.8;13.2;12.9;2.6;1.7;null;0.1;
ski-variety-4x120g;Ski Variety Yogurt 4x120g;£1.69/unit;£0.35/100g;Yogurts;corners-everyday-yogurts;90;3.8;13.0;12.6;2.6;1.6;null;0.1;
skinny-cow-triple-mint-chocolate-x3-300ml;Skinny Cow Triple Mint Chocolate x3 300ml;£1.50/unit;£0.50/100ml;Ice cream & desserts;lollies-bars-cones;194;3.3;30.0;25.1;5.6;4.4;4.2;0.15;
skippy-peanut-butter--smooth-340g;Skippy Peanut Butter Smooth 340g;£2.25/unit;£0.66/100g;Jams, honey & spreads;peanut-butter;0;25.3;14.1;10.9;51.6;10;4.7;0.45;
skippy-peanut-butter-crunchy-340g;Skippy Peanut Butter Crunchy 340g;£2.25/unit;£0.66/100g;Jams, honey & spreads;peanut-butter;0;25.6;12.8;9.4;52.2;10;3.8;0.38;
skips-12x144g;Skips Prawn Cocktail 12x14.4g;£2.75/unit;£1.48/100g;Crisps, nuts & snacking fruit;crisps;544;4.9;58;7.8;32;2.9;0.7;2.3;
skittles-bag-55g;Skittles Bag 55g;£0.60/unit;£1.09/100g;Confectionery;sweets;null;null;null;null;null;null;null;null;
skittles-confused-55g;Skittles Confused 55g;£0.60/unit;£1.09/100g;Confectionery;sweets;null;null;null;null;null;null;null;null;
skittles-confused-pouch-174g;Skittles Confused Pouch 174g;£1.40/unit;£0.80/100g;Confectionery;sweets;null;null;null;null;null;null;null;null;
skittles-crazy-sours-bag-55g;Skittles Crazy Sours Bag 55g;£0.60/unit;£1.09/100g;Confectionery;sweets;null;null;null;null;null;null;null;null;
skittles-crazy-sours-pouch-174g;Skittles Crazy Sours Pouch 174g;£1.40/unit;£0.80/100g;Confectionery;sweets;null;null;null;null;null;null;null;null;
skittles-fruit-pouch-174g;Skittles Fruit Pouch 174g;£1.40/unit;£0.80/100g;Confectionery;sweets;null;null;null;null;null;null;null;null;
skittles-wild-berry-pouch-174g;Skittles Wild Berry Pouch 174g;£1.40/unit;£0.80/100g;Confectionery;sweets;null;null;null;null;null;null;null;null;
skittles-wild-berry-single-55g;Skittles Wild Berry Single 55g;£0.60/unit;£1.09/100g;Confectionery;sweets;404;0;91.1;90.3;4.2;2.3;null;0.03;
sliver-spoon-sweetener-75g;Silver Spoon Sweetener 75g;£1.50/unit;£20.00/kg;Sugar & home baking;sugar-sweeteners;374;1.4;92.2;null;0;null;null;null;
smarties-chicken-1175g;Smarties Chicken 117.5g;£2.00/unit;£1.86/100g;Confectionery;easter-eggs;522;5.0;62.8;61.6;27.6;17.2;1.2;0.22;
smarties-cupcakes-x6;Smarties Cupcakes x6;£1.00/unit;£0.17/ea;Cakes;muffins-small-cakes;471;4.8;54.7;39.3;25.4;11.5;2.0;0.45;
smarties-hexatube-38g;Smarties Hexatube 38g;£0.60/unit;£1.58/100g;Confectionery;chocolate;null;null;null;null;null;null;null;null;
smarties-hexatube-38g;Smarties Hexatube 38g;£0.60/unit;£1.58/100g;Confectionery;sweets;null;null;null;null;null;null;null;null;
smarties-medium-easter-egg-122g;Smarties Medium Easter Egg 122g;£1.25/unit;£1.02/100g;Confectionery;easter-eggs;522;5.3;63.5;61.6;27.0;15.8;1.6;0.15;
smarties-mini-eggs-100g;Smarties Mini Eggs 100g;£1.00/unit;£1.00/100g;Confectionery;easter-eggs;null;null;null;null;null;null;null;null;
smarties-multipack-x4-38g;Smarties Multipack x4 38g;£1.00/unit;£0.66/100g;Confectionery;chocolate;462;4.8;68.8;63.4;18.4;10.5;0.9;0.15;
smarties-multipack-x4-38g;Smarties Multipack x4 38g;£1.00/unit;£0.66/100g;Confectionery;sweets;462;4.8;68.8;63.4;18.4;10.5;0.9;0.15;
smarties-split-pot-vanilla-4x120g;Smarties Split Pot Yogurt 4x120g;£2.00/unit;£0.42/100g;Yogurts;corners-everyday-yogurts;null;null;null;null;null;null;null;null;
smarties-split-pot-vanilla-4x120g;Smarties Split Pot Yogurt 4x120g;£2.00/unit;£0.42/100g;Yogurts;kids-yogurts;null;null;null;null;null;null;null;null;
smarties-split-pot-vanilla-4x120g;Smarties Split Pot Yogurt 4x120g;£2.00/unit;£0.42/100g;Yogurts;rice-dessert-style-yogurts;null;null;null;null;null;null;null;null;
smarties-spring-animals-trio-675g;Smarties Spring Animals Trio 67.5g;£2.00/unit;£3.17/100g;Confectionery;easter-eggs;525;5.0;62.6;61.5;28.1;17.5;1.2;0.22;
smash-instant-mash-280g;Smash Instant Mash 280g;£2.00/unit;£7.14/kg;Canned, tinned & packaged foods;canned-tinned-packaged-vegetables;324;8.3;70.7;1.8;0.9;0.7;7.7;1.13;
smash-instant-mashed-potato-large-pieces-176g;Smash Instant Mashed Potato 176g;£1.25/unit;£7.10/kg;Canned, tinned & packaged foods;canned-tinned-packaged-vegetables;58;1.4;10.9;0.5;0.5;0.1;1.1;0.17;
smash-instant-mashed-potato-pieces--cheese---onion-107g;Smash Instant Mashed Potato Pieces, Cheese & Onion 107g;£0.75/unit;£7.01/kg;Canned, tinned & packaged foods;canned-tinned-packaged-vegetables;58;1.5;10.6;0.7;0.5;0.2;1.1;0.19;
smoky-jalapeno-topped-houmous-200g;Sainsbury's Smoky Jalapeno Topped Houmous 200g;£1.55/unit;£0.78/100g;Coleslaw, olives, salads & dips;fresh-dips-houmous;267;6.8;10.4;1.9;20.8;2.2;5.7;0.88;
smoky-jalapeno-topped-houmous-200g;Sainsbury's Smoky Jalapeno Topped Houmous 200g;£1.55/unit;£0.78/100g;Vegetarian & meat free;deli-meat-alternatives;267;6.8;10.4;1.9;20.8;2.2;5.7;0.88;
snack-a-jack-choc-chip-180g;Snack a Jacks Choc Chip 180g;£1.00/unit;£0.56/100g;Biscuits & crackers;healthier-biscuits-crackers;414;6.0;81.0;30.0;7.0;3.5;1.7;0.05;
snack-a-jacks-bbq-127g;Snack a Jacks BBQ 127g;£1.00/unit;£0.79/100g;Biscuits & crackers;healthier-biscuits-crackers;381;7.8;81.6;6.8;2.2;0.9;1.7;2.25;
snack-a-jacks-caramel-159g;Snack a Jacks Caramel 159g;£1.00/unit;£0.63/100g;Biscuits & crackers;crackers-savoury-biscuits;392;5.5;87.0;28.0;2.1;0.4;1.4;0.50;
snack-a-jacks-caramel-159g;Snack a Jacks Caramel 159g;£1.00/unit;£0.63/100g;Biscuits & crackers;healthier-biscuits-crackers;392;5.5;87.0;28.0;2.1;0.4;1.4;0.50;
snack-a-jacks-caramel-4x25g;Snack a Jacks Caramel 4x25g;£1.55/unit;£1.55/100g;Biscuits & crackers;biscuits-crackers-kids-lunchbox;405;6.0;88.0;30.0;3.0;0.9;0.8;0.50;
snack-a-jacks-caramel-4x25g;Snack a Jacks Caramel 4x25g;£1.55/unit;£1.55/100g;Biscuits & crackers;crackers-savoury-biscuits;405;6.0;88.0;30.0;3.0;0.9;0.8;0.50;
snack-a-jacks-caramel-4x25g;Snack a Jacks Caramel 4x25g;£1.55/unit;£1.55/100g;Biscuits & crackers;healthier-biscuits-crackers;405;6.0;88.0;30.0;3.0;0.9;0.8;0.50;
snack-a-jacks-rice-cake-cheese-120g;Snack a Jacks Rice Cake Cheese 120g;£1.00/unit;£0.83/100g;Biscuits & crackers;crackers-savoury-biscuits;384;8.5;81.0;4.5;2.5;1.0;1.7;1.50;
snack-a-jacks-rice-cake-cheese-120g;Snack a Jacks Rice Cake Cheese 120g;£1.00/unit;£0.83/100g;Biscuits & crackers;healthier-biscuits-crackers;384;8.5;81.0;4.5;2.5;1.0;1.7;1.50;
snack-a-jacks-salt---vinegar-126g;Snack a Jacks Salt & Vinegar 126g;£1.00/unit;£0.79/100g;Biscuits & crackers;crackers-savoury-biscuits;386;7.4;75.4;1.6;5.7;0.9;1.6;3.50;
snack-a-jacks-salt---vinegar-126g;Snack a Jacks Salt & Vinegar 126g;£1.00/unit;£0.79/100g;Biscuits & crackers;healthier-biscuits-crackers;386;7.4;75.4;1.6;5.7;0.9;1.6;3.50;
snack-a-jacks-salt---vinegar-26g;Snack a Jacks Salt & Vinegar 26g;£0.70/unit;£2.69/100g;Biscuits & crackers;biscuits-crackers-kids-lunchbox;406;7.0;77.4;1.8;7.4;0.8;0.8;2.75;
snack-a-jacks-salt---vinegar-26g;Snack a Jacks Salt & Vinegar 26g;£0.70/unit;£2.69/100g;Biscuits & crackers;crackers-savoury-biscuits;406;7.0;77.4;1.8;7.4;0.8;0.8;2.75;
snack-a-jacks-salt---vinegar-26g;Snack a Jacks Salt & Vinegar 26g;£0.70/unit;£2.69/100g;Biscuits & crackers;healthier-biscuits-crackers;406;7.0;77.4;1.8;7.4;0.8;0.8;2.75;
snack-a-jacks-salt---vinegar-4x22g;Snack a Jacks Salt & Vinegar 4x22g;£1.55/unit;£1.76/100g;Biscuits & crackers;biscuits-crackers-kids-lunchbox;406;7.0;77.4;1.8;7.4;0.8;0.8;2.75;
snack-a-jacks-salt---vinegar-4x22g;Snack a Jacks Salt & Vinegar 4x22g;£1.55/unit;£1.76/100g;Biscuits & crackers;crackers-savoury-biscuits;406;7.0;77.4;1.8;7.4;0.8;0.8;2.75;
snack-a-jacks-salt---vinegar-4x22g;Snack a Jacks Salt & Vinegar 4x22g;£1.55/unit;£1.76/100g;Biscuits & crackers;healthier-biscuits-crackers;406;7.0;77.4;1.8;7.4;0.8;0.8;2.75;
snack-a-jacks-sour-cream---chive-x4;Snack a Jacks Sour Cream & Chive x4;£1.55/unit;£1.76/100g;Biscuits & crackers;biscuits-crackers-kids-lunchbox;416;7.8;78.4;6.5;7.6;0.9;1.3;2.75;
snack-a-jacks-sour-cream---chive-x4;Snack a Jacks Sour Cream & Chive x4;£1.55/unit;£1.76/100g;Biscuits & crackers;crackers-savoury-biscuits;416;7.8;78.4;6.5;7.6;0.9;1.3;2.75;
snack-a-jacks-sour-cream---chive-x4;Snack a Jacks Sour Cream & Chive x4;£1.55/unit;£1.76/100g;Biscuits & crackers;healthier-biscuits-crackers;416;7.8;78.4;6.5;7.6;0.9;1.3;2.75;
snack-a-jacks-sweet-chilli-26g;Snack a Jacks Sweet Chilli 26g;£0.70/unit;£2.69/100g;Biscuits & crackers;biscuits-crackers-kids-lunchbox;415;7.3;78.9;2.7;7.5;0.8;1.1;2.25;
snack-a-jacks-sweet-chilli-26g;Snack a Jacks Sweet Chilli 26g;£0.70/unit;£2.69/100g;Biscuits & crackers;crackers-savoury-biscuits;415;7.3;78.9;2.7;7.5;0.8;1.1;2.25;
snack-a-jacks-sweet-chilli-26g;Snack a Jacks Sweet Chilli 26g;£0.70/unit;£2.69/100g;Biscuits & crackers;healthier-biscuits-crackers;415;7.3;78.9;2.7;7.5;0.8;1.1;2.25;
snack-a-jacks-sweet-chilli-x4;Snack a Jacks Sweet Chilli x4;£1.55/unit;£1.76/100g;Biscuits & crackers;biscuits-crackers-kids-lunchbox;415;7.3;78.9;2.7;7.5;0.8;1.1;2.25;
snack-a-jacks-sweet-chilli-x4;Snack a Jacks Sweet Chilli x4;£1.55/unit;£1.76/100g;Biscuits & crackers;crackers-savoury-biscuits;415;7.3;78.9;2.7;7.5;0.8;1.1;2.25;
snack-a-jacks-sweet-chilli-x4;Snack a Jacks Sweet Chilli x4;£1.55/unit;£1.76/100g;Biscuits & crackers;healthier-biscuits-crackers;415;7.3;78.9;2.7;7.5;0.8;1.1;2.25;
snack-org-teriyaki-rice-crackers-100g;Snack Org Teriyaki Rice Crackers 100g;£1.00/unit;£1.00/100g;Biscuits & crackers;crackers-savoury-biscuits;400;6.9;85;4.0;3.5;0.8;0.9;1.0;
snickers-duo-954g;Snickers Duo 83.4g;£0.75/unit;£0.90/100g;Confectionery;chocolate;511;9.4;54.5;45.2;28.0;9.7;null;0.44;
snickers-ice-cream-bars-x6-288ml;Snickers Ice Cream Bars x6 288ml;£2.80/unit;£0.97/100ml;Ice cream & desserts;lollies-bars-cones;337;6.5;33.2;24.9;19.6;10.4;null;0.24;
snickers-single-58g;Snickers Single 48g;£0.60/unit;£1.25/100g;Confectionery;chocolate;511;9.4;54.5;45.2;28.0;9.7;null;0.44;
snickers-x3-144g;Snickers x3 144g;£1.00/unit;£0.69/100g;Confectionery;chocolate;511;9.4;54.5;45.2;28.0;9.7;null;0.44;
so-organic-cos;Sainsbury's Cos Lettuce, SO Organic;£1.60/unit;£1.60/ea;Fresh salad;lettuce;15;0.8;1.7;1.7;0.5;0.1;0.9;0.00;
so-organic-cos;Sainsbury's Cos Lettuce, SO Organic;£1.60/unit;£1.60/ea;Organic;organic;15;0.8;1.7;1.7;0.5;0.1;0.9;0.00;
so-organic-french-dressing-255ml;Sainsbury's French Dressing,SO Organic 255ml;£1.50/unit;£0.59/100ml;Table sauces, dressings & condiments;salad-dressings;442;0.5;10.4;6.7;44.3;4.8;0.5;0.98;
so-organic-medium-cut-marmalade-340g;Sainsbury's Medium Cut Marmalade, So Organic 340g;£1.25/unit;£0.37/100g;Jams, honey & spreads;marmalade;270;0.5;65.7;60.4;0.5;0.1;2.7;0.13;
so-organic-peanut-butter--crunchy-340g;Sainsbury's Peanut Butter Crunchy, SO Organic 340g;£1.70/unit;£0.50/100g;Jams, honey & spreads;peanut-butter;619;29.4;5.8;4.0;51.0;11.5;9.9;0.81;
so-organic-peanut-butter--smooth-340g;Sainsbury's Peanut Butter Smooth SO Organic 340g;£1.70/unit;£0.50/100g;Jams, honey & spreads;peanut-butter;631;30.7;8.3;4.1;51.6;10.7;5.4;0.78;
so-organic-vittoria-tomatoes-180g;Sainsbury's Vittoria Tomatoes, SO Organic 180g;£1.90/unit;£10.56/kg;Fresh salad;fresh-salad-tomatoes;20;0.7;3.1;3.1;0.5;0.1;1.0;0.02;
so-organic-vittoria-tomatoes-180g;Sainsbury's Vittoria Tomatoes, SO Organic 180g;£1.90/unit;£10.56/kg;Fresh vegetables;baby-vegetables;20;0.7;3.1;3.1;0.5;0.1;1.0;0.02;
so-organic-vittoria-tomatoes-180g;Sainsbury's Vittoria Tomatoes, SO Organic 180g;£1.90/unit;£10.56/kg;Fresh vegetables;fresh-vegetables-tomatoes;20;0.7;3.1;3.1;0.5;0.1;1.0;0.02;
so-organic-vittoria-tomatoes-180g;Sainsbury's Vittoria Tomatoes, SO Organic 180g;£1.90/unit;£10.56/kg;Organic;organic;20;0.7;3.1;3.1;0.5;0.1;1.0;0.02;
soreen-banana-loaf;Soreen Banana Loaf;£1.20/unit;£0.46/100g;Cakes;cakes-scones-fruited-buns;316;7.0;60.7;20.2;4.9;0.9;5.0;0.7;
soreen-banana-loaf;Soreen Banana Loaf;£1.20/unit;£0.46/100g;Scones, fruited & buns;scones-fruited-buns;316;7.0;60.7;20.2;4.9;0.9;5.0;0.7;
soreen-banana-lunchbox-loaves-x5;Soreen Banana Lunchbox Loaves x5;£1.00/unit;£0.20/ea;Cakes;cake-bars-mini-rolls;313;7.8;58.4;19.2;5.3;0.9;5.5;0.7;
soreen-banana-lunchbox-loaves-x5;Soreen Banana Lunchbox Loaves x5;£1.00/unit;£0.20/ea;Scones, fruited & buns;scones-fruited-buns;313;7.8;58.4;19.2;5.3;0.9;5.5;0.7;
soreen-fruity-malt-loaf--sliced-350g;Soreen Fruity Malt Loaf, Sliced 350g;£1.20/unit;£1.20/ea;Cakes;cakes-scones-fruited-buns;313;8.6;63.5;20.6;2.0;0.3;3.2;0.6;
soreen-fruity-malt-loaf--sliced-350g;Soreen Fruity Malt Loaf, Sliced 350g;£1.20/unit;£1.20/ea;Scones, fruited & buns;scones-fruited-buns;313;8.6;63.5;20.6;2.0;0.3;3.2;0.6;
soreen-large-fruit-loaf-260g;Soreen Large Fruit Loaf 260g;£1.20/unit;£0.46/100g;Cakes;cakes-scones-fruited-buns;null;7.1;63.1;18.3;2.4;0.6;3.6;0.71;
soreen-large-fruit-loaf-260g;Soreen Large Fruit Loaf 260g;£1.20/unit;£0.46/100g;Scones, fruited & buns;scones-fruited-buns;null;7.1;63.1;18.3;2.4;0.6;3.6;0.71;
soreen-malt-lunchbox-loaves-x5;Soreen Malt Lunchbox Loaves x5;£1.00/unit;£0.20/ea;Cakes;cake-bars-mini-rolls;313;9.2;64.5;19.1;2.8;0.4;4.4;0.6;
soreen-malt-lunchbox-loaves-x5;Soreen Malt Lunchbox Loaves x5;£1.00/unit;£0.20/ea;Scones, fruited & buns;scones-fruited-buns;313;9.2;64.5;19.1;2.8;0.4;4.4;0.6;
soreen-orange-loaf;Soreen Orange Loaf;£1.20/unit;£1.20/ea;Cakes;cakes-scones-fruited-buns;324;7.1;61.1;21.0;4.7;0.9;4.7;0.6;
soreen-orange-loaf;Soreen Orange Loaf;£1.20/unit;£1.20/ea;Scones, fruited & buns;scones-fruited-buns;324;7.1;61.1;21.0;4.7;0.9;4.7;0.6;
sp%C3%A9cialit%C3%A9-locale-chocolate-fingerellas-250g;Spécialité Locale Chocolate Fingerellas 250g;£1.60/unit;£1.60/ea;Cakes;continental-cakes;null;null;null;null;null;null;null;null;
sp%C3%A9cialit%C3%A9-locale-sultana-fingerellas;Spécialité Locale Sultana Fingerellas;£1.60/unit;£0.64/100g;Cakes;continental-cakes;null;null;null;null;null;null;null;null;
spam-bacon-200g;Spam Bacon 200g;£1.25/unit;£0.62/100g;Canned, tinned & packaged foods;cold-meat;null;null;null;null;null;null;null;null;
spam-chopped-pork---ham-200g;Spam Chopped Pork & Ham 200g;£1.25/unit;£0.62/100g;Canned, tinned & packaged foods;cold-meat;null;null;null;null;null;null;null;null;
spam-chopped-pork---ham-340g;Spam Chopped Pork & Ham 340g;£2.00/unit;£0.59/100g;Canned, tinned & packaged foods;cold-meat;null;null;null;null;null;null;null;null;
spam-chopped-pork---ham-lite-tin-200g;Spam Chopped Pork & Ham Lite Tin 200g;£1.25/unit;£0.62/100g;Canned, tinned & packaged foods;cold-meat;227;16.3;2.1;1.4;17.0;7.2;0.1;null;
spam-chopped-pork---ham-with-garlic--limited-edition-200g;Spam Chopped Pork & Ham with Garlic, Ltd Edition 200g;£1.25/unit;£0.62/100g;Canned, tinned & packaged foods;cold-meat;null;null;null;null;null;null;null;null;
special-k-breakfast-cereal--chocolate-300g;Kellogg's Special K Breakfast Cereal, Chocolate 300g;£2.70/unit;£0.90/100g;Breakfast cereals;family-cereals;1682398;8;76;24;6;3;4;0.85;
special-k-breakfast-cereal--chocolate-300g;Kellogg's Special K Breakfast Cereal, Chocolate 300g;£2.70/unit;£0.90/100g;Breakfast cereals;healthier-cereals;1682398;8;76;24;6;3;4;0.85;
spice-tailor-keralan-coconut-sauce-225g;Spice Tailor Keralan Coconut Sauce 225g;£2.89/unit;£1.28/100g;Cooking sauces & world foods;indian-cooking-sauces;215;2.9;7.0;3.0;19.1;13.1;1.6;1.1;
spice-tailor-korma-curry-sauce-300g;Spice Tailor Korma Curry Sauce 300g;£2.89/unit;£0.96/100g;Cooking sauces & world foods;indian-cooking-sauces;206;3.3;9.7;6.3;16.8;9.1;1.2;1.2;
spice-tailor-punjabi-tomato-sauce-300g;Spice Tailor Punjabi Tomato Sauce 300g;£2.89/unit;£0.96/100g;Cooking sauces & world foods;indian-cooking-sauces;122;2.2;7.7;4.9;8.4;1.0;3.1;1.0;
spice-tailor-rogan-josh-sauce-300g;Spice Tailor Rogan Josh Sauce 300g;£2.89/unit;£0.96/100g;Cooking sauces & world foods;indian-cooking-sauces;169;2.7;8.6;5.2;13.4;2.2;2.0;1.2;
spice-tailor-southern-pepper-sauce-300g;Spice Tailor Southern Pepper Sauce 300g;£2.89/unit;£0.96/100g;Cooking sauces & world foods;indian-cooking-sauces;167;2.4;8.4;5.4;13.0;1.5;3.8;2.2;
spice-tailor-tikka-masala-sauce-300g;Spice Tailor Tikka Masala Sauce 300g;£2.89/unit;£0.96/100g;Cooking sauces & world foods;indian-cooking-sauces;152;2.3;9.8;7.6;11.2;4.1;1.6;1.6;
spider-lily;Sainsbury's Spider Lily x2;£3.00/unit;£3.00/ea;Flowers & seeds;flowers---seeds;null;null;null;null;null;null;null;null;
spiderman-mask-celebration-cake;Spiderman Celebration Cake;£10.00/unit;£9.51/kg;Celebration cakes;celebration-cakes;399;2.5;68.1;55.3;12.8;2.6;null;0.36;
splenda-500-tablets;Splenda 500 Tablets;£5.60/unit;£0.11/10tblt;Sugar & home baking;sugar-sweeteners;null;null;null;null;null;null;null;null;
splenda-cake-can-125g;Splenda Cake Can 125g;£3.15/unit;£25.20/kg;Sugar & home baking;sugar-sweeteners;391;0;97.7;6.9;0;0;0;null;
splenda-ceka-can-75g;Splenda Ceka Can 75g;£2.50/unit;£33.33/kg;Sugar & home baking;sugar-sweeteners;391;0;97.7;6.9;0;0;0;null;
splenda-low-cal-sweeteners-300-tablets;Splenda Low Cal Sweeteners 300 Tablets;£3.50/unit;£0.12/10tblt;Sugar & home baking;sugar-sweeteners;null;null;null;null;null;null;null;null;
spongebob-celebration-cake;Spongebob Celebration Cake;£10.00/unit;£10.00/ea;Celebration cakes;celebration-cakes;405;2.4;67.5;58.9;13.8;3.9;null;0.31;
sprinkle-factory-divine-desserts-67g;Sprinkles Factory Divine Desserts 67g;£2.70/unit;£4.03/100g;Fruit & desserts;sauces-toppings;473;4.8;70.2;64.6;19.1;10.4;2.1;0.2;
squares-salt---vinegar-6x22g;Squares Salt & Vinegar 6x22g;£1.50/unit;£1.00/100g;Crisps, nuts & snacking fruit;crisps;443;6.5;61.0;3.5;18.0;1.5;5.5;2.20;
st-dalfour-apricot-fruit-spread-284g;St. Dalfour Apricot Fruit Spread 284g;£2.00/unit;£0.70/100g;Jams, honey & spreads;jams---conserves;211.;0.5;52;52;0.1;0.1;1.1;null;
st-dalfour-black-cherry-fruit-spread-284g;St. Dalfour Black Cherry Fruit Spread 284g;£2.00/unit;£0.70/100g;Jams, honey & spreads;jams---conserves;212.;0.8;52;52;0.1;0.1;1.2;null;
st-dalfour-orange---ginger-spread-284g;St. Dalfour Orange & Ginger Spread 284g;£2.00/unit;£0.70/100g;Jams, honey & spreads;jams---conserves;239.;0.5;59;59;0.1;0.1;1;null;
st-dalfour-orange-thick-cut-fruit-spread-284g;St. Dalfour Orange Thick Cut Fruit Spread 284g;£2.00/unit;£0.70/100g;Jams, honey & spreads;jams---conserves;211.;0.6;52;52;0.1;0.1;1.6;null;
st-dalfour-raspberry---pomegranate-spread-284g;St. Dalfour Raspberry & Pomegranate Spread 284g;£2.00/unit;£0.70/100g;Jams, honey & spreads;jams---conserves;229.;0.6;56;56;0.3;0.1;1.9;null;
st-dalfour-raspberry-fruit-spread-284g;St. Dalfour Raspberry Fruit Spread 284g;£2.00/unit;£0.70/100g;Jams, honey & spreads;jams---conserves;229.;0.6;56;56;0.3;0.1;2.8;null;
st-dalfour-strawberry-fruit-spread-284g;St. Dalfour Strawberry Fruit Spread 284g;£2.00/unit;£0.70/100g;Jams, honey & spreads;jams---conserves;211.;0.5;52;52;0.1;0.1;1.2;null;
st-dalfour-wild-blueberry-fruit-spread-284g;St. Dalfour Wild Blueberry Fruit Spread 284g;£2.00/unit;£0.70/100g;Jams, honey & spreads;jams---conserves;211.;0.6;52;52;0.1;0.1;1.1;null;
st-helens-farm-goats-butter-250g;St Helen's Farm Goats Butter 250g;£1.90/unit;£7.60/kg;Butter, spreads & baking;block-butter;794;0.5;0;0;88.0;60.4;null;1.5;
st-helens-farm-goats-butter-250g;St Helen's Farm Goats Butter 250g;£1.90/unit;£7.60/kg;Butter, spreads & baking;dietary--free-from-and-organic;794;0.5;0;0;88.0;60.4;null;1.5;
st-helens-farm-natural-goats-milk-yogurt-450g;St Helen's Farm Goat's Milk Natural Yogurt 450g;£2.30/unit;£0.51/100g;Yogurts;big-pots-pouring-yogurts;105;5.5;4.3;3.2;7.3;5.0;null;0.1;
st-helens-farm-natural-goats-milk-yogurt-450g;St Helen's Farm Goat's Milk Natural Yogurt 450g;£2.30/unit;£0.51/100g;Yogurts;soya-dairy-alternatives-yogurts;105;5.5;4.3;3.2;7.3;5.0;null;0.1;
st-helens-semi-skimmed-goats-milk-1l;St Helen's Semi Skimmed Goats Milk 1L;£1.60/unit;£1.60/ltr;Fresh milk & eggs;fresh-milk;44;3.0;4.3;4.3;1.6;1.1;null;0.1;
st-helens-semi-skimmed-goats-milk-1l;St Helen's Semi Skimmed Goats Milk 1L;£1.60/unit;£1.60/ltr;Fresh milk & eggs;soya---dietary-needs;44;3.0;4.3;4.3;1.6;1.1;null;0.1;
st-helens-skimmed-goats-milk-1l;St Helen's Skimmed Goats Milk 1L;£1.60/unit;£1.60/ltr;Fresh milk & eggs;fresh-milk;30;3.0;4.3;4.3;0.1;0.07;null;0.1;
st-helens-skimmed-goats-milk-1l;St Helen's Skimmed Goats Milk 1L;£1.60/unit;£1.60/ltr;Fresh milk & eggs;soya---dietary-needs;30;3.0;4.3;4.3;0.1;0.07;null;0.1;
st-helens-whole-goats-milk-1l;St Helen's Whole Goats Milk 1L;£1.60/unit;£1.60/ltr;Fresh milk & eggs;fresh-milk;61;2.8;4.3;4.3;3.6;2.5;null;0.1;
st-helens-whole-goats-milk-1l;St Helen's Whole Goats Milk 1L;£1.60/unit;£1.60/ltr;Fresh milk & eggs;soya---dietary-needs;61;2.8;4.3;4.3;3.6;2.5;null;0.1;
stagg-chilli-vegetable-garden-400g;Stagg Chilli Vegetable Garden 400g;£1.80/unit;£4.50/kg;Canned, tinned & packaged foods;canned-tinned-packaged-hot-meat-meals;null;null;null;null;null;null;null;null;
stagg-classic-chilli-con-carne-400g;Stagg Classic Chilli Con Carne 400g;£1.80/unit;£4.50/kg;Canned, tinned & packaged foods;canned-tinned-packaged-hot-meat-meals;null;null;null;null;null;null;null;null;
stagg-dynamite-hot-chilli-400g;Stagg Dynamite Hot Chilli 400g;£1.80/unit;£4.50/kg;Canned, tinned & packaged foods;canned-tinned-packaged-hot-meat-meals;null;null;null;null;null;null;null;null;
stagg-silverado-chilli-400g;Stagg Silverado Beef Chilli 400g;£1.80/unit;£4.50/kg;Canned, tinned & packaged foods;canned-tinned-packaged-hot-meat-meals;null;null;null;null;null;null;null;null;
star-wars-on-the-move-set---egg-45g;Star Wars On The Move Set & Egg 45g;£5.00/unit;£11.11/100g;Confectionery;easter-eggs;525;5.4;60.6;59.7;28.6;17.1;null;0.28;
starbucks-discoveries-qandi-caramel-220ml;Starbucks Discoveries Qandi Caramel 220ml;£1.60/unit;£7.27/ltr;Fresh milk & eggs;flavoured-milk-92153-44;62;28;91;91;16;10;null;009;
starbucks-doubleshot-200ml;Starbucks Doubleshot Espresso 200ml;£1.60/unit;£8.00/ltr;Fresh milk & eggs;flavoured-milk-92153-44;72;28;93;92;26;17;null;008;
starbucks-mocha-frappucino-250ml;Starbucks Mocha Frappucino 250ml;£1.60/unit;£6.40/ltr;Fresh milk & eggs;flavoured-milk-92153-44;64;2.9;10.0;10.0;1.2;0.8;null;0.09;
starbucks-seattle-latte-220ml;Starbucks Seattle Latte 220ml;£1.60/unit;£7.27/ltr;Fresh milk & eggs;flavoured-milk-92153-44;70;28;91;91;26;17;null;008;
starbucks-skinny-cappuccino-220ml;Starbucks Skinny Cappuccino 220ml;£1.60/unit;£0.73/100ml;Fresh milk & eggs;flavoured-milk-92153-44;39;28;51;50;09;06;null;009;
starburst-45g;Starburst 45g;£0.60/unit;£1.33/100g;Confectionery;sweets;null;null;null;null;null;null;null;null;
starburst-fave-reds-pouch-192g;Starburst Fave Reds Pouch 192g;£1.40/unit;£0.73/100g;Confectionery;sweets;null;null;null;null;null;null;null;null;
starburst-fave-reds-stick-45g;Starburst Fave Reds Stick 45g;£0.60/unit;£1.33/100g;Confectionery;sweets;null;null;null;null;null;null;null;null;
starburst-original-chews-bag-192g;Starburst Original Chews Bag 192g;£1.40/unit;£0.73/100g;Confectionery;sweets;null;null;null;null;null;null;null;null;
stork-margarine-1kg;Stork Original Spread 1kg;£2.05/unit;£2.05/kg;Butter, spreads & baking;buttery-taste-and-sunflower-spreads;623;0.5;0.5;0.5;70;18;null;1.5;
stork-margarine-1kg;Stork Original Spread 1kg;£2.05/unit;£2.05/kg;Butter, spreads & baking;cooking-and-baking1;623;0.5;0.5;0.5;70;18;null;1.5;
stork-margarine-1kg;Stork Original Spread 1kg;£2.05/unit;£2.05/kg;Sugar & home baking;fats-spreads;623;0.5;0.5;0.5;70;18;null;1.5;
sugar-puffs-320g;Honey Monster Puffs 320g;£2.50/unit;£0.78/100g;Breakfast cereals;kids-cereals;379;6.6;83;29;1.2;0.4;5.0;0.01;
sun-maid-california-snacking-raisins-12x14g;Sun-Maid California Snacking Raisins 12x14g;£2.00/unit;£1.19/100g;Crisps, nuts & snacking fruit;snacking-fruit-seeds;316;3.0;76.9;71.4;0.7;0.0;5.8;0.02;
sun-maid-california-snacking-raisins-12x14g;Sun-Maid California Snacking Raisins 12x14g;£2.00/unit;£1.19/100g;Fruit & desserts;dessert-fruit;316;3.0;76.9;71.4;0.7;0.0;5.8;0.02;
sun-pat-crunchy-peanut-spread-600g;Sun Pat Peanut Spread Crunchy 600g;£2.40/unit;£0.40/100g;Jams, honey & spreads;peanut-butter;609;25.3;15.1;4.8;48.2;8.7;null;1.0;
sun-pat-peanut-butter--crunchy-340g;Sun Pat Peanut Butter Crunchy 340g;£1.45/unit;£0.43/100g;Jams, honey & spreads;peanut-butter;609;25.3;15.1;4.8;48.2;8.7;null;1.0;
sun-pat-peanut-butter--smooth-340g;Sun Pat Peanut Butter Smooth 340g;£1.45/unit;£0.43/100g;Jams, honey & spreads;peanut-butter;608;25.0;15.2;5.1;48.2;9.1;null;1.2;
sun-pat-peanut-butter-crunchy-no-added-sugar-340g;Sun Pat Peanut Butter Crunchy No added Sugar 340g;£1.45/unit;£0.43/100g;Jams, honey & spreads;peanut-butter;613;25.6;13.8;3.5;49.1;9.2;null;0.9;
sun-pat-peanut-butter-rich-roasted-crunchy-340g;Sun Pat Peanut Butter Rich Roasted Crunchy 340g;£1.60/unit;£0.47/100g;Jams, honey & spreads;peanut-butter;621;23.7;14.0;4.5;50.8;9.4;null;0.9;
sun-pat-smooth-nas-peanut-spread-340g;Sun Pat Peanut  Smooth No added Sugar 340g;£1.45/unit;£0.43/100g;Jams, honey & spreads;peanut-butter;616;25.1;13.6;3.4;49.7;9.5;null;1.2;
sun-pat-smooth-peanut-spread-600g;Sun Pat Smooth Peanut Spread 600g;£2.40/unit;£0.40/100g;Jams, honey & spreads;peanut-butter;608;25.0;15.2;5.1;48.2;9.1;null;1.2;
sundora-coconut--sweetened---tenderised-400g;Sainsbury's Sweetened Coconut 400g;£2.00/unit;£5.00/kg;Sugar & home baking;nuts---seeds;452;3.1;42.0;36.8;28.0;26.4;9.9;0.71;
sunny-raisin-multipack-14x14g;Sunny Raisin x14 196g;£2.00/unit;£1.02/100g;Canned, tinned & packaged foods;canned-tinned-packaged-fruit;294;2.6;70.0;70.0;0.4;0.1;5.3;null;
sunny-raisin-multipack-14x14g;Sunny Raisin x14 196g;£2.00/unit;£1.02/100g;Crisps, nuts & snacking fruit;snacking-fruit-seeds;294;2.6;70.0;70.0;0.4;0.1;5.3;null;
sunny-raisin-multipack-14x14g;Sunny Raisin x14 196g;£2.00/unit;£1.02/100g;Fruit & desserts;dessert-fruit;294;2.6;70.0;70.0;0.4;0.1;5.3;null;
sunny-raisin-multipack-14x14g;Sunny Raisin x14 196g;£2.00/unit;£1.02/100g;Fruit & desserts;snacking-fruit-nuts;294;2.6;70.0;70.0;0.4;0.1;5.3;null;
sunny-raisins-box-x6-425g;Sunny Raisin 6x42.5g;£2.00/unit;£0.78/100g;Crisps, nuts & snacking fruit;snacking-fruit-seeds;294;2.6;70.0;70.0;0.4;0.1;5.3;null;
sunny-raisins-box-x6-425g;Sunny Raisin 6x42.5g;£2.00/unit;£0.78/100g;Fruit & desserts;dessert-fruit;294;2.6;70.0;70.0;0.4;0.1;5.3;null;
sunny-raisins-box-x6-425g;Sunny Raisin 6x42.5g;£2.00/unit;£0.78/100g;Fruit & desserts;snacking-fruit-nuts;294;2.6;70.0;70.0;0.4;0.1;5.3;null;
swedish-glace-non-dairy-vanilla-750ml;Swedish Glace Dairy Free Vanilla Dessert 750ml;£2.30/unit;£0.31/100ml;Ice cream & desserts;ice-cream-tubs;null;null;null;null;null;null;null;null;
sweetex-tablets-600;Sweetex Tablets, 600;£1.60/unit;£0.03/10tblt;Sugar & home baking;sugar-sweeteners;0;0;0;null;0;null;null;null;
swizzels-bumper-bag-210g;Swizzels Bumper Bag 210g;£1.80/unit;£0.86/100g;Confectionery;sweets;404;0.2;89.5;88.4;4.1;3.3;null;0.7;
swizzels-drumstick-chunky-lolly-single;Swizzels Drumstick Chunky Lolly Single;£0.10/unit;£0.80/100g;Confectionery;sweets;null;null;null;null;null;null;null;null;
swizzels-drumstick-squashies-160g;Swizzels Drumstick Squashies 160g;£1.30/unit;£0.81/100g;Confectionery;sweets;355;3.7;83.1;79.7;0.1;0.0;null;0.05;
swizzels-lots-of-lollies-210g;Swizzels Lots Of Lollies 210g;£1.80/unit;£0.86/100g;Confectionery;sweets;406;0.2;91.4;90.6;3.7;2.8;null;0.1;
swizzels-refreshers-squashies-160g;Swizzels Refreshers Squashies 160g;£1.30/unit;£0.81/100g;Confectionery;sweets;343;2.7;81.9;79.4;0;null;null;null;
swizzels-spring-selection-tub-750g;Swizzels Spring Selection Tub 750g;£5.00/unit;£0.67/100g;Confectionery;easter-eggs;null;null;null;null;null;null;null;null;
swizzels-spring-selection-tub-750g;Swizzels Spring Selection Tub 750g;£5.00/unit;£0.67/100g;Confectionery;sweets;null;null;null;null;null;null;null;null;
tabasco-pepper-sauce-57ml;Tabasco Pepper Sauce 57ml;£2.00/unit;£3.51/100ml;Table sauces, dressings & condiments;tomato-ketchup-brown-bbq-other-sauces;null;null;null;null;null;null;null;null;
tabasco-sauce---marinade-peppery-deep-south-creole-270g;Tabasco Sauce & Marinade Peppery Deep South Creole 270g;£2.00/unit;£0.74/100g;Table sauces, dressings & condiments;marinades-glazes;129;0.9;17.0;12.3;6.1;0.6;null;1.11;
tabasco-sauce---marinade-peppery-deep-south-creole-270g;Tabasco Sauce & Marinade Peppery Deep South Creole 270g;£2.00/unit;£0.74/100g;Table sauces, dressings & condiments;tomato-ketchup-brown-bbq-other-sauces;129;0.9;17.0;12.3;6.1;0.6;null;1.11;
tabasco-sauce---marinade-sweet-chipotle---cola-280g;Tabasco Sauce & Marinade Sweet Chipotle & Cola 280g;£2.00/unit;£0.71/100g;Table sauces, dressings & condiments;marinades-glazes;101;1.0;23.5;17.4;0.1;0.0;null;1.33;
tabasco-sauce---marinade-sweet-chipotle---cola-280g;Tabasco Sauce & Marinade Sweet Chipotle & Cola 280g;£2.00/unit;£0.71/100g;Table sauces, dressings & condiments;tomato-ketchup-brown-bbq-other-sauces;101;1.0;23.5;17.4;0.1;0.0;null;1.33;
taste--5-umami-dust-64g;Taste #5 Umami Rush 63g;£3.50/unit;£5.47/100g;Cooking sauces & world foods;japanese;null;null;null;null;null;null;null;null;
taste--5-umami-nobu-70g;Taste #5 Umami Nobu 70g;£2.99/unit;£4.27/100g;Cooking sauces & world foods;japanese;null;null;null;null;null;null;null;null;
taste-no-5-umami-paste-70g;Taste #5 Umami Paste 70g;£2.99/unit;£4.27/100g;Cooking ingredients & oils;cooking-pastes;null;null;null;null;null;null;null;null;
taste-no-5-umami-paste-70g;Taste #5 Umami Paste 70g;£2.99/unit;£4.27/100g;Cooking sauces & world foods;japanese;null;null;null;null;null;null;null;null;
taste-original-mini-chicken-satay-x12;Taste Original Mini Chicken Satay x12;£2.00/unit;£1.67/100g;Cooked meats & snacking;mfp-cooked-chicken-turkey;167;24;3.0;1.8;6.5;0.9;1.4;null;
taste-original-mini-chicken-satay-x12;Taste Original Mini Chicken Satay x12;£2.00/unit;£1.67/100g;Cooked meats & snacking;mfp-snacking-cooked-sausage;167;24;3.0;1.8;6.5;0.9;1.4;null;
taste-original-mini-chicken-satay-x12;Taste Original Mini Chicken Satay x12;£2.00/unit;£1.67/100g;Cooked meats, pate & sandwich fillers;cooked-chicken-turkey;167;24;3.0;1.8;6.5;0.9;1.4;null;
taste-original-mini-chicken-satay-x12;Taste Original Mini Chicken Satay x12;£2.00/unit;£1.67/100g;Cooked meats, pate & sandwich fillers;snacking-cooked-sausage;167;24;3.0;1.8;6.5;0.9;1.4;null;
tate---lyle-golden-syrup-454g;Lyle's Golden Syrup 454g;£1.15/unit;£0.25/100g;Sugar & home baking;baking-ingredients---colourings;325;0.5;80.5;null;0;null;null;null;
tate---lyle-golden-syrup-907g;Lyle's Golden Syrup 907g;£1.90/unit;£0.21/100g;Sugar & home baking;baking-ingredients---colourings;325;0.5;80.5;null;0;null;null;null;
tate---lyle-treacle--black-454g;Lyle's Treacle, Black 454g;£1.15/unit;£0.25/100g;Sugar & home baking;baking-ingredients---colourings;290;1.7;64;64;0;0;0;null;
tendercut-whole-leg-of-lamb-%28approx-22kg%29;Tendercut Whole Leg Of Lamb (approx. 2.2kg);£7.50/kg;£7.50/kg;Meat & poultry;frozen-lamb;null;null;null;null;null;null;null;null;
terrys-chocolate-orange-milk-x3-40g;Terry's Chocolate Orange Milk x3 40g;£1.50/unit;£1.25/100g;Confectionery;chocolate;525;5.4;60.5;59.5;28.5;17.0;2.1;0.38;
terrys-chocolate-orange-minis-pouch-125g;Terry's Chocolate Orange Minis Pouch 125g;£1.50/unit;£1.20/100g;Confectionery;chocolate;520;5.8;59.5;58.5;28;17;2.4;0.38;
terrys-chocolate-orange-segsations-300g;Terry's Chocolate Orange Segsations 300g;£4.00/unit;£1.33/100g;Confectionery;gifting-boxed-chocolate;0;5.2;60.5;58.5;28.0;16.5;2.6;0.23;
terrys-milk-chocolate-orange-175g;Terry's Chocolate Orange Milk 175g;£1.95/unit;£1.11/100g;Confectionery;gifting-boxed-chocolate;525;5.4;60.5;59.5;28.5;17.5;2.1;0.38;
terrys-plain-chocolate-orange-175g;Terry's Chocolate Orange Plain 175g;£1.95/unit;£1.11/100g;Confectionery;chocolate;525;5.5;55.5;52.5;29;18;8.1;0;
terrys-plain-chocolate-orange-175g;Terry's Chocolate Orange Plain 175g;£1.95/unit;£1.11/100g;Confectionery;gifting-boxed-chocolate;525;5.5;55.5;52.5;29;18;8.1;0;
terrys-york-fruits-200g;Terry's York Fruits 200g;£3.00/unit;£1.50/100g;Confectionery;gifting-boxed-chocolate;344;0.1;84.4;71.4;0.4;0.2;0.9;0.30;
texas-joe-low---slow-bbq-beef-jerky-roasted-nuts-50g;Texas Joe BBQ Beef Jerky 50g;£2.50/unit;£5.00/100g;Crisps, nuts & snacking fruit;meat-snacking;359;41.9;35.7;11.8;5.4;2.8;0.5;4.1;
thai-taste-chilli-dipping-sauce-200ml;Thai Taste Chilli Dipping Sauce 200ml;£1.00/unit;£0.50/100ml;Cooking sauces & world foods;thai-cooking-sauces;null;null;null;null;null;null;null;null;
thai-taste-green-curry-meal-kit-224g;Thai Taste Green Curry Meal Kit 224g;£2.29/unit;£1.02/100g;Cooking sauces & world foods;meal-kits;null;null;null;null;null;null;null;null;
thai-taste-green-curry-meal-kit-224g;Thai Taste Green Curry Meal Kit 224g;£2.29/unit;£1.02/100g;Cooking sauces & world foods;thai-cooking-sauces;null;null;null;null;null;null;null;null;
thai-taste-green-curry-paste-200g;Thai Taste Green Curry Paste 200g;£1.50/unit;£0.75/100g;Cooking ingredients & oils;cooking-pastes;null;null;null;null;null;null;null;null;
thai-taste-green-curry-paste-200g;Thai Taste Green Curry Paste 200g;£1.50/unit;£0.75/100g;Cooking sauces & world foods;thai-cooking-sauces;null;null;null;null;null;null;null;null;
thai-taste-nam-prik-prao-114g;Thai Taste Nam Prik Prao 114g;£1.99/unit;£1.75/100g;Cooking ingredients & oils;cooking-pastes;77;1.9;7.6;0;4.4;0.9;null;6.8;
thai-taste-nam-prik-prao-114g;Thai Taste Nam Prik Prao 114g;£1.99/unit;£1.75/100g;Cooking sauces & world foods;thai-cooking-sauces;77;1.9;7.6;0;4.4;0.9;null;6.8;
thai-taste-pad-thai-kit-232g;Thai Taste Pad Thai Kit 232g;£2.29/unit;£0.99/100g;Cooking sauces & world foods;meal-kits;null;null;null;null;null;null;null;null;
thai-taste-pad-thai-kit-232g;Thai Taste Pad Thai Kit 232g;£2.29/unit;£0.99/100g;Cooking sauces & world foods;thai-cooking-sauces;null;null;null;null;null;null;null;null;
thai-taste-pea-aubergine-210g;Thai Taste Pea Aubergine 210g;£1.50/unit;£0.71/100g;Cooking sauces & world foods;thai-cooking-sauces;null;null;null;null;null;null;null;null;
thai-taste-red-curry-kit-224g;Thai Taste Red Curry Kit 224g;£2.29/unit;£1.02/100g;Cooking sauces & world foods;meal-kits;null;null;null;null;null;null;null;null;
thai-taste-red-curry-kit-224g;Thai Taste Red Curry Kit 224g;£2.29/unit;£1.02/100g;Cooking sauces & world foods;thai-cooking-sauces;null;null;null;null;null;null;null;null;
thai-taste-red-curry-paste-200g;Thai Taste Red Curry Paste 200g;£1.50/unit;£0.75/100g;Cooking ingredients & oils;cooking-pastes;137;4.5;26.2;9.9;1.6;0.3;null;9;
thai-taste-red-curry-paste-200g;Thai Taste Red Curry Paste 200g;£1.50/unit;£0.75/100g;Cooking sauces & world foods;thai-cooking-sauces;137;4.5;26.2;9.9;1.6;0.3;null;9;
the-chia-co-black-chia-seeds-150g;The Chia Co. Black Chia Seeds 150g;£5.00/unit;£3.33/100g;Crisps, nuts & snacking fruit;snacking-fruit-seeds;null;20.4;4.5;1.0;35.0;4.0;37.5;null;
the-chia-co-black-chia-seeds-150g;The Chia Co. Black Chia Seeds 150g;£5.00/unit;£3.33/100g;Sugar & home baking;nuts---seeds;null;20.4;4.5;1.0;35.0;4.0;37.5;null;
the-chia-co-chia-seeds-shots-10x8g;The Chia Co. Chia Seeds Shots 10x8g;£5.00/unit;£6.25/100g;Crisps, nuts & snacking fruit;snacking-fruit-seeds;468;20.4;4.5;1.0;35.0;4.0;37.5;0;
the-chia-co-chia-seeds-shots-10x8g;The Chia Co. Chia Seeds Shots 10x8g;£5.00/unit;£6.25/100g;Sugar & home baking;nuts---seeds;468;20.4;4.5;1.0;35.0;4.0;37.5;0;
the-collective-suckies-peach---apricot-100g;The Collective Suckies Peach & Apricot 100g;£0.60/unit;£0.60/100g;Yogurts;kids-yogurts;91;3.1;13.0;12.4;2.9;2.0;null;0.1;
the-collective-suckies-strawberry-100g;The Collective Suckies Strawberry 100g;£0.60/unit;£0.60/100g;Yogurts;kids-yogurts;90;3.1;12.7;12.2;3.0;2.0;null;0.1;
the-collective-suckies-tropical-100g;The Collective Suckies Tropical 100g;£0.60/unit;£0.60/100g;Yogurts;kids-yogurts;89;3.1;12.3;11.8;2.9;2.0;null;0.1;
the-fabulous-bakin-boys-choccy-cupcakes-x6;Fabulous Bakin' Boys Choccy Cupcakes x6;£1.50/unit;£0.25/ea;Cakes;muffins-small-cakes;456;3.5;53.7;34.6;25.8;11.8;null;0.80;
the-fruit-factory--fruit-hearts-strawberry-5x20g;The Fruit Factory Strawberry Fruit Hearts 5x20g;£2.00/unit;£2.00/100g;Crisps, nuts & snacking fruit;snacking-fruit-seeds;310;2.0;74.2;47.2;0.3;0.3;2.0;0.1;
the-fruit-factory--fruit-hearts-strawberry-5x20g;The Fruit Factory Strawberry Fruit Hearts 5x20g;£2.00/unit;£2.00/100g;Fruit & desserts;dessert-fruit;310;2.0;74.2;47.2;0.3;0.3;2.0;0.1;
the-fruit-factory--fruit-hearts-strawberry-5x20g;The Fruit Factory Strawberry Fruit Hearts 5x20g;£2.00/unit;£2.00/100g;Fruit & desserts;snacking-fruit-nuts;310;2.0;74.2;47.2;0.3;0.3;2.0;0.1;
the-fruit-factory-fruit-stars-mango---mixed-fruit-5x20g;The Fruit Factory Strawberry, Apple & Orange Fruit Stars 5x20g;£2.00/unit;£2.00/100g;Canned, tinned & packaged foods;canned-tinned-packaged-fruit;310;2.0;74.2;47.2;0.3;0.3;2.0;0.1;
the-fruit-factory-fruit-stars-mango---mixed-fruit-5x20g;The Fruit Factory Strawberry, Apple & Orange Fruit Stars 5x20g;£2.00/unit;£2.00/100g;Crisps, nuts & snacking fruit;snacking-fruit-seeds;310;2.0;74.2;47.2;0.3;0.3;2.0;0.1;
the-fruit-factory-fruit-stars-mango---mixed-fruit-5x20g;The Fruit Factory Strawberry, Apple & Orange Fruit Stars 5x20g;£2.00/unit;£2.00/100g;Fruit & desserts;dessert-fruit;310;2.0;74.2;47.2;0.3;0.3;2.0;0.1;
the-fruit-factory-fruit-stars-mango---mixed-fruit-5x20g;The Fruit Factory Strawberry, Apple & Orange Fruit Stars 5x20g;£2.00/unit;£2.00/100g;Fruit & desserts;snacking-fruit-nuts;310;2.0;74.2;47.2;0.3;0.3;2.0;0.1;
the-fruit-factory-fruit-strings-strawberry-x5-100g;The Fruit Factory Strawberry Fruit Strings 5x20g;£2.00/unit;£2.00/100g;Crisps, nuts & snacking fruit;snacking-fruit-seeds;335;7.1;74.2;48.2;0.2;0.1;2.0;0.1;
the-fruit-factory-fruit-strings-strawberry-x5-100g;The Fruit Factory Strawberry Fruit Strings 5x20g;£2.00/unit;£2.00/100g;Fruit & desserts;dessert-fruit;335;7.1;74.2;48.2;0.2;0.1;2.0;0.1;
the-fruit-factory-fruit-strings-strawberry-x5-100g;The Fruit Factory Strawberry Fruit Strings 5x20g;£2.00/unit;£2.00/100g;Fruit & desserts;snacking-fruit-nuts;335;7.1;74.2;48.2;0.2;0.1;2.0;0.1;
the-fruit-factory-fruit-strings-x5-100g;The Fruit Factory Strawberry, Apple & Orange Fruit Strings 5x20g;£2.00/unit;£2.00/100g;Canned, tinned & packaged foods;canned-tinned-packaged-fruit;325;7.5;71.6;47.2;0.4;0.3;1.8;0.1;
the-fruit-factory-fruit-strings-x5-100g;The Fruit Factory Strawberry, Apple & Orange Fruit Strings 5x20g;£2.00/unit;£2.00/100g;Crisps, nuts & snacking fruit;snacking-fruit-seeds;325;7.5;71.6;47.2;0.4;0.3;1.8;0.1;
the-fruit-factory-fruit-strings-x5-100g;The Fruit Factory Strawberry, Apple & Orange Fruit Strings 5x20g;£2.00/unit;£2.00/100g;Fruit & desserts;dessert-fruit;325;7.5;71.6;47.2;0.4;0.3;1.8;0.1;
the-fruit-factory-fruit-strings-x5-100g;The Fruit Factory Strawberry, Apple & Orange Fruit Strings 5x20g;£2.00/unit;£2.00/100g;Fruit & desserts;snacking-fruit-nuts;325;7.5;71.6;47.2;0.4;0.3;1.8;0.1;
the-good-food-company-agave-nectar-mild-organic-natural-sweetener-250ml;The Groovy Food Company Agave Nectar Light & Mild 250ml;£2.50/unit;£10.00/ltr;Sugar & home baking;sugar-sweeteners;298;0;77.73;66.11;0;0;null;0;
the-ice-co-crushed-ice-2kg;The Ice Co. Crushed Ice 2kg;£1.00/unit;£0.05/100g;Ice cream & desserts;ice-cubes2;null;null;null;null;null;null;null;null;
the-ice-co-crushed-ice-2kg;The Ice Co. Crushed Ice 2kg;£1.00/unit;£0.05/100g;Ice cubes;ice-cubes;null;null;null;null;null;null;null;null;
the-ice-co-ice-cubes-2kg;The Ice Co. Ice Cubes 2kg;£1.00/unit;£0.05/100g;Ice cream & desserts;ice-cubes2;null;null;null;null;null;null;null;null;
the-ice-co-ice-cubes-2kg;The Ice Co. Ice Cubes 2kg;£1.00/unit;£0.05/100g;Ice cubes;ice-cubes;null;null;null;null;null;null;null;null;
the-laughing-cow-cheese-triangles--extra-light-x8-140g;Laughing Cow Cheese Triangles, Extra Light x8 140g;£1.35/unit;£9.64/kg;Cheese;healthier-choice-special-diet-cheese;460108;17;5.5;5.5;2;1.3;null;1.9;
the-laughing-cow-cheese-triangles--extra-light-x8-140g;Laughing Cow Cheese Triangles, Extra Light x8 140g;£1.35/unit;£9.64/kg;Cheese;snacking-lunchbox-cheese;460108;17;5.5;5.5;2;1.3;null;1.9;
the-laughing-cow-cheese-triangles--extra-light-x8-140g;Laughing Cow Cheese Triangles, Extra Light x8 140g;£1.35/unit;£9.64/kg;Cheese;soft---spreadable;460108;17;5.5;5.5;2;1.3;null;1.9;
the-laughing-cow-cheese-triangles--light-x16-280g;Laughing Cow Cheese Triangles, Light x16 280g;£2.15/unit;£7.68/kg;Cheese;cottage-cheese---healthier-choice;620147;15;6;6;7;4.7;null;1.5;
the-laughing-cow-cheese-triangles--light-x16-280g;Laughing Cow Cheese Triangles, Light x16 280g;£2.15/unit;£7.68/kg;Cheese;snacking-lunchbox-cheese;620147;15;6;6;7;4.7;null;1.5;
the-laughing-cow-cheese-triangles--light-x16-280g;Laughing Cow Cheese Triangles, Light x16 280g;£2.15/unit;£7.68/kg;Cheese;soft---spreadable;620147;15;6;6;7;4.7;null;1.5;
the-laughing-cow-cheese-triangles-x16-280g;Laughing Cow Cheese Triangles x16 280g;£2.15/unit;£7.68/kg;Cheese;snacking-lunchbox-cheese;990239;11.5;6.5;6.5;18.5;12.5;null;1.8;
the-laughing-cow-cheese-triangles-x16-280g;Laughing Cow Cheese Triangles x16 280g;£2.15/unit;£7.68/kg;Cheese;soft---spreadable;990239;11.5;6.5;6.5;18.5;12.5;null;1.8;
the-laughing-cow-dip-n-crunch-140g;Laughing Cow Dip 'n Crunch 140g;£1.45/unit;£10.36/kg;Cheese;snacking-lunchbox-cheese;295;11;25;5;16.5;9.5;null;1.6;
the-saucy-fish-co-beurre-blanc---dill-sauce-smashing-on-sea-bass-fillet-x2-230g;The Saucy Fish Co. Sea Bass Fillet With Beurre Blanc & Dill Sauce x2 230g;£4.50/unit;£21.43/kg;Fish & seafood;filleted-whole-fish;154;17.9;1.0;0.7;8.6;3.6;0.6;0.9;
the-saucy-fish-co-beurre-blanc---dill-sauce-smashing-on-sea-bass-fillet-x2-230g;The Saucy Fish Co. Sea Bass Fillet With Beurre Blanc & Dill Sauce x2 230g;£4.50/unit;£21.43/kg;Fish & seafood;fuss-free-fish;154;17.9;1.0;0.7;8.6;3.6;0.6;0.9;
the-saucy-fish-co-beurre-blanc---dill-sauce-smashing-on-sea-bass-fillet-x2-230g;The Saucy Fish Co. Sea Bass Fillet With Beurre Blanc & Dill Sauce x2 230g;£4.50/unit;£21.43/kg;Just Cook, prepared & sauces;fuss-free-fish-135654-44;154;17.9;1.0;0.7;8.6;3.6;0.6;0.9;
the-saucy-fish-co-chilli--lime---ginger-dressing-superb-on-salmon-fillet-x2-280g;The Saucy Fish Co. Salmon Fillet With Chilli, Lime & Ginger Dressing x2 280g;£4.50/unit;£16.07/kg;Fish & seafood;filleted-whole-fish;219;20.2;6.1;6.0;12.5;1.8;0.8;0.2;
the-saucy-fish-co-chilli--lime---ginger-dressing-superb-on-salmon-fillet-x2-280g;The Saucy Fish Co. Salmon Fillet With Chilli, Lime & Ginger Dressing x2 280g;£4.50/unit;£16.07/kg;Fish & seafood;fuss-free-fish;219;20.2;6.1;6.0;12.5;1.8;0.8;0.2;
the-saucy-fish-co-chilli--lime---ginger-dressing-superb-on-salmon-fillet-x2-280g;The Saucy Fish Co. Salmon Fillet With Chilli, Lime & Ginger Dressing x2 280g;£4.50/unit;£16.07/kg;Just Cook, prepared & sauces;fuss-free-fish-135654-44;219;20.2;6.1;6.0;12.5;1.8;0.8;0.2;
the-saucy-fish-co-davidstow-cheddar---chive-sauce-smashing-on-smoked-haddock-fillet-x2-240g;The Saucy Fish Co. Smoked Haddock Fillet With Davidstow Cheddar & Chive Sauce x2 240g;£4.50/unit;£18.75/kg;Fish & seafood;filleted-whole-fish;128;21.5;1.0;0.1;4.1;2.3;0.6;0.7;
the-saucy-fish-co-davidstow-cheddar---chive-sauce-smashing-on-smoked-haddock-fillet-x2-240g;The Saucy Fish Co. Smoked Haddock Fillet With Davidstow Cheddar & Chive Sauce x2 240g;£4.50/unit;£18.75/kg;Fish & seafood;fuss-free-fish;128;21.5;1.0;0.1;4.1;2.3;0.6;0.7;
the-saucy-fish-co-davidstow-cheddar---chive-sauce-smashing-on-smoked-haddock-fillet-x2-240g;The Saucy Fish Co. Smoked Haddock Fillet With Davidstow Cheddar & Chive Sauce x2 240g;£4.50/unit;£18.75/kg;Fish & seafood;smoked-fish;128;21.5;1.0;0.1;4.1;2.3;0.6;0.7;
the-saucy-fish-co-davidstow-cheddar---chive-sauce-smashing-on-smoked-haddock-fillet-x2-240g;The Saucy Fish Co. Smoked Haddock Fillet With Davidstow Cheddar & Chive Sauce x2 240g;£4.50/unit;£18.75/kg;Just Cook, prepared & sauces;fuss-free-fish-135654-44;128;21.5;1.0;0.1;4.1;2.3;0.6;0.7;
the-saucy-fish-co-sweet-chilli-dressing-spectacular-on-salmon-fillet-x2-270g;The Saucy Fish Co. Salmon Fillet With Sweet Chilli Dressing x2 270g;£4.50/unit;£16.67/kg;Fish & seafood;filleted-whole-fish;247;18.5;1.3;1.0;18.5;4.3;0.6;0.3;
the-saucy-fish-co-sweet-chilli-dressing-spectacular-on-salmon-fillet-x2-270g;The Saucy Fish Co. Salmon Fillet With Sweet Chilli Dressing x2 270g;£4.50/unit;£16.67/kg;Fish & seafood;fuss-free-fish;247;18.5;1.3;1.0;18.5;4.3;0.6;0.3;
the-saucy-fish-co-sweet-chilli-dressing-spectacular-on-salmon-fillet-x2-270g;The Saucy Fish Co. Salmon Fillet With Sweet Chilli Dressing x2 270g;£4.50/unit;£16.67/kg;Just Cook, prepared & sauces;fuss-free-fish-135654-44;247;18.5;1.3;1.0;18.5;4.3;0.6;0.3;
the-seafood-company-organic-salmon-fllets-%28approx%29;Young's Organic Salmon Fllets (approx. 260g);£22.00/kg;£22.00/kg;Fish & seafood;filleted-whole-fish;null;null;null;null;null;null;null;null;
this-water-lemons---limes-1l;This Water Lemons & Limes 1L;£2.30/unit;£0.23/100ml;Chilled fruit juice & smoothies;chilled-fruit-juice;38;0.2;9.5;8.7;0;0;0;0;
this-water-lemons---limes-420ml;This Water Lemons & Limes 420ml;£1.30/unit;£0.31/100ml;Chilled fruit juice & smoothies;chilled-fruit-juice;38;0.2;9.5;8.7;0;0;0;0;
this-water-oranges---lemons-420ml;This Water Oranges & Lemons 420ml;£1.30/unit;£0.31/100ml;Chilled fruit juice & smoothies;chilled-fruit-juice;40;0.2;9.9;8.6;0;0;0;0;
this-water-raspberry---apple-1l;This Water Raspberries & Apples 1L;£2.30/unit;£0.23/100ml;Chilled fruit juice & smoothies;chilled-fruit-juice;34;0.2;8.3;8.1;0;0;0;0;
this-water-raspberry---apples-420ml;This Water Raspberries & Apples 420ml;£1.30/unit;£0.31/100ml;Chilled fruit juice & smoothies;chilled-fruit-juice;34;0.2;8.3;8.1;0;0;0;0;
thomas---friends-cake-138kg;Thomas & Friends Cake 1.38kg;£10.00/unit;£10.00/ea;Celebration cakes;celebration-cakes;397;2.6;71.8;56.9;10.8;2.7;0.9;0.37;
thomas-tank-engine-meal-time-set-45g;Kinnerton Thomas the Tank Engine Easter Egg & Mealtime Set 45g;£5.00/unit;£11.11/100g;Confectionery;easter-eggs;null;null;null;null;null;null;null;null;
thorntons-butterfly-milk-choc-egg-150g;Thorntons Butterfly Milk Chocolate Easter Egg 150g;£3.00/unit;£2.01/100g;Confectionery;easter-eggs;null;null;null;null;null;null;null;null;
thorntons-caramel-shortcake-x3;Thorntons Caramel Shortcake x3;£0.80/unit;£0.27/ea;Cakes;flapjacks-traybakes-bites;null;null;null;null;null;null;null;null;
thorntons-chocolate-celebration-cake;Thorntons Chocolate Celebration Cake;£10.00/unit;£10.00/ea;Celebration cakes;celebration-cakes;null;null;null;null;null;null;null;null;
thorntons-classic-chocolate-collection-274g;Thorntons Classic Chocolate Collection 274g;£6.00/unit;£2.19/100g;Confectionery;gifting-boxed-chocolate;null;null;null;null;null;null;null;null;
thorntons-classic-cllctn-luxury-egg-307g;Thorntons Classic Collection Luxury Easter Egg 282g;£8.00/unit;£2.84/100g;Confectionery;easter-eggs;null;null;null;null;null;null;null;null;
thorntons-classic-collection-274g;Thorntons Classic Collection 274g;£7.50/unit;£2.74/100g;Confectionery;gifting-boxed-chocolate;null;null;null;null;null;null;null;null;
thorntons-classic-collection-587g;Thorntons Classic Collection 587g;£12.00/unit;£2.04/100g;Confectionery;chocolate;null;null;null;null;null;null;null;null;
thorntons-classic-collection-587g;Thorntons Classic Collection 587g;£12.00/unit;£2.04/100g;Confectionery;gifting-boxed-chocolate;null;null;null;null;null;null;null;null;
thorntons-classic-collection-large-easter-egg-240g;Thorntons Classic Collection Large Easter Egg 220g;£4.00/unit;£1.82/100g;Confectionery;easter-eggs;null;null;null;null;null;null;null;null;
thorntons-continental-treat-egg-36g;Thorntons Continental Treat Easter Egg 36g;£0.60/unit;£1.67/100g;Confectionery;easter-eggs;null;null;null;null;null;null;null;null;
thorntons-football-fan-egg-150g;Thorntons Football Fan Easter Egg 150g;£3.00/unit;£2.00/100g;Confectionery;easter-eggs;null;null;null;null;null;null;null;null;
thorntons-gruffalo-egg-161g;Thorntons Gruffalo Easter Egg 161g;£3.00/unit;£1.86/100g;Confectionery;easter-eggs;null;null;null;null;null;null;null;null;
thorntons-gruffalo-hollow-spring-175g;Thorntons Chocolate Gruffalo 175g;£4.00/unit;£2.29/100g;Confectionery;easter-eggs;null;null;null;null;null;null;null;null;
thorntons-harry-hopalot-white-chocolate-filling-25g;Thorntons Harry Hopalot White Chocolate Filling 25g;£0.60/unit;£2.40/100g;Confectionery;chocolate;null;null;null;null;null;null;null;null;
thorntons-harry-hopalot-white-chocolate-filling-25g;Thorntons Harry Hopalot White Chocolate Filling 25g;£0.60/unit;£2.40/100g;Confectionery;easter-eggs;null;null;null;null;null;null;null;null;
thorntons-milk-chocolate-bunny-250g;Thorntons Milk Harry Hopalot 250g;£4.00/unit;£1.60/100g;Confectionery;easter-eggs;null;null;null;null;null;null;null;null;
thorntons-mini-caramel-shortcakes-x10;Thorntons Mini Caramel Shortcakes x10;£1.00/unit;£0.10/ea;Cakes;flapjacks-traybakes-bites;null;null;null;null;null;null;null;null;
thorntons-mini-chocolate-fudge-brownies-x10;Thorntons Mini Chocolate Fudge Brownies x10;£1.00/unit;£0.10/ea;Cakes;flapjacks-traybakes-bites;null;null;null;null;null;null;null;null;
thorntons-moments-250g;Thorntons Moments 250g;£4.00/unit;£1.60/100g;Confectionery;gifting-boxed-chocolate;null;null;null;null;null;null;null;null;
thorntons-moments-large-egg-218g;Thorntons Moments Large Easter Egg 218g;£4.00/unit;£2.00/100g;Confectionery;easter-eggs;null;null;null;null;null;null;null;null;
thorntons-praline-melts-200g;Thorntons Praline Melts 200g;£4.00/unit;£2.00/100g;Confectionery;gifting-boxed-chocolate;null;null;null;null;null;null;null;null;
thorntons-premium-cllctn-luxury-egg-303g;Thorntons Premium Collection Luxury Easter Egg 292g;£8.00/unit;£2.74/100g;Confectionery;easter-eggs;null;null;null;null;null;null;null;null;
thorntons-premium-collection-200g;Thorntons Premium Collection 200g;£4.00/unit;£2.00/100g;Confectionery;gifting-boxed-chocolate;null;null;null;null;null;null;null;null;
thorntons-premium-collection-366g;Thorntons Premium Collection 366g;£9.00/unit;£2.46/100g;Confectionery;gifting-boxed-chocolate;null;null;null;null;null;null;null;null;
thorntons-toffee-cake;Thorntons Toffee Cake (serves 10);£7.00/unit;£7.00/ea;Celebration cakes;celebration-cakes;null;null;null;null;null;null;null;null;
thorntons-triple-layer-chocolate-cakes-x5;Thorntons Triple Layer Chocolate Cakes x5;£1.45/unit;£0.29/ea;Cakes;muffins-small-cakes;null;null;null;null;null;null;null;null;
thorntons-triple-layer-toffee-cakes-x5;Thorntons Triple Layer Toffee Cakes x5;£1.45/unit;£0.29/ea;Cakes;muffins-small-cakes;null;null;null;null;null;null;null;null;
thorntons-white-choc-bunny-egg-165g;Thorntons White Chocolate Bunny Easter Egg 165g;£3.00/unit;£1.99/100g;Confectionery;easter-eggs;null;null;null;null;null;null;null;null;
thorntons-white-chocolate-bunny-250g;Thorntons White Chocolate Bunny 250g;£4.00/unit;£1.60/100g;Confectionery;easter-eggs;null;null;null;null;null;null;null;null;
tic-tac-cherry-passion-18g;Tic Tac Cherry Passion 18g;£0.60/unit;£3.33/100g;Confectionery;mints-chewing-gum;null;null;null;null;null;null;null;null;
tic-tac-cherry-passion-18g;Tic Tac Cherry Passion 18g;£0.60/unit;£3.33/100g;Confectionery;sweets;null;null;null;null;null;null;null;null;
tic-tac-lime---orange-4-pack-72g;Tic Tac Lime & Orange 4x18g;£1.50/unit;£2.08/100g;Confectionery;mints-chewing-gum;389;0.1;95;null;0.4;null;null;null;
tic-tac-lime---orange-4-pack-72g;Tic Tac Lime & Orange 4x18g;£1.50/unit;£2.08/100g;Confectionery;sweets;389;0.1;95;null;0.4;null;null;null;
tic-tac-mint-18g;Tic Tac Fresh Mint 18g;£0.60/unit;£3.33/100g;Confectionery;mints-chewing-gum;null;null;null;null;null;null;null;null;
tic-tac-mint-18g;Tic Tac Fresh Mint 18g;£0.60/unit;£3.33/100g;Confectionery;sweets;null;null;null;null;null;null;null;null;
tic-tac-mint-4-pack-72g;Tic Tac Fresh Mint 4x18g;£1.50/unit;£2.08/100g;Confectionery;mints-chewing-gum;395;0.1;97.5;null;0.3;null;null;null;
tic-tac-mint-4-pack-72g;Tic Tac Fresh Mint 4x18g;£1.50/unit;£2.08/100g;Confectionery;sweets;395;0.1;97.5;null;0.3;null;null;null;
tic-tac-strawberry-fields-18g;Tic Tac Strawberry Fields 18g;£0.60/unit;£3.33/100g;Confectionery;sweets;null;null;null;null;null;null;null;null;
tickler-extra-mature-cheddar-350g;Tickler Extra Mature Cheddar 350g;£3.00/unit;£8.57/kg;Cheese;cheddar-british-regional-cheese;390;26;0.1;0.1;32;21;null;1.8;
tidmans-rock-salt-500g;Tidman's Rock Salt 500g;£1.30/unit;£2.60/kg;Cooking ingredients & oils;salt-pepper;null;null;null;null;null;null;null;null;
tiger-tiger-brown-sauce-300g;Tiger Tiger Brown Sauce 300g;£1.59/unit;£0.53/100g;Table sauces, dressings & condiments;tomato-ketchup-brown-bbq-other-sauces;97;0.74;23.3;20.1;0.09;0.01;1.2;null;
tiger-tiger-noodles-thai-green-300g;Tiger Tiger Noodles Thai Green 300g;£2.00/unit;£6.67/kg;Cooking sauces & world foods;world-foods-instant-snack-meals;125;2.2;18.0;3.1;4.9;2.1;null;0.8;
tiger-tiger-noodles-thai-green-300g;Tiger Tiger Noodles Thai Green 300g;£2.00/unit;£6.67/kg;Rice, pasta & noodles;instant-snack-meals;125;2.2;18.0;3.1;4.9;2.1;null;0.8;
tiger-tiger-original-mayonnaise-280g;Tiger Tiger May-O Original 280g;£1.59/unit;£0.57/100g;Table sauces, dressings & condiments;salad-cream-mayonnaise;440;1.4;5.8;4.3;45.6;5.4;0.3;null;
tiger-tiger-snack-noodle-sweet---sour-280g;Tiger Tiger Snack Noodle Sweet & Sour 280g;£2.00/unit;£7.14/kg;Cooking sauces & world foods;world-foods-instant-snack-meals;131;1.8;24.3;9.3;2.8;0.6;null;0.8;
tiger-tiger-snack-noodle-sweet---sour-280g;Tiger Tiger Snack Noodle Sweet & Sour 280g;£2.00/unit;£7.14/kg;Rice, pasta & noodles;instant-snack-meals;131;1.8;24.3;9.3;2.8;0.6;null;0.8;
tiger-tiger-snack-noodles-satay-280g;Tiger Tiger Snack Noodles Satay 280g;£2.00/unit;£6.67/kg;Cooking sauces & world foods;world-foods-instant-snack-meals;156;3.2;19.7;4.5;7.3;2.5;null;0.6;
tiger-tiger-snack-noodles-satay-280g;Tiger Tiger Snack Noodles Satay 280g;£2.00/unit;£6.67/kg;Rice, pasta & noodles;instant-snack-meals;156;3.2;19.7;4.5;7.3;2.5;null;0.6;
tiger-tiger-snack-noodles-sweet-chilli-280g;Tiger Tiger Snack Noodles Sweet Chilli 280g;£2.00/unit;£7.14/kg;Cooking sauces & world foods;world-foods-instant-snack-meals;122;1.6;25.6;11.5;1.5;0.3;null;0.7;
tiger-tiger-snack-noodles-sweet-chilli-280g;Tiger Tiger Snack Noodles Sweet Chilli 280g;£2.00/unit;£7.14/kg;Rice, pasta & noodles;instant-snack-meals;122;1.6;25.6;11.5;1.5;0.3;null;0.7;
tiger-tiger-sweet-chilli-micro-noodle-250g;Tiger Tiger Rice Noodles in Sweet Chilli Sauce 250g;£1.69/unit;£0.68/100g;Rice, pasta & noodles;instant-snack-meals;200;2.7;39;12.6;3.5;0.6;null;1.4;
tiger-tiger-sweet-chilli-micro-noodle-250g;Tiger Tiger Rice Noodles in Sweet Chilli Sauce 250g;£1.69/unit;£0.68/100g;Rice, pasta & noodles;noodles;200;2.7;39;12.6;3.5;0.6;null;1.4;
tiger-tiger-tomato-ketchup-315g;Tiger Tiger Gluten Free Tomato Ketchup 315g;£1.59/unit;£0.50/100g;Table sauces, dressings & condiments;tomato-ketchup-brown-bbq-other-sauces;88;0.9;20.9;18.8;0.05;0.02;0.5;null;
tilda-basmati---wild-rice-500g;Tilda Basmati & Wild Rice 500g;£4.00/unit;£8.00/kg;Rice, pasta & noodles;rice-12592-44;360;8.1;78.9;1.6;1.0;0.3;1.5;0.01;
tilda-basmati-rice-1kg;Tilda Basmati Rice 1kg;£4.80/unit;£4.80/kg;Rice, pasta & noodles;rice-12592-44;351;7.8;77.7;0.5;0.8;0.2;1.0;0.01;
tilda-basmati-rice-2kg;Tilda Basmati Rice 2kg;£8.50/unit;£4.25/kg;Rice, pasta & noodles;rice-12592-44;351;7.8;77.7;0.5;0.8;0.2;1.0;0.01;
tilda-basmati-rice-500g;Tilda Basmati Rice 500g;£2.60/unit;£5.20/kg;Rice, pasta & noodles;rice-12592-44;351;7.8;77.7;0.5;0.8;0.2;1.0;0.01;
tilda-basmati-rice-5kg;Tilda Basmati Rice 5kg;£11.50/unit;£2.30/kg;Rice, pasta & noodles;rice-12592-44;351;7.8;77.7;0.5;0.8;0.2;1.0;0.01;
tilda-boil-in-the-bag-basmati-rice-500g;Tilda Boil in the Bag Basmati Rice 500g;£3.20/unit;£6.40/kg;Rice, pasta & noodles;rice-12592-44;351;7.8;77.7;0.5;0.8;0.2;1.0;0.01;
tilda-brown-basmati---quinoa-wholegrain-basmati-rice-250g;Tilda Brown Basmati Rice Garden Vegetable & Quinoa Wholegrain 250g;£1.00/unit;£4.00/kg;Rice, pasta & noodles;rice-12592-44;null;2.7;22.7;0.7;2.9;0.4;0.9;0.4;
tilda-brown-basmati-garden-vegetable---quinoa-wholegrain-rice-250g;Tilda Brown Basmati & Quinoa Wholegrain Basmati Rice 250g;£1.00/unit;£4.00/kg;Rice, pasta & noodles;rice-12592-44;135;3.1;25.4;0.3;2.2;0.4;0.8;0.4;
tilda-brown-basmati-rice-1kg;Tilda Brown Basmati Rice 1kg;£4.80/unit;£4.80/kg;Rice, pasta & noodles;rice-12592-44;351;8.6;71.2;1.1;2.8;0.6;3.4;0.01;
tilda-coconut-basmati-rice-250g;Tilda Steamed Basmati Coconut Rice 250g;£1.00/unit;£4.00/kg;Rice, pasta & noodles;rice-12592-44;170;3.6;27.1;0.4;5.0;3.6;1.1;0.2;
tilda-golden-vegetable-basmati-rice-250g;Tilda Golden Vegetable Basmati Rice 250g;£1.00/unit;£0.40/100kg;Rice, pasta & noodles;rice-12592-44;127;2.2;22.6;1.0;3.1;0.4;0.8;0.43;
tilda-mexican-chilli---bean-rice-250g;Tilda Steamed Basmati Mexican Bean & Chilli Rice 250g;£1.00/unit;£4.00/kg;Rice, pasta & noodles;rice-12592-44;126;2.3;22.4;0.6;2.7;0.3;1.3;0.50;
tilda-steamed-basmati-brown-rice-250g;Tilda Steamed Basmati Brown Rice 250g;£1.00/unit;£4.00/kg;Rice, pasta & noodles;rice-12592-44;127;2.8;23.3;0.2;2.1;0.5;1.7;0.18;
tilda-steamed-basmati-coconut---chilli-rice-250g;Tilda Steamed Basmati Coconut & Chilli Rice 250g;£1.00/unit;£4.00/kg;Rice, pasta & noodles;rice-12592-44;145;2.6;22.0;0.4;5.0;3.0;1.0;0.42;
tilda-steamed-basmati-egg-fried-250g;Tilda Steamed Basmati Egg Fried 250g;£1.00/unit;£4.00/kg;Rice, pasta & noodles;rice-12592-44;115;2.3;19.9;0.4;2.7;0.5;1.0;0.45;
tilda-steamed-basmati-lime---coriander-250g;Tilda Steamed Basmati Lime & Coriander Rice 250g;£1.00/unit;£4.00/kg;Rice, pasta & noodles;rice-12592-44;132;2.6;24.4;1.1;2.4;1.1;1.1;0.48;
tilda-steamed-basmati-ltd-edition-250g;Tilda Steamed Basmati Limited Edition Rice 250g;£1.00/unit;£4.00/kg;Rice, pasta & noodles;rice-12592-44;134;2.5;21.2;0.6;4.2;2.3;0.7;0.58;
tilda-steamed-basmati-mushroom-250g;Tilda Steamed Basmati Mushroom 250g;£1.00/unit;£4.00/kg;Rice, pasta & noodles;rice-12592-44;127;2.5;22.5;0.7;2.7;0.5;1.5;0.45;
tilda-steamed-basmati-pepper---courgette-250g;Tilda Roasted Vegetable Wholegrain Basmati Rice 250g;£1.00/unit;£4.00/kg;Rice, pasta & noodles;rice-12592-44;119;2.6;19.4;1.0;3.0;0.4;2.2;0.48;
tilda-steamed-basmati-pilau-250g;Tilda Steamed Basmati Pilau 250g;£1.00/unit;£4.00/kg;Rice, pasta & noodles;rice-12592-44;128;2.7;23.2;0.3;2.4;0.3;1.3;0.45;
tilda-steamed-basmati-plain-rice-250g;Tilda Steamed Basmati Plain Rice 250g;£1.00/unit;£4.00/kg;Rice, pasta & noodles;rice-12592-44;143;2.9;28.2;0.1;1.9;0.5;0.7;0.18;
tilda-steamed-basmati-sundried-tomato-250g;Tilda Steamed Basmati Sundried Tomato 250g;£1.00/unit;£4.00/kg;Rice, pasta & noodles;rice-12592-44;128;2.3;21.6;0.7;3.0;0.4;0.7;0.45;
tilda-steamed-basmati-sweet-chilli-rice-250g;Tilda Steamed Basmati Sweet Chilli Rice 250g;£1.00/unit;£4.00/kg;Rice, pasta & noodles;rice-12592-44;128;2.4;24.8;1.1;1.9;0.3;1.0;0.55;
tilda-steamed-basmati-wholegrain-pilau-rice-250g;Tilda Steamed Basmati Wholegrain Pilau Rice 250g;£1.00/unit;£4.00/kg;Rice, pasta & noodles;rice-12592-44;141;3.1;24.5;0.3;3.0;0.4;1.9;0.45;
tilda-white---brown-basmati-rice-250g;Tilda White & Brown Basmati Rice 250g;£1.00/unit;£4.00/kg;Rice, pasta & noodles;rice-12592-44;153;3.4;28.9;0.4;2.1;0.5;2.6;0.1;
tilda-white---wholegrain-basmati-500g;Tilda White & Brown Basmati Rice 500g;£2.60/unit;£5.20/kg;Rice, pasta & noodles;rice-12592-44;354;8.5;75.8;0.6;1.6;0.4;1.1;null;
tip-top-squirty-cream-250g;Tip Top Squirty Cream 250g;£1.45/unit;£0.58/100g;Fruit & desserts;dessert-milk-cream;276;2.4;8.0;8.0;26.0;16.0;0;0;
tiptree-bbq-sauce-310g;Tiptree BBQ Sauce 310g;£2.00/unit;£0.65/100g;Table sauces, dressings & condiments;tomato-ketchup-brown-bbq-other-sauces;187;1.2;42;41;0.6;0.1;null;1.6;
tiptree-black-cherry-conserve-340g;Tiptree Black Cherry Conserve 340g;£2.20/unit;£0.65/100g;Jams, honey & spreads;jams---conserves;null;null;null;null;null;null;null;null;
tiptree-brown-sauce-310g;Tiptree Brown Sauce 310g;£2.10/unit;£0.68/100g;Table sauces, dressings & condiments;tomato-ketchup-brown-bbq-other-sauces;191;0.9;44;40;0;0;null;1.4;
tiptree-ketchup-310g;Tiptree Ketchup 310g;£2.10/unit;£0.68/100g;Table sauces, dressings & condiments;tomato-ketchup-brown-bbq-other-sauces;182;1.5;41;31;0;0;null;1.2;
tiptree-lemon-curd-312g;Tiptree Lemon Curd 312g;£2.20/unit;£0.71/100g;Jams, honey & spreads;curds;null;null;null;null;null;null;null;null;
tiptree-lime-curd-312g;Tiptree Lime Curd 312g;£2.20/unit;£0.71/100g;Jams, honey & spreads;curds;null;null;null;null;null;null;null;null;
tiptree-old-times-marmalade-454g;Tiptree Old Times Marmalade 454g;£2.20/unit;£0.48/100g;Jams, honey & spreads;marmalade;null;null;null;null;null;null;null;null;
tiptree-orange-marmalade--crystal-orange-454g;Tiptree Orange Marmalade, Crystal Orange 454g;£2.20/unit;£0.48/100g;Jams, honey & spreads;marmalade;null;null;null;null;null;null;null;null;
tiptree-orange-marmalade--orange---tangerine---double-one-454g;Tiptree Orange Marmalade, Orange & Tangerine - Double One 454g;£2.20/unit;£0.48/100g;Jams, honey & spreads;marmalade;null;null;null;null;null;null;null;null;
tiptree-orange-marmalade--tawny-orange-454g;Tiptree Orange Marmalade, Tawny Orange 454g;£2.20/unit;£0.48/100g;Jams, honey & spreads;marmalade;null;null;null;null;null;null;null;null;
tiptree-raspberry-jam--seedless---extra-fruit-340g;Tiptree Raspberry Jam, Seedless - Extra Fruit 340g;£2.20/unit;£0.65/100g;Jams, honey & spreads;jams---conserves;null;null;null;null;null;null;null;null;
tiptree-rhubarb---ginger-conserve-340g;Tiptree Rhubarb & Ginger Conserve 340g;£2.20/unit;£0.65/100g;Jams, honey & spreads;jams---conserves;null;null;null;null;null;null;null;null;
tiptree-strawberry-conserve-340g;Tiptree Strawberry Conserve 340g;£2.20/unit;£0.65/100g;Jams, honey & spreads;jams---conserves;null;null;null;null;null;null;null;null;
tiptree-sweet-tip-raspberry-conserve-340g;Tiptree Sweet Tip Raspberry Conserve 340g;£2.20/unit;£0.65/100g;Jams, honey & spreads;jams---conserves;null;null;null;null;null;null;null;null;
tivall-vegetarian-cocktail-sausages-280g;Tivall Vegetarian Cocktail Sausages 280g;£2.50/unit;£8.93/kg;Meat free & vegetarian;meat-free-vegetarian;232;18.0;5.5;2.3;15.0;1.7;1.5;1.8;
tivall-vegetarian-cocktail-sausages-280g;Tivall Vegetarian Cocktail Sausages 280g;£2.50/unit;£8.93/kg;World foods;frozen-world-foods;232;18.0;5.5;2.3;15.0;1.7;1.5;1.8;
tivall-vegetarian-frankfurter-sausages-300g;Tivall Vegetarian Frankfurter Sausages 300g;£3.00/unit;£10.00/kg;Vegetarian & meat free;deli-meat-alternatives;232;18.0;5.5;2.3;15.0;1.7;1.5;1.8;
tivall-vegetarian-frankfurter-sausages-300g;Tivall Vegetarian Frankfurter Sausages 300g;£3.00/unit;£10.00/kg;World foods;frozen-world-foods;232;18.0;5.5;2.3;15.0;1.7;1.5;1.8;
tivall-vegetarian-nuggets;Tivall Vegetarian Nuggets 300g;£2.65/unit;£1.10/100g;World foods;frozen-world-foods;220;15.0;14.0;1.0;11.0;1.2;2.5;1.1;
tivall-vegetarian-schnitzel-400g;Tivall Vegetarian Schnitzel 400g;£3.00/unit;£0.75/100g;Vegetarian & meat free;deli-meat-alternatives;192;16.0;12.5;1.0;8.0;0.9;3.0;1.5;
tivall-vegetarian-schnitzel-400g;Tivall Vegetarian Schnitzel 400g;£3.00/unit;£0.75/100g;World foods;frozen-world-foods;192;16.0;12.5;1.0;8.0;0.9;3.0;1.5;
toblerone-100g;Toblerone 100g;£1.40/unit;£1.40/100g;Confectionery;chocolate;null;null;null;null;null;null;null;null;
toblerone-200g;Toblerone 200g;£2.00/unit;£1.00/100g;Confectionery;chocolate;535;5.6;60.5;59.5;29.5;18;2.2;0.15;
toblerone-milk-chocolate-400g;Toblerone Milk Chocolate 400g;£4.00/unit;£1.00/100g;Confectionery;gifting-boxed-chocolate;535;5.6;60.5;59.5;29.5;18.0;2.2;0.15;
toblerone-white-100g;Toblerone White 100g;£1.40/unit;£1.40/100g;Confectionery;chocolate;null;null;null;null;null;null;null;null;
toffee-crisp-38g;Toffee Crisp 38g;£0.60/unit;£1.58/100g;Confectionery;chocolate;513;3.6;63.5;49.7;26.8;16.9;1.3;0.35;
toffee-crisp-biscuits-x7;Toffee Crisp Biscuits x7;£1.40/unit;£1.07/100g;Biscuits & crackers;biscuits-crackers-kids-lunchbox;519;3.9;62.3;48.8;27.8;17.5;1.4;0.26;
toffee-crisp-biscuits-x7;Toffee Crisp Biscuits x7;£1.40/unit;£1.07/100g;Biscuits & crackers;chocolate-biscuits;519;3.9;62.3;48.8;27.8;17.5;1.4;0.26;
toffee-crisp-x8-304g;Toffee Crisp x8 304g;£2.50/unit;£0.82/100g;Confectionery;chocolate;513;3.6;63.5;49.7;26.8;16.9;1.3;0.35;
tofutti-sliced-cheddar-style-cheese-152g;Tofutti Sliced Cheddar Style Cheese 152g;£2.25/unit;£1.48/100g;Cheese;cheddar-british-regional-cheese;null;10.5;10.5;0.0;31.5;15.7;0.0;null;
tofutti-sliced-cheddar-style-cheese-152g;Tofutti Sliced Cheddar Style Cheese 152g;£2.25/unit;£1.48/100g;Cheese;healthier-choice-special-diet-cheese;null;10.5;10.5;0.0;31.5;15.7;0.0;null;
tofutti-sliced-cheddar-style-cheese-152g;Tofutti Sliced Cheddar Style Cheese 152g;£2.25/unit;£1.48/100g;World foods, kosher & halal;kosher-chilled-foods;null;10.5;10.5;0.0;31.5;15.7;0.0;null;
tomor-vegetarian-margarine-250g;Rakusen's Tomor Vegetarian Margarine 250g;£0.90/unit;£3.60/kg;Butter, spreads & baking;buttery-taste-and-sunflower-spreads;null;null;null;null;null;null;null;null;
tomor-vegetarian-margarine-250g;Rakusen's Tomor Vegetarian Margarine 250g;£0.90/unit;£3.60/kg;Butter, spreads & baking;cooking-and-baking1;null;null;null;null;null;null;null;null;
tomor-vegetarian-margarine-250g;Rakusen's Tomor Vegetarian Margarine 250g;£0.90/unit;£3.60/kg;Butter, spreads & baking;dietary--free-from-and-organic;null;null;null;null;null;null;null;null;
tomor-vegetarian-margarine-250g;Rakusen's Tomor Vegetarian Margarine 250g;£0.90/unit;£3.60/kg;Sugar & home baking;fats-spreads;null;null;null;null;null;null;null;null;
tomor-vegetarian-margarine-250g;Rakusen's Tomor Vegetarian Margarine 250g;£0.90/unit;£3.60/kg;World foods, kosher & halal;kosher-chilled-foods;null;null;null;null;null;null;null;null;
top-taste-crispy-onions-100g;Top Taste Crispy Onions 100g;£1.20/unit;£1.20/100g;Table sauces, dressings & condiments;salad-dressings;602;60;42;84;44;21;null;15;
total-cows-milk-greek-yogurt-500g;Fage Total Greek Natural Yogurt 500g;£2.00/unit;£0.40/100g;Yogurts;natural-greek-yogurts;96;9.0;3.8;3.8;5.0;3.6;null;0.1;
total-sweet-xylitol-225g;Total Sweet Xylitol 225g;£2.70/unit;£12.00/kg;Sugar & home baking;sugar-sweeteners;240;0;100;0;0;0;null;0;
tracker-on-the-go-drink-chocolate-chip-230ml;Tracker On the Go Drink Chocolate Chip 230ml;£1.40/unit;£0.61/100ml;Breakfast cereals;on-the-go;85;4.2;12.5;11.4;1.3;0.9;3.0;0.32;
trebor-extra-strong-mints-x4-165g;Trebor Extra Strong Mints x4 165g;£1.50/unit;£0.38/ea;Confectionery;mints-chewing-gum;395;0.3;98.6;94.8;0;0.0;0;0.03;
trebor-extra-strong-mints;Trebor Extra Strong Mints 48g;£0.60/unit;£1.25/100g;Confectionery;mints-chewing-gum;395;0.3;98.6;null;0;null;null;null;
trebor-extra-strong-spearmint-gum;Trebor Extra Strong Spearmint Gum;£0.45/unit;£0.45/ea;Confectionery;mints-chewing-gum;155;0.4;63.4;0;0.1;0;0;null;
trebor-softmints-43g;Trebor Softmints Peppermint 43g;£0.60/unit;£1.40/100g;Confectionery;mints-chewing-gum;375;0;93.9;null;0;null;null;null;
trebor-softmints-peppermint-x7;Trebor Softmints Peppermint x7 314g;£1.85/unit;£0.26/ea;Confectionery;mints-chewing-gum;375;0;93.9;72.7;0;0;0.0;0.10;
trebor-softmints-spearmint-x4-179g;Trebor Softmints Spearmint x4 179g;£1.50/unit;£0.38/ea;Confectionery;mints-chewing-gum;375;0;93.8;72.7;0;0;0;0.10;
trebor-spearmint-softmint-43g;Trebor Softmints Spearmint 43g;£0.60/unit;£0.60/ea;Confectionery;mints-chewing-gum;375;0;93.8;null;0;null;null;null;
trek-cocoa-coconut-flapjack-50g;Trek Cocoa Coconut Flapjack 50g;£0.90/unit;£1.80/100g;Biscuits & crackers;biscuits-crackers-freefrom;468.0;18.1;40.6;27.2;25.3;13.2;4.5;0.8;
trek-cocoa-oat-flapjack-50g;Trek Cocoa Oat Flapjack 50g;£0.90/unit;£1.80/100g;Biscuits & crackers;biscuits-crackers-freefrom;454.0;18.4;43.9;27.9;22.0;10.3;3.9;0.9;
trex-vegetable-fat-500g;Trex Vegetable Fat 500g;£1.30/unit;£2.60/kg;Butter, spreads & baking;cooking-and-baking1;900;0;0;0;100;34;0;null;
trex-vegetable-fat-500g;Trex Vegetable Fat 500g;£1.30/unit;£2.60/kg;Sugar & home baking;fats-spreads;900;0;0;0;100;34;0;null;
trident-fresh-peppermint-single;Trident Splash Sugarfree Peppermint Gum;£0.45/unit;£0.45/ea;Confectionery;mints-chewing-gum;170;1.5;67;0;0.2;0.1;null;0.03;
trident-splash-strawberry-lime-x12-20g;Trident Splash Sugarfree Strawberry Lime Gum;£0.45/unit;£0.45/ea;Confectionery;mints-chewing-gum;175;1.5;67.4;0;0.3;0.1;0;null;
trophy-indian-basmati-rice-10kg;Trophy Indian Basmati Rice 10kg;£15.00/unit;£1.50/kg;Rice, pasta & noodles;rice-12592-44;355;9.4;76.6;0.2;1.2;0.26;0.5;0;
tropicana-apple---mango-juice-850ml;Tropicana Apple & Mango Juice 850ml;£2.20/unit;£0.26/100ml;Chilled fruit juice & smoothies;chilled-fruit-juice;52;0.2;11.0;10.7;0;0;0.9;0;
tropicana-apple---raspberry-juice-850ml;Tropicana Apple & Raspberry Juice 850ml;£2.20/unit;£0.26/100ml;Chilled fruit juice & smoothies;chilled-fruit-juice;48;0.2;10.5;10.2;0;0;0.9;0;
tropicana-apple-juice-175l;Tropicana Apple Juice 1.75L;£2.50/unit;£0.15/100ml;Chilled fruit juice & smoothies;chilled-fruit-juice;48;0.1;11.3;11.0;0;0;0.7;0;
tropicana-cloudy-apple-juice-1l;Tropicana Pressed Apple Juice 1L;£2.50/unit;£0.25/100ml;Chilled fruit juice & smoothies;chilled-fruit-juice;51;0.1;12.0;11.7;0;0;0.6;0;
tropicana-creations-orange---lime-juice-850ml;Tropicana Creations Orange & Lime Juice 850ml;£2.20/unit;£0.26/100ml;Chilled fruit juice & smoothies;chilled-fruit-juice;47;1.1;9.4;9.4;0;0;0.6;0;
tropicana-golden-grapefruit-juice-1l;Tropicana Golden Grapefruit Juice 1L;£2.50/unit;£0.25/100ml;Chilled fruit juice & smoothies;chilled-fruit-juice;40;0.5;8.0;8.0;0;0;0.5;0;
tropicana-kids-apple-4pk-%284x200ml%29;Tropicana Kids Apple Juice Drink 4x200ml;£2.40/unit;£0.30/100ml;Chilled fruit juice & smoothies;chilled-fruit-juice;36;0.1;8.3;8.1;0;0;0;0;
tropicana-kids-apple-4pk-%284x200ml%29;Tropicana Kids Apple Juice Drink 4x200ml;£2.40/unit;£0.30/100ml;Chilled fruit juice & smoothies;kids-juice;36;0.1;8.3;8.1;0;0;0;0;
tropicana-kids-orange-4pk-%284x200ml%29;Tropicana Kids Orange Juice Drink 4x200ml;£2.40/unit;£0.30/100ml;Chilled fruit juice & smoothies;chilled-fruit-juice;33;0.1;7.7;7.7;0;0;0.1;0;
tropicana-kids-orange-4pk-%284x200ml%29;Tropicana Kids Orange Juice Drink 4x200ml;£2.40/unit;£0.30/100ml;Chilled fruit juice & smoothies;kids-juice;33;0.1;7.7;7.7;0;0;0.1;0;
tropicana-lemon---lime-juice-850ml;Tropicana Lemon & Lime Juice 850ml;£2.20/unit;£0.26/100ml;Chilled fruit juice & smoothies;chilled-fruit-juice;51;0.3;11.3;11.0;0;0;1.2;0;
tropicana-mango--passionfruit---pumpkin-juice-850ml;Tropicana Mango, Passionfruit & Pumpkin Juice 850ml;£2.20/unit;£0.26/100ml;Chilled fruit juice & smoothies;chilled-fruit-juice;44;0.4;10.1;10.0;0;0;1.2;0;
tropicana-mango--peach---papaya-juice-850ml;Tropicana Mango, Peach & Papaya Juice 850ml;£2.20/unit;£0.26/100ml;Chilled fruit juice & smoothies;chilled-fruit-juice;44;0.5;9.8;9.6;0;0;0.1;0;
tropicana-multivitamins-juice-juice-850ml;Tropicana Multivitamins Juice Juice 850ml;£2.20/unit;£0.26/100ml;Chilled fruit juice & smoothies;chilled-fruit-juice;52;0.5;11.2;11.0;0;0;0.6;0;
tropicana-orange---calcium-juice-850ml;Tropicana Orange & Calcium Juice 850ml;£2.20/unit;£0.26/100ml;Chilled fruit juice & smoothies;chilled-fruit-juice;48;0.8;10.0;10.0;0;0;0.4;0;
tropicana-orange---mango-juice-850ml;Tropicana Orange & Mango Juice 850ml;£2.20/unit;£0.26/100ml;Chilled fruit juice & smoothies;chilled-fruit-juice;47;0.7;9.6;9.6;0;0;1.3;0;
tropicana-orange---passionfruit-juice-850ml;Tropicana Orange & Passionfruit Juice 850ml;£2.20/unit;£0.26/100ml;Chilled fruit juice & smoothies;chilled-fruit-juice;48;0.8;10.0;10.0;0;0;0.7;0;
tropicana-orange---raspberry-juice-850ml;Tropicana Orange & Raspberry Juice 850ml;£2.20/unit;£0.26/100ml;Chilled fruit juice & smoothies;chilled-fruit-juice;42;0.4;9.0;8.9;0;0;0.8;0;
tropicana-orange-juice-with-extra-juicy-bits-175l;Tropicana Orange Juice with Extra Juicy Bits 1.75L;£2.50/unit;£0.15/100ml;Chilled fruit juice & smoothies;chilled-fruit-juice;49;0.8;10.0;10.0;0;0;0.9;0;
tropicana-orange-juice-with-extra-juicy-bits-1l;Tropicana Orange Juice with Extra Juicy Bits 1L;£2.50/unit;£0.25/100ml;Chilled fruit juice & smoothies;chilled-fruit-juice;49;0.8;10.0;10.0;0;0;0.9;0;
tropicana-original-orange-juice-175l;Tropicana Orange Juice 1.75L;£2.50/unit;£0.15/100ml;Chilled fruit juice & smoothies;chilled-fruit-juice;48;0.8;10.0;10.0;0;0;0.7;0;
tropicana-original-orange-juice-multipack-x4-250ml;Tropicana Orange Juice with Juicy Bits 4x250ml;£3.00/unit;£0.30/100ml;Chilled fruit juice & smoothies;chilled-fruit-juice;48;0.8;10.0;10.0;0;0;0.7;0;
tropicana-original-orange-juice-with-bits-1l;Tropicana Orange Juice with Bits 1L;£2.50/unit;£0.25/100ml;Chilled fruit juice & smoothies;chilled-fruit-juice;48;0.8;10.0;10.0;0;0;0.7;0;
tropicana-pineapple--orange---carrot-juice-850ml;Tropicana Pineapple, Orange & Carrot Juice 850ml;£2.20/unit;£0.26/100ml;Chilled fruit juice & smoothies;chilled-fruit-juice;44;0.4;9.9;9.7;0;0;1.4;0;
tropicana-pineapple-juice-850ml;Tropicana Pineapple Juice 850ml;£2.20/unit;£0.26/100ml;Chilled fruit juice & smoothies;chilled-fruit-juice;55;0.4;12.5;12.5;0;0;0.2;0;
tropicana-red-grape-juice-1l;Tropicana Red Grape Juice 1L;£2.50/unit;£0.25/100ml;Chilled fruit juice & smoothies;chilled-fruit-juice;80;1.0;17.7;17.6;0;0;0.8;0;
tropicana-ruby-breafast-juice-850ml;Tropicana Ruby Breafast Juice 850ml;£2.20/unit;£0.26/100ml;Chilled fruit juice & smoothies;chilled-fruit-juice;44;0.7;8.9;8.9;0;0;1.0;0;
tropicana-smooth-orange-juice-175l;Tropicana Smooth Orange Juice 1.75L;£2.50/unit;£0.15/100ml;Chilled fruit juice & smoothies;chilled-fruit-juice;48;0.8;10.0;10.0;0;0;0.4;0;
tropicana-smooth-orange-juice-1l;Tropicana Smooth Orange Juice 1L;£2.50/unit;£0.25/100ml;Chilled fruit juice & smoothies;chilled-fruit-juice;48;0.8;10.0;10.0;0;0;0.4;0;
tropicana-smooth-orange-juice-multipack-x4-250ml;Tropicana Smooth Orange Juice 4x250ml;£3.00/unit;£0.30/100ml;Chilled fruit juice & smoothies;chilled-fruit-juice;48;0.8;10.0;10.0;0;0;0.4;0;
tropicana-strawberry--banana---beetroot-juice-850ml;Tropicana Strawberry, Banana & Beetroot Juice 850ml;£2.20/unit;£0.26/100ml;Chilled fruit juice & smoothies;chilled-fruit-juice;44;0.4;10.7;10.5;0;0;2.1;0;
tropicana-trop50-orange---mango-juice-14l;Tropicana Trop50 Orange & Mango Juice 1.4L;£3.60/unit;£0.26/100ml;Chilled fruit juice & smoothies;chilled-fruit-juice;23;0.3;4.4;4.4;0;0;0.8;0;
tropicana-trop50-orange---mango-juice-14l;Tropicana Trop50 Orange & Mango Juice 1.4L;£3.60/unit;£0.26/100ml;Chilled fruit juice & smoothies;reduced-sugar;23;0.3;4.4;4.4;0;0;0.8;0;
tropicana-trop50-orange---mango-juice-drink-1l;Tropicana Trop50 Orange & Mango Juice Drink 1L;£2.50/unit;£0.25/100ml;Chilled fruit juice & smoothies;chilled-fruit-juice;9723;0.3;4.4;4.4;0;0;0.8;0;
tropicana-trop50-orange---mango-juice-drink-1l;Tropicana Trop50 Orange & Mango Juice Drink 1L;£2.50/unit;£0.25/100ml;Chilled fruit juice & smoothies;reduced-sugar;9723;0.3;4.4;4.4;0;0;0.8;0;
tropicana-trop50-orange-juice-drink-with-bits-1l;Tropicana Trop50 Orange with Bits Juice Drink 1L;£2.50/unit;£0.25/100ml;Chilled fruit juice & smoothies;chilled-fruit-juice;9422;0.4;4.1;4.1;0;0;0.8;0;
tropicana-trop50-orange-juice-drink-with-bits-1l;Tropicana Trop50 Orange with Bits Juice Drink 1L;£2.50/unit;£0.25/100ml;Chilled fruit juice & smoothies;reduced-sugar;9422;0.4;4.1;4.1;0;0;0.8;0;
tropicana-trop50-smooth-orange-juice-14l;Tropicana Trop50 Smooth Orange Juice 1.4L;£3.60/unit;£0.26/100ml;Chilled fruit juice & smoothies;chilled-fruit-juice;21;0.3;3.9;3.9;0;0;0.8;0;
tropicana-trop50-smooth-orange-juice-14l;Tropicana Trop50 Smooth Orange Juice 1.4L;£3.60/unit;£0.26/100ml;Chilled fruit juice & smoothies;reduced-sugar;21;0.3;3.9;3.9;0;0;0.8;0;
tropicana-trop50-smooth-orange-juice-drink-1l;Tropicana Trop50 Smooth Orange Juice Drink 1L;£2.50/unit;£0.25/100ml;Chilled fruit juice & smoothies;chilled-fruit-juice;8921;0.3;3.9;3.9;0;0;0.8;0;
tropicana-trop50-smooth-orange-juice-drink-1l;Tropicana Trop50 Smooth Orange Juice Drink 1L;£2.50/unit;£0.25/100ml;Chilled fruit juice & smoothies;reduced-sugar;8921;0.3;3.9;3.9;0;0;0.8;0;
tropicana-tropical-juice-15l;Tropicana Tropical Fruit Juice 1.5L;£2.50/unit;£0.17/100ml;Chilled fruit juice & smoothies;chilled-fruit-juice;47;0.4;10.1;9.9;0;0;1.3;0;
tropicana-tropical-juice-850ml;Tropicana Tropical Juice 850ml;£2.20/unit;£0.26/100ml;Chilled fruit juice & smoothies;chilled-fruit-juice;47;0.4;10.1;9.9;0;0;1.3;0;
trufree-chocolate-fingers-150g;Dietary Special Gluten Free Chocolate Fingers 150g;£1.99/unit;£1.33/100g;Biscuits & crackers;biscuits-crackers-freefrom;521;5.2;61;32;28;15;2.1;0.75;
trufree-custard-creams-125g;Dietary Special Gluten Free Custard Creams 125g;£1.40/unit;£1.12/100g;Biscuits & crackers;biscuits-crackers-freefrom;500;4.9;70;33;22;13;1.0;0.55;
trufree-herb---onion-crackers-200g;Dietary Special Gluten Free Herb & Onion Crackers 200g;£1.60/unit;£0.80/100g;Biscuits & crackers;biscuits-crackers-freefrom;410;5.2;73;3.1;13;5.4;9.4;1.3;
trufree-pretzels-60g;Dietary Special Gluten Free Pretzels 60g;£1.00/unit;£1.67/100g;Biscuits & crackers;biscuits-crackers-freefrom;483;0.5;72;0.7;21;9.8;1.8;3.5;
truvia-sweetener-jar-270g;Truvia Sweetener Jar 270g;£5.00/unit;£18.52/kg;Sugar & home baking;sugar-sweeteners;0;0;99.0;null;0;null;null;null;
tunnocks-caramel-wafer-x4-30g;Tunnock's Caramel Wafer x4 30g;£1.00/unit;£0.83/100g;Biscuits & crackers;biscuits-crackers-kids-lunchbox;448;3.6;69.2;34.7;17.4;12.7;2.5;0.67;
tunnocks-caramel-wafer-x4-30g;Tunnock's Caramel Wafer x4 30g;£1.00/unit;£0.83/100g;Biscuits & crackers;chocolate-biscuits;448;3.6;69.2;34.7;17.4;12.7;2.5;0.67;
tunnocks-caramel-wafers-x8;Tunnock's Caramel Wafers x8;£1.60/unit;£0.20/ea;Biscuits & crackers;biscuits-crackers-kids-lunchbox;448;3.6;69.2;34.7;17.4;12.7;2.5;0.67;
tunnocks-caramel-wafers-x8;Tunnock's Caramel Wafers x8;£1.60/unit;£0.20/ea;Biscuits & crackers;chocolate-biscuits;448;3.6;69.2;34.7;17.4;12.7;2.5;0.67;
tunnocks-dark-chocolate-caramel-wafers-x8;Tunnock's Dark Chocolate Caramel Wafers x8;£1.60/unit;£0.67/100g;Biscuits & crackers;biscuits-crackers-kids-lunchbox;455;3.6;69.9;35.4;17.9;12.0;2.4;0.45;
tunnocks-dark-chocolate-caramel-wafers-x8;Tunnock's Dark Chocolate Caramel Wafers x8;£1.60/unit;£0.67/100g;Biscuits & crackers;chocolate-biscuits;455;3.6;69.9;35.4;17.9;12.0;2.4;0.45;
tunnocks-milk-chocolate-teacakes-biscuits-x10;Tunnock's Milk Chocolate Teacakes Biscuits x10;£1.60/unit;£0.16/unit;Biscuits & crackers;biscuits-crackers-kids-lunchbox;440;4.9;61.9;36.0;19.2;10.5;2.4;0.70;
tunnocks-milk-chocolate-teacakes-biscuits-x10;Tunnock's Milk Chocolate Teacakes Biscuits x10;£1.60/unit;£0.16/unit;Biscuits & crackers;chocolate-biscuits;440;4.9;61.9;36.0;19.2;10.5;2.4;0.70;
twiglets-multi-pack-6x24g;Twiglets Original 6x24g;£1.80/unit;£1.25/100g;Crisps, nuts & snacking fruit;crisps;391;12.6;54.1;0.4;11.4;1.6;10.8;2.0;
twiglets-original-150g;Twiglets Original 150g;£1.75/unit;£1.17/100g;Crisps, nuts & snacking fruit;crisps;413;12.8;57.2;0.5;12.2;1.8;11.4;2.0;
twiglets-original-150g;Twiglets Original 150g;£1.75/unit;£1.17/100g;Crisps, nuts & snacking fruit;party-nibbles-bites;413;12.8;57.2;0.5;12.2;1.8;11.4;2.0;
twix-16-pack;Twix 16x23g;£2.80/unit;£0.76/100g;Biscuits & crackers;biscuits-crackers-kids-lunchbox;495;4.5;64.6;48.8;23.9;13.9;null;0.44;
twix-16-pack;Twix 16x23g;£2.80/unit;£0.76/100g;Biscuits & crackers;chocolate-biscuits;495;4.5;64.6;48.8;23.9;13.9;null;0.44;
twix-9x23g;Twix 9x23g;£1.60/unit;£0.77/100g;Biscuits & crackers;biscuits-crackers-kids-lunchbox;495;4.5;64.6;48.8;23.9;13.9;null;0.44;
twix-9x23g;Twix 9x23g;£1.60/unit;£0.77/100g;Biscuits & crackers;chocolate-biscuits;495;4.5;64.6;48.8;23.9;13.9;null;0.44;
twix-caramel-slice-x6-145g;Twix Caramel Slice x6 145g;£1.00/unit;£0.17/ea;Cakes;flapjacks-traybakes-bites;492;4.6;58.5;37.4;26.4;13.8;1.4;0.6;
twix-caramel-slice-x6-145g;Twix Caramel Slice x6 145g;£1.00/unit;£0.17/ea;Confectionery;cake-slices;492;4.6;58.5;37.4;26.4;13.8;1.4;0.6;
twix-mix-standard-pouch-140g;Twix Mix Standard Pouch 126g;£1.00/unit;£0.79/100g;Confectionery;chocolate;499;6.0;64.3;51.5;23.8;14.0;null;0.42;
twix-twin-58g;Twix Twin 50g;£0.60/unit;£1.20/100g;Confectionery;chocolate;495;4.5;64.6;48.8;24.0;13.9;null;0.44;
twix-x3-150g;Twix x3 150g;£1.00/unit;£0.67/100g;Confectionery;chocolate;495;4.5;64.6;48.8;24.0;13.9;null;0.44;
twix-x7-350g;Twix x7 350g;£2.50/unit;£0.71/100g;Confectionery;chocolate;495;4.5;64.6;48.8;24.0;13.9;null;0.44;
twix-yogurt-120g;Twix Yogurt 120g;£0.50/unit;£0.42/100g;Yogurts;rice-dessert-style-yogurts;168;2.5;20.5;18.0;8.4;5.3;null;0.31;
two-chicks-liquid-egg-white-500g;Two Chicks Liquid Egg White 500g;£3.00/unit;£0.60/100g;Butter, spreads & baking;cooking-and-baking1;50;10.5;1.0;1.0;0;0;0;null;
two-chicks-liquid-egg-white-500g;Two Chicks Liquid Egg White 500g;£3.00/unit;£0.60/100g;Fresh milk & eggs;eggs;50;10.5;1.0;1.0;0;0;0;null;
two-chicks-liquid-egg-white-500g;Two Chicks Liquid Egg White 500g;£3.00/unit;£0.60/100g;Sugar & home baking;home-baking-eggs;50;10.5;1.0;1.0;0;0;0;null;
tyrrells-beach-bbq-150g;Tyrrells Beach BBQ Crisps 150g;£2.00/unit;£1.33/100g;Crisps, nuts & snacking fruit;crisps;501;5.9;52.6;2.2;29.2;2.6;null;1.3;
tyrrells-cheddar-cheese---chive-crisps-150g;Tyrrells Cheddar Cheese & Chive Crisps 150g;£2.00/unit;£1.33/100g;Crisps, nuts & snacking fruit;crisps;486;6.9;51.8;3.1;27.5;2.9;5.4;null;
tyrrells-cheese---onion-furrows-150g;Tyrrells Furrows Mature Cheddar & Pickled Onion Crisps 150g;£2.00/unit;£1.33/100g;Crisps, nuts & snacking fruit;crisps;492;7.5;53.7;2.0;26.4;3.0;4.6;null;
tyrrells-chicken---tarragon-150g;Tyrrells Sunday Best Roast Chicken Crisps 150g;£2.00/unit;£1.33/100g;Crisps, nuts & snacking fruit;crisps;451;7.0;52.5;5.6;23.1;2.8;null;1.0;
tyrrells-cider-vinegar---salt-crisps-150g;Tyrrells Cider Vinegar & Salt Crisps 150g;£2.00/unit;£1.33/100g;Crisps, nuts & snacking fruit;crisps;447;4.9;55.0;2.3;22.6;2.5;4.7;null;
tyrrells-crinkly-mixed-root-vegetable-150g;Tyrrells Crinkly Mixed Root Vegetable Crisps 150g;£2.75/unit;£1.83/100g;Crisps, nuts & snacking fruit;crisps;498;5.3;41.6;22.1;31.2;3.7;15.2;null;
tyrrells-crisps-multipack-6x25g;Tyrrells Crisps Multipack 6x25g;£1.80/unit;£1.20/100g;Crisps, nuts & snacking fruit;crisps;447;4.9;55.0;2.3;22.6;2.5;null;1.5;
tyrrells-furrows-sea-salted-crisps-150g;Tyrrells Furrows Sea Salted Crisps 150g;£2.00/unit;£1.33/100g;Crisps, nuts & snacking fruit;crisps;476;6.2;59.9;2.0;23.9;2.4;null;1.0;
tyrrells-lightly-sea-salted-crisps-150g;Tyrrells Lightly Sea Salted Crisps 150g;£2.00/unit;£1.33/100g;Crisps, nuts & snacking fruit;crisps;501;5.9;49.0;2.0;24.4;2.5;null;0.5;
tyrrells-lightly-sea-salted-hand-cooked-potato-chips-6x25g;Tyrrells Lightly Sea Salted Hand Cooked Potato Chips 6x25g;£1.80/unit;£1.20/100g;Crisps, nuts & snacking fruit;crisps;493;7.7;58.9;2.0;25.4;2.3;2.6;null;
tyrrells-mixed-root-vegetable-crisps-150g;Tyrrells Mixed Root Vegetable Crisps 150g;£2.75/unit;£1.83/100g;Crisps, nuts & snacking fruit;crisps;492;4.7;37.4;22.6;35.2;4.1;14.2;null;
tyrrells-salted-popcorn-70g-7514270-p-44;Tyrrells Salted Popcorn 70g;£1.50/unit;£2.14/100g;Confectionery;confectionery-popcorn;508;8.9;58.6;0.0;30.8;3.3;12.0;null;
tyrrells-salted-popcorn-70g-7514270-p-44;Tyrrells Salted Popcorn 70g;£1.50/unit;£2.14/100g;Crisps, nuts & snacking fruit;crisps;508;8.9;58.6;0.0;30.8;3.3;12.0;null;
tyrrells-salted-popcorn-70g-7514270-p-44;Tyrrells Salted Popcorn 70g;£1.50/unit;£2.14/100g;Crisps, nuts & snacking fruit;healthier-snacks-12459-44;508;8.9;58.6;0.0;30.8;3.3;12.0;null;
tyrrells-salted-popcorn-70g-7514270-p-44;Tyrrells Salted Popcorn 70g;£1.50/unit;£2.14/100g;Crisps, nuts & snacking fruit;party-nibbles-bites;508;8.9;58.6;0.0;30.8;3.3;12.0;null;
tyrrells-salted-popcorn-70g-7514270-p-44;Tyrrells Salted Popcorn 70g;£1.50/unit;£2.14/100g;Crisps, nuts & snacking fruit;popcorn;508;8.9;58.6;0.0;30.8;3.3;12.0;null;
tyrrells-sea-salt---vinegar-furrows-150g;Tyrrells Furrows Sea Salt & Vinegar Crisps 150g;£2.00/unit;£1.33/100g;Crisps, nuts & snacking fruit;crisps;447;5.6;61.3;1.3;23.0;1.8;3.8;null;
tyrrells-sweet---salty-popcorn-80g-7634353-p-44;Tyrrells Sweet & Salty Popcorn 80g;£1.50/unit;£1.88/100g;Confectionery;confectionery-popcorn;507;6.5;51.8;20.5;24.3;2.8;12.0;null;
tyrrells-sweet---salty-popcorn-80g-7634353-p-44;Tyrrells Sweet & Salty Popcorn 80g;£1.50/unit;£1.88/100g;Crisps, nuts & snacking fruit;crisps;507;6.5;51.8;20.5;24.3;2.8;12.0;null;
tyrrells-sweet---salty-popcorn-80g-7634353-p-44;Tyrrells Sweet & Salty Popcorn 80g;£1.50/unit;£1.88/100g;Crisps, nuts & snacking fruit;healthier-snacks-12459-44;507;6.5;51.8;20.5;24.3;2.8;12.0;null;
tyrrells-sweet---salty-popcorn-80g-7634353-p-44;Tyrrells Sweet & Salty Popcorn 80g;£1.50/unit;£1.88/100g;Crisps, nuts & snacking fruit;party-nibbles-bites;507;6.5;51.8;20.5;24.3;2.8;12.0;null;
tyrrells-sweet---salty-popcorn-80g-7634353-p-44;Tyrrells Sweet & Salty Popcorn 80g;£1.50/unit;£1.88/100g;Crisps, nuts & snacking fruit;popcorn;507;6.5;51.8;20.5;24.3;2.8;12.0;null;
tyrrells-sweet-chilli---red-pepper-crisps-150g;Tyrrells Sweet Chilli & Red Pepper Crisps 150g;£2.00/unit;£1.33/100g;Crisps, nuts & snacking fruit;crisps;490;5.9;54.5;3.7;27.0;2.6;5.7;null;
tyrrells-thai-chilli-crackers-50g;Tyrrells Thai Chilli Crackers 50g;£1.20/unit;£2.40/100g;Crisps, nuts & snacking fruit;crisps;520;5.2;64.0;13.0;27.0;16.2;0.5;null;
tyrrells-thai-chilli-crackers-50g;Tyrrells Thai Chilli Crackers 50g;£1.20/unit;£2.40/100g;Crisps, nuts & snacking fruit;party-nibbles-bites;520;5.2;64.0;13.0;27.0;16.2;0.5;null;
tyrrells-vegetable-purple-sweet-potato--beetroot---parsnip-crisps-125g;Tyrrells Vegetable Purple Sweet Potato, Beetroot & Parsnip Crisps 125g;£2.75/unit;£2.20/100g;Crisps, nuts & snacking fruit;crisps;543;6.9;54.5;27.7;32.1;3.6;13.0;null;
udis-soft---tasty-cinnamon---raisin-bagels-350g;Udi's Cinnamon And Raisin Bagel 350g;£2.30/unit;£6.57/100g;Freefrom;bakery-freefrom;273;6.3;45.2;7.9;6.2;0.5;5.7;0.8;
udis-soft---tasty-cinnamon---raisin-bagels-350g;Udi's Cinnamon And Raisin Bagel 350g;£2.30/unit;£6.57/100g;Wraps, bagels & pittas;wraps-bagels-pittas;273;6.3;45.2;7.9;6.2;0.5;5.7;0.8;
udis-soft---tasty-plain-bagels-350g;Udi's Plain Bagel 350g;£2.30/unit;£6.57/100g;Freefrom;bakery-freefrom;264;6.4;43.9;4.1;6.2;0.7;3.7;0.8;
udis-soft---tasty-plain-bagels-350g;Udi's Plain Bagel 350g;£2.30/unit;£6.57/100g;Wraps, bagels & pittas;wraps-bagels-pittas;264;6.4;43.9;4.1;6.2;0.7;3.7;0.8;
uncle-bens-boil-in-the-bag-long-grain-rice-1kg;Uncle Ben's Boil In The Bag Long Grain Rice 1kg;£5.00/unit;£5.00/kg;Rice, pasta & noodles;rice-12592-44;154;3.2;33.7;0.2;0.5;0.0;null;0.00;
uncle-bens-boil-in-the-bag-long-grain-rice-500g;Uncle Ben's Boil in the Bag Rice Long Grain 8 x 62.5g;£2.75/unit;£5.50/kg;Rice, pasta & noodles;rice-12592-44;154;3.2;33.7;0.2;0.5;0.0;null;0.00;
uncle-bens-cantonese-cooking-sauce-500g;Uncle Ben's Cantonese Cooking Sauce 450g;£1.65/unit;£0.37/100g;Cooking sauces & world foods;chinese-cooking-sauces;78;0.8;17.5;12.7;0.2;0.1;null;0.83;
uncle-bens-classic-microwaveable-rice-basmati-250g;Uncle Ben's Classic Microwaveable Rice Basmati 250g;£1.50/unit;£6.00/kg;Rice, pasta & noodles;rice-12592-44;153;3.3;30.9;0.0;1.6;0.2;null;0.18;
uncle-bens-classic-microwaveable-rice-classic-long-grain-250g;Uncle Ben's Classic Microwaveable Rice Classic Long Grain 250g;£1.50/unit;£6.00/kg;Rice, pasta & noodles;rice-12592-44;141;2.9;30.2;0.2;0.9;0.1;null;0.20;
uncle-bens-classic-microwaveable-rice-long-grain-and-wild-rice-250g;Uncle Ben's Classic Microwaveable Rice Long Grain and Wild Rice 250g;£1.50/unit;£6.00/kg;Rice, pasta & noodles;rice-12592-44;148;3.2;30.6;0.3;1.3;0.1;null;0.18;
uncle-bens-classic-microwaveable-rice-pilau-250g;Uncle Ben's Classic Microwaveable Rice Pilau 250g;£1.50/unit;£6.00/kg;Rice, pasta & noodles;rice-12592-44;169;3.6;30.8;0.5;3.4;0.4;null;0.43;
uncle-bens-classic-microwaveable-rice-wholegrain-250g;Uncle Ben's Classic Microwaveable Rice Wholegrain 250g;£1.50/unit;£6.00/kg;Rice, pasta & noodles;rice-12592-44;165;3.7;30.7;0.2;2.6;0.5;null;0.20;
uncle-bens-express-wholegrain---vegetable-rice-250g;Uncle Ben's Express Wholegrain & Vegetable Rice 250g;£1.50/unit;£6.00/kg;Rice, pasta & noodles;rice-12592-44;172;4.1;27.3;1.9;4.6;1.0;null;0.44;
uncle-bens-hot-chilli-sauce-500g;Uncle Ben's Chilli Sauce, Hot 450g;£1.80/unit;£0.40/100g;Cooking sauces & world foods;mexican-cooking-sauces;57;2.0;9.3;5.3;0.6;0.1;null;0.78;
uncle-bens-korma-sauce-490g;Uncle Ben's Korma Sauce 450g;£1.65/unit;£0.37/100g;Cooking sauces & world foods;indian-cooking-sauces;107;0.9;11.6;6.6;5.9;4.2;null;0.81;
uncle-bens-light-sweet---sour-500g;Uncle Ben's Sweet & Sour Light Sauce 450g;£1.65/unit;£0.33/100g;Cooking sauces & world foods;chinese-cooking-sauces;56;0.3;12.5;8.8;0.1;0.0;null;0.42;
uncle-bens-long-grain-rice-1kg;Uncle Ben's Long Grain Rice 1kg;£4.00/unit;£4.00/kg;Rice, pasta & noodles;rice-12592-44;154;3.2;33.7;0.2;0.5;0.0;null;0.00;
uncle-bens-long-grain-rice-2kg;Uncle Ben's Long Grain Rice 2kg;£7.00/unit;£3.50/kg;Rice, pasta & noodles;rice-12592-44;154;3.2;33.7;0.2;0.5;0.0;null;0.00;
uncle-bens-long-grain-rice-500g;Uncle Ben's Long Grain Rice 500g;£2.10/unit;£4.20/kg;Rice, pasta & noodles;rice-12592-44;154;3.2;33.7;0.2;0.5;0.0;null;0.00;
uncle-bens-medium-chilli-sauce-500g;Uncle Ben's Chilli Sauce, Medium 450g;£1.80/unit;£0.40/100g;Cooking sauces & world foods;mexican-cooking-sauces;58;1.9;10.5;5.4;0.4;0.1;null;0.7;
uncle-bens-medium-curry-sauce-500g;Uncle Ben's Medium Curry Sauce 440g;£1.65/unit;£0.37/100g;Cooking sauces & world foods;indian-cooking-sauces;88;0.8;10.2;5.4;4.5;1.9;null;0.80;
uncle-bens-mild-chilli-sauce-500g;Uncle Ben's Chilli Sauce, Mild 450g;£1.80/unit;£0.40/100g;Cooking sauces & world foods;mexican-cooking-sauces;54;1.9;9.4;5.9;0.4;0.1;null;0.81;
uncle-bens-original-sweet---sour-sauce-500g;Uncle Ben's Original Sweet & Sour Sauce 450g;£1.65/unit;£0.37/100g;Cooking sauces & world foods;chinese-cooking-sauces;85;0.4;19.6;16.2;0.2;0.0;null;0.43;
uncle-bens-original-sweet---sour-sauce-750g;Uncle Ben's Original Sweet & Sour Sauce 675g;£2.15/unit;£0.32/100g;Cooking sauces & world foods;chinese-cooking-sauces;85;0.4;19.6;16.2;0.2;0.0;null;0.43;
uncle-bens-recipe-base-chicken-tikka-masala-170g;Uncle Ben's Recipe Base Chicken Tikka Masala 170g;£1.00/unit;£0.59/100g;Cooking sauces & world foods;packet-sauces;82;2.4;11.7;6.1;2.3;0.3;null;1.47;
uncle-bens-recipe-base-chilli-con-carne-170g;Uncle Ben's Recipe Base Chilli Con Carne 170g;£1.00/unit;£0.59/100g;Cooking sauces & world foods;packet-sauces;80;2.7;13.7;7.8;1.0;0.1;null;1.49;
uncle-bens-recipe-base-sweet---sour-chicken-170g;Uncle Ben's Recipe Base Sweet & Sour Chicken 170g;£1.00/unit;£0.59/100g;Cooking sauces & world foods;packet-sauces;188;0.4;42.5;38.1;1.0;0.2;null;1.15;
uncle-bens-rice-time--medium-curry-300g;Uncle Ben's RiceTime Microwaveable Ready Meal Medium Curry 300g;£1.00/unit;£3.34/kg;Canned, tinned & packaged foods;canned-tinned-packaged-hot-meat-meals;120;2.2;22.8;2.3;1.9;0.6;1.1;0.54;
uncle-bens-rice-time--medium-curry-300g;Uncle Ben's RiceTime Microwaveable Ready Meal Medium Curry 300g;£1.00/unit;£3.34/kg;Cooking sauces & world foods;world-foods-instant-snack-meals;120;2.2;22.8;2.3;1.9;0.6;1.1;0.54;
uncle-bens-rice-time--medium-curry-300g;Uncle Ben's RiceTime Microwaveable Ready Meal Medium Curry 300g;£1.00/unit;£3.34/kg;Rice, pasta & noodles;instant-snack-meals;120;2.2;22.8;2.3;1.9;0.6;1.1;0.54;
uncle-bens-rice-time--spicy-tikka-masala-300g;Uncle Ben's Rice Time, Spicy Tikka Masala 300g;£1.00/unit;£3.34/kg;Canned, tinned & packaged foods;canned-tinned-packaged-hot-meat-meals;113;2.1;21.9;2.1;1.6;0.4;0.9;0.47;
uncle-bens-rice-time--spicy-tikka-masala-300g;Uncle Ben's Rice Time, Spicy Tikka Masala 300g;£1.00/unit;£3.34/kg;Cooking sauces & world foods;world-foods-instant-snack-meals;113;2.1;21.9;2.1;1.6;0.4;0.9;0.47;
uncle-bens-rice-time--spicy-tikka-masala-300g;Uncle Ben's Rice Time, Spicy Tikka Masala 300g;£1.00/unit;£3.34/kg;Rice, pasta & noodles;instant-snack-meals;113;2.1;21.9;2.1;1.6;0.4;0.9;0.47;
uncle-bens-rice-time--sweet---sour-300g;Uncle Ben's Rice Time, Sweet & Sour 300g;£1.00/unit;£3.34/kg;Canned, tinned & packaged foods;canned-tinned-packaged-hot-meat-meals;116;1.9;25.8;6.2;0.4;0.0;0.7;0.19;
uncle-bens-rice-time--sweet---sour-300g;Uncle Ben's Rice Time, Sweet & Sour 300g;£1.00/unit;£3.34/kg;Cooking sauces & world foods;world-foods-instant-snack-meals;116;1.9;25.8;6.2;0.4;0.0;0.7;0.19;
uncle-bens-rice-time--sweet---sour-300g;Uncle Ben's Rice Time, Sweet & Sour 300g;£1.00/unit;£3.34/kg;Rice, pasta & noodles;instant-snack-meals;116;1.9;25.8;6.2;0.4;0.0;0.7;0.19;
uncle-bens-rice-time-green-thai-curry-285g;Uncle Ben's Rice Time Green Thai Curry 285g;£1.85/unit;£6.49/kg;Canned, tinned & packaged foods;canned-tinned-packaged-hot-meat-meals;113;2.2;22.2;1.0;1.4;0.7;0.9;0.49;
uncle-bens-rice-time-green-thai-curry-285g;Uncle Ben's Rice Time Green Thai Curry 285g;£1.85/unit;£6.49/kg;Cooking sauces & world foods;world-foods-instant-snack-meals;113;2.2;22.2;1.0;1.4;0.7;0.9;0.49;
uncle-bens-rice-time-green-thai-curry-285g;Uncle Ben's Rice Time Green Thai Curry 285g;£1.85/unit;£6.49/kg;Rice, pasta & noodles;instant-snack-meals;113;2.2;22.2;1.0;1.4;0.7;0.9;0.49;
uncle-bens-rice-time-korma-300g;Uncle Ben's Rice Time, Korma 300g;£1.00/unit;£3.34/kg;Cooking sauces & world foods;world-foods-instant-snack-meals;129;2.1;23.2;3.3;2.8;1.5;1.2;0.36;
uncle-bens-rice-time-korma-300g;Uncle Ben's Rice Time, Korma 300g;£1.00/unit;£3.34/kg;Rice, pasta & noodles;instant-snack-meals;129;2.1;23.2;3.3;2.8;1.5;1.2;0.36;
uncle-bens-ricetime-sweet-thai-chilli-300g;Uncle Ben's Rice Time, Sweet Thai Chilli 300g;£1.00/unit;£3.34/kg;Cooking sauces & world foods;world-foods-instant-snack-meals;119;2.0;26.2;5.9;0.4;0.0;0.8;0.25;
uncle-bens-ricetime-sweet-thai-chilli-300g;Uncle Ben's Rice Time, Sweet Thai Chilli 300g;£1.00/unit;£3.34/kg;Rice, pasta & noodles;instant-snack-meals;119;2.0;26.2;5.9;0.4;0.0;0.8;0.25;
uncle-bens-rt-chilli-con-carne-300g;Uncle Ben's Rice Time, Chilli Con Carne 300g;£1.00/unit;£3.34/kg;Canned, tinned & packaged foods;canned-tinned-packaged-hot-meat-meals;112;3.3;22.4;1.9;0.7;0.1;1.2;0.45;
uncle-bens-rt-chilli-con-carne-300g;Uncle Ben's Rice Time, Chilli Con Carne 300g;£1.00/unit;£3.34/kg;Cooking sauces & world foods;world-foods-instant-snack-meals;112;3.3;22.4;1.9;0.7;0.1;1.2;0.45;
uncle-bens-special-lemon---rosemary-rice-250g;Uncle Ben's Special Lemon & Rosemary Rice 250g;£1.50/unit;£6.00/kg;Rice, pasta & noodles;rice-12592-44;160;3.2;31.1;0.4;2.3;0.2;null;0.43;
uncle-bens-special-mexican-bean-rice-250g;Uncle Ben's Special Mexican Bean Rice 250g;£1.50/unit;£6.00/kg;Cooking sauces & world foods;mexican-cooking-sauces;158;3.6;28.3;1.6;3.1;0.3;null;0.43;
uncle-bens-special-mexican-bean-rice-250g;Uncle Ben's Special Mexican Bean Rice 250g;£1.50/unit;£6.00/kg;Rice, pasta & noodles;rice-12592-44;158;3.6;28.3;1.6;3.1;0.3;null;0.43;
uncle-bens-special-microwaveable-rice-chinese-style-250g;Uncle Ben's Special Microwaveable Rice Chinese Style 250g;£1.50/unit;£6.00/kg;Rice, pasta & noodles;rice-12592-44;166;3.6;30.6;1.0;3.0;0.3;null;0.43;
uncle-bens-special-microwaveable-rice-egg-fried-250g;Uncle Ben's Special Microwaveable Rice Egg Fried 250g;£1.50/unit;£6.00/kg;Rice, pasta & noodles;rice-12592-44;164;4.0;29.3;0.8;3.3;0.5;null;0.45;
uncle-bens-special-microwaveable-rice-golden-vegetable-250g;Uncle Ben's Special Microwaveable Rice Golden Vegetable 250g;£1.50/unit;£6.00/kg;Rice, pasta & noodles;rice-12592-44;153;3.3;29.5;0.8;2.2;0.2;null;0.43;
uncle-bens-special-microwaveable-rice-mexican-style-250g;Uncle Ben's Special Microwaveable Rice Mexican Style 250g;£1.50/unit;£6.00/kg;Cooking sauces & world foods;mexican-cooking-sauces;156;3.6;30.0;1.3;2.1;0.2;null;0.43;
uncle-bens-special-microwaveable-rice-mexican-style-250g;Uncle Ben's Special Microwaveable Rice Mexican Style 250g;£1.50/unit;£6.00/kg;Rice, pasta & noodles;rice-12592-44;156;3.6;30.0;1.3;2.1;0.2;null;0.43;
uncle-bens-special-microwaveable-rice-mushroom-rice-250g;Uncle Ben's Special Microwaveable Rice Mushroom Rice 250g;£1.50/unit;£6.00/kg;Rice, pasta & noodles;rice-12592-44;157;3.5;31.0;0.4;1.8;0.2;null;0.45;
uncle-bens-special-microwaveable-rice-savoury-chicken-flavoured-250g;Uncle Ben's Special Microwaveable Rice Savoury Chicken Flavoured 250g;£1.50/unit;£6.00/kg;Rice, pasta & noodles;rice-12592-44;155;3.4;29.6;0.8;2.3;0.2;null;0.44;
uncle-bens-special-microwaveable-rice-special-fried-250g;Uncle Ben's Special Microwaveable Rice Special Fried 250g;£1.50/unit;£6.00/kg;Rice, pasta & noodles;rice-12592-44;157;4.3;27.4;0.7;3.1;0.5;null;0.53;
uncle-bens-special-microwaveable-rice-spicy-mexican250g;Uncle Ben's Special Microwaveable Rice Spicy Mexican250g;£1.50/unit;£6.00/kg;Cooking sauces & world foods;mexican-cooking-sauces;167;4.0;29.0;2.5;3.6;0.6;null;0.43;
uncle-bens-special-microwaveable-rice-spicy-mexican250g;Uncle Ben's Special Microwaveable Rice Spicy Mexican250g;£1.50/unit;£6.00/kg;Rice, pasta & noodles;rice-12592-44;167;4.0;29.0;2.5;3.6;0.6;null;0.43;
uncle-bens-special-microwaveable-rice-tomato-and-basil-250g;Uncle Ben's Special Microwaveable Rice Tomato and Basil 250g;£1.50/unit;£6.00/kg;Rice, pasta & noodles;rice-12592-44;168;3.5;30.4;2.1;3.3;0.4;null;0.45;
uncle-bens-special-microwaveable-rice-vegetable-pilau-rice-250g;Uncle Ben's Special Microwaveable Rice Vegetable Pilau Rice 250g;£1.50/unit;£6.00/kg;Rice, pasta & noodles;rice-12592-44;167;3.7;30.3;0.8;3.2;0.4;null;0.45;
uncle-bens-special-mixed-pepper-rice-250g;Uncle Ben's Special Mixed Pepper Rice 250g;£1.50/unit;£6.00/kg;Rice, pasta & noodles;rice-12592-44;152;3.4;29.8;1.8;1.9;0.2;null;0.45;
uncle-bens-special-thai-sweet-chilli-rice-250g;Uncle Ben's Special Thai Sweet Chilli Rice 250g;£1.50/unit;£6.00/kg;Cooking sauces & world foods;thai-cooking-sauces;142;2.9;29.2;1.6;1.4;0.2;null;0.45;
uncle-bens-special-thai-sweet-chilli-rice-250g;Uncle Ben's Special Thai Sweet Chilli Rice 250g;£1.50/unit;£6.00/kg;Rice, pasta & noodles;rice-12592-44;142;2.9;29.2;1.6;1.4;0.2;null;0.45;
uncle-bens-special-wholegrain-egg-fried-rice-250g;Uncle Ben's Special Wholegrain Egg Fried Rice 250g;£1.50/unit;£6.00/kg;Rice, pasta & noodles;rice-12592-44;166;4.4;27.3;0.8;4.0;0.8;1.9;0.45;
uncle-bens-special-wholegrain-pilau-rice-250g;Uncle Ben's Special Wholegrain Pilau Rice 250g;£1.50/unit;£6.00/kg;Rice, pasta & noodles;rice-12592-44;168;4.0;27.6;0.5;4.1;0.6;2.1;0.44;
uncle-bens-special-wholegrain-savoury-chicken-flavoured-rice-250g;Uncle Ben's Special Wholegrain Savoury Chicken Flavoured Rice 250g;£1.50/unit;£6.00/kg;Rice, pasta & noodles;rice-12592-44;156;3.9;27.4;0.7;3.0;0.5;2.0;0.44;
uncle-bens-special-wholegrain-spicy-mexican-rice-250g;Uncle Ben's Special Wholegrain Spicy Mexican Rice 250g;£1.50/unit;£6.00/kg;Rice, pasta & noodles;rice-12592-44;167;4.4;27.5;2.4;3.8;0.6;2.3;0.41;
uncle-bens-sweet---sour-sauce-with-extra-pineapple-500g;Uncle Ben's Sweet & Sour Sauce with Extra Pineapple 450g;£1.65/unit;£0.37/100g;Cooking sauces & world foods;chinese-cooking-sauces;86;0.3;19.9;16.5;0.2;0.0;null;0.43;
uncle-bens-sweet---sour-spicy-sauce-500g;Uncle Ben's Sweet & Sour Spicy Sauce 450g;£1.65/unit;£0.37/100g;Cooking sauces & world foods;chinese-cooking-sauces;94;0.4;21.6;18.1;0.2;0.0;null;0.54;
uncle-bens-sweet-thai-chilli-sauce-500g;Uncle Ben's Sweet Thai Chilli Sauce 450g;£1.65/unit;£0.37/100g;Cooking sauces & world foods;thai-cooking-sauces;106;0.7;23.8;19.1;0.3;0.0;null;0.75;
uncle-bens-szechuan-chilli-sauce-500g;Uncle Ben's Szechuan Chilli Sauce 450g;£1.65/unit;£0.37/100g;Cooking sauces & world foods;chinese-cooking-sauces;85;0.9;9.9;6.4;4.4;0.6;null;0.80;
uncle-bens-thai-coconut-curry-sauce-500g;Uncle Ben's Thai Coconut Curry Sauce 450g;£1.65/unit;£0.37/100g;Cooking sauces & world foods;thai-cooking-sauces;121;1.4;12.1;7.1;6.9;4.8;null;0.81;
uncle-bens-x-brown-basmati-rice-250g;Uncle Ben's Classic Microwaveable Rice Brown Basmati Rice 250g;£1.50/unit;£6.00/kg;Rice, pasta & noodles;rice-12592-44;161;3.9;30.3;0.0;2.4;0.2;null;0.20;
uncle-bens-x-spicy-pilau-rice-250g;Uncle Ben's Special Spicy Pilau Rice 250g;£1.50/unit;£6.00/kg;Rice, pasta & noodles;rice-12592-44;165;3.5;29.8;0.9;3.3;0.4;null;0.45;
unique-green-harissa-paste-90g;Unique Italian Green Harissa Paste 90g;£1.99/unit;£2.12/100g;Cooking ingredients & oils;cooking-pastes;100;0.72;9.80;2.50;6.21;0.71;null;1.00;
unique-italian-sofrito-paste-90g;Unique Italian Sofrito Paste 90g;£1.00/unit;£1.11/100g;Cooking ingredients & oils;cooking-pastes;226;0.8;4.9;4.9;23;3.7;1.4;2;
up---go-nutritious-breakfast-drink-chocolate-250ml;Up & Go Nutritious Breakfast Drink Chocolate 250ml;£1.40/unit;£0.56/100ml;Breakfast cereals;on-the-go;69;3.8;10;7.3;1.0;0.2;2.4;0.14;
uppercrust-deep-filled-pie-chicken---asparagus--530g;UpperCrust Deep Filled Pie Chicken & Asparagus  530g;£1.50/unit;£2.83/kg;Ready meals & pies;frozen-pies;289;9.6;20.1;0.8;18.8;8.1;0.8;1.0;
uppercrust-deep-filled-pie-steak-530g;UpperCrust Deep Filled Pie Steak 530g;£1.50/unit;£2.83/kg;Ready meals & pies;frozen-pies;277;9.7;20.1;0.7;17.0;6.3;0.8;0.8;
usn-diet-fuel-ready-to-drink--chocolate-330ml;USN Diet Fuel Ready To Drink, Chocolate 330ml;£2.00/unit;£0.61/100ml;Fresh milk & eggs;flavoured-milk-92153-44;55;8.0;5.0;3.5;0.2;0.1;0.5;null;
usn-diet-fuel-ready-to-drink--strawberry-330ml;USN Diet Fuel Ready To Drink, Strawberry 330ml;£2.00/unit;£0.61/100ml;Fresh milk & eggs;flavoured-milk-92153-44;50;8.3;3.8;3.8;0.1;0;0.1;null;
usn-protein-fuel-25-chocolate-330ml;USN Protein Fuel 25 Chocolate 330ml;£2.40/unit;£0.73/100ml;Fresh milk & eggs;flavoured-milk-92153-44;59;7.6;5.4;3.9;0.6;0.3;0.5;null;
usn-protein-fuel-25-strawberry-330ml;USN Protein Fuel 25 Strawberry 330ml;£2.40/unit;£0.73/100ml;Fresh milk & eggs;flavoured-milk-92153-44;50;7.6;3.9;3.9;0.4;0.1;0.1;null;
valley-foods-chicken-fillets-750g;Valley Foods Chicken Fillets 750g;£3.00/unit;£4.00/kg;Meat & poultry;frozen-chicken;115;25.6;0.1;0.1;1.4;0.4;0.5;1.37;
valley-foods-skinless-chicken-fillets-500g;Valley Foods Skinless Chicken Fillets 500g;£3.00/unit;£6.00/kg;Meat & poultry;frozen-chicken;115;25.6;0.1;0.1;1.4;0.4;0.5;1.37;
veetee-dine-in-basmati---mushroom-rice-280g;Veetee Dine In Basmati & Mushroom Rice 280g;£1.50/unit;£5.36/kg;Rice, pasta & noodles;rice-12592-44;121;3.1;24.8;0.5;1.4;0.2;null;0.9;
veetee-dine-in-basmati---wild-rice-280g;Veetee Dine In Basmati & Wild Rice 280g;£1.50/unit;£5.36/kg;Rice, pasta & noodles;rice-12592-44;126;3.1;25.7;0.4;1.5;0.2;null;0.4;
veetee-dine-in-basmati-rice-280g;Veetee Dine In Basmati Rice 280g;£1.50/unit;£5.36/kg;Rice, pasta & noodles;rice-12592-44;117;2.7;24.2;0.4;1.5;0.2;null;0.4;
veetee-dine-in-chicken-flavour-rice-280g;Veetee Dine In Chicken Flavour Rice 280g;£1.50/unit;£5.36/kg;Rice, pasta & noodles;rice-12592-44;130;3.2;24.8;1.2;2.2;0.3;null;null;
veetee-dine-in-chinese-rice-280g;Veetee Dine In Chinese Style Rice 280g;£1.50/unit;£5.36/kg;Rice, pasta & noodles;rice-12592-44;142;3.1;27.1;2.9;2.5;0.3;null;0.9;
veetee-dine-in-golden-vegetable-rice-280g;Veetee Dine In Golden Vegetable Rice 280g;£1.50/unit;£5.36/kg;Rice, pasta & noodles;rice-12592-44;135;2.9;25.7;2.2;2.5;0.4;null;1.4;
veetee-dine-in-long-grain-rice-300g;Veetee Dine In Long Grain Rice 300g;£1.50/unit;£5.00/kg;Rice, pasta & noodles;rice-12592-44;120;2.3;25.8;0.4;1.1;0.1;null;0.5;
veetee-dine-in-peri-peri-rice-280g;Veetee Dine In Peri Peri Rice 280g;£1.50/unit;£5.36/kg;Rice, pasta & noodles;rice-12592-44;137;3.3;27.8;0.4;1.8;0.3;null;0.9;
veetee-dine-in-pilau-rice-280g;Veetee Dine In Pilau Rice 280g;£1.50/unit;£5.36/kg;Rice, pasta & noodles;rice-12592-44;126;2.9;25.5;0.4;1.6;0.2;null;0.4;
veetee-dine-in-spicy-mexican-rice-280g;Veetee Dine In Spicy Mexican Rice 280g;£1.50/unit;£5.36/kg;Rice, pasta & noodles;rice-12592-44;135;3.4;25.9;2.1;2.4;0.3;null;0.7;
veetee-dine-in-thai-jasmine-rice-300g;Veetee Dine In Thai Jasmine Rice 300g;£1.50/unit;£5.00/kg;Cooking sauces & world foods;thai-cooking-sauces;153;3.0;33.2;0.4;1.2;0.2;null;0.4;
veetee-dine-in-thai-jasmine-rice-300g;Veetee Dine In Thai Jasmine Rice 300g;£1.50/unit;£5.00/kg;Rice, pasta & noodles;rice-12592-44;153;3.0;33.2;0.4;1.2;0.2;null;0.4;
veetee-dine-in-thai-lime-rice-300g;Veetee Dine In Thai Lime Rice 300g;£1.50/unit;£5.00/kg;Cooking sauces & world foods;thai-cooking-sauces;154;3.1;33.6;0.4;1.2;0.2;null;0.7;
veetee-dine-in-thai-lime-rice-300g;Veetee Dine In Thai Lime Rice 300g;£1.50/unit;£5.00/kg;Rice, pasta & noodles;rice-12592-44;154;3.1;33.6;0.4;1.2;0.2;null;0.7;
veetee-dine-in-vegetable-pilau-rice-280g;Veetee Dine In Vegetable Pilau Rice 280g;£1.50/unit;£5.36/kg;Rice, pasta & noodles;rice-12592-44;135;3.2;26.2;1.0;2.2;0.3;null;0.8;
velvet-crunch-gourmet-bites-cheese---onion-6x20g;Velvet Crunch Gourmet Bites Cheese & Onion 6x20g;£1.80/unit;£1.50/100g;Crisps, nuts & snacking fruit;crisps;429;1.6;82;13;10;1.1;1.9;1.5;
velvet-crunch-gourmet-bites-cheese---onion-6x20g;Velvet Crunch Gourmet Bites Cheese & Onion 6x20g;£1.80/unit;£1.50/100g;Crisps, nuts & snacking fruit;healthier-snacks-12459-44;429;1.6;82;13;10;1.1;1.9;1.5;
velvet-crunch-gourmet-bites-salt---rich-balsamic-vinegar-6x20g;Velvet Crunch Gourmet Bites Salt & Rich Balsamic Vinegar 6x20g;£1.80/unit;£1.50/100g;Crisps, nuts & snacking fruit;crisps;429;1.0;83;11;10;1.0;1.3;2.0;
velvet-crunch-gourmet-bites-salt---rich-balsamic-vinegar-6x20g;Velvet Crunch Gourmet Bites Salt & Rich Balsamic Vinegar 6x20g;£1.80/unit;£1.50/100g;Crisps, nuts & snacking fruit;healthier-snacks-12459-44;429;1.0;83;11;10;1.0;1.3;2.0;
velvet-crunch-thai-sweet-chilli-6x20g;Velvet Crunch Thai Sweet Chilli 6x20g;£1.80/unit;£1.50/100g;Crisps, nuts & snacking fruit;crisps;433;1.8;81;14;11;1.3;1.5;1.5;
velvet-crunch-thai-sweet-chilli-6x20g;Velvet Crunch Thai Sweet Chilli 6x20g;£1.80/unit;£1.50/100g;Crisps, nuts & snacking fruit;healthier-snacks-12459-44;433;1.8;81;14;11;1.3;1.5;1.5;
venison-quick-fry-steaks-200g;Holme Farmed Venison Quick Fry Steaks 200g;£5.00/unit;£25.00/kg;Duck & game;duck-game;106;22.7;1.1;0.3;1.2;0.6;null;0.2;
very-lazy-garlic-125g;Very Lazy Garlic 125g;£1.50/unit;£1.20/100g;Cooking ingredients & oils;herbs-spices-seasoning;98;6.1;16.7;2.0;0.8;0.3;null;0;
very-lazy-ginger-115g;Very Lazy Ginger 115g;£1.50/unit;£1.30/100g;Cooking ingredients & oils;herbs-spices-seasoning;52;0.7;10.9;0.3;0.8;0.3;null;0;
very-lazy-red-chillies-115g;Very Lazy Red Chillies 115g;£1.50/unit;£1.30/100g;Cooking ingredients & oils;chilli-curry-powder;52;4.3;2.5;1.9;2.7;0.7;null;0;
very-lazy-red-chillies-115g;Very Lazy Red Chillies 115g;£1.50/unit;£1.30/100g;Cooking ingredients & oils;herbs-spices-seasoning;52;4.3;2.5;1.9;2.7;0.7;null;0;
viennetta-ice-cream--mint-650ml-%28serves-6%29;Viennetta Ice Cream Dessert, Mint 650ml;£1.00/unit;£0.15/100ml;Ice cream & desserts;ice-cream-desserts;null;null;null;null;null;null;null;null;
viennetta-ice-cream--strawberry-650ml-%28serves-6%29;Viennetta Ice Cream Dessert, Strawberry 650ml;£1.00/unit;£0.15/100ml;Ice cream & desserts;ice-cream-desserts;null;null;null;null;null;null;null;null;
viennetta-ice-cream--vanilla-650ml-%28serves-6%29;Viennetta Ice Cream Dessert, Vanilla 650ml;£1.00/unit;£0.15/100ml;Ice cream & desserts;ice-cream-desserts;null;null;null;null;null;null;null;null;
vimto-lollie-6x45ml;Vimto Lollie 6x45ml;£1.00/unit;£0.37/100ml;Ice cream & desserts;lollies-bars-cones;87;0.5;20.9;18.8;0.5;0.5;0.2;0.07;
virgin-ft-coconut-oil--organic-300ml;Lucy Bee Fair Trade Extra Virgin Organic Coconut Oil 300ml;£6.00/unit;£2.00/100ml;Cooking ingredients & oils;oils;899;0.0;0.0;0.0;100.0;93.9;0.0;0.0;
virginia-harvest-cold-milled-flaxseed-175g;Virginia Harvest Cold-Milled Flaxseed 175g;£2.50/unit;£1.43/100g;Sugar & home baking;nuts---seeds;509;20.0;1.0;0;41.0;3.6;28.0;0;
vita-coco-cafe-latte-330ml;Vita Coco Cafe Latte 330ml;£1.90/unit;£0.58/100ml;Fresh milk & eggs;flavoured-milk-92153-44;null;null;null;null;null;null;null;null;
vita-coco-coconut-water-4x330ml;Vita Coco Coconut Water 4x330ml;£4.80/unit;£0.36/100ml;Chilled fruit juice & smoothies;coconut-water;18;0;5;5;0;0;0;null;
vita-coco-kidscoco-water-mango---pineapple-4x180ml;Vita Coco Kids Coconut Water Mango & Pineapple 4x180ml;£3.00/unit;£0.42/100ml;Chilled fruit juice & smoothies;chilled-fruit-juice;22;0;5.6;5;0;0;null;0.01;
vita-coco-kidscoco-water-mango---pineapple-4x180ml;Vita Coco Kids Coconut Water Mango & Pineapple 4x180ml;£3.00/unit;£0.42/100ml;Chilled fruit juice & smoothies;coconut-water;22;0;5.6;5;0;0;null;0.01;
vita-coco-kidscoco-water-mango---pineapple-4x180ml;Vita Coco Kids Coconut Water Mango & Pineapple 4x180ml;£3.00/unit;£0.42/100ml;Chilled fruit juice & smoothies;kids-juice;22;0;5.6;5;0;0;null;0.01;
vita-coco-with-pineapple-1l;Vita Coco with Pineapple 1L;£3.50/unit;£0.35/100ml;Chilled fruit juice & smoothies;chilled-fruit-juice;25;0;6;6;0;0;0;null;
vita-coco-with-pineapple-1l;Vita Coco with Pineapple 1L;£3.50/unit;£0.35/100ml;Chilled fruit juice & smoothies;coconut-water;25;0;6;6;0;0;0;null;
vitalite-500g;Vitalite Dairy Free Spread 500g;£1.20/unit;£2.40/kg;Butter, spreads & baking;buttery-taste-and-sunflower-spreads;503;0;0;0;56;12.6;null;1.5;
vitalite-500g;Vitalite Dairy Free Spread 500g;£1.20/unit;£2.40/kg;Butter, spreads & baking;dietary--free-from-and-organic;503;0;0;0;56;12.6;null;1.5;
vogel-soya---linseed-bread-800g;Vogel Soya & Linseed Bread 800g;£1.50/unit;£0.19/100g;Bread;seeded-grains-bread;227;11.7;34.1;3.6;4.9;0.5;6.8;null;
vogel-sunflower---barley-bread-800g;Vogel Sunflower & Barley Bread 800g;£1.50/unit;£0.19/100g;Bread;seeded-grains-bread;239;9.4;40.3;2.9;4.5;0.6;6.7;null;
vogel-wholemeal---oat-bread-800g;Vogel Wholemeal & Oat Bread 800g;£1.50/unit;£0.19/100g;Bread;wholemeal-brown-bread;205;8.7;34.3;3.3;1.5;0.3;9.7;null;
wagon-wheels-original-x6;Wagon Wheels Original x6;£1.00/unit;£0.46/100g;Biscuits & crackers;biscuits-crackers-kids-lunchbox;441;5.1;68.7;38.6;14.5;8.2;2.1;0.26;
wagon-wheels-original-x6;Wagon Wheels Original x6;£1.00/unit;£0.46/100g;Biscuits & crackers;chocolate-biscuits;441;5.1;68.7;38.6;14.5;8.2;2.1;0.26;
wagon-wheels-wheelies-10pk-182g;Wagon Wheels Wheelies 10pk 182g;£1.00/unit;£0.55/100g;Biscuits & crackers;chocolate-biscuits;426;4.6;69.5;40.1;13.9;7.7;1.8;0.17;
wagon-wheels-wheelies-jammie-190g;Wagon Wheels Wheelies Jammie 10pk 190g;£1.00/unit;£0.53/100g;Biscuits & crackers;chocolate-biscuits;434;4.4;68.7;45.2;15.2;8.3;2.2;0.19;
walkers-baked-cheese---onion-6x25g;Walkers Baked Cheese & Onion Crisps 6x25g;£1.70/unit;£1.13/100g;Crisps, nuts & snacking fruit;crisps;411;7.3;74.3;7.0;8.3;0.8;4.9;0.93;
walkers-baked-cheese---onion-6x25g;Walkers Baked Cheese & Onion Crisps 6x25g;£1.70/unit;£1.13/100g;Crisps, nuts & snacking fruit;healthier-snacks-12459-44;411;7.3;74.3;7.0;8.3;0.8;4.9;0.93;
walkers-baked-cheese---onion-crisps-150g;Walkers Baked Cheese & Onion Crisps 150g;£2.00/unit;£1.33/100g;Crisps, nuts & snacking fruit;crisps;411;7.3;74.3;7.0;8.3;0.8;4.9;0.93;
walkers-baked-cheese---onion-crisps-375g;Walkers Baked Cheese & Onion Crisps 37.5g;£0.65/unit;£1.73/100g;Crisps, nuts & snacking fruit;crisps;411;7.3;74.3;7.0;8.3;0.8;4.9;0.93;
walkers-baked-ready-salted-6x25g;Walkers Baked Ready Salted Crisps 6x25g;£1.70/unit;£1.13/100g;Crisps, nuts & snacking fruit;crisps;409;7.0;74.9;5.8;8.0;0.8;4.9;1.16;
walkers-baked-ready-salted-6x25g;Walkers Baked Ready Salted Crisps 6x25g;£1.70/unit;£1.13/100g;Crisps, nuts & snacking fruit;healthier-snacks-12459-44;409;7.0;74.9;5.8;8.0;0.8;4.9;1.16;
walkers-baked-salt---vinegar-6x25g;Walkers Baked Salt & Vinegar Crisps 6x25g;£1.70/unit;£1.13/100g;Crisps, nuts & snacking fruit;crisps;406;6.8;74.4;6.3;8.0;0.8;4.7;0.91;
walkers-baked-salt---vinegar-6x25g;Walkers Baked Salt & Vinegar Crisps 6x25g;£1.70/unit;£1.13/100g;Crisps, nuts & snacking fruit;healthier-snacks-12459-44;406;6.8;74.4;6.3;8.0;0.8;4.7;0.91;
walkers-baked-sour-cream---chive-6x25g;Walkers Baked Sour Cream & Chive Crisps 6x25g;£1.70/unit;£1.13/100g;Crisps, nuts & snacking fruit;crisps;411;7.1;74.1;6.8;8.5;1.2;4.8;1.13;
walkers-baked-sour-cream---chive-6x25g;Walkers Baked Sour Cream & Chive Crisps 6x25g;£1.70/unit;£1.13/100g;Crisps, nuts & snacking fruit;healthier-snacks-12459-44;411;7.1;74.1;6.8;8.5;1.2;4.8;1.13;
walkers-baked-stars-cheese---onion-6x23g;Walkers Cheese & Onion Baked Stars 6x23g;£1.50/unit;£1.09/100g;Crisps, nuts & snacking fruit;crisps;410;7.1;74.5;7.5;8.2;0.9;4.8;1.10;
walkers-baked-stars-cheese---onion-6x23g;Walkers Cheese & Onion Baked Stars 6x23g;£1.50/unit;£1.09/100g;Crisps, nuts & snacking fruit;healthier-snacks-12459-44;410;7.1;74.5;7.5;8.2;0.9;4.8;1.10;
walkers-baked-stars-salt---vinegar-6x23g-7558398-p-44;Walkers Salt & Vinegar Baked Stars 6x23g;£1.50/unit;£1.09/100g;Crisps, nuts & snacking fruit;crisps;409;6.7;75.2;6.8;8.0;0.8;4.7;1.10;
walkers-baked-stars-salt---vinegar-6x23g-7558398-p-44;Walkers Salt & Vinegar Baked Stars 6x23g;£1.50/unit;£1.09/100g;Crisps, nuts & snacking fruit;healthier-snacks-12459-44;409;6.7;75.2;6.8;8.0;0.8;4.7;1.10;
walkers-baked-variety-x6;Walkers Baked Variety Pack Crisps 6x25g;£1.70/unit;£1.13/100g;Crisps, nuts & snacking fruit;crisps;411;7.3;74.3;7.0;8.3;0.8;4.9;0.93;
walkers-baked-variety-x6;Walkers Baked Variety Pack Crisps 6x25g;£1.70/unit;£1.13/100g;Crisps, nuts & snacking fruit;healthier-snacks-12459-44;411;7.3;74.3;7.0;8.3;0.8;4.9;0.93;
walkers-cheese---onion-crisps-12x25g;Walkers Cheese & Onion Crisps 12x25g;£2.75/unit;£0.92/100g;Crisps, nuts & snacking fruit;crisps;520;6.3;52.6;2.6;30.6;2.5;4.3;1.22;
walkers-cheese---onion-crisps-325g;Walkers Cheese & Onion Crisps 32.5g;£0.55/unit;£1.69/100g;Crisps, nuts & snacking fruit;crisps;520;6.3;52.6;2.6;30.6;2.5;4.3;1.22;
walkers-cheese---onion-crisps-6x25g;Walkers Cheese & Onion Crisps 6x25g;£1.00/unit;£0.67/100g;Crisps, nuts & snacking fruit;crisps;518;5.9;52.9;1.2;30.5;2.5;4.3;1.45;
walkers-crinkles-cheddar---onion-5x28g;Walkers Crinkles Cheddar & Onion Crisps 5x28g;£1.50/unit;£1.07/100g;Crisps, nuts & snacking fruit;crisps;536;5.7;51.5;3.9;33.3;2.8;3.5;1.23;
walkers-crinkles-salt---vinegar-5x28g;Walkers Crinkles Salt & Vinegar Crisps 5x28g;£1.50/unit;£1.07/100g;Crisps, nuts & snacking fruit;crisps;532;5.5;51.1;3.3;33.2;2.7;3.5;1.53;
walkers-crinkles-sea-salted-5x28g;Walkers Crinkles Simply Salt Crisps 5x28g;£1.50/unit;£1.07/100g;Crisps, nuts & snacking fruit;crisps;545;5.6;50.6;1.7;34.8;2.8;3.7;1.20;
walkers-deep-ridge-cheese---onion-5x28g;Walkers Deep Ridge Cheese & Onion Crisps 5x28g;£1.00/unit;£0.71/100g;Crisps, nuts & snacking fruit;crisps;518;6.4;51.7;2.1;30.8;2.6;4.4;1.65;
walkers-deep-ridge-salt---vinegar-5x28g;Walkers Deep Ridge Salt & Vinegar Crisps 5x28g;£1.00/unit;£0.71/100g;Crisps, nuts & snacking fruit;crisps;511;6.0;51.7;3.5;30.0;2.5;4.2;1.75;
walkers-deep-ridge-salted-5x28g;Walkers Deep Ridge Salted Crisps 5x28g;£1.00/unit;£0.71/100g;Crisps, nuts & snacking fruit;crisps;528;6.3;51.2;0.4;32.1;2.6;4.5;1.24;
walkers-deep-ridge-steak-5x28g;Walkers Deep Ridge Steak Crisps 5x28g;£1.00/unit;£0.71/100g;Crisps, nuts & snacking fruit;crisps;515;6.4;52.6;4.4;30.1;2.5;4.3;1.55;
walkers-deep-ridged-mature-cheddar---onion-50g;Walkers Deep Ridged Mature Cheddar & Onion Crisps 50g;£0.80/unit;£1.60/100g;Crisps, nuts & snacking fruit;crisps;518;6.4;51.7;2.1;30.8;2.6;4.4;1.65;
walkers-deep-ridged-salt---malt-vinegar-50g;Walkers Deep Ridged Salt & Malt Vinegar Crisps 50g;£0.80/unit;£1.60/100g;Crisps, nuts & snacking fruit;crisps;511;6.0;51.7;3.5;30.0;2.5;4.2;1.75;
walkers-deep-ridged-steak-50g;Walkers Deep Ridged Steak Crisps 50g;£0.80/unit;£1.60/100g;Crisps, nuts & snacking fruit;crisps;515;6.4;52.6;4.4;30.1;2.5;4.3;1.55;
walkers-deli-balsamic-vinegar-chips-165g;Walkers Deli Balsamic Vinegar Chips 150g;£2.25/unit;£1.50/100g;Crisps, nuts & snacking fruit;crisps;467;6.6;60.8;3.7;20.8;1.7;4.8;1.18;
walkers-deli-cheddar-chips-165g;Walkers Deli Cheddar Chips 150g;£2.25/unit;£1.50/100g;Crisps, nuts & snacking fruit;crisps;467;6.6;60.8;3.7;20.8;1.7;4.8;1.18;
walkers-deli-chilli---tomato-tortilla-chips-165g;Walkers Deli Chilli & Tomato Tortilla Chips 165g;£2.25/unit;£1.50/100g;Crisps, nuts & snacking fruit;crisps;529;6.3;62.6;2.1;27.2;2.4;4.3;1.05;
walkers-deli-chilli---tomato-tortilla-chips-165g;Walkers Deli Chilli & Tomato Tortilla Chips 165g;£2.25/unit;£1.50/100g;Crisps, nuts & snacking fruit;tortillas-dips;529;6.3;62.6;2.1;27.2;2.4;4.3;1.05;
walkers-deli-chorizo-chips-165g;Walkers Deli Chorizo Chips 150g;£2.25/unit;£1.50/100g;Crisps, nuts & snacking fruit;crisps;468;7.0;60.2;2.7;21.0;1.7;5.1;1.18;
walkers-deli-garlic---herbs-pita-chips-165g;Walkers Deli Garlic & Herbs Pita Chips 165g;£2.25/unit;£1.36/100g;Crisps, nuts & snacking fruit;crisps;483;11.4;63.8;2.4;19.9;1.9;1.6;1.28;
walkers-deli-ham---cheddar-chutney-chips-165g;Walkers Deli Ham & Cheddar Chutney Chips 150g;£2.25/unit;£1.50/100g;Crisps, nuts & snacking fruit;crisps;468;6.9;60.4;2.9;21;1.8;4.9;1.18;
walkers-deli-market-anglesy-sea-salt-150g;Walkers Deli Market Anglesy Sea Salt 150g;£2.25/unit;£1.50/100g;Crisps, nuts & snacking fruit;crisps;473;6.8;59.8;0.5;21.8;1.8;5.0;1.22;
walkers-deli-red-pepper---tomato-pita-chips-165g;Walkers Deli Red Pepper & Tomato Pita Chips 165g;£2.25/unit;£1.36/100g;Crisps, nuts & snacking fruit;crisps;484;11.6;63.8;2.5;20.0;2.0;1.5;1.33;
walkers-duaf-meaty-variety-6-pkt;Walkers Chicken & Chorizo 6x25g;£1.00/unit;£0.67/100g;Crisps, nuts & snacking fruit;crisps;526;16.2;51;1.4;32;2.6;4.4;1.45;
walkers-french-fries-salt---vinegar-22g;French Fries Salt & Vinegar 21g;£0.55/unit;£2.50/100g;Crisps, nuts & snacking fruit;crisps;438;5.0;66.0;1.2;16.0;1.4;5.0;2.30;
walkers-french-fries-variety-x6-19g;French Fries Variety Pack 6x19g;£1.50/unit;£1.39/100g;Crisps, nuts & snacking fruit;crisps;434;5.0;65.0;1.1;16.0;1.4;5.0;2.50;
walkers-lites-assorted-x-6;Walkers Lights Variety Pack Crisps 6x24g;£1.70/unit;£1.09/100g;Crisps, nuts & snacking fruit;crisps;481;7.4;61.1;2.1;21.9;1.9;4.7;1.14;
walkers-lites-assorted-x-6;Walkers Lights Variety Pack Crisps 6x24g;£1.70/unit;£1.09/100g;Crisps, nuts & snacking fruit;healthier-snacks-12459-44;481;7.4;61.1;2.1;21.9;1.9;4.7;1.14;
walkers-lites-ready-salted-x-6;Walkers Lights Ready Salted Crisps 6x24g;£1.70/unit;£1.09/100g;Crisps, nuts & snacking fruit;crisps;480;7.0;61.0;0.5;22.0;2.0;5.0;1.52;
walkers-lites-ready-salted-x-6;Walkers Lights Ready Salted Crisps 6x24g;£1.70/unit;£1.09/100g;Crisps, nuts & snacking fruit;healthier-snacks-12459-44;480;7.0;61.0;0.5;22.0;2.0;5.0;1.52;
walkers-meaty-crisps-12x25g;Walkers Meaty Crisps 12x25g;£2.75/unit;£0.92/100g;Crisps, nuts & snacking fruit;crisps;520;6.1;53.1;1.9;30.5;2.5;4.2;1.30;
walkers-meaty-crisps-24x25g;Walkers Meaty Crisps 24x25g;£4.00/unit;£0.67/100g;Crisps, nuts & snacking fruit;crisps;520;6.3;52.6;2.6;30.6;2.5;4.3;1.22;
walkers-meaty-crisps-6x25g;Walkers Meaty Crisps 6x25g;£1.00/unit;£0.67/100g;Crisps, nuts & snacking fruit;crisps;520;5.9;53.4;4.4;30.5;2.5;4.1;1.30;
walkers-mighty-lights-c-o-6pk150g;Walkers Mighty Lights Cheese & Onion Crisps 6x25g;£1.50/unit;£1.00/100g;Crisps, nuts & snacking fruit;crisps;454;9.1;59.0;1.5;19.0;1.9;5.0;1.10;
walkers-mighty-lights-c-o-6pk150g;Walkers Mighty Lights Cheese & Onion Crisps 6x25g;£1.50/unit;£1.00/100g;Crisps, nuts & snacking fruit;healthier-snacks-12459-44;454;9.1;59.0;1.5;19.0;1.9;5.0;1.10;
walkers-mighty-lights-chicken-6pk-150g;Walkers Mighty Lights Chicken Crisps 6x25g;£1.50/unit;£1.00/100g;Crisps, nuts & snacking fruit;crisps;455;8.6;60.2;2.2;18.9;1.8;4.7;1.10;
walkers-mighty-lights-chicken-6pk-150g;Walkers Mighty Lights Chicken Crisps 6x25g;£1.50/unit;£1.00/100g;Crisps, nuts & snacking fruit;healthier-snacks-12459-44;455;8.6;60.2;2.2;18.9;1.8;4.7;1.10;
walkers-mighty-lights-salted-6pk-150g;Walkers Mighty Lights Salted Crisps 6x25g;£1.50/unit;£1.00/100g;Crisps, nuts & snacking fruit;crisps;455;8.3;60.6;0.8;18.9;1.8;4.6;1.10;
walkers-mighty-lights-salted-6pk-150g;Walkers Mighty Lights Salted Crisps 6x25g;£1.50/unit;£1.00/100g;Crisps, nuts & snacking fruit;healthier-snacks-12459-44;455;8.3;60.6;0.8;18.9;1.8;4.6;1.10;
walkers-mix-ups-bacon---cheese-snacks-150g;Walkers Mix Ups Bacon & Cheese Snacks 150g;£1.75/unit;£1.17/100g;Crisps, nuts & snacking fruit;crisps;530;6.1;51.2;3.2;32.5;2.8;4.1;1.16;
walkers-mix-ups-cheese---worcester-sauce-snacks-150g;Walkers Mix Ups Cheese & Worcester Sauce Snacks 150g;£1.75/unit;£1.17/100g;Crisps, nuts & snacking fruit;crisps;529;6.2;50.7;2.2;32.5;2.8;4.2;1.15;
walkers-mix-ups-cheese-snacks-120g;Walkers Mix Ups Cheese Snacks 120g;£1.75/unit;£1.46/100g;Crisps, nuts & snacking fruit;crisps;497;6.0;61;4.3;25;2.5;3.4;1.67;
walkers-mix-ups-spicy-snacks-120g;Walkers Mix Ups Spicy Snacks 120g;£1.75/unit;£1.46/100g;Crisps, nuts & snacking fruit;crisps;492;6.4;60;3.5;24;2.1;3.6;1.74;
walkers-mix-ups-sweet---salty-popcorn-110g;Walkers Mix Ups Sweet & Salty Popcorn 110g;£1.75/unit;£1.59/100g;Crisps, nuts & snacking fruit;crisps;553;7.2;63.2;17.4;29.8;3.4;5.1;1.12;
walkers-mix-ups-sweet---spicy-popcorn-110g;Walkers Mix Ups Sweet & Spicy Popcorn 110g;£1.75/unit;£1.59/100g;Crisps, nuts & snacking fruit;crisps;541;7.7;66.0;20.1;27.1;3.3;5.6;0.51;
walkers-monster-munch-pickled-onion-x6-25g;Monster Munch Pickled Onion 6x25g;£1.50/unit;£1.00/100g;Crisps, nuts & snacking fruit;crisps;492;6.0;60.0;3.0;25.0;2.1;1.7;1.55;
walkers-non-such-liquorice-toffees-150g;Walkers Non Such Liquorice Toffees 150g;£1.00/unit;£0.67/100g;Confectionery;sweets;null;2.1;74.5;73.8;15.8;10.1;0.0;null;
walkers-nonsuch-brazil-nut-toffees-150g;Walkers Nonsuch Brazil Nut Toffees 150g;£1.00/unit;£0.67/100g;Confectionery;sweets;500;2.9;67.9;67.9;24.1;13.5;0.3;null;
walkers-nonsuch-creamy-toffee-50g;Walkers Nonsuch Creamy Toffee 50g;£0.40/unit;£0.80/100g;Confectionery;chocolate;null;2.1;72.1;72.1;20.4;12.9;null;null;
walkers-pops-bacon---cheese-23g;Walkers Pops Bacon & Cheese 23g;£0.75/unit;£3.26/100g;Crisps, nuts & snacking fruit;crisps;444;4.5;71.8;5.7;14.0;1.4;3.2;2.00;
walkers-pops-bacon---cheese-23g;Walkers Pops Bacon & Cheese 23g;£0.75/unit;£3.26/100g;Crisps, nuts & snacking fruit;healthier-snacks-12459-44;444;4.5;71.8;5.7;14.0;1.4;3.2;2.00;
walkers-pops-cheese---bacon-6x19g;Walkers Pops Cheese & Bacon 6x19g;£1.80/unit;£1.58/100g;Crisps, nuts & snacking fruit;crisps;444;4.5;71.8;5.7;14.0;1.4;3.2;2.0;
walkers-pops-cheese---bacon-6x19g;Walkers Pops Cheese & Bacon 6x19g;£1.80/unit;£1.58/100g;Crisps, nuts & snacking fruit;healthier-snacks-12459-44;444;4.5;71.8;5.7;14.0;1.4;3.2;2.0;
walkers-pops-original-23g;Walkers Pops Original 23g;£0.75/unit;£3.26/100g;Crisps, nuts & snacking fruit;crisps;445;4.2;72.0;5.4;14.0;1.4;3.2;2.01;
walkers-pops-original-23g;Walkers Pops Original 23g;£0.75/unit;£3.26/100g;Crisps, nuts & snacking fruit;healthier-snacks-12459-44;445;4.2;72.0;5.4;14.0;1.4;3.2;2.01;
walkers-pops-original-6x19g;Walkers Pops Original 6x19g;£1.80/unit;£1.58/100g;Crisps, nuts & snacking fruit;crisps;445;4.2;72.0;5.4;14.0;1.4;3.2;2.01;
walkers-pops-original-6x19g;Walkers Pops Original 6x19g;£1.80/unit;£1.58/100g;Crisps, nuts & snacking fruit;healthier-snacks-12459-44;445;4.2;72.0;5.4;14.0;1.4;3.2;2.01;
walkers-pops-prawn-cocktail-6x19g;Walkers Pops Prawn Cocktail 6x19g;£1.80/unit;£1.58/100g;Crisps, nuts & snacking fruit;crisps;445;4.2;72.4;3.2;13.9;1.3;3.3;2.01;
walkers-pops-prawn-cocktail-6x19g;Walkers Pops Prawn Cocktail 6x19g;£1.80/unit;£1.58/100g;Crisps, nuts & snacking fruit;healthier-snacks-12459-44;445;4.2;72.4;3.2;13.9;1.3;3.3;2.01;
walkers-pops-sour-cream---onion-6x19g;Walkers Pops Sour Cream & Onion 6x19g;£1.80/unit;£1.58/100g;Crisps, nuts & snacking fruit;crisps;445;4.1;72.5;4.7;13.8;1.3;3.3;1.97;
walkers-pops-sour-cream---onion-6x19g;Walkers Pops Sour Cream & Onion 6x19g;£1.80/unit;£1.58/100g;Crisps, nuts & snacking fruit;healthier-snacks-12459-44;445;4.1;72.5;4.7;13.8;1.3;3.3;1.97;
walkers-prawn-cocktail-crisps-325g;Walkers Prawn Cocktail Crisps 32.5g;£0.55/unit;£1.69/100g;Crisps, nuts & snacking fruit;crisps;520;6.1;53.1;1.9;30.5;2.5;4.2;1.30;
walkers-prawn-cocktail-crisps-6x25g;Walkers Prawn Cocktail Crisps 6x25g;£1.00/unit;£0.67/100g;Crisps, nuts & snacking fruit;crisps;520;6.1;53.1;1.9;30.5;2.5;4.2;1.30;
walkers-quavers-cheese-flavour-x6-164g;Quavers Cheese 6x16.4g;£1.50/unit;£1.56/100g;Crisps, nuts & snacking fruit;crisps;534;2.7;62.5;4.1;30.1;2.7;1.1;2.21;
walkers-ready-salted-crisps-12x25g;Walkers Ready Salted Crisps 12x25g;£2.75/unit;£0.92/100g;Crisps, nuts & snacking fruit;crisps;526;6.1;51.5;0.4;31.9;2.6;4.3;1.40;
walkers-ready-salted-crisps-325g;Walkers Ready Salted Crisps 32.5g;£0.55/unit;£1.69/100g;Crisps, nuts & snacking fruit;crisps;526;6.1;51.5;0.4;31.9;2.6;4.3;1.40;
walkers-ready-salted-crisps-6x25g;Walkers Ready Salted Crisps 6x25g;£1.00/unit;£0.67/100g;Crisps, nuts & snacking fruit;crisps;526;6.1;51.5;0.4;31.9;2.6;4.3;1.40;
walkers-roast-chicken-crisps-325g;Walkers Roast Chicken Crisps 32.5g;£0.55/unit;£1.69/100g;Crisps, nuts & snacking fruit;crisps;518;6.3;52.3;1.7;30.5;2.5;4.3;1.27;
walkers-roast-chicken-crisps-6x25g;Walkers Roast Chicken Crisps 6x25g;£1.00/unit;£0.67/100g;Crisps, nuts & snacking fruit;crisps;518;6.3;52.3;1.7;30.5;2.5;4.3;1.27;
walkers-salt---shake-crisps-6x24g;Walkers Salt & Shake Crisps 6x24g;£1.00/unit;£0.69/100g;Crisps, nuts & snacking fruit;crisps;533;6.2;52.2;0.4;32.3;2.6;4.4;0.00;
walkers-salt---vinegar-crisps-325g;Walkers Salt & Vinegar Crisps 32.5g;£0.55/unit;£1.69/100g;Crisps, nuts & snacking fruit;crisps;520;5.9;52.6;1.0;30.8;2.5;4.2;1.65;
walkers-salt---vinegar-crisps-6x25g;Walkers Salt & Vinegar Crisps 6x25g;£1.00/unit;£0.67/100g;Crisps, nuts & snacking fruit;crisps;520;5.9;52.6;1.0;30.8;2.5;4.2;1.65;
walkers-sensations-thai-sweet-chilli-crisps-40g;Sensations Thai Sweet Chilli Crisps 40g;£0.80/unit;£2.00/100g;Crisps, nuts & snacking fruit;crisps;504;5.8;58.9;3.7;26.3;2.2;4.0;1.57;
walkers-smokey-bacon-crisps-6x25g;Walkers Smokey Bacon Crisps 6x25g;£1.00/unit;£0.67/100g;Crisps, nuts & snacking fruit;crisps;520;5.9;53.4;4.4;30.5;2.5;4.1;1.30;
walkers-smoky-bacon-crisps-325g;Walkers Smoky Bacon Crisps 32.5g;£0.55/unit;£1.69/100g;Crisps, nuts & snacking fruit;crisps;520;5.9;53.4;4.4;30.5;2.5;4.1;1.30;
walkers-sunbites-cheese---onion-6x25g;Walkers Sunbites Cheese & Onion Crisps 6x25g;£1.70/unit;£1.13/100g;Crisps, nuts & snacking fruit;crisps;480;7.6;60.8;9.2;21.5;2.2;6.6;0.97;
walkers-sunbites-cheese---onion-6x25g;Walkers Sunbites Cheese & Onion Crisps 6x25g;£1.70/unit;£1.13/100g;Crisps, nuts & snacking fruit;healthier-snacks-12459-44;480;7.6;60.8;9.2;21.5;2.2;6.6;0.97;
walkers-sunbites-crackers---caramelised-red-onion-chutney;Walkers Sunbites Crackers & Caramelised Red Onion Chutney;£1.25/unit;£1.06/100g;Crisps, nuts & snacking fruit;healthier-snacks-12459-44;294;3.6;49.9;22.2;8.4;0.8;2.1;1.04;
walkers-sunbites-crackers---tomato-and-roasted-red-pepper-salsa;Walkers Sunbites Crackers & Tomato and Roasted Red Pepper Salsa;£1.25/unit;£1.06/100g;Crisps, nuts & snacking fruit;healthier-snacks-12459-44;245;4.0;36.2;7.9;8.8;0.7;2.6;1.34;
walkers-sunbites-crispy-crackers-cream-cheese---chive-5x24g;Walkers Sunbites Crispy Crackers Cream Cheese & Chive 5x24g;£1.25/unit;£1.04/100g;Crisps, nuts & snacking fruit;crisps;458;7.0;68;14;17;1.6;3.7;1.50;
walkers-sunbites-crispy-crackers-cream-cheese---chive-5x24g;Walkers Sunbites Crispy Crackers Cream Cheese & Chive 5x24g;£1.25/unit;£1.04/100g;Crisps, nuts & snacking fruit;healthier-snacks-12459-44;458;7.0;68;14;17;1.6;3.7;1.50;
walkers-sunbites-crispy-crackers-lightly-salted-5x24g;Walkers Sunbites Crispy Crackers Lightly Salted 5x24g;£1.25/unit;£1.04/100g;Crisps, nuts & snacking fruit;crisps;459;6.9;68;12;17;1.3;3.5;1.36;
walkers-sunbites-crispy-crackers-lightly-salted-5x24g;Walkers Sunbites Crispy Crackers Lightly Salted 5x24g;£1.25/unit;£1.04/100g;Crisps, nuts & snacking fruit;healthier-snacks-12459-44;459;6.9;68;12;17;1.3;3.5;1.36;
walkers-sunbites-crispy-crackers-roasted-onion---rosemary-5x24g;Walkers Sunbites Crispy Crackers Roasted Onion & Rosemary 5x24g;£1.25/unit;£1.04/100g;Crisps, nuts & snacking fruit;crisps;459;7.2;67;13;17;1.5;3.8;1.45;
walkers-sunbites-crispy-crackers-roasted-onion---rosemary-5x24g;Walkers Sunbites Crispy Crackers Roasted Onion & Rosemary 5x24g;£1.25/unit;£1.04/100g;Crisps, nuts & snacking fruit;healthier-snacks-12459-44;459;7.2;67;13;17;1.5;3.8;1.45;
walkers-sunbites-crispy-crackers-sweet-chilli-5x24g;Walkers Sunbites Crispy Crackers Sweet Chilli 5x24g;£1.25/unit;£1.04/100g;Crisps, nuts & snacking fruit;crisps;456;6.9;68;14;17;1.3;3.4;1.41;
walkers-sunbites-crispy-crackers-sweet-chilli-5x24g;Walkers Sunbites Crispy Crackers Sweet Chilli 5x24g;£1.25/unit;£1.04/100g;Crisps, nuts & snacking fruit;healthier-snacks-12459-44;456;6.9;68;14;17;1.3;3.4;1.41;
walkers-sunbites-lightly-salted-6x25g;Walkers Sunbites Lightly Salted Crisps 6x25g;£1.70/unit;£1.13/100g;Crisps, nuts & snacking fruit;crisps;480;7.5;60.7;7.3;21.6;2.2;6.6;0.94;
walkers-sunbites-lightly-salted-6x25g;Walkers Sunbites Lightly Salted Crisps 6x25g;£1.70/unit;£1.13/100g;Crisps, nuts & snacking fruit;healthier-snacks-12459-44;480;7.5;60.7;7.3;21.6;2.2;6.6;0.94;
walkers-sunbites-onion---rosemary-6x25g;Walkers Sunbites Onion & Rosemary Crisps 6x25g;£1.70/unit;£1.13/100g;Crisps, nuts & snacking fruit;crisps;481;7.6;60.6;9.1;21.7;2.3;6.6;0.97;
walkers-sunbites-onion---rosemary-6x25g;Walkers Sunbites Onion & Rosemary Crisps 6x25g;£1.70/unit;£1.13/100g;Crisps, nuts & snacking fruit;healthier-snacks-12459-44;481;7.6;60.6;9.1;21.7;2.3;6.6;0.97;
walkers-sunbites-pitta-bakes-roasted-onion---rosemary-5x24g;Walkers Sunbites Pitta Bakes Roasted Onion & Rosemary 5x24g;£1.25/unit;£1.04/100g;Crisps, nuts & snacking fruit;crisps;462;12.1;63.3;5.0;17.0;1.7;4.0;1.39;
walkers-sunbites-pitta-bakes-roasted-onion---rosemary-5x24g;Walkers Sunbites Pitta Bakes Roasted Onion & Rosemary 5x24g;£1.25/unit;£1.04/100g;Crisps, nuts & snacking fruit;healthier-snacks-12459-44;462;12.1;63.3;5.0;17.0;1.7;4.0;1.39;
walkers-sunbites-pitta-bakes-roasted-red-pepper---chilli-5x24g;Walkers Sunbites Pitta Bakes Roasted Red Pepper & Chilli 5x24g;£1.25/unit;£1.04/100g;Crisps, nuts & snacking fruit;crisps;461;11.9;63.4;5.2;16.9;1.6;4.0;1.48;
walkers-sunbites-pitta-bakes-roasted-red-pepper---chilli-5x24g;Walkers Sunbites Pitta Bakes Roasted Red Pepper & Chilli 5x24g;£1.25/unit;£1.04/100g;Crisps, nuts & snacking fruit;healthier-snacks-12459-44;461;11.9;63.4;5.2;16.9;1.6;4.0;1.48;
walkers-sunbites-pitta-bakes-vintage-cheddar---caramelised-onion-5x24g;Walkers Sunbites Pitta Bakes Vintage Cheddar & Caramelised Onion 5x24g;£1.25/unit;£1.04/100g;Crisps, nuts & snacking fruit;crisps;461;11.8;63.7;5.1;16.8;1.6;4.0;1.49;
walkers-sunbites-pitta-bakes-vintage-cheddar---caramelised-onion-5x24g;Walkers Sunbites Pitta Bakes Vintage Cheddar & Caramelised Onion 5x24g;£1.25/unit;£1.04/100g;Crisps, nuts & snacking fruit;healthier-snacks-12459-44;461;11.8;63.7;5.1;16.8;1.6;4.0;1.49;
walkers-sunbites-sour-cream---pepper-95g;Walkers Sunbites Sour Cream & Pepper 95g;£2.00/unit;£2.11/100g;Crisps, nuts & snacking fruit;crisps;480;7.6;60.3;8.4;21.7;2.3;6.6;1.30;
walkers-sunbites-sr-crm---blck-pep-6x25g;Walkers Sunbites Sour Cream & Black Pepper Crisps 6x25g;£1.70/unit;£1.13/100g;Crisps, nuts & snacking fruit;crisps;480;7.6;60.3;8.4;21.7;2.3;6.6;1.30;
walkers-sunbites-sr-crm---blck-pep-6x25g;Walkers Sunbites Sour Cream & Black Pepper Crisps 6x25g;£1.70/unit;£1.13/100g;Crisps, nuts & snacking fruit;healthier-snacks-12459-44;480;7.6;60.3;8.4;21.7;2.3;6.6;1.30;
walkers-sunbites-sun-ripe-swt-chili6x25g;Walkers Sunbites Sun Ripened Sweet Chilli Crisps 6x25g;£1.70/unit;£1.13/100g;Crisps, nuts & snacking fruit;crisps;480;7.3;61.1;9.6;21.5;2.2;6.6;0.66;
walkers-sunbites-sun-ripe-swt-chili6x25g;Walkers Sunbites Sun Ripened Sweet Chilli Crisps 6x25g;£1.70/unit;£1.13/100g;Crisps, nuts & snacking fruit;healthier-snacks-12459-44;480;7.3;61.1;9.6;21.5;2.2;6.6;0.66;
walkers-sunbites-sweet-chilli-95g;Walkers Sunbites Sweet Chilli 95g;£2.00/unit;£2.11/100g;Crisps, nuts & snacking fruit;crisps;480;7.3;61.1;9.6;21.5;2.2;6.6;0.66;
walkers-tigernuts-smokey-bacon-130g;Walkers Smoky Bacon Tiger Nuts 130g;£1.50/unit;£1.15/100g;Crisps, nuts & snacking fruit;nuts;539;15.0;42.0;6.5;34.0;5.1;5.6;2.60;
walkers-variety-24x25g;Walkers Variety 24x25g;£4.00/unit;£0.67/100g;Crisps, nuts & snacking fruit;crisps;520;6.3;52.6;2.6;30.6;2.5;4.3;1.22;
walkers-variety-crisps-12x25g;Walkers Variety Crisps 12x25g;£2.75/unit;£0.92/100g;Crisps, nuts & snacking fruit;crisps;526;6.1;51.5;0.4;31.9;2.6;4.3;1.40;
walkers-variety-crisps-6x25g;Walkers Variety Crisps 6x25g;£1.00/unit;£0.67/100g;Crisps, nuts & snacking fruit;crisps;526;6.1;51.5;0.4;31.9;2.6;4.3;1.40;
walkers-worcester-sauce-crisps-x6-25g;Walkers Worcester Sauce Crisps 6x25g;£1.00/unit;£0.67/100g;Crisps, nuts & snacking fruit;crisps;516;6.2;52.0;1.4;30.5;2.5;4.3;1.30;
walls-after-school-mix-pack-368ml;Wall's After School Mix Pack 368ml;£3.00/unit;£0.82/100ml;Ice cream & desserts;lollies-bars-cones;null;null;null;null;null;null;null;null;
walls-cream-of-cornish-1l;Wall's Cream Of Cornish Vanilla Ice Cream 1L;£3.00/unit;£0.30/100ml;Ice cream & desserts;ice-cream-tubs;null;null;null;null;null;null;null;null;
walls-mini-milk-strawberry---chocolate-ice-cream-lollies-12x35ml;Wall's Mini Milk Vanilla, Strawberry & Chocolate Ice Cream Lollies 12x35ml;£2.25/unit;£0.54/100ml;Ice cream & desserts;lollies-bars-cones;95;2.8;15;12;2.3;1.5;null;0.1;
walls-ready-baked-pork-sausages-275g;Wall's Ready Baked Pork Sausages 275g;£2.25/unit;£8.18/kg;Cooked meats & snacking;mfp-snacking-cooked-sausage;249;11;16;1.5;15;5.6;null;1.7;
walls-ready-baked-pork-sausages-275g;Wall's Ready Baked Pork Sausages 275g;£2.25/unit;£8.18/kg;Sausages;sausages;249;11;16;1.5;15;5.6;null;1.7;
walls-sausage-500g;Wall's Sausage 500g;£2.00/unit;£4.00/kg;Meat & poultry;frozen-burgers-sausages;267;13.3;11.7;1.3;18.2;7.6;1.8;1.7;
walls-sausage-500g;Wall's Sausage 500g;£2.00/unit;£4.00/kg;Meat & poultry;frozen-pork;267;13.3;11.7;1.3;18.2;7.6;1.8;1.7;
walls-smoked-bacon-220g;Wall's Smoked Bacon 220g;£2.50/unit;£11.36/kg;Bacon & gammon;bacon;223;25.4;0.2;0.2;13.5;5.6;1.1;6.9;
walls-soft-scoop-vanilla-light-18l;Wall's Soft Scoop Vanilla Light Ice Cream 1.8L;£2.00/unit;£0.11/100ml;Ice cream & desserts;ice-cream-tubs;62;1.3;7.5;7.5;2.7;1.4;null;0.09;
walls-soft-scoop-vanilla-soft-scoop-18l;Wall's Soft Scoop Vanilla Ice Cream 1.8L;£2.00/unit;£0.11/100ml;Ice cream & desserts;ice-cream-tubs;80;1.5;10;9;4;2.5;0.5;0.1;
walls-solero-ice-lollies-exotic-fruits-3x90ml;Wall's Solero Exotic Ice Cream Lolly 3x88ml;£2.50/unit;£0.95/100ml;Ice cream & desserts;lollies-bars-cones;null;null;null;null;null;null;null;null;
walls-thick-pork-sausages-x8-454g;Wall's Thick Pork Sausages x8 454g;£2.25/unit;£4.96/kg;Sausages;sausages;null;null;null;null;null;null;null;null;
walls-twister-ice-cream-lolly-mini-8x50ml;Wall's Twister Ice Cream Lolly Mini 8x50ml;£2.50/unit;£0.63/100ml;Ice cream & desserts;lollies-bars-cones;88;0.5;18;14;1.3;1.2;null;0.03;
walls-unsmoked-bacon-220g;Wall's Unsmoked Bacon 220g;£2.50/unit;£11.36/kg;Bacon & gammon;bacon;214;27.5;0.2;0.2;11.5;4.9;0.3;7.1;
walnut-whip-multipack-x3-34g;Nestle Walnut Whip Multipack x3 34g;£1.50/unit;£1.53/100g;Confectionery;chocolate;null;null;null;null;null;null;null;null;
warburtons-6-pancakes;Warburtons Pancakes x6;£0.75/unit;£0.13/ea;Crumpets, breakfast muffins & pancakes;crumpets-breakfast-muffins-pancakes;254;6.1;42.2;17.2;6.4;0.9;1.8;1.18;
warburtons-batch-bread--seeded--large-800g;Warburtons Seeded Batch Bread, Thick Sliced 800g;£1.50/unit;£0.19/100g;Bread;seeded-grains-bread;300;12.3;39.7;2.6;8.9;1.3;6.0;0.98;
warburtons-blackpool-milk-roll-400g;Warburtons Blackpool Milk Roll 400g;£0.85/unit;£0.21/100g;Bread;small-loaves;254;11.0;45.0;4.0;2.8;1.3;2.4;1.00;
warburtons-blackpool-milk-roll-400g;Warburtons Blackpool Milk Roll 400g;£0.85/unit;£0.21/100g;Bread;white-bread;254;11.0;45.0;4.0;2.8;1.3;2.4;1.00;
warburtons-brown-farmhouse-800g;Warburtons Brown Farmhouse 800g;£1.20/unit;£0.15/100g;Bread;wholemeal-brown-bread;246;9.9;42.8;3.8;2.7;0.5;5.3;1.00;
warburtons-brown-premium-bread--sliced-400g;Warburtons Brown Premium Bread, Sliced 400g;£0.80/unit;£0.20/100g;Bread;small-loaves;258;10.6;43.2;4.8;3.7;0.8;4.3;1.00;
warburtons-brown-premium-bread--sliced-400g;Warburtons Brown Premium Bread, Sliced 400g;£0.80/unit;£0.20/100g;Bread;wholemeal-brown-bread;258;10.6;43.2;4.8;3.7;0.8;4.3;1.00;
warburtons-brown-sandwich-thins-x6;Warburtons Brown Sandwich Thins x6;£1.30/unit;£0.22/ea;Rolls;rolls;239;9.9;46.0;4.8;2.6;0.5;4.8;0.98;
warburtons-brown-sandwich-thins-x6;Warburtons Brown Sandwich Thins x6;£1.30/unit;£0.22/ea;Wraps, bagels & pittas;wraps-bagels-pittas;239;9.9;46.0;4.8;2.6;0.5;4.8;0.98;
warburtons-brown-square-wraps-x6;Warburtons Brown Square Wraps x6;£1.50/unit;£0.25/ea;Wraps, bagels & pittas;wraps-bagels-pittas;287;12.4;47.7;5.0;4.0;0.8;3.6;0.98;
warburtons-burger-buns-x6;Warburtons Burger Buns x6;£1.15/unit;£0.19/ea;Rolls;rolls;245;9.0;37.4;4.2;6.5;1.0;2.0;0.90;
warburtons-crumpets-x6;Warburtons Crumpets x6;£0.90/unit;£0.15/ea;Crumpets, breakfast muffins & pancakes;crumpets-breakfast-muffins-pancakes;178;5.6;36.1;2.0;0.7;0.2;2.3;1.48;
warburtons-crumpets-x9;Warburtons Crumpets x9;£1.00/unit;£0.11/ea;Crumpets, breakfast muffins & pancakes;crumpets-breakfast-muffins-pancakes;178;5.6;36.1;2.0;0.7;0.2;2.3;1.48;
warburtons-crusty-white-bread-400g;Warburtons Crusty White Bread 400g;£0.80/unit;£0.20/100g;Bread;small-loaves;254;10.6;46.5;2.3;2.3;0.6;2.6;1.00;
warburtons-crusty-white-bread-400g;Warburtons Crusty White Bread 400g;£0.80/unit;£0.20/100g;Bread;white-bread;254;10.6;46.5;2.3;2.3;0.6;2.6;1.00;
warburtons-danish-white-bread--sliced-400g;Warburtons Danish White Bread, Sliced 400g;£0.80/unit;£0.20/100g;Bread;small-loaves;243;10.5;45.8;2.3;1.2;0.2;2.6;1.00;
warburtons-danish-white-bread--sliced-400g;Warburtons Danish White Bread, Sliced 400g;£0.80/unit;£0.20/100g;Bread;white-bread;243;10.5;45.8;2.3;1.2;0.2;2.6;1.00;
warburtons-farmhouse-bread--original-soft-800g;Warburtons Original Soft White Loaf, Farmhouse 800g;£1.20/unit;£0.15/100g;Bread;white-bread;241;9.9;43.4;1.7;2.5;1.0;2.7;1.00;
warburtons-freefrom-3-seeded-wraps-248g;Warburtons Newburn Bakehouse Seeded Wraps 4x60g;£2.99/unit;£1.25/100g;Freefrom;bakery-freefrom;302;5.5;48.1;6.3;8.4;0.8;9.5;1.13;
warburtons-freefrom-3-seeded-wraps-248g;Warburtons Newburn Bakehouse Seeded Wraps 4x60g;£2.99/unit;£1.25/100g;Wraps, bagels & pittas;wraps-bagels-pittas;302;5.5;48.1;6.3;8.4;0.8;9.5;1.13;
warburtons-freefrom-seeded-sandwich-thins-x4;Warburtons Gluten & Wheat Free Seeded Sandwich Thins x4;£2.00/unit;£0.83/100g;Freefrom;bakery-freefrom;294;4.7;41.7;4.2;11.2;1.0;4.0;0.75;
warburtons-freefrom-seeded-sandwich-thins-x4;Warburtons Gluten & Wheat Free Seeded Sandwich Thins x4;£2.00/unit;£0.83/100g;Wraps, bagels & pittas;wraps-bagels-pittas;294;4.7;41.7;4.2;11.2;1.0;4.0;0.75;
warburtons-fruit-loaf-with-orange-400g;Warburtons Fruit Loaf With Orange 400g;£1.20/unit;£0.30/100g;Cakes;cakes-scones-fruited-buns;266;6.8;50.8;14.5;3.0;0.6;3.8;0.85;
warburtons-fruit-loaf-with-orange-400g;Warburtons Fruit Loaf With Orange 400g;£1.20/unit;£0.30/100g;Scones, fruited & buns;scones-fruited-buns;266;6.8;50.8;14.5;3.0;0.6;3.8;0.85;
warburtons-gluten-free---brown-seed-rolls-4pk;Warburtons Gluten Free Brown Seed Rolls 4pk;£2.49/unit;£0.96/100g;Freefrom;bakery-freefrom;267;9.0;34.3;1.2;8.9;0.8;6.5;0.8;
warburtons-gluten-free--fruity-thins-orange-230g;Warburtons Gluten Free Fruity Thins Orange 230g;£2.00/unit;£0.87/100g;Freefrom;bakery-freefrom;280;3.7;47.5;13.8;7.5;0.4;3.5;0.75;
warburtons-gluten-free--white-rolls-4pk;Warburtons Gluten Free White Rolls 4pk;£2.49/unit;£0.96/100g;Freefrom;bakery-freefrom;244;7.3;37.9;1.3;5.7;0.4;5.9;0.90;
warburtons-gluten-free--white-wraps-4x60g;Warburtons Gluten Free White Wraps 4x60g;£2.99/unit;£1.25/100g;Freefrom;bakery-freefrom;276;4.5;49.0;4.6;5.7;0.5;7.3;1.13;
warburtons-gluten-free-white-farmhouse-loaf-560g;Warburtons Gluten Free White Farmhouse Loaf 560g;£2.99/unit;£0.53/100g;Freefrom;bakery-freefrom;231;7.7;35.6;1.1;5.0;0.4;6.2;0.80;
warburtons-half---half-rolls-x8;Warburtons Half & Half Rolls x8;£1.15/unit;£0.14/ea;Rolls;rolls;261;10.4;42.7;4.1;4.5;0.8;4.0;0.98;
warburtons-half---half-thins-x6;Warburtons Half & Half Thins x6;£1.30/unit;£0.22/ea;Rolls;rolls;239;10.1;45.0;4.9;2.5;0.5;4.5;0.90;
warburtons-half---half-thins-x6;Warburtons Half & Half Thins x6;£1.30/unit;£0.22/ea;Wraps, bagels & pittas;wraps-bagels-pittas;239;10.1;45.0;4.9;2.5;0.5;4.5;0.90;
warburtons-half---half-toastie-bread-750g;Warburtons Half & Half Toastie Bread 750g;£1.35/unit;£0.18/100g;Bread;half-and-half-bread;240;8.8;44.2;2.4;2.0;0.3;5.0;1.00;
warburtons-honey-wheat-400g;Warburtons Honey Wheat 400g;£1.40/unit;£0.35/100g;Bread;small-loaves;249;9.4;45.2;5.0;2.4;0.5;4.3;1.00;
warburtons-honey-wheat-400g;Warburtons Honey Wheat 400g;£1.40/unit;£0.35/100g;Bread;wholemeal-brown-bread;249;9.4;45.2;5.0;2.4;0.5;4.3;1.00;
warburtons-hot-dog-rolls-x6;Warburtons Hot Dog Rolls x6;£1.15/unit;£0.19/ea;Rolls;rolls;274;10.4;49.4;3.1;4.3;0.9;2.3;0.93;
warburtons-malty-grain-loaf-400g;Warburtons Malty Grain Loaf 400g;£1.40/unit;£0.35/100g;Bread;seeded-grains-bread;276;12.6;43.4;3.7;4.6;0.8;5.4;1.00;
warburtons-malty-grain-loaf-400g;Warburtons Malty Grain Loaf 400g;£1.40/unit;£0.35/100g;Bread;small-loaves;276;12.6;43.4;3.7;4.6;0.8;5.4;1.00;
warburtons-medium-half---half-750g;Warburtons Half & Half Bread, Medium Sliced 750g;£1.35/unit;£0.18/100g;Bread;half-and-half-bread;240;8.8;44.2;2.4;2.0;0.3;5.0;1.0;
warburtons-old-english-white-bread-400g;Warburtons Old English White Bread 400g;£1.40/unit;£0.35/100g;Bread;small-loaves;248;9.8;44.3;2.6;2.9;0.6;2.8;0.98;
warburtons-old-english-white-bread-400g;Warburtons Old English White Bread 400g;£1.40/unit;£0.35/100g;Bread;white-bread;248;9.8;44.3;2.6;2.9;0.6;2.8;0.98;
warburtons-original-softwhite-loaf--farmhouse-400g;Warburtons Original Soft White Loaf, Farmhouse 400g;£0.80/unit;£0.20/100g;Bread;small-loaves;245;10.1;43.7;2.5;2.6;0.8;2.8;1.00;
warburtons-original-softwhite-loaf--farmhouse-400g;Warburtons Original Soft White Loaf, Farmhouse 400g;£0.80/unit;£0.20/100g;Bread;white-bread;245;10.1;43.7;2.5;2.6;0.8;2.8;1.00;
warburtons-raisin-loaf-with-cinnamon;Warburtons Raisin Loaf With Cinnamon 400g;£1.20/unit;£0.30/100g;Cakes;cakes-scones-fruited-buns;273;7.2;51.1;21.6;3.7;0.6;3.2;0.83;
warburtons-raisin-loaf-with-cinnamon;Warburtons Raisin Loaf With Cinnamon 400g;£1.20/unit;£0.30/100g;Scones, fruited & buns;scones-fruited-buns;273;7.2;51.1;21.6;3.7;0.6;3.2;0.83;
warburtons-round-potato-cakes-x6;Warburtons Round Potato Cakes x6;£0.75/unit;£0.13/ea;Crumpets, breakfast muffins & pancakes;crumpets-breakfast-muffins-pancakes;260;4.7;37.5;4.4;10.1;3.2;3.5;1.98;
warburtons-sandwich-thins--brown-x9;Warburtons Sandwich Thins, Brown x9;£1.65/unit;£0.18/ea;Rolls;rolls;239;9.9;46.0;4.8;2.6;0.5;4.8;0.98;
warburtons-sandwich-thins--brown-x9;Warburtons Sandwich Thins, Brown x9;£1.65/unit;£0.18/ea;Wraps, bagels & pittas;wraps-bagels-pittas;239;9.9;46.0;4.8;2.6;0.5;4.8;0.98;
warburtons-sandwich-thins--white-x9;Warburtons Sandwich Thins, White x9;£1.65/unit;£0.18/ea;Rolls;rolls;239;9.0;45.0;4.6;2.5;0.4;3.1;0.98;
warburtons-sandwich-thins--white-x9;Warburtons Sandwich Thins, White x9;£1.65/unit;£0.18/ea;Wraps, bagels & pittas;wraps-bagels-pittas;239;9.0;45.0;4.6;2.5;0.4;3.1;0.98;
warburtons-sandwich-thins-x6;Warburtons Sandwich Thins x6;£1.30/unit;£0.22/ea;Rolls;rolls;239;9.2;47.1;4.6;2.5;0.4;3.8;0.98;
warburtons-sandwich-thins-x6;Warburtons Sandwich Thins x6;£1.30/unit;£0.22/ea;Wraps, bagels & pittas;wraps-bagels-pittas;239;9.2;47.1;4.6;2.5;0.4;3.8;0.98;
warburtons-seeded-farmhouse-loaf-gluten-free-560g;Warburtons Seeded Farmhouse Loaf Gluten Free 560g;£2.99/unit;£0.53/100g;Freefrom;bakery-freefrom;240;8.2;31.3;1.4;7.2;0.6;8.3;0.80;
warburtons-seeded-sandwich-thins-x6;Warburtons Seeded Sandwich Thins x6;£1.30/unit;£0.22/ea;Rolls;rolls;239;9.8;41.5;4.6;4.0;0.7;4.5;0.98;
warburtons-seeded-sandwich-thins-x6;Warburtons Seeded Sandwich Thins x6;£1.30/unit;£0.22/ea;Wraps, bagels & pittas;wraps-bagels-pittas;239;9.8;41.5;4.6;4.0;0.7;4.5;0.98;
warburtons-square-wraps-x6-395g;Warburtons Square Wraps x6 395g;£1.50/unit;£0.25/ea;Wraps, bagels & pittas;wraps-bagels-pittas;245;12.4;45.0;4.5;3.9;0.7;2.1;0.98;
warburtons-teacakes-x4;Warburtons Teacakes x4;£0.80/unit;£0.20/ea;Cakes;cakes-scones-fruited-buns;262;8.7;48.0;14.3;3.0;0.5;3.2;0.75;
warburtons-teacakes-x4;Warburtons Teacakes x4;£0.80/unit;£0.20/ea;Scones, fruited & buns;scones-fruited-buns;262;8.7;48.0;14.3;3.0;0.5;3.2;0.75;
warburtons-toasting-muffins-x4;Warburtons Toasting Muffins x4;£0.85/unit;£0.21/ea;Crumpets, breakfast muffins & pancakes;crumpets-breakfast-muffins-pancakes;228;8.7;42.1;2.9;2.1;0.4;2.7;0.78;
warburtons-weightwatchers-white-danish-400g;Warburtons Weightwatchers White Danish 400g;£0.80/unit;£0.20/100g;Bread;white-bread;243;9.8;46.5;2.7;1.3;0.4;2.9;1.0;
warburtons-weightwatchers-wholemeal-toastie-bread-400g;Warburtons Weightwatchers Wholemeal Toastie Bread 400g;£0.80/unit;£0.20/100g;Bread;small-loaves;227;10.2;38.9;2.6;2.1;0.5;6.3;1.0;
warburtons-weightwatchers-wholemeal-toastie-bread-400g;Warburtons Weightwatchers Wholemeal Toastie Bread 400g;£0.80/unit;£0.20/100g;Bread;wholemeal-brown-bread;227;10.2;38.9;2.6;2.1;0.5;6.3;1.0;
warburtons-white-batch-bread--seeded-400g;Warburtons Seeded Batch Bread, Thick Sliced 400g;£0.85/unit;£0.21/100g;Bread;seeded-grains-bread;287;11.2;38.8;2.6;8.4;1.3;6.0;1.00;
warburtons-white-batch-bread--seeded-400g;Warburtons Seeded Batch Bread, Thick Sliced 400g;£0.85/unit;£0.21/100g;Bread;small-loaves;287;11.2;38.8;2.6;8.4;1.3;6.0;1.00;
warburtons-white-bread--medium-sliced-400g;Warburtons White Bread, Medium Sliced 400g;£0.80/unit;£0.20/100g;Bread;small-loaves;244;10.3;45.1;2.2;1.9;0.7;2.4;1.00;
warburtons-white-bread--medium-sliced-400g;Warburtons White Bread, Medium Sliced 400g;£0.80/unit;£0.20/100g;Bread;white-bread;244;10.3;45.1;2.2;1.9;0.7;2.4;1.00;
warburtons-white-bread--medium-sliced-800g;Warburtons White Bread, Medium Sliced 800g;£1.00/unit;£0.13/100g;Bread;white-bread;239;9.9;43.8;2.2;2.0;0.7;2.6;1.00;
warburtons-white-sandwich-thins-4-pack;Warburtons Newburn Bakehouse Sliced White Sandwich Thins x4;£2.00/unit;£0.86/100g;Freefrom;bakery-freefrom;292;4.3;43.2;6.5;10.3;1.3;4.6;0.75;
warburtons-white-sandwich-thins-4-pack;Warburtons Newburn Bakehouse Sliced White Sandwich Thins x4;£2.00/unit;£0.86/100g;Wraps, bagels & pittas;wraps-bagels-pittas;292;4.3;43.2;6.5;10.3;1.3;4.6;0.75;
warburtons-white-sliced-bread--toastie-800g;Warburtons White Sliced Bread, Toastie 800g;£1.00/unit;£0.13/100g;Bread;white-bread;239;9.9;43.8;2.2;2.0;0.7;2.6;1.00;
warburtons-white-sliced-rolls-x12;Warburtons White Sliced Rolls x12;£1.50/unit;£0.13/ea;Rolls;rolls;263;9.7;44.6;2.3;4.5;1.2;2.4;1.00;
warburtons-white-sliced-thickest-bread-800g;Warburtons White Sliced Thickest Bread 800g;£1.00/unit;£0.13/100g;Bread;white-bread;239;9.9;43.8;2.2;2.0;0.7;2.6;1.00;
warburtons-white-sub-roll-x2;Warburtons White Sub Roll x2;£0.85/unit;£0.43/ea;Rolls;rolls;269;11.0;45.0;2.9;4.4;1.2;2.4;0.95;
warburtons-white-toastie-bread--sliced-400g;Warburtons White Toastie Bread, Sliced 400g;£0.80/unit;£0.20/100g;Bread;small-loaves;244;10.3;45.1;2.2;1.9;0.7;2.4;1.00;
warburtons-white-toastie-bread--sliced-400g;Warburtons White Toastie Bread, Sliced 400g;£0.80/unit;£0.20/100g;Bread;white-bread;244;10.3;45.1;2.2;1.9;0.7;2.4;1.00;
warburtons-wholegrain---oats-loaf-400g;Warburtons Wholegrain & Oats Loaf 400g;£1.40/unit;£0.35/100g;Bread;seeded-grains-bread;245;11.7;38.8;3.8;3.5;0.7;5.9;0.95;
warburtons-wholegrain---oats-loaf-400g;Warburtons Wholegrain & Oats Loaf 400g;£1.40/unit;£0.35/100g;Bread;small-loaves;245;11.7;38.8;3.8;3.5;0.7;5.9;0.95;
warburtons-wholemeal-bread--medium-sliced-400g;Warburtons Wholemeal Bread, Medium Sliced 400g;£0.80/unit;£0.20/100g;Bread;small-loaves;231;10.6;37.8;2.4;2.8;0.5;6.4;0.95;
warburtons-wholemeal-bread--medium-sliced-400g;Warburtons Wholemeal Bread, Medium Sliced 400g;£0.80/unit;£0.20/100g;Bread;wholemeal-brown-bread;231;10.6;37.8;2.4;2.8;0.5;6.4;0.95;
warburtons-wholemeal-bread--sliced-800g;Warburtons Wholemeal Bread, Medium Sliced 800g;£1.45/unit;£0.18/100g;Bread;wholemeal-brown-bread;231;10.6;37.8;2.4;2.8;0.5;6.4;0.95;
wealmoor-fresh-tamarind-500g-7684386-p-44;Wealmoor Fresh Tamarind 500g;£2.25/unit;£4.50/kg;Fresh herbs & ingredients;afro-caribbean-ingredients;null;null;null;null;null;null;null;null;
wealmoor-fresh-tamarind-500g-7684386-p-44;Wealmoor Fresh Tamarind 500g;£2.25/unit;£4.50/kg;Fresh herbs & ingredients;asian-ingredients;null;null;null;null;null;null;null;null;
wealmoor-fresh-tamarind-500g-7684386-p-44;Wealmoor Fresh Tamarind 500g;£2.25/unit;£4.50/kg;Fresh herbs & ingredients;indian-ingredients;null;null;null;null;null;null;null;null;
wealmoor-fresh-tamarind-500g-7684386-p-44;Wealmoor Fresh Tamarind 500g;£2.25/unit;£4.50/kg;Fresh vegetables;chillies-herbs-ingredients;null;null;null;null;null;null;null;null;
wealmoor-fresh-tamarind-500g-7684386-p-44;Wealmoor Fresh Tamarind 500g;£2.25/unit;£4.50/kg;Fresh vegetables;fresh-vegetables-world-exotic;null;null;null;null;null;null;null;null;
weetabix-baked-with-golden-syrup-x24;Weetabix Baked with Golden Syrup x24;£2.70/unit;£0.11/bisc;Breakfast cereals;family-cereals;363;10.3;72.0;14.5;1.9;0.4;8.2;0.23;
weetabix-cereal--banana-x24-528g;Weetabix Cereal, Banana x24 528g;£2.70/unit;£0.11/bisc;Breakfast cereals;family-cereals;null;0;0;0;0;0;0;0;
weetabix-cereal--organic-x24;Weetabix Cereal, Organic x24;£3.00/unit;£0.13/bisc;Breakfast cereals;family-cereals;362;12;69;4.4;2.0;0.6;10;0.65;
weetabix-cereal-x12;Weetabix Cereal x12;£1.50/unit;£0.13/bisc;Breakfast cereals;family-cereals;358;11.5;68.6;4.4;2.0;0.6;10.0;0.65;
weetabix-cereal-x24;Weetabix Cereal x24;£2.40/unit;£0.10/bisc;Breakfast cereals;family-cereals;null;0;0;0;0;0;0;0;
weetabix-cereal-x48;Weetabix Cereal x48;£4.20/unit;£0.09/bisc;Breakfast cereals;family-cereals;null;0;0;0;0;0;0;0;
weetabix-cereal-x72;Weetabix Cereal x72;£5.70/unit;£0.08/bisc;Breakfast cereals;family-cereals;null;0;0;0;0;0;0;0;
weetabix-chocolate-x24-540g;Weetabix Chocolate x24 540g;£2.70/unit;£0.11/bisc;Breakfast cereals;family-cereals;null;0;0;0;0;0;0;0;
weetabix-crunchy-bran-375g;Weetabix Crunchy Bran 375g;£2.30/unit;£0.61/100g;Breakfast cereals;healthier-cereals;null;0;0;0;0;0;0;0;
weetabix-minis-banana-600g;Weetabix Minis Banana 600g;£2.00/unit;£0.34/100g;Breakfast cereals;family-cereals;null;0;0;0;0;0;0;0;
weetabix-minis-banana-600g;Weetabix Minis Banana 600g;£2.00/unit;£0.34/100g;Breakfast cereals;kids-cereals;null;0;0;0;0;0;0;0;
weetabix-minis-chocolate-600g;Weetabix Minis Chocolate 600g;£2.00/unit;£0.34/100g;Breakfast cereals;family-cereals;null;0;0;0;0;0;0;0;
weetabix-minis-chocolate-600g;Weetabix Minis Chocolate 600g;£2.00/unit;£0.34/100g;Breakfast cereals;kids-cereals;null;0;0;0;0;0;0;0;
weetabix-minis-fruit---nut-600g;Weetabix Minis Fruit & Nut 600g;£2.00/unit;£0.34/100g;Breakfast cereals;family-cereals;null;0;0;0;0;0;0;0;
weetabix-minis-fruit---nut-600g;Weetabix Minis Fruit & Nut 600g;£2.00/unit;£0.34/100g;Breakfast cereals;kids-cereals;null;0;0;0;0;0;0;0;
weetabix-oatibix-x24;Weetabix Oatibix x24;£2.70/unit;£0.11/bisc;Breakfast cereals;healthier-cereals;395;13;64;3.2;8.0;1.3;7.3;0.28;
weetabix-oaty-bars--toffee-5x23g;Weetabix Oaty Bars, Toffee 5x23g;£1.70/unit;£1.48/100g;Biscuits & crackers;cereal-bars-breakfast-biscuits;348;6.2;54.9;19.6;6.7;2.9;21.5;0.21;
weetabix-oaty-bars--toffee-5x23g;Weetabix Oaty Bars, Toffee 5x23g;£1.70/unit;£1.48/100g;Breakfast cereals;breakfast-cereal-bars-breakfast-biscuits;348;6.2;54.9;19.6;6.7;2.9;21.5;0.21;
weetabix-oaty-milk-chocolate-cereal-bar-5x23g;Weetabix Oaty Milk Chocolate Cereal Bar 5x23g;£1.70/unit;£1.48/100g;Biscuits & crackers;cereal-bars-breakfast-biscuits;343;6.0;53;15;6.5;2.1;24;0.13;
weetabix-oaty-milk-chocolate-cereal-bar-5x23g;Weetabix Oaty Milk Chocolate Cereal Bar 5x23g;£1.70/unit;£1.48/100g;Breakfast cereals;breakfast-cereal-bars-breakfast-biscuits;343;6.0;53;15;6.5;2.1;24;0.13;
weetabix-on-the-go-banana-drink-250ml;Weetabix On The Go Banana Drink 250ml;£1.40/unit;£0.56/100g;Breakfast cereals;on-the-go;89;3.8;10;8.9;3.2;1.8;2.3;0.18;
weetabix-on-the-go-chocolate-drink-250ml;Weetabix On The Go Chocolate Drink 250ml;£1.40/unit;£0.56/100ml;Breakfast cereals;on-the-go;85;3.8;10;9.0;2.8;1.7;2.3;0.17;
weetabix-on-the-go-strawberry-drink-250ml;Weetabix On The Go Strawberry Drink 250ml;£1.40/unit;£0.56/100ml;Breakfast cereals;on-the-go;89;3.8;10;9.0;3.2;1.9;2.3;0.18;
weetabix-on-the-go-vanilla-drink-250ml;Weetabix On The Go Vanilla Drink 250ml;£1.40/unit;£0.56/100ml;Breakfast cereals;on-the-go;90;3.8;10;9.0;3.3;2.0;2.3;0.18;
weetabix-weetos-chocolatey-500g;Weetabix Weetos Chocolatey 500g;£2.00/unit;£0.40/100g;Breakfast cereals;kids-cereals;null;0;0;0;0;0;0;0;
weight-watchers-baked-beans-in-tomato-sauce-200g;Weight Watchers Baked Beans In Tomato Sauce 200g;£0.55/unit;£2.75/kg;Canned, tinned & packaged foods;baked-beans-canned-pasta;73;4.7;11.3;3.5;0.2;0;3.7;0.6;
weight-watchers-baked-beans-in-tomato-sauce-415g;Weight Watchers Baked Beans In Tomato Sauce 415g;£0.70/unit;£1.69/kg;Canned, tinned & packaged foods;baked-beans-canned-pasta;71;4.5;11.1;3.5;0.2;0;3.6;0.6;
weight-watchers-beef-hotpot-320g;Weight Watchers Beef Hotpot 320g;£1.75/unit;£5.47/kg;Ready meals & pies;frozen-healthier-meals;82;3.9;10.3;1.7;2.5;0.6;1.3;0.6;
weight-watchers-beef-hotpot-320g;Weight Watchers Beef Hotpot 320g;£1.75/unit;£5.47/kg;Ready meals & pies;frozen-ready-meals;82;3.9;10.3;1.7;2.5;0.6;1.3;0.6;
weight-watchers-beef-lasagne-300g;Weight Watchers Beef Lasagne 300g;£1.75/unit;£5.83/kg;Ready meals & pies;frozen-healthier-meals;86;6.1;9.3;1.2;2.6;1.2;0.4;0.6;
weight-watchers-beef-lasagne-300g;Weight Watchers Beef Lasagne 300g;£1.75/unit;£5.83/kg;Ready meals & pies;frozen-ready-meals;86;6.1;9.3;1.2;2.6;1.2;0.4;0.6;
weight-watchers-bolognese-al-forno-380g;Weight Watchers Bolognese Al Forno 380g;£2.70/unit;£7.11/kg;Ready meals;healthier-choice-ready-meals;93;6.0;11.9;2.5;2.2;1.1;0.8;0.4;
weight-watchers-bolognese-al-forno-380g;Weight Watchers Bolognese Al Forno 380g;£2.70/unit;£7.11/kg;Ready meals;italian-ready-meals;93;6.0;11.9;2.5;2.2;1.1;0.8;0.4;
weight-watchers-bolognese-al-forno-380g;Weight Watchers Bolognese Al Forno 380g;£2.70/unit;£7.11/kg;Ready meals;meals-for-1-ready-meals;93;6.0;11.9;2.5;2.2;1.1;0.8;0.4;
weight-watchers-bourbon-cream-biscuits-132g;Weight Watchers Bourbon Cream Biscuits 132g;£1.50/unit;£1.14/100g;Biscuits & crackers;everyday-biscuits-shortbread;460;7.4;60.0;26.3;19.5;6.8;7.3;0.6;
weight-watchers-bourbon-cream-biscuits-132g;Weight Watchers Bourbon Cream Biscuits 132g;£1.50/unit;£1.14/100g;Biscuits & crackers;healthier-biscuits-crackers;460;7.4;60.0;26.3;19.5;6.8;7.3;0.6;
weight-watchers-caramel-crunch-178g-%28serves-2%29;Weight Watchers Caramel Crunch 178g (Serves 2);£1.70/unit;£0.96/100g;Ice cream & desserts;frozen-cold-desserts;199;4.6;37.9;26.4;2.9;1.8;1.7;0.3;
weight-watchers-caramel-mallows-100g;Weight Watchers Caramel Mallows 100g;£1.50/unit;£1.50/100g;Biscuits & crackers;healthier-biscuits-crackers;0;5.5;63.9;39.2;2.1;1.1;17.8;0.3;
weight-watchers-caramel-wafers-92g;Weight Watchers Caramel Wafers 92g;£1.50/unit;£1.63/100g;Biscuits & crackers;healthier-biscuits-crackers;0;5.7;64.7;39.3;20.2;12.5;1.9;0.3;
weight-watchers-carrot-cake-slice-x5;Weight Watchers Carrot Cake Slices x5;£1.30/unit;£0.26/ea;Cakes;slices-pies-tarts;0;3.5;63.2;43.3;5.6;3.5;2.8;0.3;
weight-watchers-chicken---white-wine-320g;Weight Watchers Chicken & White Wine 320g;£2.00/unit;£6.25/kg;Ready meals & pies;frozen-healthier-meals;95;6.0;11.2;1.7;2.7;1.4;1.1;0.6;
weight-watchers-chicken---white-wine-320g;Weight Watchers Chicken & White Wine 320g;£2.00/unit;£6.25/kg;Ready meals & pies;frozen-ready-meals;95;6.0;11.2;1.7;2.7;1.4;1.1;0.6;
weight-watchers-chicken--lemon-risotto-320g;Weight Watchers Chicken & Lemon Risotto 320g;£2.00/unit;£6.25/kg;Ready meals & pies;frozen-healthier-meals;96;6.3;13.8;0.8;1.6;0.6;0.6;0.5;
weight-watchers-chicken--lemon-risotto-320g;Weight Watchers Chicken & Lemon Risotto 320g;£2.00/unit;£6.25/kg;Ready meals & pies;frozen-ready-meals;96;6.3;13.8;0.8;1.6;0.6;0.6;0.5;
weight-watchers-chicken-curry-320g;Weight Watchers Chicken Curry 320g;£1.75/unit;£5.47/kg;Ready meals & pies;frozen-healthier-meals;94;5.1;15.6;0.6;1.1;0.2;0.4;0.5;
weight-watchers-chicken-curry-320g;Weight Watchers Chicken Curry 320g;£1.75/unit;£5.47/kg;Ready meals & pies;frozen-ready-meals;94;5.1;15.6;0.6;1.1;0.2;0.4;0.5;
weight-watchers-chicken-hotpot-320g;Weight Watchers Chicken Hotpot 320g;£1.75/unit;£5.47/kg;Ready meals & pies;frozen-healthier-meals;83;5.4;10.5;2.6;1.9;0.5;1.0;0.6;
weight-watchers-chicken-hotpot-320g;Weight Watchers Chicken Hotpot 320g;£1.75/unit;£5.47/kg;Ready meals & pies;frozen-ready-meals;83;5.4;10.5;2.6;1.9;0.5;1.0;0.6;
weight-watchers-chicken-ratatouille---bulger-wheat--limited-edition-380g;Weight Watchers Ltd Edition Jambalaya 380g;£2.70/unit;£7.11/kg;Ready meals;healthier-choice-ready-meals;84;6.3;11.0;1.8;1.3;0.4;1.5;0.5;
weight-watchers-chicken-ratatouille---bulger-wheat--limited-edition-380g;Weight Watchers Ltd Edition Jambalaya 380g;£2.70/unit;£7.11/kg;Ready meals;meals-for-1-ready-meals;84;6.3;11.0;1.8;1.3;0.4;1.5;0.5;
weight-watchers-chicken-ratatouille---bulger-wheat--limited-edition-380g;Weight Watchers Ltd Edition Jambalaya 380g;£2.70/unit;£7.11/kg;Soup & lunchtime snacks;lunchtime-snacks;84;6.3;11.0;1.8;1.3;0.4;1.5;0.5;
weight-watchers-chicken-tikka-380g;Weight Watchers Chicken Tikka 380g;£2.70/unit;£7.11/kg;Ready meals;healthier-choice-ready-meals;90;6.6;11.8;1.4;1.7;0.3;1.1;0.4;
weight-watchers-chicken-tikka-380g;Weight Watchers Chicken Tikka 380g;£2.70/unit;£7.11/kg;Ready meals;indian-ready-meals;90;6.6;11.8;1.4;1.7;0.3;1.1;0.4;
weight-watchers-chicken-tikka-380g;Weight Watchers Chicken Tikka 380g;£2.70/unit;£7.11/kg;Ready meals;meals-for-1-ready-meals;90;6.6;11.8;1.4;1.7;0.3;1.1;0.4;
weight-watchers-chicken-tikka-masala-320g;Weight Watchers Chicken Tikka Masala 320g;£2.00/unit;£6.25/kg;Ready meals & pies;frozen-healthier-meals;111;5.9;16.6;3.3;2.2;0.9;0.6;0.3;
weight-watchers-chicken-tikka-masala-320g;Weight Watchers Chicken Tikka Masala 320g;£2.00/unit;£6.25/kg;Ready meals & pies;frozen-ready-meals;111;5.9;16.6;3.3;2.2;0.9;0.6;0.3;
weight-watchers-chocolate-biscuits-90g;Weight Watchers Chocolate Biscuits 90g;£1.50/unit;£1.67/100g;Biscuits & crackers;healthier-biscuits-crackers;483;7.9;62.2;27.8;21.5;12.5;45;0.4;
weight-watchers-chocolate-mini-rolls-x5;Weight Watchers Chocolate Mini Rolls x5;£1.30/unit;£0.26/ea;Cakes;cake-bars-mini-rolls;0;4.6;65.5;50.0;13.9;8.0;2.3;0.44;
weight-watchers-chocolate-toffee-mini-pot-swirls-400ml;Weight Watchers Mini Pot Swirls Chocolate Honeycomb & Toffee Fudge 4x100ml;£2.50/unit;£0.63/100ml;Ice cream & desserts;ice-cream-desserts;0;3.1;28.1;26.0;2.7;1.1;8.4;0.1;
weight-watchers-chocolate-toffee-mini-pot-swirls-400ml;Weight Watchers Mini Pot Swirls Chocolate Honeycomb & Toffee Fudge 4x100ml;£2.50/unit;£0.63/100ml;Ice cream & desserts;ice-cream-tubs;0;3.1;28.1;26.0;2.7;1.1;8.4;0.1;
weight-watchers-cottage-pie-400g;Weight Watchers Cottage Pie 400g;£2.70/unit;£6.75/kg;Ready meals;british-ready-meals;89;5.5;10.4;0.3;2.4;1.2;2.0;0.4;
weight-watchers-cottage-pie-400g;Weight Watchers Cottage Pie 400g;£2.70/unit;£6.75/kg;Ready meals;healthier-choice-ready-meals;89;5.5;10.4;0.3;2.4;1.2;2.0;0.4;
weight-watchers-cottage-pie-400g;Weight Watchers Cottage Pie 400g;£2.70/unit;£6.75/kg;Ready meals;meals-for-1-ready-meals;89;5.5;10.4;0.3;2.4;1.2;2.0;0.4;
weight-watchers-crustless-cheese---onion-quiche-160g;Weight Watchers Crustless Cheese & Onion Quiche 160g;£1.50/unit;£9.38/kg;Pies, pasties & quiche;quiche;699;11.3;11.1;1.7;7.7;4.0;4.3;0.7;
weight-watchers-crustless-cheese---onion-quiche-160g;Weight Watchers Crustless Cheese & Onion Quiche 160g;£1.50/unit;£9.38/kg;Ready meals;british-ready-meals;699;11.3;11.1;1.7;7.7;4.0;4.3;0.7;
weight-watchers-crustless-cheese---onion-quiche-160g;Weight Watchers Crustless Cheese & Onion Quiche 160g;£1.50/unit;£9.38/kg;Ready meals;healthier-choice-ready-meals;699;11.3;11.1;1.7;7.7;4.0;4.3;0.7;
weight-watchers-crustless-cheese---onion-quiche-160g;Weight Watchers Crustless Cheese & Onion Quiche 160g;£1.50/unit;£9.38/kg;Soup & lunchtime snacks;lunchtime-snacks;699;11.3;11.1;1.7;7.7;4.0;4.3;0.7;
weight-watchers-crustless-cheese---onion-quiche-160g;Weight Watchers Crustless Cheese & Onion Quiche 160g;£1.50/unit;£9.38/kg;Vegetarian & meat free;deli-meat-alternatives;699;11.3;11.1;1.7;7.7;4.0;4.3;0.7;
weight-watchers-custard-cream-biscuits-132g;Weight Watchers Custard Cream Biscuits 132g;£1.50/unit;£1.14/100g;Biscuits & crackers;everyday-biscuits-shortbread;472;6.4;63.4;24.3;20.2;7.0;5.3;0.6;
weight-watchers-custard-cream-biscuits-132g;Weight Watchers Custard Cream Biscuits 132g;£1.50/unit;£1.14/100g;Biscuits & crackers;healthier-biscuits-crackers;472;6.4;63.4;24.3;20.2;7.0;5.3;0.6;
weight-watchers-dark-chocolate-digestive-biscuits-132g;Weight Watchers Dark Chocolate Digestive Biscuits 132g;£1.50/unit;£1.14/100g;Biscuits & crackers;chocolate-biscuits;459;7.8;62.7;27.4;17.8;10.3;8.6;0.4;
weight-watchers-dark-chocolate-digestive-biscuits-132g;Weight Watchers Dark Chocolate Digestive Biscuits 132g;£1.50/unit;£1.14/100g;Biscuits & crackers;healthier-biscuits-crackers;459;7.8;62.7;27.4;17.8;10.3;8.6;0.4;
weight-watchers-double-chocolate-brownies-172g-%28serves-2%29;Weight Watchers Double Chocolate Brownies 172g (Serves 2);£1.70/unit;£0.99/100g;Ice cream & desserts;frozen-cold-desserts;194;5.1;33.7;25.5;3.8;2.6;2.4;0.3;
weight-watchers-double-chocolate-chip-cookies-114g;Weight Watchers Double Chocolate Chip Cookies 114g;£0.85/unit;£0.75/100g;Biscuits & crackers;cookies;0;6.8;61.1;23.1;18.4;4.5;9.5;0.5;
weight-watchers-double-chocolate-chip-cookies-114g;Weight Watchers Double Chocolate Chip Cookies 114g;£0.85/unit;£0.75/100g;Biscuits & crackers;healthier-biscuits-crackers;0;6.8;61.1;23.1;18.4;4.5;9.5;0.5;
weight-watchers-fat-free-berry-fruits-fromage-frais-4x100g;Weight Watchers Fat Free Berry Fruits Fromage Frais 4x100g;£1.59/unit;£0.40/100g;Yogurts;diet-low-fat-yogurts;50;5.6;6.0;5.1;0.2;0.1;0.4;0.12;
weight-watchers-fat-free-citrus-fruit-yogurt-4x120g;Weight Watchers Fat Free Citrus Fruit Yogurt 4x120g;£1.59/unit;£0.33/100g;Yogurts;diet-low-fat-yogurts;46;4.1;5.7;5.2;0.1;0.1;0.9;0.26;
weight-watchers-fat-free-confectionary-yogurt-4x120g;Weight Watchers Fat Free Confectionary Yogurt 4x120g;£1.59/unit;£0.33/100g;Yogurts;diet-low-fat-yogurts;45;4.1;6.1;5.2;0.1;0.1;0.1;0.15;
weight-watchers-fat-free-dessert-recipe-yogurts-4x120g;Weight Watchers Fat Free Dessert Recipe Yogurts 4x120g;£1.59/unit;£0.33/100g;Yogurts;diet-low-fat-yogurts;51;4.1;7.2;6.6;0.3;0.2;0.1;0.20;
weight-watchers-fat-free-summer-fruits-fromage-frais-4x100g-2787152-p-44;Weight Watchers Fat Free Summer Fruits Fromage Frais 4x100g;£1.59/unit;£0.40/100g;Yogurts;diet-low-fat-yogurts;49;5.6;6.1;5.4;0.1;0.1;0.2;0.11;
weight-watchers-fat-free-summer-fruits-yogurt-4x120g;Weight Watchers Fat Free Summer Fruits Yogurt 4x120g;£1.59/unit;£0.33/100g;Yogurts;diet-low-fat-yogurts;45;4.1;5.9;5.5;0.1;0.1;0.3;0.15;
weight-watchers-ginger---lemon-cookies-114g;Weight Watchers Ginger & Lemon Cookies 114g;£0.85/unit;£0.75/100g;Biscuits & crackers;cookies;0;5.8;65.7;27.7;16.5;3.3;5.9;0.6;
weight-watchers-ginger---lemon-cookies-114g;Weight Watchers Ginger & Lemon Cookies 114g;£0.85/unit;£0.75/100g;Biscuits & crackers;healthier-biscuits-crackers;0;5.8;65.7;27.7;16.5;3.3;5.9;0.6;
weight-watchers-malted-bread--danish-sliced-400g;Warburtons Weight Watchers Malted Bread, Danish Sliced 400g;£0.80/unit;£0.20/100g;Bread;small-loaves;249;11.8;45.1;2.6;1.5;0.4;4.2;1.0;
weight-watchers-malted-bread--danish-sliced-400g;Warburtons Weight Watchers Malted Bread, Danish Sliced 400g;£0.80/unit;£0.20/100g;Bread;white-bread;249;11.8;45.1;2.6;1.5;0.4;4.2;1.0;
weight-watchers-mature-grated-cheese-200g;Weight Watchers Mature Grated Cheese 200g;£2.00/unit;£10.00/kg;Cheese;cheddar-british-regional-cheese;0;30.5;0.6;0.1;10.0;6.5;0.1;2.0;
weight-watchers-mature-grated-cheese-200g;Weight Watchers Mature Grated Cheese 200g;£2.00/unit;£10.00/kg;Cheese;healthier-choice-special-diet-cheese;0;30.5;0.6;0.1;10.0;6.5;0.1;2.0;
weight-watchers-mature-grated-cheese-200g;Weight Watchers Mature Grated Cheese 200g;£2.00/unit;£10.00/kg;Cheese;sliced-grated-cheese;0;30.5;0.6;0.1;10.0;6.5;0.1;2.0;
weight-watchers-mexican-chilli-wedges-320g;Weight Watchers Mexican Chilli Wedges 320g;£1.75/unit;£5.47/kg;Ready meals & pies;frozen-healthier-meals;81;4.2;10.5;2.5;2.1;0.9;1.6;0.5;
weight-watchers-mexican-chilli-wedges-320g;Weight Watchers Mexican Chilli Wedges 320g;£1.75/unit;£5.47/kg;Ready meals & pies;frozen-ready-meals;81;4.2;10.5;2.5;2.1;0.9;1.6;0.5;
weight-watchers-milk-chocolate-digestive-biscuit-132g;Weight Watchers Milk Chocolate Digestive Biscuit 132g;£1.50/unit;£1.14/100g;Biscuits & crackers;chocolate-biscuits;474;7.9;63.5;30.0;19.5;11.7;6.5;0.5;
weight-watchers-milk-chocolate-digestive-biscuit-132g;Weight Watchers Milk Chocolate Digestive Biscuit 132g;£1.50/unit;£1.14/100g;Biscuits & crackers;healthier-biscuits-crackers;474;7.9;63.5;30.0;19.5;11.7;6.5;0.5;
weight-watchers-mixed-fruit-in-jelly-4-x-120g;Weight Watchers Mixed Fruit in Jelly 4 x 120g;£2.50/unit;£0.52/100g;Fruit & desserts;dessert-pots;19;0.1;4.6;3.2;0.1;0.1;0.5;0.1;
weight-watchers-mixed-fruit-in-jelly-4-x-120g;Weight Watchers Mixed Fruit in Jelly 4 x 120g;£2.50/unit;£0.52/100g;Fruit & desserts;jelly;19;0.1;4.6;3.2;0.1;0.1;0.5;0.1;
weight-watchers-oat---digestive-biscuits-114g;Weight Watchers Oat & Digestive Biscuits 114g;£0.85/unit;£0.75/100g;Biscuits & crackers;everyday-biscuits-shortbread;0;7.3;67.7;22.0;14.2;4.5;7.5;0.7;
weight-watchers-oat---digestive-biscuits-114g;Weight Watchers Oat & Digestive Biscuits 114g;£0.85/unit;£0.75/100g;Biscuits & crackers;healthier-biscuits-crackers;0;7.3;67.7;22.0;14.2;4.5;7.5;0.7;
weight-watchers-oat---wheat-crackers-100g;Weight Watchers Oat & Wheat Crackers 100g;£1.25/unit;£1.25/100g;Biscuits & crackers;crackers-savoury-biscuits;0;8.9;78.2;2.5;1.5;0.3;2.8;1.8;
weight-watchers-oat---wheat-crackers-100g;Weight Watchers Oat & Wheat Crackers 100g;£1.25/unit;£1.25/100g;Biscuits & crackers;healthier-biscuits-crackers;0;8.9;78.2;2.5;1.5;0.3;2.8;1.8;
weight-watchers-ocean-pie-300g;Weight Watchers Ocean Pie 300g;£1.75/unit;£5.83/kg;Ready meals & pies;frozen-healthier-meals;66;4.7;9.4;1.9;0.8;0.5;0.8;0.6;
weight-watchers-ocean-pie-300g;Weight Watchers Ocean Pie 300g;£1.75/unit;£5.83/kg;Ready meals & pies;frozen-ready-meals;66;4.7;9.4;1.9;0.8;0.5;0.8;0.6;
weight-watchers-pear-in-jelly-4x120g;Weight Watchers Pear in Jelly 4x120g;£2.50/unit;£0.52/100g;Fruit & desserts;dessert-pots;17;0.1;3.8;3.4;0.1;0.1;0.7;0.1;
weight-watchers-pear-in-jelly-4x120g;Weight Watchers Pear in Jelly 4x120g;£2.50/unit;£0.52/100g;Fruit & desserts;jelly;17;0.1;3.8;3.4;0.1;0.1;0.7;0.1;
weight-watchers-red-thai-chicken-curry-400g-7676980-p-44;Weight Watchers Red Thai Chicken Curry 400g;£2.70/unit;£6.75/kg;Ready meals;healthier-choice-ready-meals;90;5.7;12.1;1.1;1.9;0.9;1.0;0.4;
weight-watchers-red-thai-chicken-curry-400g-7676980-p-44;Weight Watchers Red Thai Chicken Curry 400g;£2.70/unit;£6.75/kg;Ready meals;meals-for-1-ready-meals;90;5.7;12.1;1.1;1.9;0.9;1.0;0.4;
weight-watchers-red-thai-chicken-curry-400g-7676980-p-44;Weight Watchers Red Thai Chicken Curry 400g;£2.70/unit;£6.75/kg;Ready meals;oriental-ready-meals;90;5.7;12.1;1.1;1.9;0.9;1.0;0.4;
weight-watchers-reduced-fat-mature-cheese-slices-8x20g;Weight Watchers Reduced Fat Mature Cheese Slices 8x20g;£2.00/unit;£12.50/kg;Cheese;cheddar-british-regional-cheese;0;31.0;0.1;0.1;10.3;6.7;0.1;1.9;
weight-watchers-reduced-fat-mature-cheese-slices-8x20g;Weight Watchers Reduced Fat Mature Cheese Slices 8x20g;£2.00/unit;£12.50/kg;Cheese;cottage-cheese---healthier-choice;0;31.0;0.1;0.1;10.3;6.7;0.1;1.9;
weight-watchers-reduced-fat-mature-cheese-slices-8x20g;Weight Watchers Reduced Fat Mature Cheese Slices 8x20g;£2.00/unit;£12.50/kg;Cheese;sliced-grated-cheese;0;31.0;0.1;0.1;10.3;6.7;0.1;1.9;
weight-watchers-reduced-fat-thick-cream-200g;Weight Watchers Reduced Fat Thick Cream 200g;£1.00/unit;£0.50/100g;Desserts & cream;fresh-cream-custard;0;2.5;6.7;4.5;11.5;7.6;0.8;0.1;
weight-watchers-salmon---broccoli-melt-320g;Weight Watchers Salmon & Broccoli Melt 320g;£2.00/unit;£6.25/kg;Ready meals & pies;frozen-healthier-meals;88;5.8;11.1;2.3;2.0;1.0;1.1;0.5;
weight-watchers-salmon---broccoli-melt-320g;Weight Watchers Salmon & Broccoli Melt 320g;£2.00/unit;£6.25/kg;Ready meals & pies;frozen-ready-meals;88;5.8;11.1;2.3;2.0;1.0;1.1;0.5;
weight-watchers-salted-caramel-sundaes-360ml;Weight Watchers Salted Caramel Sundaes 360ml;£2.50/unit;£0.69/100ml;Ice cream & desserts;ice-cream-desserts;0;2.7;34.7;20.2;4.6;3.2;0.5;0.4;
weight-watchers-spaghetti-bolognese-320g;Weight Watchers Spaghetti Bolognese 320g;£1.75/unit;£5.47/kg;Ready meals & pies;frozen-healthier-meals;95;5.2;14.3;2.4;1.6;0.7;1.0;0.5;
weight-watchers-spaghetti-bolognese-320g;Weight Watchers Spaghetti Bolognese 320g;£1.75/unit;£5.47/kg;Ready meals & pies;frozen-ready-meals;95;5.2;14.3;2.4;1.6;0.7;1.0;0.5;
weight-watchers-spanish-chicken-400g-7521910-p-44;Weight Watchers Spanish Chicken 400g;£2.70/unit;£6.75/kg;Ready meals;healthier-choice-ready-meals;87;5.1;10.5;1.6;2.4;0.5;1.4;0.5;
weight-watchers-spanish-chicken-400g-7521910-p-44;Weight Watchers Spanish Chicken 400g;£2.70/unit;£6.75/kg;Ready meals;meals-for-1-ready-meals;87;5.1;10.5;1.6;2.4;0.5;1.4;0.5;
weight-watchers-spanish-chicken-400g-7521910-p-44;Weight Watchers Spanish Chicken 400g;£2.70/unit;£6.75/kg;Ready meals;mediterranean-other-cuisine-ready-meals;87;5.1;10.5;1.6;2.4;0.5;1.4;0.5;
weight-watchers-toffee---honeycomb-sundae-360ml-7334756-p-44;Weight Watchers Toffee & Honeycomb Sundae 360ml;£2.50/unit;£0.69/100ml;Ice cream & desserts;ice-cream-desserts;null;null;null;null;null;null;null;null;
weight-watchers-toffee-sponge-puddings-2x100g;Weight Watchers Toffee Sponge Puddings 2x100g;£2.00/unit;£1.00/100g;Desserts & cream;desserts;0;3.5;26.9;22.7;1.4;0.7;19.8;0.5;
weight-watchers-tomato---basil-chicken-320g;Weight Watchers Tomato & Basil Chicken 320g;£2.00/unit;£6.25/kg;Ready meals & pies;frozen-healthier-meals;82;5.1;10.8;3.3;1.7;0.6;1.4;0.4;
weight-watchers-tomato---basil-chicken-320g;Weight Watchers Tomato & Basil Chicken 320g;£2.00/unit;£6.25/kg;Ready meals & pies;frozen-ready-meals;82;5.1;10.8;3.3;1.7;0.6;1.4;0.4;
weight-watchers-triangles-8x175g;Weight Watchers Cheese Spread Triangles x8 140g;£1.35/unit;£9.64/kg;Cheese;cottage-cheese---healthier-choice;0;11.0;5.0;5.0;9.0;6.0;0.1;1.9;
weight-watchers-triangles-8x175g;Weight Watchers Cheese Spread Triangles x8 140g;£1.35/unit;£9.64/kg;Cheese;snacking-lunchbox-cheese;0;11.0;5.0;5.0;9.0;6.0;0.1;1.9;
weight-watchers-triangles-8x175g;Weight Watchers Cheese Spread Triangles x8 140g;£1.35/unit;£9.64/kg;Cheese;soft---spreadable;0;11.0;5.0;5.0;9.0;6.0;0.1;1.9;
weight-watcherssweet---sour-chicken-320g;Weight Watchers Sweet & Sour Chicken 320g;£2.00/unit;£6.25/kg;Ready meals & pies;frozen-healthier-meals;98;5.0;18.2;5.9;0.4;0.1;0.5;0.2;
weight-watcherssweet---sour-chicken-320g;Weight Watchers Sweet & Sour Chicken 320g;£2.00/unit;£6.25/kg;Ready meals & pies;frozen-ready-meals;98;5.0;18.2;5.9;0.4;0.1;0.5;0.2;
weight-wtchers-dessert-style-yogs-4x120g;Weight Watchers Fat Free Dessert Recipe Yogurt 4x120g;£1.59/unit;£0.33/100g;Yogurts;diet-low-fat-yogurts;49;4.1;7.1;6.5;0.1;0.1;0.2;0.15;
weight-wtchers-dessert-style-yogs-4x120g;Weight Watchers Fat Free Dessert Recipe Yogurt 4x120g;£1.59/unit;£0.33/100g;Yogurts;rice-dessert-style-yogurts;49;4.1;7.1;6.5;0.1;0.1;0.2;0.15;
weightwatchers-dairy-spread-250g;Weight Watchers Dairy Spread 250g;£1.40/unit;£5.60/kg;Butter, spreads & baking;buttery-taste-and-sunflower-spreads;0;0.1;4.1;0.1;10.9;6.9;0.5;1.0;
weightwatchers-dairy-spread-250g;Weight Watchers Dairy Spread 250g;£1.40/unit;£5.60/kg;Butter, spreads & baking;dietary--free-from-and-organic;0;0.1;4.1;0.1;10.9;6.9;0.5;1.0;
welchs-purple-grape-juice-750ml;Welch's Purple Grape Juice 750ml;£2.30/unit;£0.31/100ml;Chilled fruit juice & smoothies;chilled-fruit-juice;68;0.1;16.5;16.5;0.0;0.0;0.0;0.0;
werthers-original-50g;Werther's Original Butter Candy 50g;£0.60/unit;£1.20/100g;Confectionery;sweets;null;null;null;null;null;null;null;null;
werthers-original-butter-candy-bag-135g;Werther's Original Butter Candy 135g;£1.30/unit;£0.96/100g;Confectionery;sweets;425;0.3;86.7;71.5;8.6;5.8;null;1.00;
werthers-original-creamy-filling-125g;Werther's Original Creamy Filling 125g;£1.30/unit;£1.04/100g;Confectionery;sweets;null;null;null;null;null;null;null;null;
werthers-original-sugar-free-80g;Werther's Original Sugar Free 80g;£1.30/unit;£1.63/100g;Confectionery;sweets;null;null;null;null;null;null;null;null;
wham-rocket-25g;Wham Rocket 25g;£0.35/unit;£1.40/100g;Confectionery;sweets;390;0.4;94.6;83.0;1.1;0.6;0;2.2;
wheat-crunchies-bacon-x6-150g;Wheat Crunchies Bacon 6x25g;£1.50/unit;£1.00/100g;Crisps, nuts & snacking fruit;crisps;495;9.3;57;3.6;25;2.4;3.3;1.8;
whiptop-whipped-cream-spray-can-200ml;Whiptop Whipped Cream Spray Can 200ml;£2.40/unit;£1.20/100ml;Fruit & desserts;dessert-milk-cream;208;0.5;17.8;13.9;15.0;14.9;null;0.25;
whitby-seafoods-hot---spicy-prawns-215g;Whitby Seafoods Hot & Spicy Prawns 215g;£2.50/unit;£11.63/kg;Fish & seafood;frozen-fish-seafood;255;9.3;28.0;2.1;8.6;0.8;2.2;1.4;
whitby-seafoods-scampi-220g;Whitby Seafoods Scampi 220g;£2.50/unit;£11.36/kg;Fish & seafood;frozen-fish-seafood;203;9.0;23.2;1.1;8.8;0.7;2.0;1.49;
whitworths-banana---strawberry-smoothie-munch-70g;Whitworths Banana & Strawberry Smoothie Munch 70g;£1.00/unit;£1.43/100g;Canned, tinned & packaged foods;canned-tinned-packaged-fruit;430;4.9;57.2;38.7;20.3;10.5;2.4;0.1;
whitworths-banana---strawberry-smoothie-munch-70g;Whitworths Banana & Strawberry Smoothie Munch 70g;£1.00/unit;£1.43/100g;Crisps, nuts & snacking fruit;snacking-fruit-seeds;430;4.9;57.2;38.7;20.3;10.5;2.4;0.1;
whitworths-banana---strawberry-smoothie-munch-70g;Whitworths Banana & Strawberry Smoothie Munch 70g;£1.00/unit;£1.43/100g;Fruit & desserts;dessert-fruit;430;4.9;57.2;38.7;20.3;10.5;2.4;0.1;
whitworths-banana---strawberry-smoothie-munch-70g;Whitworths Banana & Strawberry Smoothie Munch 70g;£1.00/unit;£1.43/100g;Fruit & desserts;snacking-fruit-nuts;430;4.9;57.2;38.7;20.3;10.5;2.4;0.1;
whitworths-banana-chips-18g;Whitworths Banana Chips 18g;£0.50/unit;£2.78/100g;Crisps, nuts & snacking fruit;snacking-fruit-seeds;524;1.9;60.5;14.6;29.7;25.4;3.4;0;
whitworths-banana-chips-18g;Whitworths Banana Chips 18g;£0.50/unit;£2.78/100g;Fruit & desserts;dessert-fruit;524;1.9;60.5;14.6;29.7;25.4;3.4;0;
whitworths-banana-chips-18g;Whitworths Banana Chips 18g;£0.50/unit;£2.78/100g;Fruit & desserts;snacking-fruit-nuts;524;1.9;60.5;14.6;29.7;25.4;3.4;0;
whitworths-berry---white-chocolate-shot-25g;Whitworths Berry & White Chocolate Shot 25g;£0.50/unit;£2.00/100g;Crisps, nuts & snacking fruit;snacking-fruit-seeds;235;2.3;39.3;37.4;7.5;4.6;0.8;0.1;
whitworths-berry---white-chocolate-shot-25g;Whitworths Berry & White Chocolate Shot 25g;£0.50/unit;£2.00/100g;Fruit & desserts;snacking-fruit-nuts;235;2.3;39.3;37.4;7.5;4.6;0.8;0.1;
whitworths-cinnamon---apple-munch-70g;Whitworths Cinnamon & Apple Munch 70g;£1.00/unit;£1.43/100g;Canned, tinned & packaged foods;canned-tinned-packaged-fruit;502;10.1;42.4;34.9;31.5;7.1;4.1;0.1;
whitworths-cinnamon---apple-munch-70g;Whitworths Cinnamon & Apple Munch 70g;£1.00/unit;£1.43/100g;Crisps, nuts & snacking fruit;snacking-fruit-seeds;502;10.1;42.4;34.9;31.5;7.1;4.1;0.1;
whitworths-cinnamon---apple-munch-70g;Whitworths Cinnamon & Apple Munch 70g;£1.00/unit;£1.43/100g;Fruit & desserts;dessert-fruit;502;10.1;42.4;34.9;31.5;7.1;4.1;0.1;
whitworths-cinnamon---apple-munch-70g;Whitworths Cinnamon & Apple Munch 70g;£1.00/unit;£1.43/100g;Fruit & desserts;snacking-fruit-nuts;502;10.1;42.4;34.9;31.5;7.1;4.1;0.1;
whitworths-cranberries-150g-7498056-p-44;Whitworths Cranberries 150g;£2.00/unit;£1.33/100g;Crisps, nuts & snacking fruit;snacking-fruit-seeds;331;0.1;76.7;65.0;1.4;0.1;5.7;0;
whitworths-cranberries-150g-7498056-p-44;Whitworths Cranberries 150g;£2.00/unit;£1.33/100g;Fruit & desserts;dessert-fruit;331;0.1;76.7;65.0;1.4;0.1;5.7;0;
whitworths-cranberries-150g-7498056-p-44;Whitworths Cranberries 150g;£2.00/unit;£1.33/100g;Fruit & desserts;snacking-fruit-nuts;331;0.1;76.7;65.0;1.4;0.1;5.7;0;
whitworths-cranberries-25g;Whitworths Cranberries 25g;£0.50/unit;£2.00/100g;Canned, tinned & packaged foods;canned-tinned-packaged-fruit;331;0.1;76.7;65.0;1.4;0.1;5.7;0;
whitworths-cranberries-25g;Whitworths Cranberries 25g;£0.50/unit;£2.00/100g;Crisps, nuts & snacking fruit;snacking-fruit-seeds;331;0.1;76.7;65.0;1.4;0.1;5.7;0;
whitworths-cranberries-25g;Whitworths Cranberries 25g;£0.50/unit;£2.00/100g;Fruit & desserts;dessert-fruit;331;0.1;76.7;65.0;1.4;0.1;5.7;0;
whitworths-cranberries-25g;Whitworths Cranberries 25g;£0.50/unit;£2.00/100g;Fruit & desserts;snacking-fruit-nuts;331;0.1;76.7;65.0;1.4;0.1;5.7;0;
whitworths-dried-onions-40g;Whitworths Dried Onions 40g;£0.50/unit;£12.50/kg;Canned, tinned & packaged foods;canned-tinned-packaged-vegetables;331;10.2;68.6;48.7;1.7;0;12.1;null;
whitworths-fondant-icing-sugar-500g;Whitworths Fondant Icing Sugar 500g;£1.10/unit;£0.22/100g;Sugar & home baking;icing---marzipan;399;0.0;99.7;99.7;0.0;0.0;null;0.0;
whitworths-fondant-icing-sugar-500g;Whitworths Fondant Icing Sugar 500g;£1.10/unit;£0.22/100g;Sugar & home baking;sugar-sweeteners;399;0.0;99.7;99.7;0.0;0.0;null;0.0;
whitworths-fruity-biscuit-shot-25g;Whitworths Fruity Biscuit Shot 25g;£0.50/unit;£2.00/100g;Crisps, nuts & snacking fruit;snacking-fruit-seeds;251;1.7;39.1;33.6;9.5;5.2;1.8;0.1;
whitworths-fruity-biscuit-shot-25g;Whitworths Fruity Biscuit Shot 25g;£0.50/unit;£2.00/100g;Fruit & desserts;snacking-fruit-nuts;251;1.7;39.1;33.6;9.5;5.2;1.8;0.1;
whitworths-jam-sugar-1kg;Whitworths Jam Sugar 1kg;£2.00/unit;£2.00/kg;Sugar & home baking;sugar-sweeteners;398;0.0;100;100;0.0;0.0;null;0.0;
whitworths-maple---pecan-danish-munch-70g;Whitworths Maple & Pecan Danish Munch 70g;£1.00/unit;£1.43/100g;Canned, tinned & packaged foods;canned-tinned-packaged-fruit;447;8.8;46.8;44.4;24.1;2.1;4.0;0.1;
whitworths-maple---pecan-danish-munch-70g;Whitworths Maple & Pecan Danish Munch 70g;£1.00/unit;£1.43/100g;Crisps, nuts & snacking fruit;snacking-fruit-seeds;447;8.8;46.8;44.4;24.1;2.1;4.0;0.1;
whitworths-maple---pecan-danish-munch-70g;Whitworths Maple & Pecan Danish Munch 70g;£1.00/unit;£1.43/100g;Fruit & desserts;dessert-fruit;447;8.8;46.8;44.4;24.1;2.1;4.0;0.1;
whitworths-maple---pecan-danish-munch-70g;Whitworths Maple & Pecan Danish Munch 70g;£1.00/unit;£1.43/100g;Fruit & desserts;snacking-fruit-nuts;447;8.8;46.8;44.4;24.1;2.1;4.0;0.1;
whitworths-orange---chocolate-seed-shot-25g;Whitworths Orange & Chocolate Seed Shot 25g;£0.50/unit;£2.00/100g;Crisps, nuts & snacking fruit;snacking-fruit-seeds;270;7.0;31.8;31.2;12.8;4.3;1.9;0.1;
whitworths-orange---chocolate-seed-shot-25g;Whitworths Orange & Chocolate Seed Shot 25g;£0.50/unit;£2.00/100g;Fruit & desserts;snacking-fruit-nuts;270;7.0;31.8;31.2;12.8;4.3;1.9;0.1;
whitworths-pineapple-25g;Whitworths Pineapple 25g;£0.50/unit;£2.00/100g;Crisps, nuts & snacking fruit;snacking-fruit-seeds;350;0.4;86.3;85.4;0.2;0.1;0.5;0.5;
whitworths-pineapple-25g;Whitworths Pineapple 25g;£0.50/unit;£2.00/100g;Fruit & desserts;dessert-fruit;350;0.4;86.3;85.4;0.2;0.1;0.5;0.5;
whitworths-pineapple-25g;Whitworths Pineapple 25g;£0.50/unit;£2.00/100g;Fruit & desserts;snacking-fruit-nuts;350;0.4;86.3;85.4;0.2;0.1;0.5;0.5;
whitworths-preserving-sugar-1kg;Whitworths Preserving Sugar 1kg;£2.20/unit;£2.20/kg;Sugar & home baking;sugar-sweeteners;400;0.0;99.9;99.9;0.0;0.0;null;0.0;
whitworths-prunes-200g;Whitworths Prunes 200g;£2.00/unit;£1.00/100g;Canned, tinned & packaged foods;canned-tinned-packaged-fruit;160;2.5;33.8;33.8;0.4;0.1;5.7;0;
whitworths-prunes-200g;Whitworths Prunes 200g;£2.00/unit;£1.00/100g;Crisps, nuts & snacking fruit;snacking-fruit-seeds;160;2.5;33.8;33.8;0.4;0.1;5.7;0;
whitworths-prunes-200g;Whitworths Prunes 200g;£2.00/unit;£1.00/100g;Fruit & desserts;dessert-fruit;160;2.5;33.8;33.8;0.4;0.1;5.7;0;
whitworths-prunes-200g;Whitworths Prunes 200g;£2.00/unit;£1.00/100g;Fruit & desserts;snacking-fruit-nuts;160;2.5;33.8;33.8;0.4;0.1;5.7;0;
whitworths-raisin---chocolate-shot-25g;Whitworths Raisin & Chocolate Shot 25g;£0.50/unit;£2.00/100g;Crisps, nuts & snacking fruit;snacking-fruit-seeds;354;3.3;66.0;62.0;8.0;4.8;2.2;0.1;
whitworths-raisin---chocolate-shot-25g;Whitworths Raisin & Chocolate Shot 25g;£0.50/unit;£2.00/100g;Fruit & desserts;snacking-fruit-nuts;354;3.3;66.0;62.0;8.0;4.8;2.2;0.1;
whitworths-raisins-30g;Whitworths Raisins 30g;£0.50/unit;£1.67/100g;Canned, tinned & packaged foods;canned-tinned-packaged-fruit;293;2.1;69.3;69.3;0.4;0.1;2.0;0.2;
whitworths-raisins-30g;Whitworths Raisins 30g;£0.50/unit;£1.67/100g;Crisps, nuts & snacking fruit;snacking-fruit-seeds;293;2.1;69.3;69.3;0.4;0.1;2.0;0.2;
whitworths-raisins-30g;Whitworths Raisins 30g;£0.50/unit;£1.67/100g;Fruit & desserts;dessert-fruit;293;2.1;69.3;69.3;0.4;0.1;2.0;0.2;
whitworths-raisins-30g;Whitworths Raisins 30g;£0.50/unit;£1.67/100g;Fruit & desserts;snacking-fruit-nuts;293;2.1;69.3;69.3;0.4;0.1;2.0;0.2;
whitworths-raisins-325g;Whitworths Raisins 325g;£2.00/unit;£0.62/100g;Canned, tinned & packaged foods;canned-tinned-packaged-fruit;293;2.1;69.3;69.3;0.4;0.1;2.0;0.1;
whitworths-raisins-325g;Whitworths Raisins 325g;£2.00/unit;£0.62/100g;Crisps, nuts & snacking fruit;snacking-fruit-seeds;293;2.1;69.3;69.3;0.4;0.1;2.0;0.1;
whitworths-raisins-325g;Whitworths Raisins 325g;£2.00/unit;£0.62/100g;Fruit & desserts;dessert-fruit;293;2.1;69.3;69.3;0.4;0.1;2.0;0.1;
whitworths-raisins-325g;Whitworths Raisins 325g;£2.00/unit;£0.62/100g;Fruit & desserts;snacking-fruit-nuts;293;2.1;69.3;69.3;0.4;0.1;2.0;0.1;
whitworths-red-berry-yoghurt-flakes-munch-70g;Whitworths Red Berry Yoghurt Flakes Munch 70g;£1.00/unit;£1.43/100g;Canned, tinned & packaged foods;canned-tinned-packaged-fruit;429;5.1;60.1;49.0;18.0;7.5;3.0;0.1;
whitworths-red-berry-yoghurt-flakes-munch-70g;Whitworths Red Berry Yoghurt Flakes Munch 70g;£1.00/unit;£1.43/100g;Crisps, nuts & snacking fruit;snacking-fruit-seeds;429;5.1;60.1;49.0;18.0;7.5;3.0;0.1;
whitworths-red-berry-yoghurt-flakes-munch-70g;Whitworths Red Berry Yoghurt Flakes Munch 70g;£1.00/unit;£1.43/100g;Fruit & desserts;dessert-fruit;429;5.1;60.1;49.0;18.0;7.5;3.0;0.1;
whitworths-red-berry-yoghurt-flakes-munch-70g;Whitworths Red Berry Yoghurt Flakes Munch 70g;£1.00/unit;£1.43/100g;Fruit & desserts;snacking-fruit-nuts;429;5.1;60.1;49.0;18.0;7.5;3.0;0.1;
whitworths-royal-icing-sugar-500g;Whitworths Royal Icing Sugar 500g;£1.10/unit;£0.22/100g;Sugar & home baking;icing---marzipan;390;2.1;96.1;96.1;0.0;0.0;null;0.0;
whitworths-royal-icing-sugar-500g;Whitworths Royal Icing Sugar 500g;£1.10/unit;£0.22/100g;Sugar & home baking;sugar-sweeteners;390;2.1;96.1;96.1;0.0;0.0;null;0.0;
whitworths-toffee-pecan-shot-25g;Whitworths Toffee Pecan Shot 25g;£0.50/unit;£2.00/100g;Crisps, nuts & snacking fruit;snacking-fruit-seeds;323;3.7;36.4;26.9;17.4;3.0;2.5;0.3;
whitworths-toffee-pecan-shot-25g;Whitworths Toffee Pecan Shot 25g;£0.50/unit;£2.00/100g;Fruit & desserts;snacking-fruit-nuts;323;3.7;36.4;26.9;17.4;3.0;2.5;0.3;
whitworths-white-cubes-sugar-500g;Whitworths White Sugar Cubes 500g;£1.00/unit;£2.00/kg;Sugar & home baking;sugar-sweeteners;400;0.0;99.9;99.9;0.0;0.0;null;0.0;
whole-earth-3-nut-butter-227g;Whole Earth 3 Nut Butter 227g;£2.80/unit;£1.23/100g;Jams, honey & spreads;peanut-butter;598;19.3;11.3;8.6;53.1;8.6;5.4;1.7;
whole-earth-peanut-butter--crunchy-454g;Whole Earth Peanut Butter Crunchy 454g;£3.20/unit;£0.70/100g;Jams, honey & spreads;peanut-butter;643;27.7;7.4;3.8;54.3;7.9;6.7;1.1;
whole-earth-peanut-butter--smooth-454g;Whole Earth Peanut Butter Smooth 454g;£3.20/unit;£0.70/100g;Jams, honey & spreads;peanut-butter;645;26.3;9.2;4.2;54.5;7.2;6.5;1.0;
wholebake-9bar-original-4x40g;9 Bar Original Bars 4x40g;£2.00/unit;£1.25/100g;Biscuits & crackers;cereal-bars-breakfast-biscuits;555;18.3;29.2;26.2;40.6;10.1;null;null;
wholebake-9bar-original-4x40g;9 Bar Original Bars 4x40g;£2.00/unit;£1.25/100g;Breakfast cereals;breakfast-cereal-bars-breakfast-biscuits;555;18.3;29.2;26.2;40.6;10.1;null;null;
wiggles-the-caterpillar-cake-717g;Wiggles The Caterpillar Cake 717g;£5.00/unit;£6.88/kg;Celebration cakes;celebration-cakes;425;5.2;57.3;43.5;19.0;11.9;1.9;0.45;
wild-west-honey-bbq-85g;Wild West Honey BBQ Beef Jerky 85g;£3.00/unit;£3.53/100g;Crisps, nuts & snacking fruit;meat-snacking;null;34.2;29.9;24.8;4.8;1.7;0.5;2.7;
wild-west-original-beef-jerky-85g;Wild West Original Beef Jerky 85g;£3.00/unit;£3.53/100g;Crisps, nuts & snacking fruit;meat-snacking;null;39.0;21.5;18.9;5.0;1.7;1.6;3.8;
willow-vegetable-fat-spread-250g;Willow Vegetable Fat Spread 250g;£1.00/unit;£4.00/kg;Butter, spreads & baking;block-butter;707;0.5;0.7;0.7;78;38.2;0;null;
willow-vegetable-fat-spread-250g;Willow Vegetable Fat Spread 250g;£1.00/unit;£4.00/kg;Butter, spreads & baking;buttery-taste-and-sunflower-spreads;707;0.5;0.7;0.7;78;38.2;0;null;
willow-vegetable-fat-spread-250g;Willow Vegetable Fat Spread 250g;£1.00/unit;£4.00/kg;Butter, spreads & baking;dietary--free-from-and-organic;707;0.5;0.7;0.7;78;38.2;0;null;
winnie-the-pooh-pasta-shapes-in-tomato-sauce-213g;Crosse & Blackwell Winnie The Pooh Pasta Shapes In Tomato Sauce 213g;£0.45/unit;£2.11/kg;Canned, tinned & packaged foods;baked-beans-canned-pasta;50;1.4;9.2;2.5;0.5;0;1.5;0.35;
wonderful-pistachios-roasted---salted-115g;Wonderful Pistachios Roasted & Salted 115g;£2.00/unit;£1.74/100g;Crisps, nuts & snacking fruit;nuts;null;null;null;null;null;null;null;null;
wonderful-pistachios-salt---pepper-115g;Wonderful Pistachios Salt & Pepper 115g;£2.00/unit;£1.74/100g;Crisps, nuts & snacking fruit;nuts;null;null;null;null;null;null;null;null;
wonderful-pistachios-sweet-chilli-115g;Wonderful Pistachios Sweet Chilli 115g;£2.00/unit;£1.74/100g;Crisps, nuts & snacking fruit;nuts;null;null;null;null;null;null;null;null;
woodlands-park-sheeps-milk-yogurt-450g;Woodlands Sheep's Milk Yogurt 450g;£2.00/unit;£0.44/100g;Yogurts;big-pots-pouring-yogurts;92;5.2;4.8;4.8;5.8;3.8;0;null;
woodlands-park-sheeps-milk-yogurt-450g;Woodlands Sheep's Milk Yogurt 450g;£2.00/unit;£0.44/100g;Yogurts;soya-dairy-alternatives-yogurts;92;5.2;4.8;4.8;5.8;3.8;0;null;
wotsits-cheese-12x17g;Wotsits Cheese 12x16.5g;£2.75/unit;£1.39/100g;Crisps, nuts & snacking fruit;crisps;546;5.5;56.1;6.6;33.0;4.0;1.1;1.96;
wotsits-cheese-225g;Wotsits Cheese 22.5g;£0.55/unit;£2.44/100g;Crisps, nuts & snacking fruit;crisps;546;5.5;56.1;6.6;33.0;4.0;1.1;1.96;
wotsits-cheese-x6-19g;Wotsits Cheese 6x19g;£1.50/unit;£1.52/100g;Crisps, nuts & snacking fruit;crisps;546;5.5;56.1;6.6;33.0;4.0;1.1;1.96;
wrights-bread-mix--premium-white-500g;Wright's Bread Mix, Premium White 500g;£0.90/unit;£1.80/kg;Sugar & home baking;flour;235;8.9;49.8;1.3;1.4;0.2;2.1;1.0;
wrights-bread-mix--premium-white-500g;Wright's Bread Mix, Premium White 500g;£0.90/unit;£1.80/kg;Sugar & home baking;pastry-savoury-mixes;235;8.9;49.8;1.3;1.4;0.2;2.1;1.0;
wrights-carrot-cake-mix-500g;Wright's Carrot Cake Mix 500g;£1.70/unit;£3.40/kg;Sugar & home baking;cake-sweet-mixes;null;null;null;25.7;15.8;2.2;null;1.0;
wrights-chocolate-fudge-cake-mix-500g;Wright's Chocolate Fudge Cake Mix 500g;£1.70/unit;£3.40/kg;Sugar & home baking;cake-sweet-mixes;null;null;null;24.4;18.7;3.1;null;1.0;
wrights-ciabatta-bread-mix-500g;Wright's Ciabatta Bread Mix 500g;£0.90/unit;£1.80/kg;Sugar & home baking;flour;251;9.7;49.2;2.6;3.2;0.5;2.2;1.0;
wrights-ciabatta-bread-mix-500g;Wright's Ciabatta Bread Mix 500g;£0.90/unit;£1.80/kg;Sugar & home baking;pastry-savoury-mixes;251;9.7;49.2;2.6;3.2;0.5;2.2;1.0;
wrights-garlic---rosemary-focaccia-bread-mix-500g;Wright's Garlic & Rosemary Focaccia Bread Mix 500g;£0.90/unit;£1.80/kg;Sugar & home baking;flour;343;9.5;49.3;2.1;13.5;2.0;2.1;1.0;
wrights-garlic---rosemary-focaccia-bread-mix-500g;Wright's Garlic & Rosemary Focaccia Bread Mix 500g;£0.90/unit;£1.80/kg;Sugar & home baking;pastry-savoury-mixes;343;9.5;49.3;2.1;13.5;2.0;2.1;1.0;
wrights-ginger-cake-mix-500g;Wright's Ginger Cake Mix 500g;£1.70/unit;£3.40/kg;Sugar & home baking;cake-sweet-mixes;null;null;null;27.4;13.2;1.6;null;1.0;
wrights-madeira-cake-mix-500g;Wright's Madeira Cake Mix 500g;£1.70/unit;£3.40/kg;Sugar & home baking;cake-sweet-mixes;null;null;null;25.5;16.6;2.4;null;1.0;
wrights-mixed-grain-bread-mix-500g;Wright's Mixed Grain Bread Mix 500g;£0.90/unit;£1.80/kg;Sugar & home baking;flour;239;8.8;48.3;3.5;3.0;0.4;3.9;1.0;
wrights-mixed-grain-bread-mix-500g;Wright's Mixed Grain Bread Mix 500g;£0.90/unit;£1.80/kg;Sugar & home baking;pastry-savoury-mixes;239;8.8;48.3;3.5;3.0;0.4;3.9;1.0;
wrights-oat---linseed-bread-mix-500g;Wright's Oat & Linseed Bread Mix 500g;£0.90/unit;£1.80/kg;Sugar & home baking;flour;250;10.9;42.6;1.4;5.3;0.6;5.2;1.0;
wrights-oat---linseed-bread-mix-500g;Wright's Oat & Linseed Bread Mix 500g;£0.90/unit;£1.80/kg;Sugar & home baking;pastry-savoury-mixes;250;10.9;42.6;1.4;5.3;0.6;5.2;1.0;
wrights-parmesan---sun-dried-tomato-bread-mix-500g;Wright's Parmesan & Sun Dried Tomato Bread Mix 500g;£0.90/unit;£1.80/kg;Sugar & home baking;flour;232;9.3;49.5;2.3;1.3;0.4;2.4;1.0;
wrights-parmesan---sun-dried-tomato-bread-mix-500g;Wright's Parmesan & Sun Dried Tomato Bread Mix 500g;£0.90/unit;£1.80/kg;Sugar & home baking;pastry-savoury-mixes;232;9.3;49.5;2.3;1.3;0.4;2.4;1.0;
wrights-toffee-cake-mix-500g;Wright's Toffee Cake Mix 500g;£1.70/unit;£3.40/kg;Sugar & home baking;cake-sweet-mixes;null;null;null;27.5;17.2;3.0;null;1.0;
wrigleys-5-turbulence-7-sticks;Wrigley's 5 Turbulence Watermelon Sugarfree Gum;£0.45/unit;£0.06/ea;Confectionery;mints-chewing-gum;null;null;null;null;null;null;null;null;
wrigleys-airwaves-black-mint-5pk;Airwaves Black Mint Gum;£1.80/unit;£0.36/ea;Confectionery;mints-chewing-gum;null;null;null;null;null;null;null;null;
wrigleys-airwaves-black-mint-gum;Airwaves Black Mint Gum;£0.45/unit;£0.45/ea;Confectionery;mints-chewing-gum;null;null;null;null;null;null;null;null;
wrigleys-airwaves-cherry-menthol;Airwaves Cherry Menthol Gum;£0.45/unit;£0.45/ea;Confectionery;mints-chewing-gum;null;null;null;null;null;null;null;null;
wrigleys-airwaves-chewing-gum-10-x-5;Airwaves Menthol & Eucalyptus Sugarfree Gum 5x14g;£1.80/unit;£0.36/ea;Confectionery;mints-chewing-gum;null;null;null;null;null;null;null;null;
wrigleys-airwaves-chewing-gum-14g;Airwaves Menthol & Eucalyptus Sugarfree Gum 14g;£0.45/unit;£0.45/ea;Confectionery;mints-chewing-gum;null;null;null;null;null;null;null;null;
wrigleys-doublemint-gum-15-stick-pack;Wrigley's Doublemint Gum 18g;£0.45/unit;£0.45/ea;Confectionery;mints-chewing-gum;null;null;null;null;null;null;null;null;
wrigleys-extra-bubblegum-flavour-14-pieces-27g;Wrigley's Extra Bubblegum Flavour 14 Pieces 27g;£0.60/unit;£0.02/g;Confectionery;mints-chewing-gum;null;null;null;null;null;null;null;null;
wrigleys-extra-chewing-gum--cool-breeze--sugar-free;Wrigley's Extra Cool Breeze Sugarfree Gum;£0.45/unit;£0.45/ea;Confectionery;mints-chewing-gum;null;null;null;null;null;null;null;null;
wrigleys-extra-chewing-gum--peppermint--handy-pack-x25;Wrigley's Extra Peppermint Sugarfree Gum;£1.00/unit;£1.00/ea;Confectionery;mints-chewing-gum;150;0;62.4;0;0;0;null;0;
wrigleys-extra-chewing-gum--peppermint--sugar-free-10-x-5;Wrigley's Extra Peppermint Sugarfree Gum x5;£1.80/unit;£0.36/ea;Confectionery;mints-chewing-gum;null;null;null;null;null;null;null;null;
wrigleys-extra-chewing-gum--peppermint-x10;Wrigley's Extra Peppermint Sugarfree Gum;£0.45/unit;£0.45/ea;Confectionery;mints-chewing-gum;150;0;62.4;0;0;0;null;0;
wrigleys-extra-chewing-gum--spearmint--sugar-free-10-x-5;Wrigley's Extra Spearmint Sugarfree Gum x5;£1.80/unit;£0.36/ea;Confectionery;mints-chewing-gum;null;null;null;null;null;null;null;null;
wrigleys-extra-chewing-gum--spearmint-x10-17g;Wrigley's Extra Spearmint Sugarfree Gum 17g;£0.45/unit;£0.45/ea;Confectionery;mints-chewing-gum;null;null;null;null;null;null;null;null;
wrigleys-extra-cool-breeze-gum--5-x-10-pieces-70g;Wrigley's Extra Cool Breeze Sugarfree Gum x5;£1.80/unit;£0.36/ea;Confectionery;mints-chewing-gum;null;null;null;null;null;null;null;null;
wrigleys-extra-ice-chewing-gum--citrus-single-x10;Wrigley's Extra Ice Citrus Sugarfree Gum x10;£0.45/unit;£3.00/100g;Confectionery;mints-chewing-gum;null;null;null;null;null;null;null;null;
wrigleys-extra-ice-chewing-gum--white-bottle-x46;Wrigley's Extra White Sugarfree Gum with Microgranules 64g;£2.00/unit;£0.04/ea;Confectionery;mints-chewing-gum;null;null;null;null;null;null;null;null;
wrigleys-extra-ice-mint-peppermint-tin;Wrigley's Extra Ice Peppermint Sugarfree Mints;£1.00/unit;£1.00/ea;Confectionery;mints-chewing-gum;null;null;null;null;null;null;null;null;
wrigleys-extra-ice-mints-roll;Wrigley's Extra Ice Mints 28g;£0.40/unit;£0.40/ea;Confectionery;mints-chewing-gum;null;null;null;null;null;null;null;null;
wrigleys-extra-ice-mints-spearmint-tin;Wrigley's Extra Ice Spearmint Mints;£1.00/unit;£1.00/ea;Confectionery;mints-chewing-gum;null;null;null;null;null;null;null;null;
wrigleys-extra-ice-peppermint-sugarfree-gum--with-microgranules-x10;Wrigley's Extra Ice Peppermint Sugarfree Gum, with Microgranules x10;£0.45/unit;£0.45/ea;Confectionery;mints-chewing-gum;null;null;null;null;null;null;null;null;
wrigleys-extra-ice-white-sugarfree-gum--with-microgranules-x10;Wrigley's Extra Ice White Sugarfree Gum with Microgranules;£0.45/unit;£0.45/ea;Confectionery;mints-chewing-gum;null;null;null;null;null;null;null;null;
wrigleys-extra-spearmint-handy-box-x25;Wrigley's Extra Spearmint Sugarfree Gum;£1.00/unit;£1.00/ea;Confectionery;mints-chewing-gum;null;null;null;null;null;null;null;null;
wrigleys-extra-strawberry-flavour-14-pieces-27g;Wrigley's Extra Strawberry Flavour 14 Pieces 27g;£0.60/unit;£0.02/g;Confectionery;mints-chewing-gum;null;null;null;null;null;null;null;null;
wrigleys-extra-strawberry-gum-single;Wrigley's Extra Strawberry Sugarfree Gum;£0.45/unit;£0.45/ea;Confectionery;mints-chewing-gum;null;null;null;null;null;null;null;null;
wrigleys-extra-sugar-free-bottle-peppermint-84g;Wrigley's Extra Peppermint Sugarfree Gum 84g;£2.40/unit;£2.40/ea;Confectionery;mints-chewing-gum;null;null;null;null;null;null;null;null;
wrigleys-extra-sugar-free-bottle-spearmint-84g;Wrigley's Extra Spearmint Sugarfree Gum 84g;£2.40/unit;£2.40/ea;Confectionery;mints-chewing-gum;null;null;null;null;null;null;null;null;
wrigleys-extra-white-bubblemint-5pk;Wrigley's Extra White Bubblemint Gum x5;£1.80/unit;£2.57/100g;Confectionery;mints-chewing-gum;null;null;null;null;null;null;null;null;
wrigleys-extra-white-bubblemint-64g;Wrigley's Extra White Bubblemint Gum 64g;£2.00/unit;£0.02/g;Confectionery;mints-chewing-gum;null;null;null;null;null;null;null;null;
wrigleys-extra-white-bubblemint-single;Wrigley's Extra White Bubblemint 14g;£0.45/unit;£3.21/100g;Confectionery;mints-chewing-gum;null;null;null;null;null;null;null;null;
wyke-farms-just-delicious-extra-mature-cheddar-320g;Wyke Farms Just Delicious Extra Mature Cheddar 320g;£3.50/unit;£10.94/kg;Cheese;cheddar-british-regional-cheese;410;25.0;0.1;0.1;34.4;21.7;null;1.8;
wyke-farms-rich---creamy-cheddar-320g;Wyke Farms Rich & Creamy Cheddar 320g;£3.50/unit;£10.94/kg;Cheese;cheddar-british-regional-cheese;410;25.0;0.1;0.1;34.4;21.7;null;1.8;
wyke-farms-simply-gorgeous-vintage-cheddar-320g;Wyke Farms Simply Gorgeous Vintage Cheddar 320g;£3.50/unit;£10.94/kg;Cheese;cheddar-british-regional-cheese;410;25.0;0.1;0.1;34.4;21.7;null;1.8;
wyke-farms-somerset-old-smokey-extra-mature-cheddar-200g;Wyke Farms Somerset Old Smokey Extra Mature Cheddar 200g;£2.75/unit;£13.75/kg;Cheese;cheddar-british-regional-cheese;null;null;null;null;null;null;null;null;
yakult-7x65ml;Yakult Yogurt Drink 7x65ml;£2.75/unit;£0.60/100ml;Yogurts;active-health-yogurts-drinks;null;null;null;null;null;null;null;null;
yakult-light-7x65ml;Yakult Light Yogurt Drink 7x65ml;£2.75/unit;£0.60/100ml;Yogurts;active-health-yogurts-drinks;null;null;null;null;null;null;null;null;
yarden-aubergines-in-mayonnaise;Yarden Aubergines In Mayonnaise;£1.50/unit;£0.60/100g;Coleslaw, olives, salads & dips;fresh-dips-houmous;181;1.0;6.0;3.0;17.0;2.0;null;1.37;
yarden-aubergines-in-mayonnaise;Yarden Aubergines In Mayonnaise;£1.50/unit;£0.60/100g;Vegetarian & meat free;deli-meat-alternatives;181;1.0;6.0;3.0;17.0;2.0;null;1.37;
yarden-aubergines-in-mayonnaise;Yarden Aubergines In Mayonnaise;£1.50/unit;£0.60/100g;World foods, kosher & halal;kosher-chilled-foods;181;1.0;6.0;3.0;17.0;2.0;null;1.37;
yarden-chicken-breast-pieces-%28approx-135kg%29;Yarden Chicken Breast Pieces (approx. 1.35kg);£12.00/unit;£8.89/kg;Meat & poultry;frozen-chicken;null;null;null;null;null;null;null;null;
yarden-chicken-breast-pieces-%28approx-135kg%29;Yarden Chicken Breast Pieces (approx. 1.35kg);£12.00/unit;£8.89/kg;World foods;frozen-world-foods;null;null;null;null;null;null;null;null;
yarden-chicken-nuggets-700g;Yarden Chicken Nuggets 700g;£4.50/unit;£0.65/100g;Meat & poultry;frozen-chicken;null;null;null;null;null;null;null;null;
yarden-chicken-nuggets-700g;Yarden Chicken Nuggets 700g;£4.50/unit;£0.65/100g;World foods;frozen-world-foods;null;null;null;null;null;null;null;null;
yarden-chicken-sausages-400g;Yarden Chicken Sausages 400g;£2.50/unit;£0.62/100g;Chicken;chicken;252;10;8;null;20;6;null;1.5;
yarden-chicken-sausages-400g;Yarden Chicken Sausages 400g;£2.50/unit;£0.62/100g;Sausages;sausages;252;10;8;null;20;6;null;1.5;
yarden-chicken-sausages-400g;Yarden Chicken Sausages 400g;£2.50/unit;£0.62/100g;World foods, kosher & halal;kosher-chilled-foods;252;10;8;null;20;6;null;1.5;
yarden-chicken-schnitzel-700g;Yarden Chicken Schnitzel 700g;£6.00/unit;£8.57/kg;Meat & poultry;frozen-chicken;null;null;null;null;null;null;null;null;
yarden-chicken-schnitzel-700g;Yarden Chicken Schnitzel 700g;£6.00/unit;£8.57/kg;World foods;frozen-world-foods;null;null;null;null;null;null;null;null;
yarden-greek-aubergine-250g;Yarden Greek Aubergine 250g;£1.50/unit;£0.60/100g;Coleslaw, olives, salads & dips;fresh-dips-houmous;192;2.0;9.2;3.9;16.3;1.0;null;1.37;
yarden-greek-aubergine-250g;Yarden Greek Aubergine 250g;£1.50/unit;£0.60/100g;Vegetarian & meat free;deli-meat-alternatives;192;2.0;9.2;3.9;16.3;1.0;null;1.37;
yarden-greek-aubergine-250g;Yarden Greek Aubergine 250g;£1.50/unit;£0.60/100g;World foods, kosher & halal;kosher-chilled-foods;192;2.0;9.2;3.9;16.3;1.0;null;1.37;
yarden-grilled-aubergines-250g;Yarden Grilled Aubergines 250g;£1.50/unit;£0.60/100g;Coleslaw, olives, salads & dips;fresh-dips-houmous;136;1.0;5.0;1.1;12.5;0.8;null;1.3;
yarden-grilled-aubergines-250g;Yarden Grilled Aubergines 250g;£1.50/unit;£0.60/100g;Vegetarian & meat free;deli-meat-alternatives;136;1.0;5.0;1.1;12.5;0.8;null;1.3;
yarden-grilled-aubergines-250g;Yarden Grilled Aubergines 250g;£1.50/unit;£0.60/100g;World foods, kosher & halal;kosher-chilled-foods;136;1.0;5.0;1.1;12.5;0.8;null;1.3;
yarden-guacamole-dip-195g;Yarden Guacamole Dip 195g;£2.50/unit;£1.28/100g;Coleslaw, olives, salads & dips;fresh-dips-houmous;null;null;null;null;null;null;null;null;
yarden-guacamole-dip-195g;Yarden Guacamole Dip 195g;£2.50/unit;£1.28/100g;Vegetarian & meat free;deli-meat-alternatives;null;null;null;null;null;null;null;null;
yarden-guacamole-dip-195g;Yarden Guacamole Dip 195g;£2.50/unit;£1.28/100g;World foods, kosher & halal;kosher-chilled-foods;null;null;null;null;null;null;null;null;
yarden-homestyle-latka-500g;Yarden Homestyle Latka 500g;£2.75/unit;£5.50/kg;World foods;frozen-world-foods;null;null;null;null;null;null;null;null;
yarden-houmous---tehina-400g;Yarden Houmous & Tehina 400g;£2.50/unit;£0.62/100g;Coleslaw, olives, salads & dips;fresh-dips-houmous;338;6.5;15;0.6;28;4.4;null;1.3;
yarden-houmous---tehina-400g;Yarden Houmous & Tehina 400g;£2.50/unit;£0.62/100g;Vegetarian & meat free;deli-meat-alternatives;338;6.5;15;0.6;28;4.4;null;1.3;
yarden-houmous---tehina-400g;Yarden Houmous & Tehina 400g;£2.50/unit;£0.62/100g;World foods, kosher & halal;kosher-chilled-foods;338;6.5;15;0.6;28;4.4;null;1.3;
yarden-houmous--reduced-calorie-250g;Yarden Houmous, Reduced Calorie 250g;£1.50/unit;£0.60/100g;Coleslaw, olives, salads & dips;fresh-dips-houmous;null;null;null;null;null;null;null;null;
yarden-houmous--reduced-calorie-250g;Yarden Houmous, Reduced Calorie 250g;£1.50/unit;£0.60/100g;Vegetarian & meat free;deli-meat-alternatives;null;null;null;null;null;null;null;null;
yarden-houmous--reduced-calorie-250g;Yarden Houmous, Reduced Calorie 250g;£1.50/unit;£0.60/100g;World foods, kosher & halal;kosher-chilled-foods;null;null;null;null;null;null;null;null;
yarden-houmous-250g;Yarden Houmous 250g;£1.50/unit;£0.60/100g;Coleslaw, olives, salads & dips;fresh-dips-houmous;335;6.5;12.0;0.3;29.0;3.0;null;1.25;
yarden-houmous-250g;Yarden Houmous 250g;£1.50/unit;£0.60/100g;Vegetarian & meat free;deli-meat-alternatives;335;6.5;12.0;0.3;29.0;3.0;null;1.25;
yarden-houmous-250g;Yarden Houmous 250g;£1.50/unit;£0.60/100g;World foods, kosher & halal;kosher-chilled-foods;335;6.5;12.0;0.3;29.0;3.0;null;1.25;
yarden-houmous-deluxe-400g;Yarden Houmous Deluxe 400g;£2.50/unit;£0.62/100g;Coleslaw, olives, salads & dips;fresh-dips-houmous;null;null;null;null;null;null;null;null;
yarden-houmous-deluxe-400g;Yarden Houmous Deluxe 400g;£2.50/unit;£0.62/100g;Vegetarian & meat free;deli-meat-alternatives;null;null;null;null;null;null;null;null;
yarden-houmous-deluxe-400g;Yarden Houmous Deluxe 400g;£2.50/unit;£0.62/100g;World foods, kosher & halal;kosher-chilled-foods;null;null;null;null;null;null;null;null;
yarden-houmous-extra-250g;Yarden Houmous Extra 250g;£1.50/unit;£0.60/100g;Coleslaw, olives, salads & dips;fresh-dips-houmous;341;6.5;6.1;0.4;31.0;2.4;null;1.12;
yarden-houmous-extra-250g;Yarden Houmous Extra 250g;£1.50/unit;£0.60/100g;Vegetarian & meat free;deli-meat-alternatives;341;6.5;6.1;0.4;31.0;2.4;null;1.12;
yarden-houmous-extra-250g;Yarden Houmous Extra 250g;£1.50/unit;£0.60/100g;World foods, kosher & halal;kosher-chilled-foods;341;6.5;6.1;0.4;31.0;2.4;null;1.12;
yarden-houmous-plus-with-spicy-sauce-250g;Yarden Houmous Plus with Spicy Sauce 250g;£1.50/unit;£0.60/100g;Coleslaw, olives, salads & dips;fresh-dips-houmous;317;5.7;7.6;1.1;27.9;2.0;null;1.3;
yarden-houmous-plus-with-spicy-sauce-250g;Yarden Houmous Plus with Spicy Sauce 250g;£1.50/unit;£0.60/100g;Vegetarian & meat free;deli-meat-alternatives;317;5.7;7.6;1.1;27.9;2.0;null;1.3;
yarden-houmous-plus-with-spicy-sauce-250g;Yarden Houmous Plus with Spicy Sauce 250g;£1.50/unit;£0.60/100g;World foods, kosher & halal;kosher-chilled-foods;317;5.7;7.6;1.1;27.9;2.0;null;1.3;
yarden-mini-cocktail-sausages-340g;Yarden Mini Cocktail Sausages 340g;£3.25/unit;£0.96/100g;Cooked meats & snacking;mfp-snacking-cooked-sausage;252;10;8;null;20;6;null;1.5;
yarden-mini-cocktail-sausages-340g;Yarden Mini Cocktail Sausages 340g;£3.25/unit;£0.96/100g;Cooked meats, pate & sandwich fillers;snacking-cooked-sausage;252;10;8;null;20;6;null;1.5;
yarden-mini-cocktail-sausages-340g;Yarden Mini Cocktail Sausages 340g;£3.25/unit;£0.96/100g;World foods, kosher & halal;kosher-chilled-foods;252;10;8;null;20;6;null;1.5;
yarden-mini-homestyle-latka-500g;Yarden Mini Homestyle Latka 500g;£2.75/unit;£5.50/kg;World foods;frozen-world-foods;null;null;null;null;null;null;null;null;
yarden-mini-turkey-kabanos-250g;Yarden Mini Turkey Kabanos 250g;£3.00/unit;£1.20/100g;Cooked meats & snacking;mfp-continental-meats;null;null;null;null;null;null;null;null;
yarden-mini-turkey-kabanos-250g;Yarden Mini Turkey Kabanos 250g;£3.00/unit;£1.20/100g;Cooked meats & snacking;mfp-cooked-chicken-turkey;null;null;null;null;null;null;null;null;
yarden-mini-turkey-kabanos-250g;Yarden Mini Turkey Kabanos 250g;£3.00/unit;£1.20/100g;Cooked meats & snacking;mfp-snacking-cooked-sausage;null;null;null;null;null;null;null;null;
yarden-mini-turkey-kabanos-250g;Yarden Mini Turkey Kabanos 250g;£3.00/unit;£1.20/100g;Cooked meats, pate & sandwich fillers;continental-meats;null;null;null;null;null;null;null;null;
yarden-mini-turkey-kabanos-250g;Yarden Mini Turkey Kabanos 250g;£3.00/unit;£1.20/100g;Cooked meats, pate & sandwich fillers;cooked-chicken-turkey;null;null;null;null;null;null;null;null;
yarden-mini-turkey-kabanos-250g;Yarden Mini Turkey Kabanos 250g;£3.00/unit;£1.20/100g;Cooked meats, pate & sandwich fillers;snacking-cooked-sausage;null;null;null;null;null;null;null;null;
yarden-mini-turkey-kabanos-250g;Yarden Mini Turkey Kabanos 250g;£3.00/unit;£1.20/100g;World foods, kosher & halal;kosher-chilled-foods;null;null;null;null;null;null;null;null;
yarden-red-cabbage-in-mayonnaise-250g;Yarden Red Cabbage in Mayonnaise 250g;£1.50/unit;£0.60/100g;Coleslaw, olives, salads & dips;coleslaw-salads;214;1.5;11.5;8.4;18.0;2.7;null;1.25;
yarden-red-cabbage-in-mayonnaise-250g;Yarden Red Cabbage in Mayonnaise 250g;£1.50/unit;£0.60/100g;Vegetarian & meat free;coleslaw--olives--salads---dips-30658-44;214;1.5;11.5;8.4;18.0;2.7;null;1.25;
yarden-red-cabbage-in-mayonnaise-250g;Yarden Red Cabbage in Mayonnaise 250g;£1.50/unit;£0.60/100g;World foods, kosher & halal;kosher-chilled-foods;214;1.5;11.5;8.4;18.0;2.7;null;1.25;
yarden-smoked-chicken-breast-142g;Yarden Smoked Chicken Breast 142g;£2.00/unit;£1.41/100g;Cooked meats & snacking;mfp-cooked-chicken-turkey;null;20;1.5;0;1.5;0.5;null;null;
yarden-smoked-chicken-breast-142g;Yarden Smoked Chicken Breast 142g;£2.00/unit;£1.41/100g;Cooked meats, pate & sandwich fillers;cooked-chicken-turkey;null;20;1.5;0;1.5;0.5;null;null;
yarden-smoked-chicken-breast-142g;Yarden Smoked Chicken Breast 142g;£2.00/unit;£1.41/100g;World foods, kosher & halal;kosher-chilled-foods;null;20;1.5;0;1.5;0.5;null;null;
yarden-smoked-turkey-kabanos-210g;Yarden Smoked Turkey Kabanos 210g;£2.85/unit;£1.36/100g;Cooked meats & snacking;mfp-continental-meats;389;17;6;1;33;11;null;2.5;
yarden-smoked-turkey-kabanos-210g;Yarden Smoked Turkey Kabanos 210g;£2.85/unit;£1.36/100g;Cooked meats & snacking;mfp-cooked-chicken-turkey;389;17;6;1;33;11;null;2.5;
yarden-smoked-turkey-kabanos-210g;Yarden Smoked Turkey Kabanos 210g;£2.85/unit;£1.36/100g;Cooked meats & snacking;mfp-snacking-cooked-sausage;389;17;6;1;33;11;null;2.5;
yarden-smoked-turkey-kabanos-210g;Yarden Smoked Turkey Kabanos 210g;£2.85/unit;£1.36/100g;Cooked meats, pate & sandwich fillers;continental-meats;389;17;6;1;33;11;null;2.5;
yarden-smoked-turkey-kabanos-210g;Yarden Smoked Turkey Kabanos 210g;£2.85/unit;£1.36/100g;Cooked meats, pate & sandwich fillers;cooked-chicken-turkey;389;17;6;1;33;11;null;2.5;
yarden-smoked-turkey-kabanos-210g;Yarden Smoked Turkey Kabanos 210g;£2.85/unit;£1.36/100g;Cooked meats, pate & sandwich fillers;snacking-cooked-sausage;389;17;6;1;33;11;null;2.5;
yarden-smoked-turkey-kabanos-210g;Yarden Smoked Turkey Kabanos 210g;£2.85/unit;£1.36/100g;World foods, kosher & halal;kosher-chilled-foods;389;17;6;1;33;11;null;2.5;
yarden-tachina-250g;Yarden Tachina 250g;£1.50/unit;£0.60/100g;Coleslaw, olives, salads & dips;fresh-dips-houmous;292;8.5;10.5;0.5;24;3.5;null;1.17;
yarden-tachina-250g;Yarden Tachina 250g;£1.50/unit;£0.60/100g;Vegetarian & meat free;deli-meat-alternatives;292;8.5;10.5;0.5;24;3.5;null;1.17;
yarden-tachina-250g;Yarden Tachina 250g;£1.50/unit;£0.60/100g;World foods, kosher & halal;kosher-chilled-foods;292;8.5;10.5;0.5;24;3.5;null;1.17;
yarden-turkey-breast--smoked-142g;Yarden Turkey Breast, Smoked 142g;£2.00/unit;£1.41/100g;Cooked meats & snacking;mfp-cooked-chicken-turkey;null;16;4;0;2;0.7;null;null;
yarden-turkey-breast--smoked-142g;Yarden Turkey Breast, Smoked 142g;£2.00/unit;£1.41/100g;Cooked meats, pate & sandwich fillers;cooked-chicken-turkey;null;16;4;0;2;0.7;null;null;
yarden-turkey-breast--smoked-142g;Yarden Turkey Breast, Smoked 142g;£2.00/unit;£1.41/100g;World foods, kosher & halal;kosher-chilled-foods;null;16;4;0;2;0.7;null;null;
yarden-turkey-pastrami--smoked-142g;Yarden Turkey Pastrami, Smoked 142g;£2.00/unit;£1.41/100g;Cooked meats & snacking;mfp-continental-meats;null;15;3;0;4;1.2;null;null;
yarden-turkey-pastrami--smoked-142g;Yarden Turkey Pastrami, Smoked 142g;£2.00/unit;£1.41/100g;Cooked meats & snacking;mfp-cooked-chicken-turkey;null;15;3;0;4;1.2;null;null;
yarden-turkey-pastrami--smoked-142g;Yarden Turkey Pastrami, Smoked 142g;£2.00/unit;£1.41/100g;Cooked meats, pate & sandwich fillers;continental-meats;null;15;3;0;4;1.2;null;null;
yarden-turkey-pastrami--smoked-142g;Yarden Turkey Pastrami, Smoked 142g;£2.00/unit;£1.41/100g;Cooked meats, pate & sandwich fillers;cooked-chicken-turkey;null;15;3;0;4;1.2;null;null;
yarden-turkey-pastrami--smoked-142g;Yarden Turkey Pastrami, Smoked 142g;£2.00/unit;£1.41/100g;World foods, kosher & halal;kosher-chilled-foods;null;15;3;0;4;1.2;null;null;
yarden-turkey-schnitzel-700g;Yarden Turkey Schnitzel 700g;£8.00/unit;£1.14/100g;Meat & poultry;turkey-duck-game;null;null;null;null;null;null;null;null;
yarden-turkey-schnitzel-700g;Yarden Turkey Schnitzel 700g;£8.00/unit;£1.14/100g;World foods;frozen-world-foods;null;null;null;null;null;null;null;null;
yarden-vienna-sausage-250g;Yarden Vienna Sausage 250g;£2.00/unit;£0.80/100g;Cooked meats & snacking;mfp-continental-meats;252;10;8;0;20;6;null;1.5;
yarden-vienna-sausage-250g;Yarden Vienna Sausage 250g;£2.00/unit;£0.80/100g;Cooked meats & snacking;mfp-snacking-cooked-sausage;252;10;8;0;20;6;null;1.5;
yarden-vienna-sausage-250g;Yarden Vienna Sausage 250g;£2.00/unit;£0.80/100g;Cooked meats, pate & sandwich fillers;continental-meats;252;10;8;0;20;6;null;1.5;
yarden-vienna-sausage-250g;Yarden Vienna Sausage 250g;£2.00/unit;£0.80/100g;Cooked meats, pate & sandwich fillers;snacking-cooked-sausage;252;10;8;0;20;6;null;1.5;
yarden-vienna-sausage-250g;Yarden Vienna Sausage 250g;£2.00/unit;£0.80/100g;World foods, kosher & halal;kosher-chilled-foods;252;10;8;0;20;6;null;1.5;
yarden-wafer-thin-bbq-turkey-breast-142g;Yarden Wafer Thin BBQ Turkey Breast 142g;£2.00/unit;£1.41/100g;Cooked meats & snacking;mfp-cooked-chicken-turkey;null;16;4;0;1;0.3;null;null;
yarden-wafer-thin-bbq-turkey-breast-142g;Yarden Wafer Thin BBQ Turkey Breast 142g;£2.00/unit;£1.41/100g;Cooked meats, pate & sandwich fillers;cooked-chicken-turkey;null;16;4;0;1;0.3;null;null;
yarden-wafer-thin-bbq-turkey-breast-142g;Yarden Wafer Thin BBQ Turkey Breast 142g;£2.00/unit;£1.41/100g;World foods, kosher & halal;kosher-chilled-foods;null;16;4;0;1;0.3;null;null;
yarden-wafer-thin-smoked-chicken-breast-142g;Yarden Wafer Thin Smoked Chicken Breast 142g;£2.00/unit;£1.41/100g;Cooked meats & snacking;mfp-cooked-chicken-turkey;null;16;4.5;0;1.5;0.5;null;null;
yarden-wafer-thin-smoked-chicken-breast-142g;Yarden Wafer Thin Smoked Chicken Breast 142g;£2.00/unit;£1.41/100g;Cooked meats, pate & sandwich fillers;cooked-chicken-turkey;null;16;4.5;0;1.5;0.5;null;null;
yarden-wafer-thin-smoked-chicken-breast-142g;Yarden Wafer Thin Smoked Chicken Breast 142g;£2.00/unit;£1.41/100g;World foods, kosher & halal;kosher-chilled-foods;null;16;4.5;0;1.5;0.5;null;null;
yarden-wafer-thin-turkey-roll-142g;Yarden Wafer Thin Turkey Roll 142g;£2.00/unit;£1.41/100g;Cooked meats & snacking;mfp-cooked-chicken-turkey;null;10;10;0;9;3;0;null;
yarden-wafer-thin-turkey-roll-142g;Yarden Wafer Thin Turkey Roll 142g;£2.00/unit;£1.41/100g;Cooked meats, pate & sandwich fillers;cooked-chicken-turkey;null;10;10;0;9;3;0;null;
yarden-wafer-thin-turkey-roll-142g;Yarden Wafer Thin Turkey Roll 142g;£2.00/unit;£1.41/100g;World foods, kosher & halal;kosher-chilled-foods;null;10;10;0;9;3;0;null;
yarden-wafer-thin-turkey-salami-142g;Yarden Wafer Thin Turkey Salami 142g;£2.00/unit;£1.41/100g;Cooked meats & snacking;mfp-continental-meats;null;12;7;0;18;6;null;null;
yarden-wafer-thin-turkey-salami-142g;Yarden Wafer Thin Turkey Salami 142g;£2.00/unit;£1.41/100g;Cooked meats & snacking;mfp-cooked-chicken-turkey;null;12;7;0;18;6;null;null;
yarden-wafer-thin-turkey-salami-142g;Yarden Wafer Thin Turkey Salami 142g;£2.00/unit;£1.41/100g;Cooked meats, pate & sandwich fillers;continental-meats;null;12;7;0;18;6;null;null;
yarden-wafer-thin-turkey-salami-142g;Yarden Wafer Thin Turkey Salami 142g;£2.00/unit;£1.41/100g;Cooked meats, pate & sandwich fillers;cooked-chicken-turkey;null;12;7;0;18;6;null;null;
yarden-wafer-thin-turkey-salami-142g;Yarden Wafer Thin Turkey Salami 142g;£2.00/unit;£1.41/100g;World foods, kosher & halal;kosher-chilled-foods;null;12;7;0;18;6;null;null;
yarden-whole-chicken-roaster-15kg;Yarden Whole Chicken Roaster 1.5kg;£7.25/unit;£4.83/kg;Meat & poultry;frozen-chicken;null;null;null;null;null;null;null;null;
yarden-whole-chicken-roaster-15kg;Yarden Whole Chicken Roaster 1.5kg;£7.25/unit;£4.83/kg;World foods;frozen-world-foods;null;null;null;null;null;null;null;null;
ye-olde-oak-ham--smoked-200g;Ye Olde Oak Ham, Smoked 200g;£1.50/unit;£0.75/100g;Canned, tinned & packaged foods;cold-meat;143;11.5;2.0;null;10.0;null;null;null;
ye-olde-oak-hot-dogs-x8-400g;Ye Olde Oak Hot Dogs x8 400g;£0.80/unit;£4.35/kg;Canned, tinned & packaged foods;canned-tinned-packaged-hot-meat-meals;148;10.6;2.9;0.1;10.5;3.5;null;0.65;
ye-olde-oak-smoked-sausage-200g;Ye Olde Oak Smoked Sausage 200g;£1.00/unit;£5.00/kg;Canned, tinned & packaged foods;canned-tinned-packaged-hot-meat-meals;297;13.5;4.5;1.0;25;9.7;null;1.80;
ye-olde-oak-us-style-hot-dog-sausages-400g;Ye Olde Oak US Style Hot Dogs x6 400g (200g*);£1.30/unit;£6.50/kg;Canned, tinned & packaged foods;canned-tinned-packaged-hot-meat-meals;146;13.5;5.1;0.3;7.9;2.8;0.2;null;
ye-olde-oak-us-style-hot-dog-sausages-525g;Ye Olde Oak US Style Hot Dogs Jar x8 525g (360g*);£1.80/unit;£5.00/kg;Canned, tinned & packaged foods;canned-tinned-packaged-hot-meat-meals;255;11.0;1.0;1.0;23.0;9.9;0.0;null;
ye-olde-oak-usa-hot-dogs-x6-210g;Ye Olde Oak USA Hot Dogs x6 210g;£1.00/unit;£4.76/kg;Canned, tinned & packaged foods;canned-tinned-packaged-hot-meat-meals;280;14.1;0.4;0.2;24.7;9.8;null;1.90;
yeo-valley-fat-free-creme-fraiche-200g;Yeo Valley Organic Fat Free Creme Fraiche 200g;£0.95/unit;£0.48/100g;Desserts & cream;fresh-cream-custard;61;7.6;7.0;7.0;0;0;null;0.15;
yeo-valley-greek-style-yogurt-with-honey-450g;Yeo Valley Organic Greek Style with Honey Yogurt 450g;£1.80/unit;£0.40/100g;Yogurts;big-pots-pouring-yogurts;149;3.8;14.8;14.3;8.3;5.2;null;0.14;
yeo-valley-greek-style-yogurt-with-honey-450g;Yeo Valley Organic Greek Style with Honey Yogurt 450g;£1.80/unit;£0.40/100g;Yogurts;natural-greek-yogurts;149;3.8;14.8;14.3;8.3;5.2;null;0.14;
yeo-valley-little-yeos-mellow-yellow-6x45g;Yeo Valley Organic Little Yeos, Mellow Yellow 6x45g;£1.80/unit;£0.67/100g;Yogurts;kids-yogurts;95;6.3;11.5;11.0;2.6;1.5;null;0.12;
yeo-valley-little-yeos-merry-berries-6x45g;Yeo Valley Organic Little Yeos, Merry Berries 6x45g;£1.80/unit;£0.67/100g;Yogurts;kids-yogurts;96;6.3;11.4;10.9;2.7;1.5;null;0.12;
yeo-valley-little-yeos-strawberry---mango-6x45g;Yeo Valley Organic Little Yeos, Strawberry & Mango 6x45g;£1.80/unit;£0.67/100g;Yogurts;kids-yogurts;92;6.2;10.9;9.5;2.6;1.4;null;0.12;
yeo-valley-little-yeos-strawberry---pear-6x45g;Yeo Valley Organic Little Yeos, Strawberry & Pear 6x45g;£1.80/unit;£0.67/100g;Yogurts;kids-yogurts;91;6.2;10.7;9.2;2.6;1.4;null;0.12;
yeo-valley-little-yeos-tubes-9x40g;Yeo Valley Organic Little Yeos Tubes 9x40g;£1.75/unit;£0.49/100g;Yogurts;kids-yogurts;null;null;null;null;null;null;null;null;
yeo-valley-natural-yogurt-1kg;Yeo Valley Organic Natural Yogurt 1kg;£2.50/unit;£0.25/100g;Yogurts;big-pots-pouring-yogurts;82;4.6;6.5;6.5;4.2;2.7;null;0.18;
yeo-valley-natural-yogurt-1kg;Yeo Valley Organic Natural Yogurt 1kg;£2.50/unit;£0.25/100g;Yogurts;natural-greek-yogurts;82;4.6;6.5;6.5;4.2;2.7;null;0.18;
yeo-valley-organic-british-butter-250g;Yeo Valley Organic Farm Butter 250g;£1.90/unit;£7.60/kg;Butter, spreads & baking;block-butter;734;0.6;0.6;0.6;81.0;52.1;null;1.5;
yeo-valley-organic-british-butter-250g;Yeo Valley Organic Farm Butter 250g;£1.90/unit;£7.60/kg;Butter, spreads & baking;dietary--free-from-and-organic;734;0.6;0.6;0.6;81.0;52.1;null;1.5;
yeo-valley-organic-creme-fraiche-200g;Yeo Valley Organic Half Fat Creme Fraiche 200g;£0.95/unit;£0.48/100g;Desserts & cream;fresh-cream-custard;168;3.4;4.8;4.8;15.0;9.3;null;0.13;
yeo-valley-organic-fat-free-natural-yogurt-150g;Yeo Valley Organic 0% Fat Natural Yogurt 150g;£0.50/unit;£0.33/100g;Yogurts;diet-low-fat-yogurts;59;5.9;8.5;8.5;0;0;null;0.23;
yeo-valley-organic-fat-free-natural-yogurt-150g;Yeo Valley Organic 0% Fat Natural Yogurt 150g;£0.50/unit;£0.33/100g;Yogurts;natural-greek-yogurts;59;5.9;8.5;8.5;0;0;null;0.23;
yeo-valley-organic-fat-free-natural-yogurt-1kg;Yeo Valley Organic 0% Fat Natural Yogurt 1kg;£2.50/unit;£0.25/100g;Yogurts;big-pots-pouring-yogurts;59;5.9;8.5;8.5;0;0;null;0.23;
yeo-valley-organic-fat-free-natural-yogurt-1kg;Yeo Valley Organic 0% Fat Natural Yogurt 1kg;£2.50/unit;£0.25/100g;Yogurts;diet-low-fat-yogurts;59;5.9;8.5;8.5;0;0;null;0.23;
yeo-valley-organic-fat-free-natural-yogurt-1kg;Yeo Valley Organic 0% Fat Natural Yogurt 1kg;£2.50/unit;£0.25/100g;Yogurts;natural-greek-yogurts;59;5.9;8.5;8.5;0;0;null;0.23;
yeo-valley-organic-fruity-favourites-yogurts-4x120g;Yeo Valley Organic Yogurt Fruity Favourites 4x120g;£1.75/unit;£0.36/100g;Yogurts;corners-everyday-yogurts;107;4.8;13.2;12.9;3.8;2.4;null;0.18;
yeo-valley-organic-greek-style-yogurt---honey-4x100g;Yeo Valley Organic Yogurt Greek Style With Honey 4x100g;£1.75/unit;£0.44/100g;Yogurts;corners-everyday-yogurts;149;3.3;14.8;14.3;8.3;5.2;null;0.14;
yeo-valley-organic-greek-style-yogurt---honey-4x100g;Yeo Valley Organic Yogurt Greek Style With Honey 4x100g;£1.75/unit;£0.44/100g;Yogurts;natural-greek-yogurts;149;3.3;14.8;14.3;8.3;5.2;null;0.14;
yeo-valley-organic-kids-little-yeos-yogurt-4x90g;Yeo Valley Organic Little Yeos, Fruity Favourites 4x90g;£1.75/unit;£0.49/100g;Yogurts;kids-yogurts;108;5.4;11.5;10.8;4.5;2.9;null;0.17;
yeo-valley-organic-lemon-curd-yogurt-450g;Yeo Valley Organic Lemon Curd Yogurt 450g;£1.60/unit;£0.36/100g;Yogurts;big-pots-pouring-yogurts;127;4.7;17.2;16.9;4.4;2.8;null;0.18;
yeo-valley-organic-mango---vanilla-yogurt-450g;Yeo Valley Organic Mango & Vanilla Yogurt 450g;£1.60/unit;£0.36/100g;Yogurts;big-pots-pouring-yogurts;108;4.7;13.6;13.3;3.8;2.4;null;0.18;
yeo-valley-organic-natural-fat-free-yogurt-500g;Yeo Valley Organic 0% Fat Natural Yogurt 500g;£1.50/unit;£0.30/100g;Yogurts;big-pots-pouring-yogurts;59;5.9;8.5;8.5;0;0;null;0.23;
yeo-valley-organic-natural-fat-free-yogurt-500g;Yeo Valley Organic 0% Fat Natural Yogurt 500g;£1.50/unit;£0.30/100g;Yogurts;diet-low-fat-yogurts;59;5.9;8.5;8.5;0;0;null;0.23;
yeo-valley-organic-natural-fat-free-yogurt-500g;Yeo Valley Organic 0% Fat Natural Yogurt 500g;£1.50/unit;£0.30/100g;Yogurts;natural-greek-yogurts;59;5.9;8.5;8.5;0;0;null;0.23;
yeo-valley-organic-natural-greek-style-yogurt-450g;Yeo Valley Organic Greek Style Natural Yogurt 450g;£1.80/unit;£0.40/100g;Yogurts;big-pots-pouring-yogurts;129;4.5;6.4;6.4;9.5;5.9;null;0.18;
yeo-valley-organic-natural-greek-style-yogurt-450g;Yeo Valley Organic Greek Style Natural Yogurt 450g;£1.80/unit;£0.40/100g;Yogurts;natural-greek-yogurts;129;4.5;6.4;6.4;9.5;5.9;null;0.18;
yeo-valley-organic-natural-yogurt-150g;Yeo Valley Organic Natural Yogurt 150g;£0.50/unit;£0.33/100g;Yogurts;natural-greek-yogurts;82;4.6;6.5;6.5;4.2;2.7;null;0.18;
yeo-valley-organic-natural-yogurt-500g;Yeo Valley Organic Natural Yogurt 500g;£1.50/unit;£0.30/100g;Yogurts;big-pots-pouring-yogurts;82;4.6;6.5;6.5;4.2;2.7;null;0.18;
yeo-valley-organic-natural-yogurt-500g;Yeo Valley Organic Natural Yogurt 500g;£1.50/unit;£0.30/100g;Yogurts;natural-greek-yogurts;82;4.6;6.5;6.5;4.2;2.7;null;0.18;
yeo-valley-organic-peaches---cream-yogurt-450g;Yeo Valley Organic Peaches & Cream Yogurt 450g;£1.60/unit;£0.36/100g;Yogurts;big-pots-pouring-yogurts;105;4.4;12.5;12.0;4.1;2.6;null;0.16;
yeo-valley-organic-semi-skimmed-milk-1l;Yeo Valley Organic Semi Skimmed Milk 1L;£1.10/unit;£1.10/ltr;Fresh milk & eggs;fresh-milk;47;3.6;4.8;4.8;1.8;1.1;null;0.10;
yeo-valley-organic-semi-skimmed-milk-1l;Yeo Valley Organic Semi Skimmed Milk 1L;£1.10/unit;£1.10/ltr;Fresh milk & eggs;organic-milk;47;3.6;4.8;4.8;1.8;1.1;null;0.10;
yeo-valley-organic-semi-skimmed-milk-2l;Yeo Valley Organic Semi Skimmed Milk 2L;£1.90/unit;£0.95/ltr;Fresh milk & eggs;fresh-milk;47;3.6;4.8;4.8;1.8;1.1;null;0.10;
yeo-valley-organic-semi-skimmed-milk-2l;Yeo Valley Organic Semi Skimmed Milk 2L;£1.90/unit;£0.95/ltr;Fresh milk & eggs;organic-milk;47;3.6;4.8;4.8;1.8;1.1;null;0.10;
yeo-valley-organic-soured-cream-227g;Yeo Valley Organic Soured Cream 227g;£0.95/unit;£0.42/100g;Desserts & cream;fresh-cream-custard;190;2.5;3.6;3.6;18.5;11.4;null;0.08;
yeo-valley-organic-spreadable-500g;Yeo Valley Organic Farm Buttery & Spreadable 500g;£3.00/unit;£6.00/kg;Butter, spreads & baking;dietary--free-from-and-organic;735;0.4;0.4;0.4;81.3;36.3;null;1.3;
yeo-valley-organic-spreadable-500g;Yeo Valley Organic Farm Buttery & Spreadable 500g;£3.00/unit;£6.00/kg;Butter, spreads & baking;spreadable-butter;735;0.4;0.4;0.4;81.3;36.3;null;1.3;
yeo-valley-organic-strawberry-yogurts-4x120g;Yeo Valley Organic Yogurt Strawberry 4x120g;£1.75/unit;£0.36/100g;Yogurts;corners-everyday-yogurts;106;4.7;13.2;12.9;3.8;2.4;null;0.18;
yeo-valley-organic-whole-milk-1l;Yeo Valley Organic Whole Milk 1L;£1.10/unit;£1.10/ltr;Fresh milk & eggs;fresh-milk;68;3.4;4.7;4.7;4.0;2.6;null;0.10;
yeo-valley-organic-whole-milk-1l;Yeo Valley Organic Whole Milk 1L;£1.10/unit;£1.10/ltr;Fresh milk & eggs;organic-milk;68;3.4;4.7;4.7;4.0;2.6;null;0.10;
yeo-valley-organic-whole-milk-2l;Yeo Valley Organic Whole Milk 2L;£1.90/unit;£0.95/ltr;Fresh milk & eggs;fresh-milk;68;3.4;4.7;4.7;4.0;2.6;null;0.10;
yeo-valley-organic-whole-milk-2l;Yeo Valley Organic Whole Milk 2L;£1.90/unit;£0.95/ltr;Fresh milk & eggs;organic-milk;68;3.4;4.7;4.7;4.0;2.6;null;0.10;
yeo-valley-organic-yogurt-apricot-450g;Yeo Valley Organic Apricot Yogurt 450g;£1.60/unit;£0.36/100g;Yogurts;big-pots-pouring-yogurts;107;4.8;13.3;12.9;3.8;2.4;null;0.18;
yeo-valley-organic-yogurt-blueberry-450g;Yeo Valley Organic Blueberry Yogurt 450g;£1.60/unit;£0.36/100g;Yogurts;big-pots-pouring-yogurts;109;4.8;13.8;13.5;3.8;2.4;null;0.18;
yeo-valley-organic-yogurt-fat-free-vanilla-450g;Yeo Valley Organic 0% Fat Vanilla Yogurt 450g;£1.60/unit;£0.36/100g;Yogurts;big-pots-pouring-yogurts;87;5.9;15.5;15.5;0;0;null;0.23;
yeo-valley-organic-yogurt-fat-free-vanilla-450g;Yeo Valley Organic 0% Fat Vanilla Yogurt 450g;£1.60/unit;£0.36/100g;Yogurts;diet-low-fat-yogurts;87;5.9;15.5;15.5;0;0;null;0.23;
yeo-valley-organic-yogurt-limited-edition-450g;Yeo Valley Organic Limited Edition Yogurt 450g;£1.60/unit;£0.36/100g;Yogurts;big-pots-pouring-yogurts;103;4.6;12.5;12.1;3.8;2.4;null;0.17;
yeo-valley-organic-yogurt-limited-edition-450g;Yeo Valley Organic Limited Edition Yogurt 450g;£1.60/unit;£0.36/100g;Yogurts;diet-low-fat-yogurts;103;4.6;12.5;12.1;3.8;2.4;null;0.17;
yeo-valley-organic-yogurt-strawberry-450g;Yeo Valley Organic Strawberry Yogurt 450g;£1.60/unit;£0.36/100g;Yogurts;big-pots-pouring-yogurts;106;4.7;13.2;12.9;3.8;2.4;null;0.18;
yeo-valley-raspberry-yogurt-450g;Yeo Valley Organic Raspberry Yogurt 450g;£1.60/unit;£0.36/100g;Yogurts;big-pots-pouring-yogurts;106;4.7;13.1;12.8;3.8;2.4;null;0.18;
yeo-valley-yogurt-lemon-curd-4x120g;Yeo Valley Organic Yogurt Lemon Curd 4x120g;£1.75/unit;£0.36/100g;Yogurts;corners-everyday-yogurts;127;4.7;17.2;16.9;4.4;2.8;null;0.18;
yeo-valley-yogurt-tropical-fruit-4x120g;Yeo Valley Organic Yogurt Tropical Fruit 4x120g;£1.75/unit;£0.36/100g;Yogurts;corners-everyday-yogurts;109;4.5;14.6;14.2;3.6;2.3;null;0.18;
yeo-valley-yogurt-tropical-fruit-4x120g;Yeo Valley Organic Yogurt Tropical Fruit 4x120g;£1.75/unit;£0.36/100g;Yogurts;luxury-yogurts;109;4.5;14.6;14.2;3.6;2.3;null;0.18;
yoomoo-frozen-yogurt-strawberry-500ml;Yoomoo Frozen Yogurt Strawberry 500ml;£3.00/unit;£0.60/100ml;Ice cream & desserts;frozen-yogurt-sorbet;143;2.7;28.4;23.3;1.3;0.7;3.5;0.1;
yoomoo-frozen-yogurt-vanilla-500ml;Yoomoo Frozen Yogurt Vanilla 500ml;£3.00/unit;£0.60/100ml;Ice cream & desserts;frozen-yogurt-sorbet;124;2.6;23.7;18.6;1.2;0.7;4.0;0.1;
yop-raspberry-500g;Yop Raspberry Yogurt Drink 500g;£1.00/unit;£0.20/100g;Fresh milk & eggs;flavoured-milk-92153-44;72;2.8;11.2;10.9;1.3;0.9;0.1;0.12;
yop-strawberry-500g;Yop Strawberry Yogurt Drink 500g;£1.00/unit;£0.20/100g;Fresh milk & eggs;flavoured-milk-92153-44;72;2.8;11.3;11.0;1.3;0.9;0.1;0.12;
yoplait-perle-de-lait-coconut-4x125g;Yoplait Perle de Lait Coconut Yogurt 4x125g;£1.85/unit;£0.37/100g;Yogurts;luxury-yogurts;144;2.9;10.1;9.1;9.8;6.7;0.1;0.11;
yoplait-perle-de-lait-greek-style-mango-4x125g;Yoplait Perle De Lait Greek Style Mango 4x125g;£1.85/unit;£0.37/100g;Yogurts;luxury-yogurts;126;2.3;12.6;11.2;7.0;4.7;0.2;0.10;
yoplait-perle-de-lait-greek-style-strawberry-4x125g;Yoplait Perle De Lait Greek Style Strawberry 4x125g;£1.85/unit;£0.37/100g;Yogurts;luxury-yogurts;125;2.3;12.3;11.0;7.0;4.7;0.3;0.12;
yoplait-perle-de-lait-lemon-4x125g;Yoplait Perle de Lait Lemon Yogurt 4x125g;£1.85/unit;£0.37/100g;Yogurts;luxury-yogurts;142;2.8;12.4;11.4;8.6;5.8;0.1;0.14;
yoplait-petit-filous-strawberry-frubes-9x40g;Petits Filous Frubes Strawberry 9x40g;£2.00/unit;£0.56/100g;Yogurts;kids-yogurts;102;4.9;13.4;12.8;2.8;1.9;0.1;0.13;
yoplait-thomas---friends-fromage-frais-6x45g;Yoplait Thomas & Friends Fromage Frais 6x45g;£1.00/unit;£0.37/100g;Yogurts;kids-yogurts;96;5.3;12.3;12.0;2.4;1.6;0.1;null;
yoplait-wildlife-choobs-dessert-6x40g;Yoplait Wildlife Choobs Dessert 6x40g;£1.00/unit;£0.42/100g;Yogurts;kids-yogurts;102;4.9;13.4;12.9;2.8;1.9;0.1;0.13;
yoplait-wildlife-choobs-strawberry-6x40g;Yoplait Wildlife Choobs Strawberry 6x40g;£1.00/unit;£0.42/100g;Yogurts;kids-yogurts;102;4.9;13.4;12.8;2.8;1.9;0.1;0.13;
yoplait-wildlife-fromage-frais-18x45g;Yoplait Wildlife Fromage Frais 18x45g;£2.00/unit;£0.25/100g;Yogurts;kids-yogurts;95;5.3;12.4;12.0;2.3;1.6;0.1;0.13;
yorkie-biscuits-7-pack;Yorkie Biscuits x7;£1.40/unit;£0.81/100g;Biscuits & crackers;biscuits-crackers-kids-lunchbox;505;6.1;62.6;44.5;24.8;13.4;3.2;0.13;
yorkie-biscuits-7-pack;Yorkie Biscuits x7;£1.40/unit;£0.81/100g;Biscuits & crackers;chocolate-biscuits;505;6.1;62.6;44.5;24.8;13.4;3.2;0.13;
yorkie-giant-egg-336g;Yorkie Giant Egg 336g;£6.00/unit;£1.79/100g;Confectionery;easter-eggs;538;5.1;61.9;61.0;29.5;17.2;1.4;0.18;
yorkshire-wensleydale-200g;Yorkshire Wensleydale 200g;£2.00/unit;£10.00/kg;Cheese;cheddar-british-regional-cheese;381;23.7;0.1;0.1;31.8;21.1;null;1.3;
youngs-admirals-pie-340g;Young's Admirals Pie 340g;£1.30/unit;£3.82/kg;Ready meals & pies;frozen-ready-meals;128;5.6;12.4;1.9;6.0;2.7;1.0;0.6;
youngs-battered-calamari-250g;Young's Battered Calamari 250g;£3.00/unit;£12.00/kg;Fish & seafood;frozen-fish-seafood;254;7.7;24.3;0.4;13.7;1.6;1.3;1.9;
youngs-boneless-pink-salmon-fillets-x4-360g;Young's Boneless Pink Salmon Fillets x4 360g;£4.00/unit;£11.11/kg;Fish & seafood;frozen-fish-seafood;106;18.5;0;0;3.8;0.7;0;0.1;
youngs-boneless-scottish-smoked-haddock-fillets-x4-400g;Young's Boneless Scottish Smoked Haddock Fillets x4 400g;£5.00/unit;£12.50/kg;Fish & seafood;frozen-fish-seafood;99;23.6;0;0;1.2;0.3;0;1.5;
youngs-breaded-cod-fillets-x4-480g;Young's Breaded Cod Fillets x4 480g;£4.00/unit;£8.33/kg;Fish & seafood;frozen-fish-seafood;205;11.1;17.8;0.9;9.6;0.8;1.6;1.1;
youngs-breaded-fish-fillets-x4-400g;Young's Breaded Fish Fillets x4 400g;£2.00/unit;£5.00/kg;Fish & seafood;frozen-fish-seafood;194;10.1;19.3;2.9;8.3;1.5;1.2;0.8;
youngs-chip-shop-fish-fillets-x4-400g;Young's Chip Shop Fish Fillets x4 400g;£2.00/unit;£5.00/kg;Fish & seafood;frozen-fish-seafood;250;13.3;17.3;0.6;13.9;2.3;1.1;1.0;
youngs-chip-shop-large-cod-fillets-480g;Young's Chip Shop Large Cod Fillets 480g;£4.00/unit;£8.33/kg;Fish & seafood;frozen-fish-seafood;238;12.9;15.6;0.6;13.6;2.3;1.0;0.9;
youngs-chip-shop-large-haddock-fillets-480g;Young's Chip Shop Large Haddock Fillets 480g;£4.00/unit;£8.33/kg;Fish & seafood;frozen-fish-seafood;219;11.8;14.7;0.6;12.4;2.1;0.8;0.9;
youngs-fish-in-butter-sauce-560g;Young's Fish In Butter Sauce 560g;£3.50/unit;£6.25/kg;Fish & seafood;frozen-fish-seafood;78;9.5;4.6;2.4;2.3;1.3;0.4;0.7;
youngs-fish-in-parsley-sauce-560g;Young's Fish In Parsley Sauce 560g;£3.50/unit;£6.25/kg;Fish & seafood;frozen-fish-seafood;73;9.1;4.9;2.7;1.8;1.0;0.5;0.6;
youngs-fishermans-pie-340g;Young's Fisherman's Pie 340g;£1.30/unit;£3.82/kg;Ready meals & pies;frozen-ready-meals;111;5.6;12.8;2.0;4.0;1.4;0.8;0.7;
youngs-gastro-alaskan-salmon-fillets-with-sweet-chilli---ginger-sauce-x2-270g;Young's Gastro Alaskan Salmon Fillets with Sweet Chilli & Ginger Sauce x2 270g;£4.00/unit;£14.81/kg;Fish & seafood;frozen-fish-seafood;127;20.5;1.9;1.9;4.1;1.5;0.2;0.5;
youngs-gastro-basa-fillets--light---crispy-320g;Young's Gastro Basa Fillets, Lemon & Herb Battered 320g;£4.00/unit;£12.50/kg;Fish & seafood;frozen-fish-seafood;185;14.2;10.6;0.3;9.3;1.2;1.1;0.7;
youngs-gastro-basa-fillets-dusted-with-sea-salt---black-pepper-x2-320g;Young's Gastro Basa Fillets Dusted With Sea Salt & Black Pepper x2 320g;£4.00/unit;£12.50/kg;Fish & seafood;frozen-fish-seafood;187;15.8;12.1;0.5;8.3;0.9;0.6;0.7;
youngs-gastro-beer-battered-cod-fillets-x2-270g;Young's Gastro Beer Battered Cod Fillets x2 270g;£4.00/unit;£14.81/kg;Fish & seafood;frozen-fish-seafood;195;13.6;14.4;0.7;9.0;0.7;1.1;0.9;
youngs-gastro-cod--spinach---cheese-gratin-380g;Young's Gastro Cod, Spinach & Cheese Gratin 380g;£2.50/unit;£6.58/kg;Ready meals & pies;frozen-ready-meals;146;7.4;12.3;0.7;7.1;2.7;1.4;0.4;
youngs-gastro-cod-loins-in-lemon---herb-sauce-x2-270g;Young's Gastro Cod Loins In Lemon & Herb Sauce x2 270g;£4.00/unit;£14.81/kg;Fish & seafood;frozen-fish-seafood;93;16.2;0.1;0.1;3.0;1.8;0.4;0.5;
youngs-gastro-garlic---herb-plaice-fillets-230g;Young's Gastro Garlic & Herb Plaice Fillets 230g;£4.00/unit;£17.39/kg;Fish & seafood;frozen-fish-seafood;189;13.4;11.5;0.4;9.8;1.0;0.7;0.9;
youngs-gastro-plaice-goujons-250g;Young's Gastro Plaice Goujons 250g;£4.00/unit;£16.00/kg;Fish & seafood;frozen-fish-seafood;249;13.0;22.5;1.3;11.4;1.2;2.3;1.1;
youngs-jumbo-whole-scampi-220g;Young's Jumbo Whole Scampi 220g;£3.00/unit;£13.64/kg;Fish & seafood;frozen-fish-seafood;221;9.4;23.0;1.2;9.8;0.8;1.6;1.2;
youngs-large-canadian-prawns-200g;Young's Canadian Prawns 200g;£4.00/unit;£20.00/kg;Fish & seafood;frozen-fish-seafood;79;16.5;0.1;0.0;1.4;0.3;0.0;1.1;
youngs-luxury-ocean-pie-400g;Young's Luxury Ocean Pie 400g;£2.50/unit;£6.25/kg;Ready meals & pies;frozen-ready-meals;127;6.2;11.6;2.0;6.0;3.0;0.9;0.5;
youngs-omega-fish-fingers-x20-500g;Young's Omega 3 Fish Fingers x20 500g;£3.00/unit;£6.00/kg;Fish & seafood;frozen-fish-seafood;205;12.9;19.2;1.9;8.2;1.0;1.3;1.0;
youngs-organic-smoked-salmon-100g;Young's Organic Smoked Salmon 100g;£5.00/unit;£5.00/100g;Cooked meats & snacking;mfp-cooked-fish-seafood;186;21.6;0.2;0.2;10.9;2.1;0.5;3.67;
youngs-organic-smoked-salmon-100g;Young's Organic Smoked Salmon 100g;£5.00/unit;£5.00/100g;Cooked meats, pate & sandwich fillers;cooked-fish-seafood;186;21.6;0.2;0.2;10.9;2.1;0.5;3.67;
youngs-organic-smoked-salmon-100g;Young's Organic Smoked Salmon 100g;£5.00/unit;£5.00/100g;Fish & seafood;canapes-snacking;186;21.6;0.2;0.2;10.9;2.1;0.5;3.67;
youngs-organic-smoked-salmon-100g;Young's Organic Smoked Salmon 100g;£5.00/unit;£5.00/100g;Fish & seafood;smoked-fish;186;21.6;0.2;0.2;10.9;2.1;0.5;3.67;
youngs-rollmops-260g;Young's Rollmops 260g;£1.00/unit;£0.38/100g;Cooked meats & snacking;mfp-cooked-fish-seafood;159;13.2;9.5;7.6;7.4;1.7;0.9;2.8;
youngs-rollmops-260g;Young's Rollmops 260g;£1.00/unit;£0.38/100g;Cooked meats & snacking;mfp-snacking-cooked-sausage;159;13.2;9.5;7.6;7.4;1.7;0.9;2.8;
youngs-rollmops-260g;Young's Rollmops 260g;£1.00/unit;£0.38/100g;Cooked meats, pate & sandwich fillers;cooked-fish-seafood;159;13.2;9.5;7.6;7.4;1.7;0.9;2.8;
youngs-rollmops-260g;Young's Rollmops 260g;£1.00/unit;£0.38/100g;Cooked meats, pate & sandwich fillers;snacking-cooked-sausage;159;13.2;9.5;7.6;7.4;1.7;0.9;2.8;
youngs-rollmops-260g;Young's Rollmops 260g;£1.00/unit;£0.38/100g;Fish & seafood;canapes-snacking;159;13.2;9.5;7.6;7.4;1.7;0.9;2.8;
youngs-salmon-fillet-dinner-380g;Young's Salmon Fillet Dinner 380g;£2.00/unit;£5.26/kg;Ready meals & pies;frozen-ready-meals;105;7.4;11.9;2.6;2.7;1.1;1.9;0.4;
youngs-salmon-fillets-440g;Young's Salmon Fillets 440g;£4.00/unit;£9.09/kg;Fish & seafood;filleted-whole-fish;224;23.0;0.0;0.0;14.7;2.5;0.0;0.1;
youngs-scampi-220g;Young's Scampi 220g;£3.00/unit;£13.64/kg;Fish & seafood;frozen-fish-seafood;213;8.8;23.4;1.3;8.9;0.7;2.0;1.3;
youngs-scottish-whole-scampi-220g;Young's Scottish Whole Scampi 220g;£4.00/unit;£18.18/kg;Fish & seafood;frozen-fish-seafood;226;9.9;24.8;1.3;9.3;0.7;1.7;1.5;
youngs-seafood-sticks-200g;Young's Seafood Sticks x16 200g;£1.20/unit;£0.60/100g;Cooked meats & snacking;mfp-cooked-fish-seafood;128;6.9;22.1;6.6;1.4;0.1;0.0;1.8;
youngs-seafood-sticks-200g;Young's Seafood Sticks x16 200g;£1.20/unit;£0.60/100g;Cooked meats & snacking;mfp-snacking-cooked-sausage;128;6.9;22.1;6.6;1.4;0.1;0.0;1.8;
youngs-seafood-sticks-200g;Young's Seafood Sticks x16 200g;£1.20/unit;£0.60/100g;Cooked meats, pate & sandwich fillers;cooked-fish-seafood;128;6.9;22.1;6.6;1.4;0.1;0.0;1.8;
youngs-seafood-sticks-200g;Young's Seafood Sticks x16 200g;£1.20/unit;£0.60/100g;Cooked meats, pate & sandwich fillers;snacking-cooked-sausage;128;6.9;22.1;6.6;1.4;0.1;0.0;1.8;
youngs-seafood-sticks-200g;Young's Seafood Sticks x16 200g;£1.20/unit;£0.60/100g;Fish & seafood;canapes-snacking;128;6.9;22.1;6.6;1.4;0.1;0.0;1.8;
youngs-seafood-sticks-200g;Young's Seafood Sticks x16 200g;£1.20/unit;£0.60/100g;Fish & seafood;prawns-shellfish;128;6.9;22.1;6.6;1.4;0.1;0.0;1.8;
youngs-skinless---boneless-atlantic-cod-chunky-fillets-x4-00g;Young's Skinless & Boneless Atlantic Cod Chunky Fillets x4 00g;£4.00/unit;£10.00/kg;Fish & seafood;frozen-fish-seafood;90;21.8;0;0;1.2;0.4;0;0.25;
youngs-white-fish-fillets-x5-500g;Young's White Fish Fillets x5 500g;£3.75/unit;£7.50/kg;Fish & seafood;frozen-fish-seafood;94;21.3;0;0;1.4;0.4;0;0.2;
yu%21-blackcurrant-fruit-in-yogurt-25g;Yu! Fruit Blackcurrant Pieces in Yogurt Coating 25g;£0.45/unit;£1.80/100g;Canned, tinned & packaged foods;canned-tinned-packaged-fruit;null;null;null;null;null;null;null;null;
yu%21-blackcurrant-fruit-in-yogurt-25g;Yu! Fruit Blackcurrant Pieces in Yogurt Coating 25g;£0.45/unit;£1.80/100g;Crisps, nuts & snacking fruit;snacking-fruit-seeds;null;null;null;null;null;null;null;null;
yu%21-blackcurrant-fruit-in-yogurt-25g;Yu! Fruit Blackcurrant Pieces in Yogurt Coating 25g;£0.45/unit;£1.80/100g;Fruit & desserts;dessert-fruit;null;null;null;null;null;null;null;null;
yu%21-blackcurrant-fruit-in-yogurt-25g;Yu! Fruit Blackcurrant Pieces in Yogurt Coating 25g;£0.45/unit;£1.80/100g;Fruit & desserts;snacking-fruit-nuts;null;null;null;null;null;null;null;null;
yutaka-black-roasted-sesame-seeds-100g;Yutaka Black Roasted Sesame Seeds 100g;£1.69/unit;£1.69/100g;Cooking sauces & world foods;japanese;518;22;21.5;2.3;38.2;5.7;null;0.09;
yutaka-miso-paste--organic-300g;Yutaka Miso Paste, Organic 300g;£2.99/unit;£1.00/100g;Cooking ingredients & oils;cooking-pastes;176;7.0;20.4;11.7;5.9;1.0;null;10.9;
yutaka-miso-paste--organic-300g;Yutaka Miso Paste, Organic 300g;£2.99/unit;£1.00/100g;Cooking sauces & world foods;japanese;176;7.0;20.4;11.7;5.9;1.0;null;10.9;
yutaka-nigiri-sushi-maker;Yutaka Nigiri Sushi Maker;£1.69/unit;£1.69/ea;Cooking sauces & world foods;japanese;null;null;null;null;null;null;null;null;
yutaka-panko-breadcrumbs-180g;Yutaka Panko Breadcrumbs 180g;£1.99/unit;£1.11/100g;Cooking sauces & world foods;japanese;377;13.2;88.6;1.7;2.1;0.4;null;1.4;
yutaka-shaoxing-wine-150ml;Yutaka Shaoxing Rice Wine 150ml;£3.29/unit;£2.19/100ml;Cooking sauces & world foods;japanese;27;1.1;4.2;1.8;0.5;0.1;null;0.1;
yutaka-soba-noodles-250g;Yutaka Soba Noodles 250g;£1.29/unit;£5.16/kg;Cooking sauces & world foods;japanese;349;11.5;70.0;9.3;1.2;0.3;null;1.5;
yutaka-soba-noodles-250g;Yutaka Soba Noodles 250g;£1.29/unit;£5.16/kg;Rice, pasta & noodles;noodles;349;11.5;70.0;9.3;1.2;0.3;null;1.5;
yutaka-sushi-ginger-190g;Yutaka Sushi Ginger 190g;£1.99/unit;£1.05/100g;Cooking sauces & world foods;japanese;6;0.1;0.1;0.2;02;1.7;null;2.14;
yutaka-sushi-nori-11g;Yutaka Sushi Nori 11g;£1.79/unit;£16.27/100g;Cooking sauces & world foods;japanese;242;53.3;0.6;0.01;2.9;1.4;null;1.4;
yutaka-sushi-rice-500g;Yutaka Sushi Rice 500g;£1.99/unit;£3.98/kg;Cooking sauces & world foods;japanese;343;6.7;78.0;0.2;0.5;0.1;null;0.01;
yutaka-sushi-rice-500g;Yutaka Sushi Rice 500g;£1.99/unit;£3.98/kg;Rice, pasta & noodles;rice-12592-44;343;6.7;78.0;0.2;0.5;0.1;null;0.01;
yutaka-sushi-rolling-mat;Yutaka Sushi Rolling Mat;£1.99/unit;£1.99/ea;Cooking sauces & world foods;japanese;null;null;null;null;null;null;null;null;
yutaka-tamari-soy-sauce--organic-150ml;Yutaka Organic Tamari Soy Sauce, Gluten Free 150ml;£2.19/unit;£1.46/100ml;Cooking sauces & world foods;japanese;null;null;null;null;null;null;null;null;
yutaka-tamari-soy-sauce--organic-150ml;Yutaka Organic Tamari Soy Sauce, Gluten Free 150ml;£2.19/unit;£1.46/100ml;Table sauces, dressings & condiments;worcester-soy-sauce;null;null;null;null;null;null;null;null;
yutaka-udon-noodles-250g;Yutaka Udon Noodles 250g;£1.29/unit;£5.16/kg;Cooking sauces & world foods;japanese;352;9.5;74.8;2.9;0.9;0.3;null;2.3;
yutaka-udon-noodles-250g;Yutaka Udon Noodles 250g;£1.29/unit;£5.16/kg;Rice, pasta & noodles;noodles;352;9.5;74.8;2.9;0.9;0.3;null;2.3;
yutaka-wasabi-paste-43g;Yutaka Wasabi Paste 43g;£1.99/unit;£4.63/100g;Cooking ingredients & oils;cooking-pastes;null;null;null;null;null;null;null;null;
yutaka-wasabi-paste-43g;Yutaka Wasabi Paste 43g;£1.99/unit;£4.63/100g;Cooking sauces & world foods;japanese;null;null;null;null;null;null;null;null;
yuzu-seasoning-sauce-100ml;Yuzu Seasoning Sauce 100ml;£2.99/unit;£2.99/100ml;Cooking sauces & world foods;japanese;33;0.4;7.9;4.3;0.5;0.1;null;0.1;
zico-original-coconut-water-400ml;Zico Original Coconut Water 400ml;£2.00/unit;£0.50/100ml;Chilled fruit juice & smoothies;chilled-fruit-juice;null;null;null;null;null;null;null;null;
zico-original-coconut-water-400ml;Zico Original Coconut Water 400ml;£2.00/unit;£0.50/100ml;Chilled fruit juice & smoothies;coconut-water;null;null;null;null;null;null;null;null;
zugos-bacon---cheese-panini-145g-7292821-p-44;Zugo's Bacon & Cheese Panini 145g;£2.00/unit;£13.79/kg;Ready meals;meals-for-1-ready-meals;299;15;24.5;1.9;15.2;6.4;null;2;
zugos-bacon---cheese-panini-145g-7292821-p-44;Zugo's Bacon & Cheese Panini 145g;£2.00/unit;£13.79/kg;Soup & lunchtime snacks;lunchtime-snacks;299;15;24.5;1.9;15.2;6.4;null;2;
zugos-cafe-deli-chicken---pesto-panini-150g;Zugo's Deli Cafe Chicken & Pesto Panini 150g;£2.00/unit;£13.33/kg;Ready meals;meals-for-1-ready-meals;247;15.5;25.1;1.5;9.2;3.3;null;1.2;
zugos-cafe-deli-chicken---pesto-panini-150g;Zugo's Deli Cafe Chicken & Pesto Panini 150g;£2.00/unit;£13.33/kg;Soup & lunchtime snacks;lunchtime-snacks;247;15.5;25.1;1.5;9.2;3.3;null;1.2;
zugos-four-cheese---onion-panini-150g;Zugo's Four Cheese & Onion Panini 150g;£2.00/unit;£13.33/kg;Ready meals;meals-for-1-ready-meals;319;12.4;32.1;7.5;15.3;8.9;null;1.2;
zugos-four-cheese---onion-panini-150g;Zugo's Four Cheese & Onion Panini 150g;£2.00/unit;£13.33/kg;Soup & lunchtime snacks;lunchtime-snacks;319;12.4;32.1;7.5;15.3;8.9;null;1.2;
zugos-mediterranean-chicken-panini-152g;Zugo's Mediterranean Chicken Panini 152g;£2.00/unit;£2.00/kg;Ready meals;meals-for-1-ready-meals;251;13.9;30.7;6.4;7.6;3.1;null;1.2;
zugos-mediterranean-chicken-panini-152g;Zugo's Mediterranean Chicken Panini 152g;£2.00/unit;£2.00/kg;Soup & lunchtime snacks;lunchtime-snacks;251;13.9;30.7;6.4;7.6;3.1;null;1.2;
