253558033;Tesco Bramley Apples Loose;£0.32;£1.30/kg;Fresh Fruit;Apples, Pears & Rhubarb;41;0.3;null;8.9;0.1;0.1;1.6;0.01;
284475671;Tesco Braeburn Apple Min 5 Pack 670G;£1.50;£2.24/kg;Fresh Fruit;Apples, Pears & Rhubarb;53;0.4;null;11.8;0.1;0.1;1.8;0.01;
284477156;Tesco Gala Apple 4 Pack 590G;£2.00;£3.39/kg;Fresh Fruit;Apples, Pears & Rhubarb;53;0.4;null;11.8;0.1;0.1;1.8;0.01;
284477058;Tesco British Apple Min 6 Pack 670G;£1.50;£2.24/kg;Fresh Fruit;Apples, Pears & Rhubarb;53;0.4;null;11.8;0.1;0.1;1.8;0.01;
253807413;Tesco Braeburn Apples Loose;£0.23;£1.45/kg;Fresh Fruit;Apples, Pears & Rhubarb;53;0.4;null;11.8;0.1;0.1;1.8;0.01;
284478005;Tesco Cripps Red Apple 6 Pack 670G;£2.00;£2.99/kg;Fresh Fruit;Apples, Pears & Rhubarb;null;null;null;null;null;null;null;null;
284477283;Tesco Braeburn Apple 4 Pack 590G;£2.00;£3.39/kg;Fresh Fruit;Apples, Pears & Rhubarb;53;0.4;null;11.8;0.1;0.1;1.8;0.01;
284475262;Tesco Evelina Apple 6 Pack 670G;£2.00;£2.99/kg;Fresh Fruit;Apples, Pears & Rhubarb;53;0.4;null;11.8;0.1;0.1;1.8;0.1;
284477317;Tesco Best Of British Apple 4 Pack 590G;£2.00;£3.39/kg;Fresh Fruit;Apples, Pears & Rhubarb;53;0.4;null;11.8;0.1;0.1;1.8;0.01;
284477628;Tesco Jazz Apple 6 Pack 670G;£2.00;£2.99/kg;Fresh Fruit;Apples, Pears & Rhubarb;null;null;null;null;null;null;null;null;
284475550;Tesco Gala Apple Min 5 Pack 670G;£1.50;£2.24/kg;Fresh Fruit;Apples, Pears & Rhubarb;53;0.4;null;11.8;0.1;0.1;1.8;0.01;
253562396;Tesco Empire Apples Loose;£0.44;£2.75/kg;Fresh Fruit;Apples, Pears & Rhubarb;53;0.4;null;11.8;0.1;0.1;1.8;0.01;
284477507;Tesco Bramley Apple 775G;£1.25;£1.62/kg;Fresh Fruit;Apples, Pears & Rhubarb;41;0.3;null;8.9;0.1;0.1;1.6;0.01;
253559147;Tesco Gala Apples Loose;£0.31;£1.95/kg;Fresh Fruit;Apples, Pears & Rhubarb;53;0.4;null;11.8;0.1;0.1;1.8;0.01;
284477375;Tesco Apple Selection 4 Pack 590G;£2.00;£3.39/kg;Fresh Fruit;Apples, Pears & Rhubarb;53;0.4;null;11.8;0.1;0.1;1.8;0.01;
284477862;Tesco Empire Apple Min 5 Pack 700G;£2.25;£3.22/kg;Fresh Fruit;Apples, Pears & Rhubarb;53;0.4;null;11.8;0.1;0.1;1.8;0.01;
284475354;Tesco Opal Apple Min 4 Pack 590G;£2.00;£3.39/kg;Fresh Fruit;Apples, Pears & Rhubarb;null;null;null;null;null;null;null;null;
284477542;Tesco Pink Lady Apple Min 5 Pack 690G;£3.00;£4.35/kg;Fresh Fruit;Apples, Pears & Rhubarb;53;0.4;null;11.8;0.1;0.1;1.8;0.01;
284477801;Tesco Kanzi Apple 6Pack 670G;£2.00;£2.99/kg;Fresh Fruit;Apples, Pears & Rhubarb;53;0.4;null;11.8;0.1;0.1;1.8;0.01;
284477450;Tesco Pink Lady Apple 4 Pack 590G;£2.50;£4.24/kg;Fresh Fruit;Apples, Pears & Rhubarb;53;0.4;null;11.8;0.1;0.1;1.8;0.01;
284475164;Tesco Perfectly Ripe Pear 4Pack 550G;£2.75;£18.34/kg;Fresh Fruit;Apples, Pears & Rhubarb;47;0.3;null;10.0;0.1;0.1;2.2;0.01;
284475129;Tesco Perfectly Ripe Conference 4Pack Pear 550G;£2.00;£3.64/kg;Fresh Fruit;Apples, Pears & Rhubarb;47;0.3;null;10.0;0.1;0.1;2.2;0.01;
284475890;Tesco Golden Delicious Apple 6 Pack 670G;£1.50;£2.24/kg;Fresh Fruit;Apples, Pears & Rhubarb;53;0.4;null;11.8;0.1;0.1;1.8;0.1;
253561247;Tesco Conference Pears Loose;£0.38;£2.00/kg;Fresh Fruit;Apples, Pears & Rhubarb;47;0.3;null;10.0;0.1;0.1;2.2;0.01;
284475832;Tesco Granny Smith Apple Min 5 Pack 670G;£1.50;£2.24/kg;Fresh Fruit;Apples, Pears & Rhubarb;53;0.4;null;11.8;0.1;0.1;1.8;0.1;
252946036;Tesco Rhubarb 400G;£3.00;£7.50/kg;Fresh Fruit;Apples, Pears & Rhubarb;null;null;null;null;null;null;null;null;
253558309;Tesco Golden Delicious Apples Loose;£0.31;£1.95/kg;Fresh Fruit;Apples, Pears & Rhubarb;53;0.4;null;11.8;0.1;0.1;1.8;0.1;
251627289;Tesco Pink Lady Apples Loose;£0.59;£3.45/kg;Fresh Fruit;Apples, Pears & Rhubarb;53;0.4;null;11.8;0.1;0.1;1.8;0.01;
284475319;Tesco Pears Pack 610G;£1.50;£2.46/kg;Fresh Fruit;Apples, Pears & Rhubarb;47;0.3;null;10.0;0.1;0.1;2.2;0.01;
284475227;Tesco Conference Pears Pack 610G;£1.50;£2.46/kg;Fresh Fruit;Apples, Pears & Rhubarb;47;0.3;null;10.0;0.1;0.1;2.2;0.01;
284477663;Tesco Rubens Apple 6 Pack 670G;£2.00;£2.99/kg;Fresh Fruit;Apples, Pears & Rhubarb;53;0.4;null;11.8;0.1;0.1;1.8;0.01;
284475392;Tesco Blush Pears Pack 610G;£1.75;£2.87/kg;Fresh Fruit;Apples, Pears & Rhubarb;47;0.3;null;10.0;0.1;0.1;2.2;0.01;
253624099;Tesco Green Pears Loose;£0.38;£2.00/kg;Fresh Fruit;Apples, Pears & Rhubarb;47;0.3;null;10.0;0.1;0.1;2.2;0.01;
253557316;Tesco Granny Smith Apples Loose;£0.31;£1.95/kg;Fresh Fruit;Apples, Pears & Rhubarb;53;0.4;null;11.8;0.1;0.1;1.8;0.1;
284477847;Tesco Small Tangy Apple 6 Pack 520G;£0.79;£1.52/kg;Fresh Fruit;Apples, Pears & Rhubarb;53;0.4;null;11.8;0.1;null;1.8;0.1;
284475187;Tesco Perfectly Ripe Family Pear 6Pack 580G;£1.75;£2.92/kg;Fresh Fruit;Apples, Pears & Rhubarb;47;0.3;null;10.0;0.1;0.1;2.2;0.01;
284477761;Tesco Small Sweet Apple 6 Pack 520G;£1.00;£1.93/kg;Fresh Fruit;Apples, Pears & Rhubarb;53;0.4;null;11.8;0.1;0.1;1.8;0.1;
284475481;Tesco Rocha Pears Pack 610G;£0.79;£1.30/kg;Fresh Fruit;Apples, Pears & Rhubarb;47;0.3;null;10.0;0.1;0.1;2.2;0.01;
265299741;Tesco Ready To Eat Avocados Twin Pack;£1.80;£0.90/each;Fresh Fruit;Avocados;null;null;null;null;null;null;null;null;
256074560;Tesco Ripen At Home Avocados 4 Pack;£1.75;£0.44/each;Fresh Fruit;Avocados;null;null;null;null;null;null;null;null;
265299361;Tesco Ready To Eat Large Avocados Each;£1.00;£1.00/each;Fresh Fruit;Avocados;null;null;null;null;null;null;null;null;
253555203;Tesco Bananas Loose;£0.12;£0.68/kg;Fresh Fruit;Bananas;null;null;null;null;null;null;null;null;
266420677;Tesco Keep Me Bananas 5 Pack;£1.00;£0.20/each;Fresh Fruit;Bananas;null;null;null;null;null;null;null;null;
268437188;Tesco Organic Goodness Bananas Pack;£1.50;£0.25/each;Fresh Fruit;Bananas;null;null;null;null;null;null;null;null;
285157326;Tesco Small Bananas 6 Pack;£1.00;£0.17/each;Fresh Fruit;Bananas;null;null;null;null;null;null;null;null;
268734435;Tesco Organic Fair Trade Bananas 6 Pack;£1.65;£0.28/each;Fresh Fruit;Bananas;null;null;null;null;null;null;null;null;
266419328;Tesco Eat Me Bananas 5 Pack;£1.00;£0.20/each;Fresh Fruit;Bananas;null;null;null;null;null;null;null;null;
287530336;Tesco Everyday Value Strawberry 400G;£1.75;£4.38/kg;Fresh Fruit;Berries & Cherries;null;null;null;null;null;null;null;null;
287691974;Tesco Finest Strawberries 250G;£3.00;£12.00/kg;Fresh Fruit;Berries & Cherries;null;null;null;null;null;null;null;null;
278452718;Tesco Raspberries 150G;£2.00;£13.34/kg;Fresh Fruit;Berries & Cherries;null;null;null;null;null;null;null;null;
268793976;Tesco Blackberries 300G;£2.00;£0.44/100g;Fresh Fruit;Berries & Cherries;null;null;null;null;null;null;null;null;
287357000;Tesco Blueberries 250G;£3.00;£12.00/kg;Fresh Fruit;Berries & Cherries;null;null;null;null;null;null;null;null;
266291241;Tesco Cherries 200G;£2.50;£12.50/kg;Fresh Fruit;Berries & Cherries;null;null;null;null;null;null;null;null;
274026003;Tesco Organic Strawberries 300G;£2.50;£8.34/kg;Fresh Fruit;Berries & Cherries;28;0.8;null;null;0.1;null;1.1;null;
287377736;Tesco Raspberries 250G;£2.50;£10.00/kg;Fresh Fruit;Berries & Cherries;null;null;null;null;null;null;null;null;
287529575;Tesco Strawberries 600G;£3.00;£5.00/kg;Fresh Fruit;Berries & Cherries;null;null;null;null;null;null;null;null;
287356427;Tesco British Strawberries 250G;£2.50;£10.00/kg;Fresh Fruit;Berries & Cherries;30;0.8;null;6.0;0.1;0.1;1.1;0.1;
286199925;Tesco Berry Trio 300G;£3.50;£11.67/kg;Fresh Fruit;Berries & Cherries;null;null;null;null;null;null;null;null;
258420257;Tesco Blackberries 150G;£1.60;£0.27/100ml;Fresh Fruit;Berries & Cherries;null;null;null;null;null;null;null;null;
253559504;Tesco Large Cherries Loose;£6.24;£12.49/kg;Fresh Fruit;Berries & Cherries;null;null;null;null;null;null;null;null;
250414859;Tesco Organic Raspberries 125G;£2.00;£16.00/kg;Fresh Fruit;Berries & Cherries;null;null;null;null;null;null;null;null;
287356888;Tesco Blueberries 150G;£2.00;£13.34/kg;Fresh Fruit;Berries & Cherries;null;null;null;null;null;null;null;null;
287529333;Tesco Strawberries 400G;£2.00;£5.00/kg;Fresh Fruit;Berries & Cherries;null;null;null;null;null;null;null;null;
256991482;Tesco Organic Blueberries 150G;£0.85;£0.28/100ml;Fresh Fruit;Berries & Cherries;null;null;null;null;null;null;null;null;
253556398;Tesco Lemons Each;£0.30;£0.30/each;Fresh Fruit;Citrus Fruit;null;null;null;null;null;null;null;null;
253560634;Tesco Limes Each;£0.30;£0.30/each;Fresh Fruit;Citrus Fruit;null;null;null;null;null;null;null;null;
265891385;Tesco Limes Min 5 Pack;£1.50;£0.30/each;Fresh Fruit;Citrus Fruit;null;null;null;null;null;null;null;null;
253556346;Tesco Pink Grapefruit Each;£0.50;£0.50/each;Fresh Fruit;Citrus Fruit;34;0.8;null;6.8;0.1;trace;1.3;null;
267528710;Tesco Satsumas 600G;£1.25;£2.09/kg;Fresh Fruit;Citrus Fruit;41;0.9;null;8.5;0.1;0;1.3;0.01;
267000614;Tesco Giant Oranges 4 Pack;£2.20;£0.55/each;Fresh Fruit;Citrus Fruit;43;1.1;null;8.5;0.1;null;1.7;0.1;
265281220;Tesco Unwaxed Lemons Min 5 Pack;£1.50;£0.30/each;Fresh Fruit;Citrus Fruit;20;1.0;null;3.2;0.3;0.1;0;0.1;
253561443;Tesco Red Grapefruit Each;£0.50;£0.50/each;Fresh Fruit;Citrus Fruit;34;0.8;null;6.8;0.1;trace;1.3;null;
253554014;Tesco Oranges Each;£0.30;£0.30/each;Fresh Fruit;Citrus Fruit;43;1.1;null;8.5;0.1;0;1.7;0.1;
263608606;Tesco Fair Trade Oranges 4 Pack;£1.35;£0.34/each;Fresh Fruit;Citrus Fruit;null;null;null;null;null;null;null;null;
268215543;Jaffa Reds Orange Pack;£2.25;£2.25/kg;Fresh Fruit;Citrus Fruit;null;null;null;null;null;null;null;null;
257742718;Jaffa Oranges Min 4 Pack;£1.85;£0.31/each;Fresh Fruit;Citrus Fruit;39;1.1;null;8.5;0.1;0;1.7;null;
259397340;Tesco Everyday Value Oranges Min 4 Pack;£0.76;£0.19/each;Fresh Fruit;Citrus Fruit;43;1.1;null;8.5;0.1;0;1.7;0.1;
255617024;Tesco Large Orange Pack;£1.80;£0.36/each;Fresh Fruit;Citrus Fruit;43;1.1;null;8.5;0.1;null;1.7;0.1;
262792946;Tesco Organic Oranges Min 3 Pack;£2.00;£10.00/kg;Fresh Fruit;Citrus Fruit;43;1.1;null;8.5;0.1;0.1;1.7;0.1;
253832428;Tesco Yellow Grapefruit Each;£0.40;£0.40/each;Fresh Fruit;Citrus Fruit;34;0.8;null;6.8;0.1;trace;1.3;null;
259397933;Tesco Everyday Value Lemons Min 3 Pack;£0.89;£0.30/each;Fresh Fruit;Citrus Fruit;null;null;null;null;null;null;null;null;
287437551;Tesco Red Grapefruit 3 Pack;£1.00;£0.33/each;Fresh Fruit;Citrus Fruit;null;null;null;null;null;null;null;null;
273660278;Tesco Finest Oranges 5 Pack;£1.00;£12.50/kg;Fresh Fruit;Citrus Fruit;43;1.1;null;8.5;0.1;0;1.7;0.1;
253557570;Tesco Satsumas Loose;£0.30;£2.90/kg;Fresh Fruit;Citrus Fruit;41;0.9;null;8.5;0.1;0;1.3;null;
253556127;Tesco Clementine Or Sweet Easy Peeler Loose;£0.30;£2.90/kg;Fresh Fruit;Citrus Fruit;42;0.9;null;8.7;0.1;0;1.2;0.01;
250404353;Tesco Organic Sweet Easy Peeler Min 4 Pack;£1.75;£0.44/each;Fresh Fruit;Citrus Fruit;42;0.9;null;8.7;0.1;0;1.2;0.01;
266357752;Jaffa Clementine Or Sweet Easy Peeler Pack 650G;£1.85;£2.85/kg;Fresh Fruit;Citrus Fruit;39;0.9;null;8.7;0.1;0;1.2;null;
268508462;Tesco Goodness Easy Peeler Citrus Pack 600G;£1.50;£2.50/kg;Fresh Fruit;Citrus Fruit;42;0.9;null;8.7;0.1;0;1.2;0.01;
252201146;Tesco Organic Unwaxed Lemons Min 3 Pack;£1.00;£0.33/each;Fresh Fruit;Citrus Fruit;20;1.0;null;3.2;0.3;0.1;0.1;0.1;
280172131;Tesco Finest Soft Citrus 650G;£2.30;£3.54/kg;Fresh Fruit;Citrus Fruit;42;0.9;null;8.7;0.1;0;1.2;0.01;
253560225;Tesco Mandarins Loose;£0.33;£2.65/kg;Fresh Fruit;Citrus Fruit;39;0.9;null;8.0;0.1;0;1.3;0.01;
266499399;Tesco Clementine Or Sweet Easy Peeler Pack 600G;£0.79;£1.32/kg;Fresh Fruit;Citrus Fruit;42;0.9;null;8.7;0.1;0;1.2;0.01;
274157867;Tesco Deglet Nour Dates 300G;£2.00;£6.67/kg;Fresh Fruit;Dried Fruit & Nuts;289;2.2;null;51.0;0.3;0.2;6.9;0.01;
250281502;Tesco Organic Medjool Dates 200G;£2.00;£10.00/kg;Fresh Fruit;Dried Fruit & Nuts;275;1.8;null;58.5;0.2;0.1;7.3;0.1;
266594764;Tesco Halawi Dates 200G;£1.00;£5.00/kg;Fresh Fruit;Dried Fruit & Nuts;327;2.1;null;67.5;0.4;0.1;5.6;0.3;
268973406;Tesco Kids Mini Raisins 10X14g;£1.25;£8.93/kg;Fresh Fruit;Dried Fruit & Nuts;297;2.1;null;69.0;0.9;0.1;2.0;null;
268961298;Tesco Goodness Raisin Mix 30G;£0.40;£13.34/kg;Fresh Fruit;Dried Fruit & Nuts;292;2.3;null;56.0;0.6;0.2;3.6;0.1;
283111272;Tesco Snacking Lemon Jumbo Golden Raisins 60G;£1.00;£16.67/kg;Fresh Fruit;Dried Fruit & Nuts;293;2.1;null;69.3;0.4;0;2.0;0.2;
269018130;Tesco Dried Mango Snack Pack 40G;£1.00;£25.00/kg;Fresh Fruit;Dried Fruit & Nuts;311;1.6;null;57.6;0.3;0.1;8.9;0.2;
258057537;Tesco Wholefoods Dried Apricots 250G;£2.05;£8.20/kg;Fresh Fruit;Dried Fruit & Nuts;219;2.0;null;23.0;0.4;0.3;5.7;0.1;
257398518;Tesco Wholefoods Blueberries 100G;£2.50;£25.00/kg;Fresh Fruit;Dried Fruit & Nuts;335;2.0;null;77.5;1.0;0.2;3.2;0.1;
268323017;Tesco Goodness Dried Selection Fruit Packs 10X25g;£2.00;£8.00/kg;Fresh Fruit;Dried Fruit & Nuts;297;2.1;null;69.0;0.9;0.1;2.0;null;
256754153;Tesco Wholefoods Dried Apricots 225G;£2.00;£8.00/kg;Fresh Fruit;Dried Fruit & Nuts;215;4.8;null;43.4;0.6;0;6.6;null;
283111545;Tesco Snacking Raisins And Berries 60G;£1.00;£16.67/kg;Fresh Fruit;Dried Fruit & Nuts;334;2.2;null;61.4;0.5;0.1;3.8;0.1;
275218570;Tesco Finest King Solomon Dates 225G;£2.99;£13.29/kg;Fresh Fruit;Dried Fruit & Nuts;295;3.3;null;68.0;0.2;0.1;4.0;0;
257399828;Tesco Wholefoods Cranberries 100G;£1.50;£15.00/kg;Fresh Fruit;Dried Fruit & Nuts;358;0.4;null;73.9;0.7;0.2;4.7;0.1;
274171043;Tesco Soft Pitted Dates 250G;£2.00;£8.00/kg;Fresh Fruit;Dried Fruit & Nuts;289;2.2;null;51.0;0.3;0.2;6.9;0.01;
268968832;Tesco Goodness Dried Banana 25G;£0.40;£16.00/kg;Fresh Fruit;Dried Fruit & Nuts;323;4.3;null;51.0;0.4;0.2;6.1;0.6;
283196305;Tesco Wholefoods Dried Apple Wedges 120G;£2.00;£16.67/kg;Fresh Fruit;Dried Fruit & Nuts;282;1.0;null;54.0;0.2;0.1;9.9;0.1;
268967695;Tesco Goodness Kids Apricots 30G;£0.40;£13.34/kg;Fresh Fruit;Dried Fruit & Nuts;219;2.0;null;23.0;0.4;0.3;5.7;0.1;
284196413;Eat Me Dates Deglet Nour Pitted 200G;£1.50;£7.50/kg;Fresh Fruit;Dried Fruit & Nuts;null;null;null;null;null;null;null;null;
286169408;Tesco Dried Apricots 60G;£1.00;£16.67/kg;Fresh Fruit;Dried Fruit & Nuts;219;2.0;null;23.0;0.4;0.3;5.7;0.1;
266384788;Tesco Wholefoods Cashew And Raisin Mix 150G;£1.50;£10.00/kg;Fresh Fruit;Dried Fruit & Nuts;428;9.1;null;37.9;17.8;3.1;3.5;null;
283112072;Tesco Salt & Pepper Nut Snack Pack Mix 55G;£1.00;£18.19/kg;Fresh Fruit;Dried Fruit & Nuts;589;18.1;null;4.9;48.0;5.9;7.5;2.0;
283110546;Tesco Wholefoods Thompsons Raisins 150G;£1.00;£6.67/kg;Fresh Fruit;Dried Fruit & Nuts;293;2.1;null;69.3;0.4;0;2.0;0.1;
266356655;Tesco Wholefoods Dried Fruit Mix 150G;£2.00;£13.34/kg;Fresh Fruit;Dried Fruit & Nuts;315;1.6;null;68.4;0.9;0.1;3.0;0.1;
258056187;Tesco Wholefoods Prunes 250G;£1.85;£7.40/kg;Fresh Fruit;Dried Fruit & Nuts;253;2.0;null;35.0;0.3;0.3;5.2;0.01;
260165769;Tesco Wholefoods Dried Cherries 100G;£2.00;£20.00/kg;Fresh Fruit;Dried Fruit & Nuts;313;2.7;null;45.4;1.2;0.4;5.6;0.1;
266387606;Tesco Wholefoods Cranberries And Macadamias 150G;£1.95;£13.00/kg;Fresh Fruit;Dried Fruit & Nuts;457;2.4;null;46.9;23.7;3.7;6.6;0.01;
283196328;Tesco Wholefoods Dried William Pears 120G;£2.00;£16.67/kg;Fresh Fruit;Dried Fruit & Nuts;290;1.4;null;45.0;0.3;0.1;12.0;0.1;
275218754;Tesco Wholefoods Medjool Dates 180G;£2.00;£11.12/kg;Fresh Fruit;Dried Fruit & Nuts;295;3.3;null;68.0;0.2;null;4.0;0;
268967539;Tesco Tropical Mix 250G;£1.75;£7.00/kg;Fresh Fruit;Dried Fruit & Nuts;424;2.3;null;54.0;18.3;15.5;4.5;0.1;
266356851;Tesco Organic Almonds 200G;£2.80;£14.00/kg;Fresh Fruit;Dried Fruit & Nuts;592;21.2;null;3.9;49.4;3.7;12.2;0.01;
262860352;Tesco Wholefoods Goji Berries 100G;£1.75;£17.50/kg;Fresh Fruit;Dried Fruit & Nuts;394;11.3;null;50.0;10.6;1.5;2.6;0.7;
258701017;Tesco Fair Trade Brazil Nuts 150G;£2.50;£16.67/kg;Fresh Fruit;Dried Fruit & Nuts;706;14.1;null;2.4;69.8;16.4;4.3;null;
268967568;Tesco Fruit And Nut Mix 250G;£1.60;£6.40/kg;Fresh Fruit;Dried Fruit & Nuts;460;13.9;null;31.6;24.9;3.1;6.5;0.1;
283112187;Tesco Snack Pack Fruit And Nut Mix With Chocolate 45G;£1.00;£16.67/kg;Fresh Fruit;Dried Fruit & Nuts;500;10.8;null;35.6;28.4;5.6;6.0;0.1;
268953089;Tesco Snack Pack Cranberry And Nut Mix 50G;£1.00;£20.00/kg;Fresh Fruit;Dried Fruit & Nuts;429;5.7;null;49.4;13.7;2.3;4.2;0.1;
258058058;Tesco Wholefoods Dried Figs 250G;£2.05;£8.20/kg;Fresh Fruit;Dried Fruit & Nuts;247;2.7;null;38.0;2.3;0.7;11.0;0.2;
266387520;Tesco Wholefoods Fruit And Nuts 200G;£2.50;£12.50/kg;Fresh Fruit;Dried Fruit & Nuts;503;9.9;null;31.0;32.1;4.0;6.9;0.1;
260733201;Tesco Wholefoods Dried Mango 100G;£1.50;£15.00/kg;Fresh Fruit;Dried Fruit & Nuts;311;1.6;null;57.6;0.3;0.1;8.9;0.2;
266565119;Tesco Fair Trade Peanuts &Raisins 150G;£1.00;£9.10/kg;Fresh Fruit;Dried Fruit & Nuts;495;17.7;null;24.8;30.1;5.7;5.3;null;
261834005;Tesco Organic Walnuts 100G;£2.25;£22.50/kg;Fresh Fruit;Dried Fruit & Nuts;689;15.2;null;2.6;65.2;6.1;6.7;0.01;
283111735;Tesco Snack Pack Cashew Nuts 45G;£1.00;£16.67/kg;Fresh Fruit;Dried Fruit & Nuts;583;17.7;null;4.6;48.2;8.3;3.2;0.1;
266375033;Tesco Wholefoods Mixed Nuts 200G;£2.60;£13.00/kg;Fresh Fruit;Dried Fruit & Nuts;641;19.0;null;4.1;56.9;6.0;8.8;null;
264716705;Tesco Wholefoods Organic Pine Nuts 100G;£3.50;£35.00/kg;Fresh Fruit;Dried Fruit & Nuts;715;13.7;null;3.6;68.4;4.9;3.7;0.01;
266374921;Tesco Wholefoods Hazelnuts 200G;£2.80;£14.00/kg;Fresh Fruit;Dried Fruit & Nuts;679;15.0;null;4.3;63.5;4.5;9.7;0;
266356816;Tesco Organic Hazelnuts 200G;£2.50;£12.50/kg;Fresh Fruit;Dried Fruit & Nuts;665;14.1;null;4.0;63.5;4.7;6.5;0.1;
258580504;Tesco Organic Mixed Nuts 200G;£2.50;£12.50/kg;Fresh Fruit;Dried Fruit & Nuts;643;17.1;null;3.5;58.1;6.6;8.7;0.01;
254142569;Tesco Wholefoods Pine Nuts 100G;£2.80;£28.00/kg;Fresh Fruit;Dried Fruit & Nuts;715;13.7;null;3.6;68.4;4.9;3.7;0.01;
266357101;Tesco Wholefoods Almonds 200G;£2.70;£13.50/kg;Fresh Fruit;Dried Fruit & Nuts;592;21.2;null;3.9;49.4;3.7;12.2;null;
262056861;Tesco Wholefoods Macadamia Nuts 100G;£2.00;£20.00/kg;Fresh Fruit;Dried Fruit & Nuts;752;7.9;null;4.6;75.8;12.1;8.6;0.1;
262057163;Tesco Organic Roasted Pistachios 100G;£2.25;£22.50/kg;Fresh Fruit;Dried Fruit & Nuts;585;20.9;null;7.7;44.8;5.5;9.9;0.1;
266375344;Tesco Wholefoods Pistachio Nuts 200G;£2.00;£2.00/each;Fresh Fruit;Dried Fruit & Nuts;573;20.6;null;7.6;44.4;5.4;10.3;0.01;
283148588;Tesco Snack Pack Granola Chocolate Mix 50G;£1.00;£20.00/kg;Fresh Fruit;Dried Fruit & Nuts;458;7.4;null;41.5;18.6;5.5;6.1;0.1;
283111355;Tesco Snacking Trail Mix 60G;£1.00;£16.67/kg;Fresh Fruit;Dried Fruit & Nuts;434;11.6;null;37.2;20.4;2.6;6.0;0.1;
283111885;Tesco Snack Pack Brazil Nuts 40G;£1.00;£16.67/kg;Fresh Fruit;Dried Fruit & Nuts;691;14.1;null;2.4;68.2;16.4;4.3;0.01;
266375275;Tesco Wholefoods Pecan Nuts 100G;£2.05;£20.50/kg;Fresh Fruit;Dried Fruit & Nuts;700;9.2;null;4.3;70.1;5.7;4.7;null;
283112242;Tesco Wholefoods Almonds Snack Pack 50G;£1.00;£16.67/kg;Fresh Fruit;Dried Fruit & Nuts;592;21.2;null;3.9;49.4;3.7;12.2;null;
271844842;Tesco Wholefoods Brazil Nuts 150G;£1.85;£12.34/kg;Fresh Fruit;Dried Fruit & Nuts;689;14.3;null;2.3;66.4;15.1;7.5;0.01;
268954572;Tesco Roasted Nut Mix 50G;£1.00;£22.23/kg;Fresh Fruit;Dried Fruit & Nuts;772;53.4;null;4.9;53.4;5.7;8.0;0.1;
266376222;Tesco Wholefoods Cashew Nuts 200G;£2.60;£13.00/kg;Fresh Fruit;Dried Fruit & Nuts;583;17.7;null;4.6;48.2;8.3;3.2;0.1;
283052793;Tesco Pumpkin Seed Mix Savoury Roasted 175G;£2.20;£12.58/kg;Fresh Fruit;Dried Fruit & Nuts;606;28.4;null;2.2;49.3;5.9;5.5;null;
266356649;Tesco Finest Roasted Marcona Almonds 150G;£2.25;£15.00/kg;Fresh Fruit;Dried Fruit & Nuts;615;21.0;null;4.9;52.0;4.0;10.9;0.01;
283110667;Tesco Snacking Seed Mix 60G;£1.00;£16.67/kg;Fresh Fruit;Dried Fruit & Nuts;618;22.8;null;2.0;52.4;6.1;8.5;0.1;
283110120;Tesco Wholefoods Trail Mix 150G;£1.00;£6.67/kg;Fresh Fruit;Dried Fruit & Nuts;434;11.6;null;37.2;20.4;2.6;6.0;0.1;
283111113;Tesco Snacking Chilli Seed Mix 60G;£1.00;£16.67/kg;Fresh Fruit;Dried Fruit & Nuts;613;22.9;null;2.2;47.6;6.3;9.1;0.5;
266386982;Tesco Wholefoods Sunflower Seeds 150G;£1.10;£7.34/kg;Fresh Fruit;Dried Fruit & Nuts;610;20.8;null;2.6;51.5;4.5;8.6;0.1;
266565966;Tesco Organic Cashew Nuts 150G;£2.75;£18.34/kg;Fresh Fruit;Dried Fruit & Nuts;583;17.7;null;4.6;48.2;8.3;3.2;null;
266563588;Tesco Finest Dried Fruit And Nuts 250G;£3.00;£12.00/kg;Fresh Fruit;Dried Fruit & Nuts;478;10.0;null;34.0;30.0;3.8;5.8;0.1;
283052948;Tesco Chilli Seed Mix Crunchy And Spicy 175G;£2.20;£12.58/kg;Fresh Fruit;Dried Fruit & Nuts;577;27.3;null;4.5;46.7;5.3;8.1;null;
266387140;Tesco Wholefoods Pumpkin Seeds 150G;£1.25;£8.34/kg;Fresh Fruit;Dried Fruit & Nuts;618;30.2;null;1.4;49.1;8.7;6.0;0.1;
283052666;Tesco Seed And Fruit Mix Crunchy And Sweet 150G;£2.20;£14.67/kg;Fresh Fruit;Dried Fruit & Nuts;513;21.8;null;18.0;34.7;6.0;5.3;0.3;
256056991;Tesco Wholefoods Roasted Monkey Nuts 250G;£1.00;£4.00/kg;Fresh Fruit;Dried Fruit & Nuts;604;28.2;null;5.7;48.1;8.6;8.4;0.1;
266375246;Tesco Wholefoods Monkey Nuts 400G;£1.50;£3.75/kg;Fresh Fruit;Dried Fruit & Nuts;593;28.4;null;5.8;46.7;7.8;5.7;0.1;
283110903;Tesco Raisins, Nut, Gojiberry And Seed Mix 60G;£1.00;£16.67/kg;Fresh Fruit;Dried Fruit & Nuts;495;15.6;null;24.9;31.4;3.5;5.5;0.1;
256058021;Tesco Wholefoods Walnuts 200G;£2.60;£13.00/kg;Fresh Fruit;Dried Fruit & Nuts;689;15.2;null;2.6;65.2;6.1;6.7;0.01;
262640958;Tesco Black Seedless Grapes 500G;£2.00;£4.00/kg;Fresh Fruit;Grapes;66;0.4;null;15.4;0.1;0.1;0.7;0.01;
260138854;Tesco Red Seedless Grapes 500G;£2.00;£4.00/kg;Fresh Fruit;Grapes;66;0.4;null;15.4;0.1;0.1;0.7;0.01;
253558396;Tesco Red Seedless Grapes Loose;£2.60;£4.00/kg;Fresh Fruit;Grapes;66;0.4;null;15.4;0.1;0.1;0.7;0.01;
253662715;Tesco Black Seedless Grapes Loose;£2.00;£4.00/kg;Fresh Fruit;Grapes;66;0.4;null;15.4;0.1;0.1;0.7;0.01;
267408167;Tesco Green Seedless Grapes Pack 500G;£2.00;£4.00/kg;Fresh Fruit;Grapes;66;0.4;null;15.4;0.1;0.1;0.7;0.01;
253554469;Tesco Green Seedless Grapes Loose;£2.60;£4.00/kg;Fresh Fruit;Grapes;null;null;null;null;null;null;null;null;
250299925;Tesco Organic Red Or Black Grapes 400G;£2.50;£6.25/kg;Fresh Fruit;Grapes;null;null;null;null;null;null;null;null;
259421180;Tesco Everyday Value Green/Red Grapes 500G;£1.25;£2.50/kg;Fresh Fruit;Grapes;66;0.4;null;15.4;0.1;null;0.7;0.01;
260138514;Tesco Seedless Grape Selection Pack 500G;£2.00;£4.00/kg;Fresh Fruit;Grapes;66;0.4;null;15.4;0.1;0.1;0.7;0.01;
260278123;Tesco Giant Mango Each;£1.80;£1.80/each;Fresh Fruit;Kiwi & Mango;null;null;null;null;null;null;null;null;
255805844;Tesco Perfectly Ripe Mango;£1.00;£1.00/each;Fresh Fruit;Kiwi & Mango;70;0.7;null;13.8;0.2;null;2.6;null;
282764188;Tesco Mango 275G;£2.00;£7.28/kg;Fresh Fruit;Kiwi & Mango;63;0.7;null;13.3;0.2;0.1;1.8;null;
252949690;Tesco Perfectly Ripe Kiwi Pack 4 Pack;£1.65;£0.41/each;Fresh Fruit;Kiwi & Mango;55;1.1;null;10.3;0.5;0.1;1.9;null;
282154363;Tesco Ripe And Ready Mango 3 Pack;£2.50;£0.83/each;Fresh Fruit;Kiwi & Mango;null;null;null;null;null;null;null;null;
253554285;Tesco Large Kiwi Fruit Each;£0.30;£0.30/each;Fresh Fruit;Kiwi & Mango;null;null;null;null;null;null;null;null;
282744270;Tesco Mango, Melon And Apple Fingers 240G;£2.00;£8.34/kg;Fresh Fruit;Kiwi & Mango;45;0.5;null;9.5;0.1;0;1.7;0.01;
253381878;Tesco Kiwi Fruits 6 Pack;£1.00;£0.20/each;Fresh Fruit;Kiwi & Mango;55;1.1;null;10.3;0.5;0.1;1.9;0.01;
259417448;Tesco Everyday Value Kiwi Fruit Pack;£0.83;£0.14/each;Fresh Fruit;Kiwi & Mango;55;1.1;null;10.3;0.5;0.2;1.9;0.01;
280004867;Tesco Pineapple Chunks 130G;£1.00;£7.70/kg;Fresh Fruit;Melons & Pineapples;45;0.4;null;9.8;0.2;0.1;1.2;0.01;
254385356;Tesco Galia Melon Each;£1.75;£1.75/each;Fresh Fruit;Melons & Pineapples;null;null;null;null;null;null;null;null;
254638605;Tesco Watermelon;£3.00;£3.00/each;Fresh Fruit;Melons & Pineapples;null;null;null;null;null;null;null;null;
255230763;Tesco Pineapple;£1.00;£1.00/each;Fresh Fruit;Melons & Pineapples;null;null;null;null;null;null;null;null;
260905678;Tesco Extra Large Pineapple Each;£1.50;£1.50/each;Fresh Fruit;Melons & Pineapples;null;null;null;null;null;null;null;null;
279907364;Melon And Grape Duo 130G;£1.00;£7.70/kg;Fresh Fruit;Melons & Pineapples;33;0.6;null;7.0;0.1;0;0.7;0.1;
258336461;Tesco Everyday Value Melon;£0.90;£0.90/each;Fresh Fruit;Melons & Pineapples;null;null;null;null;null;null;null;null;
279934971;Tesco Mouthwatering Melon 130G;£1.00;£7.70/kg;Fresh Fruit;Melons & Pineapples;29;0.5;null;5.9;0.2;0;0.6;0.1;
254650837;Tesco Piel De Sapo Melon Each;£2.25;£2.25/each;Fresh Fruit;Melons & Pineapples;null;null;null;null;null;null;null;null;
265107198;Tesco Melon And Grapes Duo 400G;£2.00;£5.00/kg;Fresh Fruit;Melons & Pineapples;33;0.6;null;7.0;0.1;0;0.7;0.1;
259414298;Tesco Everyday Value Pineapple Each;£0.80;£0.80/each;Fresh Fruit;Melons & Pineapples;null;null;null;null;null;null;null;null;
254384645;Tesco Honeydew Melon;£2.00;£2.00/each;Fresh Fruit;Melons & Pineapples;null;null;null;null;null;null;null;null;
254814662;Tesco Pineapple Chunks 400G;£2.00;£5.00/kg;Fresh Fruit;Melons & Pineapples;45;0.4;null;9.8;0.2;0.1;1.2;0.01;
256582085;Tesco Cantaloupe Melon Each;£1.75;£1.75/each;Fresh Fruit;Melons & Pineapples;22;0.6;null;4.2;0.1;0.1;1.0;0.1;
266782962;Tesco Super Sweet Nectarine Pack;£2.00;£0.67/each;Fresh Fruit;Nectarines & Peaches;null;null;null;null;null;null;null;null;
265421948;Tesco Ripen At Home Peaches Min 4 Pack;£1.75;£0.44/each;Fresh Fruit;Nectarines & Peaches;null;null;null;null;null;null;null;null;
266782985;Tesco Super Sweet Peaches Min 3 Pack;£6.37;£16.05/kg;Fresh Fruit;Nectarines & Peaches;null;null;null;null;null;null;null;null;
265421879;Tesco Ripen At Home Nectarines Min 4 Pack;£1.75;£0.44/each;Fresh Fruit;Nectarines & Peaches;null;null;null;null;null;null;null;null;
268734435;Tesco Organic Fair Trade Bananas 6 Pack;£1.65;£0.28/each;Fresh Fruit;Organic Fruit;null;null;null;null;null;null;null;null;
256991482;Tesco Organic Blueberries 150G;£0.85;£0.28/100ml;Fresh Fruit;Organic Fruit;null;null;null;null;null;null;null;null;
250404353;Tesco Organic Sweet Easy Peeler Min 4 Pack;£1.75;£0.44/each;Fresh Fruit;Organic Fruit;42;0.9;null;8.7;0.1;0;1.2;0.01;
262057163;Tesco Organic Roasted Pistachios 100G;£2.25;£22.50/kg;Fresh Fruit;Organic Fruit;585;20.9;null;7.7;44.8;5.5;9.9;0.1;
261834005;Tesco Organic Walnuts 100G;£2.25;£22.50/kg;Fresh Fruit;Organic Fruit;689;15.2;null;2.6;65.2;6.1;6.7;0.01;
287009091;Tesco Organic Gala Apples 630G;£2.50;£3.97/kg;Fresh Fruit;Organic Fruit;null;null;null;null;null;null;null;null;
287024383;Tesco Organic Braeburn Apples 630G;£2.50;£3.97/kg;Fresh Fruit;Organic Fruit;null;null;null;null;null;null;null;null;
250299925;Tesco Organic Red Or Black Grapes 400G;£2.50;£6.25/kg;Fresh Fruit;Organic Fruit;null;null;null;null;null;null;null;null;
252201146;Tesco Organic Unwaxed Lemons Min 3 Pack;£1.00;£0.33/each;Fresh Fruit;Organic Fruit;20;1.0;null;3.2;0.3;0.1;0.1;0.1;
287024550;Tesco Organic Orchard Selection 550G;£2.50;£4.55/kg;Fresh Fruit;Organic Fruit;null;null;null;null;null;null;null;null;
262792946;Tesco Organic Oranges Min 3 Pack;£2.00;£10.00/kg;Fresh Fruit;Organic Fruit;43;1.1;null;8.5;0.1;0.1;1.7;0.1;
250281502;Tesco Organic Medjool Dates 200G;£2.00;£10.00/kg;Fresh Fruit;Organic Fruit;275;1.8;null;58.5;0.2;0.1;7.3;0.1;
266356816;Tesco Organic Hazelnuts 200G;£2.50;£12.50/kg;Fresh Fruit;Organic Fruit;665;14.1;null;4.0;63.5;4.7;6.5;0.1;
266565966;Tesco Organic Cashew Nuts 150G;£2.75;£18.34/kg;Fresh Fruit;Organic Fruit;583;17.7;null;4.6;48.2;8.3;3.2;null;
287024636;Tesco Organic Ripe And Ready Pears 550G;£2.50;£4.55/kg;Fresh Fruit;Organic Fruit;null;null;null;null;null;null;null;null;
287024728;Tesco Organic Selected Pears 450G;£1.00;£2.23/kg;Fresh Fruit;Organic Fruit;null;null;null;null;null;null;null;null;
266356851;Tesco Organic Almonds 200G;£2.80;£14.00/kg;Fresh Fruit;Organic Fruit;592;21.2;null;3.9;49.4;3.7;12.2;0.01;
287024855;Tesco Organic British Apples 630G;£2.00;£3.18/kg;Fresh Fruit;Organic Fruit;null;null;null;null;null;null;null;null;
250414859;Tesco Organic Raspberries 125G;£2.00;£16.00/kg;Fresh Fruit;Organic Fruit;null;null;null;null;null;null;null;null;
268437188;Tesco Organic Goodness Bananas Pack;£1.50;£0.25/each;Fresh Fruit;Organic Fruit;null;null;null;null;null;null;null;null;
256982752;Tesco Organic Kiwi 4 Pack;£0.99;£0.79/100g;Fresh Fruit;Organic Fruit;null;null;null;null;null;null;null;null;
280967222;Tesco Yellow Plums 300G;£1.50;£5.00/kg;Fresh Fruit;Plums & Apricots;null;null;null;null;null;null;null;null;
280621082;Supersweet Plums 325G;£2.00;£6.16/kg;Fresh Fruit;Plums & Apricots;null;null;null;null;null;null;null;null;
264778166;Tesco Ripen At Home Plums 400G;£0.79;£1.98/kg;Fresh Fruit;Plums & Apricots;null;null;null;null;null;null;null;null;
253559216;Tesco Plums Loose;£0.20;£3.99/kg;Fresh Fruit;Plums & Apricots;null;null;null;null;null;null;null;null;
259417145;Tesco Everyday Value Plums 1Kg;£2.20;£2.20/kg;Fresh Fruit;Plums & Apricots;null;null;null;null;null;null;null;null;
279844518;Tesco Apple And Strawberry Fruit Salad 125G;£1.00;£8.00/kg;Fresh Fruit;Fresh Cut Fruit;46;0.5;null;9.9;0.1;0;1.6;0.01;
284735485;Tesco Kiwi, Strawberry And Melon 240G;£2.00;£8.34/kg;Fresh Fruit;Fresh Cut Fruit;43;0.9;null;7.7;0.3;0;2.6;0.1;
287651953;Tesco Apple, Plum And Grapes With Drizzle 225G;£2.00;£8.89/kg;Fresh Fruit;Fresh Cut Fruit;60;0.5;null;12.7;0.2;0.1;2.0;0.01;
287652042;Tesco Mango And Pineapple With Drizzle 220G;£2.00;£8.34/kg;Fresh Fruit;Fresh Cut Fruit;74;0.6;null;13.0;1.4;1.1;1.7;0.01;
285363433;Tesco Chunky Melon Slices 550G;£2.50;£4.55/kg;Fresh Fruit;Fresh Cut Fruit;17;0.4;null;3.4;0.1;0;0.5;0.1;
285363312;Tesco Mango And Pineapple Fingers 80G;£1.00;£12.50/kg;Fresh Fruit;Fresh Cut Fruit;54;0.6;null;11.6;0.2;0.1;1.5;0.01;
279532444;Tesco Coconut Pieces 100G;£1.00;£10.00/kg;Fresh Fruit;Fresh Cut Fruit;371;3.8;null;3.5;36.0;31.0;9.0;0.1;
274983314;Tesco Melon Grapes And Pineapple Fingers 300G;£2.00;£0.67/100g;Fresh Fruit;Fresh Cut Fruit;41;0.5;null;9.0;0.1;0;1.0;0.01;
279844956;Tesco Grape And Strawberry Fruit Salad 125G;£1.00;£8.00/kg;Fresh Fruit;Fresh Cut Fruit;54;0.5;null;12.4;0.1;0;0.8;0.01;
282595172;Tesco Grape, Plum And Blueberry 240G;£2.00;£8.34/kg;Fresh Fruit;Fresh Cut Fruit;58;0.6;null;12.1;0.1;0;1.1;0.01;
280115275;Tesco Berry Medley 240G;£2.00;£8.34/kg;Fresh Fruit;Fresh Cut Fruit;50;0.6;null;11.2;0.1;0;1.1;0.01;
279934971;Tesco Mouthwatering Melon 130G;£1.00;£7.70/kg;Fresh Fruit;Fresh Cut Fruit;29;0.5;null;5.9;0.2;0;0.6;0.1;
279565543;Tesco Melon And Grapes 130G;£1.00;£7.70/kg;Fresh Fruit;Fresh Cut Fruit;33;0.6;null;7.0;0.1;0;0.7;0.1;
274983482;Tesco Melon And Pineapple Finger Trio 300G;£2.00;£6.67/kg;Fresh Fruit;Fresh Cut Fruit;35;0.4;null;7.6;0.2;0;0.8;0.1;
269022942;Tesco Grape Snack Pack 80G;£0.50;£6.25/kg;Fresh Fruit;Fresh Cut Fruit;66;0.4;null;15.4;0.1;0.1;1.0;0.01;
286681826;Tesco Grape Snack Pack 80G;£0.50;£6.25/kg;Fresh Fruit;Fresh Cut Fruit;66;0.4;null;15.4;0.1;0.1;1.0;0.01;
287651812;Tesco Fruit Salad 240G;£2.00;£8.34/kg;Fresh Fruit;Fresh Cut Fruit;51;0.6;null;10.8;0.2;0.1;1.4;0.01;
280134494;Tesco Berry Medley 240G;£2.00;£8.34/kg;Fresh Fruit;Fresh Cut Fruit;50;0.6;null;11.2;0.1;0;1.1;0.01;
286681740;Tesco Apple And Grape Snack Pack 80G;£0.50;£6.25/kg;Fresh Fruit;Fresh Cut Fruit;57;0.3;null;12.3;0.1;0.1;2.6;0.1;
286681924;Tesco Apple Snack Pack 80G;£0.50;£6.25/kg;Fresh Fruit;Fresh Cut Fruit;55;0.3;null;12.3;0.1;0.1;1.8;0.1;
287570576;Tesco P/Apple,Mango Blueberry And Passion Fruit 220G;£2.00;£9.10/kg;Fresh Fruit;Fresh Cut Fruit;32;0.6;null;6.3;0.1;0;1.8;0.1;
266603588;Tesco Pink Lady And Grapes Snack Pack 80G;£0.50;£6.25/kg;Fresh Fruit;Fresh Cut Fruit;58;0.4;null;12.6;0.1;0.1;2.3;0.01;
265107198;Tesco Melon And Grapes Duo 400G;£2.00;£5.00/kg;Fresh Fruit;Fresh Cut Fruit;33;0.6;null;7.0;0.1;0;0.7;0.1;
279907364;Melon And Grape Duo 130G;£1.00;£7.70/kg;Fresh Fruit;Fresh Cut Fruit;33;0.6;null;7.0;0.1;0;0.7;0.1;
279565163;Tesco Watermelon Chunks 130G;£1.00;£7.70/kg;Fresh Fruit;Fresh Cut Fruit;33;0.4;null;6.9;0.3;0.1;0.5;0.01;
254814662;Tesco Pineapple Chunks 400G;£2.00;£5.00/kg;Fresh Fruit;Fresh Cut Fruit;45;0.4;null;9.8;0.2;0.1;1.2;0.01;
273888602;Tesco Pomegranate Seeds 80G;£1.00;£12.50/kg;Fresh Fruit;Fresh Cut Fruit;53;1.3;null;11.2;0.2;0;0.6;0.01;
282951393;Tesco Pineapple Melon Strawberry And Grape 400G;£2.50;£6.25/kg;Fresh Fruit;Fresh Cut Fruit;39;0.5;null;8.3;0.1;0.1;1.2;null;
265804571;Tesco Pink Lady Snack Pack 80G;£0.50;£6.25/kg;Fresh Fruit;Fresh Cut Fruit;54;0.4;null;11.6;0.1;0.1;2.7;0.1;
280004867;Tesco Pineapple Chunks 130G;£1.00;£7.70/kg;Fresh Fruit;Fresh Cut Fruit;45;0.4;null;9.8;0.2;0.1;1.2;0.01;
285347418;Tesco Pineapple Fingers 80G;£1.00;£12.50/kg;Fresh Fruit;Fresh Cut Fruit;45;0.4;null;9.8;0.2;0;1.2;0;
279565819;Tesco Pineapple Chunks 130G;£1.00;£7.70/kg;Fresh Fruit;Fresh Cut Fruit;45;0.4;null;9.8;0.2;0.1;1.2;0.01;
283230317;Tesco Tropical Fruit Mix 280G;£2.00;£7.15/kg;Fresh Fruit;Fresh Cut Fruit;51;0.5;null;11.0;0.2;0.1;1.5;0.01;
287652105;Tesco Whole Peeled Pineapple 600G;£2.50;£5.00/kg;Fresh Fruit;Fresh Cut Fruit;45;0.4;null;9.8;0.2;0.1;1.2;0.01;
282764188;Tesco Mango 275G;£2.00;£7.28/kg;Fresh Fruit;Fresh Cut Fruit;63;0.7;null;13.3;0.2;0.1;1.8;null;
282744270;Tesco Mango, Melon And Apple Fingers 240G;£2.00;£8.34/kg;Fresh Fruit;Fresh Cut Fruit;45;0.5;null;9.5;0.1;0;1.7;0.01;
283228914;Tesco Tropical Fruit Mix 280G;£2.00;£7.15/kg;Fresh Fruit;Fresh Cut Fruit;51;0.5;null;11.0;0.2;0.1;1.5;0.01;
285363387;Tesco Melon Finger Tray 80G;£1.00;£12.50/kg;Fresh Fruit;Fresh Cut Fruit;26;0.6;null;5.4;0.1;0;0.7;0.1;
259417448;Tesco Everyday Value Kiwi Fruit Pack;£0.83;£0.14/each;Fresh Fruit;Tropical & Exotic Fruit;55;1.1;null;10.3;0.5;0.2;1.9;0.01;
254385356;Tesco Galia Melon Each;£1.75;£1.75/each;Fresh Fruit;Tropical & Exotic Fruit;null;null;null;null;null;null;null;null;
258336461;Tesco Everyday Value Melon;£0.90;£0.90/each;Fresh Fruit;Tropical & Exotic Fruit;null;null;null;null;null;null;null;null;
259414298;Tesco Everyday Value Pineapple Each;£0.80;£0.80/each;Fresh Fruit;Tropical & Exotic Fruit;null;null;null;null;null;null;null;null;
255547786;Tesco Ripe Papaya Each;£1.50;£1.50/each;Fresh Fruit;Tropical & Exotic Fruit;43;0.5;null;8.8;0.1;0;2.2;null;
260905678;Tesco Extra Large Pineapple Each;£1.50;£1.50/each;Fresh Fruit;Tropical & Exotic Fruit;null;null;null;null;null;null;null;null;
256582085;Tesco Cantaloupe Melon Each;£1.75;£1.75/each;Fresh Fruit;Tropical & Exotic Fruit;22;0.6;null;4.2;0.1;0.1;1.0;0.1;
254638605;Tesco Watermelon;£3.00;£3.00/each;Fresh Fruit;Tropical & Exotic Fruit;null;null;null;null;null;null;null;null;
254384645;Tesco Honeydew Melon;£2.00;£2.00/each;Fresh Fruit;Tropical & Exotic Fruit;null;null;null;null;null;null;null;null;
255805844;Tesco Perfectly Ripe Mango;£1.00;£1.00/each;Fresh Fruit;Tropical & Exotic Fruit;70;0.7;null;13.8;0.2;null;2.6;null;
253554982;Tesco Pomegranates Each;£1.50;£1.50/each;Fresh Fruit;Tropical & Exotic Fruit;null;null;null;null;null;null;null;null;
252949690;Tesco Perfectly Ripe Kiwi Pack 4 Pack;£1.65;£0.41/each;Fresh Fruit;Tropical & Exotic Fruit;55;1.1;null;10.3;0.5;0.1;1.9;null;
253381878;Tesco Kiwi Fruits 6 Pack;£1.00;£0.20/each;Fresh Fruit;Tropical & Exotic Fruit;55;1.1;null;10.3;0.5;0.1;1.9;0.01;
253554452;Tesco Coconuts Each;£0.80;£0.80/each;Fresh Fruit;Tropical & Exotic Fruit;397;3.2;null;2.0;35.0;30.6;7.2;0.1;
255230763;Tesco Pineapple;£1.00;£1.00/each;Fresh Fruit;Tropical & Exotic Fruit;null;null;null;null;null;null;null;null;
260278123;Tesco Giant Mango Each;£1.80;£1.80/each;Fresh Fruit;Tropical & Exotic Fruit;null;null;null;null;null;null;null;null;
254650837;Tesco Piel De Sapo Melon Each;£2.25;£2.25/each;Fresh Fruit;Tropical & Exotic Fruit;null;null;null;null;null;null;null;null;
253554285;Tesco Large Kiwi Fruit Each;£0.30;£0.30/each;Fresh Fruit;Tropical & Exotic Fruit;null;null;null;null;null;null;null;null;
272897950;Tesco Black Figs 4 Pack;£2.50;£0.63/each;Fresh Fruit;Tropical & Exotic Fruit;49;1.3;null;9.5;0.3;0.1;1.5;0.01;
282154363;Tesco Ripe And Ready Mango 3 Pack;£2.50;£0.83/each;Fresh Fruit;Tropical & Exotic Fruit;null;null;null;null;null;null;null;null;
255836847;Tesco Physalis 100G;£1.00;£10.00/kg;Fresh Fruit;Tropical & Exotic Fruit;49;0.9;null;3.2;3.0;1.1;5.7;null;
287872305;Tesco Granadilla Each;£1.00;£1.00/each;Fresh Fruit;Tropical & Exotic Fruit;null;null;null;null;null;null;null;null;
272600381;Tesco Ripe Papaya 2 Pack;£2.50;£1.25/each;Fresh Fruit;Tropical & Exotic Fruit;null;null;null;null;null;null;null;null;
265460855;Tesco Passion Fruit 3 Pack;£1.50;£0.50/each;Fresh Fruit;Tropical & Exotic Fruit;null;null;null;null;null;null;null;null;
261028286;Tesco Sharon Fruit Each;£1.50;£1.50/each;Fresh Fruit;Tropical & Exotic Fruit;85;0.8;null;18.6;trace;trace;1.6;null;
257211126;Tesco Baby Courgettes 200G;£1.40;£7.00/kg;Fresh Vegetables;Baby Vegetables;null;null;null;null;null;null;null;null;
256989802;Tesco Babycorn And Mangetout 175G;£1.70;£9.72/kg;Fresh Vegetables;Baby Vegetables;31;2.9;null;2.5;0.2;0.1;2.1;0.01;
259264100;Tesco Baby Carrots 200G;£1.60;£8.00/kg;Fresh Vegetables;Baby Vegetables;null;null;null;null;null;null;null;null;
256301753;Tesco Baby Leeks 110G;£1.60;£14.55/kg;Fresh Vegetables;Baby Vegetables;null;null;null;null;null;null;null;null;
285278678;Tesco Baby Turnips 320G;£1.60;£8.00/kg;Fresh Vegetables;Baby Vegetables;null;null;null;null;null;null;null;null;
252544097;Tesco Baby Leaf Greens 200G;£1.00;£5.00/kg;Fresh Vegetables;Baby Vegetables;null;null;null;null;null;null;null;null;
268889136;Tesco Prepared Baby Sprouts 180G;£1.00;£6.67/kg;Fresh Vegetables;Baby Vegetables;51;3.5;null;3.1;1.4;0.3;4.1;null;
273483804;Tesco Baby Spinach 240G;£1.50;£0.63/100g;Fresh Vegetables;Baby Vegetables;30;2.8;null;1.5;0.8;0.1;2.7;0.4;
279336786;Tesco Baby Corn 190G;£1.40;£7.37/kg;Fresh Vegetables;Baby Vegetables;28;2.5;null;1.9;0.4;0.1;2.0;0.3;
250869015;Tesco Organic Baby Corn 125G;£1.60;£12.80/kg;Fresh Vegetables;Baby Vegetables;28;2.3;null;1.9;0.4;0.1;2.0;0.1;
282648902;Tesco Baby Pak Choi 120G;£1.60;£13.34/kg;Fresh Vegetables;Baby Vegetables;null;null;null;null;null;null;null;null;
259764349;Tesco Baby Parsnips 230G;£1.60;£6.96/kg;Fresh Vegetables;Baby Vegetables;null;null;null;null;null;null;null;null;
264653295;Tesco Stir Fry Vegetable Medley 220G;£2.35;£10.69/kg;Fresh Vegetables;Baby Vegetables;41;2.6;null;4.8;0.4;0.1;2.3;0.1;
279627298;Tesco Tendersweet Carrots 150G;£2.00;£13.34/kg;Fresh Vegetables;Baby Vegetables;null;null;null;null;null;null;null;null;
253430898;Tesco Chefs Vegetable Medley 280G;£2.35;£8.40/kg;Fresh Vegetables;Baby Vegetables;33;2.1;null;3.7;0.4;null;2.0;null;
264512762;Tesco Finest Sweetfire Baby Beetroot 180G;£1.50;£8.34/kg;Fresh Vegetables;Baby Vegetables;null;null;null;null;null;null;null;null;
257231200;Tesco Broccoli Loose;£0.53;£1.40/kg;Fresh Vegetables;Broccoli, Brussel Sprouts, Cabbage & Cauliflower;null;null;null;null;null;null;null;null;
253382096;Tesco Green Cabbage Each;£0.80;£0.80/each;Fresh Vegetables;Broccoli, Brussel Sprouts, Cabbage & Cauliflower;null;null;null;null;null;null;null;null;
276775005;Tesco Cabbage And Leek (C);£1.25;£4.17/kg;Fresh Vegetables;Broccoli, Brussel Sprouts, Cabbage & Cauliflower;null;null;null;null;null;null;null;null;
259416031;Tesco Everyday Value Cabbage;£0.69;£0.69/each;Fresh Vegetables;Broccoli, Brussel Sprouts, Cabbage & Cauliflower;null;null;null;null;null;null;null;null;
279647204;Tesco Asparagus And Tender Stem Broccoli 190G;£2.25;£11.85/kg;Fresh Vegetables;Broccoli, Brussel Sprouts, Cabbage & Cauliflower;null;null;null;null;null;null;null;null;
254941983;Tesco Sweetheart Cabbage Each;£0.49;£0.49/each;Fresh Vegetables;Broccoli, Brussel Sprouts, Cabbage & Cauliflower;null;null;null;null;null;null;null;null;
276775218;Tesco Cauliflower / Broccoli Florets 400G (M);£1.00;£2.50/kg;Fresh Vegetables;Broccoli, Brussel Sprouts, Cabbage & Cauliflower;null;null;null;null;null;null;null;null;
280404472;Tesco Purple Sprouting Broccoli 200G;£1.75;£8.75/kg;Fresh Vegetables;Broccoli, Brussel Sprouts, Cabbage & Cauliflower;null;null;null;null;null;null;null;null;
257479195;Tesco Organic Cauliflower Each;£2.00;£2.00/each;Fresh Vegetables;Broccoli, Brussel Sprouts, Cabbage & Cauliflower;null;null;null;null;null;null;null;null;
264105668;Tesco Broccoli 335G;£0.49;£1.47/kg;Fresh Vegetables;Broccoli, Brussel Sprouts, Cabbage & Cauliflower;null;null;null;null;null;null;null;null;
256725879;Tesco Organic Seasonal Cabbage;£1.30;£1.30/each;Fresh Vegetables;Broccoli, Brussel Sprouts, Cabbage & Cauliflower;40;3.0;null;2.7;1.0;0.1;3.4;0.01;
255838396;Tesco Savoy Cabbage Each;£0.80;£0.80/each;Fresh Vegetables;Broccoli, Brussel Sprouts, Cabbage & Cauliflower;null;null;null;null;null;null;null;null;
267815791;Tesco Organic Broccoli 300G;£1.25;£4.17/kg;Fresh Vegetables;Broccoli, Brussel Sprouts, Cabbage & Cauliflower;null;null;null;null;null;null;null;null;
259418956;Tesco Everyday Value Cauliflower Each;£0.89;£0.89/each;Fresh Vegetables;Broccoli, Brussel Sprouts, Cabbage & Cauliflower;null;null;null;null;null;null;null;null;
256473491;Tesco Red Cabbage Each;£0.52;£0.80/kg;Fresh Vegetables;Broccoli, Brussel Sprouts, Cabbage & Cauliflower;null;null;null;null;null;null;null;null;
253558119;Tesco Cauliflower Each;£1.00;£1.00/each;Fresh Vegetables;Broccoli, Brussel Sprouts, Cabbage & Cauliflower;null;null;null;null;null;null;null;null;
280108932;Tesco Tender Stem Tips 120G;£1.35;£11.25/kg;Fresh Vegetables;Broccoli, Brussel Sprouts, Cabbage & Cauliflower;38;4.4;null;1.5;0.9;0.2;2.6;0.1;
271925361;Tesco Cauliflower Extra Large Each;£1.85;£1.85/each;Fresh Vegetables;Broccoli, Brussel Sprouts, Cabbage & Cauliflower;null;null;null;null;null;null;null;null;
253561414;Tesco White Cabbage Each;£0.55;£0.60/kg;Fresh Vegetables;Broccoli, Brussel Sprouts, Cabbage & Cauliflower;null;null;null;null;null;null;null;null;
279232920;Tesco Tender Stem Broccoli 220G;£2.00;£9.10/kg;Fresh Vegetables;Broccoli, Brussel Sprouts, Cabbage & Cauliflower;38;4.4;null;1.5;0.9;0.2;2.6;0.1;
272507324;Tesco Carrot And Broccoli 400G;£1.25;£3.13/kg;Fresh Vegetables;Broccoli, Brussel Sprouts, Cabbage & Cauliflower;null;null;null;null;null;null;null;null;
253560784;Tesco Brussels Sprouts Loose;£0.06;£2.00/kg;Fresh Vegetables;Broccoli, Brussel Sprouts, Cabbage & Cauliflower;null;null;null;null;null;null;null;null;
277926811;Tesco Organic Tender Stem Broccoli 200G;£2.50;£12.50/kg;Fresh Vegetables;Broccoli, Brussel Sprouts, Cabbage & Cauliflower;null;null;null;null;null;null;null;null;
264808038;Tesco Peeled Brussels Sprouts 250G;£1.00;£4.00/kg;Fresh Vegetables;Broccoli, Brussel Sprouts, Cabbage & Cauliflower;null;null;null;null;null;null;null;null;
267280575;Tesco Brussels Sprouts Stalk;£1.50;£1.50/each;Fresh Vegetables;Broccoli, Brussel Sprouts, Cabbage & Cauliflower;null;null;null;null;null;null;null;null;
267681056;Tesco Cauliflower Broccoli Florets 400G;£1.00;£2.50/kg;Fresh Vegetables;Broccoli, Brussel Sprouts, Cabbage & Cauliflower;null;null;null;null;null;null;null;null;
282151147;Tesco Fine Beans And Tender Stem Broccoli 210G;£2.00;£9.53/kg;Fresh Vegetables;Broccoli, Brussel Sprouts, Cabbage & Cauliflower;32;2.5;null;2.2;0.4;0.1;2.6;0;
253564647;Tesco Organic Red Or White Cabbages Loose;£1.27;£1.75/kg;Fresh Vegetables;Broccoli, Brussel Sprouts, Cabbage & Cauliflower;null;null;null;null;null;null;null;null;
253556507;Tesco Brussels Sprouts 500G;£1.50;£1.16/100g;Fresh Vegetables;Broccoli, Brussel Sprouts, Cabbage & Cauliflower;null;null;null;null;null;null;null;null;
272666613;Tesco Cauliflower And Broccoli 680G;£1.65;£2.43/kg;Fresh Vegetables;Broccoli, Brussel Sprouts, Cabbage & Cauliflower;null;null;null;null;null;null;null;null;
257804652;Tesco Carrots 600G;£0.50;£0.83/kg;Fresh Vegetables;Carrots & Root Veg;null;null;null;null;null;null;null;null;
253560588;Tesco Carrots 1Kg;£0.60;£0.60/kg;Fresh Vegetables;Carrots & Root Veg;null;null;null;null;null;null;null;null;
279525234;Tesco Chantenay Carrots 500G;£0.90;£1.80/kg;Fresh Vegetables;Carrots & Root Veg;null;null;null;null;null;null;null;null;
264512762;Tesco Finest Sweetfire Baby Beetroot 180G;£1.50;£8.34/kg;Fresh Vegetables;Carrots & Root Veg;null;null;null;null;null;null;null;null;
268474258;Tesco Everyday Value Leeks 750G;£1.40;£1.87/kg;Fresh Vegetables;Carrots & Root Veg;27;1.6;null;2.2;0.5;0.1;2.2;0.01;
274234200;Tesco Everyday Value Carrots Minimum 1Kg;£0.53;£0.53/kg;Fresh Vegetables;Carrots & Root Veg;null;null;null;null;null;null;null;null;
253557408;Tesco Parsnips Loose;£0.19;£1.29/kg;Fresh Vegetables;Carrots & Root Veg;null;null;null;null;null;null;null;null;
268875020;Tesco Finest Imperator Carrots 450G;£1.50;£3.34/kg;Fresh Vegetables;Carrots & Root Veg;42;0.6;null;7.4;0.3;0.1;2.4;0.1;
254638565;Tesco Carrots Loose;£0.08;£0.75/kg;Fresh Vegetables;Carrots & Root Veg;null;null;null;null;null;null;null;null;
279627298;Tesco Tendersweet Carrots 150G;£2.00;£13.34/kg;Fresh Vegetables;Carrots & Root Veg;null;null;null;null;null;null;null;null;
255964067;Tesco Parsnips Pack 500G;£0.85;£1.70/kg;Fresh Vegetables;Carrots & Root Veg;null;null;null;null;null;null;null;null;
259505409;Tesco Everyday Value Parsnips 750G;£0.90;£1.20/kg;Fresh Vegetables;Carrots & Root Veg;null;null;null;null;null;null;null;null;
280084097;Tesco Small Swede Each;£0.70;£0.70/each;Fresh Vegetables;Carrots & Root Veg;null;null;null;null;null;null;null;null;
256301753;Tesco Baby Leeks 110G;£1.60;£14.55/kg;Fresh Vegetables;Carrots & Root Veg;null;null;null;null;null;null;null;null;
259264100;Tesco Baby Carrots 200G;£1.60;£8.00/kg;Fresh Vegetables;Carrots & Root Veg;null;null;null;null;null;null;null;null;
267524806;Tesco Leeks 500G;£1.50;£3.00/kg;Fresh Vegetables;Carrots & Root Veg;27;1.6;null;2.2;0.5;0.1;2.2;0.01;
259764349;Tesco Baby Parsnips 230G;£1.60;£6.96/kg;Fresh Vegetables;Carrots & Root Veg;null;null;null;null;null;null;null;null;
253555998;Tesco Leeks Loose;£0.44;£1.75/kg;Fresh Vegetables;Carrots & Root Veg;27;1.6;null;2.2;0.5;0.1;2.2;0.01;
253430898;Tesco Chefs Vegetable Medley 280G;£2.35;£8.40/kg;Fresh Vegetables;Carrots & Root Veg;33;2.1;null;3.7;0.4;null;2.0;null;
285794147;Tesco Bunched Carrots Each;£1.50;£1.50/each;Fresh Vegetables;Carrots & Root Veg;null;null;null;null;null;null;null;null;
254305591;Tesco Swede Each;£1.00;£1.00/each;Fresh Vegetables;Carrots & Root Veg;null;null;null;null;null;null;null;null;
283053095;Tesco Horseradish Root Each;£4.00;£2.23/100g;Fresh Vegetables;Carrots & Root Veg;null;null;null;null;null;null;null;null;
255932007;Tesco Celeriac Loose;null;null;Fresh Vegetables;Carrots & Root Veg;25;1.2;null;1.8;0.4;null;3.7;0.3;
253877571;Tesco Everyday Value Beetroot Vacuum Pack 500G;£0.49;£0.98/kg;Fresh Vegetables;Carrots & Root Veg;null;null;null;null;null;null;null;null;
265290508;Tesco Turnips Each;£0.75;£0.75/each;Fresh Vegetables;Carrots & Root Veg;null;null;null;null;null;null;null;null;
272947742;Tesco Cooked Beetroot Vacuum Pack 300G;£0.80;£2.67/kg;Fresh Vegetables;Carrots & Root Veg;null;null;null;null;null;null;null;null;
259916424;Tesco Swede Portion Each;£0.80;£0.80/each;Fresh Vegetables;Carrots & Root Veg;null;null;null;null;null;null;null;null;
257990562;Tesco Traditional Fresh Cooked Beetroot 300G;£1.00;£3.34/kg;Fresh Vegetables;Carrots & Root Veg;null;null;null;null;null;null;null;null;
284933475;Tesco Fennel 400G;£2.00;£5.00/kg;Fresh Vegetables;Carrots & Root Veg;null;null;null;null;null;null;null;null;
256858664;Tesco Organic Leeks 400G;£2.00;£5.00/kg;Fresh Vegetables;Carrots & Root Veg;null;null;null;null;null;null;null;null;
282137758;Smokey Shredded Beetroot 180G;£1.25;£6.95/kg;Fresh Vegetables;Carrots & Root Veg;null;null;null;null;null;null;null;null;
262979857;Tesco Garlic 4 Pack;£1.00;£0.25/each;Fresh Vegetables;Chillies, Garlic & Ginger;110;7.9;null;1.6;0.6;0.1;4.1;0.01;
253194105;Tesco Finger Chillies 80G;£0.90;£11.25/kg;Fresh Vegetables;Chillies, Garlic & Ginger;20;2.9;null;0.7;0.6;0.1;0;0.1;
253553948;Tesco Green Chillies 65G;£0.60;£9.24/kg;Fresh Vegetables;Chillies, Garlic & Ginger;null;null;null;null;null;null;null;null;
263943986;Tesco Organic Garlic 3 Pack;£0.90;£0.30/each;Fresh Vegetables;Chillies, Garlic & Ginger;110;7.9;null;1.6;0.6;0.1;4.1;null;
272682288;Tesco Chef's Choice Garlic Each;£0.50;£0.50/each;Fresh Vegetables;Chillies, Garlic & Ginger;110;7.9;null;1.6;0.6;0.1;4.1;null;
256339363;Tesco Red Chillies 60G;£0.60;£10.00/kg;Fresh Vegetables;Chillies, Garlic & Ginger;null;null;null;null;null;null;null;null;
262453391;Tesco Mixed Chillies 65G;£0.60;£9.24/kg;Fresh Vegetables;Chillies, Garlic & Ginger;null;null;null;null;null;null;null;null;
263386065;Tesco Garlic Each;£0.30;£0.30/each;Fresh Vegetables;Chillies, Garlic & Ginger;110;7.9;null;1.6;0.6;0.1;4.1;0.01;
263388823;Tesco Ginger 125G;£0.99;£7.92/kg;Fresh Vegetables;Chillies, Garlic & Ginger;44;1.4;null;2.4;0.6;0.2;2.0;0.1;
259413656;Tesco Everyday Value Garlic 3 Pack;£0.49;£0.16/each;Fresh Vegetables;Chillies, Garlic & Ginger;110;7.9;null;1.6;0.6;0.1;4.1;0.01;
253559297;Tesco Root Ginger Loose;£0.90;£3.00/kg;Fresh Vegetables;Chillies, Garlic & Ginger;null;null;null;null;null;null;null;null;
279647204;Tesco Asparagus And Tender Stem Broccoli 190G;£2.25;£11.85/kg;Fresh Vegetables;Courgettes, Aubergines & Asparagus;null;null;null;null;null;null;null;null;
257211126;Tesco Baby Courgettes 200G;£1.40;£7.00/kg;Fresh Vegetables;Courgettes, Aubergines & Asparagus;null;null;null;null;null;null;null;null;
266674936;Tesco Asparagus Bundles 250G;£1.65;£6.60/kg;Fresh Vegetables;Courgettes, Aubergines & Asparagus;29;2.9;null;1.9;0.6;0.1;2.1;0.01;
278637454;Tesco Fine Asparagus 110G;£1.65;£15.00/kg;Fresh Vegetables;Courgettes, Aubergines & Asparagus;28;2.9;null;1.9;0.6;0.1;1.7;0.3;
266344767;Tesco Aubergine Each;£0.75;£0.75/each;Fresh Vegetables;Courgettes, Aubergines & Asparagus;20;0.9;null;2.0;0.4;0.1;2.0;null;
253554596;Tesco Courgettes Loose;£0.40;£2.00/kg;Fresh Vegetables;Courgettes, Aubergines & Asparagus;20;1.8;null;1.7;0.4;null;0.9;0;
280404837;Tesco Courgettes Pre Packed 500G;£1.00;£2.00/kg;Fresh Vegetables;Courgettes, Aubergines & Asparagus;null;null;null;null;null;null;null;null;
279336607;Tesco Asparagus Tips 125G;£2.00;£20.00/kg;Fresh Vegetables;Courgettes, Aubergines & Asparagus;null;null;null;null;null;null;null;null;
285398979;Tesco Finest Asian Selection 150G;£1.75;£11.67/kg;Fresh Vegetables;Mushrooms;null;null;null;null;null;null;null;null;
268124986;Found! Dried Mixed Wild Mushrooms 25G;£2.00;£80.00/kg;Fresh Vegetables;Mushrooms;75 ;6.9;6;null;1.3;null;5.7;0.03;
280046454;Tesco Baby Button Mushrooms 200G;£1.00;£5.00/kg;Fresh Vegetables;Mushrooms;16;1.8;null;0.2;0.5;0.1;1.1;0.1;
273654879;Tesco Finest Forestiere Mushrooms 250G;£1.00;£4.00/kg;Fresh Vegetables;Mushrooms;null;null;null;null;null;null;null;null;
277812433;Tesco Everyday Value Closed Cup Mushrooms 350G;£0.79;£2.26/kg;Fresh Vegetables;Mushrooms;16;1.8;null;0.2;0.5;0.1;1.1;0.1;
279316390;Tesco Family Pack Mushrooms 625G;£2.00;£3.20/kg;Fresh Vegetables;Mushrooms;16;1.8;null;0.2;0.5;0.1;1.1;0.1;
278192789;Tesco Stuffed Mini Mushrooms 240G;£1.75;£7.30/kg;Fresh Vegetables;Mushrooms;92;2.2;null;1.5;7.1;4.5;1.0;0.1;
273796797;Tesco Organic Chestnut Mushrooms 250G;£1.25;£5.00/kg;Fresh Vegetables;Mushrooms;null;null;null;null;null;null;null;null;
253560219;Tesco Closed Cup Mushrooms Loose;£0.19;£2.68/kg;Fresh Vegetables;Mushrooms;16;1.8;null;0.2;0.5;0.1;1.1;0.1;
273664769;Tesco Finest Shiitake Mushrooms 125G;£1.25;£10.00/kg;Fresh Vegetables;Mushrooms;null;null;null;null;null;null;null;null;
277248006;Tesco Organic White Mushrooms 290G;£1.00;£3.45/kg;Fresh Vegetables;Mushrooms;null;null;null;null;null;null;null;null;
273796618;Tesco Chestnut Mushrooms 250G;£1.00;£4.00/kg;Fresh Vegetables;Mushrooms;16;1.8;null;0.2;0.5;0.1;1.1;0.1;
280046682;Tesco Closed Cup Mushrooms 300G;£1.00;£3.34/kg;Fresh Vegetables;Mushrooms;16;1.8;null;0.2;0.5;0.1;1.1;0.1;
255932232;Tesco Large Flat Mushrooms 300G;£1.00;£3.34/kg;Fresh Vegetables;Mushrooms;16;1.8;null;0.2;0.5;0.1;1.1;0.1;
280172612;Tesco Finest Large Flat Forestiere Mushrooms 250G;£1.75;£7.00/kg;Fresh Vegetables;Mushrooms;null;null;null;null;null;null;null;null;
279856049;Tesco Family Pack Chestnut Mushrooms 525G;£2.00;£3.81/kg;Fresh Vegetables;Mushrooms;16;1.8;null;0.2;0.5;0.1;1.1;0.1;
286021474;Tesco Finest Oyster Mushrooms 100G;£1.00;£10.00/kg;Fresh Vegetables;Mushrooms;null;null;null;null;null;null;null;null;
272866906;Tesco Finest Wild Mushrooms 100G;£1.10;£2.20/kg;Fresh Vegetables;Mushrooms;null;null;null;null;null;null;null;null;
250247999;Tesco Sliced Mushrooms 250G;£1.00;£4.00/kg;Fresh Vegetables;Mushrooms;null;null;null;null;null;null;null;null;
280108566;Tesco Sliced Mushroom And Garlic Butter 135G;£1.00;£7.41/kg;Fresh Vegetables;Mushrooms;59;2.4;null;0.5;3.8;2.4;1.3;0.1;
282763682;Tesco Stuffed Mushroom Ricotta And Spinach 200G;£1.75;£8.75/kg;Fresh Vegetables;Mushrooms;83;4.3;null;1.3;4.4;2.4;1.5;0.3;
280198242;Cooking Onions Brown Onions 2.5Kg;£1.95;£0.78/kg;Fresh Vegetables;Onions & Shallots;null;null;null;null;null;null;null;null;
265958666;Tesco Red Onions 1Kg;£1.00;£1.00/kg;Fresh Vegetables;Onions & Shallots;41;1.2;null;5.5;0.2;0;1.4;0.1;
255284687;Tesco Salad Onions 125G;£0.89;£7.12/kg;Fresh Vegetables;Onions & Shallots;28;2.0;null;2.8;0.5;0.1;1.5;0.1;
286784601;Tesco Sliced Red Onion 320G;£1.00;£3.13/kg;Fresh Vegetables;Onions & Shallots;37;0.9;null;4.7;0.2;0.1;1.6;0.1;
281035500;Tesco Bunched Spring Onions 100G;£0.49;£4.90/kg;Fresh Vegetables;Onions & Shallots;null;null;null;null;null;null;null;null;
281426090;Tesco Brown Onions 3 Pack Min 485G;£1.00;£2.07/kg;Fresh Vegetables;Onions & Shallots;null;null;null;null;null;null;null;null;
255736044;Tesco Brown Onions 1Kg;£0.79;£0.79/kg;Fresh Vegetables;Onions & Shallots;41;1.2;null;5.6;0.2;0;1.4;0.1;
281054492;Tesco Jumbo Spring Onions 130G;£1.00;£7.70/kg;Fresh Vegetables;Onions & Shallots;null;null;null;null;null;null;null;null;
281425851;Tesco Red Onions 3Pack Min 385G;£1.00;£2.60/kg;Fresh Vegetables;Onions & Shallots;null;null;null;null;null;null;null;null;
252903928;Shallots Onions 300G;£1.00;£3.34/kg;Fresh Vegetables;Onions & Shallots;24;1.5;null;3.3;0.2;0.1;1.4;0.01;
273761014;Tesco Everyday Value Onions 1Kg;£0.63;£0.63/kg;Fresh Vegetables;Onions & Shallots;null;null;null;null;null;null;null;null;
282649089;Tesco Finest Sweet Onion 3 Pack Min 385G;£1.50;£3.90/kg;Fresh Vegetables;Onions & Shallots;null;null;null;null;null;null;null;null;
286784440;Tesco Diced Onion 450G;£0.90;£2.00/kg;Fresh Vegetables;Onions & Shallots;42;1.2;null;3.7;0.2;0.1;1.9;0;
285959495;Tesco Rosanna Onions 1Kg;£1.00;£1.00/kg;Fresh Vegetables;Onions & Shallots;null;null;null;null;null;null;null;null;
253557034;Loose Brown Onions;£0.16;£0.78/kg;Fresh Vegetables;Onions & Shallots;41;1.2;null;5.6;0.2;0;1.4;0.1;
258114107;Tesco Red Onions Loose;£0.18;£0.85/kg;Fresh Vegetables;Onions & Shallots;41;1.2;null;5.5;0.2;0;1.4;0.1;
264705160;Tesco Organic Red Onions;£1.00;£1.87/kg;Fresh Vegetables;Onions & Shallots;41;1.2;null;5.6;0.2;0.1;1.4;0.01;
268597343;Tesco Organic Brown Onions 750G;£1.00;£1.34/kg;Fresh Vegetables;Onions & Shallots;41;1.2;null;5.6;0.2;0;1.4;0.1;
259098826;Tesco Finest Echalion Shallots 400G;£1.00;£2.50/kg;Fresh Vegetables;Onions & Shallots;24;1.5;null;3.3;0.2;trace;1.4;null;
256725879;Tesco Organic Seasonal Cabbage;£1.30;£1.30/each;Fresh Vegetables;Organic Vegetables;40;3.0;null;2.7;1.0;0.1;3.4;0.01;
279426357;Tesco Organic Green Beans 225G;£1.60;£7.12/kg;Fresh Vegetables;Organic Vegetables;null;null;null;null;null;null;null;null;
268597343;Tesco Organic Brown Onions 750G;£1.00;£1.34/kg;Fresh Vegetables;Organic Vegetables;41;1.2;null;5.6;0.2;0;1.4;0.1;
253764572;Tesco Organic Carrots 1.20Kg;£1.70;£1.42/kg;Fresh Vegetables;Organic Vegetables;null;null;null;null;null;null;null;null;
257479195;Tesco Organic Cauliflower Each;£2.00;£2.00/each;Fresh Vegetables;Organic Vegetables;null;null;null;null;null;null;null;null;
277248006;Tesco Organic White Mushrooms 290G;£1.00;£3.45/kg;Fresh Vegetables;Organic Vegetables;null;null;null;null;null;null;null;null;
263943986;Tesco Organic Garlic 3 Pack;£0.90;£0.30/each;Fresh Vegetables;Organic Vegetables;110;7.9;null;1.6;0.6;0.1;4.1;null;
252367214;Tesco Organic Sweet Potatoes 750G;£2.00;£2.67/kg;Fresh Vegetables;Organic Vegetables;98;1.2;null;5.7;0.3;0.1;2.4;null;
273796797;Tesco Organic Chestnut Mushrooms 250G;£1.25;£5.00/kg;Fresh Vegetables;Organic Vegetables;null;null;null;null;null;null;null;null;
267815791;Tesco Organic Broccoli 300G;£1.25;£4.17/kg;Fresh Vegetables;Organic Vegetables;null;null;null;null;null;null;null;null;
264705160;Tesco Organic Red Onions;£1.00;£1.87/kg;Fresh Vegetables;Organic Vegetables;41;1.2;null;5.6;0.2;0.1;1.4;0.01;
277926811;Tesco Organic Tender Stem Broccoli 200G;£2.50;£12.50/kg;Fresh Vegetables;Organic Vegetables;null;null;null;null;null;null;null;null;
263943944;Tesco Organic Potatoes 2Kg;£2.00;£1.00/kg;Fresh Vegetables;Organic Vegetables;82;2.1;null;0.6;0.2;0.1;1.3;0.01;
265911756;Tesco Organic Curly Kale 200G;£1.50;£5.00/kg;Fresh Vegetables;Organic Vegetables;40;3.4;null;1.3;1.6;0.2;3.1;0.1;
256858664;Tesco Organic Leeks 400G;£2.00;£5.00/kg;Fresh Vegetables;Organic Vegetables;null;null;null;null;null;null;null;null;
253564647;Tesco Organic Red Or White Cabbages Loose;£1.27;£1.75/kg;Fresh Vegetables;Organic Vegetables;null;null;null;null;null;null;null;null;
250342022;Tesco Organic Spinach 200G;£1.50;£7.50/kg;Fresh Vegetables;Organic Vegetables;29;2.8;null;1.5;0.8;0.1;2.1;0.4;
264786644;Tesco Organic Salad Potatoes 1.3Kg;£1.70;£1.31/kg;Fresh Vegetables;Organic Vegetables;76;1.7;null;1.3;0.3;0.1;1.0;0.1;
256687445;Tesco Organic Carrots 700G;£1.00;£1.43/kg;Fresh Vegetables;Organic Vegetables;42;0.6;null;7.4;0.3;0.1;2.4;0;
250869015;Tesco Organic Baby Corn 125G;£1.60;£12.80/kg;Fresh Vegetables;Organic Vegetables;28;2.3;null;1.9;0.4;0.1;2.0;0.1;
256989802;Tesco Babycorn And Mangetout 175G;£1.70;£9.72/kg;Fresh Vegetables;Peas, Beans & Sweetcorn;31;2.9;null;2.5;0.2;0.1;2.1;0.01;
279337376;Tesco Runner Beans 255G;£1.40;£5.50/kg;Fresh Vegetables;Peas, Beans & Sweetcorn;null;null;null;null;null;null;null;null;
250869015;Tesco Organic Baby Corn 125G;£1.60;£12.80/kg;Fresh Vegetables;Peas, Beans & Sweetcorn;28;2.3;null;1.9;0.4;0.1;2.0;0.1;
279337186;Tesco Mangetout 215G;£1.40;£6.52/kg;Fresh Vegetables;Peas, Beans & Sweetcorn;38;3.6;null;3.4;0.2;0.1;2.3;0.1;
282151147;Tesco Fine Beans And Tender Stem Broccoli 210G;£2.00;£9.53/kg;Fresh Vegetables;Peas, Beans & Sweetcorn;32;2.5;null;2.2;0.4;0.1;2.6;0;
258491673;Tesco Green Beans 220G;£0.95;£4.32/kg;Fresh Vegetables;Peas, Beans & Sweetcorn;29;1.9;null;2.3;0.5;0.1;2.2;0.01;
279426357;Tesco Organic Green Beans 225G;£1.60;£7.12/kg;Fresh Vegetables;Peas, Beans & Sweetcorn;null;null;null;null;null;null;null;null;
253430898;Tesco Chefs Vegetable Medley 280G;£2.35;£8.40/kg;Fresh Vegetables;Peas, Beans & Sweetcorn;33;2.1;null;3.7;0.4;null;2.0;null;
253555825;Tesco Corn On The Cob Twinpack;£1.50;£0.75/each;Fresh Vegetables;Peas, Beans & Sweetcorn;120;4.2;null;2.3;2.3;0.3;2.2;0.01;
279337445;Tesco Stringless Beans 275G;£1.40;£5.10/kg;Fresh Vegetables;Peas, Beans & Sweetcorn;null;null;null;null;null;null;null;null;
264653295;Tesco Stir Fry Vegetable Medley 220G;£2.35;£10.69/kg;Fresh Vegetables;Peas, Beans & Sweetcorn;41;2.6;null;4.8;0.4;0.1;2.3;0.1;
279336786;Tesco Baby Corn 190G;£1.40;£7.37/kg;Fresh Vegetables;Peas, Beans & Sweetcorn;28;2.5;null;1.9;0.4;0.1;2.0;0.3;
253558465;Tesco Super Sweet Sweetcorn Family Pack;£2.00;£0.50/each;Fresh Vegetables;Peas, Beans & Sweetcorn;120;4.2;null;2.3;2.3;0.3;2.2;0.01;
279337595;Tesco Sugarsnaps 215G;£1.40;£6.52/kg;Fresh Vegetables;Peas, Beans & Sweetcorn;37;3.4;null;3.5;null;0.1;1.5;0.1;
279336901;Tesco Fine Beans 220G;£1.40;£6.37/kg;Fresh Vegetables;Peas, Beans & Sweetcorn;29;1.9;null;2.3;0.5;0.1;2.2;0.01;
274872803;Tesco Three Bean Casserole 500G;£1.50;£3.00/kg;Fresh Vegetables;Peas, Beans & Sweetcorn;136;7.8;null;4.7;0.8;0.2;7.9;0.2;
256443924;Tesco Finest Extra Fine Beans 250G;£2.00;£8.00/kg;Fresh Vegetables;Peas, Beans & Sweetcorn;29;1.9;null;2.3;0.5;0.1;2.2;0.01;
251788587;Tesco Mini Corn On The Cob 4 Pack;£1.50;£0.38/each;Fresh Vegetables;Peas, Beans & Sweetcorn;120;4.2;null;2.3;2.3;0.3;2.2;0.01;
273150945;Tesco Finest Venezia Potatoes 750G;£1.75;£2.34/kg;Fresh Vegetables;Potatoes;76;1.7;null;1.3;0.3;0.1;1.0;0.1;
263943944;Tesco Organic Potatoes 2Kg;£2.00;£1.00/kg;Fresh Vegetables;Potatoes;82;2.1;null;0.6;0.2;0.1;1.3;0.01;
252367214;Tesco Organic Sweet Potatoes 750G;£2.00;£2.67/kg;Fresh Vegetables;Potatoes;98;1.2;null;5.7;0.3;0.1;2.4;null;
280505378;Tesco Baking Sweet Potato 725G;£1.25;£0.17/100g;Fresh Vegetables;Potatoes;98;1.2;null;5.7;0.3;0.1;2.4;null;
272405065;Tesco Finest Elfe Baking Potatoes 4 Pack;£1.25;£0.31/each;Fresh Vegetables;Potatoes;null;null;null;null;null;null;null;null;
268670469;Tesco Sweet Potatoes 1.25Kg;£1.50;£1.20/kg;Fresh Vegetables;Potatoes;98;1.2;null;5.7;0.3;0.1;2.4;null;
253558183;Tesco Baking Potatoes Loose;£0.30;£1.00/kg;Fresh Vegetables;Potatoes;null;null;null;null;null;null;null;null;
286544391;Tesco Finest Elfe Potatoes 2Kg;£2.00;£1.00/kg;Fresh Vegetables;Potatoes;null;null;null;null;null;null;null;null;
262988351;A Bartlett Rooster Potatoes 2Kg Pack;£0.70;£0.23/10g;Fresh Vegetables;Potatoes;73;1.8;null;0.6;0.1;trace;1.5;null;
258423951;Tesco Baking Potatoes 2.5Kg;£2.00;£0.80/kg;Fresh Vegetables;Potatoes;null;null;null;null;null;null;null;null;
283668519;Tesco Baking Potatoes 2 Pack Min 350G;£1.25;£3.58/kg;Fresh Vegetables;Potatoes;null;null;null;null;null;null;null;null;
253559199;Tesco Sweet Potatoes Loose;£0.44;£1.25/kg;Fresh Vegetables;Potatoes;98;1.2;null;5.7;0.3;0.1;2.4;null;
264786644;Tesco Organic Salad Potatoes 1.3Kg;£1.70;£1.31/kg;Fresh Vegetables;Potatoes;76;1.7;null;1.3;0.3;0.1;1.0;0.1;
282029944;Greenvale Jacket Potatoes 4 Pack;£1.50;£0.38/each;Fresh Vegetables;Potatoes;75;2.1;17.2;null;0.2;null;1.3;0.02;
258423784;Tesco Desiree Potatoes 2.5Kg;£2.00;£0.80/kg;Fresh Vegetables;Potatoes;null;null;null;null;null;null;null;null;
282186601;Tesco Finest Elfe Salad Potatoes 750G;£2.15;£1.08/100g;Fresh Vegetables;Potatoes;null;null;null;null;null;null;null;null;
268132813;Greenvale Potatoes 2Kg;£1.50;£0.75/kg;Fresh Vegetables;Potatoes;75;2.1;17.2;null;0.2;null;1.3;0.02;
255094898;Tesco Charlotte Potatoes 1Kg;£1.00;£1.00/kg;Fresh Vegetables;Potatoes;null;null;null;null;null;null;null;null;
253555232;Tesco Seasonal New Potatoes Loose;£0.24;£1.99/kg;Fresh Vegetables;Potatoes;null;null;null;null;null;null;null;null;
266125635;Tesco Miniature New Potatoes 750G;£1.50;£2.00/kg;Fresh Vegetables;Potatoes;null;null;null;null;null;null;null;null;
258423726;Tesco King Edward Potatoes 2.5Kg;£2.00;£0.80/kg;Fresh Vegetables;Potatoes;null;null;null;null;null;null;null;null;
280218827;Tesco Root Vegetable Mash 425G;£1.00;£2.36/kg;Fresh Vegetables;Potatoes;67;1.5;null;1.7;1.4;0.9;2.4;0.3;
272336935;Tesco Baby Potatoes With Herb Butter 360G;£1.00;£2.78/kg;Fresh Vegetables;Potatoes;95;1.9;null;1.6;2.4;0.7;2.0;0.1;
277438133;Norfolk Potatoes 750G;£1.50;£2.00/kg;Fresh Vegetables;Potatoes;336 4;null;null;null;null;null;null;null;
258423611;Tesco White Potatoes 2.5Kg;£1.75;£0.70/kg;Fresh Vegetables;Potatoes;null;null;null;null;null;null;null;null;
258423755;Tesco Maris Piper Potatoes 2.5Kg;£1.98;£0.79/kg;Fresh Vegetables;Potatoes;null;null;null;null;null;null;null;null;
267111051;Tesco Maris Piper Mashed Potato 425G;£1.00;£2.36/kg;Fresh Vegetables;Potatoes;84;1.5;null;1.6;2.3;1.5;1.8;0.5;
277885115;Tesco Parmentiers Potatoes 520G;£1.75;£3.37/kg;Fresh Vegetables;Potatoes;145;2.3;null;3.1;5.4;1.8;2.6;0.2;
255095718;Tesco Baby Potatoes 1Kg;£0.98;£0.98/kg;Fresh Vegetables;Potatoes;76;1.7;null;1.3;0.3;0.1;1.0;0.01;
277884433;Tesco Crispy Slices 350G;£1.50;£4.29/kg;Fresh Vegetables;Potatoes;256;3.0;null;0.7 (1% of NRV);15.1;1.1;2.1;0.3 (5% of NRV);
259408260;Tesco Everyday Value White Potatoes 2.5Kg;£1.18;£0.47/kg;Fresh Vegetables;Potatoes;null;null;null;null;null;null;null;null;
260999122;Tesco Peeled Potatoes 750G;£1.00;£1.34/kg;Fresh Vegetables;Potatoes;89;1.6;null;1.7;0.1;0.1;1.9;0.1;
282488083;Tesco Beer Battered Crispy Slices 350G;£1.75;£5.00/kg;Fresh Vegetables;Potatoes;227;2.1;null;2.4 (3% of NRV);14.2;1.0;2.6;0.9 (15% of NRV);
282488175;Tesco Memphis Barbecue Style Sweet Potatoes 380G;£2.00;£5.27/kg;Fresh Vegetables;Potatoes;96;1.4;null;12.9;2.9;0.2;3.9;0.2;
250247999;Tesco Sliced Mushrooms 250G;£1.00;£4.00/kg;Fresh Vegetables;Prepared Vegetables;null;null;null;null;null;null;null;null;
279934527;Tesco Roast Potatoes 800G;£2.50;£3.13/kg;Fresh Vegetables;Prepared Vegetables;145;2.3;null;2.5;5.5;1.4;2.5;0.1;
286784601;Tesco Sliced Red Onion 320G;£1.00;£3.13/kg;Fresh Vegetables;Prepared Vegetables;37;0.9;null;4.7;0.2;0.1;1.6;0.1;
267111051;Tesco Maris Piper Mashed Potato 425G;£1.00;£2.36/kg;Fresh Vegetables;Prepared Vegetables;84;1.5;null;1.6;2.3;1.5;1.8;0.5;
282488083;Tesco Beer Battered Crispy Slices 350G;£1.75;£5.00/kg;Fresh Vegetables;Prepared Vegetables;227;2.1;null;2.4 (3% of NRV);14.2;1.0;2.6;0.9 (15% of NRV);
282488175;Tesco Memphis Barbecue Style Sweet Potatoes 380G;£2.00;£5.27/kg;Fresh Vegetables;Prepared Vegetables;96;1.4;null;12.9;2.9;0.2;3.9;0.2;
277885115;Tesco Parmentiers Potatoes 520G;£1.75;£3.37/kg;Fresh Vegetables;Prepared Vegetables;145;2.3;null;3.1;5.4;1.8;2.6;0.2;
264541531;Pots With Garlic Butter And Parsley 360G;£1.00;£2.78/kg;Fresh Vegetables;Prepared Vegetables;84;1.7;null;2.1 (2% of NRV);1.4;0.3;2.3;0.1 (2% of NRV);
260999122;Tesco Peeled Potatoes 750G;£1.00;£1.34/kg;Fresh Vegetables;Prepared Vegetables;89;1.6;null;1.7;0.1;0.1;1.9;0.1;
277902091;Tesco Carrot Batons 600G;£1.00;£1.39/kg;Fresh Vegetables;Prepared Vegetables;42;0.6;null;7.2;0.3;0.1;3.0;null;
280218827;Tesco Root Vegetable Mash 425G;£1.00;£2.36/kg;Fresh Vegetables;Prepared Vegetables;67;1.5;null;1.7;1.4;0.9;2.4;0.3;
279684822;Edamame Beans 150G;£1.50;£10.00/kg;Fresh Vegetables;Prepared Vegetables;196;14.4;null;1.7;11.7;2.0;6.0;0.8;
263696533;Tesco Hand Shelled Peas 170G;£1.25;£7.36/kg;Fresh Vegetables;Prepared Vegetables;96;6.9;null;2.3;1.5;0.3;4.7;0.01;
264488640;Tesco Broccoli Florets 240G;£1.25;£6.25/kg;Fresh Vegetables;Prepared Vegetables;39;4.4;null;1.5;0.9;0.2;3.0;0.01;
277901570;Tesco Butternut Squash And Sweet Potato 350G;£1.25;£3.48/kg;Fresh Vegetables;Prepared Vegetables;47;0.9;null;6.5;0.4;0.1;2.1;0.01;
272336935;Tesco Baby Potatoes With Herb Butter 360G;£1.00;£2.78/kg;Fresh Vegetables;Prepared Vegetables;95;1.9;null;1.6;2.4;0.7;2.0;0.1;
286784440;Tesco Diced Onion 450G;£0.90;£2.00/kg;Fresh Vegetables;Prepared Vegetables;42;1.2;null;3.7;0.2;0.1;1.9;0;
280108566;Tesco Sliced Mushroom And Garlic Butter 135G;£1.00;£7.41/kg;Fresh Vegetables;Prepared Vegetables;59;2.4;null;0.5;3.8;2.4;1.3;0.1;
277884433;Tesco Crispy Slices 350G;£1.50;£4.29/kg;Fresh Vegetables;Prepared Vegetables;256;3.0;null;0.7 (1% of NRV);15.1;1.1;2.1;0.3 (5% of NRV);
278192789;Tesco Stuffed Mini Mushrooms 240G;£1.75;£7.30/kg;Fresh Vegetables;Prepared Vegetables;92;2.2;null;1.5;7.1;4.5;1.0;0.1;
277941239;Tesco Mini Carrots 320G;£1.00;£3.13/kg;Fresh Vegetables;Prepared Vegetables;42;0.6;null;7.2;0.3;0.1;3.0;0.1;
271865707;Tesco Ready To Roast Roots Vegetable 400G;£4.00;£8.43/kg;Fresh Vegetables;Prepared Vegetables;64;0.9;null;5.4;1.8;0.6;3.1;0.3;
280218960;Tesco Sliced Peppers 150G;£1.00;£6.67/kg;Fresh Vegetables;Prepared Vegetables;29;1.0;null;4.5;0.3;0.1;1.6;0.01;
277884824;Tesco Sliced Runner Beans 180G;£1.50;£8.34/kg;Fresh Vegetables;Prepared Vegetables;30;1.6;null;2.8;0.4;0.1;3.4;0.1;
277910271;Tesco Mixed Vegetables 180G;£1.25;£6.95/kg;Fresh Vegetables;Prepared Vegetables;37;2.7;null;3.3;0.6;0.1;2.7;0.1;
285117196;Tesco Shredded Sprouts with Saute Butter 240G;£1.75;£7.30/kg;Fresh Vegetables;Prepared Vegetables;132;3.0;null;4.6;6.4;3.5;4.3;0.4;
281236965;Tesco Mediterranean Roasting Vegetables 420G;£1.50;£3.16/kg;Fresh Vegetables;Prepared Vegetables;50;1.2;null;5.1;2.1;0.4;1.1;0.2;
260077729;Tesco Traditional Sliced Runner Beans 185G;null;null;Fresh Vegetables;Prepared Vegetables;30;1.6;null;2.8;0.4;0.1;3.4;0.01;
272666613;Tesco Cauliflower And Broccoli 680G;£1.65;£2.43/kg;Fresh Vegetables;Prepared Vegetables;null;null;null;null;null;null;null;null;
272507324;Tesco Carrot And Broccoli 400G;£1.25;£3.13/kg;Fresh Vegetables;Prepared Vegetables;null;null;null;null;null;null;null;null;
277971537;Tesco Sliced Spring Greens 240G;£1.25;£5.21/kg;Fresh Vegetables;Prepared Vegetables;38;3.0;null;2.7;1.0;0.1;2.3;0.1;
284931984;Tesco Spinach And Kale Medley 175G;£1.50;£8.58/kg;Fresh Vegetables;Prepared Vegetables;34;2.4;null;1.4;0.4;0.1;3.5;0.1;
267681056;Tesco Cauliflower Broccoli Florets 400G;£1.00;£2.50/kg;Fresh Vegetables;Prepared Vegetables;null;null;null;null;null;null;null;null;
262805338;Tesco Cabbage Medley 240G;£1.25;£6.25/kg;Fresh Vegetables;Prepared Vegetables;32;1.8;null;4.0;0.4;0.1;2.3;0.1;
274872803;Tesco Three Bean Casserole 500G;£1.50;£3.00/kg;Fresh Vegetables;Prepared Vegetables;136;7.8;null;4.7;0.8;0.2;7.9;0.2;
277972334;Tesco Root Vegetable For Mashing 720G;£0.75;£1.05/kg;Fresh Vegetables;Prepared Vegetables;33;0.7;null;5.2;0.4;0;2.7;0.1;
264488185;Tesco Carrot Cauliflower And Broccoli 370G;£1.25;£4.10/kg;Fresh Vegetables;Prepared Vegetables;41;2.3;null;4.7;0.6;0.2;2.9;0.1;
277940804;Tesco Carrots And Peas 480G;£1.25;£2.61/kg;Fresh Vegetables;Prepared Vegetables;54;2.5;null;5.5;0.5;0.1;3.6;0.1;
279696088;Tesco C/Nut, Chilli And Lemongrass Sauce 180G;£1.00;£5.56/kg;Fresh Vegetables;Prepared Vegetables;130;1.3;null;9.3;9.0;3.5;2.1;1.1;
268889136;Tesco Prepared Baby Sprouts 180G;£1.00;£6.67/kg;Fresh Vegetables;Prepared Vegetables;51;3.5;null;3.1;1.4;0.3;4.1;null;
282917521;Tesco My Fit Lifestyle Chantenay Carrot Snack Box 130G;null;null;Fresh Vegetables;Prepared Vegetables;134;4.0;null;3.6;9.2;1.0;3.2;0.3;
282763682;Tesco Stuffed Mushroom Ricotta And Spinach 200G;£1.75;£8.75/kg;Fresh Vegetables;Prepared Vegetables;83;4.3;null;1.3;4.4;2.4;1.5;0.3;
280219008;Tesco Finest Sugardrop Ratatouille 475G;£2.50;£5.56/kg;Fresh Vegetables;Prepared Vegetables;52;1.3;null;5.7;1.8;0.3;1.1;0.1;
280108606;Tesco Vegetable Base Mix 200G;£1.00;£5.00/kg;Fresh Vegetables;Prepared Vegetables;27;0.7;null;3.0;0.2;0.1;2.3;0.2;
280307146;Tesco Finest Stuffed Forestiere Mushrooms 180G;£2.50;£13.89/kg;Fresh Vegetables;Prepared Vegetables;122;4.6;null;3.4;5.0;1.5;1.3;0.6;
285397911;Tesco Finest Elfe Wedges With Dressing 670G;£2.00;£2.99/kg;Fresh Vegetables;Prepared Vegetables;147;2.9;null;4.1;2.6;0.3;3.8;0.2;
272792273;Tesco Rustic Chunky Chips 800G;£4.00;£10.39/kg;Fresh Vegetables;Prepared Vegetables;136;2.4;null;3.7;3.7;0.4;3.0;0.1;
268913840;Tesco Winter Vegetables 480G;£1.50;£3.13/kg;Fresh Vegetables;Prepared Vegetables;44;2.2;null;4.8;0.8;0.2;3.2;0.1;
279336786;Tesco Baby Corn 190G;£1.40;£7.37/kg;Fresh Vegetables;Seasonal Veg;28;2.5;null;1.9;0.4;0.1;2.0;0.3;
256989802;Tesco Babycorn And Mangetout 175G;£1.70;£9.72/kg;Fresh Vegetables;Seasonal Veg;31;2.9;null;2.5;0.2;0.1;2.1;0.01;
264512762;Tesco Finest Sweetfire Baby Beetroot 180G;£1.50;£8.34/kg;Fresh Vegetables;Seasonal Veg;null;null;null;null;null;null;null;null;
279647204;Tesco Asparagus And Tender Stem Broccoli 190G;£2.25;£11.85/kg;Fresh Vegetables;Seasonal Veg;null;null;null;null;null;null;null;null;
253430898;Tesco Chefs Vegetable Medley 280G;£2.35;£8.40/kg;Fresh Vegetables;Seasonal Veg;33;2.1;null;3.7;0.4;null;2.0;null;
257211126;Tesco Baby Courgettes 200G;£1.40;£7.00/kg;Fresh Vegetables;Seasonal Veg;null;null;null;null;null;null;null;null;
273654879;Tesco Finest Forestiere Mushrooms 250G;£1.00;£4.00/kg;Fresh Vegetables;Seasonal Veg;null;null;null;null;null;null;null;null;
256443924;Tesco Finest Extra Fine Beans 250G;£2.00;£8.00/kg;Fresh Vegetables;Seasonal Veg;29;1.9;null;2.3;0.5;0.1;2.2;0.01;
264653295;Tesco Stir Fry Vegetable Medley 220G;£2.35;£10.69/kg;Fresh Vegetables;Seasonal Veg;41;2.6;null;4.8;0.4;0.1;2.3;0.1;
272866906;Tesco Finest Wild Mushrooms 100G;£1.10;£2.20/kg;Fresh Vegetables;Seasonal Veg;null;null;null;null;null;null;null;null;
268875020;Tesco Finest Imperator Carrots 450G;£1.50;£3.34/kg;Fresh Vegetables;Seasonal Veg;42;0.6;null;7.4;0.3;0.1;2.4;0.1;
286021474;Tesco Finest Oyster Mushrooms 100G;£1.00;£10.00/kg;Fresh Vegetables;Seasonal Veg;null;null;null;null;null;null;null;null;
279337186;Tesco Mangetout 215G;£1.40;£6.52/kg;Fresh Vegetables;Seasonal Veg;38;3.6;null;3.4;0.2;0.1;2.3;0.1;
259098826;Tesco Finest Echalion Shallots 400G;£1.00;£2.50/kg;Fresh Vegetables;Seasonal Veg;24;1.5;null;3.3;0.2;trace;1.4;null;
280172612;Tesco Finest Large Flat Forestiere Mushrooms 250G;£1.75;£7.00/kg;Fresh Vegetables;Seasonal Veg;null;null;null;null;null;null;null;null;
279336901;Tesco Fine Beans 220G;£1.40;£6.37/kg;Fresh Vegetables;Seasonal Veg;29;1.9;null;2.3;0.5;0.1;2.2;0.01;
273664769;Tesco Finest Shiitake Mushrooms 125G;£1.25;£10.00/kg;Fresh Vegetables;Seasonal Veg;null;null;null;null;null;null;null;null;
273150945;Tesco Finest Venezia Potatoes 750G;£1.75;£2.34/kg;Fresh Vegetables;Seasonal Veg;76;1.7;null;1.3;0.3;0.1;1.0;0.1;
250869015;Tesco Organic Baby Corn 125G;£1.60;£12.80/kg;Fresh Vegetables;Seasonal Veg;28;2.3;null;1.9;0.4;0.1;2.0;0.1;
272405065;Tesco Finest Elfe Baking Potatoes 4 Pack;£1.25;£0.31/each;Fresh Vegetables;Seasonal Veg;null;null;null;null;null;null;null;null;
278637454;Tesco Fine Asparagus 110G;£1.65;£15.00/kg;Fresh Vegetables;Seasonal Veg;28;2.9;null;1.9;0.6;0.1;1.7;0.3;
253556507;Tesco Brussels Sprouts 500G;£1.50;£1.16/100g;Fresh Vegetables;Seasonal Veg;null;null;null;null;null;null;null;null;
277492084;Tesco Roasting Butternut Squash;£2.00;£2.00/each;Fresh Vegetables;Seasonal Veg;null;null;null;null;null;null;null;null;
253560784;Tesco Brussels Sprouts Loose;£0.06;£2.00/kg;Fresh Vegetables;Seasonal Veg;null;null;null;null;null;null;null;null;
283053095;Tesco Horseradish Root Each;£4.00;£2.23/100g;Fresh Vegetables;Seasonal Veg;null;null;null;null;null;null;null;null;
279426910;Tesco Samphire 115G;£2.00;£17.40/kg;Fresh Vegetables;Seasonal Veg;null;null;null;null;null;null;null;null;
264808038;Tesco Peeled Brussels Sprouts 250G;£1.00;£4.00/kg;Fresh Vegetables;Seasonal Veg;null;null;null;null;null;null;null;null;
265027027;Tesco Organic Butternut Squash Loose;£1.90;£1.90/kg;Fresh Vegetables;Seasonal Veg;null;null;null;null;null;null;null;null;
266344767;Tesco Aubergine Each;£0.75;£0.75/each;Fresh Vegetables;Seasonal Veg;20;0.9;null;2.0;0.4;0.1;2.0;null;
250828894;Butternut Squash Each (C);£1.00;£1.00/each;Fresh Vegetables;Seasonal Veg;null;null;null;null;null;null;null;null;
285278678;Tesco Baby Turnips 320G;£1.60;£8.00/kg;Fresh Vegetables;Seasonal Veg;null;null;null;null;null;null;null;null;
284933475;Tesco Fennel 400G;£2.00;£5.00/kg;Fresh Vegetables;Seasonal Veg;null;null;null;null;null;null;null;null;
253554596;Tesco Courgettes Loose;£0.40;£2.00/kg;Fresh Vegetables;Seasonal Veg;20;1.8;null;1.7;0.4;null;0.9;0;
251788587;Tesco Mini Corn On The Cob 4 Pack;£1.50;£0.38/each;Fresh Vegetables;Seasonal Veg;120;4.2;null;2.3;2.3;0.3;2.2;0.01;
253558465;Tesco Super Sweet Sweetcorn Family Pack;£2.00;£0.50/each;Fresh Vegetables;Seasonal Veg;120;4.2;null;2.3;2.3;0.3;2.2;0.01;
253555825;Tesco Corn On The Cob Twinpack;£1.50;£0.75/each;Fresh Vegetables;Seasonal Veg;120;4.2;null;2.3;2.3;0.3;2.2;0.01;
280716042;Tesco Finest Chiquino Peppers;£1.50;£7.50/kg;Fresh Vegetables;Seasonal Veg;31;1.2;null;5.1;0.2;0.1;1.7;0.01;
261118197;Tesco Finest Black Kale 160G;£1.29;£8.07/kg;Fresh Vegetables;Seasonal Veg;40;3.4;null;1.3;1.6;0.2;3.1;0.1;
280404837;Tesco Courgettes Pre Packed 500G;£1.00;£2.00/kg;Fresh Vegetables;Seasonal Veg;null;null;null;null;null;null;null;null;
267280575;Tesco Brussels Sprouts Stalk;£1.50;£1.50/each;Fresh Vegetables;Seasonal Veg;null;null;null;null;null;null;null;null;
251298216;Tesco Finest Sweet Pointed Peppers 220G;£1.50;£6.82/kg;Fresh Vegetables;Seasonal Veg;null;null;null;null;null;null;null;null;
259945562;Tesco Finest Piccolo Cherry Tomatoes 220G;£1.50;£6.82/kg;Fresh Vegetables;Seasonal Veg;null;null;null;null;null;null;null;null;
277407971;Tesco Finest Baby Plum Tomatoes 250G;£1.50;£6.00/kg;Fresh Vegetables;Seasonal Veg;null;null;null;null;null;null;null;null;
278004806;Tesco Finest Mini San Marzano Tomatoes 270G;£1.50;£5.56/kg;Fresh Vegetables;Seasonal Veg;null;null;null;null;null;null;null;null;
280716474;Tesco Finest Sugardrop Tomatoes 220G;£1.50;£6.82/kg;Fresh Vegetables;Seasonal Veg;null;null;null;null;null;null;null;null;
273483804;Tesco Baby Spinach 240G;£1.50;£0.63/100g;Fresh Vegetables;Spinach, Greens & kale;30;2.8;null;1.5;0.8;0.1;2.7;0.4;
273718534;Tesco Fresh Greens Sliced 300G;£1.30;£4.34/kg;Fresh Vegetables;Spinach, Greens & kale;null;null;null;null;null;null;null;null;
275549004;Tesco Spinach 450G;£2.00;£4.00/kg;Fresh Vegetables;Spinach, Greens & kale;29;2.8;null;1.5;0.8;0.1;2.1;0.4;
257961418;Tesco Fresh Greens 500G;£0.68;£1.36/kg;Fresh Vegetables;Spinach, Greens & kale;null;null;null;null;null;null;null;null;
278720966;Tesco Kale 500G;£2.00;£4.00/kg;Fresh Vegetables;Spinach, Greens & kale;null;null;null;null;null;null;null;null;
276414111;Tesco Spinach 200G;£1.00;£5.00/kg;Fresh Vegetables;Spinach, Greens & kale;29;2.8;null;1.5;0.8;0.1;2.1;0.4;
282648902;Tesco Baby Pak Choi 120G;£1.60;£13.34/kg;Fresh Vegetables;Spinach, Greens & kale;null;null;null;null;null;null;null;null;
260918818;Tesco Okra 175G;£1.80;£10.29/kg;Fresh Vegetables;Spinach, Greens & kale;null;null;null;null;null;null;null;null;
278233914;Tesco Cooking Spinach 400G;£2.00;£5.00/kg;Fresh Vegetables;Spinach, Greens & kale;29;2.8;null;1.5;0.8;0.1;2.1;0.4;
252895723;Tesco Pak Choi 250G;£1.40;£5.60/kg;Fresh Vegetables;Spinach, Greens & kale;19;1.5;null;1.2;0.2;0.1;1.0;0.2;
252544097;Tesco Baby Leaf Greens 200G;£1.00;£5.00/kg;Fresh Vegetables;Spinach, Greens & kale;null;null;null;null;null;null;null;null;
279426910;Tesco Samphire 115G;£2.00;£17.40/kg;Fresh Vegetables;Spinach, Greens & kale;null;null;null;null;null;null;null;null;
267908975;Tesco Choi Sum 200G;£1.60;£8.00/kg;Fresh Vegetables;Spinach, Greens & kale;null;null;null;null;null;null;null;null;
250342022;Tesco Organic Spinach 200G;£1.50;£7.50/kg;Fresh Vegetables;Spinach, Greens & kale;29;2.8;null;1.5;0.8;0.1;2.1;0.4;
264013961;Tesco Chicory 270G;£1.50;£5.56/kg;Fresh Vegetables;Spinach, Greens & kale;null;null;null;null;null;null;null;null;
261118197;Tesco Finest Black Kale 160G;£1.29;£8.07/kg;Fresh Vegetables;Spinach, Greens & kale;40;3.4;null;1.3;1.6;0.2;3.1;0.1;
252167192;Tesco Kale Tenderleaf 206G;£1.00;£4.86/kg;Fresh Vegetables;Spinach, Greens & kale;null;null;null;null;null;null;null;null;
265911756;Tesco Organic Curly Kale 200G;£1.50;£5.00/kg;Fresh Vegetables;Spinach, Greens & kale;40;3.4;null;1.3;1.6;0.2;3.1;0.1;
284931984;Tesco Spinach And Kale Medley 175G;£1.50;£8.58/kg;Fresh Vegetables;Stir Fry;34;2.4;null;1.4;0.4;0.1;3.5;0.1;
279336786;Tesco Baby Corn 190G;£1.40;£7.37/kg;Fresh Vegetables;Stir Fry;28;2.5;null;1.9;0.4;0.1;2.0;0.3;
280003373;Tesco Vegetable And Beansprout Stir Fry 333G;£1.00;£3.01/kg;Fresh Vegetables;Stir Fry;49;1.9;null;3.3;2.6;0.6;2.2;0.1;
256989802;Tesco Babycorn And Mangetout 175G;£1.70;£9.72/kg;Fresh Vegetables;Stir Fry;31;2.9;null;2.5;0.2;0.1;2.1;0.01;
276886317;Tesco Pepper Stir-Fry Pack 300G;£1.00;£3.34/kg;Fresh Vegetables;Stir Fry;48;1.9;null;3.5;2.4;0.8;2.1;0.1;
264875049;Tesco Everyday Value Vegetable Stir Fry 700G;£1.00;£1.43/kg;Fresh Vegetables;Stir Fry;30;2.4;null;3.1;0.4;0.1;2.1;null;
252895723;Tesco Pak Choi 250G;£1.40;£5.60/kg;Fresh Vegetables;Stir Fry;19;1.5;null;1.2;0.2;0.1;1.0;0.2;
280003459;Tesco Mushroom Stir Fry 320G;£1.00;£3.13/kg;Fresh Vegetables;Stir Fry;50;2.5;null;2.0;2.8;0.7;2.0;0.1;
272792238;Tesco Mixed Mushroom Stir Fry 280G;£1.70;£6.08/kg;Fresh Vegetables;Stir Fry;55;2.5;null;2.9;3.1;1.0;2.0;0.1;
282648902;Tesco Baby Pak Choi 120G;£1.60;£13.34/kg;Fresh Vegetables;Stir Fry;null;null;null;null;null;null;null;null;
267908975;Tesco Choi Sum 200G;£1.60;£8.00/kg;Fresh Vegetables;Stir Fry;null;null;null;null;null;null;null;null;
274645687;Tesco Chinese Stir Fry Bowl 300G;£1.70;£5.67/kg;Fresh Vegetables;Stir Fry;62;1.9;null;4.1;3.3;1.0;2.1;0.1;
273679101;Tesco Beansprouts 370G;£0.60;£1.63/kg;Fresh Vegetables;Stir Fry;40;2.1;null;2.3;2.1;0.2;1.3;0.1;
280003281;Tesco Large Stir Fry 570G;£1.70;£2.99/kg;Fresh Vegetables;Stir Fry;37;1.9;null;3.5;1.0;0.2;2.2;0.2;
250869015;Tesco Organic Baby Corn 125G;£1.60;£12.80/kg;Fresh Vegetables;Stir Fry;28;2.3;null;1.9;0.4;0.1;2.0;0.1;
280003776;Tesco Vegetable Stir Fry 380G;£1.00;£2.64/kg;Fresh Vegetables;Stir Fry;55;1.9;null;2.8;2.4;0.6;2.6;0.1;
276886260;Tesco Mixed Pepper Stir Fry 280G;£1.50;£5.36/kg;Fresh Vegetables;Stir Fry;54;1.9;null;3.1;3.3;0.8;2.1;0.1;
264653295;Tesco Stir Fry Vegetable Medley 220G;£2.35;£10.69/kg;Fresh Vegetables;Stir Fry;41;2.6;null;4.8;0.4;0.1;2.3;0.1;
272108215;Tesco Stir Fry Crunchy Vegetable 285G;£1.70;£5.97/kg;Fresh Vegetables;Stir Fry;56;1.9;null;3.0;3.2;0.6;2.2;0.1;
284718546;Finest Bang Bang Paste And Chilli Splash 90G;£1.00;£11.12/kg;Fresh Vegetables;Stir Fry;0;0;null;0;0;0;0;0;
284718304;Finest Pad Prik Pao Paste And Lime Splash 90G;£1.00;£11.12/kg;Fresh Vegetables;Stir Fry;0;2.3;null;5.7;6.5;0.5;2.1;0;
284718022;Teppanyaki Paste With Lime And Mirin Splash 90G;£1.00;£11.12/kg;Fresh Vegetables;Stir Fry;0;1.6;null;7.3;8.7;0.6;2.1;0;
280004458;Tesco Fresh Egg Noodles 375G;£1.20;£3.20/kg;Fresh Vegetables;Stir Fry;null;null;null;null;null;null;null;null;
262133827;Tesco Rice Noodles 375G;£1.20;£3.20/kg;Fresh Vegetables;Stir Fry;195;3.1;null;1.2;2.7;0.3;0.7;0.1;
267078470;Tesco Sticky Plum Stir Fry Sauce 180G;£1.00;£0.56/100g;Fresh Vegetables;Stir Fry;140;0.7;null;13.8;0.5;0;0.5;1.5;
267078356;Tesco Sweet Chilli Stir Fry Sauce 180G;£1.00;£0.56/100g;Fresh Vegetables;Stir Fry;90;0.9;null;17.6 (20% of NRV);1.0;0.2;0.6;1.1 (18% of NRV);
277247572;Tesco Singapore Noodles 294G;£1.20;£4.09/kg;Fresh Vegetables;Stir Fry;181;2.9;null;3.0;2.7;0.3;0.9;0.2;
267078274;Tesco Chinese Stir Fry Sauce 180G;£1.00;£0.56/100g;Fresh Vegetables;Stir Fry;66;1.9;null;8.6;2.2;0.8;0.8;1.3;
267078314;Tesco Black Bean Stir Fry Sauce 180G;£1.00;£0.56/100g;Fresh Vegetables;Stir Fry;98;2.7;null;8.9 (10% of NRV);4.4;0.4;1.0;1.3 (22% of NRV);
272961494;Tesco Teriyaki Stir Fry Sauce 180G;£1.00;£0.56/100g;Fresh Vegetables;Stir Fry;141;0.7;null;18.7;6.6;0.7;0.9;1.5;
272093639;Tesco Sweet And Sour Sauce 180G;£1.00;£0.56/100g;Fresh Vegetables;Stir Fry;124;1.4;null;15.6;4.7;0.8;1.1;0.9;
274644734;Tesco Chinese Barbecue Sauce 180G;£1.00;£5.56/kg;Fresh Vegetables;Stir Fry;194;0.8;null;31.5;4.5;0.5;0.9;1.3;
262979857;Tesco Garlic 4 Pack;£1.00;£0.25/each;Fresh Vegetables;World Vegetables;110;7.9;null;1.6;0.6;0.1;4.1;0.01;
260918818;Tesco Okra 175G;£1.80;£10.29/kg;Fresh Vegetables;World Vegetables;null;null;null;null;null;null;null;null;
263388823;Tesco Ginger 125G;£0.99;£7.92/kg;Fresh Vegetables;World Vegetables;44;1.4;null;2.4;0.6;0.2;2.0;0.1;
272682288;Tesco Chef's Choice Garlic Each;£0.50;£0.50/each;Fresh Vegetables;World Vegetables;110;7.9;null;1.6;0.6;0.1;4.1;null;
263386065;Tesco Garlic Each;£0.30;£0.30/each;Fresh Vegetables;World Vegetables;110;7.9;null;1.6;0.6;0.1;4.1;0.01;
259413656;Tesco Everyday Value Garlic 3 Pack;£0.49;£0.16/each;Fresh Vegetables;World Vegetables;110;7.9;null;1.6;0.6;0.1;4.1;0.01;
263943986;Tesco Organic Garlic 3 Pack;£0.90;£0.30/each;Fresh Vegetables;World Vegetables;110;7.9;null;1.6;0.6;0.1;4.1;null;
256074560;Tesco Ripen At Home Avocados 4 Pack;£1.75;£0.44/each;Salad Vegetables;Avocado;null;null;null;null;null;null;null;null;
284605046;Tesco Ready To Eat Extra Large Avocados Each;£1.75;£1.75/each;Salad Vegetables;Avocado;null;null;null;null;null;null;null;null;
265299741;Tesco Ready To Eat Avocados Twin Pack;£1.80;£0.90/each;Salad Vegetables;Avocado;null;null;null;null;null;null;null;null;
265299361;Tesco Ready To Eat Large Avocados Each;£1.00;£1.00/each;Salad Vegetables;Avocado;null;null;null;null;null;null;null;null;
253877571;Tesco Everyday Value Beetroot Vacuum Pack 500G;£0.49;£0.98/kg;Salad Vegetables;Beetroot;null;null;null;null;null;null;null;null;
272947742;Tesco Cooked Beetroot Vacuum Pack 300G;£0.80;£2.67/kg;Salad Vegetables;Beetroot;null;null;null;null;null;null;null;null;
281055891;Tesco Organic Raw Beetroot 450G;£1.75;£3.89/kg;Salad Vegetables;Beetroot;null;null;null;null;null;null;null;null;
282137758;Smokey Shredded Beetroot 180G;£1.25;£6.95/kg;Salad Vegetables;Beetroot;null;null;null;null;null;null;null;null;
264512762;Tesco Finest Sweetfire Baby Beetroot 180G;£1.50;£8.34/kg;Salad Vegetables;Beetroot;null;null;null;null;null;null;null;null;
257990562;Tesco Traditional Fresh Cooked Beetroot 300G;£1.00;£3.34/kg;Salad Vegetables;Beetroot;null;null;null;null;null;null;null;null;
281055568;Tesco Organic Celery 350G;£1.00;£2.86/kg;Salad Vegetables;Celery & Spring Onions;null;null;null;null;null;null;null;null;
281054492;Tesco Jumbo Spring Onions 130G;£1.00;£7.70/kg;Salad Vegetables;Celery & Spring Onions;null;null;null;null;null;null;null;null;
281035552;Tesco Celery 450G;£0.69;£1.54/kg;Salad Vegetables;Celery & Spring Onions;null;null;null;null;null;null;null;null;
258745178;Tesco Celery Sticks 350G;£1.00;£2.86/kg;Salad Vegetables;Celery & Spring Onions;null;null;null;null;null;null;null;null;
281035500;Tesco Bunched Spring Onions 100G;£0.49;£4.90/kg;Salad Vegetables;Celery & Spring Onions;null;null;null;null;null;null;null;null;
255284687;Tesco Salad Onions 125G;£0.89;£7.12/kg;Salad Vegetables;Celery & Spring Onions;28;2.0;null;2.8;0.5;0.1;1.5;0.1;
281054448;Tesco Celery Hearts 350G;£1.00;£2.86/kg;Salad Vegetables;Celery & Spring Onions;null;null;null;null;null;null;null;null;
251582605;Tesco Organic Whole Cucumber;£1.00;£1.00/each;Salad Vegetables;Cucumber;null;null;null;null;null;null;null;null;
253558972;Tesco Whole Cucumber Each;£0.49;£0.49/each;Salad Vegetables;Cucumber;null;null;null;null;null;null;null;null;
253559366;Tesco Cucumber Portion;£0.35;£0.35/each;Salad Vegetables;Cucumber;null;null;null;null;null;null;null;null;
253194105;Tesco Finger Chillies 80G;£0.90;£11.25/kg;Salad Vegetables;Fresh Herbs & Chillies;20;2.9;null;0.7;0.6;0.1;0;0.1;
253553948;Tesco Green Chillies 65G;£0.60;£9.24/kg;Salad Vegetables;Fresh Herbs & Chillies;null;null;null;null;null;null;null;null;
256339363;Tesco Red Chillies 60G;£0.60;£10.00/kg;Salad Vegetables;Fresh Herbs & Chillies;null;null;null;null;null;null;null;null;
253358108;Tesco Basil Large Pot;£2.00;£2.00/each;Salad Vegetables;Fresh Herbs & Chillies;null;null;null;null;null;null;null;null;
256200481;Tesco Bulb Chives Medium Pot;£1.25;£1.25/each;Salad Vegetables;Fresh Herbs & Chillies;null;null;null;null;null;null;null;null;
255344058;Tesco Basil 31G;£0.70;£0.23/10g;Salad Vegetables;Fresh Herbs & Chillies;null;null;null;null;null;null;null;null;
257482311;Tesco Bunched Flat Leaf Parsley 100G;£1.25;£0.13/10g;Salad Vegetables;Fresh Herbs & Chillies;null;null;null;null;null;null;null;null;
259095708;Tesco Rosemary 30G;£0.70;£0.23/10g;Salad Vegetables;Fresh Herbs & Chillies;null;null;null;null;null;null;null;null;
255344104;Tesco Coriander 31G;£0.70;£0.23/10g;Salad Vegetables;Fresh Herbs & Chillies;null;null;null;null;null;null;null;null;
259095547;Tesco Tarragon 30G;£0.70;£0.23/10g;Salad Vegetables;Fresh Herbs & Chillies;null;null;null;null;null;null;null;null;
259095242;Tesco Dill 30G;£0.70;£0.23/10g;Salad Vegetables;Fresh Herbs & Chillies;null;null;null;null;null;null;null;null;
256731301;Tesco Thai Lemon Grass Min 2 Stems;£0.70;£0.35/each;Salad Vegetables;Fresh Herbs & Chillies;null;null;null;null;null;null;null;null;
252474219;Tesco Bunched Coriander 100G;£1.25;£0.13/10g;Salad Vegetables;Fresh Herbs & Chillies;null;null;null;null;null;null;null;null;
267917814;Tesco Cut Thyme 30G;£0.70;£0.23/10g;Salad Vegetables;Fresh Herbs & Chillies;null;null;null;null;null;null;null;null;
259095864;Tesco Mint 30G;£0.70;£0.23/10g;Salad Vegetables;Fresh Herbs & Chillies;null;null;null;null;null;null;null;null;
287650136;Tesco Cut Curled Parsley 35G;£0.70;£0.20/10g;Salad Vegetables;Fresh Herbs & Chillies;null;null;null;null;null;null;null;null;
256180514;Tesco Basil Medium Pot;£1.25;£1.25/each;Salad Vegetables;Fresh Herbs & Chillies;null;null;null;null;null;null;null;null;
262453391;Tesco Mixed Chillies 65G;£0.60;£9.24/kg;Salad Vegetables;Fresh Herbs & Chillies;null;null;null;null;null;null;null;null;
259095927;Tesco Chives 30G;£0.70;£0.23/10g;Salad Vegetables;Fresh Herbs & Chillies;null;null;null;null;null;null;null;null;
255344507;Tesco Flat Leaf Parsley 31G;£0.70;£0.23/10g;Salad Vegetables;Fresh Herbs & Chillies;null;null;null;null;null;null;null;null;
285507466;Tesco Medium Pot Rosemary Each;£1.25;£1.25/each;Salad Vegetables;Fresh Herbs & Chillies;null;null;null;null;null;null;null;null;
268535262;Gourmet Garden Chilli 75G;£1.69;£0.23/10g;Salad Vegetables;Fresh Herbs & Chillies;57;1.8;8.8;null;1.5;null;null;1.2;
268535757;Gourmet Garden Ginger 75G;£1.69;£0.23/10g;Salad Vegetables;Fresh Herbs & Chillies;69;0.7;4.4;null;5.2;null;null;1.0;
267903139;Tesco Large Pot Coriander;£2.00;£2.00/each;Salad Vegetables;Fresh Herbs & Chillies;null;null;null;null;null;null;null;null;
268535066;Gourmet Garden Basil 75G;£1.69;£0.23/10g;Salad Vegetables;Fresh Herbs & Chillies;202;1.6;23.4;null;6.9;null;null;5.6;
268535498;Gourmet Garden Coriander 75G;£1.69;£0.23/10g;Salad Vegetables;Fresh Herbs & Chillies;177;1.8;19.1;null;5.6;null;null;5.6;
262513476;Tesco Greek Basil Pot;£1.25;£1.25/each;Salad Vegetables;Fresh Herbs & Chillies;null;null;null;null;null;null;null;null;
257574329;Tesco Flat Leaf Parsley Medium Pot;£1.25;£1.25/each;Salad Vegetables;Fresh Herbs & Chillies;null;null;null;null;null;null;null;null;
268535705;Gourmet Garden Garlic 75G;£1.69;£0.23/10g;Salad Vegetables;Fresh Herbs & Chillies;41;6.2;32.1;null;1.2;null;null;1.0;
256204223;Tesco Thyme Medium Pot;£1.25;£1.25/each;Salad Vegetables;Fresh Herbs & Chillies;null;null;null;null;null;null;null;null;
256220670;Tesco Coriander Medium Pot;£1.25;£1.25/each;Salad Vegetables;Fresh Herbs & Chillies;null;null;null;null;null;null;null;null;
256212432;Tesco Curled Parsley Medium Pot;£1.25;£1.25/each;Salad Vegetables;Fresh Herbs & Chillies;null;null;null;null;null;null;null;null;
288044334;Tesco Round Lettuce Each;£0.45;£0.45/each;Salad Vegetables;Lettuce & Chicory;null;null;null;null;null;null;null;null;
253560041;Tesco Little Gem Lettuce Twin Pack;£0.80;£0.40/each;Salad Vegetables;Lettuce & Chicory;null;null;null;null;null;null;null;null;
253559988;Tesco Chinese Leaf Each;£1.20;£1.20/each;Salad Vegetables;Lettuce & Chicory;null;null;null;null;null;null;null;null;
264013961;Tesco Chicory 270G;£1.50;£5.56/kg;Salad Vegetables;Lettuce & Chicory;null;null;null;null;null;null;null;null;
264534350;Tesco Sweet Gem Lettuce 2 Pack;£1.00;£0.50/each;Salad Vegetables;Lettuce & Chicory;null;null;null;null;null;null;null;null;
265960269;Tesco Romaine Lettuce Hearts Twin Pack;£1.25;£0.63/each;Salad Vegetables;Lettuce & Chicory;null;null;null;null;null;null;null;null;
253557495;Tesco Iceberg Lettuce Each;£0.49;£0.49/each;Salad Vegetables;Lettuce & Chicory;null;null;null;null;null;null;null;null;
267315167;Fresh And Naked Just Lambs Lettuce 60G;£0.90;£15.00/kg;Salad Vegetables;Lettuce & Chicory;null;null;null;null;null;null;null;null;
283086891;Tesco Sandwich Iceberg 150G;£1.25;£0.83/100g;Salad Vegetables;Lettuce & Chicory;16;0.7;null;1.9;0.3;0;1.4;0.01;
258421636;Tesco Red Peppers Each;£0.60;£0.60/each;Salad Vegetables;Peppers;36;1.0;null;6.1;0.4;0.1;1.6;0.01;
281068426;Tesco Organic Pepper 250G;£1.49;£5.96/kg;Salad Vegetables;Peppers;null;null;null;null;null;null;null;null;
258905427;Tesco Yellow Peppers Each;£0.60;£0.60/each;Salad Vegetables;Peppers;null;null;null;null;null;null;null;null;
283434013;Tesco Sweet Mirabella Peppers 200G;£1.20;£6.00/kg;Salad Vegetables;Peppers;null;null;null;null;null;null;null;null;
280716042;Tesco Finest Chiquino Peppers;£1.50;£7.50/kg;Salad Vegetables;Peppers;31;1.2;null;5.1;0.2;0.1;1.7;0.01;
258270595;Tesco Green Peppers Each;£0.60;£0.60/each;Salad Vegetables;Peppers;null;null;null;null;null;null;null;null;
258421665;Tesco Orange Peppers Each;£0.60;£0.60/each;Salad Vegetables;Peppers;31;1.2;null;5.1;0.2;0.1;1.7;0.01;
277856916;Tesco Family Pack Mini Sweet Peppers 500G;£2.50;£5.00/kg;Salad Vegetables;Peppers;31;1.2;null;5.1;0.2;0.1;1.7;0.01;
281068789;Tesco Organic Sweet Pointed Peppers 180G;£1.79;£9.95/kg;Salad Vegetables;Peppers;null;null;null;null;null;null;null;null;
251298216;Tesco Finest Sweet Pointed Peppers 220G;£1.50;£6.82/kg;Salad Vegetables;Peppers;null;null;null;null;null;null;null;null;
280145855;Everyday Value Peppers 900G;£1.50;£1.67/kg;Salad Vegetables;Peppers;null;null;null;null;null;null;null;null;
277072870;Tesco Mixed Peppers 3 Pack 500G;£0.99;£0.33/each;Salad Vegetables;Peppers;null;null;null;null;null;null;null;null;
253892828;Tesco Growing Salad Cress Each;£0.24;£0.24/each;Salad Vegetables;Radish & Cress;null;null;null;null;null;null;null;null;
261049366;Tesco Radish Pack 240G;£0.53;£2.21/kg;Salad Vegetables;Radish & Cress;null;null;null;null;null;null;null;null;
277438133;Norfolk Potatoes 750G;£1.50;£2.00/kg;Salad Vegetables;Salad Potatoes;336 4;null;null;null;null;null;null;null;
282186601;Tesco Finest Elfe Salad Potatoes 750G;£2.15;£1.08/100g;Salad Vegetables;Salad Potatoes;null;null;null;null;null;null;null;null;
273150945;Tesco Finest Venezia Potatoes 750G;£1.75;£2.34/kg;Salad Vegetables;Salad Potatoes;76;1.7;null;1.3;0.3;0.1;1.0;0.1;
255094898;Tesco Charlotte Potatoes 1Kg;£1.00;£1.00/kg;Salad Vegetables;Salad Potatoes;null;null;null;null;null;null;null;null;
266125635;Tesco Miniature New Potatoes 750G;£1.50;£2.00/kg;Salad Vegetables;Salad Potatoes;null;null;null;null;null;null;null;null;
253558183;Tesco Baking Potatoes Loose;£0.30;£1.00/kg;Salad Vegetables;Salad Potatoes;null;null;null;null;null;null;null;null;
264786644;Tesco Organic Salad Potatoes 1.3Kg;£1.70;£1.31/kg;Salad Vegetables;Salad Potatoes;76;1.7;null;1.3;0.3;0.1;1.0;0.1;
253555232;Tesco Seasonal New Potatoes Loose;£0.24;£1.99/kg;Salad Vegetables;Salad Potatoes;null;null;null;null;null;null;null;null;
255095718;Tesco Baby Potatoes 1Kg;£0.98;£0.98/kg;Salad Vegetables;Salad Potatoes;76;1.7;null;1.3;0.3;0.1;1.0;0.01;
285212132;Tesco Cherry Tomatoes 330G;£0.90;£2.73/kg;Salad Vegetables;Tomatoes;20;0.7;null;3.1;0.3;0.1;1.0;0.1;
267459342;Tesco Baby Plum Tomatoes 325G;£1.00;£3.08/kg;Salad Vegetables;Tomatoes;null;null;null;null;null;null;null;null;
259410037;Tesco Everyday Value Baby Tomatoes 250G;£0.65;£2.60/kg;Salad Vegetables;Tomatoes;null;null;null;null;null;null;null;null;
285026234;Tesco Sweet Vine Ripened Tomatoes 230G;£1.00;£4.35/kg;Salad Vegetables;Tomatoes;null;null;null;null;null;null;null;null;
285026378;Tesco Finest Temptation Tomatoes 300G;£1.50;£5.00/kg;Salad Vegetables;Tomatoes;null;null;null;null;null;null;null;null;
265927258;Tesco Organic Mini Tomatino 225G;£1.00;£4.00/kg;Salad Vegetables;Tomatoes;null;null;null;null;null;null;null;null;
277407971;Tesco Finest Baby Plum Tomatoes 250G;£1.50;£6.00/kg;Salad Vegetables;Tomatoes;null;null;null;null;null;null;null;null;
256890526;Tesco Everyday Value Tomatoes 500G;£0.75;£1.50/kg;Salad Vegetables;Tomatoes;20;0.7;null;3.1;0.3;0.1;1.0;0.1;
282723462;Tesco Organic Large On The Vine Tomatoes 400G;£1.50;£3.75/kg;Salad Vegetables;Tomatoes;null;null;null;null;null;null;null;null;
265555588;Tesco Organic Cherry On The Vine Tomatoes;£1.75;£8.75/kg;Salad Vegetables;Tomatoes;null;null;null;null;null;null;null;null;
282997799;Tesco Salad Tomatoes 360G;£0.69;£1.92/kg;Salad Vegetables;Tomatoes;null;null;null;null;null;null;null;null;
284863217;Family Pack Plum Tomatoes 750G;£1.50;£2.00/kg;Salad Vegetables;Tomatoes;null;null;null;null;null;null;null;null;
254999782;Tesco Beef Tomatoes Each;£0.80;£0.80/each;Salad Vegetables;Tomatoes;null;null;null;null;null;null;null;null;
285026044;Tesco Tomatoes On The Vine 380G;£1.00;£2.64/kg;Salad Vegetables;Tomatoes;null;null;null;null;null;null;null;null;
267457540;Tesco Salad Tomatoes 1Kg;£1.60;£1.60/kg;Salad Vegetables;Tomatoes;null;null;null;null;null;null;null;null;
278004806;Tesco Finest Mini San Marzano Tomatoes 270G;£1.50;£5.56/kg;Salad Vegetables;Tomatoes;null;null;null;null;null;null;null;null;
278838476;Tesco Sweet Mixed Baby Tomatoes 250G;£1.50;£6.00/kg;Salad Vegetables;Tomatoes;null;null;null;null;null;null;null;null;
259945562;Tesco Finest Piccolo Cherry Tomatoes 220G;£1.50;£6.82/kg;Salad Vegetables;Tomatoes;null;null;null;null;null;null;null;null;
282773626;Tesco Amber And Rosso Tomatoes On The Vine 425G;£2.00;£4.71/kg;Salad Vegetables;Tomatoes;null;null;null;null;null;null;null;null;
280716474;Tesco Finest Sugardrop Tomatoes 220G;£1.50;£6.82/kg;Salad Vegetables;Tomatoes;null;null;null;null;null;null;null;null;
259517292;Tesco Tomatoes On The Vine Loose;£0.14;£1.99/kg;Salad Vegetables;Tomatoes;null;null;null;null;null;null;null;null;
264437338;Florette Mixed Salad 200G;£1.38;£0.55/100g;Salad Vegetables;Salad Bags;null;null;null;null;null;null;null;null;
268303963;Tesco Alfresco Salad 250G;£1.00;£0.40/100g;Salad Vegetables;Salad Bags;26;0.8;null;3.7;0.4;0.1;1.9;0.1;
273483804;Tesco Baby Spinach 240G;£1.50;£0.63/100g;Salad Vegetables;Salad Bags;30;2.8;null;1.5;0.8;0.1;2.7;0.4;
276995418;Florette Peppery Crispy 120G;£1.50;£1.25/100g;Salad Vegetables;Salad Bags;22;1.9;null;null;0.4;null;1.8;0.1;
277488084;Tesco Family Babyleaf Salad 140G;£1.50;£1.08/100g;Salad Vegetables;Salad Bags;21;1.5;null;1.6;0.6;0.1;1.8;0.1;
285846482;Florette Baby Kale 60G;£1.00;£16.67/kg;Salad Vegetables;Salad Bags;22;2.9;null;null;0.4;null;1.7;0.50;
283086891;Tesco Sandwich Iceberg 150G;£1.25;£0.83/100g;Salad Vegetables;Salad Bags;16;0.7;null;1.9;0.3;0;1.4;0.01;
275319911;Florette Sweet Crispy 150G;£1.50;£1.00/100g;Salad Vegetables;Salad Bags;17;1.3;null;null;0.2;null;1.7;0.1;
256667728;Florette Crispy Salad 200G;£1.75;£0.88/100g;Salad Vegetables;Salad Bags;18;1.5;null;null;0.3;null;2.5;0.1;
286893610;Florette Sweet And Crunchy 200G;£1.00;£0.50/100g;Salad Vegetables;Salad Bags;22;1.1;null;null;0.2;null;1.9;0.1;
272107544;Fresh And Naked Spinach 125G;£0.90;£7.20/kg;Salad Vegetables;Salad Bags;null;null;null;null;null;null;null;null;
267315167;Fresh And Naked Just Lambs Lettuce 60G;£0.90;£15.00/kg;Salad Vegetables;Salad Bags;null;null;null;null;null;null;null;null;
268477290;Fresh And Naked Mixed Little Leaves 90G;£0.90;£10.00/kg;Salad Vegetables;Salad Bags;null;null;null;null;null;null;null;null;
268477226;Fresh And Naked Seasonal Little Leaves 90G;£0.90;£10.00/kg;Salad Vegetables;Salad Bags;null;null;null;null;null;null;null;null;
267315115;Fresh And Naked Just Wild Rocket 60G;£0.90;£15.00/kg;Salad Vegetables;Salad Bags;null;null;null;null;null;null;null;null;
259840948;Tesco Everyday Value Crisp Mixed Salad 290G;£0.80;£0.28/100g;Salad Vegetables;Salad Bags;24;1.1;null;3.1;0.4;0;1.8;0.1;
264230104;Tesco Aromatic Babyleaf Herb Salad 105G;£1.50;£1.43/100g;Salad Vegetables;Salad Bags;26;2.1;null;1.6;0.7;0.1;2.3;0.3;
264699459;Tesco Babyleaf Salad 83G;£1.00;£1.21/100g;Salad Vegetables;Salad Bags;21;1.5;null;1.6;0.6;0.1;1.8;0.1;
282279411;Tesco Crispy Salad 120G;£1.00;£0.83/100g;Salad Vegetables;Salad Bags;17;0.8;null;1.8;0.4;0.1;1.5;0.01;
267917077;Tesco Beetroot Salad 160G;£1.50;£0.94/100g;Salad Vegetables;Salad Bags;32;2.0;null;3.6;0.4;0.1;2.5;0.2;
268376518;Tesco Watercress 85G;£1.30;£1.53/100g;Salad Vegetables;Salad Bags;26;3.0;null;0.4;1.0;0.3;1.5;0;
273627935;Tesco Sandwich Spinach Twinpack 2X60g;£1.25;£1.05/100g;Salad Vegetables;Salad Bags;30;2.8;null;1.5;0.8;0.1;2.7;0.4;
280319564;Tesco Family Wild Rocket 110G;£1.50;£1.37/100g;Salad Vegetables;Salad Bags;17;0.8;null;1.7;0.5;0.1;1.4;0.01;
268439468;Tesco Organic Watercress;£1.50;£2.00/100g;Salad Vegetables;Salad Bags;26;3.0;null;0.4;1.0;0.3;1.5;0.1;
264614198;Tesco Florida Salad 300G;£1.00;£0.33/100g;Salad Vegetables;Salad Bags;136;0.9;null;6.2;10.6;1.1;1.5;0.4;
280332265;Bright Salad Bowl 205G;£2.00;£9.76/kg;Salad Vegetables;Salad Bags;31;1.1;null;4.3;0.4;0.1;2.3;0.1;
285959719;Florette Leafy Bistro 110G;£1.00;£0.91/100g;Salad Vegetables;Salad Bags;22;1.2;null;null;0.2;null;2.0;0.1;
261808728;Tesco Beetroot Salad 305G;£1.00;£0.33/100g;Salad Vegetables;Salad Bags;60;0.6;null;10.3;1.4;0.1;2.1;0.1;
268307319;Tesco Mixed Leaf Salad 90G;£1.00;£1.12/100g;Salad Vegetables;Salad Bags;17;0.8;null;1.7;0.5;0.1;1.4;0.01;
268312543;Tesco Peppery Babyleaf Rocket Salads 90G;£1.30;£1.45/100g;Salad Vegetables;Salad Bags;35;3.2;null;0.3;0.3;0.2;3.3;0.1;
277103823;Tesco Mixed Leaf Family Salad 150G;£1.50;£1.00/100g;Salad Vegetables;Salad Bags;17;0.8;null;1.7;0.5;0.1;1.4;0.01;
268616967;Tesco Sweet And Crunchy 370G;£1.00;£0.27/100g;Salad Vegetables;Salad Bags;23;0.8;null;3.2;0.3;0.1;1.9;0.1;
268371224;Tesco Watercress, Spinach And Rocket 120G;£1.50;£1.25/100g;Salad Vegetables;Salad Bags;26;2.5;null;1.1;0.8;0.2;2.0;0.3;
268558603;Tesco Organic Watercress Spinach Rocket;£1.55;£1.55/100g;Salad Vegetables;Salad Bags;29;2.9;null;0.7;0.9;0.2;1.9;0.1;
276995862;Tesco Baby Leaf Salad 123G;£1.50;£1.22/100g;Salad Vegetables;Salad Bags;58;2.9;null;2.8;3.3;0.2;1.5;0.3;
259840910;Tesco Wild Rocket 70G;£1.00;£1.43/100g;Salad Vegetables;Salad Bags;17;0.8;null;1.7;0.5;0.1;1.4;0;
266982898;Florette Garden Salad Bowl 180G;£1.75;£0.97/100g;Salad Vegetables;Salad Bags;21;1.3;null;null;0.3;null;2.2;0.1;
268307354;Tesco Iceberg 260G;£1.00;£0.39/100g;Salad Vegetables;Salad Bags;14;0.7;null;1.9;0.3;0.1;0.6;0.01;
280633807;Tesco Leafy Butterhead Salad 85G;£1.00;£1.18/100g;Salad Vegetables;Salad Bags;22;2.2;null;0.7;0.4;0.1;1.9;0.1;
280517387;Tesco Italian Style Leafy Salad 140G;£1.75;£12.50/kg;Salad Vegetables;Salad Bags;17;0.8;null;1.7;0.5;0.1;1.4;0.01;
274820975;Tesco Ranch Salad 280G;£2.00;£0.71/100g;Salad Vegetables;Salad Bags;135;1.5;null;3.8;11.4;1.6;1.8;0.5;
266665709;Tesco Bright Salad 85G;£1.00;£0.83/100g;Salad Vegetables;Salad Bags;27;1.3;null;3.1;0.4;0.1;2.0;0.1;
283132693;Tesco Peppery Salad 104G;£1.25;£1.21/100g;Salad Vegetables;Salad Bags;26;1.4;null;2.8;0.5;0.1;1.5;0.1;
283133012;Tesco Chicken Caesar 150G;£2.50;£1.67/100g;Salad Vegetables;Salad Bags;190;13.1;null;0.9;11.5;2.1;1.4;0.8;
280331721;Tesco Sweet Salad 115G;£1.75;£15.22/kg;Salad Vegetables;Salad Bags;108;1.3;null;3.5;8.8;0.6;2.0;0.3;
277180989;Tesco Crisp Green Side Salad 150G;£1.50;£1.00/100g;Salad Vegetables;Salad Bags;71;1.1;null;3.2;5.1;0.4;1.5;0.2;
278257984;Tesco Simple Salad 135G;£1.00;£0.74/100g;Salad Vegetables;Salad Bags;24;1.3;null;2.7;0.3;0;2.1;0.1;
268431540;Tesco Creamy Caesar Salad 287G;£2.00;£0.98/100g;Salad Vegetables;Salad Bags;130;3.5;null;2.7;10.1;1.6;1.4;0.4;
266665773;Tesco Crunchy Salad 242G;£2.00;£0.83/100g;Salad Vegetables;Salad Bags;26;1.1;null;2.8;0.4;0.1;2.0;0.1;
277181026;Tesco Continental Salad 130G;£1.50;£1.16/100g;Salad Vegetables;Salad Bags;95;0.9;null;2.6;8.1;1.1;1.4;0.3;
283114790;Tesco Cheddar Apple And Salad 155G;£2.50;£1.62/100g;Salad Vegetables;Salad Bags;155;7.4;null;5.0;11.0;6.0;1.2;0.6;
256299023;Tesco Houmous 300G;£1.30;£0.43/100g;Side Salads & Dips;Chilled Dips;320;7.7;null;0.6;27.2;2.6;4.8;1.1;
281296933;Tesco Health Living Reduced Fat Houmous 182G;£1.00;£0.55/100g;Side Salads & Dips;Chilled Dips;233;8.6;null;1.0;15.6;1.7;5.1;0.8;
279490037;Tesco Reduced Fat Caramelised Houmous 300G;£1.30;£0.43/100g;Side Salads & Dips;Chilled Dips;180;5.8;null;8.5;8.9;0.9;3.3;0.8;
260084012;Tesco Reduced Fat Houmous Dip 200G;£1.00;£0.50/100g;Side Salads & Dips;Chilled Dips;239;9.3;null;0.7;16.4;1.9;4.5;1.0;
277043369;Tesco Finest Spiced Moroccan Houmous 165G;£1.50;£0.91/100g;Side Salads & Dips;Chilled Dips;298;6.4;null;2.8;24.9;2.3;5.3;0.8;
272453329;Tesco Chunky Houmous 200G;£1.00;£0.47/100g;Side Salads & Dips;Chilled Dips;302;8.3;null;0.6;24.1;2.3;5.5;0.7;
282153675;Tesco Houmous Snacking Dips 160G;£1.25;£0.78/100g;Side Salads & Dips;Chilled Dips;320;7.7;null;0.6;27.2;2.6;4.8;1.1;
260258101;Tesco Organic Houmous 200G;£1.00;£0.50/100g;Side Salads & Dips;Chilled Dips;332;6.8;null;0.8;29.0;3.6;7.2;1.0;
281296979;Tesco Healthy Living Reduced Fat Houmous Stacker 3X70G;£1.25;£0.60/100g;Side Salads & Dips;Chilled Dips;223;8.0;null;2.0;14.4;1.7;4.5;0.8;
280711456;Tesco Broad Bean Asparagus And Mint Houmous 182G;£1.00;£0.55/100g;Side Salads & Dips;Chilled Dips;282;7.1;null;0.5;23.0;2.2;3.7;1.0;
280677818;Tesco Lemon And Coriander Houmous 182G;£1.00;£0.55/100g;Side Salads & Dips;Chilled Dips;278;6.4;null;2.3;22.5;2.6;5.7;1.4;
280738027;Tesco Caramelised Onion Houmous 182G;£1.00;£0.55/100g;Side Salads & Dips;Chilled Dips;247;4.1;null;4.8;19.4;1.9;4.3;1.6;
274833804;Tesco Everyday Value Houmous Dip 300G;£1.00;£0.33/100g;Side Salads & Dips;Chilled Dips;222;5.4;null;0.6;15.6;1.8;4.8;1.3;
279489869;Tesco Houmous Mini Multipack 210G;£1.35;£0.64/100g;Side Salads & Dips;Chilled Dips;268;6.5;null;7.4;19.7;2.0;3.4;0.6;
255412715;Tesco Reduced Fat Houmous Dip 300G;£1.30;£0.43/100g;Side Salads & Dips;Chilled Dips;239;9.3;null;0.7;16.4;1.9;4.5;1.0;
281296806;Tesco Healthy Living Spiced Lentil And Chickpea Dip 182G;£1.00;£0.55/100g;Side Salads & Dips;Chilled Dips;178;6.1;null;3.6;9.4;1.2;4.0;1.1;
281109045;Tesco Jalapeno And Red Pepper Houmous 182G;£1.00;£0.55/100g;Side Salads & Dips;Chilled Dips;294;7.4;null;1.2;23.8;2.1;5.1;0.8;
260083981;Tesco Houmous 200G;£1.00;£0.50/100g;Side Salads & Dips;Chilled Dips;320;7.7;null;0.6;27.2;2.6;4.8;1.1;
282153001;Tesco Moroccan Houmous 182G;£1.00;£0.55/100g;Side Salads & Dips;Chilled Dips;212;7.3;null;2.2;13.6;1.5;8.4;1.0;
281381550;Tesco Healthy Living Beetroot And Mint Houmous 182G;£1.00;£0.55/100g;Side Salads & Dips;Chilled Dips;183;5.9;null;1.5;11.3;1.0;6.5;0.6;
280710699;Tesco Sweet Chilli Houmous 182G;£1.00;£0.55/100g;Side Salads & Dips;Chilled Dips;254;7.0;null;5.8;16.9;1.8;8.0;1.2;
265191447;Tesco Reduced Fat Houmous Selection Plain Lemon Pepper 210G;£1.25;£0.60/100g;Side Salads & Dips;Chilled Dips;225;8.4;null;1.5;14.6;1.6;4.9;0.9;
268097059;Tex Mex Mini Multipack 210G;£1.35;£0.64/100g;Side Salads & Dips;Chilled Dips;186;1.7;null;4.2;17.1;3.1;1.8;0.7;
272453220;Tesco Guacamole 163G;£1.55;£0.78/100g;Side Salads & Dips;Chilled Dips;187;1.3;null;3.4;17.9;5.4;3.6;0.4;
267965687;Tesco Reduced Fat Houmous Selection Onion Tomato 210G;£1.25;£0.60/100g;Side Salads & Dips;Chilled Dips;220;6.8;null;1.9 (2% of NRV);14.7;1.6;4.4;0.7 (12% of NRV);
281121755;Tesco Reduced Fat Piri Piri Houmous Dip 182G;£1.00;£0.55/100g;Side Salads & Dips;Chilled Dips;225;8.0;null;1.1 (1% of NRV);14.9;1.7;4.7;1.1 (18% of NRV);
281381481;Tesco Healthy Living Roasted Garlic And Herb Dip 200G;£1.00;£0.50/100g;Side Salads & Dips;Chilled Dips;174;1.8;null;4.2;14.3;2.9;0.2;0.7;
259794296;Tesco Tex Mex Multipack Dips 428G;£2.20;£0.51/100g;Side Salads & Dips;Chilled Dips;55;1.3;null;5.2;2.7;0.3;1.2;0.4;
281121951;Tesco Reduced Fat Red Pepper Houmous 182G;£1.00;£0.55/100g;Side Salads & Dips;Chilled Dips;218;8.5;null;1.1;13.6;1.6;4.5;0.8;
276533897;Tesco Greek Mini Multipack 210G;£1.35;£0.64/100g;Side Salads & Dips;Chilled Dips;323;8.0;null;0.7;26.5;2.6;4.7;0.6;
266078609;Tesco Reduced Fat Sour Cream And Chive Dip 200G;£1.00;£0.50/100g;Side Salads & Dips;Chilled Dips;190;3.1;null;3.6;16.2;5.8;0.2;0.5;
282153940;Tesco Creamy Tomato And Basil Dip 182G;£1.00;£0.55/100g;Side Salads & Dips;Chilled Dips;277;1.4;null;5.4;25.2;3.9;0.3;1.4;
282153911;Tesco 4 Snacking Dips 160G;£1.25;£0.78/100g;Side Salads & Dips;Chilled Dips;337;1.3;null;2.6;34.0;5.9;0.2;1.0;
260076346;Tesco Cheese And Chive Dip 200G;£1.00;£0.50/100g;Side Salads & Dips;Chilled Dips;283;3.8;null;3.0;26.8;4.8;0.3;0.9;
260076385;Tesco Hot Salsa Dip 200G;£1.00;£0.50/100g;Side Salads & Dips;Chilled Dips;52;1.3;null;5.1;2.6;0.2;1.2;0.4;
259793971;Tesco Classic Multipack Dips 516G;£2.20;£0.43/100g;Side Salads & Dips;Chilled Dips;283;3.8;null;3.0;26.8;4.8;0.3;0.9;
260076333;Tesco Onion And Garlic Dip 200G;£1.00;£0.50/100g;Side Salads & Dips;Chilled Dips;337;1.3;null;2.6;34.0;5.9;0.2;1.0;
258067214;Tesco Everyday Value Multipack Dips 500G;£1.09;£0.22/100g;Side Salads & Dips;Chilled Dips;223;2.8;null;3.5;19.1;2.9;0.2;1.1;
281381348;Tesco Healthy Living Coronation Dip 200G;£1.00;£0.50/100g;Side Salads & Dips;Chilled Dips;145;3.1;null;4.9;9.9;1.2;0.3;0.7;
263481741;Tesco Cool Salsa Dip 200G;£1.00;£0.50/100g;Side Salads & Dips;Chilled Dips;55;1.3;null;5.2;2.7;0.3;1.2;0.4;
285573674;Tesco Reduced Fat Houmous Snappables 160G;£1.25;£0.78/100g;Side Salads & Dips;Chilled Dips;null;null;null;null;null;null;null;null;
274904519;Tesco Everyday Value Onion And Garlic Dip 200G;£0.76;£0.38/100g;Side Salads & Dips;Chilled Dips;351;1.8;null;2.5;36.5;4.3;1.2;0.8;
260083848;Tesco Tzatziki Dip 200G;£1.00;£0.50/100g;Side Salads & Dips;Chilled Dips;125;4.0;null;4.2;10.1;5.0;0.2;0.4;
281121830;Tesco Beetroot Tzatziki Dip 182G;£1.00;£0.55/100g;Side Salads & Dips;Chilled Dips;94;2.9;null;5.5;5.5;3.8;0.5;1.0;
272440863;Tesco Taramasalata 200G;£1.00;£0.47/100g;Side Salads & Dips;Chilled Dips;515;2.5;null;1.6;52.5;3.5;0.3;1.2;
260076402;Tesco Soured Cream And Chive Dip 200G;£1.00;£0.50/100g;Side Salads & Dips;Chilled Dips;280;2.3;null;2.6;27.4;9.0;0.2;0.6;
257457653;Tesco Coleslaw 180G;£0.48;£0.27/100g;Side Salads & Dips;Coleslaw & Potato Salad;277;1.1;null;3.0;27.9;3.1;0.5;0.5;
251523072;Tesco Coleslaw And Potato Salad 2 Pack 500G;£1.30;£0.26/100g;Side Salads & Dips;Coleslaw & Potato Salad;153;1.2;null;2.4;12.5;1.0;2.9;0.5;
277220148;Tesco Finest Coleslaw Salad 600G;£2.00;£0.33/100g;Side Salads & Dips;Coleslaw & Potato Salad;247;1.1;null;1.7;25.6;1.9;1.6;0.3;
277117058;Tesco Finest Deli Style Potato Salad 275G;£2.15;£0.78/100g;Side Salads & Dips;Coleslaw & Potato Salad;166;1.6;null;0.8;12.9;1.0;1.2;0.3;
266881787;Tesco Coleslaw 600G;£1.20;£0.15/100g;Side Salads & Dips;Coleslaw & Potato Salad;185;0.9;null;5.3;17.1;1.7;1.6;null;
281319424;Tesco Healthy Living Coleslaw Salad 180G;£0.48;£0.27/100g;Side Salads & Dips;Coleslaw & Potato Salad;127;1.0;null;5.2;11.0;1.3;1.6;0.6;
252740515;Tesco Everyday Value Potato Salad 250G;£0.35;£0.14/100g;Side Salads & Dips;Coleslaw & Potato Salad;149;1.0;null;1.8;10.8;0.8;1.3;0.6;
255412053;Tesco Cheese Coleslaw 300G;£1.00;£0.33/100g;Side Salads & Dips;Coleslaw & Potato Salad;200;3.2;null;4.7;18.1;3.4;1.5;0.8;
277116059;Tesco Finest Coleslaw 335G;£1.00;£0.30/100g;Side Salads & Dips;Coleslaw & Potato Salad;247;1.1;null;1.7;25.6;1.9;1.6;0.3;
277117162;Tesco Everyday Value Coleslaw 250G;£0.25;£0.10/100g;Side Salads & Dips;Coleslaw & Potato Salad;110;1.0;null;3.3;9.8;1.0;1.9;0.6;
257457716;Tesco Coleslaw 300G;£0.64;£0.21/100g;Side Salads & Dips;Coleslaw & Potato Salad;183;0.9;null;5.3;17.1;1.7;1.6;0.6;
281341615;Tesco Healthy Living Coleslaw 600G;£1.20;£0.20/100g;Side Salads & Dips;Coleslaw & Potato Salad;127;1.0;null;5.2;11.0;1.3;1.6;0.6;
256467435;Tesco Finest Coleslaw And Potato Salad 400G;£1.60;£0.40/100g;Side Salads & Dips;Coleslaw & Potato Salad;247;1.0;null;4.2;24.0;2.4;1.7;0.5;
281319545;Tesco Healthy Living Coleslaw 300G;£0.64;£0.21/100g;Side Salads & Dips;Coleslaw & Potato Salad;127;1.0;null;5.2;11.0;1.3;1.6;0.6;
257462957;Tesco Potato Salad 300G;£0.64;£0.21/100g;Side Salads & Dips;Coleslaw & Potato Salad;179;1.0;null;1.1;14.2;1.2;1.3;0.7;
266882626;Tesco Potato Salad 600G;£1.20;£0.15/100g;Side Salads & Dips;Coleslaw & Potato Salad;180;1.0;null;1.1;14.2;1.2;1.3;null;
281318713;Tesco Healthy Living Potato Salad 300G;£0.64;£0.21/100g;Side Salads & Dips;Coleslaw & Potato Salad;110;1.3;null;2.2;5.9;0.8;0.9;0.5;
278504445;Tesco Finest Chunky Coleslaw 630G;£2.30;£0.37/100g;Side Salads & Dips;Coleslaw & Potato Salad;233;1.2;null;4.1;22.9;1.8;2.9;0.3;
276252774;Tesco Finest Coleslaw 180G;£0.70;£0.39/100g;Side Salads & Dips;Coleslaw & Potato Salad;247;1.1;null;1.7;25.6;1.9;1.6;0.3;
283148997;Fresh Gourmet Caesar Croutons 28G;£0.75;£2.68/100g;Side Salads & Dips;Dressings & Toppers;549kJ;3.6;null;null;4.7;null;0.56;0.7;
277811359;Tesco Reduce Fat French Dressing 150Ml;£1.00;£6.67/l;Side Salads & Dips;Dressings & Toppers;90;0.4;null;9.8;3.3;0.2;0.6;1.7;
262138062;Good4u Lentil Pea And Bean Shoots 180G;£1.00;£0.56/100g;Side Salads & Dips;Dressings & Toppers;null;11.7;null;null;0.2;null;8.9;0.04;
274157683;Good4u Super Shoots Peppery Flavour 50G;£1.00;£2.00/100g;Side Salads & Dips;Dressings & Toppers;null;4.7;null;null;1.2;null;2.5;0.04;
271605434;Tesco Caesar Dressing 150Ml;£1.00;£0.67/100ml;Side Salads & Dips;Dressings & Toppers;448;2.1;null;2.4;47.1;4.0;0.6;1.3;
271613200;Tesco Honey And Mustard Dressing 150Ml;£1.00;£0.67/100ml;Side Salads & Dips;Dressings & Toppers;507;1.1;null;5.6;53.0;7.2;0.7;1.0;
282570774;Fresh Gourmet Crispy Onions 28G;£0.75;£2.68/100g;Side Salads & Dips;Dressings & Toppers;2444kJ;7.3;null;null;42.8;null;2.9;null;
283087331;Tesco Dressing Vinaigrette 150Ml;£1.00;£0.67/100ml;Side Salads & Dips;Dressings & Toppers;null;null;null;null;null;null;null;null;
283356860;Tesco Finest Mango Chilli And Lime 150Ml;£1.50;£1.00/100ml;Side Salads & Dips;Dressings & Toppers;304;1.0;null;12.2;27.9;1.9;0.5;0.8;
282530678;Fresh Gourmet Sea Salt And Cracked Black Pepper 28G;£0.75;£2.68/100g;Side Salads & Dips;Dressings & Toppers;1958kJ;12.7;null;null;16.6;null;2.1;null;
271605849;Tesco Finest Balsamic Dressing 150Ml;£1.50;£1.00/100ml;Side Salads & Dips;Dressings & Toppers;306;1.2;null;21.6;23.5;2.2;0.5;1.1;
282152282;Tesco Finest Caesar Salad Dressing 150Ml;£1.50;£10.00/l;Side Salads & Dips;Dressings & Toppers;559;2.8;null;0.9;60.3;5.0;0.5;1.2;
282530874;Fresh Gourmet Cheese And Garlic Case 28G;£0.75;£2.68/100g;Side Salads & Dips;Dressings & Toppers;1961kJ;13.0;null;null;17.0;null;2.0;null;
282530724;Fresh Gourmet Tortilla Strips 28G;£0.75;£2.68/100g;Side Salads & Dips;Dressings & Toppers;2430kJ;6.1;null;null;40.2;null;5.2;null;
277993724;Good4u Sunflower Linseed And Sesame Sprinkles 20G;£0.75;£3.75/100g;Side Salads & Dips;Dressings & Toppers;445kj;3.8;null;null;9;null;13;0.2;
282530816;Fresh Gourmet Ciabatta 28G;£0.75;£2.68/100g;Side Salads & Dips;Dressings & Toppers;1801kJ;9.5;null;null;13.1;null;4.6;null;
254954991;Tesco Cheese And Tomato Pasta 300G;£1.60;£0.53/100g;Side Salads & Dips;Prepared Salad & Pasta;172;6.8;null;3.8;5.6;1.5;2.2;0.6;
265855072;Tesco Chicken And Bacon Pasta 465G;£2.20;£0.47/100g;Side Salads & Dips;Prepared Salad & Pasta;234;9.4;null;0.8;13.1;1.2;2.0;0.7;
268858906;Tesco Fried Chicken And Hoisin Noodle Salad 220G;£1.80;£0.82/100g;Side Salads & Dips;Prepared Salad & Pasta;158;6.7;null;3.7;3.5;0.6;1.6;0.7;
279725372;Tesco Curried Noodle 400G;£2.20;£0.55/100g;Side Salads & Dips;Prepared Salad & Pasta;184;3.8;null;2.0;9.5;0.7;1.1;1.1;
278935113;Tesco Feta And Slow Roast Tomato Pasta 290G;£2.00;£0.69/100g;Side Salads & Dips;Prepared Salad & Pasta;126;5.2;null;2.3;4.0;1.1;1.2;0.5;
254500181;Tesco Flamegrilled Chicken And Bacon Pasta 300G;£2.00;£0.67/100g;Side Salads & Dips;Prepared Salad & Pasta;211;7.6;null;1.1;11.8;1.3;1.9;0.5;
277131484;Tesco Finest Chargrill Mushroom Pasta 220G;£2.15;£0.98/100g;Side Salads & Dips;Prepared Salad & Pasta;214;7.1;null;0.8;10.7;1.7;1.4;0.8;
279725222;Tesco Pesto Pasta Salad 190G;£1.35;£0.71/100g;Side Salads & Dips;Prepared Salad & Pasta;184;4.6;null;1.4;8.8;1.4;1.7;1.0;
254501341;Tesco Honey And Mustard Chicken Pasta 300G;£2.00;£0.67/100g;Side Salads & Dips;Prepared Salad & Pasta;235;6.8;null;2.4;11.8;1.6;1.4;0.5;
274809022;Tesco Finest Spinach Pinenut Pasta 400G;£2.00;£0.50/100g;Side Salads & Dips;Prepared Salad & Pasta;240;7.2;null;1.0;12.9;2.2;1.5;1.0;
264510919;Tesco Southern Fried Chicken Pasta 300G;£2.00;£0.67/100g;Side Salads & Dips;Prepared Salad & Pasta;197;6.4;null;2.9;9.2;1.3;1.2;0.6;
265855135;Tesco Prawn Pasta 465G;£2.20;£0.47/100g;Side Salads & Dips;Prepared Salad & Pasta;179;4.8;null;2.2;7.5;0.6;1.3;0.6;
274661794;Tesco Spicy Chicken And Piri Piri Pasta 285G;£2.00;£0.70/100g;Side Salads & Dips;Prepared Salad & Pasta;142;6.9;null;3.0;1.9;0.3;1.6;0.3;
277043997;Tesco Italian Pasta 550G;£2.20;£0.40/100g;Side Salads & Dips;Prepared Salad & Pasta;134;3.4;null;5.2;4.2;0.4;1.3;0.4;
283670913;Tesco Chilli Chicken Noodle Salad 245G;£2.50;£1.25/100g;Side Salads & Dips;Prepared Salad & Pasta;102;6.3;null;5.6;2.1;0.8;1.7;0.7;
282745418;Tesco Chicken And Red Pepper Couscous 400G;£2.20;£0.55/100g;Side Salads & Dips;Prepared Salad & Pasta;158;8.6;null;2.2;4.8;0.4;1.6;0.9;
283195871;Tesco Fajita Chicken Pasta 220G;£2.20;£1.00/100g;Side Salads & Dips;Prepared Salad & Pasta;140;7.3;null;4.3;1.8;0.9;1.5;0.3;
277116364;Tesco Sweet Chilli Noodle Salad 200G;£1.35;£0.68/100g;Side Salads & Dips;Prepared Salad & Pasta;180;3.1;null;11.2;5.3;0.3;0.8;0.7;
266078241;Tesco Finest Spinach Pinenut Pasta 215G;£2.15;£1.00/100g;Side Salads & Dips;Prepared Salad & Pasta;240;7.2;null;1.0;12.9;2.2;1.5;1.0;
283195859;Tesco Sweet Chilli Noodle Pot;£1.60;£1.60/each;Side Salads & Dips;Prepared Salad & Pasta;119;2.8;null;9.0;0.3;0.1;1.1;0.3;
260886987;Tesco Prawn Layered Salad 380G;£2.20;£0.58/100g;Side Salads & Dips;Prepared Salad & Pasta;106;4.3;null;2.0;4.0;0.4;1.7;0.4;
277043732;Tesco Cheese Layer Salad Bowl 380G;£2.20;£0.55/100g;Side Salads & Dips;Prepared Salad & Pasta;211;5.4;null;2.6;15.4;3.8;1.8;0.4;
277269908;Tesco Finest Waldorf Salad 300G;£2.15;£0.72/100g;Side Salads & Dips;Prepared Salad & Pasta;260;2.0;null;7.9;23.3;2.4;2.2;0.3;
282172116;Tesco Finest Red Pesto And Piquillo Pasta Salad 200G;£2.15;£1.08/100g;Side Salads & Dips;Prepared Salad & Pasta;188;4.7;null;4.3;8.6;1.1;1.6;0.7;
257893320;Tesco Prawn Layered Salad Bowl 380G;£2.20;£0.58/100g;Side Salads & Dips;Prepared Salad & Pasta;134;4.3;null;2.5;7.3;0.6;1.7;0.5;
254694710;Tesco Tuna And Sweetcorn Pasta 300G;£2.00;£0.67/100g;Side Salads & Dips;Prepared Salad & Pasta;186;6.7;null;2.9;8.5;1.8;1.1;0.4;
280086210;Tesco Falafel And Butternut Squash Salad 255G;£2.80;£1.15/100g;Side Salads & Dips;Prepared Salad & Pasta;117;3.5;null;2.3;5.0;1.1;2.3;0.6;
267965704;Tesco Tuna And Sweet Corn Pasta 465G;£2.20;£0.47/100g;Side Salads & Dips;Prepared Salad & Pasta;209;5.4;null;1.0;11.5;1.1;1.2;0.4;
261808665;Tesco Celery Fruit Nut Salad 300G;£1.00;£0.33/100g;Side Salads & Dips;Prepared Salad & Pasta;257;3.5;null;9.7;21.4;4.1;2.3;0.8;
282172531;Tesco Finest Roasted Aubergine And Chickpea Salad 220G;£2.15;£0.98/100g;Side Salads & Dips;Prepared Salad & Pasta;130;3.8;null;4.0;2.4;0.4;3.2;0.7;
262078306;Tesco Spicy Chilli Chicken 275G;£1.60;£0.58/100g;Side Salads & Dips;Prepared Salad & Pasta;137;6.0;null;2.7;1.2;0.2;3.6;0.3;
264337422;Tesco Finest Chargrill Vegetable Cous Cous 250G;£2.15;£0.86/100g;Side Salads & Dips;Prepared Salad & Pasta;166;4.0;null;4.7;4.6;0.5;1.8;0.3;
277043784;Tesco Chicken And Bacon Layered Salad Bowl 380G;£2.20;£0.58/100g;Side Salads & Dips;Prepared Salad & Pasta;143;6.7;null;1.8;7.4;0.9;1.7;0.3;
260883633;Tesco Cheese Layered Salad 380G;£2.20;£0.58/100g;Side Salads & Dips;Prepared Salad & Pasta;211;5.4;null;2.6;15.4;3.8;1.8;0.4;
283669812;Tesco Finest Moroccan Couscous 250G;£2.15;£0.86/100g;Side Salads & Dips;Prepared Salad & Pasta;206;4.4;null;15.4;5.7;0.4;2.2;0.6;
279768770;Tesco Finest Edamame And Pea Salad 200G;£2.15;£1.08/100g;Side Salads & Dips;Prepared Salad & Pasta;124;7.5;null;1.9;5.5;0.9;4.6;0.5;
264420951;Tesco Chicken And Bacon Layered Salad 360G;£2.20;£0.61/100g;Side Salads & Dips;Prepared Salad & Pasta;143;6.7;null;1.8;7.4;0.9;1.7;0.3;
285061427;Tesco Tomato Cous Cous 220G;null;null;Side Salads & Dips;Prepared Salad & Pasta;190;4.4;null;5.0;7.6;0.7;1.1;0.8;
283507884;Tesco Moroccan Cous Cous 300G;£2.00;£6.67/kg;Side Salads & Dips;Prepared Salad & Pasta;149;4.6;null;7.1;2.2;0.3;3.9;0.4;
254263380;Anchor Original Block Butter 500G;£3.25;£6.50/kg;Milk, Butter & Eggs;Butter, Spreads & Margarine;744;0.6;null;null;82.2;null;null;1.7;
256542847;Tesco English Salted Block Butter 250G >>;£0.88;£3.52/kg;Milk, Butter & Eggs;Butter, Spreads & Margarine;745;0.6;null;0.7;82.2;52.1;0;1.7;
251607518;Anchor Lighter Spreadable 500G;£3.25;£6.50/kg;Milk, Butter & Eggs;Butter, Spreads & Margarine;516;0.3;0.3;null;57;null;null;1.1;
254263190;Country Life Original Block Butter 250G;£1.50;£6.00/kg;Milk, Butter & Eggs;Butter, Spreads & Margarine;737;0.5;null;null;81.7;null;Nil;null;
255878060;Lurpak Unsalted Block Butter 250G;£1.70;£6.80/kg;Milk, Butter & Eggs;Butter, Spreads & Margarine;747 ;0.6;0.7;null;82;null;null;0.01;
277733993;President Slightly Salted Butter 250G;£1.65;£6.60/kg;Milk, Butter & Eggs;Butter, Spreads & Margarine;null;null;null;null;null;null;null;null;
250759439;Tesco Finest Salted Normandy Butter 250G;£1.75;£7.00/kg;Milk, Butter & Eggs;Butter, Spreads & Margarine;725;0.7;null;0.5;80.0;53.6;0;2.0;
261819888;Tesco English Unsalted Block Butter 250G >>;£0.88;£3.52/kg;Milk, Butter & Eggs;Butter, Spreads & Margarine;747;0.6;null;0.6;82.2;52.1;0;0.1;
254263282;Kerrygold Pure Irish Block Butter 250G;£1.60;£6.40/kg;Milk, Butter & Eggs;Butter, Spreads & Margarine;723;0.4;null;null;80;null;null;null;
258605615;Tesco Everyday Value Salted Block Butter 250G >>;£0.86;£3.44/kg;Milk, Butter & Eggs;Butter, Spreads & Margarine;743;0.4;null;0.3;82.2;52.1;0;1.7;
259395941;Anchor Unsalted Block Butter 250G;£1.70;£6.80/kg;Milk, Butter & Eggs;Butter, Spreads & Margarine;744;0.6;null;null;82.2;null;null;0.02;
262611446;Lurpak Garlic Butter 125G;£1.25;£10.00/kg;Milk, Butter & Eggs;Butter, Spreads & Margarine;692 ;1.3;3.7;null;75;null;null;2.0;
250760137;President Unsalted Butter 250G;£1.65;£6.60/kg;Milk, Butter & Eggs;Butter, Spreads & Margarine;null;null;null;null;null;null;null;null;
254347811;Anchor Original Spreadable 250G;£1.75;£7.00/kg;Milk, Butter & Eggs;Butter, Spreads & Margarine;696;0.3;0.3;null;77;null;null;1.1;
254263374;Anchor Original Block Butter 250G;£1.70;£6.80/kg;Milk, Butter & Eggs;Butter, Spreads & Margarine;744;0.6;null;null;82.2;null;null;1.7;
261819456;Tesco Everyday Value Unsalted Block Butter 250G >>;£0.86;£3.44/kg;Milk, Butter & Eggs;Butter, Spreads & Margarine;747;0.6;null;0.6;82.2;52.1;0;0.1;
253484799;Country Life Unsalted Block Butter 250G;£1.50;£6.00/kg;Milk, Butter & Eggs;Butter, Spreads & Margarine;746;0.5;null;null;82.7;null;Nil;null;
260388338;Tesco English Slightly Salted Block Butter 250G >>;£0.88;£3.52/kg;Milk, Butter & Eggs;Butter, Spreads & Margarine;745;0.7;null;0.6;82.2;52.1;0;1.1;
251599085;St Helens Farm Goats Butter 250G;£1.90;£7.60/kg;Milk, Butter & Eggs;Butter, Spreads & Margarine;null;0.5;null;null;88.0;null;null;1.5;
254263339;Lurpak Slightly Salted Block Butter 250G;£1.70;£6.80/kg;Milk, Butter & Eggs;Butter, Spreads & Margarine;739 ;0.6;0.7;null;82;null;null;1.2;
283788417;Bertolli With Butter Spread 225G;£1.49;£6.63/kg;Milk, Butter & Eggs;Butter, Spreads & Margarine;615 ;0.5;0.6;null;70;null;null;1.5;
252246398;Lurpak Lighter Slightly Salted Spreadable 250G;£1.75;£7.00/kg;Milk, Butter & Eggs;Butter, Spreads & Margarine;516;0.3;null;null;57;null;null;0.90;
283788636;Gold From Flora Slightly Salted Spread 225G;£1.49;£6.63/kg;Milk, Butter & Eggs;Butter, Spreads & Margarine;633 ;0.5;0.6;null;70;null;null;1.2;
253002927;Country Life Original Spreadable 500G;£2.50;£5.00/kg;Milk, Butter & Eggs;Butter, Spreads & Margarine;690;0.2;null;null;76.4;null;Nil;null;
268682363;Lurpak Lighter Olive Oil Spreadable 500G;£3.25;£6.50/kg;Milk, Butter & Eggs;Butter, Spreads & Margarine;543;0.3;null;null;60;null;null;0.90;
252581962;Lurpak Slightly Salted Spreadble 250G;£1.75;£7.00/kg;Milk, Butter & Eggs;Butter, Spreads & Margarine;706;0.5;null;null;78;null;null;0.90;
252246415;Lurpak Lighter Slightly Salted Spreadable 500G;£3.25;£6.50/kg;Milk, Butter & Eggs;Butter, Spreads & Margarine;516;0.3;null;null;57;null;null;0.90;
250063536;Lurpak Slightly Salted Spreadable 1Kg;£4.00;£4.00/kg;Milk, Butter & Eggs;Butter, Spreads & Margarine;706;0.5;null;null;78;null;null;0.90;
261387522;Country Life Lighter Spreadable 500G;£2.50;£5.00/kg;Milk, Butter & Eggs;Butter, Spreads & Margarine;514;0.9;null;null;56.1;null;Nil;null;
277302524;Kerrygold Softer Butter 250G;£1.90;£7.60/kg;Milk, Butter & Eggs;Butter, Spreads & Margarine;726;0.7;null;null;80.0;null;null;1.2;
283788538;Gold From Flora Slightly Salted Spread 400G;£2.49;£6.23/kg;Milk, Butter & Eggs;Butter, Spreads & Margarine;633 ;0.5;0.6;null;70;null;null;1.2;
283788193;Bertolli With Butter 400G;£2.49;£6.23/kg;Milk, Butter & Eggs;Butter, Spreads & Margarine;615 ;0.5;0.6;null;70;null;null;1.5;
271762685;Lurpak Lightest Spreadable 500G;£3.25;£6.50/kg;Milk, Butter & Eggs;Butter, Spreads & Margarine;377;3.3;null;null;40;null;null;1.1;
267027256;Lurpak Unsalted Lighter Spreadable 500G;£3.25;£6.50/kg;Milk, Butter & Eggs;Butter, Spreads & Margarine;516;0.3;null;null;57;null;null;0.01;
272622055;Lurpak Lightest Spreadable 250G;£1.75;£7.00/kg;Milk, Butter & Eggs;Butter, Spreads & Margarine;377;3.3;null;null;40;null;null;1.1;
257333794;Lurpak Lighter Slightly Salted Spreadable 1Kg;£4.00;£4.00/kg;Milk, Butter & Eggs;Butter, Spreads & Margarine;516;0.3;null;null;57;null;null;0.90;
254362533;Anchor Original Spreadable 500G;£3.25;£6.50/kg;Milk, Butter & Eggs;Butter, Spreads & Margarine;696;0.3;0.3;null;77;null;null;1.1;
273676409;Country Life Original Spreadable 750G;£3.25;£4.34/kg;Milk, Butter & Eggs;Butter, Spreads & Margarine;690;0.2;null;null;76.4;null;Nil;null;
253886894;Lurpak Slightly Salted Spreadable 500G;£3.25;£6.50/kg;Milk, Butter & Eggs;Butter, Spreads & Margarine;706 ;0.5;null;null;78;null;null;0.90;
282301072;Kerrygold Original Spreadable 400G;£2.50;£6.25/kg;Milk, Butter & Eggs;Butter, Spreads & Margarine;589;0.5;null;null;65;null;null;1;
277734139;President Slightly Salted Spreadable 250G;£1.75;£7.00/kg;Milk, Butter & Eggs;Butter, Spreads & Margarine;null;null;null;null;null;null;null;null;
282319181;Clover Lighter Than Light Spread 500G;£1.50;£3.00/kg;Milk, Butter & Eggs;Butter, Spreads & Margarine;355;0.3;null;null;38;null;null;1.5;
259373535;Clover Lighter Spread 500G;£1.50;£3.00/kg;Milk, Butter & Eggs;Butter, Spreads & Margarine;454;0.6;null;null;49;null;null;1.5;
282318988;Clover Additions Strong Bones Spread 500G;£1.50;£3.00/kg;Milk, Butter & Eggs;Butter, Spreads & Margarine;452;0.4;null;null;49;null;null;1.2;
252542001;Tesco Butterpak Spreadable 500G;£1.85;£3.70/kg;Milk, Butter & Eggs;Butter, Spreads & Margarine;549;0.5;null;0.5;60.0;24.9;0.7;0.9;
261631216;Lurpak Unsalted Spreadable 500G;£3.25;£6.50/kg;Milk, Butter & Eggs;Butter, Spreads & Margarine;706;0.5;null;null;78;null;null;0.01;
254263685;Clover Original Spread 500G;£1.50;£3.00/kg;Milk, Butter & Eggs;Butter, Spreads & Margarine;597;1.2;null;null;65.1;null;null;1.7;
281723302;Flora Buttery Light Spread 500G;£1.50;£3.00/kg;Milk, Butter & Eggs;Butter, Spreads & Margarine;407 ;0.5;0.5;null;45;null;null;1.4;
257360778;I Can't Believe It's Not Butter Original Spread 1Kg;£2.50;£2.50/kg;Milk, Butter & Eggs;Butter, Spreads & Margarine;528;0.5;0.5;null;59;null;null;1.5;
254263702;Clover Original Spread 1Kg;£2.50;£2.50/kg;Milk, Butter & Eggs;Butter, Spreads & Margarine;640;1;null;null;70;null;null;1.7;
267139681;Clover Lighter Spread 1Kg;£2.50;£2.50/kg;Milk, Butter & Eggs;Butter, Spreads & Margarine;454;0.6;null;null;49;null;null;1.5;
281083160;I Can't Believe It's Not Butter Light Spread 1Kg;£2.50;£2.50/kg;Milk, Butter & Eggs;Butter, Spreads & Margarine;343;0.5;0.5;null;38;null;null;1.5;
262612831;Flora Buttery Spread 1Kg;£2.50;£2.50/kg;Milk, Butter & Eggs;Butter, Spreads & Margarine;631 ;0.5;0.6;null;70;null;null;1.5;
251063638;Tesco Butter Me Up Spread 500G;£0.89;£1.78/kg;Milk, Butter & Eggs;Butter, Spreads & Margarine;414;0.3;null;0.9;45.0;11.0;1.0;null;
262612635;Flora Buttery Spread 500G;£1.50;£3.00/kg;Milk, Butter & Eggs;Butter, Spreads & Margarine;631 ;0.5;0.6;null;70;null;null;1.5;
260977655;Tesco Butter Me Up Light Spread 500G;£0.89;£1.78/kg;Milk, Butter & Eggs;Butter, Spreads & Margarine;281;0.1;null;0.3;30.0;7.4;0.7;null;
280711393;Clover Additions Daily Boost Spread 500G;£1.50;£3.00/kg;Milk, Butter & Eggs;Butter, Spreads & Margarine;452;0.4;null;null;49;null;null;1.2;
253695365;Tesco Butter Me Up Original Spread 1Kg;£1.75;£1.75/kg;Milk, Butter & Eggs;Butter, Spreads & Margarine;414;0.3;null;0.9;45.0;11.0;1.0;null;
268588999;I Can't Believe It's Not Butter Light Spread 500G;£1.45;£2.90/kg;Milk, Butter & Eggs;Butter, Spreads & Margarine;343;0.5;0.5;null;38;null;null;1.5;
268610196;I Can't Believe It's Not Butter Original Spread 500G;£1.45;£2.90/kg;Milk, Butter & Eggs;Butter, Spreads & Margarine;528;0.5;null;null;59;null;null;1.5;
253706204;Tesco Everyday Value Soft Spread 1Kg;£1.35;£1.35/kg;Milk, Butter & Eggs;Butter, Spreads & Margarine;381;0;null;0.2;42.0;10.6;0;1.1;
257258670;Tesco Olive Spread 500G;£1.00;£2.00/kg;Milk, Butter & Eggs;Butter, Spreads & Margarine;415;0.2;null;1.2;45.0;11.0;0.7;null;
261819963;Tesco Organic Unsalted Butter 250G;£1.60;£6.40/kg;Milk, Butter & Eggs;Butter, Spreads & Margarine;745;0.6;null;0.6;82.2;52.1;0;0.1;
276068693;Flora Original Spread 500G;£1.50;£6.00/kg;Milk, Butter & Eggs;Butter, Spreads & Margarine;405 ;0.5;0.5;null;45;null;null;1.4;
250460711;Pure Soya 500G;£1.50;£3.00/kg;Milk, Butter & Eggs;Butter, Spreads & Margarine;2019 kJ 202kj 2%;0.5;null;null;54.0;null;null;0.75;
258557562;Flora Original Spread 1Kg;£2.50;£2.50/kg;Milk, Butter & Eggs;Butter, Spreads & Margarine;405 ;0.5;0.5;null;45;null;null;1.4;
254945593;Tesco Soft Spread 2Kg;£3.00;£1.50/kg;Milk, Butter & Eggs;Butter, Spreads & Margarine;531;0;null;0;59.0;14.0;0;1.3;
254068922;Willow Original Spread 250G;£1.00;£4.00/kg;Milk, Butter & Eggs;Butter, Spreads & Margarine;707 ;0.5;null;null;78;null;nil;null;
261603066;Yeo Valley Organic Spreadable Butter 500G;£3.00;£6.00/kg;Milk, Butter & Eggs;Butter, Spreads & Margarine;735;0.4;null;null;81.3;null;null;1.3;
257854718;Yeo Valley Organic Block Butter 250G;£1.70;£6.80/kg;Milk, Butter & Eggs;Butter, Spreads & Margarine;734;0.6;null;null;81.0;null;null;1.5;
257118433;Flora Light Spread 1Kg;£2.50;£2.50/kg;Milk, Butter & Eggs;Butter, Spreads & Margarine;281 ;0.5;null;null;30;null;null;1.3;
253114455;Tesco Organic Butter 250G;£1.60;£6.40/kg;Milk, Butter & Eggs;Butter, Spreads & Margarine;745;0.6;null;0.6;82.2;52.1;0;1.7;
254263587;Pure Sunflower 500G;£1.50;£3.00/kg;Milk, Butter & Eggs;Butter, Spreads & Margarine;null;null;null;null;null;null;null;null;
254964529;Bertolli Original Spread 500G;£1.80;£3.60/kg;Milk, Butter & Eggs;Butter, Spreads & Margarine;536;0.5;0.9;null;59;null;null;1.2;
265809237;Tesco Sunflower Spread 500G;£1.00;£2.00/kg;Milk, Butter & Eggs;Butter, Spreads & Margarine;422;0.1;null;0.2;45.0;10.1;0;null;
254650169;Flora Light Spread 500G;£1.50;£3.00/kg;Milk, Butter & Eggs;Butter, Spreads & Margarine;281 ;0.5;2.8;null;30;null;null;1.3;
250583289;Tesco Olive Light Spread 500G;£1.00;£2.00/kg;Milk, Butter & Eggs;Butter, Spreads & Margarine;280;0.1;null;1.4;30.0;7.7;1.5;null;
258963933;Tesco Olive Spread 1Kg;£1.90;£1.90/kg;Milk, Butter & Eggs;Butter, Spreads & Margarine;415;0.2;null;1.2;45.0;11.0;0.7;null;
256204269;Bertolli Original Spread 1Kg;£3.00;£3.00/kg;Milk, Butter & Eggs;Butter, Spreads & Margarine;536;0.5;0.9;null;59;null;null;1.2;
264044286;Bertolli Light Spread 500G;£1.80;£3.60/kg;Milk, Butter & Eggs;Butter, Spreads & Margarine;346;0.5;null;null;38;null;null;0.82;
282979717;Lurpak Cooks Cooking Mist 200Ml;£2.70;£1.35/100ml;Milk, Butter & Eggs;Butter, Spreads & Margarine;792;0.1;null;null;87.9;null;null;0.5;
282979752;Lurpak Cooks Range Perfect Baking 500G;£3.25;£0.65/100g;Milk, Butter & Eggs;Butter, Spreads & Margarine;635;0.5;null;null;70.0;null;null;0.0;
254263535;Stork Original Baking Spread 500G;£0.90;£1.80/kg;Milk, Butter & Eggs;Butter, Spreads & Margarine;623;0.5;0.5;null;70;null;null;1.5;
256521688;Tesco Baking Fat 250G;£0.55;£2.20/kg;Milk, Butter & Eggs;Butter, Spreads & Margarine;675;0;null;0;75.0;28.0;0;1.1;
251023076;Flora Pro.Activ Light Spread 500G;£3.49;£6.98/kg;Milk, Butter & Eggs;Butter, Spreads & Margarine;320;0.5;1.0;null;null;null;null;1.0;
250139200;Flora Pro.Activ Light Spread 250G;£1.90;£7.60/kg;Milk, Butter & Eggs;Butter, Spreads & Margarine;320;0.5;1.0;null;null;null;null;1.0;
252574274;Benecol Olive Oil Spread 500G;£3.00;£6.00/kg;Milk, Butter & Eggs;Butter, Spreads & Margarine;496;0.4;null;null;55;null;0;1.0;
254264309;Spry Crisp & Dry Solid Cooking Oil 500G;£1.10;£2.20/kg;Milk, Butter & Eggs;Butter, Spreads & Margarine;900 ;0;null;null;100;null;nil;null;
258369289;Britannia Beef Dripping 500G;£0.72;£1.44/kg;Milk, Butter & Eggs;Butter, Spreads & Margarine;900;0.0;null;null;100.0;null;0.0;0.0;
266656726;Flora Pro.Activ Buttery Spread 500G;£3.49;£6.98/kg;Milk, Butter & Eggs;Butter, Spreads & Margarine;540;0.5;0.5;null;null;null;null;1.0;
251363370;Trex Vegetable Fat 500G;£1.28;£2.56/kg;Milk, Butter & Eggs;Butter, Spreads & Margarine;null;null;null;null;null;null;null;null;
253250771;Vitalite Sunflower Spread 500G;£1.00;£2.00/kg;Milk, Butter & Eggs;Butter, Spreads & Margarine;503;0;null;null;56;null;null;1.5;
282979692;Lurpak Cooks Range Clarified Butter 250G;£3.25;£1.30/100g;Milk, Butter & Eggs;Butter, Spreads & Margarine;898;0.0;null;null;null;null;null;0.0;
252552749;Benecol Light Spread 500G;£3.00;£6.00/kg;Milk, Butter & Eggs;Butter, Spreads & Margarine;324;2.6;null;null;35;null;0;1.1;
256855195;Tesco Finest Goose Fat 200G;£2.25;£11.25/kg;Milk, Butter & Eggs;Butter, Spreads & Margarine;893;NaN.0;null;0;99.2;32.7;0;0.01;
260439056;Benecol Buttery Spread 500G;£3.00;£6.00/kg;Milk, Butter & Eggs;Butter, Spreads & Margarine;542;0.5;null;null;60;null;0;1.3;
254400495;Stork Original Baking Spread 1Kg;£2.00;£2.00/kg;Milk, Butter & Eggs;Butter, Spreads & Margarine;623;0.5;0.5;null;70;null;null;1.5;
264155625;Tesco Everyday Value Lard 250G;£0.39;£1.56/kg;Milk, Butter & Eggs;Butter, Spreads & Margarine;898;0;null;0;99.8;44.0;0;0;
254263443;Stork Original Baking Block 250G;£0.69;£2.76/kg;Milk, Butter & Eggs;Butter, Spreads & Margarine;668;0.5;0.5;null;75;null;null;1.5;
282459170;Flora Original Baking Block 250G;£1.00;£4.00/kg;Milk, Butter & Eggs;Butter, Spreads & Margarine;670;0.5;null;null;75;null;null;null;
258070221;Flora Pro.Activ Olive Spread 500G;£3.49;£6.98/kg;Milk, Butter & Eggs;Butter, Spreads & Margarine;320;0.5;1.0;null;null;null;null;1.0;
268224993;Flora Cuisine Original Cooking Liquid 500Ml;£1.80;£3.60/l;Milk, Butter & Eggs;Butter, Spreads & Margarine;2600kJ / 390kJ /;0.5;null;null;70.0;null;0.5;null;
264328992;Happy Egg Free Range Large Box Of 6;£1.90;£0.32/each;Milk, Butter & Eggs;Eggs;547kJ;12.6;null;null;9.0;null;null;0.385;
285952957;Happy Egg White Free Range Eggs 6;£1.89;£0.32/each;Milk, Butter & Eggs;Eggs;547kJ;12.6;null;null;9.0;null;null;0.385;
251744530;Big And Fresh Eggs Box Of 10;£2.00;£0.20/each;Milk, Butter & Eggs;Eggs;547kJ;12.6;0.5;null;9.0;null;null;0.385;
285527920;Rymer Farm Eggs Large Free Range 12 Eggs;£3.35;£0.28/each;Milk, Butter & Eggs;Eggs;null;null;null;null;null;null;null;null;
262705399;T East Anglian Free Range Eggs Medium Box Of 6;£1.00;£0.17/each;Milk, Butter & Eggs;Eggs;131;12.6;null;0.1;9.0;2.5;0;0.4;
252114249;Tesco Everyday Value Eggs Minimum Weight Box Of 6 >>;£0.70;£0.12/each;Milk, Butter & Eggs;Eggs;null;null;null;null;null;null;null;null;
283845615;Happy Egg Organic 6 Pack Mixed Sizes;£2.20;£0.37/each;Milk, Butter & Eggs;Eggs;547 kJ;12.6;null;null;9.0;null;null;0.385;
260298462;Tesco Free Range Eggs Medium Box Of 12 >>;£1.75;£0.15/each;Milk, Butter & Eggs;Eggs;null;null;null;null;null;null;null;null;
278418052;Tesco East Anglian Free Range Eggs Very Large 6 Pack;£1.85;£0.31/each;Milk, Butter & Eggs;Eggs;131;12.6;null;0.1;9.0;2.5;0;0.4;
260298456;Tesco Free Range Eggs Large Box Of 12 >>;£2.25;£0.19/each;Milk, Butter & Eggs;Eggs;null;null;null;null;null;null;null;null;
274457564;Happy Egg Free Range Eggs Large Box Of 10;£3.15;£0.32/each;Milk, Butter & Eggs;Eggs;547 kJ;12.6;null;null;9.0;null;null;0.385;
250802613;Tesco Free Range Eggs Medium Box Of 6;£2.00;£5.89/kg;Milk, Butter & Eggs;Eggs;null;null;null;null;null;null;null;null;
253270171;Big And Fresh Eggs Box Of 6;£1.00;£0.17/each;Milk, Butter & Eggs;Eggs;547kJ;12.6;0.5;null;9.0;null;null;0.385;
259642505;Tesco Everyday Value Eggs Minimum Weight Box Of 10 >>;£1.00;£0.10/each;Milk, Butter & Eggs;Eggs;null;null;null;null;null;null;null;null;
285527908;Rymer Farm Eggs Medium Free Range 12 Eggs;£2.95;£0.25/each;Milk, Butter & Eggs;Eggs;null;null;null;null;null;null;null;null;
280418591;Rymer Farm Eggs Large Free Range 6 Eggs;£1.80;£0.30/each;Milk, Butter & Eggs;Eggs;null;null;null;null;null;null;null;null;
262705406;T East Anglian Free Range Eggs Large Box Of 6;£1.30;£0.22/each;Milk, Butter & Eggs;Eggs;131;12.6;null;0.1;9.0;2.5;0;0.4;
252114301;Tesco Everyday Value Eggs Minimum Weight Box Of 15 >>;£1.20;£0.08/each;Milk, Butter & Eggs;Eggs;null;null;null;null;null;null;null;null;
280418429;Rymer Farm Eggs Medium Free Range 6 Eggs;£1.70;£0.28/each;Milk, Butter & Eggs;Eggs;null;null;null;null;null;null;null;null;
250802567;Tesco Free Range Eggs Large Box Of 6;£1.30;£0.22/each;Milk, Butter & Eggs;Eggs;null;null;null;null;null;null;null;null;
262462437;Posh Birds Duck Eggs Box Of 6;£2.50;£0.42/each;Milk, Butter & Eggs;Eggs;null;null;null;null;null;null;null;null;
266552250;Free Range Liquid Egg White 500 Ml;£3.00;£6.00/l;Milk, Butter & Eggs;Eggs;50;10.5;null;null;0;null;0;null;
279988895;Cook's Range Mixed Weight 30 Eggs;£3.75;£0.13/each;Milk, Butter & Eggs;Eggs;547kJ;12.6;0.5;null;9.0;null;null;0.385;
277393000;Tesco Finest Bluebell Aurancana Box Of 6 Eggs;£2.25;£0.38/each;Milk, Butter & Eggs;Eggs;null;null;null;null;null;null;null;null;
285953334;Eggs For Soldier Barn Eggs 6;£1.29;£0.22/each;Milk, Butter & Eggs;Eggs;null;null;null;null;null;null;null;null;
275399728;Tesco Finest Brown Eggs Box Of 6;£2.00;£0.33/each;Milk, Butter & Eggs;Eggs;null;null;null;null;null;null;null;null;
262462374;Posh Birds Quail Eggs Box Of 12;£2.69;£0.22/each;Milk, Butter & Eggs;Eggs;null;null;null;null;null;null;null;null;
268263786;Tesco Organic Eggs Mixed Weight Box Of 6;£2.00;£0.33/each;Milk, Butter & Eggs;Eggs;null;null;null;null;null;null;null;null;
264417679;Tesco Organic Eggs Mixed Weight Box Of 10;£3.25;£0.33/each;Milk, Butter & Eggs;Eggs;null;null;null;null;null;null;null;null;
265422924;Tesco Free Range Mixed Weight Eggs Box Of 15 >>;£2.00;£0.13/each;Milk, Butter & Eggs;Eggs;151;12.5;null;trace;11.2;3.2;0;null;
262479533;Tesco Fresh British Double Cream 300Ml >>;£0.85;£0.28/100ml;Milk, Butter & Eggs;Fresh Cream & Custard;467;1.5;null;1.6;50.5;31.4;0;0.1;
262478806;Tesco Fresh British Double Cream 150Ml;£0.60;£0.40/100ml;Milk, Butter & Eggs;Fresh Cream & Custard;467;1.5;null;1.6;50.5;31.4;0;0.1;
263772685;Tesco Half Fat Creme Fraiche 300Ml >>;£0.90;£0.30/100ml;Milk, Butter & Eggs;Fresh Cream & Custard;169;3.0;null;3.7;15.0;10.2;0;0.1;
259784550;Weight Watchers Creme Fraiche 200Ml;£0.97;£0.49/100ml;Milk, Butter & Eggs;Fresh Cream & Custard;null;5.1;null;null;2.7;null;0.5;null;
262478586;Tesco Fresh British Single Cream 150Ml;£0.55;£0.37/100ml;Milk, Butter & Eggs;Fresh Cream & Custard;194;3.3;null;2.2;19.1;12.2;0;0.1;
262479736;Tesco Fresh British Double Cream 600Ml >>;£1.60;£0.27/100ml;Milk, Butter & Eggs;Fresh Cream & Custard;467;1.5;null;1.6;50.5;31.4;0;0.1;
286815172;Yeo Valley Organic Soured Cream 227G;£0.95;£0.42/100g;Milk, Butter & Eggs;Fresh Cream & Custard;190;2.5;null;null;18.5;null;null;null;
262479245;Tesco Fresh British Single Cream 300Ml >>;£0.70;£0.23/100ml;Milk, Butter & Eggs;Fresh Cream & Custard;194;3.3;null;2.2;19.1;12.2;0;0.1;
250646398;Yeo Valley Organic Double Cream 227Ml;£0.95;£0.42/100ml;Milk, Butter & Eggs;Fresh Cream & Custard;422;1.6;null;null;45.1;null;null;null;
263772662;Tesco Creme Fraiche 300Ml >>;£0.90;£0.30/100ml;Milk, Butter & Eggs;Fresh Cream & Custard;302;2.7;null;2.7;31.1;21.6;0;0.1;
262478920;Tesco Fresh British Whipping Cream 300Ml >>;£0.90;£0.30/100ml;Milk, Butter & Eggs;Fresh Cream & Custard;366;1.9;null;2.6;38.7;24.2;0;0.1;
251614235;Yeo Valley Half Fat Organic Creme Fraiche 200G;£0.95;£0.48/100g;Milk, Butter & Eggs;Fresh Cream & Custard;168;3.4;null;null;15.0;null;null;null;
262479625;Tesco Fresh British Single Cream 600Ml >>;£1.35;£0.23/100ml;Milk, Butter & Eggs;Fresh Cream & Custard;194;3.3;null;2.2;19.1;12.2;0;0.1;
279834790;Weight Watchers Reduced Fat Thick Cream 200G;£1.00;£0.50/100g;Milk, Butter & Eggs;Fresh Cream & Custard;null;2.5;null;null;11.5;null;0.8;null;
263763736;Tesco Creme Fraiche 600Ml >>;£1.60;£0.27/100ml;Milk, Butter & Eggs;Fresh Cream & Custard;302;2.7;null;2.7;31.1;21.6;0;0.1;
263772679;Tesco British Half Fat Creme Fraiche 600Ml >>;£1.60;£0.27/100ml;Milk, Butter & Eggs;Fresh Cream & Custard;169;3.0;null;3.7;15.0;10.2;0;0.1;
262480260;Tesco British Extra Thick Fresh Double Cream 600Ml >>;£1.75;£0.29/100ml;Milk, Butter & Eggs;Fresh Cream & Custard;467;1.5;null;1.6;50.5;31.4;0;0.1;
277065654;Tesco Healthy Living Creme Fraiche 300Ml >>;£0.90;£0.30/100ml;Milk, Butter & Eggs;Fresh Cream & Custard;80;5.8;null;5.7;2.4;1.5;0.1;0.2;
262480058;Tesco Fresh British Extra Thick Double Cream 300Ml >>;£0.90;£0.30/100ml;Milk, Butter & Eggs;Fresh Cream & Custard;467;1.5;null;1.6;50.5;31.4;0;0.1;
285421181;Yeo Valley 0% Creme Fraiche 200G;£0.95;£0.48/100g;Milk, Butter & Eggs;Fresh Cream & Custard;61;7.6;null;null;0;null;null;null;
265166150;Tesco Fresh Soured Cream 150Ml;£0.60;£0.40/100ml;Milk, Butter & Eggs;Fresh Cream & Custard;191;2.4;null;3.6;18.5;11.4;0;0.1;
254262853;St Ivel Buttermilk 284Ml;£0.50;£1.77/l;Milk, Butter & Eggs;Fresh Cream & Custard;66;6.3;null;null;0.2;null;Nil;null;
252645749;Rodda's Clotted Cream 227G;£1.98;£0.87/100g;Milk, Butter & Eggs;Fresh Cream & Custard;null;null;null;null;null;null;null;null;
253154977;Tesco Finest Cornish Custard 500G;£1.80;£0.36/100g;Milk, Butter & Eggs;Fresh Cream & Custard;227;2.9;null;12.9;16.6;10.0;0;0.1;
274597017;Tesco British Custard 300G;£1.10;£0.37/100g;Milk, Butter & Eggs;Fresh Cream & Custard;119;2.6;null;10.0;5.7;3.8;0;0.1;
259160159;Alpro Chilled Alternative To Cream 250Ml;£0.99;£0.40/100ml;Milk, Butter & Eggs;Fresh Cream & Custard;125 ;2.1;4.6;null;10.6;null;0.4;null;
265166259;Tesco Soured Cream 300Ml >>;£0.90;£0.30/100ml;Milk, Butter & Eggs;Fresh Cream & Custard;191;2.4;null;3.6;18.5;11.4;0;0.1;
255360401;Anchor Light Uht Swirls Half Fat Real Dairy Cream 250G;£1.35;£0.54/100g;Milk, Butter & Eggs;Fresh Cream & Custard;809kJ 101kJ;2.8;null;null;17;null;null;0.1;
271669427;Tesco Cream Alternative Double 483Ml;£1.20;£0.25/100ml;Milk, Butter & Eggs;Fresh Cream & Custard;317;2.2;null;1.7;32.1;22.7;0.6;0.1;
267578609;Elmlea Double Cream Alternative 284Ml >>;£0.75;£0.26/100ml;Milk, Butter & Eggs;Fresh Cream & Custard;351;2.4;3.9;null;36;null;null;0.12;
267579793;Elmlea Single Cream Alternative 284Ml;£0.69;£0.24/100ml;Milk, Butter & Eggs;Fresh Cream & Custard;159;3;4.5;null;15;null;null;0.16;
274597138;Tesco Finest British Custard 300G;£1.25;£0.42/100g;Milk, Butter & Eggs;Fresh Cream & Custard;197;2.8;null;12.1;13.3;8.7;0;0.1;
271669364;Tesco Cream Alternative Single 483Ml;£0.90;£0.19/100ml;Milk, Butter & Eggs;Fresh Cream & Custard;157;2.8;null;3.6;14.2;10.7;0.4;0.2;
267578402;Elmlea Double Light Cream Alternative 284Ml >>;£0.75;£0.26/100ml;Milk, Butter & Eggs;Fresh Cream & Custard;247;2.7;4.2;null;25;null;null;0.14;
256727658;Tesco Fresh Custard 500G;£1.20;£0.24/100g;Milk, Butter & Eggs;Fresh Cream & Custard;113;2.3;null;10.6;4.0;2.5;0;0.1;
264836160;Tesco British Half Fat Soured Cream 300Ml >>;£0.90;£0.30/100ml;Milk, Butter & Eggs;Fresh Cream & Custard;112;4.4;null;5.4;8.1;5.4;0;0.1;
254268115;Anchor Real Dairy Cream Swirls Uht 250G;£1.35;£0.54/100g;Milk, Butter & Eggs;Fresh Cream & Custard;1422kJ 178kJ;2.3;null;null;34;null;null;0.06;
261354976;Tesco Finest Chantilly Cream 250Ml;£1.40;£0.56/100ml;Milk, Butter & Eggs;Fresh Cream & Custard;447;1.6;null;5.6;45.7;29.1;1.2;0.1;
262946263;Anchor Extra Thick Spray Cream 250G;£1.80;£0.72/100g;Milk, Butter & Eggs;Fresh Cream & Custard;1719kJ 214kJ;2.1;null;null;44;null;null;0.05;
268670210;Tesco Finest British Clotted Cream 227G;£1.85;£0.93/100g;Milk, Butter & Eggs;Fresh Cream & Custard;587;1.6;null;2.3;63.5;39.7;0;0.1;
254656399;Tesco British Whole Milk 2.272L/4 Pints;£1.00;£0.44/l;Milk, Butter & Eggs;Fresh Milk;64;3.2;null;4.7;3.6;2.3;0;0.1;
287259122;A2 Whole Milk 1 Litre;£1.39;£1.39/l;Milk, Butter & Eggs;Fresh Milk;null;null;null;null;null;null;null;null;
253689102;Tesco Organic British Whole Milk 568Ml/1 Pint;£0.58;£1.03/l;Milk, Butter & Eggs;Fresh Milk;68;3.4;null;4.7;4.0;2.6;0;0.1;
257265436;Cravendale Whole Milk 2 Litres;£1.90;£0.95/l;Milk, Butter & Eggs;Fresh Milk;null;3.4;null;null;3.6;null;null;0.1;
265227539;Tesco Pure British Whole Milk 1L;£1.00;£1.00/l;Milk, Butter & Eggs;Fresh Milk;63;3.1;null;4.5;3.6;2.3;0;0.1;
257862075;Yeo Valley Organic Whole Milk 1L;£1.00;£1.00/l;Milk, Butter & Eggs;Fresh Milk;68;3.4;null;null;4.0;null;null;null;
251314233;Tesco British Whole Milk 568Ml/1 Pint;£0.49;£0.86/l;Milk, Butter & Eggs;Fresh Milk;64;3.2;null;4.7;3.6;2.3;0;0.1;
268601414;Gold Top Milk 1L;£1.10;£1.10/l;Milk, Butter & Eggs;Fresh Milk;80;3.7;null;null;5;null;null;0.2;
252207566;Tesco British Whole Milk 1.136L/2Pints;£0.79;£0.70/l;Milk, Butter & Eggs;Fresh Milk;64;3.2;null;4.7;3.6;2.3;0;0.1;
252207537;Tesco British Semi Skimmed Milk 1.136L/2Pints;£0.79;£0.70/l;Milk, Butter & Eggs;Fresh Milk;50;3.6;null;4.8;1.8;1.1;0;0.1;
251499900;Tesco Organic British Whole Milk 1.136L/2Pints;£1.14;£1.01/l;Milk, Butter & Eggs;Fresh Milk;68;3.4;null;4.7;4.0;2.6;0;0.1;
253732988;Tesco Pure British Whole Milk 2L;£1.49;£0.75/l;Milk, Butter & Eggs;Fresh Milk;63;3.1;null;4.5;3.6;2.3;0;0.1;
251314158;Tesco British Semi Skimmed Milk 568Ml/1 Pint;£0.49;£0.86/l;Milk, Butter & Eggs;Fresh Milk;50;3.6;null;4.8;1.8;1.1;0;0.1;
255986260;Tesco British Semi Skimmed Milk 3.480L/6Pints;£1.48;£0.43/l;Milk, Butter & Eggs;Fresh Milk;50;3.6;null;4.8;1.8;1.1;0;0.1;
287259076;A2 Semiskimmed Milk 1 Litre;£1.39;£1.39/l;Milk, Butter & Eggs;Fresh Milk;null;null;null;null;null;null;null;null;
257750530;Tesco Finest Channel Island Milk 1L;£1.00;£1.00/l;Milk, Butter & Eggs;Fresh Milk;79;4.0;null;4.6;5.0;3.2;0;0.1;
254957550;Tesco British Whole Milk 3.408L/6 Pints;£1.48;£0.43/l;Milk, Butter & Eggs;Fresh Milk;64;3.2;null;4.7;3.6;2.3;0;0.1;
251500030;Tesco Organic British Whole Milk 2.272L/4 Pints;£1.84;£0.81/l;Milk, Butter & Eggs;Fresh Milk;68;3.4;null;4.7;4.0;2.6;0;0.1;
262586694;Yeo Valley Organic Whole Milk 2L;£1.88;£0.94/l;Milk, Butter & Eggs;Fresh Milk;68;3.4;null;null;4.0;null;null;null;
254656543;Tesco British Semi Skimmed Milk 2.272Ltr/4Pints;£1.00;£0.44/l;Milk, Butter & Eggs;Fresh Milk;50;3.6;null;4.8;1.8;1.1;0;0.1;
251314095;Tesco British Skimmed Milk 568Ml/1 Pint;£0.49;£0.86/l;Milk, Butter & Eggs;Fresh Milk;35;3.4;null;5.0;0.1;0.1;0;0.1;
268835990;Tesco British 1% Milk 2.272L/4 Pints;£1.00;£0.44/l;Milk, Butter & Eggs;Fresh Milk;43;3.6;null;4.9;1.0;0.7;0;0.1;
253689085;Tesco Organic British Semi Skimmed Milk 568Ml/1 Pint;£0.58;£1.03/l;Milk, Butter & Eggs;Fresh Milk;50;3.6;null;4.8;1.8;1.1;0;0.1;
260086626;Cravendale Pure Filtered S/Skim Milk 1 Litre;£0.97;£0.97/l;Milk, Butter & Eggs;Fresh Milk;null;3.6;null;null;1.7;null;null;0.1;
251499710;Tesco Organic British Semi Skimmed Milk 1.136L/2 Pints;£1.14;£1.01/l;Milk, Butter & Eggs;Fresh Milk;50;3.6;null;4.8;1.8;1.1;0;0.1;
253737115;Tesco Pure British Semi Skimmed Milk 2L;£1.49;£0.75/l;Milk, Butter & Eggs;Fresh Milk;46;3.1;null;4.8;1.6;1.0;0;0.1;
276606921;Cravendale Whole Milk 1 Litre;£0.97;£0.97/l;Milk, Butter & Eggs;Fresh Milk;null;3.4;null;null;3.6;null;null;0.1;
254656508;Tesco British Skimmed Milk 2.272L/4 Pints;£1.00;£0.44/l;Milk, Butter & Eggs;Fresh Milk;35;3.4;null;5.0;0.1;0.1;0;0.1;
251499687;Tesco Organic British Skimmed Milk 1.136L/2Pints;£1.14;£1.01/l;Milk, Butter & Eggs;Fresh Milk;35;3.4;null;5.0;0.1;0.1;0;0.1;
258882358;Yeo Valley Organic Semi Skimmed Milk 2L;£1.88;£0.94/l;Milk, Butter & Eggs;Fresh Milk;47;3.6;null;null;1.8;null;null;null;
252208041;Tesco British Skimmed Milk 1.136L/2Pints;£0.79;£0.70/l;Milk, Butter & Eggs;Fresh Milk;35;3.4;null;5.0;0.1;0.1;0;0.1;
253743128;Tesco Pure British Skimmed Milk 2L;£1.49;£0.75/l;Milk, Butter & Eggs;Fresh Milk;33;3.2;null;4.9;0.1;0.1;0;0.1;
260388252;Tesco Pure British Skimmed Milk 1L;£1.00;£1.00/l;Milk, Butter & Eggs;Fresh Milk;33;3.2;null;4.9;0.1;0.1;0;0.1;
262783116;Flora Pro-Activ Milk 1L;£1.39;£1.39/l;Milk, Butter & Eggs;Fresh Milk;146kJ 365kJ -;3.15;null;null;null;null;null;0.13;
251499998;Tesco Organic British Semi Skimmed Milk 2.272L/4 Pints;£1.84;£0.81/l;Milk, Butter & Eggs;Fresh Milk;50;3.6;null;4.8;1.8;1.1;0;0.1;
257862017;Yeo Valley Organic Semi Skimmed Milk 1L;£1.00;£1.00/l;Milk, Butter & Eggs;Fresh Milk;47;3.6;null;null;1.8;null;null;null;
260388246;Tesco Pure British Semi Skimmed Milk 1L;£1.00;£1.00/l;Milk, Butter & Eggs;Fresh Milk;46;3.1;null;4.8;1.6;1.0;0;0.1;
257264875;Cravendale Semi Skimmed Milk 2 Litre;£1.90;£0.95/l;Milk, Butter & Eggs;Fresh Milk;null;3.6;null;null;1.7;null;null;0.1;
253689033;Tesco Organic British Skimmed Milk 568Ml/1 Pint;£0.58;£1.03/l;Milk, Butter & Eggs;Fresh Milk;35;3.4;null;5.0;0.1;0.1;0;0.1;
255801128;Cravendale Skimmed Milk 2 Litre;£1.90;£0.95/l;Milk, Butter & Eggs;Fresh Milk;null;3.6;null;null;0.3;null;null;0.1;
272103255;Alpro Almond Fresh Milk Alternative 1L;£1.79;£1.79/l;Milk, Butter & Eggs;Fresh Milk;24 ;0.5;null;-;1.1;-;0.2;0.13;
273701571;Almond Breeze Unsweetened Fresh Milk Alternative 1L;£1.49;£0.15/100ml;Milk, Butter & Eggs;Fresh Milk;null;0.5;0.2;null;1.2;null;0.3;null;
282526649;Alpro Unsweetened Soya Milk 6X1 Litre;£7.49;£1.25/l;Milk, Butter & Eggs;Fresh Milk;32 ;3.3;null;0.1;1.8;0.3;0.6;0.03;
272103606;Alpro Hazelnut Fresh Milk Alternative 1L;£1.79;£1.79/l;Milk, Butter & Eggs;Fresh Milk;29 ;0.4;null;3.1;1.6;0.2;0.3;0.13;
284371125;Almond Breeze Iced Capuccino 250Ml;£1.00;£4.00/l;Milk, Butter & Eggs;Fresh Milk;null;0.4;4.8;null;0.8;null;0.2;0.11;
282925010;Alpro Coconut 1 Litre;£1.79;£1.79/l;Milk, Butter & Eggs;Fresh Milk;20 ;0.1;null;1.9;0.9;0.9;0.0;0.13;
284371200;Almond Breeze Iced Mocha 250Ml;£1.00;£4.00/l;Milk, Butter & Eggs;Fresh Milk;null;0.4;4.9;null;0.8;null;0.4;0.11;
258877943;Lactofree Fresh Semi Skimmed Milk 1L;£1.35;£1.35/l;Milk, Butter & Eggs;Fresh Milk;40;3.6;null;null;1.5;null;null;0.1;
255530638;Yeo Valley Organic Skimmed Milk 1L;£1.00;£1.00/l;Milk, Butter & Eggs;Fresh Milk;35;3.6;null;null;0.3;null;null;null;
255769120;Alpro Chocolate Soya Fresh Milk Alternative 1L;£1.45;£1.45/l;Milk, Butter & Eggs;Fresh Milk;77 ;3.3;null;9.1;2.1;0.6;1.0;0.14;
266567296;Alpro Unsweetened Soya Fresh Milk Alternative 1L;£1.39;£1.39/l;Milk, Butter & Eggs;Fresh Milk;32 ;3.3;null;0.1;1.8;0.3;0.6;0.03;
258878182;Alpro Light Soya Fresh Milk Alternative 1L;£1.39;£1.39/l;Milk, Butter & Eggs;Fresh Milk;22 ;2.0;null;0.1;1.2;0.2;1.2;0.10;
259742068;Lactofree Fresh Whole Milk 1L;£1.35;£1.35/l;Milk, Butter & Eggs;Fresh Milk;57;3.4;null;null;3.5;null;null;0.1;
275067782;Alpro Almond Unsweetened Drink 1 Litre;£1.00;£0.10/100ml;Milk, Butter & Eggs;Fresh Milk;null;0.4;0.1;0.1;1.1;0.1;0.4;null;
280084362;Almond Breeze Reduced Sugar 1 Litre;£1.00;£1.00/l;Milk, Butter & Eggs;Fresh Milk;null;0.5;1.5;null;1.1;null;null;0.15;
281307438;Alpro Simply Mild Drink 1 Litre;£1.00;£1.00/l;Milk, Butter & Eggs;Fresh Milk;35 ;3.0;null;null;1.8;null;0.5;0.09;
262085221;Alpro Original Soya Fresh Milk Alternative 1L;£1.39;£1.10/l;Milk, Butter & Eggs;Fresh Milk;40 ;3.0;null;2.7;1.8;0.3;0.5;0.06;
264016416;St Helen's Fresh Skimmed Goats Milk 1L;£1.60;£1.60/l;Milk, Butter & Eggs;Fresh Milk;null;3.0;null;null;0.1;null;null;0.1;
277569317;Lactofree Skimmed Milk 1L;£1.35;£1.35/l;Milk, Butter & Eggs;Fresh Milk;33Kcal;3.8;null;null;0.4;null;null;0.1;
276993737;Koko Dairy Free Coconut Fresh Milk Alternative 1L;£1.39;£1.39/l;Milk, Butter & Eggs;Fresh Milk;28;0.3;null;null;1.9;null;0.5;0.1;
279844668;Chai Latte 250Ml;£1.00;£0.40/100ml;Milk, Butter & Eggs;Fresh Milk;85 ;3.5;null;null;3.4;null;null;0.13;
260454237;St Helen's Fresh Whole Goats Milk 1L;£1.60;£1.60/l;Milk, Butter & Eggs;Fresh Milk;null;2.8;null;null;3.6;null;null;0.1;
283771955;Cocio Classic 270Ml;£1.00;£0.37/100ml;Milk, Butter & Eggs;Fresh Milk;73 ;3.4;null;null;2.0;null;null;0.10;
284064702;Emmi Caffe Latte Cappuccino 4X230ml;£5.00;£0.54/100ml;Milk, Butter & Eggs;Fresh Milk;270 kJ;3,0;null;null;1,2;null;null;0,15;
260534460;Crusha Raspberry Milkshake Mix 500Ml 20Servings;£1.00;£0.20/100ml;Milk, Butter & Eggs;Fresh Milk;null;1.1;null;null;0;null;null;0.04;
275290349;Frijj Chocolate Milkshake 471Ml;£1.30;£0.28/100ml;Milk, Butter & Eggs;Fresh Milk;73;4;null;null;1.3;null;null;0.2;
286633435;Caffionata Espresso Iced Coffee 250Ml;£1.00;£0.40/100ml;Milk, Butter & Eggs;Fresh Milk;59 ;3.0;null;null;1.2;null;null;0.18;
282924345;Frijj Coffee Mocha 220Ml;£1.30;£0.59/100ml;Milk, Butter & Eggs;Fresh Milk;69;3.8;null;null;1;null;null;0.2;
259433528;Crusha Strawberry Nasmilkshake Mix 500Ml 20Servings;£1.00;£0.20/100ml;Milk, Butter & Eggs;Fresh Milk;null;0;null;null;0;null;null;0.03;
279869028;Emmi Caffe Latte Decaffeinated 230Ml;£1.35;£0.59/100ml;Milk, Butter & Eggs;Fresh Milk;280 kJ 644 kJ - -;3.0;null;null;2.5;null;null;0.15;
260534667;Crusha Strawberry Milkshake Mix 500Ml 20Servings;£1.00;£0.20/100ml;Milk, Butter & Eggs;Fresh Milk;null;1.1;null;null;0;null;null;0.04;
260662048;Crusha Chocolate Milkshake Mix 500Ml 20Servings;£1.00;£0.20/100ml;Milk, Butter & Eggs;Fresh Milk;null;1.1;null;null;0.5;null;null;0.13;
275290303;Frijj Banana Milkshake 471Ml;£1.30;£0.28/100ml;Milk, Butter & Eggs;Fresh Milk;64;3.7;null;null;1;null;null;0.2;
283772082;Cocio One 270Ml;£1.00;£0.37/100ml;Milk, Butter & Eggs;Fresh Milk;48 ;3.7;null;null;1.0;null;null;0.11;
281379536;Frijj Chocolate Milkshake 4 X 471Ml;£3.50;£0.19/100ml;Milk, Butter & Eggs;Fresh Milk;73;4;null;null;1.3;null;null;0.2;
275290171;Frijj Chocolate Fudge Brownie Milkshake 471Ml;£1.30;£0.28/100ml;Milk, Butter & Eggs;Fresh Milk;78 ;3.7;null;null;1.2;null;null;0.2;
282924731;Frijj Coffee Latte 220Ml;£1.30;£0.59/100ml;Milk, Butter & Eggs;Fresh Milk;66;3.7;null;null;1;null;null;0.2;
283924539;Emmi Caffe Latte Cappuccino Mr Big 370Ml;£1.50;£0.41/100ml;Milk, Butter & Eggs;Fresh Milk;270kJ 999kJ - -;3;null;null;1.2;null;null;0.15;
260454295;St Helen's Semi Skimmed Goats Milk 1L;£1.60;£1.60/l;Milk, Butter & Eggs;Fresh Milk;null;3.0;null;null;1.6;null;null;0.1;
282924610;Frijj Coffee Caramel Latte 220Ml;£1.30;£0.59/100ml;Milk, Butter & Eggs;Fresh Milk;67;3.7;null;null;1;null;null;0.2;
281379473;Frijj Strawberry Shake 4 X 471Ml;£3.50;£0.19/100ml;Milk, Butter & Eggs;Fresh Milk;64;3.7;null;null;1;null;null;0.2;
253117818;Nesquik Chocolate Powder 300G;£1.99;£0.66/100g;Milk, Butter & Eggs;Fresh Milk;null;null;null;null;null;null;null;null;
283253993;Galaxy Thick Shake 350Ml;£1.30;£0.35/100ml;Milk, Butter & Eggs;Fresh Milk;287kJ 539kJ (6%);3.4;null;null;0.7;null;null;0.18;
280761148;Shaken Udder Kids Chocolate 3 X 200Ml;£1.89;£0.32/100ml;Milk, Butter & Eggs;Fresh Milk;70;3.7;9.4;null;2.0;null;0.3;0m;
282572363;Happy Monkey Chocolate Milkshake 600Ml;£1.25;£2.09/l;Milk, Butter & Eggs;Fresh Milk;null;3.7G;null;null;1.7G;1.3G;0.32G;0.1G;
284045719;Frijj Supreme Honeycomb Crunch Milkshake 375Ml;£0.60;£0.16/100ml;Milk, Butter & Eggs;Fresh Milk;74;3.6;null;null;1.9;null;null;0.1;
283253676;Mars Refuel Sportscap 350 Ml;£1.30;£0.35/100ml;Milk, Butter & Eggs;Fresh Milk;294kJ 552kJ (7%);3.0;null;null;2.1;null;null;0.22;
268891449;Shaken Udder Chocolush Milkshake 330Ml;£1.29;£0.39/100ml;Milk, Butter & Eggs;Fresh Milk;82;3.6;11.3;null;2.4;null;0.7;0.5;
254483672;Nesquik Chocolate 500G;£2.99;£0.60/100g;Milk, Butter & Eggs;Fresh Milk;null;null;null;null;null;null;null;null;
275533138;Shaken Udder Top Banana Milkshake 330Ml;£1.29;£0.39/100ml;Milk, Butter & Eggs;Fresh Milk;68;3.4;9.8;null;1.7;null;0.8;0;
253117778;Nesquik Strawberry Powder 300G;£1.99;£0.66/100g;Milk, Butter & Eggs;Fresh Milk;null;null;null;null;null;null;null;null;
280084206;Frijj Limited Edition Cookie Dough Milkshake 471Ml;£1.30;£0.28/100ml;Milk, Butter & Eggs;Fresh Milk;69;3.7;null;null;1.2;null;null;0.2;
253117588;Nesquik Banana Powder 300G;£1.99;£0.66/100g;Milk, Butter & Eggs;Fresh Milk;null;null;null;null;null;null;null;null;
259082468;Mars Flavoured Milk 1L;£1.80;£0.18/100ml;Milk, Butter & Eggs;Fresh Milk;348kJ 697kJ (8%);3.1;null;null;2.0;null;null;0.21;
259082378;Galaxy Flavoured Milk 1L;£1.80;£0.18/100ml;Milk, Butter & Eggs;Fresh Milk;352kJ 704kJ (8%);3.5;null;null;1.1;null;null;0.17;
282572461;Happy Monkey Strawberry Milkshake 600Ml;£1.25;£2.09/l;Milk, Butter & Eggs;Fresh Milk;null;0G;null;null;1.6G;1.2G;null;0.1G;
284045760;Frijj Supreme White Chocolate Raspberry Swirl 375Ml;£0.60;£0.16/100ml;Milk, Butter & Eggs;Fresh Milk;75;3.6;null;null;1.8;null;null;0.1;
254483948;Nesquik Strawberry 500G;£2.99;£0.60/100g;Milk, Butter & Eggs;Fresh Milk;null;null;null;null;null;null;null;null;
284045731;Frijj Supreme Sticky Toffee Pudding Milkshake 375Ml;£0.60;£0.16/100ml;Milk, Butter & Eggs;Fresh Milk;76;3.5;null;null;1.9;null;null;0.1;
275290608;Frijj Strawberry Milkshake 471Ml;£1.30;£0.28/100ml;Milk, Butter & Eggs;Fresh Milk;64;3.7;null;null;1;null;null;0.2;
264685619;Tesco Banana Milkshake Mix 300G;£1.49;£0.50/100g;Milk, Butter & Eggs;Fresh Milk;80;3.3;null;13.2;1.6;1.1;null;0.1;
274218174;Tesco Strawberry Milkshake Mix 300G;£1.49;£0.50/100g;Milk, Butter & Eggs;Fresh Milk;81;3.3;null;12.7;1.6;1.1;0;0.1;
280447193;Tesco Strawberry Milkshake Syrup Mix 250Ml;£1.49;£0.60/100ml;Milk, Butter & Eggs;Fresh Milk;335;0.1;null;82.4;0.3;0.3;0.5;0.1;
283255616;Snickers Milkshake 350Ml;£1.30;£0.35/100ml;Milk, Butter & Eggs;Fresh Milk;297kJ 558kJ (7%);3.9;null;null;1.3;null;null;0.2;
283254738;Skittles Milkshake 350Ml;£1.30;£0.35/100ml;Milk, Butter & Eggs;Fresh Milk;290kJ 545kJ (6%);3.1;null;null;1.3;null;null;0.15;
268890865;Shaken Udder Vanilla-Licious Milkshake 330Ml;£1.29;£0.39/100ml;Milk, Butter & Eggs;Fresh Milk;67;3.5;9.3;null;1.7;null;0.7;0;
280420938;Tesco Limited Editionmilkshake Mix 300G;null;null;Milk, Butter & Eggs;Fresh Milk;385;0.2;null;90.2;0.3;0.3;0.5;0.1;
265601131;Yazoo Chilled Chocolate Milkshake 472Ml;£1.25;£0.27/100ml;Milk, Butter & Eggs;Fresh Milk;65;3.2;9.9;null;1.5;null;null;0.1;
268676676;Tesco Strawberry Milk 330Ml;£0.60;£0.18/100ml;Milk, Butter & Eggs;Fresh Milk;70;3.8;null;9.7;1.7;1.1;0.1;0.1;
265601315;Yazoo Chilled Banana Milkshake 472Ml;£1.25;£0.27/100ml;Milk, Butter & Eggs;Fresh Milk;60;3.0;null;null;1.2;null;null;0.1;
268676457;Tesco Chocolate Milk 330Ml;£0.60;£0.18/100ml;Milk, Butter & Eggs;Fresh Milk;76;3.4;null;10.5;1.9;1.2;0.4;0.2;
259281275;Tesco Chocolate Flavoured Milk 1L;£1.19;£0.12/100ml;Milk, Butter & Eggs;Fresh Milk;85;4.3;null;12.4;1.6;1.0;0;0.2;
280447331;Tesco Choco Milkshake Syrup Mix 250Ml;£1.49;£0.60/100ml;Milk, Butter & Eggs;Fresh Milk;320;3.0;null;66.9;3.9;3.1;0.5;0.8;
274218237;Tesco Chocolate Milkshake Mix 300G;£1.49;£0.50/100g;Milk, Butter & Eggs;Fresh Milk;81;3.8;null;12.4;1.8;1.2;0;0.1;
254959536;Yazoo Banana Milkshake 4X200ml;£1.60;£0.20/100ml;Milk, Butter & Eggs;Fresh Milk;60;3.0;null;null;1.2;null;null;0.1;
265601494;Yazoo Chilled Strawberry Milkshake 472Ml;£1.25;£0.27/100ml;Milk, Butter & Eggs;Fresh Milk;60;3.0;9.6;null;1.2;null;null;0.1;
264213102;Tesco Chocolate Fudge Brownie Flavoured Milk 1Ltr;£1.19;£0.12/100ml;Milk, Butter & Eggs;Fresh Milk;80;4.1;null;13.1;1.1;0.7;0;0.2;
259281396;Tesco Strawberry Flavoured Milk 1L;£1.19;£0.12/100ml;Milk, Butter & Eggs;Fresh Milk;65;4.0;null;9.5;0.9;0.6;0;0.1;
254959513;Yazoo Chocolate Milkshake 4X200ml;£1.60;£0.20/100ml;Milk, Butter & Eggs;Fresh Milk;65;3.2;10.0;null;1.5;null;null;0.1;
259281436;Tesco Banana Flavoured Milk 1L;£1.19;£0.12/100ml;Milk, Butter & Eggs;Fresh Milk;70;3.9;null;10.6;1.0;0.7;0;0.2;
266000155;Yop Drinking Yoghurt Strawberry 500G;£1.00;£0.20/100g;Milk, Butter & Eggs;Fresh Milk;72;2.8;null;null;1.3;null;0.1;0.12;
254196107;Alpro Organic Soya Longlife Milk Alternative 1L;null;null;Milk, Butter & Eggs;Fresh Milk;32 ;3.3;null;-;1.9;-;0.6;0.03;
280832278;Alpro Oat Drink 1 Litre;£1.39;£1.39/l;Milk, Butter & Eggs;Fresh Milk;42 ;0.3;null;3.3;1.5;0.1;1.4;0.10;
267438511;Alpro Junior Soya Longlife Milk Alternative 1L;£1.39;£1.39/l;Milk, Butter & Eggs;Fresh Milk;64 ;2.5;null;2.5;2.2;0.4;0.4;0.04;
272012817;Alpro Hazelnut Longlife Milk Alternative 1L;£1.69;£1.69/l;Milk, Butter & Eggs;Fresh Milk;29 ;0.4;3.1;3.1;1.6;0.2;0.3;0.13;
284904542;Alpro Coconut Uht 1 Litre;£1.00;£1.00/l;Milk, Butter & Eggs;Fresh Milk;20 ;0.1;null;1.9;0.9;0.9;0.0;0.13;
251523947;Alpro Original Soya Longlife Milk Alternative 1L;£1.29;£1.29/l;Milk, Butter & Eggs;Fresh Milk;44 ;3.3;null;2.9;1.9;0.3;0.6;0.08;
260556595;Alpro Light Soya Longlife Milk Alternative 1L;null;null;Milk, Butter & Eggs;Fresh Milk;27 ;2.1;null;1.4;1.2;0.2;0.9;0.11;
266000126;Yop Drinking Yoghurt Raspberry 500G;£1.00;£0.20/100g;Milk, Butter & Eggs;Fresh Milk;72;2.8;null;null;1.3;null;0.1;0.12;
272012512;Alpro Almond Longlife Milk Alternative 1L;null;null;Milk, Butter & Eggs;Fresh Milk;null;0.5;3.0;3.0;1.1;0.1;0.2;null;
276761995;Alpro Almond Unsweetened 1 Litre;£1.00;£1.00/l;Milk, Butter & Eggs;Fresh Milk;13 ;0.4;null;0.1;1.1;0.1;0.4;0.13;
276760063;Alpro Rice Drink 1 Litre;£1.29;£1.29/l;Milk, Butter & Eggs;Fresh Milk;47 ;0.1;null;3.3;1.0;0.1;nil;0.09;
284158338;Alpro Rice Cream 250Ml;£0.89;£3.56/l;Milk, Butter & Eggs;Fresh Milk;96 ;0,4;5,4;null;7,9;null;0,1;null;
280831285;Alpro Rice Light Drink 1 Litre;£1.29;£1.29/l;Milk, Butter & Eggs;Fresh Milk;33 ;0.1;null;2.4 **;0.7;0.1;nil;0.09;
280831515;Alpro Simply Mild Drink 1 Litre;£1.25;£1.25/l;Milk, Butter & Eggs;Fresh Milk;33 ;3.0;null;0.7;1.8;0.3;0.5;0.09;
273706001;Almond Breeze Original Longlife Milk Alternative 1L;£1.49;£1.49/l;Milk, Butter & Eggs;Fresh Milk;null;0.5;2.9;null;1.1;null;0.3;null;
280832998;Alpro Almond Chocolate 1 Litre;null;null;Milk, Butter & Eggs;Fresh Milk;null;0.8;null;6.9;1.3;0.2;0.8;null;
276745807;Alpro Soya Chocolate Drink 1 Litre;null;null;Milk, Butter & Eggs;Fresh Milk;63 ;3.0;null;null;1.8;null;0.8;0.14;
255764252;Alpro Longlife Soya Alternative To Cream 250Ml;£0.85;£0.34/100ml;Milk, Butter & Eggs;Fresh Milk;169 ;2.0;null;1.6;16.8;1.9;0.3;0.14;
254959507;Yazoo Strawberry Milkshake 4X200ml;£1.60;£0.20/100ml;Milk, Butter & Eggs;Fresh Milk;60;3.0;null;null;1.2;null;null;0.1;
276760322;Alpro Soya Vanilla Milk 3X250ml;£1.29;£1.72/l;Milk, Butter & Eggs;Fresh Milk;55 ;3,0;6,6;null;null;null;null;null;
276760184;Alpro Soya Vanilla Drink 1 Litre;null;null;Milk, Butter & Eggs;Fresh Milk;55 ;3.0;null;6.6;1.7;0.3;0.5;0.14;
276681323;Koko Dairy Free Chocolate 3 X 250Ml;£1.39;£1.86/l;Milk, Butter & Eggs;Fresh Milk;53;0.5;null;null;1.9;null;0.4;null;
253178655;Alpro Unsweetend Soya Longlife Milk Alternative 1L;£1.29;£1.29/l;Milk, Butter & Eggs;Fresh Milk;32 ;3.3;null;0.1;1.8;0.3;0.6;0.03;
250126054;Alpro Soya Longlife Chocolate Shakes 3X250ml;£1.29;£1.72/l;Milk, Butter & Eggs;Fresh Milk;63;3.0;8.3;-;1.8;-;0.8;0.14;
276681087;Koko Dairy Free Strawberry 3 X 250Ml;£1.39;£1.86/l;Milk, Butter & Eggs;Fresh Milk;48;0.2;null;null;1.7;null;0.0;null;
276993835;Koko Dairy Free Coconut Longlife Milk Alternative 1L;£1.39;£1.39/l;Milk, Butter & Eggs;Fresh Milk;27;0.2;null;null;2.0;null;0.1;0.1;
283924476;Emmi Caffe Latte Extra Shot Longlife 200Ml;£1.35;£6.75/l;Milk, Butter & Eggs;Fresh Milk;250 kJ 500 kJ - -;2.5;null;null;1.5;null;null;0.18;
268923459;Just Milk Longlife Semi Skimmed Milk 6X1l;£4.99;£0.83/l;Milk, Butter & Eggs;Fresh Milk;46;3.2;4.8;null;1.6;null;null;0.1*;
276672000;Blue Diamond Almond Breeze Chocolate 1L;£1.49;£1.49/l;Milk, Butter & Eggs;Fresh Milk;null;0.6;8.5;null;1.2;null;0.5;null;
259366628;Lactofree Longlife Whole Milk 1L;£1.33;£1.33/l;Milk, Butter & Eggs;Fresh Milk;57Kcal;3.4;null;null;3.5;null;null;0.1;
273706064;Blue Diamond Almond Breeze Unsweetened Ambient 1L;£1.49;£1.49/l;Milk, Butter & Eggs;Fresh Milk;null;0.5;0.4;null;1.2;null;0.3;null;
267676787;Good Hemp Longlife Milk Alternative 1L;£1.49;£1.49/l;Milk, Butter & Eggs;Fresh Milk;null;0.1;3.4;null;2.5;null;0.1;null;
256659600;Delamere Dairy Sterilised Longlife Skimmed Milk 1L;£1.10;£1.10/l;Milk, Butter & Eggs;Fresh Milk;null;3.4;null;null;0.1;null;null;0.1;
258104839;Delamere Dairy Sterilised Longlife Semi Skimmed Milk 1L;£1.10;£1.10/l;Milk, Butter & Eggs;Fresh Milk;null;3.2;null;null;1.6;null;null;0.1;
283924453;Emmi Caffe Latte Cappuccino Longlife 200Ml;£1.35;£6.75/l;Milk, Butter & Eggs;Fresh Milk;250kJ 500kJ - -;2.5;null;null;1.5;null;null;0.15;
258126721;Delamere Dairy Sterilised Longlife Whole Milk 1L;£1.10;£1.10/l;Milk, Butter & Eggs;Fresh Milk;null;3.2;null;null;3.6;null;null;0.1;
276993887;Koko Dairy Free Chocolate Plus Calcium Drink 1 Litre;£1.49;£1.49/l;Milk, Butter & Eggs;Fresh Milk;53;0.5;null;null;1.9;null;0.4;0.1;
256334414;Alpro Soya Longlife Strawberry Shake 3X250ml;£1.29;£1.72/l;Milk, Butter & Eggs;Fresh Milk;62 ;3.3;7.6;7.6;1.8;0.3;0.5;0.14;
268924206;Just Milk Longlife Skimmed Milk 6X1l;£4.99;£0.83/l;Milk, Butter & Eggs;Fresh Milk;32;3.2;4.8;null;0.1;null;null;0.1*;
261747006;Oatly Chocolate Longlife Milk Alternative 1L;£1.39;£1.39/l;Milk, Butter & Eggs;Fresh Milk;240 kJ/;1;null;null;1.5;null;1;0.15;
273868131;Moo Organic Longlife Whole Milk 1L;£1.00;£1.00/l;Milk, Butter & Eggs;Fresh Milk;64;3.4;null;null;3.5;null;null;0.11;
256494108;Moo Organic Longlife Semi Skimmed Milk 1L;£1.00;£1.00/l;Milk, Butter & Eggs;Fresh Milk;46;3.5;null;null;1.6;null;null;0.11;
252270086;Organic Rice Dream Original 3X200ml;£1.50;£2.50/l;Milk, Butter & Eggs;Fresh Milk;196 kJ 392 kJ;0.1;9.4;null;1.0;null;0.1;null;
252098146;Rice Dream Longlife Milk Alternative 1L;£1.38;£1.38/l;Milk, Butter & Eggs;Fresh Milk;199 kJ 398 kJ;0.1;9.4;null;1.0;null;0.1;0.1;
261746812;Oatly Longlife Milk Alternative 1L;£1.39;£1.39/l;Milk, Butter & Eggs;Fresh Milk;190 kJ/;1;null;null;1.5;null;0.8;0.1;
280918609;Provitamil Oat Drink 1 Litre;£1.25;£1.25/l;Milk, Butter & Eggs;Fresh Milk;40;0.4;null;null;1.2;null;0.1;null;
280907778;Provitamil Oat Chocolate Drink 1 Litre;£1.25;£1.25/l;Milk, Butter & Eggs;Fresh Milk;null;0.5;null;null;1.1;null;0.2;null;
256490441;Moo Organic Longlife Skimmed Milk 1L;£1.00;£1.00/l;Milk, Butter & Eggs;Fresh Milk;33;3.5;null;null;0.1;null;null;0.11;
258295433;T.E/Day Value Skimmed Longlife Milk 1L;£0.49;£0.49/l;Milk, Butter & Eggs;Fresh Milk;37;3.6;null;4.9;0.3;0.1;0;null;
251496638;Oatly Organic Longlife Milk Alternative 1L;£1.39;£1.39/l;Milk, Butter & Eggs;Fresh Milk;150 kJ/;1;6.5;4 *;0.5;null;0.8;0.1;
254278040;T.Semi-Skimmed Longlife Milk 1L;£0.90;£0.90/l;Milk, Butter & Eggs;Fresh Milk;50;3.6;null;4.8;1.8;1.1;0;0.1;
252098117;Organic Rice Dream Longlife Milk Alternative 1L;£1.38;£1.38/l;Milk, Butter & Eggs;Fresh Milk;211 kJ 422 kJ -;0.1;null;null;1.1;null;null;0.07;
255026297;Tesco British Semi Skimmed Longlife Milk 6X1l;£3.00;£0.50/l;Milk, Butter & Eggs;Fresh Milk;50;3.6;null;4.8;1.8;1.1;0;0.1;
272260194;Oat Dream Milk Alternative 1L;£1.39;£1.39/l;Milk, Butter & Eggs;Fresh Milk;211 kJ 421 kJ;0.6;null;null;1.3;null;1.0;null;
263098452;Oatly Longlife Alternative To Cream 250G;£0.75;£3.00/l;Milk, Butter & Eggs;Fresh Milk;145 ;1;6;null;13;null;0.7;0.1;
252270057;Rice Dream Organic Vanilla Longlife Milk Alternative 1L;£1.38;£1.38/l;Milk, Butter & Eggs;Fresh Milk;216 kJ 432 kJ -;0.1;null;null;1.1;null;null;0.07;
267309503;Lactofree Milk Longlife Portions 5X20ml;£0.67;£6.70/l;Milk, Butter & Eggs;Fresh Milk;38 ;3.5;null;null;1.5;null;Nil;null;
254277997;T.Skimmed Longlife Milk 1L;£0.90;£0.90/l;Milk, Butter & Eggs;Fresh Milk;37;3.6;null;4.9;0.3;0.1;0;0.1;
260569996;Lactofree Semi Skimmed Longlife 1L;£1.33;£1.33/l;Milk, Butter & Eggs;Fresh Milk;40Kcal;3.6;null;null;1.5;null;null;0.1;
260333496;Tesco British Whole Milk 6X1l;£3.00;£0.50/l;Milk, Butter & Eggs;Fresh Milk;65;3.4;null;4.7;3.6;2.3;nil;0.1;
254277974;Tesco Whole Longlife Milk 1L;£0.90;£0.90/l;Milk, Butter & Eggs;Fresh Milk;65;3.4;null;4.7;3.6;2.3;nil;0.1;
254277968;Tesco Whole Longlife Milk 500Ml;£0.54;£1.08/l;Milk, Butter & Eggs;Fresh Milk;65;3.4;null;4.7;3.6;2.3;nil;0.1;
276762464;Vivesoy Soy Original Drink 1 Litre;£1.25;£1.25/l;Milk, Butter & Eggs;Fresh Milk;null;null;null;null;null;null;null;null;
254278005;Tesco Skimmed Longlife Milk 500Ml;£0.54;£1.08/l;Milk, Butter & Eggs;Fresh Milk;37;3.6;null;4.9;0.3;0.1;0;0.1;
254278057;Tesco Semi Skimmed Longlife Milk 500Ml;£0.54;£1.08/l;Milk, Butter & Eggs;Fresh Milk;50;3.6;null;4.8;1.8;1.1;0;0.1;
257159787;Tesco Org Sweetened Soya Longlife Milk Alternative 1L;£1.15;£1.15/l;Milk, Butter & Eggs;Fresh Milk;42;3.4;null;2.4;1.9;0.3;0.6;0.2;
276762648;Vivesoy Soy Vanilla Drink 1 Litre;null;null;Milk, Butter & Eggs;Fresh Milk;null;null;null;null;null;0.2;null;null;
257736640;Tesco Semi Skimmed Longlife Milk 6X500ml;£2.95;£0.98/l;Milk, Butter & Eggs;Fresh Milk;50;3.6;null;4.8;1.8;1.1;0;0.1;
255736741;Tesco Skimmed Longlife Milk 6X500ml;£2.95;£0.98/l;Milk, Butter & Eggs;Fresh Milk;37;3.6;null;4.9;0.3;0.1;0;0.1;
276762429;Vivesoy Soy Light Drink 1 Litre;£1.25;£1.25/l;Milk, Butter & Eggs;Fresh Milk;null;null;null;null;null;null;null;null;
276762504;Vivesoy Soy Unsweetend Drink 1 Litre;£1.25;£1.25/l;Milk, Butter & Eggs;Fresh Milk;null;null;null;null;null;null;null;null;
268889126;Tesco Everyday Value British Semi Skimmed Longlife Milk 1L;£0.66;£0.66/l;Milk, Butter & Eggs;Fresh Milk;50;3.6;null;4.8;1.8;1.1;0;0.1;
254278011;Tesco British Skimmed Longlife Milk 6X1l;£3.00;£0.50/l;Milk, Butter & Eggs;Fresh Milk;37;3.6;null;4.9;0.3;0.1;0;0.1;
256438810;Tesco Sweetened Soya Milk Alternative 1Ltr;£0.85;£0.85/l;Milk, Butter & Eggs;Fresh Milk;42;3.4;null;2.4;1.9;0.3;0.6;0.2;
257159574;Tesco Everyday Value Unsweetened Soya Drink 1 Litre;£0.65;£0.65/l;Milk, Butter & Eggs;Fresh Milk;34;3.4;null;0.1;1.9;0.3;0.8;0.1;
257159666;Tesco Org Unsweetend Soya Longlife Milk Alternative 1L;£1.15;£1.15/l;Milk, Butter & Eggs;Fresh Milk;33;3.4;null;0.1;1.9;0.3;0.6;0.1;
276762389;Vivesoy Soy Chocolate Drink 1 Litre;£1.25;£1.25/l;Milk, Butter & Eggs;Fresh Milk;null;null;null;null;null;null;null;null;
276762268;Vivesoy Soy Cappuccino Drink 1Ltr;null;null;Milk, Butter & Eggs;Fresh Milk;null;null;null;null;null;null;null;null;
274436214;Tesco Everyday Value Sweetened Soya Drink 1 Litre;£0.65;£0.07/100ml;Milk, Butter & Eggs;Fresh Milk;39;2.9;null;2.7;1.7;0.3;0.5;0.1;
284026656;Yazoo Chocolate Milk Drink 1 Litre;£1.00;£1.00/l;Milk, Butter & Eggs;Fresh Milk;65;3.2;9.9;null;1.5;null;null;0.1;
286636841;Emmi Choco Lait Original 230Ml;£1.35;£0.59/100ml;Milk, Butter & Eggs;Fresh Milk;380 kJ 874 kJ - -;3.5;null;null;4.0;null;null;0.18;
286633994;Mango Lassi 250G;£1.00;£0.40/100g;Milk, Butter & Eggs;Fresh Milk;95 ;2.9;null;null;2.8;null;null;0.10;
271858428;Tesco Free From Unsweetened Soya 1L;£1.15;£0.12/100ml;Milk, Butter & Eggs;Fresh Milk;27;2.0;null;0.2;1.2;0.2;1.2;0.1;
277745875;Caffionata Iced Coffee Caramel 250Ml;£1.00;£0.40/100ml;Milk, Butter & Eggs;Fresh Milk;83 ;2.9;null;null;4.1;null;null;0.18;
271858094;Tesco Almond Drink 1L;£1.50;£0.15/100ml;Milk, Butter & Eggs;Fresh Milk;26;0.2;null;4.0;1.0;0.1;0;0.1;
286809758;Coconut Dream Milk Alternative 1 Litre;£1.38;£1.38/l;Milk, Butter & Eggs;Fresh Milk;212 kJ 424 kJ;0.2;null;null;1.1;null;0.0;0.1;
285507132;Gu Hot Chocolate Drink 750Ml;£1.99;£0.27/100ml;Milk, Butter & Eggs;Fresh Milk;null;null;null;null;null;null;null;null;
286633798;Caffionata Mocha Iced Coffee 250Ml;£1.00;£0.40/100ml;Milk, Butter & Eggs;Fresh Milk;75 ;3.4;null;null;2.3;null;null;0.20;
271858647;Tesco Free From Chocolate Coconut Milk Drink 1L;£1.25;£0.13/100ml;Milk, Butter & Eggs;Fresh Milk;49;0.4;null;6.6;2.1;1.8;0.7;0.1;
271858837;Tesco Free From Coconut Milk Drink 1L;£1.25;£0.13/100ml;Milk, Butter & Eggs;Fresh Milk;25;0.2;null;1.6;1.8;1.6;0.1;0.1;
286635992;Emmi Choco Lait Caramel 230Ml;£1.35;£0.59/100ml;Milk, Butter & Eggs;Fresh Milk;350 kJ 805 kJ - -;3.5;null;null;3.5;null;null;0.18;
285526909;Gu Salted Caramel Hot Chocolate Drink 750Ml;£1.99;£0.27/100ml;Milk, Butter & Eggs;Fresh Milk;null;null;null;null;null;null;null;null;
271857084;Tesco Free From Rice Drink 1L;£1.50;£0.15/100ml;Milk, Butter & Eggs;Fresh Milk;56;0.1;null;4.1;1.0;0.1;0.6;0.1;
285814684;Gu Mocha Hot Chocolate Drink 750Ml;£1.99;£0.27/100ml;Milk, Butter & Eggs;Fresh Milk;null;5.0;null;null;4.7;null;0.5;0.05;
271858307;Tesco Free From Sweetened Soya 1L;£1.15;£0.12/100ml;Milk, Butter & Eggs;Fresh Milk;44;3.4;null;2.7;1.9;0.3;0.6;0.1;
284026719;Yazoo Banana Milk Drink 1 Litre;£1.00;£1.00/l;Milk, Butter & Eggs;Fresh Milk;60;3.0;null;null;1.2;null;null;0.1;
277732274;Caffionata Iced Coffee Cappuccino 250Ml;£1.00;£0.40/100ml;Milk, Butter & Eggs;Fresh Milk;64 ;3.2;null;null;1.3;null;null;0.20;
284026570;Yazoo Strawberry Milk Drink 1 Litre;£1.00;£1.00/l;Milk, Butter & Eggs;Fresh Milk;60;3.0;9.6;null;1.2;null;null;0.1;
283786955;Starbucks Cookies And Cream Frapp 250Ml;£1.79;£0.72/100ml;Milk, Butter & Eggs;Fresh Milk;null;null;null;null;null;null;null;null;
277569467;Starbucks Doubleshot 4 X 200Ml;£5.00;£0.63/100ml;Milk, Butter & Eggs;Fresh Milk;null;null;null;null;null;null;null;null;
273446394;Galaxy Iced Cafe Caramel Mocha Latte 230Ml;£1.49;£0.65/100ml;Milk, Butter & Eggs;Fresh Milk;305kJ 703kJ (8%);3.3;null;null;1.6;null;null;0.31;
266892601;Starbucks Doubleshot 200Ml;£1.59;£0.80/100ml;Milk, Butter & Eggs;Fresh Milk;null;null;null;null;null;null;null;null;
266891815;Starbucks Quandi Caramel Latte 220 Ml;£1.59;£0.72/100ml;Milk, Butter & Eggs;Fresh Milk;null;null;null;null;null;null;null;null;
253978518;Emmi Caffe Latte Cappuccino 230Ml;£1.35;£0.59/100ml;Milk, Butter & Eggs;Fresh Milk;270 kJ 621 kJ 7.3% -;3.0;null;null;1.2;null;null;0.15;
266890690;Starbucks Seattle Latte 220Ml;£1.59;£0.72/100ml;Milk, Butter & Eggs;Fresh Milk;null;null;null;null;null;null;null;null;
272316153;Starbucks Vanilla Frappuccino250ml;£1.79;£0.72/100ml;Milk, Butter & Eggs;Fresh Milk;null;null;null;null;null;null;null;null;
277569824;Emmi Caffe Latte Vanilla 230 Ml;£1.35;£0.59/100ml;Milk, Butter & Eggs;Fresh Milk;280 kJ 644 kJ - -;3.0;null;null;2.0;null;null;0.15;
268471618;Starbucks Mocha Frappuccino 250Ml;£1.79;£0.72/100ml;Milk, Butter & Eggs;Fresh Milk;null;null;null;null;null;null;null;null;
277732055;Caffionata Iced Coffee Light Macchiato 250Ml;£1.00;£0.40/100ml;Milk, Butter & Eggs;Fresh Milk;44 ;2.9;null;null;0.8;null;null;0.15;
266044886;Emmi Caffe Latte Light 230Ml;£1.35;£0.59/100ml;Milk, Butter & Eggs;Fresh Milk;170 kJ 391 kJ - -;2.5;null;null;0.8;null;null;0.15;
273717086;Emmi Caffe Latte Limited Edition Caramel 230Ml;£1.35;£0.59/100ml;Milk, Butter & Eggs;Fresh Milk;250 kJ 575 kJ - -;3.0;null;null;1.2;null;null;0.15;
277569409;Starbucks Skinny Latte 220Ml;£1.59;£0.72/100ml;Milk, Butter & Eggs;Fresh Milk;null;null;null;null;null;null;null;null;
277569565;Starbucks Frappucino Mocha 4X250ml;£5.00;£0.50/100ml;Milk, Butter & Eggs;Fresh Milk;null;null;null;null;null;null;null;null;
273446481;Galaxy Caf Double Shot Mocha 230Ml;£1.49;£0.65/100ml;Milk, Butter & Eggs;Fresh Milk;339kJ 781kJ (9%);3.5;null;null;2.2;null;null;0.39;
273847951;Jus-Rol Bake It Fresh White Rolls 330G;£1.50;£0.46/100g;Milk, Butter & Eggs;Fresh Pastry & Fresh Baking;1031kJ 567kJ -;9.5;null;null;2.7;null;1.9;1.99;
266524105;Tesco Lighter Ready Rolled Shortcrust Pastry 375G;£1.30;£3.47/kg;Milk, Butter & Eggs;Fresh Pastry & Fresh Baking;355;5.3;null;2.0;18.4;8.0;2.1;0.4;
268973059;Jus Rol Shortcrust Pastry Ready Rolled 320G;£1.50;£4.69/kg;Milk, Butter & Eggs;Fresh Pastry & Fresh Baking;1820kJ 910kJ -;6.1;null;null;28.8;null;2.1;0.58;
259727803;Jus Rol Puff Pastry Ready Rolled 320G;£1.50;£4.00/kg;Milk, Butter & Eggs;Fresh Pastry & Fresh Baking;1589kJ 794kJ -;4.9;null;null;24.1;null;2.1;0.63;
267687286;Jus Rol Bake It Fresh Croissant 250G;£1.50;£0.60/100g;Milk, Butter & Eggs;Fresh Pastry & Fresh Baking;1374kJ 577kJ -;7.8;null;null;16.1;null;1.5;2.22;
269002678;Jus Rol All Butter Puff Pastry Ready Rolled 320G;£2.19;£6.85/kg;Milk, Butter & Eggs;Fresh Pastry & Fresh Baking;1633kJ 817kJ -;6.1;null;null;24.0;null;2.2;0.71;
269002874;Jus-Rol Light Puff Pastry Sheet 320G;£1.60;£5.00/kg;Milk, Butter & Eggs;Fresh Pastry & Fresh Baking;1389kJ 649kJ -;6.4;null;null;16.5;null;2.3;1.00;
280987941;Jus Rol Bake It Fresh Apple Danish 320G;£2.00;£6.25/kg;Milk, Butter & Eggs;Fresh Pastry & Fresh Baking;1379kJ 731kJ -;6.2;null;null;13.3;null;1.2;1.50;
277201603;Tesco Shortcrust Pastry Block500g;£1.10;£0.22/100g;Milk, Butter & Eggs;Fresh Pastry & Fresh Baking;462;5.4;null;2.3;31.4;12.6;2.1;0.4;
259728007;Jus-Rol Puff Pastry Block 500G;£1.25;£2.50/kg;Milk, Butter & Eggs;Fresh Pastry & Fresh Baking;1566kJ 783kJ -;5.7;null;null;23.6;null;2.0;0.89;
266524232;Tesco Puff Pastry Ready Rolled 375G;£1.30;£3.47/kg;Milk, Butter & Eggs;Fresh Pastry & Fresh Baking;385;5.0;null;0.8;24.1;11.5;2.1;0.5;
273798478;Jus-Rol Bake It Fresh Garlic Pizza Bread 340G;£2.65;£0.78/100g;Milk, Butter & Eggs;Fresh Pastry & Fresh Baking;1240kJ 533kJ -;8.3;null;null;11.1;null;1.7;1.55;
259727861;Jus Rol Shortcrust Pastry Block 500G;£1.25;£2.50/kg;Milk, Butter & Eggs;Fresh Pastry & Fresh Baking;1862kJ 931kJ -;6.3;null;null;29.3;null;2.2;0.59;
267662383;Tesco Shortcrust Pastry Ready Rolled 375G;£1.30;£3.47/kg;Milk, Butter & Eggs;Fresh Pastry & Fresh Baking;442;5.0;null;1.7;28.0;11.2;1.8;0.5;
250829305;Theos Filo Pastry Ready Rolled 250G;£1.80;£7.20/kg;Milk, Butter & Eggs;Fresh Pastry & Fresh Baking;315 Kcal;8.0;null;null;2.1;null;null;null;
273798564;Jus-Rol Bake It Fresh Pizza 330G;£2.65;£0.80/100g;Milk, Butter & Eggs;Fresh Pastry & Fresh Baking;756kJ 514kJ -;6.8;null;null;2.0;null;2.0;1.59;
273798639;Jus-Rol Bake It Fresh Pain Au Chocolate 275G;£2.00;£0.73/100g;Milk, Butter & Eggs;Fresh Pastry & Fresh Baking;1540kJ 708kJ -;7.4;null;null;19.0;null;2.2;1.72;
284906197;Jus-Rol Sweet Dessert Pastry 320G;£1.75;£5.47/kg;Milk, Butter & Eggs;Fresh Pastry & Fresh Baking;1849kJ 925kJ -;5.8;null;null;27.0;null;1.5;0.56;
277200593;Tesco Puff Pastry Block 500G;£1.10;£0.22/100g;Milk, Butter & Eggs;Fresh Pastry & Fresh Baking;380;5.7;null;3.6;23.3;11.2;2.6;0.5;
266524284;Tesco Lighter Puff Pastry Ready Rolled 375G;£1.30;£3.47/kg;Milk, Butter & Eggs;Fresh Pastry & Fresh Baking;320;6.5;null;0.8;13.2;6.5;2.3;0.5;
280988358;Jus Rol Bake It Fresh Cinnamon Swirls 270G;£2.00;£7.41/kg;Milk, Butter & Eggs;Fresh Pastry & Fresh Baking;1510 kJ 680 kJ;6.2;null;null;15.7;null;1.6;1.4;
282979717;Lurpak Cooks Cooking Mist 200Ml;£2.70;£1.35/100ml;Milk, Butter & Eggs;Dairy Cooks Ingredients;792;0.1;null;null;87.9;null;null;0.5;
282123392;Tesco Basil, Parmesan And Tomato Butter 4 Pack;£1.00;£0.25/each;Milk, Butter & Eggs;Dairy Cooks Ingredients;522;3.6;null;6.3;52.2;27.4;1.6;1.3;
282123538;Tesco Cheesy Spanish Chorizo And Smoked Paprika Topping;null;null;Milk, Butter & Eggs;Dairy Cooks Ingredients;290;14.0;null;3.6;16.8;7.4;2.8;1.4;
282123432;Tesco Roast Garlic And Herb Butter 60G;£1.00;£1.67/100g;Milk, Butter & Eggs;Dairy Cooks Ingredients;625;2.2;null;1.9;64.0;42.5;1.5;1.1;
282123417;Tesco Lime Coriander And Chilli Butter 4 Pack;£1.00;£0.25/each;Milk, Butter & Eggs;Dairy Cooks Ingredients;547;1.4;null;2.8;56.8;34.6;1.9;1.1;
282979752;Lurpak Cooks Range Perfect Baking 500G;£3.25;£0.65/100g;Milk, Butter & Eggs;Dairy Cooks Ingredients;635;0.5;null;null;70.0;null;null;0.0;
282979692;Lurpak Cooks Range Clarified Butter 250G;£3.25;£1.30/100g;Milk, Butter & Eggs;Dairy Cooks Ingredients;898;0.0;null;null;null;null;null;0.0;
262611446;Lurpak Garlic Butter 125G;£1.25;£10.00/kg;Milk, Butter & Eggs;Dairy Cooks Ingredients;692 ;1.3;3.7;null;75;null;null;2.0;
256567305;Tesco Everyday Value Mild White Cheese Medium;£3.08;£5.40/kg;Cheese;Cheddar Cheese;416;25.4;null;0.1;34.9;21.7;0;1.8;
281788518;Tesco Mild White Cheddar 340G;£2.50;£7.36/kg;Cheese;Cheddar Cheese;416;25.4;null;0.1;34.9;21.7;0;1.8;
280676635;Pilgrims Choice Mature Cheddar Slices 280G;£4.00;£14.29/kg;Cheese;Cheddar Cheese;1725kJ;25.4;0.1;null;34.9;null;null;1.8;
281788432;Tesco Medium White Cheddar 200G;£1.50;£7.50/kg;Cheese;Cheddar Cheese;416;25.4;null;0.1;34.9;21.7;0;1.8;
256567363;Tesco Everyday Value Mild White Cheese Extra Large;£4.85;£4.85/kg;Cheese;Cheddar Cheese;416;25.4;null;0.1;34.9;21.7;0;1.8;
256566272;Tesco Everyday Value Mild White Cheese Small;£2.54;£5.65/kg;Cheese;Cheddar Cheese;416;25.4;null;0.1;34.9;21.7;0;1.8;
281814621;Tesco British Mature Cheddar 450G;£3.00;£6.67/kg;Cheese;Cheddar Cheese;416;25.4;null;0.1;34.9;21.7;0;1.8;
281814431;Tesco Medium White Cheddar 340G;£2.50;£7.36/kg;Cheese;Cheddar Cheese;416;25.4;null;0.1;34.9;21.7;0;1.8;
281788484;Tesco Mild White Cheddar 200G;£1.50;£7.50/kg;Cheese;Cheddar Cheese;416;25.4;null;0.1;34.9;21.7;0;1.8;
281788562;Tesco Canadian Extra Mature White Cheddar 310G;£2.50;£8.07/kg;Cheese;Cheddar Cheese;null;null;null;null;null;null;null;null;
281788271;Tesco Farmhouse Extra Mature White Cheddar 180G;£1.50;£8.34/kg;Cheese;Cheddar Cheese;416;25.4;null;0.1;34.9;21.7;0;1.8;
281814333;Tesco Extra Mature White Cheddar 325G;£2.50;£7.70/kg;Cheese;Cheddar Cheese;416;25.4;null;0.1;34.9;21.7;0;1.8;
281814984;Tesco Extra Mature White Cheddar 400G;£3.00;£7.50/kg;Cheese;Cheddar Cheese;416;25.4;null;0.1;34.9;21.7;0;1.8;
256862422;Tesco Everyday Value Mature Cheddar;£3.08;£5.40/each;Cheese;Cheddar Cheese;416;25.4;null;0.1;34.9;21.7;0;1.8;
281814771;Tesco British Mild Cheddar 450G;£3.00;£6.67/kg;Cheese;Cheddar Cheese;416;25.4;null;0.1;34.9;21.7;0;1.8;
281814707;Tesco British Medium Cheddar 450G;£3.00;£6.67/kg;Cheese;Cheddar Cheese;416;25.4;null;0.1;34.9;21.7;0;1.8;
256862451;Tesco Everyday Value Mature Cheddar;£5.00;£5.00/kg;Cheese;Cheddar Cheese;416;25.4;null;0.1;34.9;21.7;0;1.8;
281788392;Tesco Extra Mature White Cheddar 180G;£1.50;£8.34/kg;Cheese;Cheddar Cheese;416;25.4;null;0.1;34.9;21.7;0;1.8;
273531253;Mclellands Seriously Strong Cheddar White 350G;£4.00;£11.43/kg;Cheese;Cheddar Cheese;416;25.4;null;null;34.9;null;null;1.80;
286004915;Tesco Organic Medium White Cheddar 310G;£2.50;£8.07/kg;Cheese;Cheddar Cheese;416;25.4;null;0.1;34.9;21.7;0;1.8;
281814385;Tesco Mature White Cheddar 340G;£2.50;£7.36/kg;Cheese;Cheddar Cheese;416;25.4;null;0.1;34.9;21.7;0;1.8;
281814097;Tesco Farmhouse Extra Mature White Cheddar 325G;£2.50;£7.70/kg;Cheese;Cheddar Cheese;416;25.4;null;0.1;34.9;21.7;0;1.8;
281814287;Tesco Half Fat Mature White Cheese 340G;£2.50;£7.36/kg;Cheese;Cheddar Cheese;273;32.7;null;0;15.8;9.9;0;1.7;
281788412;Tesco Mature White Cheddar 200G;£1.50;£7.50/kg;Cheese;Cheddar Cheese;416;25.4;null;0.1;34.9;21.7;0;1.8;
274456997;Tesco Everyday Value Extra Mature White Cheddar Small;£3.15;£7.00/kg;Cheese;Cheddar Cheese;416;25.4;null;0.1;34.9;21.7;0;1.8;
267308648;Cathedral City Lighter 350G;£2.00;£5.72/kg;Cheese;Cheddar Cheese;311;28.6;null;null;21.8;null;null;1.8;
277968415;Cathedral City Vintage Cheddar 300G;£4.00;£13.34/kg;Cheese;Cheddar Cheese;416;25.4;null;null;34.9;null;null;1.8;
268903247;Pilgrims Choice Extra Mature 350G;£2.00;£5.72/kg;Cheese;Cheddar Cheese;410;25.0;null;null;34.4;null;0.0;null;
268111124;Pilgrims Choice Lighter Mature Cheese 350G;£2.00;£5.72/kg;Cheese;Cheddar Cheese;null;28.2;0.2;null;23.2;null;null;1.6;
277759790;Davidstow Extra Mature Crackler 320G;£4.00;£12.50/kg;Cheese;Cheddar Cheese;416;25.4;null;null;34.9;null;null;1.8;
287506882;Seriously Strong Vintage 300G;£4.00;£13.34/kg;Cheese;Cheddar Cheese;416;25.4;null;null;34.9;null;null;1.80;
288589680;Tickler White Extra Mature Cheddar380g;£3.99;£11.40/kg;Cheese;Cheddar Cheese;390;26;null;null;32;null;null;1.8;
282010764;Anchor Mature Lighter 350G;£4.00;£11.43/kg;Cheese;Cheddar Cheese;324;27.7;3.0;null;22.3;null;null;1.6;
281788334;Tesco Half Fat Mature White Cheddar 200G;£1.50;£7.50/kg;Cheese;Cheddar Cheese;273;32.7;null;0.1;15.8;9.9;0;1.7;
256147668;Tesco Finest Vintage Canadian Cheddar 250G;£3.00;£12.00/kg;Cheese;Cheddar Cheese;420;25.4;null;0.1;34.9;21.7;0;1.8;
267273555;Cathedral City Extra Mature 350G;£4.00;£11.43/kg;Cheese;Cheddar Cheese;416;25.4;null;null;34.9;null;null;1.8;
277553416;Anchor Cheddar Extra Mature 350G;£4.00;£11.43/kg;Cheese;Cheddar Cheese;390;25.5;0.1;null;32.0;null;null;1.80;
285099227;Mu Lighter Mature 300G;£2.00;£6.67/kg;Cheese;Cheddar Cheese;null;28.2;0.2;null;23.2;null;null;1.6;
286005027;Tesco Organic Mature White Cheddar 310G;£2.50;£8.07/kg;Cheese;Cheddar Cheese;416;25.4;null;0.1;34.9;21.7;0;1.8;
264785714;Low Low Mature Cheese Slice 160G;£1.50;£9.38/kg;Cheese;Cheddar Cheese;302;26;null;null;22;null;0;null;
281814532;Tesco Lighter Medium Cheese 450G;£3.00;£6.67/kg;Cheese;Cheddar Cheese;302;26.0;null;0.1;22.0;13.6;0;1.9;
268940755;Weight Watchers Sliced Cheese 160G;£2.00;£12.50/kg;Cheese;Cheddar Cheese;null;31.0;null;null;10.3;null;0.1;null;
280068854;Colliers Powerful Welsh Cheddar 350G;£4.00;£11.43/kg;Cheese;Cheddar Cheese;416;25.4;null;null;34.9;null;Nil;null;
277925449;Cathedral City Mature Cheddar 550G;£5.50;£10.00/kg;Cheese;Cheddar Cheese;416;25.4;null;null;34.9;null;null;1.8;
281788372;Tesco Reduced Salt Mild White Cheddar 200G;£1.50;£7.50/kg;Cheese;Cheddar Cheese;416;25.4;null;0.1;34.9;21.7;0;1.0;
268768585;Cathedral City Mild Cheddar 350G;£3.00;£8.58/kg;Cheese;Cheddar Cheese;416;25.4;null;null;34.9;null;Nil;null;
266499192;Tesco Lighter Mature Slices 250G;£2.00;£8.00/kg;Cheese;Cheddar Cheese;322;28.2;null;0.2;23.2;15.1;0;1.6;
272621937;Cathedral City Variety Twin Pack 2X350g;£7.50;£10.72/kg;Cheese;Cheddar Cheese;416;25.4;null;null;34.9;null;null;1.8;
281814195;Tesco Lighter Mature White Cheddar 340G;£2.50;£7.36/kg;Cheese;Cheddar Cheese;302;26.0;null;0.1;22.0;13.6;0;1.9;
264641188;Tesco Lighter Mature Grated Lighter 250G;£2.00;£8.00/kg;Cheese;Cheddar Cheese;324;27.6;null;0.2;22.7;14.8;0;1.6;
281788294;Tesco Lighter Mature White Cheddar 200G;£1.50;£7.50/kg;Cheese;Cheddar Cheese;302;26.0;null;0.1;22.0;13.6;0;1.9;
265787808;Cathedral City Mature Twin Pack 2 X 350G;£4.00;£5.72/kg;Cheese;Cheddar Cheese;416;25.4;null;null;34.9;null;null;1.8;
268768873;Cathedral City Mature Cheddar 350G;£4.00;£11.43/kg;Cheese;Cheddar Cheese;416;25.4;null;null;34.9;null;null;1.8;
281814492;Tesco Lighter Mature Cheese 450G;£3.00;£6.67/kg;Cheese;Cheddar Cheese;302;26.0;null;0.1;22.0;13.6;0;1.9;
255639574;Cathedral City Mature Cheddar 200G;£2.75;£13.75/kg;Cheese;Cheddar Cheese;416;25.4;null;null;34.9;null;null;1.8;
266498360;Tesco Lighter Medium Grated Cheese 250G;£2.00;£8.00/kg;Cheese;Cheddar Cheese;324;27.6;null;0.2;22.7;14.8;0;1.6;
282111564;Anchor Mature Cheddar 500G;£5.50;£11.00/kg;Cheese;Cheddar Cheese;390;25.5;0.1;null;32.0;null;null;1.80;
277553324;Anchor Cheddar Mature 350G;£4.00;£11.43/kg;Cheese;Cheddar Cheese;390;25.5;0.1;null;32.0;null;null;1.80;
281814840;Tesco Lighter Mild White Cheddar 450G;£3.00;£6.67/kg;Cheese;Cheddar Cheese;302;26.0;null;0.1;22.0;13.6;0;1.9;
281814137;Tesco Lighter Extra Mature White Cheese 325G;£2.50;£7.70/kg;Cheese;Cheddar Cheese;302;26.0;null;0.1;22.0;13.6;0;1.9;
272621563;Cathedral City Thick Sliced 200G;£2.75;£13.75/kg;Cheese;Cheddar Cheese;416;25.4;null;null;34.9;null;null;1.8;
277759611;Davidstow Mature Cornish Classic Cheddar 350G;£4.00;£11.43/kg;Cheese;Cheddar Cheese;416;25.4;null;null;34.9;null;null;1.8;
264156405;Tesco 10 Red Leicester Slices 250G;£2.00;£8.00/kg;Cheese;Cheddar Cheese;411;24.9;null;0.1;34.5;21.6;0;1.7;
285099158;Mu Medium 300G;£2.00;£6.67/kg;Cheese;Cheddar Cheese;null;25.4;0.1;null;34.9;null;null;1.8;
282301604;Davidstow 3 Year Old 250G;£4.00;£16.00/kg;Cheese;Cheddar Cheese;416;25.4;null;null;34.9;null;null;1.8;
280356830;Seriously Strong Mature Cheddar 350G;£4.00;£11.43/kg;Cheese;Cheddar Cheese;416;25.4;null;null;34.9;null;null;1.80;
268900953;Pilgrims Choice Mature 350G;£2.00;£5.72/kg;Cheese;Cheddar Cheese;null;25.4;0.1;null;34.9;null;null;1.8;
280676445;Pilgrims Choice Mature Cheddar 550G;£5.50;£10.00/kg;Cheese;Cheddar Cheese;416;25.4;0.1;null;34.9;null;null;1.8;
264156267;Tesco British 10 Medium Cheddar Slices 250G;£2.00;£8.00/kg;Cheese;Cheddar Cheese;416;25.4;null;0.1;34.9;21.7;0;1.8;
264156434;Tesco British Extra Mature Cheddar Slices 250G;£2.00;£8.00/kg;Cheese;Cheddar Cheese;416;25.4;null;0.1;34.9;21.7;0;1.8;
282054441;Mu Mature White Cheddar 400G;£3.00;£7.50/kg;Cheese;Cheddar Cheese;416;25.4;0.1;null;34.9;null;null;1.8;
268052441;Davidstow Mature Cornish Classic Cheddar 200G;£3.00;£15.00/kg;Cheese;Cheddar Cheese;416;25.4;null;null;34.9;null;null;1.8;
285099170;Mu Mature 300G;£2.00;£6.67/kg;Cheese;Cheddar Cheese;416 ;25.4;0.1;null;34.9;null;null;1.8;
277969011;Cathedral City Matured Sliced 150G;£1.95;£13.00/kg;Cheese;Cheddar Cheese;416;25.4;null;null;34.9;null;null;1.8;
282054147;Pilgrims Choice Vintage White Cheddar 250G;£2.00;£8.00/kg;Cheese;Cheddar Cheese;416;25.4;null;null;34.9;null;0.0;null;
272260396;Lactofree Hard Cheese 200G;£1.79;£8.95/kg;Cheese;Cheddar Cheese;360Kcal;25.7;null;null;27.1;null;null;1.6;
282072914;Anchor Mature Slices 160G;£2.00;£12.50/kg;Cheese;Cheddar Cheese;390;25.5;0.1;null;32.0;null;null;1.80;
278906534;Tesco Finest Tasty Lancashire Cheddar 250G;£3.00;£12.00/kg;Cheese;Cheddar Cheese;389;23.2;null;0.1;32.9;21.5;0;1.8;
272865654;Tesco Finest Cave Aged Cheddar 190G;£3.00;£15.79/kg;Cheese;Cheddar Cheese;416;25.4;null;0.1;34.9;21.7;0;1.8;
282060623;Pilgrims Choice Vintage Cheddar 80G;£1.50;£18.75/kg;Cheese;Cheddar Cheese;null;23.4;null;null;37.7;null;0.5;null;
264242770;Tesco Lighter Mat 10 Cheese Slices 250G;£2.00;£8.00/kg;Cheese;Cheddar Cheese;273;32.7;null;0.1;15.8;9.9;0;1.7;
282362865;Tesco Mozzarella Sliced 150G;£1.50;£10.00/kg;Cheese;Cheddar Cheese;312;24.7;null;0.4;22.1;13.6;0.9;1.8;
264156296;Tesco British Mild 10 Cheddar Slices 250G;£2.00;£8.00/kg;Cheese;Cheddar Cheese;416;25.4;null;0.1;34.9;21.7;0;1.8;
266448662;Tesco Finest Vintage English Cheddar 250G;£3.00;£12.00/kg;Cheese;Cheddar Cheese;403;24.7;null;0.1;33.0;20.8;0;1.8;
264156169;Tesco British Mature 10 Cheddar Slices 250G;£2.00;£8.00/kg;Cheese;Cheddar Cheese;416;25.4;null;0.1;34.9;21.7;0;1.8;
260637004;Tesco Everyday Value Mild Cheddar Slices 240G;£1.31;£5.46/kg;Cheese;Cheddar Cheese;416;25.4;null;0.1;34.9;21.7;0;1.8;
268835391;Chedds Cheese And Toasties 3 Pack;£2.20;£22.23/kg;Cheese;Cheese Spreads & Snacks;414;19.3;null;null;22.7;null;null;1.4;
256041933;Dairylea Dunkers Jumbo Chipsticks (4X47g);£2.25;£11.25/kg;Cheese;Cheese Spreads & Snacks;null;null;null;null;null;null;null;null;
261533102;Dairylea Lunchables Ham And Cheese 101.9G;£1.50;£14.73/kg;Cheese;Cheese Spreads & Snacks;1135 kJ 1155 kJ 8400 kJ/;17.0;null;null;11.5;null;1.4;1.73;
265762469;Dairylea Dunkers Jumbo (6X47g) 282G;£3.00;£10.64/kg;Cheese;Cheese Spreads & Snacks;1090kJ 513kJ;8.7;null;null;12.0;null;1.5;null;
279427212;Dairylea Dunkers Mat Cheddar Ritz 4 X 46G Pack;£2.25;£12.23/kg;Cheese;Cheese Spreads & Snacks;1265 kJ 583 kJ -;11.0;null;null;16.0;null;1.3;1.50;
268927553;Cheese Strings Spaghetti 68G;£1.77;£26.03/kg;Cheese;Cheese Spreads & Snacks;1366kJ 232kJ;28;null;null;24;null;0;null;
285140259;Dairylea Light Cheese Spread 180G;£1.50;£8.34/kg;Cheese;Cheese Spreads & Snacks;667kJ/ 167kJ/;16.5;null;null;7.2;null;0;1.53;
277486236;Attack A Snack Chicken And Barbecue 99G;£1.50;£15.16/kg;Cheese;Cheese Spreads & Snacks;226;13.0;null;null;7.4;null;1.7;1.40;
272374993;Dairylea Dunkers Ritz 6X46g;£3.00;£10.87/kg;Cheese;Cheese Spreads & Snacks;1115 kJ 513 kJ -;9.5;null;null;13.5;null;1.3;1.53;
273197498;Cheestrings 80G Cheddar 4 Pack 80G;£0.82;£10.25/kg;Cheese;Cheese Spreads & Snacks;1264kJ 253kJ;23;null;null;22.5;null;null;1.9;
273197665;Cheesestring Attack A Snack Ham Wrap 99G;£1.50;£15.16/kg;Cheese;Cheese Spreads & Snacks;232;13.4;null;null;8.2;null;1.9;1.59;
277746868;Chedds Nibbles 96G;£2.20;£22.92/kg;Cheese;Cheese Spreads & Snacks;416;25.4;null;null;34.9;null;null;1.8;
256041829;Dairylea Dunkers And Breadsticks (4X47g);£2.25;£11.25/kg;Cheese;Cheese Spreads & Snacks;1030 kJ 483 kJ -;10.0;null;null;8.4;null;2.0;1.30;
273197354;Cheestrings Twister 12 Pack 240G;£4.00;£16.67/kg;Cheese;Cheese Spreads & Snacks;1264kJ 253kJ;23;null;null;22.5;null;null;1.9;
273197423;Cheestrings Twister 4 Pack 80G;£0.82;£10.25/kg;Cheese;Cheese Spreads & Snacks;1264kJ 253kJ;23;null;null;22.5;null;null;1.9;
273197112;Cheestrings 8 Pack Twister 160G;£3.00;£18.75/kg;Cheese;Cheese Spreads & Snacks;1264kJ 253kJ;23;null;null;22.5;null;null;1.9;
273196994;Cheestrings 8 Pack Cheddar 160G;£3.00;£18.75/kg;Cheese;Cheese Spreads & Snacks;1264kJ 253kJ;23;null;null;22.5;null;null;1.9;
282100174;Dairylea Lunchables Chicken And Cheese 93.9G;£1.50;£15.98/kg;Cheese;Cheese Spreads & Snacks;1190 kJ 1120 kJ 8400 kJ/;18.0;null;null;12.5;null;1.5;1.78;
273196620;Cheesestring Attack A Snack Chicken Wrap 99G;£1.50;£15.16/kg;Cheese;Cheese Spreads & Snacks;232;13.4;null;null;8.1;null;2.0;1.45;
273197279;Cheestrings Mega 12 Pack 240G;£4.00;£16.67/kg;Cheese;Cheese Spreads & Snacks;1264kJ 253kJ;23;null;null;22.5;null;null;1.9;
263280541;Tesco Goodness Mini Mild Cheddar Stick 120G;£1.50;£12.50/kg;Cheese;Cheese Spreads & Snacks;416;25.4;null;0.1;34.9;21.7;0;1.8;
285812093;Cheestrings Spread 125G;£0.70;£5.60/kg;Cheese;Cheese Spreads & Snacks;985kJ 246kJ;12;null;null;18;null;null;1.9;
265785315;Peelable Cheese Twirler 168G;£1.75;£10.42/kg;Cheese;Cheese Spreads & Snacks;290;25,2;null;null;20,8;null;null;1,5;
265777855;Dairylea Strip Cheese 12'S 252G;£3.50;£13.89/kg;Cheese;Cheese Spreads & Snacks;1425kJ 300kJ;21.5;null;null;27.5;null;0;2.0;
276878310;Applewood Spread Smoke Flavour 175G;£1.30;£7.43/kg;Cheese;Cheese Spreads & Snacks;291 ;11.0;5.2;null;25.1;null;null;2.5;
282138377;Tesco Goodness Cheddar Puzzles 5X20g;£1.50;£15.00/kg;Cheese;Cheese Spreads & Snacks;416;25.4;null;0.1;34.9;21.7;0;1.8;
282111155;Laughing Cow Dip And Crunch Light 140G;£1.45;£10.36/kg;Cheese;Cheese Spreads & Snacks;null;13;null;null;7.5;null;2;1.5;
276877236;Seriously Strong Spreadable Lighter 125G;£1.60;£12.80/kg;Cheese;Cheese Spreads & Snacks;null;null;null;null;null;null;null;null;
282111218;Laughing Cow Dip And Crunch Original 140G;£1.45;£10.36/kg;Cheese;Cheese Spreads & Snacks;null;11;null;null;16.5;null;null;1.6;
256245767;Dairylea Strip Cheese 8 Pack 168G;£1.25;£7.45/kg;Cheese;Cheese Spreads & Snacks;1425kJ 300kJ;21.5;null;null;27.5;null;0;2.0;
264485996;Dairylea Ritz Dunkers 4 X 46G;£2.25;£12.23/kg;Cheese;Cheese Spreads & Snacks;null;null;null;null;null;null;null;null;
282111316;Mini Babybel Mixed Net 300G;£3.90;£13.00/kg;Cheese;Cheese Spreads & Snacks;null;null;null;null;null;null;null;null;
282139468;Cathedral City Mature Spreadable 125G;£1.20;£0.96/100g;Cheese;Cheese Spreads & Snacks;257;14.7;null;null;20;null;null;2.3;
285174962;Tesco Goodness Dinosaur Shapes 5X20g;£1.50;£15.00/kg;Cheese;Cheese Spreads & Snacks;411;24.9;null;0.1;34.5;21.6;0;1.8;
251709924;Dairylea Strip Cheese Original 4X21g;£1.50;£17.86/kg;Cheese;Cheese Spreads & Snacks;1425kJ 300kJ;21.5;null;null;27.5;null;0;2.0;
262620308;Tesco Cheese Dippers 150G;£1.50;£10.00/kg;Cheese;Cheese Spreads & Snacks;282;12.1;null;4.3;11.8;8.4;2.4;1.9;
282059885;Tesco Mini Moons 100G;£1.50;£15.00/kg;Cheese;Cheese Spreads & Snacks;272;17.0;null;1.5;20.0;13.0;0;2.0;
285812225;Cheestrings Spread 250G;£2.25;£9.00/kg;Cheese;Cheese Spreads & Snacks;985kJ 246kJ;1.9;null;null;18;null;12;1.9;
282059977;Tesco Chocolate Dippers 150G;£1.50;£10.00/kg;Cheese;Cheese Spreads & Snacks;319;10.7;null;15.0;12.0;8.0;1.6;1.0;
268596252;Tesco Goodness Lighter Mild Cheese Sticks 6X20g;£1.50;£12.50/kg;Cheese;Cheese Spreads & Snacks;302;26.0;null;0.1;22.0;13.6;0;1.9;
285140490;Dairylea Cheese Spread 180G;£1.50;£8.34/kg;Cheese;Cheese Spreads & Snacks;967kJ/ 242kJ/;12.0;null;null;17.5;null;0;1.48;
282225913;Tesco Onion And Chive Spread 125G;£1.25;£10.00/kg;Cheese;Cheese Spreads & Snacks;254;10.0;null;8.5;20.0;12.0;0;2.0;
282059672;Primula Kids Mild Cheese Tube 100G;£0.85;£8.50/kg;Cheese;Cheese Spreads & Snacks;196;12.8;null;null;12.7;null;null;1.1;
258805200;Seriously Strong Spreadable 125G;£1.60;£12.80/kg;Cheese;Cheese Spreads & Snacks;null;null;null;null;null;null;null;null;
285140305;Dairylea Mature Cheddar Cheese Spread 145G;£1.50;£10.35/kg;Cheese;Cheese Spreads & Snacks;280;16.0;null;null;20.5;null;0.3;1.38;
268274345;Seriously Strong Spreadable Original 250G;£2.50;£10.00/kg;Cheese;Cheese Spreads & Snacks;null;null;null;null;null;null;null;null;
274219604;Tesco Mature Spread 125G;£1.25;£10.00/kg;Cheese;Cheese Spreads & Snacks;256;13.5;null;5.5;20.0;12.8;0;2.0;
268231949;Low Low Cracked Black Pepper Spread 125G;£1.00;£8.00/kg;Cheese;Cheese Spreads & Snacks;null;13;null;null;15;null;0;null;
268231932;Low Low Mature Cheddar Spread 125G;£1.00;£8.00/kg;Cheese;Cheese Spreads & Snacks;null;13;null;null;15;null;0;null;
254266296;Dairylea Slices 200G;£1.00;£5.00/kg;Cheese;Cheese Spreads & Snacks;255 ;15.0;null;null;18.0;null;0;1.43;
274438408;Tesco Full Fat Mild Cheese Spread 125G;£1.25;£10.00/kg;Cheese;Cheese Spreads & Snacks;254;10.0;null;8.5;20.0;12.0;0;2.0;
256772874;Dairylea Slices 400G;£2.50;£6.25/kg;Cheese;Cheese Spreads & Snacks;255 ;15.0;null;null;18.0;null;0;1.43;
264084858;Primula Cheese Spread Plus Ham 150 G Tube;£1.45;£9.67/kg;Cheese;Cheese Spreads & Snacks;200;12.3;null;null;14.6;null;null;2.0;
253483443;Dairylea Light Slices 8'S 200G;£1.00;£5.00/kg;Cheese;Cheese Spreads & Snacks;187 ;18.0;null;null;8.4;null;0;1.55;
254266739;Primula Cheese Spread With Prawns 150G;£1.45;£9.67/kg;Cheese;Cheese Spreads & Snacks;197;12.6;null;null;14.2;null;null;2.0;
285140562;Dairylea Cheese Spread 270G;£2.15;£7.97/kg;Cheese;Cheese Spreads & Snacks;230;12.0;null;null;17.5;null;0;1.48;
267220889;Primula Light 150G;null;null;Cheese;Cheese Spreads & Snacks;154;14.5;null;null;8.3;null;null;1.6;
254266561;Primula Original Cheese Spread 200G Pack;£1.45;£7.25/kg;Cheese;Cheese Spreads & Snacks;873kJ 218kJ;13;null;null;16;null;null;2.3;
264084674;Primula Original Cheese Spread 150G Tube;£1.45;£9.67/kg;Cheese;Cheese Spreads & Snacks;210;13;null;null;16;null;null;2.3;
264084806;Primula Cheese Spread Plus Chives 150 G Tube;£1.45;£9.67/kg;Cheese;Cheese Spreads & Snacks;201;12.1;null;null;14.8;null;null;2.0;
254266365;Tesco Processed Cheese Singles 20 400G;£1.90;£4.75/kg;Cheese;Cheese Spreads & Snacks;248;12.0;null;8.9;16.5;9.8;0;2.0;
276877449;Laughing Cow Light Emmental 128G;£1.35;£10.55/kg;Cheese;Cheese Spreads & Snacks;null;12;null;null;9;null;null;2;
255200428;Laughing Cow Cheese Triangles 140G;£1.35;£9.65/kg;Cheese;Cheese Spreads & Snacks;239 ;11.5;null;null;18.5;null;null;1.8;
250354970;Laughing Cow Cheese Triangles 280G;£2.15;£7.68/kg;Cheese;Cheese Spreads & Snacks;239 ;11.5;null;null;18.5;null;null;1.8;
260713179;Low Low Burger Slices 200G;£1.60;£8.00/kg;Cheese;Cheese Spreads & Snacks;null;14.5;null;null;10;null;0;null;
285140236;Dairylea Light Triangles 250G;£2.00;£8.00/kg;Cheese;Cheese Spreads & Snacks;844kJ/ 132kJ/;15.5;null;null;12.0;null;0;1.55;
255998770;Laughing Cow Extra Light Cheese 8 Portions 140G;£1.35;£9.65/kg;Cheese;Cheese Spreads & Snacks;108 ;17;null;null;2;null;null;1.9;
260221778;Tesco Cheese Triangles 140G;£1.00;£7.15/kg;Cheese;Cheese Spreads & Snacks;260;14.0;null;6.0;20.0;11.5;0;2.0;
285667615;Cathedral City British Selections 168G;£2.50;£14.89/kg;Cheese;Cheese Spreads & Snacks;406;24.5;null;null;34.2;null;null;1.6;
252415665;Laughing Cow Light Cheese Triangles 280G;£2.15;£7.68/kg;Cheese;Cheese Spreads & Snacks;147;15;null;null;7;null;null;1.5;
274219518;Tesco Full Fat Mature Singles 200G;£1.00;£5.00/kg;Cheese;Cheese Spreads & Snacks;268;14.9;null;7.5;18.0;10.9;0;2.0;
285140426;Dairylea Triangles 125G;£1.25;£10.00/kg;Cheese;Cheese Spreads & Snacks;1025kJ/ 160kJ/;13.5;null;null;18.0;null;0;1.50;
285140372;Dairylea Regular Triangles 250G;£2.00;£8.00/kg;Cheese;Cheese Spreads & Snacks;1025kJ/ 160kJ/;13.5;null;null;18.0;null;0;1.50;
263277540;Tesco Lighter Cheese Singles 200G;£1.00;£5.00/kg;Cheese;Cheese Spreads & Snacks;169;15.0;null;6.1;7.6;4.6;0;2.0;
254266371;Tesco 10 Cheese Singles 200G;£1.00;£5.00/kg;Cheese;Cheese Spreads & Snacks;248;12.0;null;8.9;16.5;9.8;0;2.0;
274218698;Cathedral City Selections Variety 168G;£2.50;£14.89/kg;Cheese;Cheese Spreads & Snacks;416;25.4;null;null;34.9;null;null;1.8;
257528950;Laughing Cow Light Cheese Triangles 140G;£1.35;£9.65/kg;Cheese;Cheese Spreads & Snacks;null;15;null;null;7;null;null;1.5;
273150467;Tesco Everyday Value Singles 255G;£0.90;£3.53/kg;Cheese;Cheese Spreads & Snacks;278;12.0;null;3.7;22.0;10.9;0.6;2.0;
282111262;Laughing Cow Light Blue Triangles 256G;£2.15;£8.40/kg;Cheese;Cheese Spreads & Snacks;null;12;null;null;9;null;null;2;
274438466;The Laughing Cow Light Blue Triangles 128G;£1.35;£10.55/kg;Cheese;Cheese Spreads & Snacks;153 ;12;null;null;9;null;null;2;
279753194;Low Low Cheese Caramelised Pack Onion Snack65g;£1.00;£15.39/kg;Cheese;Cheese Spreads & Snacks;null;15.4;null;null;9.3;null;2.7;null;
253780811;Mini Babybel Light Cheese 120G Pack;£1.85;£15.42/kg;Cheese;Cheese Spreads & Snacks;870 kJ 174 kJ;25;null;null;12;null;null;1.8;
264186605;Marmite Bites 100G (5X20g);£1.30;£13.00/kg;Cheese;Cheese Spreads & Snacks;405;24.4;null;null;33.6;null;trace;null;
268959476;Mini Babybel Gouda 120G;£1.85;£15.42/kg;Cheese;Cheese Spreads & Snacks;null;null;null;null;null;null;null;null;
271894908;Tesco Free From Garlic And Herb Spread 255G;£2.25;£0.88/100g;Cheese;Cheese Spreads & Snacks;286;6.0;null;1.0;28.0;23.4;2.3;1.2;
255735707;Mini Babybel Cheddar 120G;£1.85;£15.42/kg;Cheese;Cheese Spreads & Snacks;1540 kJ 308 kJ;23;null;null;31;null;null;1.8;
260468970;Mini Babybel Light 240G 12 Pack >>;£2.74;£11.42/kg;Cheese;Cheese Spreads & Snacks;870 kJ 174 kJ;25;null;null;12;null;null;1.8;
271881503;Tesco Free From Cheddar Style Spread 255G;£2.25;£0.88/100g;Cheese;Cheese Spreads & Snacks;260;7.9;null;1.0;23.1;19.9;0.6;1.9;
282149669;Tesco Caramalised Onion Cheese Dippers 100G;£1.25;£12.50/kg;Cheese;Cheese Spreads & Snacks;null;null;null;null;null;null;null;null;
282060675;Pilgrims Choice Pick 'N' Mix Indian Spice 80G;£1.50;£18.75/kg;Cheese;Cheese Spreads & Snacks;385;24.1;null;null;30.7;null;0.6;null;
252971063;Mini Babybel 240G 12 Pack >>;£2.74;£11.42/kg;Cheese;Cheese Spreads & Snacks;1270 kJ 254 kJ;22.5;null;null;24;null;null;1.8;
282060715;Pilgrims Choice Pick 'N' Mix Firecracker 80G;£1.50;£18.75/kg;Cheese;Cheese Spreads & Snacks;379;23.3;null;null;30.8;null;0.5;null;
271880913;Tesco Free From Soya Medium 227G;£2.25;£0.99/100g;Cheese;Cheese Spreads & Snacks;287;6.5;null;0;19.2;16.4;3.3;3.3;
272384186;Mini Babybel Goat's Cheese 120G;£1.85;£15.42/kg;Cheese;Cheese Spreads & Snacks;1320 kJ 264 kJ;21;null;null;26;null;null;1.6;
271881699;Tesco Free From Original Style Spread 255G;£2.25;£0.88/100g;Cheese;Cheese Spreads & Snacks;286;6.0;null;1.1;28.0;23.0;2.2;1.2;
253780736;Mini Babybel Full Fat Soft Cheese 120G Pack;£1.85;£15.42/kg;Cheese;Cheese Spreads & Snacks;1270 kJ 254 kJ;22.5;null;null;24;null;null;1.8;
279752016;Low Low Snack Pack Red Pepper 65G;£1.00;£15.39/kg;Cheese;Cheese Spreads & Snacks;null;14.4;null;null;10.8;null;3.3;null;
282107760;Tesco Mozzarella Processed Cheese Slices 160G;£1.10;£6.88/kg;Cheese;Cheese Spreads & Snacks;258;15.9;null;5.3;18.4;12.6;0;3.1;
286979383;Boursin Shallot And Chive 150G;£1.17;£7.80/kg;Cheese;Cheese Spreads & Snacks;null;8,5;null;null;40;null;null;1,3;
278131488;Lake District Quark Natural 250G;£1.25;£5.00/kg;Cheese;Cottage & Soft Cheese;270kJ;11.6;null;null;0.4;null;null;0.10;
280199791;Tesco Healthy Living 0% Fat Cottage Cheese 300G;£1.20;£4.00/kg;Cheese;Cottage & Soft Cheese;64;10.1;null;4.7;0.2;0.2;0.5;0.5;
285249362;Tesco Healthy Living 0% Fat Cottage Cheese 600G;£1.90;£3.17/kg;Cheese;Cottage & Soft Cheese;64;10.1;null;4.7;0.2;0.2;0.5;0.5;
285863550;Philadelphia Duo Cremoso Vine Tomatoes 150G;£1.10;£7.34/kg;Cheese;Cottage & Soft Cheese;1155 kJ 347 kJ -;5.2;null;null;27.0;null;1.0;1.00;
276865567;Tesco Healthy Living Black Pepper Cottage Cheese 150G;£1.00;£6.67/kg;Cheese;Cottage & Soft Cheese;71;10.0;null;3.0;1.5;1.0;0.7;0.6;
263278815;Tesco Healthy Living Natural Cottage Cheese 300G;£1.20;£4.00/kg;Cheese;Cottage & Soft Cheese;73;10.8;null;3.7;1.3;0.8;0;0.5;
280136244;Tesco Healthy Living Cottage Cheese with Cucumber & Mint 150g;£1.00;£6.67/kg;Cheese;Cottage & Soft Cheese;68;9.5;null;4.7;1.2;0.8;0.4;0.6;
272315937;Philadelphia Cadbury Chocolate Light 160G;£1.90;£11.88/kg;Cheese;Cottage & Soft Cheese;1190 kJ 357 kJ;6.1;null;null;13.0;null;1.8;0.53;
285173410;Tesco Quark Fat Free Soft Cheese 250G;£0.90;£3.60/kg;Cheese;Cottage & Soft Cheese;68;12.5;null;3.8;0.3;0.2;0;0.1;
263278654;Tesco Healthy Living Pineapple Cottage Cheese 300G;£1.20;£4.00/kg;Cheese;Cottage & Soft Cheese;93;8.9;null;8.0;1.2;0.8;0;0.5;
285863636;Philadelphia Duo Cremoso Cracked Peppercorns 150G;£1.10;£7.34/kg;Cheese;Cottage & Soft Cheese;1160kJ 348kJ -;5.3;null;null;27.0;null;1.1;1.0;
267332077;Tesco Healthy Living Cottage Cheese Natural 600G;£1.90;£3.17/kg;Cheese;Cottage & Soft Cheese;73;10.8;null;3.7;1.3;0.8;0;0.5;
261765674;Tesco Light And Smooth Soft Cheese 250G Tub;£0.80;£3.20/kg;Cheese;Cottage & Soft Cheese;162;11.0;null;2.5;11.0;7.3;0;0.6;
274436278;Tesco Natural Cottage Cheese 6% Fat 600G;£1.90;£3.17/kg;Cheese;Cottage & Soft Cheese;110;9.2;null;2.3;6.1;3.7;0;0.6;
264562500;Tesco Everyday Value Natural Cottage Cheese 300G;£0.64;£2.14/kg;Cheese;Cottage & Soft Cheese;63;9.5;null;3.5;0.5;0.4;0;0.6;
285863509;Philadelphia Duo Cremoso Garlic And Fine Herbs 150G;£1.10;£7.34/kg;Cheese;Cottage & Soft Cheese;1145 kJ 344 kJ -;5.2;null;null;26.5;null;1.0;1.15;
263278809;Tesco Healthy Living Onion And Chive Cottage Cheese 300G;£1.20;£4.00/kg;Cheese;Cottage & Soft Cheese;75;10.0;null;3.9;1.6;1.1;0.5;0.6;
274436192;Tesco Healthy Living Sweet Chilli Cottage Cheese 300G;£1.20;£4.00/kg;Cheese;Cottage & Soft Cheese;81;10.3;null;5.3;1.5;1.0;0.5;0.6;
278148198;Lake District Quark Vanilla 250G;£1.25;£5.00/kg;Cheese;Cottage & Soft Cheese;409kJ;8.9;null;null;0.4;null;null;0.10;
276700792;Philadelphia Cadbury Snack 3 X 50G;£2.00;£13.34/kg;Cheese;Cottage & Soft Cheese;1425 kJ 713 kJ 8400 kJ/;6.3;null;null;14.5;null;3.3;0.75;
285141120;Philadelphia Light Garlic And Herb 270G;£2.40;£8.89/kg;Cheese;Cottage & Soft Cheese;620 kJ 186 kJ;7.3;null;null;10.5;null;0.5;1.15;
285140743;Philadelphia Light 180G;£1.85;£10.28/kg;Cheese;Cottage & Soft Cheese;632 kJ 189 kJ;7.4;null;null;11;null;0.5;0.80;
255721257;Philadelphia Light Mini Tub 140G (4X35g);£1.90;£13.58/kg;Cheese;Cottage & Soft Cheese;152;7.4;null;null;11.0;null;0.5;0.80;
285141022;Philadelphia Light Garlic And Herb 170G;£1.85;£10.89/kg;Cheese;Cottage & Soft Cheese;620 kJ 186 kJ;7.3;null;null;10.5;null;0.5;1.15;
276877604;Philadelphia Simply Stir Mushroom 200G;£2.00;£10.00/kg;Cheese;Cottage & Soft Cheese;567kJ 340kJ;2.3;null;null;12.5;null;0.3;null;
276877564;Philadelphia Simply Stir Garlic And Herb 200G;£2.00;£10.00/kg;Cheese;Cottage & Soft Cheese;559 kJ 336 kJ 8400 kJ/;2.5;null;null;12.0;null;0.4;1.15;
285140772;Philadelphia Light 280G;£2.40;£8.58/kg;Cheese;Cottage & Soft Cheese;632 kJ 189 kJ;7.4;null;null;11.0;null;0.5;0.80;
285141229;Philadelphia Light Salmon And Dill 170G;£1.85;£10.89/kg;Cheese;Cottage & Soft Cheese;590 kJ 177 kJ;7.3;null;null;10;null;0.5;1.23;
285141546;Philadelphia Light Sweet Chilli 270G;£2.40;£8.89/kg;Cheese;Cottage & Soft Cheese;621 kJ 186 kJ;6.8;null;null;10;null;0.5;0.78;
285141955;Philadelphia Lightest 180G;£1.85;£10.28/kg;Cheese;Cottage & Soft Cheese;336 kJ 101 kJ;11.0;null;null;2.5;null;0.4;0.80;
285863671;Philadelphia Mediterranean Tomato 170G;£1.90;£11.18/kg;Cheese;Cottage & Soft Cheese;604 kJ 181 kJ;6.7;null;null;10.0;null;0.8;1.15;
285141419;Philadelphia Light Sweet Chilli 170G;£1.85;£10.89/kg;Cheese;Cottage & Soft Cheese;621 kJ 186 kJ;6.8;null;null;10;null;0.5;0.78;
285141264;Philadelphia Light Spring Onion And Black Pepper 170G;£1.85;£10.89/kg;Cheese;Cottage & Soft Cheese;580 kJ 174 kJ;6.7;null;null;9.8;null;0.5;1.3;
282100030;Philadelphia Simply Stir Pepppercorn 200G;£2.00;£10.00/kg;Cheese;Cottage & Soft Cheese;576 kJ 346 kJ 8400 kJ/;2.4;null;null;12.0;null;0.2;1.2;
285142050;Philadelphia Original 280G;£2.40;£8.58/kg;Cheese;Cottage & Soft Cheese;964 kJ 289 kJ;5.5;null;null;21.5;null;0.2;0.75;
285863786;Philadelphia Smoked Ham 170G;£1.90;£11.18/kg;Cheese;Cottage & Soft Cheese;594 kJ 178 kJ;7.4;null;null;9.7;null;0.4;1.38;
285140904;Philadelphia Light Chives 270G;£2.40;£8.89/kg;Cheese;Cottage & Soft Cheese;626 kJ 188 kJ;7.4;null;null;11;null;0.6;1.25;
285142009;Philadelphia Original 180G;£1.85;£10.28/kg;Cheese;Cottage & Soft Cheese;964 kJ 289 kJ;5.5;null;null;21.5;null;0.2;0.75;
285140864;Philadelphia Light Chives 170G;£1.85;£10.89/kg;Cheese;Cottage & Soft Cheese;626kJ 188kJ;7.4;null;null;11;null;0.6;1.25;
276867876;Philadelphia Lightest 4 X 35G;£1.90;£13.58/kg;Cheese;Cottage & Soft Cheese;80;11.0;null;null;2.5;null;0.4;0.80;
282149462;Tesco Light Soft Cheese Pineapple 250G;£0.80;£3.20/kg;Cheese;Cottage & Soft Cheese;173;8.5;null;9.0;11.0;7.0;0.3;0.6;
263761485;Tesco Everyday Value Soft Cheese 200G;£0.49;£2.45/kg;Cheese;Cottage & Soft Cheese;215;4.0;null;4.4;20.0;13.6;0.7;0.6;
282149341;Tesco Light Soft Cheese Pesto 250G;£0.80;£3.20/kg;Cheese;Cottage & Soft Cheese;168;9.2;null;3.1;13.0;8.1;0.2;0.6;
285174639;Tesco Plain Whipped Soft Cheese 150G;£1.10;£7.34/kg;Cheese;Cottage & Soft Cheese;252;4.5;null;3.0;24.5;15.6;0;0.6;
268810472;Tesco Sweet Chilli Soft Cheese 250G;£0.80;£3.20/kg;Cheese;Cottage & Soft Cheese;166;8.9;null;7.2;11.0;7.1;0.1;0.6;
285173491;Tesco Quark Fat Free Soft Cheese 500G;£1.60;£3.20/kg;Cheese;Cottage & Soft Cheese;null;null;null;null;null;null;null;null;
261765052;Tesco Full Fat Soft Cheese 250G Tub;£0.80;£3.20/kg;Cheese;Cottage & Soft Cheese;240;5.5;null;2.4;23.0;15.7;0;0.6;
263277956;Tesco Healthy Living Extra Light Soft Cheese 250G;£0.80;£3.20/kg;Cheese;Cottage & Soft Cheese;113;13.2;null;5.6;4.0;2.2;0;0.6;
276865728;Tesco Soft Cheese Garlic And Herb 250G;£0.80;£3.20/kg;Cheese;Cottage & Soft Cheese;166;11.0;null;2.5;11.1;7.4;0;0.5;
264156837;Tesco Finest British Extra Mature Handmade Red Leicester 250G;£3.00;£12.00/kg;Cheese;Regional Cheese;421;23.6;null;0;35.8;23.9;0;2.0;
264157669;Tesco Finest British Handmade Wensleydale 250G;£3.00;£12.00/kg;Cheese;Regional Cheese;390;21.8;null;1.9;32.8;20.7;0;1.2;
262143166;Tesco Finest Wensleydale C/Bry&Bl/Bry175g;£2.30;£13.15/kg;Cheese;Regional Cheese;359;17.9;null;13.3;24.8;12.3;2.1;1.0;
264152657;T Double Gloucester Onion And Chives 140G;£2.00;£14.29/kg;Cheese;Regional Cheese;389;23.1;null;0.5;32.1;22.2;2.6;1.6;
281787646;Tesco Cheshire Cheese 200G;£1.50;£7.50/kg;Cheese;Regional Cheese;381;23.7;null;0.1;31.8;21.1;0;1.3;
278906534;Tesco Finest Tasty Lancashire Cheddar 250G;£3.00;£12.00/kg;Cheese;Regional Cheese;389;23.2;null;0.1;32.9;21.5;0;1.8;
260636921;Tesco Everyday Value Double Gloucester Portions;£2.59;£5.75/kg;Cheese;Regional Cheese;411;24.9;null;0.1;34.5;21.6;0;1.7;
281814926;Tesco Red Leicester 400G;£3.00;£7.50/kg;Cheese;Regional Cheese;411;24.9;null;0.1;34.5;21.6;0;1.7;
281787986;Tesco Double Gloucester Cheese 200G;£1.50;£7.50/kg;Cheese;Regional Cheese;411;24.9;null;0.1;34.5;21.6;0;1.7;
281787387;Tesco Wensleydale Cheese 200G;£1.50;£7.50/kg;Cheese;Regional Cheese;381;23.7;null;0.1;31.8;21.1;0;1.3;
281788121;Tesco Red Leicester Cheese 200G;£1.50;£7.50/kg;Cheese;Regional Cheese;411;24.9;null;0.1;34.5;21.6;0;1.7;
281787462;Tesco Lancashire Cheese 200G;£1.50;£7.50/kg;Cheese;Regional Cheese;381;23.7;null;0.1;31.8;21.1;0;1.3;
264157560;Tesco Finest British Extra Mature Handmade Double Gloucester 250G;£3.00;£12.00/kg;Cheese;Regional Cheese;409;22.5;null;1.6;34.7;22.6;0;1.7;
266498360;Tesco Lighter Medium Grated Cheese 250G;£2.00;£8.00/kg;Cheese;Sliced & Grated Cheese;324;27.6;null;0.2;22.7;14.8;0;1.6;
262175875;Tesco Gouda Slices 250G;£2.00;£8.00/kg;Cheese;Sliced & Grated Cheese;362;23.0;null;0.1;30.0;21.0;0;2.0;
262175800;Tesco Edam Slices 250G;£2.00;£8.00/kg;Cheese;Sliced & Grated Cheese;313;25.0;null;0.1;23.6;16.4;0;2.0;
264641188;Tesco Lighter Mature Grated Lighter 250G;£2.00;£8.00/kg;Cheese;Sliced & Grated Cheese;324;27.6;null;0.2;22.7;14.8;0;1.6;
260637004;Tesco Everyday Value Mild Cheddar Slices 240G;£1.31;£5.46/kg;Cheese;Sliced & Grated Cheese;416;25.4;null;0.1;34.9;21.7;0;1.8;
273939566;Leerdammer Slices 160G;£1.70;£10.63/kg;Cheese;Sliced & Grated Cheese;356 ;27;null;null;27.5;null;null;1.5;
264156296;Tesco British Mild 10 Cheddar Slices 250G;£2.00;£8.00/kg;Cheese;Sliced & Grated Cheese;416;25.4;null;0.1;34.9;21.7;0;1.8;
272621563;Cathedral City Thick Sliced 200G;£2.75;£13.75/kg;Cheese;Sliced & Grated Cheese;416;25.4;null;null;34.9;null;null;1.8;
282072914;Anchor Mature Slices 160G;£2.00;£12.50/kg;Cheese;Sliced & Grated Cheese;390;25.5;0.1;null;32.0;null;null;1.80;
266659527;Mexicana Slices 160G;£1.75;£10.94/kg;Cheese;Sliced & Grated Cheese;396;23.7;4.7;null;null;null;null;2.0;
264156434;Tesco British Extra Mature Cheddar Slices 250G;£2.00;£8.00/kg;Cheese;Sliced & Grated Cheese;416;25.4;null;0.1;34.9;21.7;0;1.8;
264156267;Tesco British 10 Medium Cheddar Slices 250G;£2.00;£8.00/kg;Cheese;Sliced & Grated Cheese;416;25.4;null;0.1;34.9;21.7;0;1.8;
277599650;Leerdammer Toastie 150G;£1.90;£12.67/kg;Cheese;Sliced & Grated Cheese;352 ;21.5;null;null;29.5;null;null;1.6;
264156169;Tesco British Mature 10 Cheddar Slices 250G;£2.00;£8.00/kg;Cheese;Sliced & Grated Cheese;416;25.4;null;0.1;34.9;21.7;0;1.8;
259481468;Creamfields Dutch Gouda Slices 250G;£1.30;£5.20/kg;Cheese;Sliced & Grated Cheese;357;24.0;null;0.1;29.0;20.0;0;1.8;
250585402;Port Salut Slices 120G;£2.00;£16.67/kg;Cheese;Sliced & Grated Cheese;338 ;21,5;null;null;28;null;null;1,9;
264785714;Low Low Mature Cheese Slice 160G;£1.50;£9.38/kg;Cheese;Sliced & Grated Cheese;302;26;null;null;22;null;0;null;
264156405;Tesco 10 Red Leicester Slices 250G;£2.00;£8.00/kg;Cheese;Sliced & Grated Cheese;411;24.9;null;0.1;34.5;21.6;0;1.7;
277969011;Cathedral City Matured Sliced 150G;£1.95;£13.00/kg;Cheese;Sliced & Grated Cheese;416;25.4;null;null;34.9;null;null;1.8;
273939900;Leerdammer Light Slices 160G;£1.70;£10.63/kg;Cheese;Sliced & Grated Cheese;271 ;29.5;null;null;17;null;null;1.6;
257369930;Tesco Havarti Cheese Slices 200G;£1.90;£9.50/kg;Cheese;Sliced & Grated Cheese;336;24.0;null;0;26.0;16.6;0;1.5;
256344327;Tesco British Extra Mature Grated Cheddar 250G;£2.00;£8.00/kg;Cheese;Sliced & Grated Cheese;416;24.9;null;0.1;34.2;21.3;0;1.8;
277968542;Cathedral City Lighter Grated 180G;£2.40;£13.34/kg;Cheese;Sliced & Grated Cheese;313;28.2;null;null;21.5;null;null;1.8;
256619049;Castelli Dry Grated Cheese 250G;£2.75;£11.00/kg;Cheese;Sliced & Grated Cheese;491 ;43,9;null;null;34,0;null;null;3,45;
253704206;Tesco British Mature Grated Cheddar 250G;£2.00;£8.00/kg;Cheese;Sliced & Grated Cheese;416;24.9;null;0.1;34.2;21.3;0;1.8;
266602140;T Lighter Extra Mature Grated Cheese 250G;£2.00;£8.00/kg;Cheese;Sliced & Grated Cheese;324;27.6;null;0.2;22.7;14.8;0;1.6;
264242770;Tesco Lighter Mat 10 Cheese Slices 250G;£2.00;£8.00/kg;Cheese;Sliced & Grated Cheese;273;32.7;null;0.1;15.8;9.9;0;1.7;
282362865;Tesco Mozzarella Sliced 150G;£1.50;£10.00/kg;Cheese;Sliced & Grated Cheese;312;24.7;null;0.4;22.1;13.6;0.9;1.8;
282073343;Anchor Grated 200G;£2.00;£10.00/kg;Cheese;Sliced & Grated Cheese;389;25.5;1.7;null;31.4;null;null;1.80;
274545431;Low Low Grated 160G;£1.50;£9.38/kg;Cheese;Sliced & Grated Cheese;1242kJ 249kJ;20.8;null;null;23.0;null;0;null;
279317763;Lo-Col Cheese Alternative 195G;£2.29;£11.75/kg;Cheese;Sliced & Grated Cheese;400;22.5;1;null;34;null;0;null;
282107760;Tesco Mozzarella Processed Cheese Slices 160G;£1.10;£6.88/kg;Cheese;Sliced & Grated Cheese;258;15.9;null;5.3;18.4;12.6;0;3.1;
255552917;Tine Jarlsberg Slices 160G;£1.75;£10.94/kg;Cheese;Sliced & Grated Cheese;null;27;0;null;27;null;null;1.2;
282316760;Tesco Halloumi Burger Slices 200G;£2.50;£12.50/kg;Cheese;Sliced & Grated Cheese;344;23.5;null;1.0;26.6;18.0;1.4;2.3;
277968904;Cathedral City Mature Grated 320G;£4.25;£13.29/kg;Cheese;Sliced & Grated Cheese;416;25.3;null;null;34.7;null;null;2;
277968663;Cathedral City Grated Mature Cheddar 180G;£2.40;£13.34/kg;Cheese;Sliced & Grated Cheese;414;24.9;null;null;34.2;null;null;1.8;
277409957;Tesco Scotch Bonnet Slices 140G;£1.75;£12.50/kg;Cheese;Sliced & Grated Cheese;394;20.3;null;4.2;32.2;19.2;1.7;1.2;
280676520;Pilgrims Choice Mature Grated Cheddar 300G;£4.00;£13.34/kg;Cheese;Sliced & Grated Cheese;null;24.9;2.1;null;34.2;null;null;1.8;
258904699;Tesco Smoked Cheese Slices 180G;£1.90;£10.56/kg;Cheese;Sliced & Grated Cheese;335;21.0;null;2.0;27.0;18.6;0;1.9;
273027504;Castelli Pecorino Romano Fresh Grated 50G;£1.00;£20.00/kg;Cheese;Sliced & Grated Cheese;1619 kj -;26,8;null;null;31;null;null;5,02;
253704097;Tesco British Medium Grated Cheddar 250G;£2.00;£8.00/kg;Cheese;Sliced & Grated Cheese;416;24.9;null;0.1;34.2;21.3;0;1.8;
266885345;Tesco Grated Mozzarella And Cheddar 500G;£3.50;£7.00/kg;Cheese;Sliced & Grated Cheese;323;22.5;null;0.1;25.0;15.6;0;null;
253704264;Tesco Half Fat Mature Cheese 250G;£2.00;£8.00/kg;Cheese;Sliced & Grated Cheese;276;32.0;null;0.1;15.5;9.7;0;1.7;
264152726;Tesco Grated Mozzarella 500G;£3.50;£7.00/kg;Cheese;Sliced & Grated Cheese;285;21.6;null;0.1;21.1;13.2;0;1.5;
253704379;Tesco British Medium Grated Cheddar 500G;£3.50;£7.00/kg;Cheese;Sliced & Grated Cheese;416;24.9;null;0.1;34.2;21.3;0;1.8;
257480267;Tesco Mozzarella Grated 250G;£2.00;£8.00/kg;Cheese;Sliced & Grated Cheese;285;21.6;null;0.1;21.1;13.2;0;1.5;
282446444;Tesco Grated Cheese And Onion 200G;£2.00;£10.00/kg;Cheese;Sliced & Grated Cheese;407;21.8;null;1.2;32.9;20.2;0.6;1.8;
274213006;Tesco Four Cheese Grated 200G;£2.00;£10.00/kg;Cheese;Sliced & Grated Cheese;388;24.9;null;0.1;31.2;19.5;0;1.5;
264250011;Tesco Everyday Value Grated Cheddar 500G;£2.50;£5.00/kg;Cheese;Sliced & Grated Cheese;416;24.9;null;0.1;34.2;21.7;0;1.8;
253704327;Tesco Grated Red Leicester Cheese 250G;£2.00;£8.00/kg;Cheese;Sliced & Grated Cheese;410;24.4;null;0.1;33.8;21.2;0;1.7;
272650758;Tesco Grated Chilli Cheese 200G;£2.00;£10.00/kg;Cheese;Sliced & Grated Cheese;352;25.5;null;0.1;27.2;17.9;0;1.6;
257480503;Tesco Mozzarella And Cheddar Grated 200G;£2.00;£10.00/kg;Cheese;Sliced & Grated Cheese;323;22.5;null;0.1;25.0;15.6;0;null;
257532057;Tesco British Mature Grated Cheddar 500G;£3.50;£7.00/kg;Cheese;Sliced & Grated Cheese;416;24.9;null;0.1;34.2;21.3;0;1.8;
264886952;Tesco British Mild Grated Cheddar 250G;£2.00;£8.00/kg;Cheese;Sliced & Grated Cheese;416;24.9;null;0.1;34.2;21.3;0;1.8;
262979759;Castello Blue 150G;£1.50;£10.00/kg;Cheese;Speciality & Continental Cheese;null;null;null;null;null;null;null;1.6;
262143166;Tesco Finest Wensleydale C/Bry&Bl/Bry175g;£2.30;£13.15/kg;Cheese;Speciality & Continental Cheese;359;17.9;null;13.3;24.8;12.3;2.1;1.0;
251722896;Castello Danish Blue Extra Creamy 125G;£1.00;£8.00/kg;Cheese;Speciality & Continental Cheese;400 ;17;null;null;37;null;null;3.2;
259481453;Creamfields Emmental Slices 250G;£1.30;£5.20/kg;Cheese;Speciality & Continental Cheese;373;28.0;null;0.1;29.0;19.0;0;1.3;
250745191;Tesco Danish Blue 150G;£1.50;£10.00/kg;Cheese;Speciality & Continental Cheese;341;20.2;null;0.7;28.6;18.2;0;3.8;
285354559;Tesco Try Me Blue Stilton 125G;£1.50;£12.00/kg;Cheese;Speciality & Continental Cheese;410;23.7;null;0.1;35.0;23.0;0;2.0;
261535054;Tesco British Blue Stilton 220G;£1.85;£8.41/kg;Cheese;Speciality & Continental Cheese;410;23.7;null;0.1;35.0;23.0;0;2.0;
274233558;Jarlsberg Cheese Cheese 190G;£2.00;£10.53/kg;Cheese;Speciality & Continental Cheese;null;null;null;null;null;null;null;null;
276929124;Tesco Blue Shropshire 220G;£2.15;£9.78/kg;Cheese;Speciality & Continental Cheese;410;23.7;null;0.1;35.0;23.0;0;2.0;
282316760;Tesco Halloumi Burger Slices 200G;£2.50;£12.50/kg;Cheese;Speciality & Continental Cheese;344;23.5;null;1.0;26.6;18.0;1.4;2.3;
259481447;Creamfields Dutch Edam Slices 250G;£1.30;£5.20/kg;Cheese;Speciality & Continental Cheese;307;25.0;null;0.1;23.0;15.9;0;1.8;
261543021;Tescofinest Long Clawson Mature Stilton 215G;£2.50;£11.63/kg;Cheese;Speciality & Continental Cheese;410;23.7;null;0.1;35.0;23.0;0;2.0;
260608828;Tesco Cambozola Blue Brie 175G;£2.10;£12.00/kg;Cheese;Speciality & Continental Cheese;426;13.5;null;0.5;41.1;27.0;0;1.7;
252965693;Galbani Dolcelatte 150G;£2.15;£14.34/kg;Cheese;Speciality & Continental Cheese;null;null;null;null;null;null;null;null;
277465578;Tesco Roquefort 100G;£1.80;£18.00/kg;Cheese;Speciality & Continental Cheese;372;21.0;null;0;32.0;20.0;0;3.6;
265762694;Leerdammer Wedge 225G;£2.15;£9.56/kg;Cheese;Speciality & Continental Cheese;356 ;27;null;null;27.5;null;null;1.5;
285512612;Tesco Everyday Value Blue Cheese 100G;£0.72;£7.20/kg;Cheese;Speciality & Continental Cheese;340;21.0;null;0.5;28.0;20.0;0;2.6;
252890607;St Agur Blue Veined Cheese 150G;£2.25;£15.00/kg;Cheese;Speciality & Continental Cheese;1493 kJ/ 448 kJ/;16.0;null;null;33.0;null;null;2.2;
253201997;Creme De St Agur 150G;£1.50;£10.00/kg;Cheese;Speciality & Continental Cheese;1185 kJ/ 355 kJ;13.0;null;null;25.0;null;null;1.5;
264284184;Tesco Creamy Gorgonzola 125G;£1.00;£8.00/kg;Cheese;Speciality & Continental Cheese;306;18.7;null;0;25.7;18.7;0;2.5;
282362905;Tesco Bavarian Smoked Cheese 150G;£1.50;£10.00/kg;Cheese;Speciality & Continental Cheese;335;21.0;null;2.0;27.0;18.6;0;1.9;
260655190;Tesco Finest Cave Aged Swiss Emmental 195G;£2.20;£11.29/kg;Cheese;Speciality & Continental Cheese;404;29.0;null;0;32.0;20.5;0;0.5;
277081058;Tesco Finest Queso De Romaro Cheese 175G;£3.00;£17.15/kg;Cheese;Speciality & Continental Cheese;443;23.8;null;0.2;37.4;24.8;0;1.5;
258005559;Tesco Austrian Smoked Processed Cheese 125G;£1.00;£8.00/kg;Cheese;Speciality & Continental Cheese;295;17.0;null;0.5;25.0;16.0;0;3.0;
264728841;Tesco Finest Fresh Grated Parmesan 60G;£1.75;£29.17/kg;Cheese;Speciality & Continental Cheese;392;33.0;null;0;28.4;18.7;0;1.6;
262174830;Tesco Dutch Gouda 265G;£2.20;£8.31/kg;Cheese;Speciality & Continental Cheese;362;23.0;null;0.1;30.0;20.0;0;2.1;
279819514;Tesco Finest Barrel Aged Feta 150G;£1.85;£12.34/kg;Cheese;Speciality & Continental Cheese;281;15.8;null;1.7;23.5;15.1;0;2.5;
257372401;Tesco Finest Ossau Iraty 180G;£3.00;£16.67/kg;Cheese;Speciality & Continental Cheese;402;24.0;null;0.1;34.0;25.1;0;1.6;
276091819;Tesco Everyday Value Italian Style Hard Cheese 200G;£2.30;£11.50/kg;Cheese;Speciality & Continental Cheese;365;29.0;null;0;27.7;18.3;0;1.4;
260810162;Tesco Finest Comte 200G;£3.00;£15.00/kg;Cheese;Speciality & Continental Cheese;417;28.3;null;0.1;33.7;21.4;0;0.8;
275566531;Tesco Edam Wedge Mild 310G;£2.20;£7.10/kg;Cheese;Speciality & Continental Cheese;318;26.0;null;0.1;23.7;15.8;0;2.5;
276772509;Tesco Finest Parmigiano Reggiano Parmesan 170G;£3.00;£17.65/kg;Cheese;Speciality & Continental Cheese;392;33.0;null;0;28.4;18.7;0;1.6;
279835057;Tesco Finest Gouda 180G;£2.75;£13.75/kg;Cheese;Speciality & Continental Cheese;436;28.0;null;0.1;36.0;24.3;0;1.8;
285098516;Tesco Cheddar With Caramelised Onion 200G;£2.00;£10.00/kg;Cheese;Speciality & Continental Cheese;378;20.9;null;1.7;31.6;20.9;1.2;1.8;
260655103;Tesco Finest Reserve Swiss Gruyere 195G;£3.00;£15.39/kg;Cheese;Speciality & Continental Cheese;398;27.5;null;0;32.0;19.4;0;1.5;
279749545;Tesco Finest Farmhouse Cheese Selection;£3.00;£3.00/each;Cheese;Speciality & Continental Cheese;341;20.0;null;0.1;29.0;19.3;0;2.0;
277248375;Tesco Finest Manchego 175G;£2.80;£16.00/kg;Cheese;Speciality & Continental Cheese;454;24.0;null;0.4;39.0;27.7;0.4;2.5;
285098695;Tesco Cheddar With Jalapeno 200G;£2.00;£10.00/kg;Cheese;Speciality & Continental Cheese;394;21.9;null;1.6;32.9;22.0;2.0;1.6;
285354260;Tesco Finest Gorgonzola Piccante 175G;£2.00;£11.43/kg;Cheese;Speciality & Continental Cheese;306;18.7;null;0;25.7;18.7;0;2.5;
282335126;President Emmental 200G;£2.20;£11.00/kg;Cheese;Speciality & Continental Cheese;1530 kJ/;29;null;null;28;null;null;1;
285097955;Tesco Finest Tomme Noir Cheese 180G;£3.00;£16.67/kg;Cheese;Speciality & Continental Cheese;350;20.3;null;0.3;29.3;20.2;0;1.8;
255081368;Tesco Italian Grated Parmesan 100G;£2.00;£20.00/kg;Cheese;Speciality & Continental Cheese;392;33.0;null;0;28.4;18.7;0;1.6;
263085866;Tesco Fresh Grated Grana Padano 150G;£2.25;£15.00/kg;Cheese;Speciality & Continental Cheese;388;33.0;null;0;28.4;17.7;0;1.5;
255081702;Tesco Parmesan Italian Shavings 80G;£1.60;£20.00/kg;Cheese;Speciality & Continental Cheese;392;33.0;null;0;28.4;18.7;0;1.6;
262880420;Tesco Pecorino Romano 170G;£2.50;£14.71/kg;Cheese;Speciality & Continental Cheese;385;22.0;null;0;33.0;20.8;0;4.5;
260663698;Tesco Parmigiano Reggiano 200G;£2.70;£13.50/kg;Cheese;Speciality & Continental Cheese;392;33.0;null;0;28.4;18.7;0;1.6;
264516886;Tesco Lighter Mascarpone 250G;£1.50;£6.00/kg;Cheese;Speciality & Continental Cheese;244;9.5;null;3.0;21.5;14.2;0;0;
285475442;Tesco Smoked German Cheese With Ham 150G;£1.50;£10.00/kg;Cheese;Speciality & Continental Cheese;313;21.0;null;1.0;25.0;17.0;0;2.0;
250065690;Galbani Mozzarella Maxi 250G;£2.15;£8.60/kg;Cheese;Speciality & Continental Cheese;989 kJ;17,0;null;null;18,0;null;null;0,7;
256831091;Tesco Grated Parmesan Cheese 50G;£1.30;£26.00/kg;Cheese;Speciality & Continental Cheese;392;33.0;null;0;28.4;18.7;0;1.6;
276889389;Tesco Parmesan 100G;£1.70;£17.00/kg;Cheese;Speciality & Continental Cheese;392;33.0;null;0;28.4;18.7;0;1.6;
254550063;Tesco Half Fat Italian Mozzarella 125G;£1.00;£8.00/kg;Cheese;Speciality & Continental Cheese;164;20.0;null;0.7;9.0;6.6;0;0.4;
260620968;Tesco Swiss Gruyere 195G;£2.87;£14.72/kg;Cheese;Speciality & Continental Cheese;398;27.5;null;0;32.0;19.4;0;1.5;
258015530;Tesco Mascarpone 250G;£1.50;£6.00/kg;Cheese;Speciality & Continental Cheese;434;6.0;null;3.5;44.0;29.1;0;0;
285727787;Everest Paneer 226G;£1.50;£6.64/kg;Cheese;Speciality & Continental Cheese;null;null;null;null;null;null;null;null;
263980202;Tesco Everyday Value Mozzarella 125G;£0.47;£3.76/kg;Cheese;Speciality & Continental Cheese;245;19.0;null;0.7;18.5;12.2;0;0.4;
282526422;Tesco Maxi Mozzarella Ball 250G;£1.90;£7.60/kg;Cheese;Speciality & Continental Cheese;254;18.0;null;0.6;20.0;13.2;0;0.4;
268328438;Gallbani Mozzarella Ball 125G;£1.35;£10.80/kg;Cheese;Speciality & Continental Cheese;989 kJ;17,0;null;null;18,0;null;null;0,7;
255169542;Tesco Mini Mozzarella Pearls 125G;£1.00;£8.00/kg;Cheese;Speciality & Continental Cheese;227;18.0;null;0.6;17.0;11.2;0;0.4;
262880506;Tesco Grana Padano 200G;£2.50;£12.50/kg;Cheese;Speciality & Continental Cheese;388;33.0;null;0;28.4;17.7;0;1.5;
260650327;Apetina Block 200G;£1.50;£7.50/kg;Cheese;Speciality & Continental Cheese;null;null;null;null;null;null;null;null;
260671607;Tesco Greek Feta 200G;£1.35;£6.75/kg;Cheese;Speciality & Continental Cheese;284;16.4;null;0.1;24.2;15.6;0;2.1;
266347787;Tesco Halloumi With Chilli 225G;£2.20;£9.78/kg;Cheese;Speciality & Continental Cheese;320;22.0;null;1.7;25.0;16.0;0;3.0;
260671636;Tesco Organic Greek Feta 200G;£1.85;£9.25/kg;Cheese;Speciality & Continental Cheese;284;16.4;null;0.1;24.2;15.6;0;2.1;
261712501;Tesco Halloumi 250G;£2.20;£8.80/kg;Cheese;Speciality & Continental Cheese;336;21.2;null;1.0;26.9;19.3;0;2.3;
264252101;Tesco Lighter Greek Salad Cheese 200G;£1.35;£6.75/kg;Cheese;Speciality & Continental Cheese;189;19.9;null;1.0;11.7;7.4;0;1.5;
277248398;Apetina Snack Pack Garlic & Olive 100G;£1.20;£12.00/kg;Cheese;Speciality & Continental Cheese;303 ;13;null;null;27;null;null;2.8;
268314748;Apetina Garlic And Herb 200G;£2.00;£10.00/kg;Cheese;Speciality & Continental Cheese;261 ;15;null;null;22;null;null;3.0;
282319267;Tesco British Hard Goats Cheese 200G;£2.80;£14.00/kg;Cheese;Speciality & Continental Cheese;397;24.8;null;0.1;31.6;19.7;1.5;1.4;
250064408;Tesco Everyday Value Salad Cheese 200G;£0.75;£3.75/kg;Cheese;Speciality & Continental Cheese;266;17.2;null;0.3;21.0;14.7;0;1.9;
252191415;Tesco French Chevre 100G;£1.65;£16.50/kg;Cheese;Speciality & Continental Cheese;297;18.0;null;0.1;25.0;18.0;0;1.5;
255087569;Tesco Mozzarella For Pizza 250G;£1.75;£7.00/kg;Cheese;Speciality & Continental Cheese;235;18.0;null;0.2;18.0;12.6;0;1.5;
264245536;Tesco Halloumi Lighter 225G;£2.20;£9.78/kg;Cheese;Speciality & Continental Cheese;253;24.0;null;0.7;17.0;11.7;0.6;3.8;
260650477;Apetina Cubes 200G;£2.00;£10.00/kg;Cheese;Speciality & Continental Cheese;260 ;15;null;null;22;null;null;3.0;
260651401;Apetina Light 200G;£1.50;£7.50/kg;Cheese;Speciality & Continental Cheese;173 ;18;null;null;10;null;null;2,8;
260489933;St Helen's Farm Goats Cheese 240G;£3.20;£13.34/kg;Cheese;Speciality & Continental Cheese;null;null;null;null;null;null;null;null;
278857608;Tranos Greek Feta 200G;£1.80;£9.00/kg;Cheese;Speciality & Continental Cheese;282;16;null;null;null;null;null;3,0;
257596614;Tesco Ricotta 250G;£1.00;£4.00/kg;Cheese;Speciality & Continental Cheese;135;7.4;null;2.5;10.7;7.5;0;0.3;
258061140;British Goats Cheese 125G;£1.45;£11.60/kg;Cheese;Speciality & Continental Cheese;265;15.2;null;0.9;21.0;13.8;0.7;0.7;
257710313;Tesco Mozzarella 150G;£1.00;£6.67/kg;Cheese;Speciality & Continental Cheese;236;18.0;null;0.6;18.0;12.7;0;0.4;
285312863;Tesco Goats Cheese With Garlic And Chives 125G;£1.45;£11.60/kg;Cheese;Speciality & Continental Cheese;268;15.3;null;1.3;21.1;14.9;1.8;0.6;
252041790;Boursin Full Fat Soft Cheese Pepper 150G;£1.17;£7.80/kg;Cheese;Speciality & Continental Cheese;null;8,5;null;null;40;null;null;1,3;
254881892;President Camembert 250G;£2.05;£8.20/kg;Cheese;Speciality & Continental Cheese;null;null;null;null;null;null;null;null;
262367602;Tesco French Fresh Goats Cheese 150G;£2.00;£13.34/kg;Cheese;Speciality & Continental Cheese;158;9.5;null;3.0;12.0;8.0;0;1.3;
276889130;Tesco Mini Camembert Mild And Creamy 125G;£1.00;£8.00/kg;Cheese;Speciality & Continental Cheese;288;18.5;null;0.1;22.4;14.0;1.8;1.8;
267226216;Boursin Minis 120G;£2.15;£17.92/kg;Cheese;Speciality & Continental Cheese;406 ;7,5;null;null;40;null;null;1,5;
259540384;Le Rustique Pasteurised Camembert 250G;£2.00;£8.00/kg;Cheese;Speciality & Continental Cheese;null;null;null;null;null;null;null;null;
250715394;Pie D'angloys 200G;£2.20;£11.00/kg;Cheese;Speciality & Continental Cheese;330 ;15.5;null;null;29.7;null;null;null;
278191773;Capricorn Somerset Goat Cheese 85G;£1.90;£22.36/kg;Cheese;Speciality & Continental Cheese;null;null;null;null;null;null;null;null;
250692966;Boursin Full Fat Soft Cheese Garlic Herb 150G;£1.17;£7.80/kg;Cheese;Speciality & Continental Cheese;null;8;null;null;40;null;null;1,3;
260794122;Port Salut 185G;£1.50;£8.11/kg;Cheese;Speciality & Continental Cheese;null;21;null;null;27;null;null;1.6;
277409237;Tesco Try Me Cornish Brie 100G;£1.00;£10.00/kg;Cheese;Speciality & Continental Cheese;345;18.4;null;0;29.2;19.3;0;1.2;
286979383;Boursin Shallot And Chive 150G;£1.17;£7.80/kg;Cheese;Speciality & Continental Cheese;null;8,5;null;null;40;null;null;1,3;
254265631;Tesco French Camembert 250G;£1.65;£6.60/kg;Cheese;Speciality & Continental Cheese;284;21.0;null;0.5;22.0;16.4;0;1.7;
257349263;President 60% Foil Brie 200G;£1.80;£9.00/kg;Cheese;Speciality & Continental Cheese;347 ;17;null;null;31;null;null;1.2;
264284397;Tesco Everyday Value French Brie 200G;£1.15;£5.75/kg;Cheese;Speciality & Continental Cheese;364;17.0;null;1.0;32.4;22.0;0;1.3;
259201095;Tesco Ripe And Ready French Brie 190G;£1.50;£7.90/kg;Cheese;Speciality & Continental Cheese;302;20.0;null;0.5;24.4;18.0;0;1.2;
277437710;Tesco Cornish Brie 230G;£2.00;£8.70/kg;Cheese;Speciality & Continental Cheese;345;18.4;null;0;29.2;19.3;0;1.2;
282281678;Tesco Chilli Camembert 120G;£1.00;£8.34/kg;Cheese;Speciality & Continental Cheese;357;17.0;null;0.2;32.0;21.0;0;1.7;
285354536;Tesco Cornish Brie 160G;£1.50;£9.38/kg;Cheese;Speciality & Continental Cheese;352;16.9;null;0.7;30.7;20.7;0.5;1.0;
251888083;Castello Pineapple Halo 125G;£1.00;£8.00/kg;Cheese;Speciality & Continental Cheese;320;8.7;null;null;24;null;null;0.6;
255375931;Boursin Garlic And Herbs 6 Pack 96G;£1.75;£18.23/kg;Cheese;Speciality & Continental Cheese;null;8;null;null;40;null;null;1,3;
282300277;Tesco Roule Minis Garlic 120G;£1.00;£8.34/kg;Cheese;Speciality & Continental Cheese;339;7.5;null;2.3;32.0;22.0;0.7;1.4;
282300104;Tesco Finest Gruyere And White Wine Bake 150G;£4.00;£26.67/kg;Cheese;Speciality & Continental Cheese;323;13.0;null;1.6;27.5;18.2;1.9;0.8;
254490415;Tesco Finest Camembert 250G;£2.35;£9.40/kg;Cheese;Speciality & Continental Cheese;284;21.0;null;0.5;22.0;16.4;0;1.7;
258663021;T Double Gloucester Onion And Chives 200G;£2.00;£10.00/kg;Cheese;Speciality & Continental Cheese;391;22.6;null;0.2;31.0;19.3;1.9;1.5;
264014086;Ilchester Applewood Smoked Cheddar 185G;£1.85;£10.00/kg;Cheese;Speciality & Continental Cheese;410;25;null;null;34.4;null;null;1.8;
273147593;Tesco Finest Murcial Al Vino Cheese 175G;£2.75;£15.72/kg;Cheese;Speciality & Continental Cheese;395;22.3;null;0.5;33.7;20.9;0;1.2;
282526528;Tesco Finest Limited Edition Flavour 175G;£2.50;£14.29/kg;Cheese;Speciality & Continental Cheese;415;22.3;null;1.3;34.8;22.1;2.4;1.5;
260636057;Tesco Finest Chaource 250G;£3.00;£12.00/kg;Cheese;Speciality & Continental Cheese;270;17.0;null;1.0;22.0;15.8;0;2.0;
282318366;Tesco White Stilton Mango And Ginger 200G;£2.00;£10.00/kg;Cheese;Speciality & Continental Cheese;365;13.1;null;19.2;25.0;15.8;2.4;1.1;
258663263;Tesco White Stilton Apricots 200G;£2.00;£10.00/kg;Cheese;Speciality & Continental Cheese;331;15.3;null;7.7;23.4;14.9;2.8;1.5;
278831368;Tesco Finest Cave Aged Goats Cheese 190G;£3.30;£17.37/kg;Cheese;Speciality & Continental Cheese;397;24.8;null;0.1;31.6;19.7;1.5;1.4;
254649419;Tesco Finest 125G Mozzarella Di Bufala Campana;£2.00;£16.00/kg;Cheese;Speciality & Continental Cheese;279;15.0;null;0.8;24.0;17.8;0;0.8;
261621240;Tesco Finest Kedderton Ash Goats Cheese 150G;£2.75;£18.34/kg;Cheese;Speciality & Continental Cheese;337;19.7;null;0.1;28.6;20.7;0;1.5;
268228401;Tesco Finest Halloumi 225G;£2.75;£12.23/kg;Cheese;Speciality & Continental Cheese;337;23.0;null;1.4;26.1;19.0;0;3.0;
276902311;Tesco Scotch Bonnet And Red Peppers Cheese 200G;£2.00;£10.00/kg;Cheese;Speciality & Continental Cheese;394;20.3;null;4.2;32.2;19.2;1.7;1.2;
260810486;Tesco Le Roule Full Fat Garlic And Herb 150G;£0.95;£6.34/kg;Cheese;Speciality & Continental Cheese;302;7.3;null;2.7;28.0;19.0;0.5;1.2;
260083635;Tesco Wensleydale And Cranberries 200G;£2.00;£10.00/kg;Cheese;Speciality & Continental Cheese;386;18.2;null;9.4;30.3;19.6;1.1;1.0;
277159722;Tesco Sliced Halloumi Sweet Chilli195g;£2.75;£14.11/kg;Cheese;Speciality & Continental Cheese;347;17.5;null;6.1;27.1;13.2;0.7;2.6;
279782562;Tesco Finest Wensleydale Cranberry Blueberry Terrine 175G;£2.50;£14.29/kg;Cheese;Speciality & Continental Cheese;370;18.0;null;17.9;24.3;14.3;2.2;1.3;
276889579;Tesco Finest Torta Gorgonzola And Mascarpone 200G;£2.30;£11.50/kg;Cheese;Speciality & Continental Cheese;371;12.3;null;0;35.0;23.1;0;1.3;
278831380;Tesco Finest Pont L'eveque 220G;£2.75;£12.50/kg;Cheese;Speciality & Continental Cheese;284;21.0;null;0.5;22.0;16.4;0;1.7;
279782746;Tesco Finest White Stilton Terrine 175G;£2.50;£14.29/kg;Cheese;Speciality & Continental Cheese;335;12.9;null;9.1;23.6;16.0;1.5;1.5;
262752267;Tesco Classic Cheese Selection 490G;£5.99;£5.99/75cl;Cheese;Cheese Boards & Gifts;null;null;null;null;null;null;null;null;
278215608;Tesco 7 Cheese Selection Pack 590G;£4.00;£6.78/kg;Cheese;Cheese Boards & Gifts;374;18.9;null;9.4;27.6;18.1;2.2;1.0;
264913731;Tesco British Cheese Selection 484G;£2.00;£4.00/kg;Cheese;Cheese Boards & Gifts;415;24.9;null;0.1;34.5;21.6;0;null;
272865654;Tesco Finest Cave Aged Cheddar 190G;£3.00;£15.79/kg;Cheese;Cheese For Entertaining;416;25.4;null;0.1;34.9;21.7;0;1.8;
262143166;Tesco Finest Wensleydale C/Bry&Bl/Bry175g;£2.30;£13.15/kg;Cheese;Cheese For Entertaining;359;17.9;null;13.3;24.8;12.3;2.1;1.0;
264156837;Tesco Finest British Extra Mature Handmade Red Leicester 250G;£3.00;£12.00/kg;Cheese;Cheese For Entertaining;421;23.6;null;0;35.8;23.9;0;2.0;
277248375;Tesco Finest Manchego 175G;£2.80;£16.00/kg;Cheese;Cheese For Entertaining;454;24.0;null;0.4;39.0;27.7;0.4;2.5;
256147668;Tesco Finest Vintage Canadian Cheddar 250G;£3.00;£12.00/kg;Cheese;Cheese For Entertaining;420;25.4;null;0.1;34.9;21.7;0;1.8;
276772509;Tesco Finest Parmigiano Reggiano Parmesan 170G;£3.00;£17.65/kg;Cheese;Cheese For Entertaining;392;33.0;null;0;28.4;18.7;0;1.6;
279819514;Tesco Finest Barrel Aged Feta 150G;£1.85;£12.34/kg;Cheese;Cheese For Entertaining;281;15.8;null;1.7;23.5;15.1;0;2.5;
278906534;Tesco Finest Tasty Lancashire Cheddar 250G;£3.00;£12.00/kg;Cheese;Cheese For Entertaining;389;23.2;null;0.1;32.9;21.5;0;1.8;
264157560;Tesco Finest British Extra Mature Handmade Double Gloucester 250G;£3.00;£12.00/kg;Cheese;Cheese For Entertaining;409;22.5;null;1.6;34.7;22.6;0;1.7;
261543021;Tescofinest Long Clawson Mature Stilton 215G;£2.50;£11.63/kg;Cheese;Cheese For Entertaining;410;23.7;null;0.1;35.0;23.0;0;2.0;
282317079;Tesco 8 Camembert Bites With A Cranberry Dip 216G;£2.00;£0.93/100g;Cheese;Cheese For Entertaining;331;12.4;null;8.6;20.1;9.6;1.6;1.0;
257372401;Tesco Finest Ossau Iraty 180G;£3.00;£16.67/kg;Cheese;Cheese For Entertaining;402;24.0;null;0.1;34.0;25.1;0;1.6;
279749545;Tesco Finest Farmhouse Cheese Selection;£3.00;£3.00/each;Cheese;Cheese For Entertaining;341;20.0;null;0.1;29.0;19.3;0;2.0;
277081058;Tesco Finest Queso De Romaro Cheese 175G;£3.00;£17.15/kg;Cheese;Cheese For Entertaining;443;23.8;null;0.2;37.4;24.8;0;1.5;
260810162;Tesco Finest Comte 200G;£3.00;£15.00/kg;Cheese;Cheese For Entertaining;417;28.3;null;0.1;33.7;21.4;0;0.8;
264728841;Tesco Finest Fresh Grated Parmesan 60G;£1.75;£29.17/kg;Cheese;Cheese For Entertaining;392;33.0;null;0;28.4;18.7;0;1.6;
279835057;Tesco Finest Gouda 180G;£2.75;£13.75/kg;Cheese;Cheese For Entertaining;436;28.0;null;0.1;36.0;24.3;0;1.8;
264157669;Tesco Finest British Handmade Wensleydale 250G;£3.00;£12.00/kg;Cheese;Cheese For Entertaining;390;21.8;null;1.9;32.8;20.7;0;1.2;
260655190;Tesco Finest Cave Aged Swiss Emmental 195G;£2.20;£11.29/kg;Cheese;Cheese For Entertaining;404;29.0;null;0;32.0;20.5;0;0.5;
260655103;Tesco Finest Reserve Swiss Gruyere 195G;£3.00;£15.39/kg;Cheese;Cheese For Entertaining;398;27.5;null;0;32.0;19.4;0;1.5;
282336730;Tesco Hot Cheddar And Chilli Dip 150G;£2.00;£1.34/100g;Cheese;Cheese For Entertaining;null;null;null;null;null;null;null;null;
285512572;Tesco Manchego Bites With Dip 176G;£2.00;£1.14/100g;Cheese;Cheese For Entertaining;279;9.2;null;2.9;16.2;8.0;2.4;1.0;
282333301;Tesco Hot Cheddar Caramelised Onion Dip 150G;£2.00;£1.34/100g;Cheese;Cheese For Entertaining;218;12.9;null;6.7;15.0;9.9;1.7;1.7;
268228401;Tesco Finest Halloumi 225G;£2.75;£12.23/kg;Cheese;Cheese For Entertaining;337;23.0;null;1.4;26.1;19.0;0;3.0;
277144774;Tesco Goats Cheese Chutney Bruschetta 100G;£2.20;£22.00/kg;Cheese;Cheese For Entertaining;319;9.2;null;18.8;13.8;5.8;1.9;1.4;
282336874;Tesco Mini Camembert Baking In Wood 2 X 125G;£2.75;£1.10/100g;Cheese;Cheese For Entertaining;288;18.5;null;0.1;22.4;14.0;1.8;1.8;
278831368;Tesco Finest Cave Aged Goats Cheese 190G;£3.30;£17.37/kg;Cheese;Cheese For Entertaining;397;24.8;null;0.1;31.6;19.7;1.5;1.4;
261621240;Tesco Finest Kedderton Ash Goats Cheese 150G;£2.75;£18.34/kg;Cheese;Cheese For Entertaining;337;19.7;null;0.1;28.6;20.7;0;1.5;
254649419;Tesco Finest 125G Mozzarella Di Bufala Campana;£2.00;£16.00/kg;Cheese;Cheese For Entertaining;279;15.0;null;0.8;24.0;17.8;0;0.8;
277115596;Tesco Baking Camembert Chilli Dressing 300G;£3.00;£10.00/kg;Cheese;Cheese For Entertaining;271;17.4;null;7.6;18.6;12.7;0.5;1.0;
260636057;Tesco Finest Chaource 250G;£3.00;£12.00/kg;Cheese;Cheese For Entertaining;270;17.0;null;1.0;22.0;15.8;0;2.0;
279782746;Tesco Finest White Stilton Terrine 175G;£2.50;£14.29/kg;Cheese;Cheese For Entertaining;335;12.9;null;9.1;23.6;16.0;1.5;1.5;
266448662;Tesco Finest Vintage English Cheddar 250G;£3.00;£12.00/kg;Cheese;Cheese For Entertaining;403;24.7;null;0.1;33.0;20.8;0;1.8;
277159722;Tesco Sliced Halloumi Sweet Chilli195g;£2.75;£14.11/kg;Cheese;Cheese For Entertaining;347;17.5;null;6.1;27.1;13.2;0.7;2.6;
273147593;Tesco Finest Murcial Al Vino Cheese 175G;£2.75;£15.72/kg;Cheese;Cheese For Entertaining;395;22.3;null;0.5;33.7;20.9;0;1.2;
254490415;Tesco Finest Camembert 250G;£2.35;£9.40/kg;Cheese;Cheese For Entertaining;284;21.0;null;0.5;22.0;16.4;0;1.7;
278831380;Tesco Finest Pont L'eveque 220G;£2.75;£12.50/kg;Cheese;Cheese For Entertaining;284;21.0;null;0.5;22.0;16.4;0;1.7;
285363796;Tesco Mozzarella Sticks With Spicy Tomato Dip 200G;£2.00;£1.00/100g;Cheese;Cheese For Entertaining;258;11.1;null;3.0;13.5;5.4;2.6;0.8;
279782562;Tesco Finest Wensleydale Cranberry Blueberry Terrine 175G;£2.50;£14.29/kg;Cheese;Cheese For Entertaining;370;18.0;null;17.9;24.3;14.3;2.2;1.3;
276889579;Tesco Finest Torta Gorgonzola And Mascarpone 200G;£2.30;£11.50/kg;Cheese;Cheese For Entertaining;371;12.3;null;0;35.0;23.1;0;1.3;
263719963;Muller Light Vanilla And Chocolate Yoghurt 165G;£0.68;£0.41/100g;Yoghurt;Yoghurts;228kJ;4.3;null;null;0.5;null;null;0.2;
267338952;Glenilen Strawberry Yoghurt Pot 500G;£1.99;£3.98/kg;Yoghurt;Yoghurts;87;3.2;null;null;2.5;null;null;null;
275076707;Glenilen Mango Passion Fruit Yoghurt 500G;£1.99;£0.40/100g;Yoghurt;Yoghurts;92;3.2;null;null;2.6;null;null;null;
251905035;Tesco Finest Champagne Rhubarb Yoghurt 150G;£0.75;£0.50/100g;Yoghurt;Yoghurts;141;3.4;null;14.1;7.7;5.0;0.7;0.1;
275642268;Tesco Finest Chocolate And Hazlenut Yoghurt 150G;£0.75;£0.50/100g;Yoghurt;Yoghurts;190;3.4;null;17.8;11.3;6.9;0.1;0.1;
251905162;Tesco Finest Raspberry Yoghurt 150G;£0.75;£0.50/100g;Yoghurt;Yoghurts;138;2.9;null;12.4;7.1;4.9;1.4;0.1;
275642487;Tesco Finest Vanilla Yoghurt 150G;£0.75;£0.50/100g;Yoghurt;Yoghurts;145;2.7;null;16.6;7.5;5.0;0;0.1;
272361023;Glenilen Summer Berries Yoghurt Pot 500G;£1.99;£0.40/100g;Yoghurt;Yoghurts;86;3.3;null;null;2.6;null;null;null;
255644398;Tesco Finest Hazelnut Yoghurt 150G;£0.75;£0.50/100g;Yoghurt;Yoghurts;175;3.5;null;15.4;10.3;5.7;0.3;0.1;
251905058;Tesco Finest Lemon Curd Yoghurt 150G;£0.75;£0.50/100g;Yoghurt;Yoghurts;165;3.2;null;16.0;8.9;6.1;0.1;0.1;
283584497;Tesco Finest Raspberry Curd And Rose Yoghurt 150G;£0.75;£0.50/100g;Yoghurt;Yoghurts;168;3.0;null;19.6;8.6;6.1;0.2;0.1;
283584670;Tesco Finest Salted Caramel Yoghurt 150G;£0.75;£0.50/100g;Yoghurt;Yoghurts;156;2.9;null;16.2;8.8;6.2;0;0.3;
285322200;Tesco Finest Limited Ed Chai And Honey 150G;£0.75;£0.50/100g;Yoghurt;Yoghurts;124;2.7;null;13.9;6.4;4.4;0;0.1;
252894154;Tesco Finest Strawberry And Cream Yoghurt 150G;£0.75;£0.50/100g;Yoghurt;Yoghurts;143;3.4;null;14.3;7.7;5.1;0.7;0.1;
267979089;Tesco Finest Raspberry & White Chocolate Yoghurt 150G;£0.75;£0.50/100g;Yoghurt;Yoghurts;157;2.7;null;16.1;8.3;5.7;0.5;0.1;
267338802;Glenilen Raspberry Yoghurt Pot 500G;£1.99;£3.98/kg;Yoghurt;Yoghurts;87;3.3;null;null;2.6;null;null;null;
253076810;Tesco Finest Fudge Yoghurt 150G;£0.75;£0.50/100g;Yoghurt;Yoghurts;180;2.9;null;19.9;8.5;5.3;0.1;0.2;
278834209;Tesco Finest Fig, Butterscotch And Cinnamon Yoghurt 150G;£0.75;£0.50/100g;Yoghurt;Yoghurts;170;2.9;null;20.6;8.1;5.4;0.2;0.1;
278839164;Tesco Finest Rum And Fudge Yoghurt 150G;£0.75;£0.50/100g;Yoghurt;Yoghurts;171;3.1;null;18.1;9.5;6.2;0.3;0.1;
253028177;Tesco Finest Swiss Black Cherry Yoghurt 150G;£0.75;£0.50/100g;Yoghurt;Yoghurts;137;2.8;null;14.1;6.9;4.8;0.5;0.1;
262266324;Activia 0% Fat Red Fruits Yoghurt 8X125g;£2.90;£0.29/100g;Yoghurt;Yoghurts;null;null;null;null;null;null;null;null;
262874819;Activia 0% Fat Vanilla Yoghurt 4X125g;£1.99;£0.40/100g;Yoghurt;Yoghurts;null;null;null;null;null;null;null;null;
282511799;Activia Fusions Blueberry Acai Yoghurt 4X125g;£2.19;£0.44/100g;Yoghurt;Yoghurts;null;null;null;null;null;null;null;null;
262939744;Activia 0% Fat Raspberry Yoghurt 4X125g;£1.99;£0.40/100g;Yoghurt;Yoghurts;null;null;null;null;null;null;null;null;
264932529;Activia Mango Yoghurt 4X125g;£1.99;£0.40/100g;Yoghurt;Yoghurts;null;null;null;null;null;null;null;null;
258722983;Activia Mixed Fruit Yoghurt 8X125g;£2.90;£0.29/100g;Yoghurt;Yoghurts;null;null;null;null;null;null;null;null;
254622566;Activia Fig Yoghurt 4X125g;£1.99;£0.40/100g;Yoghurt;Yoghurts;null;null;null;null;null;null;null;null;
276900267;Activia 0% Lemon And Lime Yoghurt 4X125g;£1.99;£0.40/100g;Yoghurt;Yoghurts;null;null;null;null;null;null;null;null;
284216190;Yeo Valley Pick A Mix 0% Fat Greek Natural Yoghurt 150G;null;null;Yoghurt;Yoghurts;63;7.6;null;null;0;null;null;null;
260039827;Activia Health Fruits Yogurts 8X125g;£2.90;£0.29/100g;Yoghurt;Yoghurts;null;null;null;null;null;null;null;null;
264555411;Activia 0% Fat Yellow Fruit Yoghurt 8X125g;£2.90;£0.29/100g;Yoghurt;Yoghurts;null;null;null;null;null;null;null;null;
254622635;Activia 0% Fat Cherry Yoghurt 4X125g;£1.99;£0.40/100g;Yoghurt;Yoghurts;null;null;null;null;null;null;null;null;
276899849;Activia Pineapple Coconut Yoghurt 4X125g;£1.99;£0.40/100g;Yoghurt;Yoghurts;null;null;null;null;null;null;null;null;
260656183;Activia 0% Fat Forest Fruits Yoghurt 4X125g;£1.99;£0.40/100g;Yoghurt;Yoghurts;null;null;null;null;null;null;null;null;
250545139;Activia 0% Fat Peach Yoghurt 4X125g;£1.99;£0.40/100g;Yoghurt;Yoghurts;null;null;null;null;null;null;null;null;
255029956;Tesco Finest White Peach Yoghurt 150G;£0.75;£0.50/100g;Yoghurt;Yoghurts;134;3.1;null;12.2;7.8;4.6;1.5;0.1;
255994820;Total 0% Fat Greek Yoghurt 170G;£1.00;£0.59/100g;Yoghurt;Yoghurts;57 ;10.3;null;null;0;null;null;0.1;
282448528;Activia Intensely Creamy Raspberry 4X110g;£1.19;£0.27/100g;Yoghurt;Yoghurts;null;null;null;null;null;null;null;null;
284216230;Yeo Valley Pick And Mix Greek Style Yoghurt 150G;£0.50;£0.33/100g;Yoghurt;Yoghurts;129;4.5;null;null;9.5;null;null;null;
284216253;Yeo Valley Pick & Mix Greek And Vanilla Yoghurt 150G;£0.50;£0.33/100g;Yoghurt;Yoghurts;85;6.9;null;null;0;null;null;null;
275048119;Calin+ Strawberry Yoghurt 4X125g;£1.75;£0.35/100g;Yoghurt;Yoghurts;379kJ 473kJ;3.0;null;null;2.5;null;0.2;0.12;
275048033;Calin+ Vanilla Yoghurt 4X125g;£1.75;£0.35/100g;Yoghurt;Yoghurts;397kJ 497kJ;3.3;null;null;2.8;null;0.1;0.13;
282458522;Danio 0% Fat Natural Yoghurt 150G;£0.85;£0.57/100g;Yoghurt;Yoghurts;null;null;null;null;null;null;null;null;
282458418;Danio 0% Fat Honey Yoghurt 150G;£0.85;£0.57/100g;Yoghurt;Yoghurts;null;null;null;null;null;null;null;null;
282458614;Danio 0% Fat Mango Yoghurt 150G;£0.85;£0.57/100g;Yoghurt;Yoghurts;null;null;null;null;null;null;null;null;
283787545;Danio 0% Fat Strawberry Yoghurt 4X100g;£2.39;£0.60/100g;Yoghurt;Yoghurts;null;null;null;null;null;null;null;null;
283997066;Danio Blueberry Yoghurt 150G;£0.85;£0.57/100g;Yoghurt;Yoghurts;null;null;null;null;null;null;null;null;
282371952;Benecol Yoghurt Fat Free Berries 4 X 125G;£2.39;£0.48/100g;Yoghurt;Yoghurts;62;3.0;null;null;0.5;null;2.1;0.1;
268146359;Benecol Fat Free Garden Fruits Yoghurt 4X125g;£2.39;£0.48/100g;Yoghurt;Yoghurts;64;3.0;null;null;0.5;null;2.1;0.1;
283787758;Danio 0% Fat Blueberry Yoghurt 4X100g;£2.39;£0.60/100g;Yoghurt;Yoghurts;null;null;null;null;null;null;null;null;
268882218;Benecol Summerfruits Yoghurt 4X120g;£2.39;£0.50/100g;Yoghurt;Yoghurts;85;3.7;null;null;1.7;null;0.2;0.13;
283608586;Liberte Greek Peach Yoghurt 4X100g;£2.19;£5.48/kg;Yoghurt;Yoghurts;null;7.4;null;null;2.0;null;0.2;0.11;
283996977;Danio 0% Strawberry 150G;£0.85;£0.57/100g;Yoghurt;Yoghurts;null;null;null;null;null;null;null;0.1;
254587054;Activia Strawberry Yoghurt 4X125g;£1.99;£0.40/100g;Yoghurt;Yoghurts;null;null;null;null;null;null;null;null;
283997170;Danio 0% Passion Fruit Yoghurt 150G;£0.85;£0.57/100g;Yoghurt;Yoghurts;null;null;null;null;null;null;null;null;
284024802;Danio 0% Cherry Yoghurt 150G;£0.85;£0.57/100g;Yoghurt;Yoghurts;null;null;null;null;null;null;null;null;
284024353;Danio Peach Yoghurt 150G;£0.85;£0.57/100g;Yoghurt;Yoghurts;null;null;null;null;null;null;null;null;
268882380;Benecol Fruit Medley Yoghurt 4X120g;£2.39;£0.50/100g;Yoghurt;Yoghurts;86;3.7;null;null;1.8;null;0.3;0.13;
276607897;Activia Special Edition Pear Yoghurt 4X125g;£1.99;£0.40/100g;Yoghurt;Yoghurts;null;null;null;null;null;null;null;null;
258043260;Activia Rhubarb Yoghurt 4X125g;£1.99;£0.40/100g;Yoghurt;Yoghurts;null;null;null;null;null;null;null;null;
284064262;Muller Corner Strawberry Yoghurt 4 X 150G;£2.69;£0.45/100g;Yoghurt;Yoghurts;114;4.0;null;null;3.8;null;null;0.1;
284045996;Tesco Red Fruit Split Pot Yoghurt 4 X 150G;£1.50;£0.25/100g;Yoghurt;Yoghurts;71;5.7;null;11.3;0.3;0.2;0.2;0.2;
283587972;Tesco Strawberry And Raspberry Yoghurt 4 X 100G;£1.25;£0.31/100g;Yoghurt;Yoghurts;122;4.0;null;13.0;5.9;4.1;0.4;0.3;
284046027;Tesco Honey Split Pot Yoghurt 4 X 150G;£1.50;£0.25/100g;Yoghurt;Yoghurts;104;6.3;null;19.1;0.3;0.2;0;0.2;
279856014;Liberte Lemon Yoghurt 4X100g;£2.19;£0.55/100g;Yoghurt;Yoghurts;null;7.4;null;null;2.0;null;0.1;0.19;
268776235;Muller Light Fruits Yoghurt 6X175g;£3.89;£0.37/100g;Yoghurt;Yoghurts;50;3.9;null;null;0.1;null;0.2;null;
283584422;Tesco Finest Mango And Passion Fruit Yoghurt 2 X 150G;£2.00;£0.67/100g;Yoghurt;Yoghurts;132;3.1;null;14.9;6.6;4.7;0.2;0.1;
284045909;Tesco Split Pots Strawberry And Cherry 6 Pack 900G(6X150g);£2.00;£0.22/100g;Yoghurt;Yoghurts;117;3.5;null;18.2;3.2;2.1;0.8;0.1;
283584802;Tesco Greek Style Honey Yoghurt 4 X 100G;£1.25;£0.31/100g;Yoghurt;Yoghurts;144;4.2;null;13.2;8.0;5.2;0;0.1;
283584589;Tesco Finest Red Fruit Yoghurt 2 X 150G;£2.00;£0.67/100g;Yoghurt;Yoghurts;123;2.7;null;12.2;6.5;4.0;0.2;0.1;
266337806;Perle De Lait Coconut Yoghurt 4X125g;£1.75;£0.35/100g;Yoghurt;Yoghurts;null;null;null;null;9.8;null;null;null;
279569061;Liberte Honey Yoghurt 4X100g;£2.19;£0.55/100g;Yoghurt;Yoghurts;null;7.7;null;null;0.1;null;0.1;0.15;
284045875;Tesco Yellow Fruit Split Pot Yoghurt 6 X 150G;£2.00;£0.22/100g;Yoghurt;Yoghurts;109;3.5;null;16.1;3.2;2.1;0.8;0.2;
266338026;Perle De Lait Lemon Yoghurt 4X125g;£1.75;£0.35/100g;Yoghurt;Yoghurts;null;null;null;null;8.6;null;null;null;
283772073;Oykos Salted Caramel Yoghurt 2X110g;£1.49;£0.68/100g;Yoghurt;Yoghurts;null;null;null;null;null;null;null;null;
284044202;Perle De Lai Greek Style Strawberry Yoghurt 500G;£1.75;£0.35/100g;Yoghurt;Yoghurts;null;null;null;null;7.0;null;null;null;
268775213;Muller Light Yellow Fruit Yoghurt 6X175;£3.89;£0.37/100g;Yoghurt;Yoghurts;223kJ;4.2;null;null;0.1;null;null;0.2;
284064339;Muller Corner Crunch Biscuit 4 X 135G;£2.69;£0.50/100g;Yoghurt;Yoghurts;157;4.1;null;null;5.9;null;null;0.2;
284045938;Tesco Yellow Fruit Split Pot Fruit Yoghurt 4 X 150G;£1.50;£0.25/100g;Yoghurt;Yoghurts;64;5.8;null;9.1;0.3;0.2;0.3;0.2;
283772205;Oykos Apple Cinnamon Yoghurt 2X110g;£1.49;£0.68/100g;Yoghurt;Yoghurts;null;null;null;null;null;null;null;null;
285025621;Muller Corner Bliss Lemon 4X110g;£2.69;£0.61/100g;Yoghurt;Yoghurts;161;4.0;null;null;5.9;null;null;0.2;
266271933;Muller Corner Breakfast Yoghurt 6X135g;£3.89;£0.48/100g;Yoghurt;Yoghurts;119;5.5;null;null;2.6;null;null;0.2;
285025546;Muller Corner Bliss Strawberry 4X110g;£2.69;£0.61/100g;Yoghurt;Yoghurts;129;4.1;null;null;5.9;null;null;0.2;
254543452;Muller Corner Crunch Yoghurt 6X135g;£3.89;£0.48/100g;Yoghurt;Yoghurts;148;3.9;null;null;5.3;null;null;0.2;
285025650;Muller Corner Bliss Raspberry 4X110g;£2.69;£0.61/100g;Yoghurt;Yoghurts;129;4.2;null;null;5.9;null;null;0.2;
286979538;Muller Corner Bliss Strawberry 110G;£0.69;£0.63/100g;Yoghurt;Yoghurts;129;4.1;null;null;5.9;null;null;0.2;
276877363;Muller Corner Champagne Yoghurt 2 X 130G;£1.69;£0.65/100g;Yoghurt;Yoghurts;192;3.0;null;null;8.8;null;0.3;null;
279627436;Fruit Corner Limited Edition 150G;£0.68;£0.45/100g;Yoghurt;Yoghurts;109;3.8;null;null;3.8;null;null;0.14;
281732542;Corner Deluxe Chocolate Limited Edition 2X130g;£1.69;£0.65/100g;Yoghurt;Yoghurts;197;3.1;null;null;9.2;null;null;0.15;
273244644;Muller Corner Crunch Banana Chocolate Flakes 135G;null;null;Yoghurt;Yoghurts;143;4.3;null;null;5.1;null;null;0.2;
261497674;Muller Corner Crunch Biscuit Yoghurt 6X135;£3.89;£0.48/100g;Yoghurt;Yoghurts;157;4.1;null;null;5.9;null;null;0.2;
272574537;Muller Corner Crunch Yoghurt 4X135g;£2.69;£0.50/100g;Yoghurt;Yoghurts;148;3.9;null;null;5.3;null;null;0.2;
266862378;Yeo Valley Fruit Favourties Yoghurt 4X120g;£1.75;£0.37/100g;Yoghurt;Yoghurts;107;4.8;null;null;3.8;null;null;null;
273236862;Muller Corner Crunch Chocolate Digestive Yoghurt 135G;£0.68;£0.50/100g;Yoghurt;Yoghurts;155;4.2;null;null;5.8;null;null;0.2;
266864059;Yeo Valley Greek Style Honey Yoghurt 4X100g;£1.75;£0.44/100g;Yoghurt;Yoghurts;149;3.3;null;null;8.3;null;null;null;
267642361;Yeo Valley Whole Milk Lemon Curd 4X120g;£1.75;£0.37/100g;Yoghurt;Yoghurts;127;4.7;null;null;4.4;null;null;null;
273235736;Muller Corner Crunch Toffee Hoops Yoghurt 135G;£0.68;£0.50/100g;Yoghurt;Yoghurts;153;4.1;null;null;5.5;null;null;0.2;
273235914;Muller Corner Crunch Strawberry Shortcakes Yoghurt 135G;£0.68;£0.50/100g;Yoghurt;Yoghurts;157;4.1;null;null;5.9;null;null;0.2;
272582343;Yeo Valley Tropical Treats Yoghurt 4X120g;£1.75;£0.37/100g;Yoghurt;Yoghurts;109;4.5;null;null;3.6;null;null;null;
273244725;Muller Corner Crunch Vanilla Chocolate Balls Yoghurt 135G;£0.68;£0.50/100g;Yoghurt;Yoghurts;148;3.9;null;null;5.3;null;null;0.2;
273244443;Muller Corner Fruit Blueberry Yoghurt 150G;£0.68;£0.45/100g;Yoghurt;Yoghurts;106;4.0;null;null;3.8;null;null;null;
276878546;Muller Corner Greek Strawberry Yoghurt 150G;£0.68;£0.45/100g;Yoghurt;Yoghurts;127;4.7;null;null;4.6;null;null;0.2;
276877484;Muller Corner Deluxe Mint Yoghurt 2X130g;£1.69;£0.65/100g;Yoghurt;Yoghurts;850kJ;3.2;null;null;10.0;null;null;0.1;
281732504;Muller Corner Red Fruit Yoghurt 6 X 150G;£3.89;£0.43/100g;Yoghurt;Yoghurts;107;4.0;null;null;3.8;null;null;0.2;
273236954;Muller Corner Fruit Cherry Yoghurt 150G;£0.68;£0.45/100g;Yoghurt;Yoghurts;107;4.0;null;null;3.8;null;null;0.2;
273644701;Muller Corner Favourites 6 Pack;£3.89;£0.46/100g;Yoghurt;Yoghurts;144;4.0;null;null;3.8;null;null;0.2;
276547397;Muller Corner Greek Style Cherry Yoghurt 4X150g;£2.69;£0.45/100g;Yoghurt;Yoghurts;127;4.7;null;null;4.6;null;null;0.2;
276878984;Muller Corner Greek Strawberry Yoghurt 4X150g;£2.69;£0.45/100g;Yoghurt;Yoghurts;127;4.7;null;null;4.6;null;null;0.2;
272565502;Muller Corner Dessert Inspired 135G;£0.68;£0.50/100g;Yoghurt;Yoghurts;140;4.1;null;null;5.4;null;null;0.1;
273244564;Muller Corner Fruit Blackberry And Raspberry Yoghurt 150G;£0.68;£0.45/100g;Yoghurt;Yoghurts;107;4.0;null;null;3.8;null;null;0.2;
281476225;Muller Corner Greek Red Fruit 900G;£3.89;£0.43/100g;Yoghurt;Yoghurts;127;4.7;null;null;4.6;null;null;0.1;
266788155;Muller Corner Greek Cherry Yoghurt 150G;£0.68;£0.45/100g;Yoghurt;Yoghurts;127;4.7;null;null;4.6;null;null;0.2;
272574261;Muller Corner Fruit Yoghurt 4X150g;£2.69;£0.45/100g;Yoghurt;Yoghurts;107;3.9;null;null;3.8;null;0.5;null;
276877547;Muller Corner Limited Edition Vanilla D'or Yoghurt 2X130g;£1.69;£0.65/100g;Yoghurt;Yoghurts;203;2.9;null;null;9.2;null;null;0.2;
273236580;Muller Corner Fruit Yoghurt 6X150g;£3.89;£0.43/100g;Yoghurt;Yoghurts;109;4.0;null;null;3.8;null;null;0.2;
276878863;Muller Greek Corner Limited Edition Yoghurt 150G;£0.68;£0.45/100g;Yoghurt;Yoghurts;125;4.6;null;null;4.6;null;null;0.15;
268266401;Nestle Smarties Split Pot Yogurts 4X120g;£2.00;£0.42/100g;Yoghurt;Yoghurts;628 kJ 754 kJ -;3.6;null;null;5.4;null;null;0.2;
273236113;Muller Corner Fruit Strawberry Yoghurt 150G;£0.68;£0.45/100g;Yoghurt;Yoghurts;114;4.0;null;null;3.8;null;null;0.2;
279628734;Muller Corner Variety Edtion Yoghurt 6X 135G;£3.89;£0.48/100g;Yoghurt;Yoghurts;149;3.6;null;null;4.6;null;null;0.3;
273236292;Muller Corner Fruit Peach And Apricot Yoghurt 150G;£0.68;£0.45/100g;Yoghurt;Yoghurts;109;4.0;null;null;3.8;null;null;0.2;
283587868;Low Fat Swiss Style Muesli Yoghurt 450G;£1.25;£0.28/100g;Yoghurt;Yoghurts;106;4.8;null;14.3;2.3;1.6;0;0.2;
275280868;New Probiotic Low Fat Mango Yoghurt 450G;£1.20;£0.27/100g;Yoghurt;Yoghurts;82;3.6;null;null;1;null;0.05;0.13;
286691250;Onken Fat Free Apricot Wholegrain Yoghurt 450G;£1.40;£0.31/100g;Yoghurt;Yoghurts;87;4.8;null;null;0.2;null;null;0.18;
268804969;Onken Fat Free Mango And Apple Yoghurt 450G;£1.40;£0.31/100g;Yoghurt;Yoghurts;87;4.4;null;null;0.2;null;null;0.19;
268783946;Onken Wholegrain Strawberry Yoghurt 450G;£1.40;£0.31/100g;Yoghurt;Yoghurts;111;4.4;null;null;2.8;null;null;0.15;
286691083;Onken Fat Free Cherry Wholegrain Yoghurt 450G;£1.40;£0.31/100g;Yoghurt;Yoghurts;89;4.8;null;null;0.3;null;null;0.18;
283787384;Onken Strawberry And Chocolate Yoghurt 450G;£1.40;£0.31/100g;Yoghurt;Yoghurts;128;3.9;null;null;3.7;null;null;0.15;
284043186;Rachel's Organic Fat Free Blueberry Yoghurt 450G;£1.85;£0.41/100g;Yoghurt;Yoghurts;78;5.2;null;null;0.1;null;null;0.2;
268804854;Onken Cherry Yoghurt 450G;£1.40;£0.31/100g;Yoghurt;Yoghurts;107;4.1;null;null;2.7;null;null;0.2;
281761544;Onken Fat Free Blueberry And E/Berry Yoghurt 450G;£1.40;£0.31/100g;Yoghurt;Yoghurts;83;4.4;null;null;0.2;null;null;0.18;
268783825;Onken Raspberry Yoghurt 450G;£1.40;£0.31/100g;Yoghurt;Yoghurts;101;4.1;null;null;2.7;null;null;0.23;
268804981;Onken Fat Free Strawberry Yoghurt 450G;£1.40;£0.31/100g;Yoghurt;Yoghurts;79;4.5;null;null;0.1;null;null;0.18;
283787286;Onken Fat Free Raspberry And Honey Yoghurt 450G;£1.40;£0.31/100g;Yoghurt;Yoghurts;80;4.5;null;null;0.1;null;null;0.15;
284043212;Rachel's Greek Style Lemon Bio- Live Yoghurt 450G;£2.00;£0.44/100g;Yoghurt;Yoghurts;139;3.1;null;null;7.5;null;null;0.1;
284046062;Tesco Everyday Value Strawberry Splitpot Yoghurt 140G;£0.29;£0.21/100g;Yoghurt;Yoghurts;93;4.1;null;16.3;1.2;0.8;0.3;0.1;
268780385;Onken Mango And Passion Fruit Yoghurt 450G;£1.40;£0.31/100g;Yoghurt;Yoghurts;102;4;null;null;2.7;null;null;0.18;
268780765;Onken Wholegrain Summer Berries Yoghurt 450G;£1.40;£0.31/100g;Yoghurt;Yoghurts;111;4.4;null;null;2.8;null;null;0.2;
283608528;Liberte Greek Style Honey Yoghurt 500G;£2.19;£4.38/kg;Yoghurt;Yoghurts;null;7.7;null;null;0.1;null;0.1;0.15;
268804883;Onken Fat Free Vanilla Yoghurt 450G;£1.40;£0.31/100g;Yoghurt;Yoghurts;75;4.4;null;null;0.1;null;null;0.20;
278839705;Tesco Splitpot Chocolate Ball Rasin Yoghurt 6X135g;£2.00;£0.25/100g;Yoghurt;Yoghurts;126;5.8;null;15.3;3.8;2.3;0.1;0.2;
254736126;Rachel's Organic Low Fat Rhubarb Yoghurt 450G;£1.85;£0.41/100g;Yoghurt;Yoghurts;84;4.2;null;null;1.6;null;null;0.2;
252403028;Rachel's Organic Low Fat Vanilla Yoghurt 450G;£1.85;£0.41/100g;Yoghurt;Yoghurts;90;4.6;null;null;1.8;null;null;0.2;
259163029;Yeo Valley Blueberry Yoghurt 450G;£1.50;£0.33/100g;Yoghurt;Yoghurts;109 ;4.8;null;null;3.8;null;null;null;
275038039;The Collective Passion Fruit Yoghurt 500G;£2.39;£0.48/100g;Yoghurt;Yoghurts;130 ;4.7;null;null;5.0;null;null;0.23;
283588406;Tesco Mango And Passion Fruit Yoghurt 450G;£1.25;£0.28/100g;Yoghurt;Yoghurts;134;3.7;null;11.6;8.0;5.5;0.2;0.1;
271651085;Tesco Low Fat Lemon Yoghurt 450G;£1.15;£0.26/100g;Yoghurt;Yoghurts;93;4.9;null;15.3;1.3;0.8;0;0.2;
285331955;Tesco Limited Ed Treacle Tart Style 450G;£1.15;£0.26/100g;Yoghurt;Yoghurts;108;4.7;null;19.2;1.4;0.9;0;0.2;
286472792;Yeo Valley 0% Greek Style Yoghurt With Lemon 450G;£1.80;£0.40/100g;Yoghurt;Yoghurts;80;6.7;null;null;0;null;null;null;
263865558;Rachel's Organic Low Fat Raspberry Yoghurt 450G;£1.85;£0.41/100g;Yoghurt;Yoghurts;95;4.2;null;null;1.8;null;null;0.2;
267943477;Rachel's Organic Greek Style Honey Yoghurt 450G;£2.00;£0.44/100g;Yoghurt;Yoghurts;131;3.3;null;null;7.5;null;null;0.1;
268277601;Rachel's Organic Greek Style Ginger Yoghurt 450G;£2.00;£0.44/100g;Yoghurt;Yoghurts;137;3.2;null;null;7.4;null;null;0.1;
272587073;Rachel's Organic Limited Edition Yoghurt 4X120g;£2.00;£0.42/100g;Yoghurt;Yoghurts;null;4.4;null;null;1.7;null;null;0.1;
275396075;The Collective Russian Fudge Yoghurt 500G;£2.39;£0.48/100g;Yoghurt;Yoghurts;145 ;4.8;null;null;6.0;null;null;0.30;
272429624;Tesco Greek Style Honey Yoghurt 450G;£1.25;£0.28/100g;Yoghurt;Yoghurts;144;4.2;null;13.2;8.0;5.2;0;0.1;
283924044;Y/Valley 0% Fat Greek Style With Honey Yoghurt 450G;£1.80;£0.40/100g;Yoghurt;Yoghurts;84;6.8;null;null;0;null;null;null;
286456005;Yeo Valley 0% Greek Style Yoghurt With S/Berry450g;£1.80;£0.40/100g;Yoghurt;Yoghurts;76;6.5;null;null;0;null;null;null;
271656310;Tesco Low Fat Strawberry Yoghurt 450G;£1.15;£0.26/100g;Yoghurt;Yoghurts;85;4.9;null;13.5;1.1;0.7;0.2;0.2;
286455968;Yeo Valley 0% Greek Style Yoghurt With Vanilla 450G;£1.80;£0.40/100g;Yoghurt;Yoghurts;85;6.9;null;null;0;null;null;null;
254357592;Yeo Valley 0% Fat Vanilla Yoghurt 450G;£1.50;£0.33/100g;Yoghurt;Yoghurts;87 ;5.9;null;null;0;null;null;null;
271656356;Tesco Coconut Yoghurt 450G;£1.15;£0.26/100g;Yoghurt;Yoghurts;100;5.0;null;13.8;2.7;2.3;0.1;0.2;
256187378;Yeo Valley Greek Style Honey Yoghurt 450G;£1.80;£0.40/100g;Yoghurt;Yoghurts;149;3.8;null;null;8.3;null;null;null;
267312994;Yeo Valley Organic Whole Milk Lemon Curd Yoghurt 450G;£1.50;£0.33/100g;Yoghurt;Yoghurts;127 ;4.7;null;null;4.4;null;null;null;
252293214;Yeo Valley Raspberry Yoghurt 450G;£1.50;£0.33/100g;Yoghurt;Yoghurts;106 ;4.7;null;null;3.8;null;null;null;
282511989;Activia Fruit Variety Yoghurt 8X125g;£2.90;£0.29/100g;Yoghurt;Yoghurts;null;null;null;null;null;null;null;null;
276559331;Activia 0% Fat Peach Yoghurt 165G;£0.65;£0.39/100g;Yoghurt;Yoghurts;null;null;null;null;null;null;null;null;
257657255;Activia Fusions Prune Yoghurt 4X125g;£2.19;£0.44/100g;Yoghurt;Yoghurts;null;null;null;null;null;null;null;null;
282448200;Activia Intensely Creamy Cherry Yoghurt 4X110g;£1.19;£0.27/100g;Yoghurt;Yoghurts;null;null;null;null;null;null;null;null;
282448042;Activia Intensely Creamy Blueberry 4X110g;£1.19;£0.27/100g;Yoghurt;Yoghurts;null;null;null;null;null;null;null;null;
282470604;Activia Intensely Creamy Peach Yoghurt 4X110g;£1.19;£0.25/100g;Yoghurt;Yoghurts;null;null;null;null;null;null;null;null;
276702219;Calin+ Apricot Yoghurt 4X125g;£1.75;£3.50/kg;Yoghurt;Yoghurts;394kJ 493kJ;3.1;null;null;2.5;null;0.2;0.11;
272584865;Yeo Valley Mango And Vanilla Yoghurt 450G;£1.50;£0.33/100g;Yoghurt;Yoghurts;108 ;4.7;null;null;3.8;null;null;null;
282448799;Activia Intensely Creamy Vanilla 4X110g;£1.19;£0.27/100g;Yoghurt;Yoghurts;null;null;null;null;null;null;null;null;
282511845;Activia Fusions Mango Passion Fruit Yoghurt 4X125g;£2.19;£0.44/100g;Yoghurt;Yoghurts;null;null;null;null;null;null;null;null;
282448367;Activia Intensely Creamy Coconut Yoghurt 4X110g;£1.19;£0.27/100g;Yoghurt;Yoghurts;null;null;null;null;null;null;null;null;
282448592;Activia Intensely Creamy Strawberry 4X110g;£1.19;£0.27/100g;Yoghurt;Yoghurts;null;null;null;null;null;null;null;null;
283633889;Yeo Valley Whole Milk Pchs And Cream Yoghurt 450G;£1.50;£0.33/100g;Yoghurt;Yoghurts;105;4.4;null;null;4.1;null;null;null;
282448422;Activia Intensely Creamy Lemon Yoghurt 4X110g;£1.19;£0.27/100g;Yoghurt;Yoghurts;null;null;null;null;null;null;null;null;
282511943;Activia Fusions Raspberry Lychee Yoghurt 4 X 125G;£2.19;£0.44/100g;Yoghurt;Yoghurts;null;null;null;null;null;null;null;null;
283608177;Benecol Greek Style Yoghurt 4 X 120G;£2.39;£4.98/kg;Yoghurt;Yoghurts;72;5.9;null;null;0.6;null;0;0.14;
250983242;Yeo Valley Strawberry Yoghurt 450G;£1.50;£0.33/100g;Yoghurt;Yoghurts;106 ;4.7;null;null;3.8;null;null;null;
286702291;Arla Protein Raspberry 200G;£1.25;£0.63/100g;Yoghurt;Yoghurts;290kJ 580kJ;10;null;null;0.2;null;null;0.1;
286702423;Arla Protein Strawberry 200G;£1.25;£0.63/100g;Yoghurt;Yoghurts;290kJ 580kJ;10;null;null;0.2;null;null;0.1;
279629146;Muller Light Chocolate Fix Mint Chocolate 4X100g;£2.19;£0.55/100g;Yoghurt;Yoghurts;99;2.6;null;null;2.0;null;null;0.1;
286702481;Arla Protein Blueberry 200G;£1.25;£0.63/100g;Yoghurt;Yoghurts;290kJ 580kJ;10;null;null;0.2;null;null;0.1;
276559584;Activia 0% Fat Strawberry Yoghurt 165G;£0.65;£0.39/100g;Yoghurt;Yoghurts;null;null;null;null;null;null;null;null;
268804635;Muller Light Banana And Custard Yoghurt 175G;£0.68;£0.39/100g;Yoghurt;Yoghurts;230kJ;4.2;null;null;0.1;null;null;0.2;
284090267;Muller Light Fruitopolis Cherry 4X130g;£2.49;£0.48/100g;Yoghurt;Yoghurts;68;4.8;null;null;0.1;null;null;0.2;
283787107;Fruyo 0% Fat Blueberry Greek Yoghurt 170G;£1.09;£0.64/100g;Yoghurt;Yoghurts;82 ;8.3;null;null;0;null;null;0.08;
265248497;Irish Diet Fat Free Fruit Yoghurt 4X125g;£1.50;£0.30/100g;Yoghurt;Yoghurts;222 kJ;4.7;null;null;0.2;null;0.5;0.29;
276559112;Activia 0% Fat Raspberry Yoghurt 165G;£0.65;£0.39/100g;Yoghurt;Yoghurts;null;null;null;null;null;null;null;null;
283786872;Fruyo 0% Fat Cherry Greek Yoghurt 170G;£1.09;£0.64/100g;Yoghurt;Yoghurts;82 ;8.3;null;null;0;null;null;0.08;
284069328;Fruyo 0% Fat Strawberry Greek Yoghurt 170G;£1.09;£0.64/100g;Yoghurt;Yoghurts;82 ;8.3;null;null;0;null;null;0.08;
274547325;Muller Light Greek Luscious Lemon Yoghurt 4X120g;£1.24;£0.26/100g;Yoghurt;Yoghurts;69;6.3;null;null;0.2;null;null;0.2;
284070781;Muller Light Fruitopolis Yellow Fruit 4X130g;£2.49;£0.48/100g;Yoghurt;Yoghurts;65;4.8;null;null;0.1;null;null;0.2;
268803417;Muller Light Cherry Yoghurt 175G;£0.68;£0.39/100g;Yoghurt;Yoghurts;205kJ;4.3;null;null;0.1;null;null;0.2;
285026424;Muller Light Chocolate Fix Orange Chocolate 4X100g;£2.19;£0.55/100g;Yoghurt;Yoghurts;99;2.6;null;null;2.0;null;null;0.1;
284070873;Muller Light Fruitopolis Strawberry 4X130g;£2.49;£0.48/100g;Yoghurt;Yoghurts;65;4.8;null;null;0.1;null;null;0.2;
263697630;Muller Light Chocolate Yoghurt 6X165g;£3.89;£0.39/100g;Yoghurt;Yoghurts;228kJ;4.3;null;null;0.5;null;null;0.2;
268265805;Irish Diet Berries Yogurts 4X125g;£1.50;£0.30/100g;Yoghurt;Yoghurts;207 kJ;4.8;null;null;0.2;null;0.7;0.27;
272540923;Muller Light Greek Coconut And Vanilla Yoghurt 4X120g;£1.24;£0.26/100g;Yoghurt;Yoghurts;72;6.3;null;null;0.5;null;null;0.2;
276547604;Muller Light Greek Strawberry Yoghurt 4X120g;£1.24;£0.26/100g;Yoghurt;Yoghurts;69;6.3;null;null;0.2;null;null;0.2;
282458758;Shape 0% Fat Pineapple And Coconut Yoghurt 4 X 120G;£1.50;£0.31/100g;Yoghurt;Yoghurts;null;null;null;null;null;null;null;null;
273987266;Muller Vitality Strawberry Yoghurt 4X120g;£1.00;£0.21/100g;Yoghurt;Yoghurts;85;3.7;null;null;1.5;null;null;0.1;
268805156;Muller Light Vanilla Yoghurt 175G;£0.68;£0.39/100g;Yoghurt;Yoghurts;51;4.4;null;null;0.1;null;null;0.2;
268676624;Shape 0% Fat Crumble Flavour Yoghurt 4X120g;£1.50;£0.31/100g;Yoghurt;Yoghurts;null;null;null;null;null;null;null;null;
268805070;Muller Light Toffee Yoghurt 175G;£0.68;£0.39/100g;Yoghurt;Yoghurts;51;4.1;null;null;0.1;null;null;0.2;
268676958;Shape 0% Fat Cherry And Blackberry Yoghurt 4X120g;£1.50;£0.31/100g;Yoghurt;Yoghurts;null;null;null;null;null;null;null;null;
272540825;Muller Light Greek Style Cherry Yoghurt 4X120g;£1.24;£0.26/100g;Yoghurt;Yoghurts;70;6.3;null;null;0.1;null;null;0.2;
266313758;Muller Light Orange And Dark Chocolate Yoghurt 165G;£0.68;£0.41/100g;Yoghurt;Yoghurts;55;4.3;null;null;0.5;null;null;0.2;
268804451;Muller Light Raspberry Cranberry Yoghurt 175G;£0.68;£0.39/100g;Yoghurt;Yoghurts;51;3.9;null;null;0.1;null;0.5;null;
286815318;Muller Light Greek Style Blueberry 4X120g;£1.24;£2.59/kg;Yoghurt;Yoghurts;68;6.3;null;null;0.2;null;null;0.2;
279628337;Muller Light Greek Toffee Yoghurt 4X120g;£1.24;£0.26/100g;Yoghurt;Yoghurts;70;6.3;null;null;0.1;null;null;0.3;
260058695;Shape 0% Apr/ Peach And Passion Fruit 4X120g;£1.50;£0.31/100g;Yoghurt;Yoghurts;208 250 3;null;null;null;null;null;null;null;
281723423;Muller Light Limited Edition T/Delight Yoghurt 165G;£0.68;£0.41/100g;Yoghurt;Yoghurts;55;4.5;null;null;0.5;null;null;0.2;
268803665;Muller Light Limited Edition 165G;£0.68;£0.41/100g;Yoghurt;Yoghurts;56;4.5;null;null;0.5;null;null;0.2;
268775226;Muller Light Toffee And Vanilla Yoghurt 6X175g;£3.89;£0.37/100g;Yoghurt;Yoghurts;217kJ;4.4;null;null;0.1;null;null;0.2;
272540756;Muller Light Greek Style Peach Yoghurt 4X120g;£1.24;£0.26/100g;Yoghurt;Yoghurts;71;6.3;null;null;0.2;null;null;0.2;
268805041;Muller Light Strawberry Yoghurt 175G;£0.68;£0.39/100g;Yoghurt;Yoghurts;51;4.2;null;null;0.1;null;null;0.2;
281733181;Muller Light Greek Mango Yoghurt 4X120g;£1.24;£0.26/100g;Yoghurt;Yoghurts;72;6.3;null;null;0.2;null;null;0.2;
284070936;Muller Light Inspired By Desserts 6X165g;null;null;Yoghurt;Yoghurts;60;4.1;null;null;0.1;null;null;0.2;
258281904;Tesco Everyday Value Low Fat Strawberry Yoghurt 125G;£0.15;£0.12/100g;Yoghurt;Yoghurts;80;2.1;null;12.3;1.0;0.7;0.2;0.1;
260058656;Shape 0% Fat Strawberry Raspberry Yoghurt 4X120g;£1.50;£0.31/100g;Yoghurt;Yoghurts;null;null;null;null;null;null;null;null;
284064725;Tesco Healthy Living Peach Mango Passion Fruit Yoghurt 4 X 120G;£1.00;£0.21/100g;Yoghurt;Yoghurts;47;4.8;null;6.1;0.2;0.1;0.2;0.2;
256916423;Tesco Low Fat Sunshine Fruits Yoghurt 6X125g;£1.00;£0.13/100g;Yoghurt;Yoghurts;93;3.6;null;12.4;2.1;1.0;0.3;0.1;
258282016;Tesco Everyday Value Low Fat Fruit Yoghurt 4X125g;£0.33;£0.07/100g;Yoghurt;Yoghurts;80;2.1;null;12.3;1.0;0.7;0.2;0.1;
272506907;Tesco Low Fat Hazelnut Yoghurt 150G;£0.40;£0.27/100g;Yoghurt;Yoghurts;100;6.1;null;12.6;2.8;1.0;0.2;0.2;
272506809;Tesco Low Fat Lemon Yoghurt 150G;£0.40;£0.27/100g;Yoghurt;Yoghurts;93;4.9;null;15.3;1.3;0.8;0;0.2;
262042883;Ski Variety Fruit Yoghurt 4X120g;£1.69;£0.35/100g;Yoghurt;Yoghurts;379 kJ 456 kJ 5 %;3.8;null;null;2.6;null;null;0.1;
267339640;Shape Delights Caramel Dessert 4X110g;£1.50;£0.34/100g;Yoghurt;Yoghurts;null;null;null;null;null;null;null;null;
256916383;Tesco Low Fat Berry Medley Yoghurt 6X125g;£1.00;£0.13/100g;Yoghurt;Yoghurts;91;3.3;null;12.9;1.8;1.3;0.3;0.1;
267339611;Shape Delights Chocolate Dessert 4X110g;£1.50;£0.34/100g;Yoghurt;Yoghurts;null;null;null;null;null;null;null;null;
272506700;Tesco Low Fat Strawberry Yoghurt 150G;£0.40;£0.27/100g;Yoghurt;Yoghurts;82;5.1;null;11.9;1.3;0.9;0.2;0.2;
279565157;Shape Desserts Chocolate Hazelnut Dessert 4X110g;£1.50;£0.34/100g;Yoghurt;Yoghurts;null;null;null;null;null;null;null;null;
284064792;Tesco Healthy Living Red Fruits Yoghurt 4 X 120G;£1.00;£0.21/100g;Yoghurt;Yoghurts;49;4.7;null;6.3;0.2;0.1;0.2;0.2;
262042556;Ski Smooth Strawberry & Raspberry Yoghurt 4X120g;£1.69;£0.35/100g;Yoghurt;Yoghurts;397 kJ 479 kJ -;3.9;null;null;2.7;null;null;0.1;
256916475;Tesco Low Fat Garden Fruits Yoghurt 6X125g;£1.00;£0.13/100g;Yoghurt;Yoghurts;93;3.8;null;13.9;1.9;1.3;0.3;0.1;
283587701;Tesco Low Fat Greek Style Red Fruit Yoghurt 4 X 100G;£1.25;£0.31/100g;Yoghurt;Yoghurts;99;4.3;null;15.4;2.2;1.6;0.3;0.4;
284064881;Tesco Healthy Living Toffee And Vanilla 0% Fat 4X120g;£1.20;£0.25/100g;Yoghurt;Yoghurts;52;5.2;null;7.0;0.2;0.1;0;0.2;
274455042;Tesco French Set Yoghurt 6X125g;£1.00;£0.13/100g;Yoghurt;Yoghurts;95;3.5;null;10.0;2.9;2.1;0;0.1;
282482135;Ski Yoghurt Limited Edition Coconut Yoghurt 4X120g;£1.69;£0.35/100g;Yoghurt;Yoghurts;397kJ 476 kJ 6%;3.6;null;null;2.9;null;null;0.1;
284044369;Weight Watchers Greek Style Honeyed Vanilla Yoghurt 400G;£2.00;£0.50/100g;Yoghurt;Yoghurts;null;6.4;null;null;0.1;null;0.1;0.14;
250780240;Weight Watchers Summer Fruit Yoghurt 4X120g;£1.59;£0.33/100g;Yoghurt;Yoghurts;null;4.1;null;null;0.1;null;0.2;0.17;
255792327;Weight Watchers Chocolate And Vanilla Mousse 2X80g;null;null;Yoghurt;Yoghurts;null;4.0;null;null;3.0;null;0.6;0.10;
286307148;Activia Fibre Topper 171.5G;£0.99;£0.58/100g;Yoghurt;Yoghurts;null;null;null;null;null;null;null;null;
284195224;W W 0% Fat Greek Style Natural Yoghurt 450G;£1.89;£0.42/100g;Yoghurt;Yoghurts;null;7.5;null;null;0.1;null;0.1;0.15;
255923600;Weight Watchers Toffee And Vanilla Yoghurt 4X120g;£1.59;£0.33/100g;Yoghurt;Yoghurts;192kJ/ 231kJ/ 8400kJ;4.1;null;null;0.1;null;0.1;0.15;
256528888;Activia Natural Biological Yoghurt 500G;£1.20;£0.24/100g;Yoghurt;Yoghurts;null;null;null;null;null;null;null;null;
272702197;Total 0% Fat Greek Honey Yoghurt 170G;£1.09;£0.64/100g;Yoghurt;Yoghurts;108 ;8.3;null;null;0;null;null;0.08;
281723377;Weightwatchers Greek Strawberry Yoghurt 4 X 100G;£2.00;£0.50/100g;Yoghurt;Yoghurts;null;6.4;null;null;0.1;null;0.2;0.15;
250780205;Weight Watchers Vanilla And Fruit Fromage Frais 4X100g;£1.59;£0.40/100g;Yoghurt;Yoghurts;null;5.6;null;null;0.1;null;0.2;0.11;
268055186;Tesco Low Fat Sweet Treat Yoghurt 6X125g;£1.00;£0.13/100g;Yoghurt;Yoghurts;98;3.0;null;13.3;2.1;1.3;0.3;0.2;
285322436;Tesco Low Fat White And Orange Chocolate 4X100g;£1.20;£0.30/100g;Yoghurt;Yoghurts;116;5.0;null;18.0;2.7;1.7;0;0.2;
281878308;Weightwatchers Greek Coconut 4 X 100G;£2.00;£0.50/100g;Yoghurt;Yoghurts;null;6.4;null;null;0.5;null;0.8;0.13;
279564400;Weight Watchers Dessert Recipe Gb Favourite 4X120g;£1.59;£0.33/100g;Yoghurt;Yoghurts;null;4.1;null;null;0.1;null;0.3;0.15;
274579166;Total 0% Greek Yoghurt Split Pot Raspberry 170G;£1.09;£0.64/100g;Yoghurt;Yoghurts;85 ;8.3;null;null;0;null;null;0.13;
272506884;Tesco Low Fat Toffee Yoghurt 150G;£0.40;£0.27/100g;Yoghurt;Yoghurts;104;4.8;null;17.0;1.8;1.2;0.1;0.2;
252075225;Weight Watchers Citrus Fruit Yoghurt 4X120g;£1.59;£0.33/100g;Yoghurt;Yoghurts;null;4.2;null;null;0.1;null;1.0;0.16;
281866668;Weightwatchers Greek Lemon 4 X 100G;£2.00;£0.50/100g;Yoghurt;Yoghurts;null;6.4;null;null;0.1;null;0.1;0.16;
258722326;Weight Watchers Dessert Style Yoghurt 4X120g;£1.59;£0.33/100g;Yoghurt;Yoghurts;null;4.1;null;null;0.2;null;0.4;0.18;
258722424;Weight Watchers Berry Cherry Fromage Frais 4X100g;£1.59;£0.40/100g;Yoghurt;Yoghurts;null;5.6;null;null;0.1;null;0.2;0.15;
276890951;Danone Oykos Citrus Yoghurt 4X110g;£2.20;£0.50/100g;Yoghurt;Yoghurts;null;null;null;null;null;null;null;null;
282513152;Liberte Greek Style Strained Yoghurt 500G;£1.75;£0.35/100g;Yoghurt;Yoghurts;null;9.6;null;null;0.1;null;0.1;0.14;
268804975;Onken Fat Free Natural Yoghurt 450G;£1.40;£0.31/100g;Yoghurt;Yoghurts;46;5.4;null;null;0.1;null;null;0.20;
273627780;Oykos Pear Yoghurt 4X110g;£2.20;£0.50/100g;Yoghurt;Yoghurts;null;null;null;null;null;null;null;null;
263282124;Tesco 0% Fat Natural Yoghurt 500G;£1.10;£0.22/100g;Yoghurt;Yoghurts;52;5.5;null;6.8;0.3;0.2;0;0.2;
273627768;Oykos Strawberry Yoghurt 4X110g;£2.20;£0.50/100g;Yoghurt;Yoghurts;null;null;null;null;null;null;null;null;
268805104;Onken Natural Set Yoghurt 500G;£1.40;£0.28/100g;Yoghurt;Yoghurts;68;3.7;null;null;3.7;null;null;0.15;
253117849;Tesco Greek Style Yoghurt 200G;£0.50;£0.25/100g;Yoghurt;Yoghurts;124;4.2;null;5.4;9.5;6.3;0;0.1;
274510599;Tesco Fat Free Greek Style Yoghurt 500G;£1.10;£0.22/100g;Yoghurt;Yoghurts;55;7.3;null;5.3;0.4;0.3;0.4;0.2;
279856032;Liberte F/Free Greek Blueberry Yoghurt 4X100g;£2.19;£0.55/100g;Yoghurt;Yoghurts;null;7.7;null;null;0.1;null;0.5;0.12;
279856124;Liberte F/Free Greek Strawberry Yoghurt 4X100g;£2.19;£0.55/100g;Yoghurt;Yoghurts;null;7.8;null;null;0.1;null;0.2;0.12;
264672976;Tesco Fat Free Greek Style Yoghurt 200G;£0.50;£0.25/100g;Yoghurt;Yoghurts;55;7.3;null;5.3;0.4;0.3;0.4;0.2;
268785345;Onken Natural Yoghurt 450G;£1.40;£0.31/100g;Yoghurt;Yoghurts;76;5.0;null;null;3.8;null;null;0.18;
258559978;Tesco Everyday Value Low Fat Natural Yoghurt 500G;£0.45;£0.09/100g;Yoghurt;Yoghurts;62;5.0;null;7.2;1.5;0.9;0;0.2;
273627808;Oykos Peach Yoghurt 4X110g;£2.20;£0.50/100g;Yoghurt;Yoghurts;null;null;null;null;null;null;null;null;
267683225;Rachel's Greek Style Organic Coconut Yoghurt 450G;£2.00;£0.43/100g;Yoghurt;Yoghurts;145;3.3;null;null;10.1;null;null;0.1;
256381115;Tesco Finest Greek Yoghurt 500G;£1.60;£0.32/100g;Yoghurt;Yoghurts;132;6.0;null;4.0;10.0;7.0;0;0.3;
286173092;Tesco 0% Fruit And Vegetable Greek Style Yoghurt 4X100g;£1.25;£0.31/100g;Yoghurt;Yoghurts;65;6.3;null;8.7;0.2;0.1;0.2;0.2;
286173247;Tesco Greek Style Honey Yoghurt 0% Fat 450G;£1.25;£0.28/100g;Yoghurt;Yoghurts;81;6.8;null;12.7;0.2;0.1;0;0.2;
275281049;Tesco Finest 0% Fat Greek Yoghurt 500G;£1.60;£0.32/100g;Yoghurt;Yoghurts;54;8.3;null;3.3;0.4;0.3;0;0.3;
263279843;Tesco Healthy Living Natural Fromage Frais 500G;£1.00;£0.20/100g;Yoghurt;Yoghurts;46;7.8;null;3.3;0.2;0.1;0;0.1;
255752888;Tesco Low Fat Greek Style Yoghurt 500G;£1.10;£0.22/100g;Yoghurt;Yoghurts;77;5.5;null;7.0;3.0;2.0;0;0.2;
268279288;Total 0% Fat Greek Yoghurt 500G;£2.39;£0.48/100g;Yoghurt;Yoghurts;57 ;10.3;null;null;0;null;null;0.1;
286172790;Tesco Low Fat Natural Yoghurt 4X100g;£1.00;£0.25/100g;Yoghurt;Yoghurts;61;5.0;null;6.9;1.4;0.9;0;0.2;
258170229;Tesco Greek Style Yoghurt 500G;£1.10;£0.22/100g;Yoghurt;Yoghurts;124;4.2;null;5.4;9.5;6.3;0;0.1;
256612431;Total Greek Yoghurt 500G;£2.39;£0.48/100g;Yoghurt;Yoghurts;96 ;9.0;null;null;5.0;null;null;0.1;
253444444;Yeo Valley 0% Fat Natural Yoghurt 500G;£1.50;£0.30/100g;Yoghurt;Yoghurts;59 ;5.9;null;null;0;null;null;null;
254268271;Tesco Low Fat Natural Yoghurt 1Kg;£1.89;£0.19/100g;Yoghurt;Yoghurts;61;5.0;null;6.9;1.4;0.9;0;0.2;
251791087;Yeo Valley Natural Yoghurt 150G;£0.50;£0.33/100g;Yoghurt;Yoghurts;82;4.6;null;null;4.2;null;null;null;
273926489;Yeo Valley Natural Yoghurt 4X120g;£1.50;£0.31/100g;Yoghurt;Yoghurts;82;4.6;null;null;4.2;null;null;null;
264933396;Yeo Valley 0% Fat Natural Yoghurt 150G;£0.50;£0.33/100g;Yoghurt;Yoghurts;59;5.9;null;null;0;null;null;null;
283610542;Y/Valley 0% Fat Greek Style Natural Yoghurt 450G;£1.80;£0.40/100g;Yoghurt;Yoghurts;63;7.6;null;null;0;null;null;null;
286172974;Tesco Low Fat Greek Style Yellow Yoghurt 4X100g;£1.25;£0.31/100g;Yoghurt;Yoghurts;98;3.9;null;15.6;2.2;1.4;0.2;0.2;
283588101;Tesco Natural Yoghurt 500G;£1.10;£0.22/100g;Yoghurt;Yoghurts;81;5.0;null;6.6;3.8;2.5;0;0.2;
258170431;Tesco Low Fat Natural Yoghurt 500G;£1.10;£0.22/100g;Yoghurt;Yoghurts;65;5.0;null;6.9;1.4;0.9;0;0.2;
263464520;Yeo Valley 0% Fat Natural Yoghurt 1Kg;£2.50;£0.25/100g;Yoghurt;Yoghurts;59;5.9;null;null;0;null;null;null;
283587528;Tesco Greek Style Yoghurt 4 X 100G;£1.00;£0.25/100g;Yoghurt;Yoghurts;124;4.2;null;5.4;9.5;6.3;0;0.1;
286615993;The Collective Straight Up Yoghurt 500G;£2.29;£0.46/100g;Yoghurt;Yoghurts;109 ;5.5;null;null;5.7;null;null;0.27;
253444726;Yeo Valley Natural Yoghurt 1Kg;£2.50;£0.25/100g;Yoghurt;Yoghurts;82;4.6;null;null;4.2;null;null;null;
258756574;Yeo Valley Natural Yoghurt 500G;£1.50;£0.30/100g;Yoghurt;Yoghurts;82 ;4.6;null;null;4.2;null;null;0.18;
283470695;Goodness No Added Sugar Fromage Frais 4 X 80G;£1.00;£0.31/100g;Yoghurt;Yoghurts;91;5.9;null;11.2;2.0;1.3;0.2;null;
284952509;Angry Birds Yoghurt Strawberry 4X100g;£1.00;£0.25/100g;Yoghurt;Yoghurts;403 KJ -;4.1;null;null;2.2;null;null;0.2;
281068927;Frubes Limited Edition 9 X 40G;£2.00;£0.56/100g;Yoghurt;Yoghurts;null;null;null;null;null;null;null;null;
272971124;Frubes Pouches Strawberry And Raspberry 6X70g;£2.00;£0.48/100g;Yoghurt;Yoghurts;95 ;3.3;null;null;2.5;null;Nil;null;
273949698;Ella's Kitchen Stage 1 Fromage Frais 6 X 55G;£2.00;£0.61/100g;Yoghurt;Yoghurts;418kJ 230kJ;4.9;null;null;3.1;null;null;null;
282481977;Yv 0% Fat Greek Style Yoghurt 150G;£0.50;£0.33/100g;Yoghurt;Yoghurts;63;7.6;null;null;0;null;null;null;
282720776;Little Yeo's Mellow Yellow Fromage Frais 6X45g;£1.75;£0.65/100g;Yoghurt;Yoghurts;95 ;6.3;null;null;2.6;null;null;null;
273924704;Activia Breakfast Topper Vanilla 160G;£0.99;£0.62/100g;Yoghurt;Yoghurts;null;null;null;null;null;null;null;null;
251107657;Frubes Variety Pack 9 X 40G;£2.00;£0.56/100g;Yoghurt;Yoghurts;null;null;null;null;null;null;null;null;
256724805;Frubes Strawberry 9 X 40G;£2.00;£0.56/100g;Yoghurt;Yoghurts;null;null;null;null;null;null;null;null;
276617770;Yeo Valley 0% Blueberry Granola Yoghurt 135G;£0.99;£0.73/100g;Yoghurt;Yoghurts;161;5.6;null;null;5.7;null;null;null;
274558410;Yeo Valley 0% Strawberry Yoghurt And Granola 135G;£0.99;£0.73/100g;Yoghurt;Yoghurts;131;6.2;null;null;2.4;null;null;null;
277708246;Disney Monsters Uni Yoghurt Tubes 9X40g;£1.50;£0.42/100g;Yoghurt;Yoghurts;400kJ/ 160kJ/;5.4;null;null;2.8;null;null;null;
272582769;Yeo Valley 0% Fat Vanilla And Granola Yog135g;£0.99;£0.73/100g;Yoghurt;Yoghurts;143;6.8;null;null;2.5;null;null;null;
283846539;Disney Junior Strawberry And Apricot Yoghurt 6 X 45G;£1.50;£0.56/100g;Yoghurt;Yoghurts;364kJ/ 164kJ/;5.6;null;null;2.5;null;null;null;
272506942;Disney Princess Mixed Fruit Tubes 9X40g;£1.50;£0.42/100g;Yoghurt;Yoghurts;400kJ/ 160kJ/;5.4;null;null;2.8;null;null;null;
273556609;Nomadic Oats Chocolate And Natural Yoghurt 169G;£1.00;£0.59/100g;Yoghurt;Yoghurts;7Kcal;5.7;null;null;6;null;null;0.16;
274579080;Disney Jelly Tubes 9X40g;£1.50;£0.42/100g;Yoghurt;Yoghurts;292kJ/ 117kJ/;0.3;null;null;0;null;null;null;
273924744;Activia Breakfast Topper Honey 160G;£0.99;£0.62/100g;Yoghurt;Yoghurts;null;null;null;null;null;null;null;null;
273556431;Nomadic Strawberry Oat Clusters And Low Fat Yoghurt 169G;£1.00;£0.59/100g;Yoghurt;Yoghurts;6;5.8;null;null;5.5;null;null;0.17;
277615603;Moshi Monsters Strawberry Yoghurt 4X90g;£1.00;£0.28/100g;Yoghurt;Yoghurts;null;3.3;null;null;2.8;null;0.1;0.12;
276535457;Muller Corner Kids Blast Off Yoghurt 4X135g;£1.19;£0.22/100g;Yoghurt;Yoghurts;142;4.1;null;null;4.9;null;null;0.16;
276535774;Muller Corner Kids Hearts Yoghurt 4X135g;£1.19;£0.22/100g;Yoghurt;Yoghurts;142;4.1;null;null;4.9;null;null;0.14;
268776788;Munch Bunch Double Up Strawberry And Vanilla Yoghurt 4X85g;£1.69;£0.50/100g;Yoghurt;Yoghurts;434 kJ 371 kJ;5.9;null;null;2.7;null;null;0.1;
276430454;Munch Bunch Jelly Delight Strawberry Vanilla 340G;£1.69;£0.50/100g;Yoghurt;Yoghurts;362 kJ 309 kJ;3.9;null;null;1.6;null;null;0.1;
274513521;Munch Bunch Squashums Strawberry And Peach 6X60g;£1.99;£0.55/100g;Yoghurt;Yoghurts;397 kJ 475 kJ;3.9;null;null;2.7;null;null;0.3;
268270021;Munch Bunch Squashum Strawberry And Raspberry 6X60g;£1.99;£0.55/100g;Yoghurt;Yoghurts;397 kJ 475 kJ;3.9;null;null;2.7;null;null;0.3;
276535590;Muller Corner Kids Confec Yoghurt 4X135g;£1.19;£0.22/100g;Yoghurt;Yoghurts;153;4.1;null;null;5.5;null;null;0.1;
282721003;Little Yeos Fruity Favourites Tubes 9X40g;£1.75;£0.49/100g;Yoghurt;Yoghurts;100;6.2;null;null;2.7;null;null;null;
286815439;Muller Corner Kids Seasonal 4 Pack (4X135g);£1.19;£2.21/kg;Yoghurt;Yoghurts;146;4.1;null;null;5.4;null;null;0.15;
272471895;Munch Bunch Double Up Strawberry Raspberry Yoghurt 4X85g;£1.69;£0.50/100g;Yoghurt;Yoghurts;435 kJ 371 kJ;5.9;null;null;2.7;null;null;0.1;
262043110;Munch Bunch Squashums Strawberry 6X60g;£1.99;£0.55/100g;Yoghurt;Yoghurts;397 kJ 475 kJ;3.9;null;null;2.7;null;null;0.3;
268776736;Munch Bunch Double Up Strawberry And Banana Yoghurt 4X85g;£1.69;£0.50/100g;Yoghurt;Yoghurts;438 kJ 374 kJ;6.1;null;null;2.7;null;null;0.1;
276430615;Milkybar Little Treats 6X60g;£1.00;£0.28/100g;Yoghurt;Yoghurts;833 kJ 500 kJ -;3.8;null;null;9.5;null;null;0.5;
262043594;Munch Bunch Fruit Fromage Frais 6X42g;£1.59;£0.63/100g;Yoghurt;Yoghurts;433 kJ 180 kJ;5.7;null;null;3.0;null;null;0.1;
262043323;Munch Bunch Drinky Strawberry 6X90g;£0.99;£0.18/100g;Yoghurt;Yoghurts;320 kJ 288 kJ 3%;2.8;null;null;1.3;null;null;0.1;
282720908;Little Yeo's Merry Berry Fromage Frais 6X45g;£1.75;£0.65/100g;Yoghurt;Yoghurts;96 ;6.3;null;null;2.7;null;null;null;
283170402;Mb Squashums Fruit Pouch Apple Strawberry 4X90g;£1.99;£0.55/100g;Yoghurt;Yoghurts;285 kJ 258 kJ;0.4;null;null;0.3;null;null;0.0;
265240822;Munch Bunch Fruit Variety Fromage Frais 6X42g;£1.59;£0.63/100g;Yoghurt;Yoghurts;441 kJ 186 kJ;6.1;null;null;3.1;null;null;0.1;
276430500;Munch Bunch Jelly Delight Strawberry 4X85g;£1.69;£0.50/100g;Yoghurt;Yoghurts;362 kJ 309 kJ;3.9;null;null;1.6;null;null;0.1;
283589117;Peppa Pig Jelly Strawberry 75G;£0.50;£0.67/100g;Yoghurt;Yoghurts;null;null;14.3;null;0.2;null;null;0.03;
285021026;Petits Filous Apricot And Strawberry Fromage Frais 4X85g;£1.50;£0.44/100g;Yoghurt;Yoghurts;null;null;null;null;null;null;null;null;
285021202;Petits Filous Fromage Frais 18X47g;£3.00;£0.36/100g;Yoghurt;Yoghurts;95 ;5.3;null;null;2.3;null;0.1;0.12;
285020603;Petit Filous Strawberry And Banana Fromage Frais 6X47g;£1.00;£0.36/100g;Yoghurt;Yoghurts;null;null;null;null;null;null;null;null;
285019796;Petits Filous Strawberry &R/Berry Fromage Frais 6X47g;£1.00;£0.36/100g;Yoghurt;Yoghurts;null;null;null;null;null;null;null;null;
279716204;Munch Bunch Strawberry And Chocolate 4X85g;£1.69;£0.50/100g;Yoghurt;Yoghurts;470kJ 400kJ;6.2;null;null;3.0;null;null;0.1;
286442200;Petits Filous Magic Squares Strawberry / Vanilla 4X80g;£1.89;£0.59/100g;Yoghurt;Yoghurts;null;null;null;null;null;null;null;null;
265436384;Petit Filous Greek Style Yoghurt 6 X 55G;£1.00;£0.30/100g;Yoghurt;Yoghurts;null;null;null;null;null;null;null;null;
285020845;Petits Filous Strawberry Fromage Frais 6X47g;£1.00;£0.36/100g;Yoghurt;Yoghurts;null;5.3;null;null;null;null;null;0.12;
256724728;Petits Filous Strawberry & Raspberry Yoghurt 4X100g;£1.50;£0.38/100g;Yoghurt;Yoghurts;null;null;null;null;null;null;null;null;
281902690;Munch Bunch Strawberry & Raspberry Fromage Frais 6 X 42G;£1.59;£0.63/100g;Yoghurt;Yoghurts;432 kJ 180 kJ;5.7;null;null;3;null;null;0.1;
285020943;Petits Filous Strawberry & Raspberry Fromage Frais 4X85g;£1.50;£0.44/100g;Yoghurt;Yoghurts;null;null;null;null;null;null;null;null;
259161976;Rachel's My First Yoghurt 4X90g;£2.00;£0.56/100g;Yoghurt;Yoghurts;null;3.9;null;null;3.5;null;null;0.3;
284953439;Munch Bunch Yoghurt Drink Sunshine Fruits 6X90g;£0.99;£0.18/100g;Yoghurt;Yoghurts;329 kJ 296 kJ 4%;2.9;null;null;1.3;null;null;0.1;
265302502;Petits Filous Little Desserts 6X55g;£1.00;£0.30/100g;Yoghurt;Yoghurts;null;null;null;null;null;null;null;null;
271641638;Peppa Pig Strawberry Fromage Frais 6X45g;£1.00;£0.37/100g;Yoghurt;Yoghurts;95;5.3;null;null;2.3;null;0.1;0.13;
262043248;Munch Bunch Whole Milk Fruit Variety 4X100g;£0.79;£0.20/100g;Yoghurt;Yoghurts;400 kJ;4.0;null;null;3.0;null;null;0.2;
285020056;Petits Filous Strawberry And Apricot Fromage Frais 6X47g;£1.00;£0.36/100g;Yoghurt;Yoghurts;null;null;null;null;null;null;null;null;
286442223;Petits Filous Magic Squares Raspberry / Vanilla 4X80g;£1.89;£0.59/100g;Yoghurt;Yoghurts;null;null;null;null;null;null;null;null;
284196874;Strawberry Crackle Heart Shape Pot 135G;£0.89;£0.66/100g;Yoghurt;Yoghurts;499 kJ;2,9;null;null;3,2;null;null;0,13;
282998274;The Collective Suckies Strawberry Yoghurt 100G;£0.79;£0.79/100g;Yoghurt;Yoghurts;90;3.1;null;null;3.0;null;null;0.1;
256631523;Wildlife Choobs Mixed Fruit 6X40g;£1.00;£0.42/100g;Yoghurt;Yoghurts;102;4.9;null;null;2.8;null;0.1;0.13;
283982302;Wildlife Big Pots Chocolate Yoghurt 4X85g;£1.00;£0.29/100g;Yoghurt;Yoghurts;null;4.9;null;null;5.0;null;1.0;0.25;
268597723;Tesco Goodness Strawberry Fromage Frais Tubes 9X40g;£1.00;£0.28/100g;Yoghurt;Yoghurts;92;4.5;null;9.7;3.7;2.5;0.3;0.2;
284215862;Tesco Goodness Pouches Strawberry Apricot 4X80g;£1.00;£0.31/100g;Yoghurt;Yoghurts;90;6.1;null;10.3;2.1;1.3;0.2;0.1;
278934517;Tesco Goodness Raspberry &S/Berry Yoghurt 4X90g;£1.00;£0.28/100g;Yoghurt;Yoghurts;87;4.2;null;9.8;3.4;2.3;0.2;0.2;
285021222;Wildlife Fromage Frais Big Pots 4X90g;£1.00;£0.29/100g;Yoghurt;Yoghurts;null;5.3;null;null;2.3;null;0.1;0.13;
284215945;Tesco Goodness Pouches Strawberry And Raspberry 4X80g;£1.00;£0.31/100g;Yoghurt;Yoghurts;91;6.1;null;10.3;2.1;1.3;0.2;0.1;
268548834;Tesco Goodness Fromage Frais 6X50g;£1.00;£0.33/100g;Yoghurt;Yoghurts;103;7.1;null;10.4;3.0;1.9;0.1;null;
266387284;Wildlife Fromage Frais 18X45g;£2.00;£0.25/100g;Yoghurt;Yoghurts;95;5.3;null;null;2.3;null;0.1;0.13;
282997839;The Collective Suckies Kiwi, Apl,Pear Yog100g;£0.79;£0.79/100g;Yoghurt;Yoghurts;91;3.1;null;null;3.0;null;null;0.1;
284255027;Tesco Everyday Value Fromage Frais Strawberry 6*55G;£0.42;£0.13/100g;Yoghurt;Yoghurts;null;null;null;null;null;null;null;null;
282998838;The Collective Tropical Yoghurt 100G;£0.79;£0.79/100g;Yoghurt;Yoghurts;372kJ/89 372kJ/89kcal;3.1;null;null;2.9;null;null;0.1;
265227787;Thomas And Friends Fromage Frais 6X45g;£1.00;£0.37/100g;Yoghurt;Yoghurts;96;5.3;null;null;2.4;null;0.1;null;
268876451;Wildlife Choobs Limited Edition 6X40g;£1.00;£0.42/100g;Yoghurt;Yoghurts;102;4.9;null;null;2.8;null;0.1;0.12;
264933160;Wildlife Choobs Strawberry 6X40g;£1.00;£0.42/100g;Yoghurt;Yoghurts;102;4.9;null;null;2.8;null;0.1;0.13;
266560597;Rachel's Forbidden Fruits Yoghurt 4X120g;£2.00;£0.42/100g;Yoghurt;Yoghurts;null;3.4;null;null;5.5;null;null;0.1;
283472641;Tesco Goodness Veggie Yogurts 6X55g;£1.00;£0.30/100g;Yoghurt;Yoghurts;86;4.2;null;9.2;3.5;2.4;0.2;0.1;
264329743;Yeo Valley Organic Little Yeos Yoghurt 4X90g;£1.75;£0.49/100g;Yoghurt;Yoghurts;108;5.4;null;null;4.5;null;null;null;
283589584;Thomas Jelly Raspberry 75G;£0.50;£0.67/100g;Yoghurt;Yoghurts;null;null;13.2;null;0.1;null;null;0.1;
266860795;Yeo Valley Strawberry Yoghurt 4X120g;£1.75;£0.37/100g;Yoghurt;Yoghurts;106;4.7;null;null;3.8;null;null;null;
283610467;Y/Valley 0% Fat Greek Style Honey Yoghurt 4 X 120G;£2.19;£0.46/100g;Yoghurt;Yoghurts;84;6.8;null;null;0;null;null;null;
284216282;Yeo Valley Pick & Mix Fruit Compote 60G;£0.50;£0.83/100g;Yoghurt;Yoghurts;75;0.7;null;null;0.1;null;null;0.02;
283628867;Yeo Valley 0% Fat Greek Style Lemon Yoghurt 4X120g;£2.19;£0.46/100g;Yoghurt;Yoghurts;80;6.7;null;null;0;null;null;null;
271856649;Tesco Free From Mango Yoghurt 4X100g;£1.50;£0.38/100g;Yoghurt;Yoghurts;86;3.7;null;12.5;2.1;0.3;0.4;0.1;
271856908;Tesco Free From Natural Yoghurt 500G;£1.25;£0.25/100g;Yoghurt;Yoghurts;46;4.6;null;0.7;2.6;0.4;0.1;0.1;
284254875;Yeo Valley Pick A Mix Apple And Berry Compote 60G;£0.50;£0.83/100g;Yoghurt;Yoghurts;72;0.3;null;null;0.1;null;null;0.02;
271857660;Tesco Free From Raspberry Passion Fruit Yogurt4x100g;£1.50;£0.38/100g;Yoghurt;Yoghurts;85;3.7;null;12.0;2.1;0.3;0.6;0.1;
283628965;Yeo And Go Natural Yoghurt And Oat Granola 175G;£1.29;£0.74/100g;Yoghurt;Yoghurts;159;6.0;null;null;6.6;null;null;null;
284255701;Alpro Lemon And Lime Yoghurt 500G;£1.35;£0.27/100g;Yoghurt;Yoghurts;77 ;3.6;null;9.7;2.0;0.3;0.6;0.21;
284238618;Yeo Valley Pick And Mix Oat Granola 30G;null;null;Yoghurt;Yoghurts;440;6.5;null;null;11.6;null;null;0.13;
285985146;Team Sky High Protect Raspberry And Blueberry 330Ml;null;null;Yoghurt;Yoghurts;182kJ 601kJ;8.0;1.3;null;0.7;null;null;0.1;
255639038;Yeo Valley Greek Style Natural Yoghurt 450G;£1.80;£0.40/100g;Yoghurt;Yoghurts;129;4.5;null;null;9.5;null;null;null;
284254224;Yeo Valley Pick & Mix Chocolate Chips 30G;null;null;Yoghurt;Yoghurts;497;5.7;null;null;27.3;null;null;0.01;
284254950;Alpro Strawberry And Rhubarb Yoghurt 500G;£1.35;£0.27/100g;Yoghurt;Yoghurts;74 ;3.6;null;9.4;1.9;0.3;1.0;0.25;
284239116;Yeo Valley Pick A Mix Orange Infused Granola 30G;£0.50;£1.67/100g;Yoghurt;Yoghurts;440;13.0;null;null;15.7;null;null;0.01;
272260511;Lactofree Strawberry & Raspberry Yoghurt 4X125g;£1.58;£0.32/100g;Yoghurt;Yoghurts;101Kcal;3.5;null;null;2.6;null;0.4;0.08;
283630982;Greek Natural And Summer Fruit Compote 215G;£1.29;£0.60/100g;Yoghurt;Yoghurts;112;3.2;null;null;6.5;null;null;null;
284064898;St Helen's Farm Goats Yoghurt Fat Free 450G;£2.29;£0.51/100g;Yoghurt;Yoghurts;null;6.0;null;null;0.1;null;null;0.1;
271857533;Tesco Free From Peach Yoghurt 4X100g;£1.50;£0.38/100g;Yoghurt;Yoghurts;83;3.7;null;11.9;2.1;0.3;0.4;0.1;
285985181;Team Sky High Breakfast Pot Summer Fruit 130G;null;null;Yoghurt;Yoghurts;371kJ;8.2;null;null;0.3;null;8.2;0.10;
260378143;St Helens Farm Natural Goats Milk Yoghurt 450G;£2.29;£0.51/100g;Yoghurt;Yoghurts;null;5.5;null;null;7.3;null;null;0.1;
276884964;Muller Light Chocolate Fix Milk Chocolate 4X100g;£2.19;£0.55/100g;Yoghurt;Yoghurts;99;2.6;null;null;2.0;null;null;0.1;
260928737;Actimel Blueberry Drink 8X100g;£2.78;£0.35/100g;Yoghurt;Yoghurt Drinks;null;null;null;null;null;null;null;null;
283315114;Actimel Strawberry And Blueberry Drink 12X100g;£3.85;£0.32/100g;Yoghurt;Yoghurt Drinks;null;null;null;null;null;null;null;null;
282029230;Actimel Fat Free Original Drink 12X100g;£3.85;£0.32/100g;Yoghurt;Yoghurt Drinks;null;null;null;null;null;null;null;null;
282029132;Actimel Strawberry Drink 12X100g;£3.85;£0.32/100g;Yoghurt;Yoghurt Drinks;null;null;null;null;null;null;null;null;
286061558;Actimel For Kids Raspberry And Strawberry 6X100g;£2.29;£0.38/100g;Yoghurt;Yoghurt Drinks;null;null;null;null;null;null;null;null;
279564642;Actimel Mango And Passion Fruit Yoghurt Drink 8X100g;£2.78;£0.35/100g;Yoghurt;Yoghurt Drinks;null;null;null;null;null;null;null;null;
260467222;Actimel Coconut Drink 8X100g;£2.78;£0.35/100g;Yoghurt;Yoghurt Drinks;null;null;null;null;null;null;null;null;
253530336;Yakult Light Milk Drink 7X65ml;£2.75;£0.60/100ml;Yoghurt;Yoghurt Drinks;42 ;1.4;null;null;0;null;null;0.04;
286061587;Actimel For Kids Vanilla And Strawberry 6X100g;£2.29;£0.38/100g;Yoghurt;Yoghurt Drinks;null;null;null;null;null;null;null;null;
286061535;Actimel For Kids Strawberry 6X100g;£2.29;£0.38/100g;Yoghurt;Yoghurt Drinks;null;null;null;null;null;null;null;null;
256145937;Actimel Multifruit Drink 8X100g;£2.78;£0.35/100g;Yoghurt;Yoghurt Drinks;null;null;null;null;null;null;null;null;
263761531;Actimel Vanilla Drink 8X100g;£2.78;£0.35/100g;Yoghurt;Yoghurt Drinks;null;null;null;null;null;null;null;null;
256572206;Actimel Original Drink 8X100;£2.78;£0.35/100g;Yoghurt;Yoghurt Drinks;71;2.8;null;null;1.6;null;0;0.1;
250468081;Actimel Fat Free Original Drink 8X100g;£2.78;£0.35/100g;Yoghurt;Yoghurt Drinks;null;null;null;null;null;null;null;null;
266158550;Actimel Raspberry Drink 8X100g;£2.78;£0.35/100g;Yoghurt;Yoghurt Drinks;null;null;null;null;null;null;null;null;
251354317;Yakult Fermented Milk Drink 7X65ml;£2.75;£0.60/100ml;Yoghurt;Yoghurt Drinks;66 ;1.3;null;null;0;null;null;0.04;
282029452;Actimel Multifruit Drink 12X100g;£3.85;£0.32/100g;Yoghurt;Yoghurt Drinks;325/77 4;null;null;null;null;null;null;null;
255084895;Actimel Strawberry Drink 8X100g;£2.78;£0.35/100g;Yoghurt;Yoghurt Drinks;null;null;null;null;null;null;null;null;
255024950;Actimel Fat Free Strawberry Drink 8X100g;£2.78;£0.35/100g;Yoghurt;Yoghurt Drinks;null;null;null;null;null;null;null;null;
258837908;Actimel Fat Free Raspberry Drink 8X100g;£2.78;£0.35/100g;Yoghurt;Yoghurt Drinks;null;null;null;null;null;null;null;null;
264798856;Tesco Peach And Apricot Yoghurt Drinks 6X100g;£1.20;£0.20/100g;Yoghurt;Yoghurt Drinks;70;2.3;null;9.0;1.2;0.6;0.2;0.1;
284238630;Upbeat Protien Drink Raspberry And Blueberry 250Ml;£1.75;£0.70/100ml;Yoghurt;Yoghurt Drinks;null;null;null;null;null;null;null;null;
268890208;Benecol Blueberry Yoghurt Drink 6X67.5G;£3.78;£0.93/100g;Yoghurt;Yoghurt Drinks;52;2.8;null;null;1.9;null;0.3;Trace;
284237343;Team Sky Smoothie Orange And Mango 330Ml;£2.50;£0.76/100ml;Yoghurt;Yoghurt Drinks;234kJ 772kJ;8.0;4.1;null;0.7;null;null;0.1;
260191530;Benecol Peach And Apricot Yoghurt Drink 6X67.5G;£3.78;£0.93/100g;Yoghurt;Yoghurt Drinks;56;2.9;null;null;2;null;0.2;0.01;
285985146;Team Sky High Protect Raspberry And Blueberry 330Ml;null;null;Yoghurt;Yoghurt Drinks;182kJ 601kJ;8.0;1.3;null;0.7;null;null;0.1;
284317410;Usn Diet Fuel Chocolate 330Ml;£2.29;£0.69/100ml;Yoghurt;Yoghurt Drinks;232kJ 765kJ;8.0;null;null;null;null;0.5;null;
283668312;Ufit Protein Shake Drink Chocolate 310Ml;£2.00;£0.65/100ml;Yoghurt;Yoghurt Drinks;null;null;null;null;null;null;null;null;
280825002;Benecolplus Heart Vitamin Multi Yoghurt Drink 405G;£3.99;£9.86/kg;Yoghurt;Yoghurt Drinks;54;2.8;null;null;1.9;null;0.2;0.02;
283668387;Ufit Pro50 Protect Shake Drink Strawberry 500Ml;£3.75;£0.75/100ml;Yoghurt;Yoghurt Drinks;null;null;null;null;null;null;null;null;
255080338;Benecol Light Natural Yoghurt Drink 6 X 67.5G;£3.78;£0.93/100g;Yoghurt;Yoghurt Drinks;57;2.8;null;null;1.9;null;0.2;0.1;
284237441;Team Sky Smoothie Pineapple And Coconut 330Ml;£2.50;£0.76/100ml;Yoghurt;Yoghurt Drinks;217kJ 716kJ;8.0;3.3;null;0.7;null;null;0.1;
283690780;Ufit Pro50 Protect Shake Drink Chocolate 500Ml;£3.75;£0.75/100ml;Yoghurt;Yoghurt Drinks;null;null;null;null;null;null;null;null;
280825022;Benecolplus Bone Health Strawberry Yoghurt Drink 405G;£3.99;£9.86/kg;Yoghurt;Yoghurt Drinks;53;2.7;null;null;1.9;null;0;0.11;
283668197;Ufit Protein Shake Drink Strawberry 310Ml;£2.00;£0.65/100ml;Yoghurt;Yoghurt Drinks;null;null;null;null;null;null;null;null;
268467054;Benecol Raspberry Yoghurt Drink 6X67.5G;£3.78;£0.93/100g;Yoghurt;Yoghurt Drinks;53;2.9;null;null;1.9;null;0.2;0.1;
264798676;Tesco Blueberry Yoghurt Drinks 6X100g;£1.20;£0.20/100g;Yoghurt;Yoghurt Drinks;68;2.3;null;9.0;1.1;0.7;0.3;0.1;
258208141;Benecol Strawberry Yoghurt Drink 6X67.5G;£3.78;£0.93/100g;Yoghurt;Yoghurt Drinks;53;2.8;null;null;1.9;null;2.2;0.1;
284317698;Usn Diet Fuel Strawberry 330Ml;£2.29;£0.69/100ml;Yoghurt;Yoghurt Drinks;210kJ 694kJ;8.3;null;null;null;null;null;null;
264799122;Tesco Strawberry Yoghurt Drinks 6X100g;£1.20;£0.20/100g;Yoghurt;Yoghurt Drinks;70;2.3;null;9.1;1.2;0.7;0.3;0.1;
277468310;Flora Pro.Activ Original Yoghurt M/Drink 6X100ml;£3.50;£0.00/100g;Yoghurt;Yoghurt Drinks;45 ;2.5;null;null;null;null;null;0.1;
273196482;Tesco Chol Red Strawberry Yoghurt Drink 6X100g;£2.25;£0.38/100g;Yoghurt;Yoghurt Drinks;46;2.7;null;3.5;1.7;0.2;0.8;0.1;
273196424;Tesco Chol Red Original Yoghurt Drink 6X100g;£2.25;£0.38/100g;Yoghurt;Yoghurt Drinks;51;2.7;null;5.1;1.6;0.3;0.8;0.1;
277468379;Flora Pro.Activ Strawberry Yoghurt M/Drink 6X100ml;£3.50;£0.00/100g;Yoghurt;Yoghurt Drinks;45 ;2.5;null;null;null;null;null;0.1;
275889684;Tesco Chol Red Apricot And Peach Yoghurt Drink 600G;£2.25;£0.38/100g;Yoghurt;Yoghurt Drinks;53;2.7;null;3.7;1.5;0.1;0.2;0.1;
273196447;Tesco Chol Red Blueberry Yoghurt Drink 6X100g;£2.25;£0.38/100g;Yoghurt;Yoghurt Drinks;49;2.5;null;3.2;1.5;0.1;0.1;0.1;
277468402;Flora Pro.Activ P/Gran Yoghurt M/Drink 6X100ml;£3.50;£0.00/100g;Yoghurt;Yoghurt Drinks;45 ;2.5;null;null;null;null;null;0.1;
260439056;Benecol Buttery Spread 500G;£3.00;£6.00/kg;Dairy Alternatives & Cholesterol Reducing;Cholesterol Reducing Dairy;542;0.5;null;null;60;null;0;1.3;
277468379;Flora Pro.Activ Strawberry Yoghurt M/Drink 6X100ml;£3.50;£0.00/100g;Dairy Alternatives & Cholesterol Reducing;Cholesterol Reducing Dairy;45 ;2.5;null;null;null;null;null;0.1;
273196424;Tesco Chol Red Original Yoghurt Drink 6X100g;£2.25;£0.38/100g;Dairy Alternatives & Cholesterol Reducing;Cholesterol Reducing Dairy;51;2.7;null;5.1;1.6;0.3;0.8;0.1;
251023076;Flora Pro.Activ Light Spread 500G;£3.49;£6.98/kg;Dairy Alternatives & Cholesterol Reducing;Cholesterol Reducing Dairy;320;0.5;1.0;null;null;null;null;1.0;
258208141;Benecol Strawberry Yoghurt Drink 6X67.5G;£3.78;£0.93/100g;Dairy Alternatives & Cholesterol Reducing;Cholesterol Reducing Dairy;53;2.8;null;null;1.9;null;2.2;0.1;
252574274;Benecol Olive Oil Spread 500G;£3.00;£6.00/kg;Dairy Alternatives & Cholesterol Reducing;Cholesterol Reducing Dairy;496;0.4;null;null;55;null;0;1.0;
250139200;Flora Pro.Activ Light Spread 250G;£1.90;£7.60/kg;Dairy Alternatives & Cholesterol Reducing;Cholesterol Reducing Dairy;320;0.5;1.0;null;null;null;null;1.0;
277468310;Flora Pro.Activ Original Yoghurt M/Drink 6X100ml;£3.50;£0.00/100g;Dairy Alternatives & Cholesterol Reducing;Cholesterol Reducing Dairy;45 ;2.5;null;null;null;null;null;0.1;
277468402;Flora Pro.Activ P/Gran Yoghurt M/Drink 6X100ml;£3.50;£0.00/100g;Dairy Alternatives & Cholesterol Reducing;Cholesterol Reducing Dairy;45 ;2.5;null;null;null;null;null;0.1;
275889684;Tesco Chol Red Apricot And Peach Yoghurt Drink 600G;£2.25;£0.38/100g;Dairy Alternatives & Cholesterol Reducing;Cholesterol Reducing Dairy;53;2.7;null;3.7;1.5;0.1;0.2;0.1;
268890208;Benecol Blueberry Yoghurt Drink 6X67.5G;£3.78;£0.93/100g;Dairy Alternatives & Cholesterol Reducing;Cholesterol Reducing Dairy;52;2.8;null;null;1.9;null;0.3;Trace;
258070221;Flora Pro.Activ Olive Spread 500G;£3.49;£6.98/kg;Dairy Alternatives & Cholesterol Reducing;Cholesterol Reducing Dairy;320;0.5;1.0;null;null;null;null;1.0;
280825002;Benecolplus Heart Vitamin Multi Yoghurt Drink 405G;£3.99;£9.86/kg;Dairy Alternatives & Cholesterol Reducing;Cholesterol Reducing Dairy;54;2.8;null;null;1.9;null;0.2;0.02;
280825022;Benecolplus Bone Health Strawberry Yoghurt Drink 405G;£3.99;£9.86/kg;Dairy Alternatives & Cholesterol Reducing;Cholesterol Reducing Dairy;53;2.7;null;null;1.9;null;0;0.11;
268467054;Benecol Raspberry Yoghurt Drink 6X67.5G;£3.78;£0.93/100g;Dairy Alternatives & Cholesterol Reducing;Cholesterol Reducing Dairy;53;2.9;null;null;1.9;null;0.2;0.1;
266656726;Flora Pro.Activ Buttery Spread 500G;£3.49;£6.98/kg;Dairy Alternatives & Cholesterol Reducing;Cholesterol Reducing Dairy;540;0.5;0.5;null;null;null;null;1.0;
252552749;Benecol Light Spread 500G;£3.00;£6.00/kg;Dairy Alternatives & Cholesterol Reducing;Cholesterol Reducing Dairy;324;2.6;null;null;35;null;0;1.1;
273196447;Tesco Chol Red Blueberry Yoghurt Drink 6X100g;£2.25;£0.38/100g;Dairy Alternatives & Cholesterol Reducing;Cholesterol Reducing Dairy;49;2.5;null;3.2;1.5;0.1;0.1;0.1;
255080338;Benecol Light Natural Yoghurt Drink 6 X 67.5G;£3.78;£0.93/100g;Dairy Alternatives & Cholesterol Reducing;Cholesterol Reducing Dairy;57;2.8;null;null;1.9;null;0.2;0.1;
260191530;Benecol Peach And Apricot Yoghurt Drink 6X67.5G;£3.78;£0.93/100g;Dairy Alternatives & Cholesterol Reducing;Cholesterol Reducing Dairy;56;2.9;null;null;2;null;0.2;0.01;
273196482;Tesco Chol Red Strawberry Yoghurt Drink 6X100g;£2.25;£0.38/100g;Dairy Alternatives & Cholesterol Reducing;Cholesterol Reducing Dairy;46;2.7;null;3.5;1.7;0.2;0.8;0.1;
253250771;Vitalite Sunflower Spread 500G;£1.00;£2.00/kg;Dairy Alternatives & Cholesterol Reducing;Dairy Alternatives;503;0;null;null;56;null;null;1.5;
254263587;Pure Sunflower 500G;£1.50;£3.00/kg;Dairy Alternatives & Cholesterol Reducing;Dairy Alternatives;null;null;null;null;null;null;null;null;
284371125;Almond Breeze Iced Capuccino 250Ml;£1.00;£4.00/l;Dairy Alternatives & Cholesterol Reducing;Dairy Alternatives;null;0.4;4.8;null;0.8;null;0.2;0.11;
273701571;Almond Breeze Unsweetened Fresh Milk Alternative 1L;£1.49;£0.15/100ml;Dairy Alternatives & Cholesterol Reducing;Dairy Alternatives;null;0.5;0.2;null;1.2;null;0.3;null;
262085221;Alpro Original Soya Fresh Milk Alternative 1L;£1.39;£1.10/l;Dairy Alternatives & Cholesterol Reducing;Dairy Alternatives;40 ;3.0;null;2.7;1.8;0.3;0.5;0.06;
258877943;Lactofree Fresh Semi Skimmed Milk 1L;£1.35;£1.35/l;Dairy Alternatives & Cholesterol Reducing;Dairy Alternatives;40;3.6;null;null;1.5;null;null;0.1;
272103255;Alpro Almond Fresh Milk Alternative 1L;£1.79;£1.79/l;Dairy Alternatives & Cholesterol Reducing;Dairy Alternatives;24 ;0.5;null;-;1.1;-;0.2;0.13;
258878182;Alpro Light Soya Fresh Milk Alternative 1L;£1.39;£1.39/l;Dairy Alternatives & Cholesterol Reducing;Dairy Alternatives;22 ;2.0;null;0.1;1.2;0.2;1.2;0.10;
266567296;Alpro Unsweetened Soya Fresh Milk Alternative 1L;£1.39;£1.39/l;Dairy Alternatives & Cholesterol Reducing;Dairy Alternatives;32 ;3.3;null;0.1;1.8;0.3;0.6;0.03;
282925010;Alpro Coconut 1 Litre;£1.79;£1.79/l;Dairy Alternatives & Cholesterol Reducing;Dairy Alternatives;20 ;0.1;null;1.9;0.9;0.9;0.0;0.13;
250460711;Pure Soya 500G;£1.50;£3.00/kg;Dairy Alternatives & Cholesterol Reducing;Dairy Alternatives;2019 kJ 202kj 2%;0.5;null;null;54.0;null;null;0.75;
259742068;Lactofree Fresh Whole Milk 1L;£1.35;£1.35/l;Dairy Alternatives & Cholesterol Reducing;Dairy Alternatives;57;3.4;null;null;3.5;null;null;0.1;
281307438;Alpro Simply Mild Drink 1 Litre;£1.00;£1.00/l;Dairy Alternatives & Cholesterol Reducing;Dairy Alternatives;35 ;3.0;null;null;1.8;null;0.5;0.09;
277569317;Lactofree Skimmed Milk 1L;£1.35;£1.35/l;Dairy Alternatives & Cholesterol Reducing;Dairy Alternatives;33Kcal;3.8;null;null;0.4;null;null;0.1;
276993737;Koko Dairy Free Coconut Fresh Milk Alternative 1L;£1.39;£1.39/l;Dairy Alternatives & Cholesterol Reducing;Dairy Alternatives;28;0.3;null;null;1.9;null;0.5;0.1;
284371200;Almond Breeze Iced Mocha 250Ml;£1.00;£4.00/l;Dairy Alternatives & Cholesterol Reducing;Dairy Alternatives;null;0.4;4.9;null;0.8;null;0.4;0.11;
272103606;Alpro Hazelnut Fresh Milk Alternative 1L;£1.79;£1.79/l;Dairy Alternatives & Cholesterol Reducing;Dairy Alternatives;29 ;0.4;null;3.1;1.6;0.2;0.3;0.13;
275067782;Alpro Almond Unsweetened Drink 1 Litre;£1.00;£0.10/100ml;Dairy Alternatives & Cholesterol Reducing;Dairy Alternatives;null;0.4;0.1;0.1;1.1;0.1;0.4;null;
255769120;Alpro Chocolate Soya Fresh Milk Alternative 1L;£1.45;£1.45/l;Dairy Alternatives & Cholesterol Reducing;Dairy Alternatives;77 ;3.3;null;9.1;2.1;0.6;1.0;0.14;
280084362;Almond Breeze Reduced Sugar 1 Litre;£1.00;£1.00/l;Dairy Alternatives & Cholesterol Reducing;Dairy Alternatives;null;0.5;1.5;null;1.1;null;null;0.15;
260454237;St Helen's Fresh Whole Goats Milk 1L;£1.60;£1.60/l;Dairy Alternatives & Cholesterol Reducing;Dairy Alternatives;null;2.8;null;null;3.6;null;null;0.1;
284254950;Alpro Strawberry And Rhubarb Yoghurt 500G;£1.35;£0.27/100g;Dairy Alternatives & Cholesterol Reducing;Dairy Alternatives;74 ;3.6;null;9.4;1.9;0.3;1.0;0.25;
271857533;Tesco Free From Peach Yoghurt 4X100g;£1.50;£0.38/100g;Dairy Alternatives & Cholesterol Reducing;Dairy Alternatives;83;3.7;null;11.9;2.1;0.3;0.4;0.1;
271856649;Tesco Free From Mango Yoghurt 4X100g;£1.50;£0.38/100g;Dairy Alternatives & Cholesterol Reducing;Dairy Alternatives;86;3.7;null;12.5;2.1;0.3;0.4;0.1;
284846365;Philadelphia Lactose Free 170G;£1.99;£11.71/kg;Dairy Alternatives & Cholesterol Reducing;Dairy Alternatives;1145 kJ 344 kJ;4.5;null;null;27.5;null;0.3;0.85;
271881503;Tesco Free From Cheddar Style Spread 255G;£2.25;£0.88/100g;Dairy Alternatives & Cholesterol Reducing;Dairy Alternatives;260;7.9;null;1.0;23.1;19.9;0.6;1.9;
260454295;St Helen's Semi Skimmed Goats Milk 1L;£1.60;£1.60/l;Dairy Alternatives & Cholesterol Reducing;Dairy Alternatives;null;3.0;null;null;1.6;null;null;0.1;
271894908;Tesco Free From Garlic And Herb Spread 255G;£2.25;£0.88/100g;Dairy Alternatives & Cholesterol Reducing;Dairy Alternatives;286;6.0;null;1.0;28.0;23.4;2.3;1.2;
285865853;Coyo Df Coconut Milk Yoghurt Vanilla 125G;£1.99;£1.60/100g;Dairy Alternatives & Cholesterol Reducing;Dairy Alternatives;183;3;null;null;19;null;null;0.1;
272260396;Lactofree Hard Cheese 200G;£1.79;£8.95/kg;Dairy Alternatives & Cholesterol Reducing;Dairy Alternatives;360Kcal;25.7;null;null;27.1;null;null;1.6;
271856908;Tesco Free From Natural Yoghurt 500G;£1.25;£0.25/100g;Dairy Alternatives & Cholesterol Reducing;Dairy Alternatives;46;4.6;null;0.7;2.6;0.4;0.1;0.1;
286919789;Rebel Kitchen Chai Mylk 330Ml;£1.69;£0.51/100ml;Dairy Alternatives & Cholesterol Reducing;Dairy Alternatives;null;0.8;null;null;2.1;null;0;0.07;
284064898;St Helen's Farm Goats Yoghurt Fat Free 450G;£2.29;£0.51/100g;Dairy Alternatives & Cholesterol Reducing;Dairy Alternatives;null;6.0;null;null;0.1;null;null;0.1;
271881699;Tesco Free From Original Style Spread 255G;£2.25;£0.88/100g;Dairy Alternatives & Cholesterol Reducing;Dairy Alternatives;286;6.0;null;1.1;28.0;23.0;2.2;1.2;
272260511;Lactofree Strawberry & Raspberry Yoghurt 4X125g;£1.58;£0.32/100g;Dairy Alternatives & Cholesterol Reducing;Dairy Alternatives;101Kcal;3.5;null;null;2.6;null;0.4;0.08;
286809758;Coconut Dream Milk Alternative 1 Litre;£1.38;£1.38/l;Dairy Alternatives & Cholesterol Reducing;Dairy Alternatives;212 kJ 424 kJ;0.2;null;null;1.1;null;0.0;0.1;
271880913;Tesco Free From Soya Medium 227G;£2.25;£0.99/100g;Dairy Alternatives & Cholesterol Reducing;Dairy Alternatives;287;6.5;null;0;19.2;16.4;3.3;3.3;
283788008;Lactofree Mature Cheddar Cheese 200G;£1.79;£0.90/100g;Dairy Alternatives & Cholesterol Reducing;Dairy Alternatives;390Kcal;25.5;null;null;32;null;null;1.8;
264016416;St Helen's Fresh Skimmed Goats Milk 1L;£1.60;£1.60/l;Dairy Alternatives & Cholesterol Reducing;Dairy Alternatives;null;3.0;null;null;0.1;null;null;0.1;
284255701;Alpro Lemon And Lime Yoghurt 500G;£1.35;£0.27/100g;Dairy Alternatives & Cholesterol Reducing;Dairy Alternatives;77 ;3.6;null;9.7;2.0;0.3;0.6;0.21;
286919870;Rebel Kitchen Matcha Green Tea Mylk 330Ml;£1.69;£0.51/100ml;Dairy Alternatives & Cholesterol Reducing;Dairy Alternatives;null;0.3;null;null;1.7;null;0;0.05;
271834174;Tesco Free-From Chocolate Dessert 4X100g;£1.50;£0.38/100g;Dairy Alternatives & Cholesterol Reducing;Dairy Alternatives;109;3.6;null;15.9;2.0;0.5;0.8;0.2;
277074194;Tesco Free From Soya Strong 227G;£2.25;£9.92/kg;Dairy Alternatives & Cholesterol Reducing;Dairy Alternatives;288;6.0;null;0.2;19.4;16.3;3.3;2.4;
271858647;Tesco Free From Chocolate Coconut Milk Drink 1L;£1.25;£0.13/100ml;Dairy Alternatives & Cholesterol Reducing;Dairy Alternatives;49;0.4;null;6.6;2.1;1.8;0.7;0.1;
271858837;Tesco Free From Coconut Milk Drink 1L;£1.25;£0.13/100ml;Dairy Alternatives & Cholesterol Reducing;Dairy Alternatives;25;0.2;null;1.6;1.8;1.6;0.1;0.1;
285415192;Tesco Free From Chocolate And Coconut Milk Shake 200Ml;£0.60;£0.30/100ml;Dairy Alternatives & Cholesterol Reducing;Dairy Alternatives;49;0.4;null;6.6;2.1;1.8;0.7;0.1;
276372021;Tesco Free From Italian Coffee Dessert 2X90g;£1.60;£0.89/100g;Dairy Alternatives & Cholesterol Reducing;Dairy Alternatives;273;1.2;null;20.3;11.3;9.8;0.6;0.1;
272153454;Lactofree Cream 250Ml;£1.30;£0.52/100ml;Dairy Alternatives & Cholesterol Reducing;Dairy Alternatives;350;1.6;null;null;36.9;null;null;0.1;
286919841;Rebel Kitchen Chocolate Mylk 330Ml;£1.69;£0.51/100ml;Dairy Alternatives & Cholesterol Reducing;Dairy Alternatives;null;0.6;null;null;2;null;0.9;0.05;
271858428;Tesco Free From Unsweetened Soya 1L;£1.15;£0.12/100ml;Dairy Alternatives & Cholesterol Reducing;Dairy Alternatives;27;2.0;null;0.2;1.2;0.2;1.2;0.1;
276371984;Tesco Free From Chocolate Mousse 2X90g;£1.60;£0.89/100g;Dairy Alternatives & Cholesterol Reducing;Dairy Alternatives;276;2.1;null;18.0;14.7;12.4;2.9;0.2;
271858094;Tesco Almond Drink 1L;£1.50;£0.15/100ml;Dairy Alternatives & Cholesterol Reducing;Dairy Alternatives;26;0.2;null;4.0;1.0;0.1;0;0.1;
285415298;Tesco Free From Strawberry And Coconut Milk Shake 200Ml;£0.60;£0.30/100ml;Dairy Alternatives & Cholesterol Reducing;Dairy Alternatives;64;0.5;null;6.9;3.7;3.3;0.1;0;
271834376;Tesco Free From Chocolate Shakes 5X65ml;£1.75;£0.54/100ml;Dairy Alternatives & Cholesterol Reducing;Dairy Alternatives;111;3.8;null;13.7;2.1;0.6;1.3;0.2;
277073874;Tesco Free From Soya Smoked 227G;£2.25;£9.92/kg;Dairy Alternatives & Cholesterol Reducing;Dairy Alternatives;285;6.5;null;0.1;18.9;15.4;3.7;2.5;
285415382;Tesco Free From Vanilla And Coconut Milk Shake 200Ml;£0.60;£0.30/100ml;Dairy Alternatives & Cholesterol Reducing;Dairy Alternatives;65;0.5;null;7.2;3.7;3.3;0.1;0;
271834255;Tesco Free Creme Caramel Dessert 4X100g;£1.50;£0.38/100g;Dairy Alternatives & Cholesterol Reducing;Dairy Alternatives;113;3.4;null;20.2;1.8;0.3;0.1;0.2;
271858307;Tesco Free From Sweetened Soya 1L;£1.15;£0.12/100ml;Dairy Alternatives & Cholesterol Reducing;Dairy Alternatives;44;3.4;null;2.7;1.9;0.3;0.6;0.1;
276372113;Tesco Free From Italian Lemon Dessert 2X90g;£1.60;£0.89/100g;Dairy Alternatives & Cholesterol Reducing;Dairy Alternatives;263;1.0;null;18.0;11.0;9.5;0.7;0.1;
271857084;Tesco Free From Rice Drink 1L;£1.50;£0.15/100ml;Dairy Alternatives & Cholesterol Reducing;Dairy Alternatives;56;0.1;null;4.1;1.0;0.1;0.6;0.1;
272260494;Lactofree Soft White Cheese 200G;£1.00;£5.00/kg;Dairy Alternatives & Cholesterol Reducing;Dairy Alternatives;197;8.6;null;null;16.5;null;null;0.8;
258722620;Alpro Blackberry And Raspberry Yoghurt 4X125g;£1.84;£0.37/100g;Dairy Alternatives & Cholesterol Reducing;Dairy Alternatives;79 ;3.7;null;10.2;1.9;0.3;1.2;0.09;
260378143;St Helens Farm Natural Goats Milk Yoghurt 450G;£2.29;£0.51/100g;Dairy Alternatives & Cholesterol Reducing;Dairy Alternatives;null;5.5;null;null;7.3;null;null;0.1;
285363592;Violife Original Block 200G;£2.00;£1.00/100g;Dairy Alternatives & Cholesterol Reducing;Dairy Alternatives;285;null;20;null;23;null;null;2,3;
285363364;Violife Original Sliced 200G;£2.00;£1.00/100g;Dairy Alternatives & Cholesterol Reducing;Dairy Alternatives;285;0;20;null;23;null;null;2,3;
284186872;Chia Pod Mango 170G;£2.39;£1.41/100g;Dairy Alternatives & Cholesterol Reducing;Dairy Alternatives;null;3;null;12;null;null;null;null;
265892580;Alpro Exotic Fruit And Peach Yoghurt 4X125g;£1.84;£0.37/100g;Dairy Alternatives & Cholesterol Reducing;Dairy Alternatives;null;null;null;null;null;null;null;null;
284805950;Tesco Free From Blueberry Soya Yoghurt 4X100g;£1.50;£3.75/kg;Dairy Alternatives & Cholesterol Reducing;Dairy Alternatives;76;3.7;null;10.2;2.1;0.3;0.3;0.1;
284210639;Coyo Yoghurt Coconut Milk Raw Chocolate 125G;£1.99;£1.60/100g;Dairy Alternatives & Cholesterol Reducing;Dairy Alternatives;196;2.3;null;null;19;null;null;0.1;
264866878;Alpro Natural Yoghurt 500G;£1.35;£0.27/100g;Dairy Alternatives & Cholesterol Reducing;Dairy Alternatives;50 ;4.0;null;2.1;2.3;0.4;1.0;0.25;
264930746;Alpro Vanilla Yoghurt 500G;£1.35;£0.27/100g;Dairy Alternatives & Cholesterol Reducing;Dairy Alternatives;75 ;3.7;null;9.2;2.2;0.4;1.0;0.20;
284186961;Chia Pod Vanilla Bean 170G;£2.39;£1.41/100g;Dairy Alternatives & Cholesterol Reducing;Dairy Alternatives;null;4;null;7;null;null;null;null;
285392421;Coyo Df Coconut Milk Yoghurt Natural 250G;£3.49;£1.40/100g;Dairy Alternatives & Cholesterol Reducing;Dairy Alternatives;183;3;null;null;19;null;null;0.1;
284197867;Coyo Yoghurt Coconut Milk Natural 125G;£1.99;£1.60/100g;Dairy Alternatives & Cholesterol Reducing;Dairy Alternatives;183;3;null;null;19;null;null;0.1;
272260505;Lactofree Spreadable 250G;£1.65;£0.66/100g;Dairy Alternatives & Cholesterol Reducing;Dairy Alternatives;679;0.5;null;null;75.0;null;null;1.2;
285363243;Violife Original Soft Cheese Dairy Alternative 200G;£2.00;£1.00/100g;Dairy Alternatives & Cholesterol Reducing;Dairy Alternatives;240;0;7;null;24;null;null;1,5;
286920297;Chia Pod Bircher Muesli Orange And Brazil Nut 220G;null;null;Dairy Alternatives & Cholesterol Reducing;Dairy Alternatives;1246kJ 566kJ;6.9;27.4;null;16.2;null;8.6;0.02;
284886023;Tesco Free From Raspberry Layered Soya Yoghurt 4X100g;£1.75;£0.44/100g;Dairy Alternatives & Cholesterol Reducing;Dairy Alternatives;null;null;null;null;null;null;null;null;
265893095;Alpro Cherry And Blueberry Yoghurt 4X125g;£1.84;£0.37/100g;Dairy Alternatives & Cholesterol Reducing;Dairy Alternatives;75 ;3.7;null;9.2;2.0;0.4;1.0;0.21;
268473501;Danepak Smoked Twin Back Bacon 440G;null;null;Fresh Meat;Fresh Bacon & Gammon;242;15.9;null;null;19.8;null;0;3.3;
268881104;Butchers Choice Smoked Bacon 250G;£2.50;£10.00/kg;Fresh Meat;Fresh Bacon & Gammon;210;20.2;null;0.3;14.0;5.3;0.5;2.9;
260832441;Tesco Everyday Value Cooking Bacon 500G;£0.80;£1.60/kg;Fresh Meat;Fresh Bacon & Gammon;191;16.8;null;0;13.8;5.4;0;2.9;
267955077;Danepak Unsmoked Back Bacon 300G;£2.00;£6.67/kg;Fresh Meat;Fresh Bacon & Gammon;209;16.1;null;null;16.1;null;0;2.9;
268274380;Tesco Finest Pancetta 180G;£3.00;£16.67/kg;Fresh Meat;Fresh Bacon & Gammon;323;16.4;null;0.4;28.0;11.4;0.6;3.4;
260541318;Tesco Everyday Value Middle Bacon 500G;£2.00;£4.00/kg;Fresh Meat;Fresh Bacon & Gammon;221;15.8;null;0;17.3;7.0;0;2.4;
267994082;Tesco Everyday Value Smoked Back Bacon 300G;£1.50;£5.00/kg;Fresh Meat;Fresh Bacon & Gammon;275;16.7;null;1.1;22.5;8.8;0;2.8;
273985959;I Love' Unsmoked Back Bacon 250G;£3.50;£11.67/kg;Fresh Meat;Fresh Bacon & Gammon;265 ;30.0;null;null;16.0;null;null;null;
267993244;Tesco Everyday Value Unsmoked Back Bacon 300G;£1.50;£5.00/kg;Fresh Meat;Fresh Bacon & Gammon;275;16.7;null;1.1;22.5;8.8;0;2.8;
272592141;Butchers Choice Smoked Streaky Bacon 250G;£2.99;£11.96/kg;Fresh Meat;Fresh Bacon & Gammon;282;17.0;null;1.4;23.1;8.7;0;2.6;
273985994;I Love' Smoked Back Bacon 250G;£3.50;£11.67/kg;Fresh Meat;Fresh Bacon & Gammon;265 ;30.0;null;null;16.0;null;null;null;
268880975;Butchers Choice Unsmoked Bacon 250G;£2.50;£10.00/kg;Fresh Meat;Fresh Bacon & Gammon;209;20.2;null;0.3;14.0;5.3;0.5;2.9;
265279667;Tesco Finest Oak Smoked Lardons 180G;£3.00;£16.67/kg;Fresh Meat;Fresh Bacon & Gammon;251;18.7;null;0.4;18.8;7.6;0.6;2.9;
275174361;Tesco Finest Smoked Dry Cure Back Bacon 8 Rashers 240G;£3.00;£12.50/kg;Fresh Meat;Fresh Bacon & Gammon;260;29.5;null;0.1;15.5;4.8;1.1;4.8;
261992145;Tesco Finest Smoked Drycure Streaky Bacon 240G;£3.00;£12.50/kg;Fresh Meat;Fresh Bacon & Gammon;362;27.9;null;0.2;27.5;9.2;0.9;5.7;
266988460;Mattessons Smoked Turkey Rashers 200G;£2.75;£13.75/kg;Fresh Meat;Fresh Bacon & Gammon;513kJ 226kJ 3% 8400kJ;26.7;null;null;0.8;null;0.3;2.3;
263409512;Tesco Everyday Value Streaky Bacon 275G;£1.04;£3.79/kg;Fresh Meat;Fresh Bacon & Gammon;285;13.7;null;0;25.1;8.3;0;2.6;
272592014;Butchers Choice Unsmoked Streaky Bacon 250G;£2.99;£11.96/kg;Fresh Meat;Fresh Bacon & Gammon;282;17.0;null;1.4;23.1;8.7;0;2.6;
267955780;Danepak Smoked Back Bacon 300G;£2.00;£6.67/kg;Fresh Meat;Fresh Bacon & Gammon;242;15.9;null;null;19.8;null;0;3.3;
260842890;Mattessons Unsmoked Turkey Rashers 200G;£2.75;£13.75/kg;Fresh Meat;Fresh Bacon & Gammon;492kJ 197kJ 3% 8400kJ;25.9;null;null;0.8;null;0.3;2.3;
259703198;Tesco Finest Smoked Wiltshire Cure Back Bacon 240G;£3.00;£12.50/kg;Fresh Meat;Fresh Bacon & Gammon;160;17.4;null;0;10.0;3.3;0;2.8;
259742220;Tesco Finest Smoked Wiltshire Cure Thick Cut Bacon 240G;£3.00;£12.50/kg;Fresh Meat;Fresh Bacon & Gammon;160;17.4;null;0;10.0;3.3;0;2.8;
275174418;Tesco Finest Sweet Cure Bacon 8 Rashers 240G;£3.00;£12.50/kg;Fresh Meat;Fresh Bacon & Gammon;278;30.7;null;0.5;16.9;5.9;0.5;2.8;
281054074;Tesco Unsmoked Back Bacon 14 Rashers 2X250g;£4.00;£8.00/kg;Fresh Meat;Fresh Bacon & Gammon;180;16.2;null;0.2;12.6;4.1;0;2.8;
259742646;Tesco Finest Unsmoked Wiltshire Cure Thick Cut Bacon 240G;£3.00;£12.50/kg;Fresh Meat;Fresh Bacon & Gammon;182;16.7;null;0;12.8;4.3;0;2.3;
283223862;Tesco Smoked Bacon 210G;£1.50;£7.15/kg;Fresh Meat;Fresh Bacon & Gammon;230;16.1;null;0;18.4;7.9;0;2.5;
283223842;Tesco Unsmoked Bacon 210G;£1.50;£7.15/kg;Fresh Meat;Fresh Bacon & Gammon;230;16.1;null;0;18.4;7.9;0;2.5;
281056446;Tesco Smoked Back Bacon 14 Rashers 2X250g;£4.00;£8.00/kg;Fresh Meat;Fresh Bacon & Gammon;180;16.2;null;0.2;12.6;4.1;0;2.8;
281037392;Tesco Smoked Streaky Bacon 14 Rashers 300G;£2.22;£7.40/kg;Fresh Meat;Fresh Bacon & Gammon;271;13.9;null;0;23.9;11.1;0;2.6;
264710504;Tesco Smoked Multibag Back Bacon 4X200g;£5.80;£7.25/kg;Fresh Meat;Fresh Bacon & Gammon;193;16.5;null;0;14.1;5.3;0;2.7;
261969306;Tesco Finest Unsmoked Drycure Streaky Bacon 240G;£3.00;£12.50/kg;Fresh Meat;Fresh Bacon & Gammon;362;27.9;null;0.2;27.5;9.2;0.9;5.7;
268307878;Tesco Smoked Thick Cut Back Bacon 300G;£2.55;£8.50/kg;Fresh Meat;Fresh Bacon & Gammon;180;16.2;null;0.2;12.6;4.1;0;2.8;
275117919;Tesco Smoked Lardons 200G;£1.28;£6.40/kg;Fresh Meat;Fresh Bacon & Gammon;255;17.0;null;0.1;20.6;7.8;0;1.8;
272783687;Tesco Unsmoked Bacon Medallions 250G;£2.20;£8.80/kg;Fresh Meat;Fresh Bacon & Gammon;118;20.6;null;0;4.0;1.8;0;2.0;
275174349;Tesco Finest Unsmoked Drycure Back Bacon 8 Rashers 240G;£3.00;£12.50/kg;Fresh Meat;Fresh Bacon & Gammon;230;19.7;null;1.0;15.5;7.5;0.5;2.8;
277033479;Tesco Smoked Thin And Crispy Bacon 300G;£2.80;£9.34/kg;Fresh Meat;Fresh Bacon & Gammon;null;null;null;null;null;null;null;null;
272638722;Tesco Unsmoked Back Bacon 10 Rashers 300G;£2.55;£8.50/kg;Fresh Meat;Fresh Bacon & Gammon;230;16.1;null;0;18.4;7.9;0;2.5;
272638964;Tesco Smoked Back Bacon 10 Rashers 300G;£2.55;£8.50/kg;Fresh Meat;Fresh Bacon & Gammon;230;16.1;null;0;18.4;7.9;0;2.5;
259703288;Tesco Finest Unsmoked Wiltshire Cure Back Bacon 240G;£3.00;£12.50/kg;Fresh Meat;Fresh Bacon & Gammon;182;16.7;null;0;12.8;4.3;0;2.3;
272783802;Tesco Smoked Bacon Medallions 250G;£2.20;£8.80/kg;Fresh Meat;Fresh Bacon & Gammon;118;20.6;null;0;4.0;1.8;0;2.0;
274089054;Walls Smoked Back Bacon 220G;£2.79;£12.69/kg;Fresh Meat;Fresh Bacon & Gammon;223;25.4;null;null;13.5;null;1.1;null;
281037354;Tesco Unsmoked Streaky Bacon 14 Rashers 300G;£2.22;£7.40/kg;Fresh Meat;Fresh Bacon & Gammon;271;13.9;null;0;23.9;11.1;0;2.6;
268214659;Walls Unsmoked Streaky Bacon 200G;£2.00;£10.00/kg;Fresh Meat;Fresh Bacon & Gammon;1683kJ 269kJ 3% 8400kJ;39;0.5;null;27;null;null;8.3;
268880284;Tesco Finest Un Smoked Wiltshire Gammon Joint Serves 8-10;£24.98;£9.99/kg;Fresh Meat;Fresh Bacon & Gammon;173;17.1;null;0;10.8;3.9;0.6;3.8;
268840482;Tesco Everyday Value Smoked Gammon Joint;£4.91;£3.78/kg;Fresh Meat;Fresh Bacon & Gammon;162;16.8;null;0.2;10.4;4.0;0;2.8;
272980614;Tesco Everyday Value Bacon Joint;£4.54;£3.78/kg;Fresh Meat;Fresh Bacon & Gammon;192;15.8;null;0.4;13.8;4.9;0;2.5;
272630431;Tesco Smoked Easy Roast In Bag Gammon 840G;£5.99;£7.14/kg;Fresh Meat;Fresh Bacon & Gammon;98;20.2;null;0.4;1.8;0.6;0;2.4;
264144362;Wicks Manor Dry Cured Un-Smoked Bacon 200G;£2.89;£14.45/kg;Fresh Meat;Fresh Bacon & Gammon;null;null;null;null;null;null;null;null;
272783589;Tesco Unsmoked Organic Rindless Back Bacon 200G;£3.19;£15.95/kg;Fresh Meat;Fresh Bacon & Gammon;225;16.2;null;0;17.8;5.9;0;3.0;
264144346;Wicks Manor Dry-Cured Smoked Back Bacon 200G;£2.89;£14.45/kg;Fresh Meat;Fresh Bacon & Gammon;null;null;null;null;null;null;null;null;
268880572;Tesco Finest Smoked Wiltshire Gammon Joint Serves 8-10;£24.98;£9.99/kg;Fresh Meat;Fresh Bacon & Gammon;173;17.1;null;0;10.8;3.9;0.6;3.8;
277041890;Tesco Finest Honey Gammon Joint 750G;£7.00;£9.34/kg;Fresh Meat;Fresh Bacon & Gammon;175;18.3;null;4.3;9.4;3.3;0;2.0;
283250610;Walls Smoked Streaky Bacon 220G;£2.00;£10.00/kg;Fresh Meat;Fresh Bacon & Gammon;1599kJ 256kJ 3% 8400kJ;34;0.5;null;28;null;null;6.7;
267158243;Tesco Smoked Boneless Gammon Joint;£13.17;£3.99/kg;Fresh Meat;Fresh Bacon & Gammon;162;16.8;null;0.2;10.4;4.0;0;2.8;
262300808;Tesco Everyday Value Unsmoked Gammon Joint;£3.78;£3.78/kg;Fresh Meat;Fresh Bacon & Gammon;162;16.8;null;0.2;10.4;4.0;0;2.8;
272640246;Tesco Butchers Choice Smoked Gammon Joint;null;null;Fresh Meat;Fresh Bacon & Gammon;162;16.8;null;0.2;10.4;4.0;0;2.8;
274088994;Walls Unsmoked Back Bacon 220G;£2.79;£12.69/kg;Fresh Meat;Fresh Bacon & Gammon;214;27.5;null;null;11.5;null;0.3;null;
264702480;Tesco Unsmoked Multibag Back Bacon 4X200g;£5.80;£7.25/kg;Fresh Meat;Fresh Bacon & Gammon;193;16.5;null;0;14.1;5.3;0;2.7;
277033617;Tesco Unsmoked Thin And Crispy Bacon 300G;£2.80;£9.34/kg;Fresh Meat;Fresh Bacon & Gammon;180;16.2;null;0.2;12.6;4.1;0;2.8;
272639099;Tesco Unsmoked Thick Cut Back Bacon 300G;£2.55;£6.72/kg;Fresh Meat;Fresh Bacon & Gammon;180;16.2;null;0.2;12.6;4.1;0;2.8;
272629952;Tesco Unsmoked Easy Roast Gammon Bag 840G;£5.99;£7.14/kg;Fresh Meat;Fresh Bacon & Gammon;95;19.0;null;0.3;2.0;0.7;0;2.0;
282664272;Tesco Finest Smoked Sweet Cured Gammon Medallions 250G;£4.00;£16.00/kg;Fresh Meat;Fresh Bacon & Gammon;126;22.6;null;0.8;3.3;1.2;0;2.4;
272384480;Tesco Unsmoked Gammon Joint 1.3Kg;£6.00;£4.62/kg;Fresh Meat;Fresh Bacon & Gammon;162;16.8;null;0.2;10.4;4.0;null;2.8;
267158491;Tesco Unsmoked Boneless Gammon Joint;£13.17;£3.99/kg;Fresh Meat;Fresh Bacon & Gammon;162;16.8;null;0.2;10.4;4.0;0;2.8;
251027475;Tesco Unsmoked Gammon Joint 750G;£4.00;£5.34/kg;Fresh Meat;Fresh Bacon & Gammon;162;16.8;null;0.2;10.4;4.0;0;2.8;
272688938;Tesco Butchers Choice Smoked Gammon Steaks 350G;£3.00;£8.58/kg;Fresh Meat;Fresh Bacon & Gammon;165;19.7;null;0.2;9.5;3.5;0;2.0;
282645721;Tesco Finest Odb Unsmoked Wiltshire Cure Gam Steaks 230G;£3.00;£13.05/kg;Fresh Meat;Fresh Bacon & Gammon;149;17.2;null;0.3;8.8;2.9;0;3.3;
273145566;Tesco Everyday Value Gammon Steaks;£1.79;£3.98/kg;Fresh Meat;Fresh Bacon & Gammon;137;18.1;null;0.4;6.7;2.4;0;2.5;
281238427;Tesco Gammon Steaks 360G 2 Pack - Smoked;£4.00;£11.12/kg;Fresh Meat;Fresh Bacon & Gammon;137;18.1;null;0.4;6.7;2.4;0;2.5;
279949245;Tesco Smoked Gammon Joint 750G;£4.00;£5.34/kg;Fresh Meat;Fresh Bacon & Gammon;162;16.8;null;0.2;10.4;4.0;0;2.8;
284800912;Tesco Unsmoked Roast Your Own Ham 900G;£5.00;£5.56/kg;Fresh Meat;Fresh Bacon & Gammon;88;18.5;null;0.9;1.1;0.4;0;2.9;
272683494;Tesco Butchers Choice Unsmoked Gammon Steaks 350G;£3.00;£8.58/kg;Fresh Meat;Fresh Bacon & Gammon;170;19.9;null;0.1;10.0;3.5;0;2.4;
268500846;Tesco Finest Smoked Wiltshire Cure Gammon Steaks 460;£5.00;£10.87/kg;Fresh Meat;Fresh Bacon & Gammon;137;18.7;null;0.3;6.3;2.5;0.5;3.5;
264516356;Tesco Everyday Value Gammon Grill Steaks 250G;£1.10;£4.40/kg;Fresh Meat;Fresh Bacon & Gammon;104;16.0;null;0.8;4.1;1.5;0;2.9;
284801476;Tesco Finest Loin With Creamy Mustard Sauce 350G;£4.00;£11.43/kg;Fresh Meat;Fresh Bacon & Gammon;120;18.6;null;3.3;3.5;1.5;0;2.6;
283669870;Tesco Finest Smoked Silverside Steaks 320G;£5.00;£15.63/kg;Fresh Meat;Fresh Bacon & Gammon;165;20.9;null;0.4;8.3;2.8;0.5;2.7;
268500810;Tesco Finest Unsmoked Wiltshire Gammon Steaks 460G;£5.00;£10.87/kg;Fresh Meat;Fresh Bacon & Gammon;137;18.7;null;0.3;6.3;2.5;0.5;8.6;
284801614;Tesco Finest S/Cure Loin With Whiskey Peprdew Sauce 350G;£4.00;£11.43/kg;Fresh Meat;Fresh Bacon & Gammon;148;19.4;null;11.5;2.6;0.8;0.6;3.0;
285061525;Tesco Gamm Steaks Cheddar Mustard Topper 400G;£4.50;£11.25/kg;Fresh Meat;Fresh Bacon & Gammon;199;19.5;null;1.0;11.6;6.0;0.6;1.8;
272384330;Tesco Smoked Gammon Joint 1.3Kg;£6.00;£4.62/kg;Fresh Meat;Fresh Bacon & Gammon;162;16.8;null;0.2;10.4;4.0;null;2.8;
272689131;Tesco Smoked Gammon Steaks 2 Pack 300G;£3.00;£10.00/kg;Fresh Meat;Fresh Bacon & Gammon;92;19.1;null;0;1.1;0.4;0.6;2.0;
267259396;Counter Tesco British Unsmoked Gammon;£1.26;£9.00/kg;Fresh Meat;Fresh Bacon & Gammon;162;16.8;null;0.2;10.4;4.0;0;2.8;
281238554;Tesco Unsmoked Gammon Steaks 2 Pack 360G;£4.00;£11.12/kg;Fresh Meat;Fresh Bacon & Gammon;137;18.1;null;0.4;6.7;2.4;0;2.5;
285061404;Tesco Gammon Steaks Pepper Crust Red Onion Relish400g;£4.50;£11.25/kg;Fresh Meat;Fresh Bacon & Gammon;148;18.8;null;2.8;5.3;1.8;0.9;1.7;
283150400;Tesco Gammon Steaks With Pineapple Salsa 445G;£4.00;£8.99/kg;Fresh Meat;Fresh Bacon & Gammon;115;16.6;null;2.7;3.5;1.3;0;2.2;
272689010;Tesco Unsmoked Gammon Steaks 2 Pack 300G;£3.00;£10.00/kg;Fresh Meat;Fresh Bacon & Gammon;92;19.1;null;0.4;1.1;0.4;0.6;2.0;
266507731;Tesco Gammon Joint With Honey Glaze 640G;£5.50;£8.60/kg;Fresh Meat;Fresh Bacon & Gammon;129;18.1;null;5.9;2.1;0.8;0.5;1.6;
284539631;Tesco Brisket Beef 500G;£5.00;£10.00/kg;Fresh Meat;Fresh Beef;null;null;null;null;null;null;null;null;
258724163;Tesco Finest Small Beef Roasting Joint;£11.70;£13.00/kg;Fresh Meat;Fresh Beef;null;null;null;null;null;null;null;null;
261946777;Tesco 2 Beef Fillet Steak;£12.00;£30.00/kg;Fresh Meat;Fresh Beef;null;null;null;null;null;null;null;null;
253230568;Tesco Everyday Value Beef Roasting Joint;£5.75;£5.75/kg;Fresh Meat;Fresh Beef;181;20.7;null;0;10.9;5.2;0;0.1;
258719325;Tesco Small Beef Roasting Joint With Basting Fat;£9.00;£10.00/kg;Fresh Meat;Fresh Beef;173;20.5;null;0;10.1;4.6;0;0.3;
257904508;Tesco Beef Brisket;£8.00;£8.00/kg;Fresh Meat;Fresh Beef;null;null;null;null;null;null;null;null;
257565093;Tesco 1 Beef Fillet Steak;£7.80;£30.00/kg;Fresh Meat;Fresh Beef;null;null;null;null;null;null;null;null;
265077134;Tesco Finest Large Beef Roasting Joint;£31.20;£13.00/kg;Fresh Meat;Fresh Beef;null;null;null;null;null;null;null;null;
284539591;Tesco Finest Rump Joint Cornish Sea Salt And Pepper 500G;£7.00;£14.00/kg;Fresh Meat;Fresh Beef;182;20.4;null;0.2;11.0;4.4;0.1;0.5;
277221406;Tesco Mini Beef Silverside Roast Joint 500G;£5.50;£11.00/kg;Fresh Meat;Fresh Beef;215;20.4;null;0;14.8;5.9;0;null;
283024464;Tesco 2 Peppered Beef Steaks 309G;£4.00;£12.95/kg;Fresh Meat;Fresh Beef;135;20.8;null;1.0;4.6;1.9;0.3;0.7;
274025062;Tesco Medium Beef Roasting Joint;£9.00;£10.00/kg;Fresh Meat;Fresh Beef;192;22.2;null;0;11.5;4.7;0;0.2;
258139435;Tesco Medium Beef Roasting Joint With Basting Fat;£12.00;£10.00/kg;Fresh Meat;Fresh Beef;173;20.5;null;0;10.1;4.6;0;0.3;
275492600;Tesco Large Beef Roasting Joint With Basting Fat;£35.00;£10.00/kg;Fresh Meat;Fresh Beef;173;20.5;null;0;10.1;4.6;0;0.3;
275504974;Tesco 2 Beef Ribeye Steaks;£10.41;£17.35/kg;Fresh Meat;Fresh Beef;null;null;null;null;null;null;null;null;
254286335;Tesco 2 Beef Sirloin Steak;£11.28;£17.35/kg;Fresh Meat;Fresh Beef;null;null;null;null;null;null;null;null;
284539809;Tesco 2 Southern Style Beef Steaks 316G;£4.00;£12.66/kg;Fresh Meat;Fresh Beef;130;23.3;null;0.9;3.0;1.3;0.1;1.1;
256534080;Tesco 2 Beef Rump Steaks;£8.46;£15.39/kg;Fresh Meat;Fresh Beef;null;null;null;null;null;null;null;null;
254269241;Tesco Finest Medium Beef Roasting Joint;£15.60;£13.00/kg;Fresh Meat;Fresh Beef;null;null;null;null;null;null;null;null;
281762157;Tesco 2 Beef Medallion Steaks 320G;£3.50;£10.94/kg;Fresh Meat;Fresh Beef;null;null;null;null;null;null;null;null;
258686593;Tesco Finest 2 Beef Fillet Steak;£13.60;£34.00/kg;Fresh Meat;Fresh Beef;155;20.9;null;0;7.9;3.8;0;0.1;
254112678;Tesco Finest 1 Beef Ribeye Steak;£8.58;£22.00/kg;Fresh Meat;Fresh Beef;null;null;null;null;null;null;null;null;
252136897;Tesco Everyday Value Beef Frying Steak;£3.53;£6.42/kg;Fresh Meat;Fresh Beef;162;22.8;null;0;7.9;3.2;0;0.3;
280805000;Tesco Beef Steak 300G;£4.00;£13.34/kg;Fresh Meat;Fresh Beef;null;null;null;null;null;null;null;null;
285211504;Tesco Rump Steak 195G;£3.00;£15.39/kg;Fresh Meat;Fresh Beef;null;null;null;null;null;null;null;null;
274605770;Tesco Finest 1 Beef Fillet Steak;£8.50;£34.00/kg;Fresh Meat;Fresh Beef;155;20.9;null;0;7.9;3.8;0;0.1;
258724249;Tesco Finest 2 Beef Rump Steaks;£8.64;£18.00/kg;Fresh Meat;Fresh Beef;null;null;null;null;null;null;null;null;
285211579;Tesco Ribeye Steak 173G;£3.00;£17.35/kg;Fresh Meat;Fresh Beef;null;null;null;null;null;null;null;null;
259078205;Tesco Everyday Value Beef Sirloin Steaks;£7.28;£14.00/kg;Fresh Meat;Fresh Beef;201;21.6;null;0;12.7;5.6;0;0.2;
285295260;Tesco Finest 4 Thin Beef Steaks 400G;£5.00;£12.50/kg;Fresh Meat;Fresh Beef;null;null;null;null;null;null;null;null;
259077990;Tesco Finest 1 Pack Sirloin Steak;£6.60;£22.00/kg;Fresh Meat;Fresh Beef;null;null;null;null;null;null;null;null;
252446887;Tesco Organic Beef Ribeye Steak;£6.60;£22.00/kg;Fresh Meat;Fresh Beef;null;null;null;null;null;null;null;null;
284539936;Tesco Finest Thin Sirloin Steak And Balsamic Butter 300G;£6.00;£20.00/kg;Fresh Meat;Fresh Beef;229;17.5;null;1.7;16.9;8.2;0.1;0.2;
252506460;Tesco Organic Beef Fillet Steak;£8.84;£34.00/kg;Fresh Meat;Fresh Beef;null;null;null;null;null;null;null;null;
279533535;Tesco Finest Sirloin Steak And Horseradish Butter 300G;£6.00;£20.00/kg;Fresh Meat;Fresh Beef;238;18.4;null;0.8;17.7;8.7;0.2;0.4;
258724065;Tesco Finest 2 Beef Sirloin Steak;£12.10;£22.00/kg;Fresh Meat;Fresh Beef;null;null;null;null;null;null;null;null;
252506569;Tesco Organic Beef Sirloin Steak;£7.70;£22.00/kg;Fresh Meat;Fresh Beef;null;null;null;null;null;null;null;null;
261947033;Tesco Finest 1 Beef Rump Steak;£6.30;£18.00/kg;Fresh Meat;Fresh Beef;null;null;null;null;null;null;null;null;
252506788;Tesco Organic Beef Small Rump Steak;£5.40;£18.00/kg;Fresh Meat;Fresh Beef;null;null;null;null;null;null;null;null;
259078171;Tesco Everyday Value Beef Rump Steaks;£6.76;£13.00/kg;Fresh Meat;Fresh Beef;null;null;null;null;null;null;null;null;
261965092;Tesco Organic Beef Steak Mince 15% Fat 500G;£4.50;£9.00/kg;Fresh Meat;Fresh Beef;185;19.6;null;0;11.8;5.2;0;null;
261948562;Tesco Beef Steak Mince 15% Fat 500G;£4.00;£8.00/kg;Fresh Meat;Fresh Beef;null;null;null;null;null;null;null;null;
285116427;Tesco Beef Casserole Steak 600G;£5.00;£8.34/kg;Fresh Meat;Fresh Beef;143;21.3;null;0;6.4;2.5;0;0.3;
285211648;Tesco Sirloin Steak 173G;£3.00;£17.35/kg;Fresh Meat;Fresh Beef;null;null;null;null;null;null;null;null;
267458660;Tesco Beef Lean Steak Mince 5% Fat 500G;£4.50;£9.00/kg;Fresh Meat;Fresh Beef;null;null;null;null;null;null;null;null;
265422740;Tesco Beef Stir Fry Strips 350G;£4.00;£11.43/kg;Fresh Meat;Fresh Beef;118;21.6;null;0;3.5;1.3;0;0.3;
285102576;Tesco Diced Beef 200G;£2.00;£10.00/kg;Fresh Meat;Fresh Beef;128;21.4;null;0;4.7;2.0;0;0.2;
282470731;Tesco Beef Lean Steak Mince 5% Fat 750G;£6.00;£8.00/kg;Fresh Meat;Fresh Beef;null;null;null;null;null;null;null;null;
254455168;Tesco Beef Steak Mince 250G;£2.00;£8.00/kg;Fresh Meat;Fresh Beef;null;null;null;null;null;null;null;null;
275867601;Tesco Everyday Value Beef Mince 750G;£2.69;£3.59/kg;Fresh Meat;Fresh Beef;null;null;null;null;null;null;null;null;
275868479;Tesco Beef Steak Mince 15% Fat 750G;£5.00;£6.67/kg;Fresh Meat;Fresh Beef;185;19.6;null;0;11.8;5.2;0;null;
282470587;Tesco4 Beef Quick Fry Steaks 500G;£5.00;£10.00/kg;Fresh Meat;Fresh Beef;null;null;null;null;null;null;null;null;
280447112;Tesco Beef Casserole Steak 400G;£3.50;£8.75/kg;Fresh Meat;Fresh Beef;143;21.3;null;0;6.4;2.5;0;0.3;
282470633;Tesco Rump Steak With Garlic And Herb Butter 220G;£3.50;£15.91/kg;Fresh Meat;Fresh Beef;166;20.9;null;0.1;8.8;5.4;0.5;0.2;
282470679;Tesco Rump Steak With Peppercorn Butter 220G;£3.50;£15.91/kg;Fresh Meat;Fresh Beef;169;20.6;null;0.4;9.2;5.3;0.5;0.2;
267459215;Tesco Beef Mince 20% Fat 500G;£2.00;£4.00/kg;Fresh Meat;Fresh Beef;null;null;null;null;null;null;null;null;
279704092;Tesco Lean Steak Mince 5% Fat 250G;£2.50;£10.00/kg;Fresh Meat;Fresh Beef;null;null;null;null;null;null;null;null;
261958659;Tesco Finest Ground Beef Mince 500G;£4.50;£9.00/kg;Fresh Meat;Fresh Beef;null;null;null;null;null;null;null;null;
285116335;Tesco Beef Casserole Steak 200G;£2.00;£10.00/kg;Fresh Meat;Fresh Beef;143;21.3;null;0;6.4;2.5;0;0.3;
275867854;Tesco Beef Mince 750G;£3.00;£4.00/kg;Fresh Meat;Fresh Beef;null;null;null;null;null;null;null;null;
285103166;Tesco Diced Beef 600G;£5.00;£8.34/kg;Fresh Meat;Fresh Beef;128;21.4;null;0;4.7;2.0;0;0.2;
253281244;Counter Tesco British Beef Fillet;£15.00;£30.00/kg;Fresh Meat;Fresh Beef;155;20.9;null;0;7.9;3.8;0;0.1;
256898915;Counter Tesco British Beef Bone In Rib Joint;£18.00;£18.00/kg;Fresh Meat;Fresh Beef;null;null;null;null;null;null;null;null;
253281578;Counter Tesco British Beef Casserole Steak;£5.00;£10.00/kg;Fresh Meat;Fresh Beef;null;null;null;0;4.4;2.0;null;0.3;
253281146;Counter Tesco British Roasting Joint;£18.00;£12.00/kg;Fresh Meat;Fresh Beef;null;null;null;null;null;null;null;null;
254083863;Tesco Ox Tail;£4.55;£6.50/kg;Fresh Meat;Fresh Beef;null;null;null;null;null;null;null;null;
280710797;Tesco Diced Beef 400G;£4.00;£10.00/kg;Fresh Meat;Fresh Beef;128;21.4;null;0;4.7;2.0;0;0.2;
263571842;Counter Tesco British Beef Fillet Pieces;£3.30;£22.00/kg;Fresh Meat;Fresh Beef;null;null;null;0;7.9;3.8;null;trace;
285476334;Tesco Beef Steak With Pepper Corn Sauce 320G;£4.00;£12.50/kg;Fresh Meat;Fresh Beef;113;17.1;null;0.3;4.6;2.2;0.1;0.4;
285104502;Tesco Finest Diced Beef 400G;£5.00;£12.50/kg;Fresh Meat;Fresh Beef;135;23.8;null;0;4.3;1.6;0;0.2;
259529448;Counter Scottish Beef Tts Joint 1Kg;£12.00;£12.00/kg;Fresh Meat;Fresh Beef;null;null;null;null;null;null;null;null;
253281405;Counter Tesco British Beef Rump;£9.60;£16.00/kg;Fresh Meat;Fresh Beef;null;null;null;null;null;null;null;null;
265443421;Tesco Everyday Value Diced Beef;£3.98;£7.23/kg;Fresh Meat;Fresh Beef;139;20.5;null;0;6.3;2.9;0.1;0.3;
263088926;Counter Beef Sirloin Joint;£10.00;£10.00/kg;Fresh Meat;Fresh Beef;null;null;null;0;12.7;5.6;null;0.2;
253281428;Counter Tesco British Beef Sirloin;£3.33;£13.33/kg;Fresh Meat;Fresh Beef;null;null;null;null;null;null;null;null;
253281745;British Beef Steak Mince 15% Fat;null;null;Fresh Meat;Fresh Beef;null;null;null;null;null;null;null;null;
282470777;Tesco Finest Rump With Chimichuri Butter 340G;£6.00;£17.65/kg;Fresh Meat;Fresh Beef;191;19.5;null;0.2;12.1;6.1;0.6;0.3;
285116600;Tesco Finest British Beef Casserole Steak 400G;£5.00;£12.50/kg;Fresh Meat;Fresh Beef;null;null;null;null;null;null;null;null;
253281181;Counter Tesco British Beef Brisket Joint;£7.00;£7.00/kg;Fresh Meat;Fresh Beef;null;null;null;null;null;null;null;null;
280664684;Tesco Organic Diced Beef 400G;£4.00;£10.00/kg;Fresh Meat;Fresh Beef;null;null;null;null;null;null;null;null;
260849813;Counter Tesco Finest British Beef Stewing;£15.00;£7.50/kg;Fresh Meat;Fresh Beef;null;null;null;0;3.0;1.4;null;0.2;
259644152;Counter Tesco Finest British Beef Carvery Rib Joint;£100.00;£20.00/kg;Fresh Meat;Fresh Beef;null;null;null;0;19.8;7.5;null;0.1;
285174674;T.Minted Lamb Shank Cook In Bag;null;null;Fresh Meat;Fresh Lamb;143;16.3;null;2.6;7.4;3.5;0.1;0.5;
285174708;Tesco Lamb Shoulder Joint With Honey And Parsnip Stuffing;null;null;Fresh Meat;Fresh Lamb;177;14.7;null;3.2;10.8;4.8;1.7;0.5;
285174651;Tesco Lamb 4 Cutlets 300G;£4.00;£13.34/kg;Fresh Meat;Fresh Lamb;null;null;null;null;null;null;null;null;
253188113;Tesco Lamb Whole Leg Joint;£24.00;£10.00/kg;Fresh Meat;Fresh Lamb;null;null;null;null;null;null;null;null;
287349315;Tesco Lamb Half Leg Joint;£17.00;£10.00/kg;Fresh Meat;Fresh Lamb;null;null;null;null;null;null;null;null;
282524801;Tesco Lamb Diced Leg 300G;£4.00;£13.34/kg;Fresh Meat;Fresh Lamb;null;null;null;null;null;null;null;null;
285174622;Tesco Boneless Lamb Leg Joint With Salt And Pepper;£11.70;£13.00/kg;Fresh Meat;Fresh Lamb;146;19.8;null;0.1;7.2;3.5;0.5;0.9;
258550552;Tesco Everyday Value Lamb Breast Joint;£5.39;£5.39/kg;Fresh Meat;Fresh Lamb;null;null;null;null;null;null;null;null;
250055327;Tesco Lamb Boneless Rolled Shoulder Joint;£2.00;£0.40/100g;Fresh Meat;Fresh Lamb;null;null;null;null;null;null;null;null;
262624333;Tesco Lamb Leg Shanks;£8.40;£7.00/kg;Fresh Meat;Fresh Lamb;null;null;null;null;null;null;null;null;
258768721;Tesco Finest Lamb 2 Hand Cut Loin Chops;£12.73;£17.00/kg;Fresh Meat;Fresh Lamb;264;17.9;null;0;21.4;11.1;0;0.3;
285866005;Tesco 2 British Lamb Chops 150G;£2.00;£13.34/kg;Fresh Meat;Fresh Lamb;null;null;null;null;null;null;null;null;
256530838;Tesco Lamb Neck Fillet;£6.50;£13.00/kg;Fresh Meat;Fresh Lamb;235;18.4;null;0;17.6;8.3;0;null;
284351247;Tesco Lamb Chops 450G;£6.00;£13.34/kg;Fresh Meat;Fresh Lamb;null;null;null;null;null;null;null;null;
250202937;Tesco Everyday Value Lamb Chops;£7.69;£10.25/kg;Fresh Meat;Fresh Lamb;null;null;null;null;null;null;null;null;
256531486;Tesco Lamb Half Shoulder Joint;£10.50;£7.00/kg;Fresh Meat;Fresh Lamb;null;null;null;null;null;null;null;null;
282526160;Tesco Lamb Chops 300G;£4.00;£13.34/kg;Fresh Meat;Fresh Lamb;null;null;null;null;null;null;null;null;
252513382;Tesco Organic Lamb Half Leg Joint;£16.32;£12.00/kg;Fresh Meat;Fresh Lamb;null;null;null;null;null;null;null;null;
279753234;Tesco Everyday Value Stewing Lamb;£4.95;£5.50/kg;Fresh Meat;Fresh Lamb;null;null;null;null;null;null;null;null;
260951547;Tesco Lamb Whole Shoulder Joint;£18.90;£7.00/kg;Fresh Meat;Fresh Lamb;190;14.1;null;0;14.6;6.8;0;null;
282514122;Tesco Organic Lamb Mince 20% Fat 400G;£5.00;£12.50/kg;Fresh Meat;Fresh Lamb;230;16.9;null;0;17.8;8.4;0;null;
285312575;Tesco Lamb Mince 20% Fat 750G;£5.00;£6.67/kg;Fresh Meat;Fresh Lamb;245;16.8;null;0;19.8;9.5;0;0.2;
279792193;Tesco Organic Lamb Lean Diced Leg;£4.80;£16.00/kg;Fresh Meat;Fresh Lamb;null;null;null;null;null;null;null;null;
285312598;Tesco Lamb Rump Steaks 270G;£4.00;£14.82/kg;Fresh Meat;Fresh Lamb;null;null;null;null;null;null;null;null;
262549445;Counter Tesco British Lamb Shanks;£6.60;£11.00/kg;Fresh Meat;Fresh Lamb;null;null;null;null;null;null;null;null;
266387422;Tesco Everyday Value Lamb Steaks;£6.00;£12.00/kg;Fresh Meat;Fresh Lamb;186;18.8;null;0;12.3;6.3;0;0.1;
268969923;Counter Tesco British Lamb Rump;£6.80;£17.00/kg;Fresh Meat;Fresh Lamb;null;null;null;null;null;null;null;null;
268969854;Counter Tesco British Lamb Neck Fillet;£6.75;£13.50/kg;Fresh Meat;Fresh Lamb;null;null;null;null;null;null;null;null;
282525028;Tesco Value Mince Lamb And Mutton 20% Fat 400G;£2.50;£6.25/kg;Fresh Meat;Fresh Lamb;null;null;null;null;null;null;null;null;
282526407;Tesco Lamb Leg Steaks 300G;£4.00;£14.82/kg;Fresh Meat;Fresh Lamb;null;null;null;null;null;null;null;null;
268969900;Counter British Lamb Loin;£3.40;£17.00/kg;Fresh Meat;Fresh Lamb;null;null;null;null;null;null;null;null;
275851936;Tesco Lamb Mince 20% Fat 250G;£2.00;£8.00/kg;Fresh Meat;Fresh Lamb;245;16.8;null;0;19.8;9.5;0;0.2;
261941310;Tesco Lamb Mince 20% Fat 500G;£4.00;£8.00/kg;Fresh Meat;Fresh Lamb;245;16.8;null;0;19.8;9.5;0;0.2;
268969952;Counter Tesco British Lamb Leg;£12.00;£12.00/kg;Fresh Meat;Fresh Lamb;null;null;null;null;null;null;null;null;
268969883;Counter Tesco British Lamb Shoulder;£10.00;£5.00/kg;Fresh Meat;Fresh Lamb;188;14.1;null;0;14.6;6.8;0;0.1;
268969975;Counter Tesco British Lamb Rack;£10.20;£17.00/kg;Fresh Meat;Fresh Lamb;null;null;null;null;null;null;null;null;
277552999;Tesco Lean Lamb Medallions 375G;£5.00;£13.34/kg;Fresh Meat;Fresh Lamb;null;null;null;null;null;null;null;null;
285476645;Tesco Beef Joint With Gravy 500G;£6.00;£12.00/kg;Fresh Meat;Fresh Ready to Cook Meat;98;18.1;null;0.8;2.3;1.2;0.1;0.5;
284951695;Tesco Smoked Gamm Joint With Cranberry And Orange Glaze 700G;null;null;Fresh Meat;Fresh Ready to Cook Meat;105;16.9;null;4.7;2.1;0.8;0;2.4;
275113296;Tesco Lambs Liver With Onion Casserole Mix 378G;£2.00;£5.30/kg;Fresh Meat;Fresh Offal;170;20.4;null;1.3;6.1;3.2;0.9;null;
277772888;Counter Tesco British Ox Kidney;£1.80;£3.00/kg;Fresh Meat;Fresh Offal;null;null;null;0;2.1;0.8;null;0.4;
254548648;Counter Tesco British Lamb Liver;£1.50;£3.00/kg;Fresh Meat;Fresh Offal;null;null;null;null;null;null;null;null;
262355576;Counter Tesco British Lamb Kidney;£2.00;£4.00/kg;Fresh Meat;Fresh Offal;null;null;null;null;null;null;null;null;
265411196;Tesco Sliced Beef Heart;£2.10;£3.50/kg;Fresh Meat;Fresh Offal;104;18.2;null;0;3.5;1.7;0;0.2;
258016172;Tesco Lambs Kidneys;£1.36;£2.99/kg;Fresh Meat;Fresh Offal;95;17.0;null;0;2.6;0.9;0;null;
258016016;Tesco Lambs Liver;£1.33;£2.22/kg;Fresh Meat;Fresh Offal;137;20.3;null;0;6.2;1.7;0;0.2;
258016074;Tesco Pigs Liver;£0.90;£1.50/kg;Fresh Meat;Fresh Offal;115;21.3;null;0;3.1;1.0;0;null;
258016045;Tesco British Lambs Liver;£2.03;£3.99/kg;Fresh Meat;Fresh Offal;137;20.3;null;0;6.2;1.7;0;0.2;
254261635;Tesco Lambs Hearts;£1.59;£3.50/kg;Fresh Meat;Fresh Offal;120;17.1;null;0;5.6;2.1;0;null;
262718804;Tesco Ox Liver;£1.02;£1.70/kg;Fresh Meat;Fresh Offal;155;21.1;null;0.1;7.8;2.9;0;0.2;
284934324;Tesco British Chinese Pork Belly With Hoisin Sauce 400G;£3.00;£7.50/kg;Fresh Meat;Fresh Pork;231;16.3;null;3.5;16.1;5.8;0.5;0.5;
274183075;Tesco Large Pork Leg Joint;£6.28;£3.49/kg;Fresh Meat;Fresh Pork;213;19.0;null;0;15.2;5.1;0;0.3;
262518010;Tesco Mini Pork Shoulder Joint 700G;£4.00;£5.72/kg;Fresh Meat;Fresh Pork;null;null;null;null;null;null;null;null;
260717371;Tesco Everyday Value Pork Belly Slices;£3.12;£4.80/kg;Fresh Meat;Fresh Pork;null;null;null;null;null;null;null;null;
285293187;Tesco 4 Pork Loin Steaks 440G;£3.00;£6.82/kg;Fresh Meat;Fresh Pork;225;19.9;null;0;16.1;5.9;0;0.3;
285280847;Tesco 2 Pork Loin Steaks 290G;£2.00;£6.90/kg;Fresh Meat;Fresh Pork;225;19.9;null;0;16.1;5.9;0;0.3;
284906030;Tesco Stuffed Pork Belly Joint;£5.00;£5.00/kg;Fresh Meat;Fresh Pork;210;17.9;null;1.0;14.1;5.0;0.5;0.3;
285401470;Tesco Finest Pork Salt And Pepper Belly 700G;£5.00;£7.15/kg;Fresh Meat;Fresh Pork;300;15.8;null;0;26.3;14.4;0;0.6;
258261577;Tesco Pork Loin Joint;£21.58;£8.99/kg;Fresh Meat;Fresh Pork;261;17.0;null;0;21.4;9.1;0;0.3;
267227974;Tesco Finest British Pork Loin Joint With B Pepper And Sea Salt;£9.36;£7.49/kg;Fresh Meat;Fresh Pork;225;21.4;null;0;15.5;4.7;0;0.5;
268787166;Discounter Spam Fritters 300G;£1.78;£5.94/kg;Fresh Meat;Fresh Pork;299 ;9.7;null;null;19.4;null;1.0;null;
260708566;Tesco Everyday Pork Shoulder Joint;£3.29;£3.29/kg;Fresh Meat;Fresh Pork;280;16.2;null;0;23.6;8.6;0;null;
285280761;Tesco 1 Pork Chop 230G;£1.50;£6.53/kg;Fresh Meat;Fresh Pork;null;null;null;null;null;null;null;null;
254501715;Tesco Pork Belly Joint With Rind;£4.00;£4.00/kg;Fresh Meat;Fresh Pork;258;19.1;null;0;20.2;7.3;0;0.3;
285280784;Tesco 2 Pork Chops 470G;£3.00;£6.39/kg;Fresh Meat;Fresh Pork;270;18.6;null;0;21.7;8.0;0;0.3;
282819992;Tesco Pork Shoulder Flattened Cajun Rub;£6.50;£6.50/kg;Fresh Meat;Fresh Pork;183;17.3;null;4.8;9.7;3.3;0.5;0.4;
259038518;Tesco Finest British Pork Leg Joint;£29.97;£9.99/kg;Fresh Meat;Fresh Pork;201;20.0;null;0;13.4;5.3;0;0.3;
272584462;Tesco Basted Pork Loin Joint 800G;£5.00;£6.25/kg;Fresh Meat;Fresh Pork;206;18.2;null;0.6;14.4;5.2;0.5;1.3;
258232969;Tesco Pork Leg Crackling Joint;£5.00;£5.00/kg;Fresh Meat;Fresh Pork;213;19.0;null;0;15.2;5.1;0;0.3;
259541778;Tesco Large Vacuum Pack Pork Shoulder Joint;£5.38;£2.99/kg;Fresh Meat;Fresh Pork;218;18.1;null;0;16.2;5.3;0;0.3;
250051176;Tesco Extra Trimmed Pork Rib Rack;£4.95;£5.50/kg;Fresh Meat;Fresh Pork;null;null;null;null;null;null;null;null;
256565146;Tesco Pork Fillet;£4.20;£7.00/kg;Fresh Meat;Fresh Pork;147;22.0;null;0;6.5;2.3;0;0.3;
285635331;Tesco Pork Chops 620G;£4.00;£6.35/kg;Fresh Meat;Fresh Pork;null;null;null;null;null;null;null;null;
285399356;Tesco Finest Pork Chops 500G;£4.00;£8.00/kg;Fresh Meat;Fresh Pork;270;18.6;null;0;21.7;8.0;0;0.3;
279164568;Tesco Pork Mince 15% Fat 850G;£4.00;£4.71/kg;Fresh Meat;Fresh Pork;206;19.6;null;0;14.2;6.8;0;0.3;
281260814;Tesco Pork Shoulder Steaks 700G;£4.00;£5.72/kg;Fresh Meat;Fresh Pork;null;null;null;null;null;null;null;null;
284934140;Tesco Extra Succulent Loin Steaks 300G;£2.50;£8.34/kg;Fresh Meat;Fresh Pork;197;16.9;null;1.7;12.4;4.5;0.5;1.5;
276105696;Tesco Pork Stir Fry 500G;£3.00;£6.00/kg;Fresh Meat;Fresh Pork;null;null;null;null;null;null;null;null;
281238139;Tesco Pork Ribs 700G;£4.00;£5.72/kg;Fresh Meat;Fresh Pork;null;null;null;null;null;null;null;null;
278677873;Tesco Pork Sweet Chilli Loin Steaks 500G;£5.00;£10.00/kg;Fresh Meat;Fresh Pork;177;17.9;null;4.6;9.1;3.1;0.5;1.0;
277209036;Tesco Pork Medallion Loin Steaks 400G;£3.20;£8.00/kg;Fresh Meat;Fresh Pork;null;null;null;null;null;null;null;null;
285400845;Tesco Finest Pork Loin Steaks 400G;£4.00;£10.00/kg;Fresh Meat;Fresh Pork;225;19.9;null;0;16.1;5.9;0;0.3;
266567136;Tesco Pork Loin Steaks 600G;£4.00;£6.67/kg;Fresh Meat;Fresh Pork;225;19.9;null;0;16.1;5.9;0;0.3;
265415242;Tesco Finest British Pork Fillet Medallions 300G;£5.00;£16.67/kg;Fresh Meat;Fresh Pork;105;21.3;null;0;2.1;0.8;0;0.3;
256564625;Tesco Pork Boneless Streaky Slices;£3.58;£5.50/kg;Fresh Meat;Fresh Pork;null;null;null;null;null;null;null;null;
276105667;Tesco Fresh Diced Pork Topside 500G;£3.00;£6.00/kg;Fresh Meat;Fresh Pork;null;null;null;null;null;null;null;null;
267785168;Tesco Pork Steaks 1Kg;£5.00;£5.00/kg;Fresh Meat;Fresh Pork;225;19.9;null;0;16.1;5.9;0;0.3;
263745286;Tesco Finest British Pork Fillet;£6.50;£10.00/kg;Fresh Meat;Fresh Pork;147;22.0;null;0;6.5;2.3;0;0.3;
268912616;Tesco Pork Chops 1Kg;£5.00;£5.00/kg;Fresh Meat;Fresh Pork;270;18.6;null;0;21.7;8.0;0;0.1;
256566911;Tesco Everyday Value Pork Chops;£2.19;£3.65/kg;Fresh Meat;Fresh Pork;270;18.6;null;0;21.7;8.0;0;0.3;
282149992;Tesco Pork With Rosemary And Garlic 555G;null;null;Fresh Meat;Fresh Pork;180;16.5;null;0.4;12.1;4.4;0.5;0.4;
252640991;Counter Tesco British Pork Fillet;£5.00;£10.00/kg;Fresh Meat;Fresh Pork;104;21.3;null;0;2.1;0.8;0;0.3;
252640645;Counter Tesco British Pork Chops;£7.00;£7.00/kg;Fresh Meat;Fresh Pork;260;19.3;null;0;20.3;7.2;0;0.3;
252640904;Counter Tesco British Pork Meaty Ribs;£1.50;£5.00/kg;Fresh Meat;Fresh Pork;269;16.5;null;0;22.5;12.6;0;0.3;
267085357;Counter Tesco British Pork Loin;£4.00;£10.00/kg;Fresh Meat;Fresh Pork;261;17.0;null;0;21.4;9.1;0;0.3;
264946277;Counter Tesco British Pork Boneless Leg;£8.00;£8.00/kg;Fresh Meat;Fresh Pork;201;20.0;null;0;13.4;5.3;0;0.3;
267806871;Tesco Finest Pork Odr Lean Mince 5% Fat 500G;£4.00;£8.00/kg;Fresh Meat;Fresh Pork;null;null;null;null;null;null;null;null;
252641834;Counter Tesco British Pork Belly;£4.00;£4.00/kg;Fresh Meat;Fresh Pork;300;15.8;null;0;26.3;14.4;0;0.3;
267743201;Counter Tesco British Pork Boneless Shoulder;null;null;Fresh Meat;Fresh Pork;224;17.8;null;0.1;16.8;6.0;0.5;0.2;
285116963;Tesco Lean Pork Mince 5% Fat 250G;£2.00;£8.00/kg;Fresh Meat;Fresh Pork;null;null;null;null;null;null;null;null;
266507915;Tesco Pork Loin Steaks With Apple Sauce 430G;£4.00;£9.31/kg;Fresh Meat;Fresh Pork;168;19.1;null;2.1;8.6;3.4;0.5;0.5;
258431866;Tesco Pork Lean Mince 5% Fat 500G;£3.50;£7.00/kg;Fresh Meat;Fresh Pork;null;null;null;null;null;null;null;null;
273147114;Chef's Selection Venison Grill Steaks 300G;£2.00;£6.67/kg;Fresh Meat;Venison & Veal;606kJ;16.1;null;null;6.4;null;0.5;1.7;
284803612;Tesco Finest Diced Veal 250G;£3.00;£12.00/kg;Fresh Meat;Venison & Veal;null;null;null;null;null;null;null;null;
286816974;Tesco Venison Meatballs 336G;£3.00;£8.93/kg;Fresh Meat;Venison & Veal;132;19.3;null;0.7;3.5;2.4;0.5;0.9;
282470875;Tesco Finest Veal Mince 15% Fat 500G;£4.00;£10.00/kg;Fresh Meat;Venison & Veal;205;19.6;null;0;14.1;7.0;0;0.3;
278946647;Tesco Venison Shoulder Steaks 250G;£4.00;£13.34/kg;Fresh Meat;Venison & Veal;null;null;null;null;null;null;null;null;
283771166;Chefs Selection Diced Venison With Marinade 400G;£4.00;£11.43/kg;Fresh Meat;Venison & Veal;430kJ;15;null;null;3.8;null;0.6;0.22;
274586756;Chefs Selection Venison Steaks Whisky Jus 350G;£5.00;£14.29/kg;Fresh Meat;Venison & Veal;357kJ;17;null;0.7;0.9;null;0.5;null;
286816939;Tesco Venison Burgers 227G;£3.00;£13.22/kg;Fresh Meat;Venison & Veal;132;19.3;null;0.7;3.5;2.4;0.5;0.9;
284803785;Tesco Finest Veal Meatballs 336G;£3.00;£8.93/kg;Fresh Meat;Venison & Veal;175;19.6;null;1.5;9.7;4.4;0.1;1.3;
277885224;Chef's Selection Venison Sausages 300G;£3.00;£10.00/kg;Fresh Meat;Venison & Veal;695kJ;17.5;null;null;9.5;null;0.5;null;
282529836;Tesco Finest Veal Burger Herb And Parmesan 284G;£3.00;£10.57/kg;Fresh Meat;Venison & Veal;172;18.0;null;1.1;10.0;5.1;1.4;0.8;
285611411;Raymond Blanc Red Wine Gravy 500G;£2.99;£0.60/100g;Fresh Meat;Fresh Meat Stocks, Sauces & Stuffing;null;3.3;null;null;0.9;null;0.3;0.5;
279857198;Tesco Diane Sauce 200G;£1.50;£0.83/100g;Fresh Meat;Fresh Meat Stocks, Sauces & Stuffing;64;1.4;null;2.0;4.4;1.2;0.5;1.0;
279857584;Tesco Hollandaise Sauce 180G;£1.50;£0.83/100g;Fresh Meat;Fresh Meat Stocks, Sauces & Stuffing;167;2.0;null;1.7;15.6;10.1;0.1;1.0;
285611486;Raymond Blanc Mustard Sauce 200G;null;null;Fresh Meat;Fresh Meat Stocks, Sauces & Stuffing;81;4.4;null;null;5.3;null;0.5;0.75;
279867802;Tesco Cider And Mustard Sauce 180G;£1.50;£0.83/100g;Fresh Meat;Fresh Meat Stocks, Sauces & Stuffing;101;1.8;null;2.9;7.3;3.2;0.7;1.4;
275575071;Tesco Finest 6 Fresh Yorkshire Puddings 180G;£1.50;£0.83/100g;Fresh Meat;Fresh Meat Stocks, Sauces & Stuffing;286;9.7;null;3.1;9.6;1.2;2.4;0.5;
279526878;Tesco Finest Yorkshire Puddings 4 Pack 160G;£1.50;£0.94/100g;Fresh Meat;Fresh Meat Stocks, Sauces & Stuffing;249;9.3;null;2.7;7.1;0.7;3.9;0.4;
274872826;Tesco Finest Carmelised Onion Gravy 500G;£2.00;£0.40/100g;Fresh Meat;Fresh Meat Stocks, Sauces & Stuffing;74;1.7;null;3.9;3.7;1.5;0.5;0.5;
279857935;Tesco Barbecue Bourbon Sauce 180G;£1.50;£0.83/100g;Fresh Meat;Fresh Meat Stocks, Sauces & Stuffing;187;1.3;null;31.4;5.6;1.1;1.0;1.3;
279867779;Tesco Peppercorn Sauce 180G;£1.50;£0.83/100g;Fresh Meat;Fresh Meat Stocks, Sauces & Stuffing;91;1.5;null;4.1;6.4;4.2;0.7;1.2;
284850296;Tesco Sage And Onion Stuffing 336G;£2.39;£0.71/100g;Fresh Meat;Fresh Meat Stocks, Sauces & Stuffing;228;5.0;null;2.4;10.1;3.2;3.0;1.5;
279858456;Tesco Parsley Sauce 200G;£1.50;£0.83/100g;Fresh Meat;Fresh Meat Stocks, Sauces & Stuffing;90;2.9;null;3.4;6.4;4.4;1.1;1.4;
268857762;Tesco Finest Fresh Lamb Gravy 500G;£2.00;£0.40/100g;Fresh Meat;Fresh Meat Stocks, Sauces & Stuffing;59;1.5;null;3.6;2.2;0.7;0.1;1.2;
279858370;Tesco Finest 3 Peppercorn And Brandy Sauce 200G;£1.75;£0.97/100g;Fresh Meat;Fresh Meat Stocks, Sauces & Stuffing;105;2.6;null;2.1;8.1;5.2;1.5;1.1;
284507062;Tesco Large Yorkshire Pudding 200G;£1.50;£0.75/100g;Fresh Meat;Fresh Meat Stocks, Sauces & Stuffing;265;9.5;null;0.8;8.3;0.8;2.8;0.4;
274859169;Tesco Finest British Roast Beef Stock 300G;£2.00;£0.67/100g;Fresh Meat;Fresh Meat Stocks, Sauces & Stuffing;19;3.1;null;0.3;0.4;0.1;0.5;0.3;
285611463;Raymond Blanc Peppercorn Sauce 200G;null;null;Fresh Meat;Fresh Meat Stocks, Sauces & Stuffing;88;4.8;null;null;5.4;null;1.5;0.8;
267056133;Tesco Finest Beef Gravy 500G;£2.00;£0.40/100g;Fresh Meat;Fresh Meat Stocks, Sauces & Stuffing;54;2.4;null;1.4;2.4;1.3;0.3;0.8;
284850371;Tesco Finest Wild Sage And Buttered Onion Stuffing 225G;£2.49;£1.11/100g;Fresh Meat;Fresh Meat Stocks, Sauces & Stuffing;303;5.0;null;2.5;18.6;7.4;3.2;1.5;
275455524;Tesco British Butter Basted Whole Chicken 1.5Kg;£5.50;£3.67/kg;Fresh Chicken & Poultry;Fresh Chicken & Breaded Chicken;150;18.4;null;0;8.5;2.4;0;0.3;
284953900;Tesco Roast In Bag Whole Chicken Extra Tasty 1.5Kg;£5.50;£3.67/kg;Fresh Chicken & Poultry;Fresh Chicken & Breaded Chicken;135;19.9;null;0;6.1;1.6;0;0.6;
285210436;Tesco British Chicken Legs 0.8Kg-1.2Kg;£3.00;£3.75/kg;Fresh Chicken & Poultry;Fresh Chicken & Breaded Chicken;null;null;null;null;null;null;null;null;
277867644;Tesco Everyday Value British Whole Chicken 1.0Kg-2.0Kg;£2.48;£2.48/kg;Fresh Chicken & Poultry;Fresh Chicken & Breaded Chicken;198;20.0;null;0;13.1;3.7;0;0.3;
285210344;Tesco British Chicken Drumsticks 0.8Kg-1.2Kg;£3.00;£3.75/kg;Fresh Chicken & Poultry;Fresh Chicken & Breaded Chicken;230;17.6;null;0;17.7;6.3;0;0.3;
265920146;Tesco Bagged Chicken Fillets 943G;£8.00;£8.49/kg;Fresh Chicken & Poultry;Fresh Chicken & Breaded Chicken;109;23.5;null;0;1.7;0.5;0;0.3;
286200873;Tesco British Whole Medium Chicken 1.35-1.55Kg;£4.00;£2.97/kg;Fresh Chicken & Poultry;Fresh Chicken & Breaded Chicken;198;20.0;null;0;13.1;3.7;0;0.3;
284712832;Tesco Whole Chicken Extra Large 2.00-2.30Kg;£6.00;£3.00/kg;Fresh Chicken & Poultry;Fresh Chicken & Breaded Chicken;null;null;null;null;null;null;null;null;
275461706;Tesco Roast In Bag Whole Chicken Pork Sage And Onion Stuffed 1.5Kg;£5.50;£3.67/kg;Fresh Chicken & Poultry;Fresh Chicken & Breaded Chicken;142;18.4;null;0.8;6.7;2.2;0;0.4;
277181821;Tesco British Large Whole Chicken 1.6-1.9Kg;£5.00;£3.23/kg;Fresh Chicken & Poultry;Fresh Chicken & Breaded Chicken;198;20.0;null;0;13.1;3.7;0;0.3;
276054144;Tesco Finest British Cornfed Free Range Whole Chicken 1.0Kg 1.7Kg;£8.50;£5.00/kg;Fresh Chicken & Poultry;Fresh Chicken & Breaded Chicken;169;20.3;null;0;9.7;2.6;0;0.3;
275490971;Tesco British Small Whole Chicken 0.9-1.19Kg;£3.81;£3.20/kg;Fresh Chicken & Poultry;Fresh Chicken & Breaded Chicken;198;20.0;null;0;13.1;3.7;0;0.3;
279844357;Tesco Garlic And Rosemary Chicken Crown 700G;£5.50;£7.86/kg;Fresh Chicken & Poultry;Fresh Chicken & Breaded Chicken;175;21.2;null;0.1;9.8;3.5;0.5;0.2;
277268593;Tesco British Chicken Crown With Salt And Pepper 700G;£5.50;£7.86/kg;Fresh Chicken & Poultry;Fresh Chicken & Breaded Chicken;165;20.8;null;0.8;8.1;2.4;0.5;0.9;
279844680;Tesco Chicken Harissa Crown 700G;£5.50;£7.86/kg;Fresh Chicken & Poultry;Fresh Chicken & Breaded Chicken;166;20.4;null;0.4;8.5;2.5;0.5;0.8;
287174636;Tesco British Chicken Breast Portions 715G;£5.00;£7.00/kg;Fresh Chicken & Poultry;Fresh Chicken & Breaded Chicken;109;23.5;null;0;1.7;0.5;0;0.3;
287175065;Tesco British Chicken Breast Portions 475G;£4.00;£8.43/kg;Fresh Chicken & Poultry;Fresh Chicken & Breaded Chicken;109;23.5;null;0;1.7;0.5;0;0.3;
252465357;Tesco British Chicken Breast Quarters 240G-350G;£1.40;£4.00/kg;Fresh Chicken & Poultry;Fresh Chicken & Breaded Chicken;null;null;null;null;null;null;null;null;
250527991;Tesco Organic Whole Chicken 1.0 - 2.40Kg;£13.00;£6.50/kg;Fresh Chicken & Poultry;Fresh Chicken & Breaded Chicken;176;19.4;null;0;10.9;2.9;0;0.3;
275455075;Tesco Roast In Bag Whole Chicken Piri Piri 1.5Kg;£5.50;£3.67/kg;Fresh Chicken & Poultry;Fresh Chicken & Breaded Chicken;170;19.2;null;0.6;9.8;2.6;0.4;0.4;
285210396;Tesco British Chicken Thighs 0.8Kg-1.2Kg;£3.00;£3.75/kg;Fresh Chicken & Poultry;Fresh Chicken & Breaded Chicken;null;null;null;null;null;null;null;null;
282137082;Tesco Free Range Chicken Thigh Fillet;£6.00;£10.00/kg;Fresh Chicken & Poultry;Fresh Chicken & Breaded Chicken;161;18.3;null;0;9.8;2.6;0;0.3;
287174423;Tesco British Chicken Breast Mini Fillets 400G;£4.00;£10.00/kg;Fresh Chicken & Poultry;Fresh Chicken & Breaded Chicken;103;23.2;null;0;1.1;0.3;0;0.3;
285210252;Tesco 2 British Chicken Breast Fillets 300G;£3.00;£10.00/kg;Fresh Chicken & Poultry;Fresh Chicken & Breaded Chicken;109;23.5;null;0;1.7;0.5;0;0.3;
285416700;Tesco British Mini Chicken Fillets 600G;£5.00;£8.34/kg;Fresh Chicken & Poultry;Fresh Chicken & Breaded Chicken;null;null;null;null;null;null;null;null;
265490888;Tesco British Chicken Livers 380G;£1.20;£3.16/kg;Fresh Chicken & Poultry;Fresh Chicken & Breaded Chicken;106;15.9;null;0.3;4.6;1.0;0;0.3;
277615148;Tesco Organic 2 Chicken Fillets 256G - 346G;£5.36;£15.50/kg;Fresh Chicken & Poultry;Fresh Chicken & Breaded Chicken;104;23.8;null;0;1.0;0.3;0;0.3;
278720626;Tesco Salt And Pepper Chicken Thighs;£4.00;£4.00/kg;Fresh Chicken & Poultry;Fresh Chicken & Breaded Chicken;107;22.8;null;0;1.7;5.3;0;1.9;
285506945;Tesco Everyday Value British Breast Portions 450G-650G;£4.48;£6.90/kg;Fresh Chicken & Poultry;Fresh Chicken & Breaded Chicken;116;21.8;null;0;3.2;1.1;0;0.3;
257728258;Tesco Everyday Value British Chicken Leg Quarter 0.8Kg-1.2Kg;£2.24;£2.24/kg;Fresh Chicken & Poultry;Fresh Chicken & Breaded Chicken;230;17.6;null;0;17.7;6.3;0;0.3;
280804116;Tesco British Chicken Thigh Fillets 500G;£4.00;£8.00/kg;Fresh Chicken & Poultry;Fresh Chicken & Breaded Chicken;null;null;null;null;null;null;null;null;
282137050;Tesco Free Range Chicken Drumsticks And Thighs;£6.30;£5.25/kg;Fresh Chicken & Poultry;Fresh Chicken & Breaded Chicken;230;17.6;null;0;17.7;6.3;0;0.3;
282137021;Tesco Free Range Chicken Breast Fillets X 4;£7.28;£14.00/kg;Fresh Chicken & Poultry;Fresh Chicken & Breaded Chicken;109;23.5;null;0;1.7;0.5;0;0.3;
280988675;Tesco Chicken Thigh Fillets 500-700G;£4.55;£7.00/kg;Fresh Chicken & Poultry;Fresh Chicken & Breaded Chicken;null;null;null;null;null;null;null;null;
285210309;Tesco 4 British Chicken Breast Fillets 560G;£4.50;£8.04/kg;Fresh Chicken & Poultry;Fresh Chicken & Breaded Chicken;109;23.5;null;0;1.7;0.5;0;0.3;
287175226;Tesco British Chicken Breast Portions 923G;£6.00;£6.51/kg;Fresh Chicken & Poultry;Fresh Chicken & Breaded Chicken;109;23.5;null;0;1.7;0.5;0;0.3;
282137228;Tesco Free Range Whole Chicken;£11.25;£4.50/kg;Fresh Chicken & Poultry;Fresh Chicken & Breaded Chicken;198;20.0;null;0;13.1;3.7;0;0.3;
287174550;Tesco British Diced Chicken Breast 400G;£4.00;£10.00/kg;Fresh Chicken & Poultry;Fresh Chicken & Breaded Chicken;107;22.8;null;0;1.7;0.5;0;0.3;
277268869;Tesco Everyday Value British Chicken Wings 980G-1.1Kg;£2.41;£2.19/kg;Fresh Chicken & Poultry;Fresh Chicken & Breaded Chicken;209;17.9;null;0;15.3;4.3;0;0.3;
262629437;Tesco Everyday Value British Chicken Drumsticks 0.5Kg-1Kg;£2.65;£2.65/kg;Fresh Chicken & Poultry;Fresh Chicken & Breaded Chicken;230;17.6;null;0;17.7;6.3;0;0.3;
281239478;Tesco 4 Breaded Chicken Breast Fillets 700G;£5.00;£7.15/kg;Fresh Chicken & Poultry;Fresh Chicken & Breaded Chicken;189;17.7;null;1.1;6.8;0.7;0;0.6;
267289548;Tesco Bacon And Cheese Chicken Escalopes 305G;£2.55;£8.37/kg;Fresh Chicken & Poultry;Fresh Chicken & Breaded Chicken;250;11.5;null;2.5;14.9;2.9;1.4;0.7;
264567506;Tesco 4 Breaded Chicken Steaks 505G;£2.55;£5.05/kg;Fresh Chicken & Poultry;Fresh Chicken & Breaded Chicken;246;13.2;null;1.8;14.5;2.5;0.5;0.5;
281260313;Tesco 2 Breaded Chicken Breast Fillets 350G;£3.00;£8.58/kg;Fresh Chicken & Poultry;Fresh Chicken & Breaded Chicken;189;17.7;null;1.1;6.8;0.7;0;0.6;
279947316;Tesco 2 Garlic Chicken Kievs 305G;£2.25;£7.38/kg;Fresh Chicken & Poultry;Fresh Chicken & Breaded Chicken;297;12.7;null;0.9;21.1;8.5;0.7;0.7;
279946922;Tesco 2 Creamy Garlic Chicken Kievs 305G;£2.25;£7.38/kg;Fresh Chicken & Poultry;Fresh Chicken & Breaded Chicken;211;12.6;null;1.0;11.5;2.4;1.7;0.6;
265444529;Tesco Everyday Value British Diced Chicken 410G;£2.80;£6.83/kg;Fresh Chicken & Poultry;Fresh Chicken & Breaded Chicken;116;21.8;null;0;3.2;1.1;0;0.3;
285415131;Tesco Mini Chicken Fillets 300G;£3.00;£10.00/kg;Fresh Chicken & Poultry;Fresh Chicken & Breaded Chicken;null;null;null;null;null;null;null;null;
282537446;Bernard Matthews Breaded Turkey Steaks 200G;£1.50;£7.50/kg;Fresh Chicken & Poultry;Fresh Chicken & Breaded Chicken;null;11.3;null;null;16.5;null;1;0.7;
264567646;Tesco 2 Chicken Breast Garlic Kievs 295G;£3.80;£12.89/kg;Fresh Chicken & Poultry;Fresh Chicken & Breaded Chicken;241;16.5;null;1.0;14.8;5.9;0.5;0.4;
279935929;Tesco Breaded Chicken Goujons 270G;£2.25;£8.34/kg;Fresh Chicken & Poultry;Fresh Chicken & Breaded Chicken;282;14.1;null;0.9;17.8;2.6;2.1;0.4;
279947570;Tesco 2 Reduced Fat Garlic Chicken Kievs 305G;£2.25;£7.38/kg;Fresh Chicken & Poultry;Fresh Chicken & Breaded Chicken;225;12.4;null;1.4;13.2;4.1;1.2;0.7;
279947092;Tesco 2 Creamy Peppercorn Chicken Kievs 305G;£2.25;£7.38/kg;Fresh Chicken & Poultry;Fresh Chicken & Breaded Chicken;218;12.7;null;1.1;12.1;2.7;1.3;0.8;
285091909;Tesco Breaded Chicken Goujons 540G;£4.00;£7.41/kg;Fresh Chicken & Poultry;Fresh Chicken & Breaded Chicken;null;null;null;null;null;null;null;null;
284538802;Tesco 2 Tomato And Mozzarella Chicken Kievs 305G;£2.25;£7.38/kg;Fresh Chicken & Poultry;Fresh Chicken & Breaded Chicken;196;13.4;null;1.3;11.1;2.0;0;0.6;
279946784;Tesco 2 Cheese And Bacon Chicken Kievs 305G;£2.25;£7.38/kg;Fresh Chicken & Poultry;Fresh Chicken & Breaded Chicken;220;13.4;null;1.2;12.0;2.7;0.9;0.8;
285499892;Tesco Diced Chicken Breast 300G;£3.00;£10.00/kg;Fresh Chicken & Poultry;Fresh Chicken & Breaded Chicken;null;null;null;null;null;null;null;null;
255945073;Bernard Matthews Ham And Cheese Chicken Escalopes 285G;£2.00;£7.02/kg;Fresh Chicken & Poultry;Fresh Chicken & Breaded Chicken;null;11.9;null;null;11.3;null;0.5;0.80;
275446466;Tesco Mini Chicken Fillets 400G;£4.00;£10.00/kg;Fresh Chicken & Poultry;Fresh Chicken & Breaded Chicken;null;null;null;null;null;null;null;null;
285418782;Tesco Diced Chicken Breasts 600G;£5.00;£8.34/kg;Fresh Chicken & Poultry;Fresh Chicken & Breaded Chicken;null;null;null;null;null;null;null;null;
264566997;Tesco Southern Fried Breaded Chicken Mini Fillets 305G;£3.00;£9.84/kg;Fresh Chicken & Poultry;Fresh Chicken & Breaded Chicken;224;18.7;null;1.0;9.6;0.8;1.2;0.8;
279696508;Tesco Breaded Italian Herb Chicken Mini Fillets 305G;£3.00;£9.84/kg;Fresh Chicken & Poultry;Fresh Chicken & Breaded Chicken;210;17.8;null;0.6;7.8;0.8;1.9;0.6;
278770318;Tesco Creamy Garlic Chicken Kievs 610G;£4.00;£6.56/kg;Fresh Chicken & Poultry;Fresh Chicken & Breaded Chicken;211;12.6;null;1.0;11.5;2.4;1.7;0.6;
275503762;Tesco Finest British Cornfed Free Range Chicken Thigh Fillets 380G;£4.50;£11.85/kg;Fresh Chicken & Poultry;Fresh Chicken & Breaded Chicken;166;18.7;null;0.1;10.0;3.0;0.1;0.2;
264566899;Tesco Breaded Chicken Mini Fillets 305G;£3.00;£9.84/kg;Fresh Chicken & Poultry;Fresh Chicken & Breaded Chicken;0;0;null;0;0;0;0;0;
285092160;Tesco Southern Fried Mini Fillets 457G;£4.00;£8.76/kg;Fresh Chicken & Poultry;Fresh Chicken & Breaded Chicken;null;null;null;null;null;null;null;null;
281260768;Tesco Southern Fried Breaded Chicken Fillets 300G;£3.00;£10.00/kg;Fresh Chicken & Poultry;Fresh Chicken & Breaded Chicken;178;18.9;null;0.4;7.8;0.8;0;0.4;
279947656;Tesco Southern Fried Breaded Chicken Portions 950G;£3.80;£4.00/kg;Fresh Chicken & Poultry;Fresh Chicken & Breaded Chicken;239;16.7;null;0.4;15.3;2.8;1.0;0.7;
260446011;Tesco Finest British Cornfed Free Range Thigh And Drumsticks 850G;£6.50;£7.65/kg;Fresh Chicken & Poultry;Fresh Chicken & Breaded Chicken;194;17.0;null;0;14.0;4.7;0;0.3;
278274658;Tesco Finest British Cornfed Free Range Chicken Fillets 2 Pack 250G-380G;£5.70;£15.00/kg;Fresh Chicken & Poultry;Fresh Chicken & Breaded Chicken;105;23.7;null;0.8;0.6;0.2;0.1;0.1;
267285351;Tesco Hot And Spicy Mini Chicken Fillets 305G;£3.00;£9.84/kg;Fresh Chicken & Poultry;Fresh Chicken & Breaded Chicken;211;17.9;null;1.8;9.0;0.9;1.8;0.6;
264567593;Tesco Southern Fried Breaded Chicken Steaks 505G;£2.55;£5.05/kg;Fresh Chicken & Poultry;Fresh Chicken & Breaded Chicken;228;14.1;null;0.8;13.7;2.4;0.9;0.9;
281635867;Tesco Fresh Breaded Chicken Strips 420G;£4.00;£9.53/kg;Fresh Chicken & Poultry;Fresh Chicken & Breaded Chicken;null;null;null;null;null;null;null;null;
279935434;Tesco Southern Fried Breaded Chicken Pops 250G;£2.25;£9.00/kg;Fresh Chicken & Poultry;Fresh Chicken & Breaded Chicken;242;13.2;null;1.4;14.7;2.2;1.2;1.0;
279936099;Tesco Southern Fried Breaded Chicken Goujons 270G;£2.25;£8.34/kg;Fresh Chicken & Poultry;Fresh Chicken & Breaded Chicken;250;14.1;null;1.2;14.1;2.1;2.1;0.8;
264565952;Tesco Everyday Value 2 Garlic Chicken Kievs 250G;£1.29;£5.16/kg;Fresh Chicken & Poultry;Fresh Chicken & Breaded Chicken;284;11.1;null;0.9;20.2;4.9;2.0;0.6;
279935388;Tesco Breaded Chicken Pops 250G;£2.25;£9.00/kg;Fresh Chicken & Poultry;Fresh Chicken & Breaded Chicken;238;13.5;null;1.3;14.5;2.2;0.9;0.9;
287606576;Tesco Southern Fried Chicken Strips 420G;£2.00;£4.77/kg;Fresh Chicken & Poultry;Fresh Chicken & Breaded Chicken;null;null;null;null;null;null;null;null;
273169238;Tesco Free Range Garlic Chicken Kievs 260G;£3.00;£11.54/kg;Fresh Chicken & Poultry;Fresh Chicken & Breaded Chicken;271;14.1;null;1.0;19.1;8.8;0.5;0.6;
281762134;Tesco Healthy Living Ginger Lime And Chilli Chicken 290G;£4.00;£13.80/kg;Fresh Chicken & Poultry;Fresh Chicken & Breaded Chicken;118;21.4;null;0.9;2.9;0.7;0.5;0.5;
281761446;Tesco Healthy Living Mediterranean Chicken Fillets 330G;£4.00;£12.13/kg;Fresh Chicken & Poultry;Fresh Chicken & Breaded Chicken;98;17.4;null;2.6;1.7;0.4;0.5;0.4;
273968427;Counter British Whole Chicken;£6.00;£6.00/each;Fresh Chicken & Poultry;Fresh Chicken & Breaded Chicken;198;20.0;null;0;13.1;3.7;0;0.3;
274828379;Counter Free Range Chicken Fillet;£2.50;£2.50/each;Fresh Chicken & Poultry;Fresh Chicken & Breaded Chicken;140;22.7;null;0;5.4;1.5;0.1;0.1;
268405255;Gressingham Duck Breast Fillets 397G;£6.37;£16.05/kg;Fresh Chicken & Poultry;Fresh Duck, Goose & Game;194;27.2;null;null;9.4;null;0.5;0.3;
262511806;Gressingham Whole Guinea Fowl 1.05Kg;£6.50;£6.20/kg;Fresh Chicken & Poultry;Fresh Duck, Goose & Game;216;25.8;null;null;12.4;null;0.5;0.36;
266804039;Gressingham Spatchcock Poussin 450G;£3.25;£7.23/kg;Fresh Chicken & Poultry;Fresh Duck, Goose & Game;203;23.4;null;null;12.0;null;0.5;1.1;
264106696;Gressingham Whole Duck 1.6Kg-3.0Kg;£12.36;£4.12/kg;Fresh Chicken & Poultry;Fresh Duck, Goose & Game;214;24.5;null;null;12.7;null;0.5;0.33;
266571209;Gressingham Fresh Poussin 450G;£3.25;£7.23/kg;Fresh Chicken & Poultry;Fresh Duck, Goose & Game;198;25.2;null;null;10.6;null;0.5;0.3;
268397729;Gressingham Duck Legs 462G;£2.81;£6.09/kg;Fresh Chicken & Poultry;Fresh Duck, Goose & Game;223;25.2;null;null;13.3;null;0.5;0.34;
272943055;Gressingham Duck Breasts In Plum Sauce 400G;£4.50;£11.25/kg;Fresh Chicken & Poultry;Fresh Duck, Goose & Game;211;14.2;null;null;9.0;null;0.5;1.3;
274991005;Gressingham Fruity Duck Breasts 350G;£4.50;£12.86/kg;Fresh Chicken & Poultry;Fresh Duck, Goose & Game;145;15.9;null;null;6.8;null;0.4;0.2;
276492823;Gressingham Sticky Duck Legs 500G;£3.00;£6.00/kg;Fresh Chicken & Poultry;Fresh Duck, Goose & Game;225;22.3;null;null;12.0;null;0.5;1.2;
266395959;Tesco Chicken Breast Lattice With Pork Sage And Onion Joint 640G;£5.50;£8.60/kg;Fresh Chicken & Poultry;Fresh Ready to Cook Poultry;169;19.5;null;0.9;9.3;3.5;0.5;0.7;
284847911;Tesco Chicken Breast With Spinach And Ricotta Crumb 360G;£4.00;£11.12/kg;Fresh Chicken & Poultry;Fresh Ready to Cook Poultry;163;20.1;null;0.3;7.9;3.9;0.5;0.6;
284848032;Tesco Chicken Breast With Tomato And Pecorino 395G;£4.00;£10.13/kg;Fresh Chicken & Poultry;Fresh Ready to Cook Poultry;122;17.4;null;1.7;4.5;1.9;0.5;0.6;
268236846;Tesco Hunters Chicken 430G;£4.00;£9.31/kg;Fresh Chicken & Poultry;Fresh Ready to Cook Poultry;158;17.6;null;9.8;5.2;2.5;0.9;0.8;
266508874;Tesco Butter Chicken Joint;£5.50;£8.60/kg;Fresh Chicken & Poultry;Fresh Ready to Cook Poultry;169;21.1;null;0.1;9.2;3.4;0.5;0.2;
280172119;Tesco 2 Chicken Breasts With Garlic Mushroom 375G;£4.00;£11.60/kg;Fresh Chicken & Poultry;Fresh Ready to Cook Poultry;126;19.1;null;0.1;4.9;2.5;0.5;0.2;
282243042;Tesco Chicken Breast Fillets Wrapped In Prosciutto 330G;£4.00;£12.13/kg;Fresh Chicken & Poultry;Fresh Ready to Cook Poultry;158;23.7;null;0.1;6.6;3.1;0.5;0.5;
278974884;Tesco Chicken Fillets With Tikka Masala Sauce 370G;£4.00;£10.82/kg;Fresh Chicken & Poultry;Fresh Ready to Cook Poultry;125;17.1;null;3.5;4.4;0.8;0.6;0.7;
278974861;Tesco Chicken Breast With Puff Pastry Lattice 410G;£4.00;£9.76/kg;Fresh Chicken & Poultry;Fresh Ready to Cook Poultry;171;18.6;null;1.5;7.9;3.8;0.6;0.4;
284848075;Tesco Chicken Breast With Cheese, Leeks And Smoked Bacon 390G;£4.00;£10.26/kg;Fresh Chicken & Poultry;Fresh Ready to Cook Poultry;149;19.7;null;0.2;6.9;3.4;0.5;0.6;
280171777;Tesco 2 Chicken Breast Wrapped In Bacon And Cheese 385G;£4.00;£10.39/kg;Fresh Chicken & Poultry;Fresh Ready to Cook Poultry;146;19.3;null;0.7;7.2;2.7;0.6;0.7;
282150943;Tesco Lemon Garlic Turkey Steaks 290G;£4.00;£13.80/kg;Fresh Chicken & Poultry;Fresh Ready to Cook Poultry;159;21.2;null;1.2;6.0;3.4;0.5;0.4;
267345880;Tesco Garlic And Herb Spatchcock Chicken 1.2Kg;£6.00;£5.00/kg;Fresh Chicken & Poultry;Fresh Ready to Cook Poultry;195;17.9;null;0.1;13.5;4.4;0.5;0.4;
282319486;Tesco Hawaiian Chicken Breasts 325G;£4.00;£12.31/kg;Fresh Chicken & Poultry;Fresh Ready to Cook Poultry;130;20.5;null;1.9;4.1;1.9;0.5;0.8;
285512868;Tesco Chicken Mini Roasts With Gravy 438G;£4.00;£9.14/kg;Fresh Chicken & Poultry;Fresh Ready to Cook Poultry;153;16.4;null;1.1;8.3;2.9;0.7;0.7;
284848403;Tesco Chicken Breast With Green Thai Sauce 390G;£4.00;£10.26/kg;Fresh Chicken & Poultry;Fresh Ready to Cook Poultry;112;14.9;null;1.7;4.4;2.2;0.8;0.6;
281762134;Tesco Healthy Living Ginger Lime And Chilli Chicken 290G;£4.00;£13.80/kg;Fresh Chicken & Poultry;Fresh Ready to Cook Poultry;118;21.4;null;0.9;2.9;0.7;0.5;0.5;
281761446;Tesco Healthy Living Mediterranean Chicken Fillets 330G;£4.00;£12.13/kg;Fresh Chicken & Poultry;Fresh Ready to Cook Poultry;98;17.4;null;2.6;1.7;0.4;0.5;0.4;
266306623;Tesco Piri Piri Spatchcock Chicken 1.20Kg;£6.00;£5.00/kg;Fresh Chicken & Poultry;Fresh Ready to Cook Poultry;202;17.6;null;0.6;14.2;4.1;0.9;0.6;
281973112;Tesco Boozy Bourbon Bird Spatchcock Chicken 1.2Kg;£6.00;£5.00/kg;Fresh Chicken & Poultry;Fresh Ready to Cook Poultry;203;14.5;null;10.3;11.4;3.3;0.8;0.5;
281761331;Tesco Mediterranean Chicken Thigh Fillets 850G;£6.00;£7.06/kg;Fresh Chicken & Poultry;Fresh Ready to Cook Poultry;114;10.5;null;4.1;5.6;1.4;0.5;0.4;
285512972;Tesco Sweet Chilli And Lime Chicken Breasts 320G;£4.00;£12.50/kg;Fresh Chicken & Poultry;Fresh Ready to Cook Poultry;130;17.6;null;10.7;1.7;0.5;0.5;0.6;
285513723;Tesco Piri Piri Chicken Breast Fillets 365G;£4.00;£10.96/kg;Fresh Chicken & Poultry;Fresh Ready to Cook Poultry;150;20.0;null;0.7;7.1;2.3;0.5;0.6;
284848167;Tesco Mexican Chicken 360G;£4.00;£11.12/kg;Fresh Chicken & Poultry;Fresh Ready to Cook Poultry;138;19.0;null;1.1;4.8;2.0;0.5;0.6;
285863325;Tasty Sauces Tikka Masala Curry Sauce 400G;£1.00;£0.25/100g;Fresh Chicken & Poultry;Fresh Poultry Stocks & Sauces;111;2.0;9.4;null;7.8;null;2.2;null;
274859100;Tesco Finest Roast Chicken Stock 300G;£2.00;£0.67/100g;Fresh Chicken & Poultry;Fresh Poultry Stocks & Sauces;19;3.6;null;0.1;0.4;0.2;0.5;0.5;
285863383;Tasty Sauces Balti Curry Sauce 400G;£1.00;£0.25/100g;Fresh Chicken & Poultry;Fresh Poultry Stocks & Sauces;102;1.76;7.8;null;6.4;null;2.8;null;
274588380;Tesco Finest Free Range Chicken Gravy 500G;£2.00;£0.40/100g;Fresh Chicken & Poultry;Fresh Poultry Stocks & Sauces;89;2.9;null;1.2;6.4;1.7;0.7;0.6;
282719102;Tesco One Pot Marie Rose 130G;£1.25;£0.96/100g;Fresh Chicken & Poultry;Fresh Poultry Stocks & Sauces;479;1.6;null;5.0;48.3;3.3;0.5;0.6;
279857152;Tesco Fresh Barbecue Sauce 180G;£1.50;£0.83/100g;Fresh Chicken & Poultry;Fresh Poultry Stocks & Sauces;191;0.9;null;33.3;4.7;0.3;0.5;1.5;
284590096;Tesco Boneless Thigh Joint Sage And Onion Stuffing 575G;£3.50;£6.09/kg;Fresh Chicken & Poultry;Fresh Turkey;180;16.2;null;0.6;11.8;3.5;0.6;0.5;
266507796;Tesco Butter Basted Turkey Joint 640G;£5.50;£8.60/kg;Fresh Chicken & Poultry;Fresh Turkey;141;20.5;null;0.2;6.2;1.6;0;0.4;
275576513;Tesco British Turkey Breast Steaks 2 Pack;£4.00;£10.00/kg;Fresh Chicken & Poultry;Fresh Turkey;null;null;null;null;null;null;null;null;
279792728;Tesco Whole Turkey Fillet;£3.94;£8.75/kg;Fresh Chicken & Poultry;Fresh Turkey;100;22.3;null;0;1.2;0.6;0;0.3;
266623529;Tesco Everyday Value Turkey Drumstick 700-900G;£2.69;£2.99/kg;Fresh Chicken & Poultry;Fresh Turkey;136;19.9;null;0;6.3;2.3;0;0.3;
279534851;Tesco Turkey Breast Stir Fry 400G;£3.50;£8.75/kg;Fresh Chicken & Poultry;Fresh Turkey;100;22.3;null;0;1.2;0.6;0;0.3;
280988525;Tesco Everyday Value Turkey Breast Pieces 700G;£5.00;£7.15/kg;Fresh Chicken & Poultry;Fresh Turkey;null;null;null;null;null;null;null;null;
275576761;Tesco Turkey Breast 6 Quick Cook Steaks;£5.58;£9.00/kg;Fresh Chicken & Poultry;Fresh Turkey;100;22.3;null;0;1.2;0.6;0;0.3;
275457044;Tesco Turkey Breast Mince 2% Fat 500G;£4.00;£8.00/kg;Fresh Chicken & Poultry;Fresh Turkey;null;null;null;null;null;null;null;null;
275457021;Tesco Turkey Thigh Mince 7% Fat 500G;£2.45;£4.90/kg;Fresh Chicken & Poultry;Fresh Turkey;130;19.9;null;0;5.6;1.6;0;0.3;
259851540;Bernard Matthews Breaded Turkey Escalopes 390G;£2.50;£6.42/kg;Fresh Chicken & Poultry;Fresh Turkey;null;11.8;null;null;16.2;null;2.5;null;
284589790;Tesco Turkey Steaks With Cheese And Chive Melts 350G;£3.50;£10.00/kg;Fresh Chicken & Poultry;Fresh Turkey;180;22.0;null;0.4;9.9;5.9;0.3;0.4;
285727637;Tesco Mini Turkey Breast Fillets 320G;£3.00;£9.38/kg;Fresh Chicken & Poultry;Fresh Turkey;null;null;null;null;null;null;null;null;
279694712;Tesco Turkey Thigh Mince 7% Fat 250G;£1.75;£7.00/kg;Fresh Chicken & Poultry;Fresh Turkey;130;19.9;null;0;5.6;1.6;0;0.3;
285727597;Tesco Turkey Breast Diced 320G;£3.00;£9.38/kg;Fresh Chicken & Poultry;Fresh Turkey;null;null;null;null;null;null;null;null;
281946787;Tesco Turkey Breast Hot And Spicy Steaks 350G;£3.50;£10.00/kg;Fresh Chicken & Poultry;Fresh Turkey;110;24.1;null;1.4;0.3;0.2;0.1;0.5;
288514182;Tesco 2 British Turkey Fillets 330G;£3.00;£8.83/kg;Fresh Chicken & Poultry;Fresh Turkey;null;null;null;null;null;null;null;null;
282150943;Tesco Lemon Garlic Turkey Steaks 290G;£4.00;£13.80/kg;Fresh Chicken & Poultry;Fresh Turkey;159;21.2;null;1.2;6.0;3.4;0.5;0.4;
288514251;Tesco Turkey Breast Quick Cook Steaks 400G;£4.00;£9.10/kg;Fresh Chicken & Poultry;Fresh Turkey;100;22.3;null;0;1.2;0.6;0;0.3;
266507875;Tesco Pork Crackling Joint 640G;£5.50;£8.60/kg;Fresh Ready To Cook Meat & Poultry;Ready To Cook Meat;189;20.2;null;0.1;11.8;4.2;0.5;0.4;
279348772;Tesco Pork Loin Steaks With Ham And Leek Melt 360G;£4.00;£11.12/kg;Fresh Ready To Cook Meat & Poultry;Ready To Cook Meat;179;18.1;null;0.4;10.8;4.9;0.8;0.3;
278942133;Tesco Pork Fillets With Mediterranean Sauce 450G;£4.00;£8.89/kg;Fresh Ready To Cook Meat & Poultry;Ready To Cook Meat;89;16.1;null;1.3;1.9;0.6;0.6;0.4;
266507731;Tesco Gammon Joint With Honey Glaze 640G;£5.50;£8.60/kg;Fresh Ready To Cook Meat & Poultry;Ready To Cook Meat;129;18.1;null;5.9;2.1;0.8;0.5;1.6;
284507750;Tesco Pork Steaks Mustard And Ale Sauce 310G;£4.00;£12.91/kg;Fresh Ready To Cook Meat & Poultry;Ready To Cook Meat;245;17.3;null;0.3;19.4;9.1;0.1;0.4;
282149992;Tesco Pork With Rosemary And Garlic 555G;null;null;Fresh Ready To Cook Meat & Poultry;Ready To Cook Meat;180;16.5;null;0.4;12.1;4.4;0.5;0.4;
266507915;Tesco Pork Loin Steaks With Apple Sauce 430G;£4.00;£9.31/kg;Fresh Ready To Cook Meat & Poultry;Ready To Cook Meat;168;19.1;null;2.1;8.6;3.4;0.5;0.5;
278995484;Tesco Slow Cooked Lamb Shoulder With Redcurrant 440G;£6.00;£13.64/kg;Fresh Ready To Cook Meat & Poultry;Ready To Cook Meat;293;24.9;null;7.3;18.1;7.9;0.5;0.6;
284951695;Tesco Smoked Gamm Joint With Cranberry And Orange Glaze 700G;null;null;Fresh Ready To Cook Meat & Poultry;Ready To Cook Meat;105;16.9;null;4.7;2.1;0.8;0;2.4;
285476645;Tesco Beef Joint With Gravy 500G;£6.00;£12.00/kg;Fresh Ready To Cook Meat & Poultry;Ready To Cook Meat;98;18.1;null;0.8;2.3;1.2;0.1;0.5;
278906350;Tesco Sirloin Steaks With Red Wine Sauce 390G;£7.00;£17.95/kg;Fresh Ready To Cook Meat & Poultry;Ready To Cook Meat;149;16.8;null;3.0;7.5;3.2;0.1;0.6;
285476334;Tesco Beef Steak With Pepper Corn Sauce 320G;£4.00;£12.50/kg;Fresh Ready To Cook Meat & Poultry;Ready To Cook Meat;113;17.1;null;0.3;4.6;2.2;0.1;0.4;
266508874;Tesco Butter Chicken Joint;£5.50;£8.60/kg;Fresh Ready To Cook Meat & Poultry;Ready To Cook Poultry;169;21.1;null;0.1;9.2;3.4;0.5;0.2;
266395959;Tesco Chicken Breast Lattice With Pork Sage And Onion Joint 640G;£5.50;£8.60/kg;Fresh Ready To Cook Meat & Poultry;Ready To Cook Poultry;169;19.5;null;0.9;9.3;3.5;0.5;0.7;
284847911;Tesco Chicken Breast With Spinach And Ricotta Crumb 360G;£4.00;£11.12/kg;Fresh Ready To Cook Meat & Poultry;Ready To Cook Poultry;163;20.1;null;0.3;7.9;3.9;0.5;0.6;
281761446;Tesco Healthy Living Mediterranean Chicken Fillets 330G;£4.00;£12.13/kg;Fresh Ready To Cook Meat & Poultry;Ready To Cook Poultry;98;17.4;null;2.6;1.7;0.4;0.5;0.4;
280172119;Tesco 2 Chicken Breasts With Garlic Mushroom 375G;£4.00;£11.60/kg;Fresh Ready To Cook Meat & Poultry;Ready To Cook Poultry;126;19.1;null;0.1;4.9;2.5;0.5;0.2;
280171777;Tesco 2 Chicken Breast Wrapped In Bacon And Cheese 385G;£4.00;£10.39/kg;Fresh Ready To Cook Meat & Poultry;Ready To Cook Poultry;146;19.3;null;0.7;7.2;2.7;0.6;0.7;
267345880;Tesco Garlic And Herb Spatchcock Chicken 1.2Kg;£6.00;£5.00/kg;Fresh Ready To Cook Meat & Poultry;Ready To Cook Poultry;195;17.9;null;0.1;13.5;4.4;0.5;0.4;
284848075;Tesco Chicken Breast With Cheese, Leeks And Smoked Bacon 390G;£4.00;£10.26/kg;Fresh Ready To Cook Meat & Poultry;Ready To Cook Poultry;149;19.7;null;0.2;6.9;3.4;0.5;0.6;
266306623;Tesco Piri Piri Spatchcock Chicken 1.20Kg;£6.00;£5.00/kg;Fresh Ready To Cook Meat & Poultry;Ready To Cook Poultry;202;17.6;null;0.6;14.2;4.1;0.9;0.6;
284848032;Tesco Chicken Breast With Tomato And Pecorino 395G;£4.00;£10.13/kg;Fresh Ready To Cook Meat & Poultry;Ready To Cook Poultry;122;17.4;null;1.7;4.5;1.9;0.5;0.6;
281973112;Tesco Boozy Bourbon Bird Spatchcock Chicken 1.2Kg;£6.00;£5.00/kg;Fresh Ready To Cook Meat & Poultry;Ready To Cook Poultry;203;14.5;null;10.3;11.4;3.3;0.8;0.5;
281761331;Tesco Mediterranean Chicken Thigh Fillets 850G;£6.00;£7.06/kg;Fresh Ready To Cook Meat & Poultry;Ready To Cook Poultry;114;10.5;null;4.1;5.6;1.4;0.5;0.4;
268236846;Tesco Hunters Chicken 430G;£4.00;£9.31/kg;Fresh Ready To Cook Meat & Poultry;Ready To Cook Poultry;158;17.6;null;9.8;5.2;2.5;0.9;0.8;
278974861;Tesco Chicken Breast With Puff Pastry Lattice 410G;£4.00;£9.76/kg;Fresh Ready To Cook Meat & Poultry;Ready To Cook Poultry;171;18.6;null;1.5;7.9;3.8;0.6;0.4;
278974884;Tesco Chicken Fillets With Tikka Masala Sauce 370G;£4.00;£10.82/kg;Fresh Ready To Cook Meat & Poultry;Ready To Cook Poultry;125;17.1;null;3.5;4.4;0.8;0.6;0.7;
285512868;Tesco Chicken Mini Roasts With Gravy 438G;£4.00;£9.14/kg;Fresh Ready To Cook Meat & Poultry;Ready To Cook Poultry;153;16.4;null;1.1;8.3;2.9;0.7;0.7;
281762134;Tesco Healthy Living Ginger Lime And Chilli Chicken 290G;£4.00;£13.80/kg;Fresh Ready To Cook Meat & Poultry;Ready To Cook Poultry;118;21.4;null;0.9;2.9;0.7;0.5;0.5;
282319486;Tesco Hawaiian Chicken Breasts 325G;£4.00;£12.31/kg;Fresh Ready To Cook Meat & Poultry;Ready To Cook Poultry;130;20.5;null;1.9;4.1;1.9;0.5;0.8;
284848403;Tesco Chicken Breast With Green Thai Sauce 390G;£4.00;£10.26/kg;Fresh Ready To Cook Meat & Poultry;Ready To Cook Poultry;112;14.9;null;1.7;4.4;2.2;0.8;0.6;
282243042;Tesco Chicken Breast Fillets Wrapped In Prosciutto 330G;£4.00;£12.13/kg;Fresh Ready To Cook Meat & Poultry;Ready To Cook Poultry;158;23.7;null;0.1;6.6;3.1;0.5;0.5;
284848167;Tesco Mexican Chicken 360G;£4.00;£11.12/kg;Fresh Ready To Cook Meat & Poultry;Ready To Cook Poultry;138;19.0;null;1.1;4.8;2.0;0.5;0.6;
285512972;Tesco Sweet Chilli And Lime Chicken Breasts 320G;£4.00;£12.50/kg;Fresh Ready To Cook Meat & Poultry;Ready To Cook Poultry;130;17.6;null;10.7;1.7;0.5;0.5;0.6;
285513723;Tesco Piri Piri Chicken Breast Fillets 365G;£4.00;£10.96/kg;Fresh Ready To Cook Meat & Poultry;Ready To Cook Poultry;150;20.0;null;0.7;7.1;2.3;0.5;0.6;
284448180;Low And Slow Barbecue Beef Ribs 390G;£4.00;£10.26/kg;Fresh Ready To Cook Meat & Poultry;Slow Cooked Meat & Poultry;201;15.5;null;null;null;4.9;0.5;0.5;
282137695;Tesco Barbecue Apple Pulled Pork 410G;£4.00;£9.76/kg;Fresh Ready To Cook Meat & Poultry;Slow Cooked Meat & Poultry;226;22.2;null;10.3;10.6;3.9;0.5;0.5;
284949975;Tesco Finest Pork Rib And Chimichurri 595G;£6.00;£10.09/kg;Fresh Ready To Cook Meat & Poultry;Slow Cooked Meat & Poultry;285;19.0;null;1.7;21.5;5.4;0.5;1.3;
284950045;Tesco Chorizo And Spanish Sauce Chicken Thighs 480G;£4.00;£8.34/kg;Fresh Ready To Cook Meat & Poultry;Slow Cooked Meat & Poultry;236;18.9;null;1.6;17.0;4.8;0.5;0.8;
284552462;Tesco Barbecue Bourbon Glazed Pork Ribs 460G;£4.00;£8.70/kg;Fresh Ready To Cook Meat & Poultry;Slow Cooked Meat & Poultry;256;20.5;null;6.4;16.3;6.1;0.5;1.1;
284949825;Tesco Pork Belly With Cider 370G;£4.00;£10.82/kg;Fresh Ready To Cook Meat & Poultry;Slow Cooked Meat & Poultry;366;18.8;null;2.2;31.2;11.7;0.5;1.3;
284448592;Low And Slow Minted Lamb Shank 400G;£4.00;£10.00/kg;Fresh Ready To Cook Meat & Poultry;Slow Cooked Meat & Poultry;164;16.7;null;null;null;3.7;0.5;1.3;
284552643;Tesco Barbecue Hoi Sin Pork Rib Rack 460G;£4.00;£8.70/kg;Fresh Ready To Cook Meat & Poultry;Slow Cooked Meat & Poultry;302;20.8;null;7.8;20.7;8.4;0.5;1.3;
284949802;Tesco New York Style Pork Rib 460G;£4.00;£8.70/kg;Fresh Ready To Cook Meat & Poultry;Slow Cooked Meat & Poultry;252;20.1;null;8.4;13.6;5.6;0.5;1.3;
282137842;Tesco Barbecue Chipotle Chilli Pulled Pork 410G;£4.00;£9.76/kg;Fresh Ready To Cook Meat & Poultry;Slow Cooked Meat & Poultry;223;21.2;null;11.6;9.6;3.7;0.5;0.8;
284949892;Tesco Half Chicken And Herb 575G;£4.00;£6.96/kg;Fresh Ready To Cook Meat & Poultry;Slow Cooked Meat & Poultry;170;23.8;null;0.2;8.1;2.1;0.5;0.8;
284552695;Tesco Grill Maple Barbecue Pork Rib 460G;£4.00;£8.70/kg;Fresh Ready To Cook Meat & Poultry;Slow Cooked Meat & Poultry;276;20.5;null;7.4;17.9;6.9;0.5;0.8;
284950114;Tesco Finest Pulled Pork 655G;£6.00;£9.17/kg;Fresh Ready To Cook Meat & Poultry;Slow Cooked Meat & Poultry;249;20.4;null;8.7;14.6;5.3;0.5;0.5;
284552326;Tesco Slow Cooked Beef Joint With Gravy 500G;£5.00;£10.00/kg;Fresh Ready To Cook Meat & Poultry;Slow Cooked Meat & Poultry;152;24.3;null;1.9;4.5;2.1;0.5;0.8;
284430252;Tesco Sweet Chilli Pork Ribs 460G;£4.00;£8.70/kg;Fresh Ready To Cook Meat & Poultry;Slow Cooked Meat & Poultry;272;19.0;null;6.6;18.2;6.6;0.5;1.4;
284949975;Tesco Finest Pork Rib And Chimichurri 595G;£6.00;£10.09/kg;Sausages, Burgers & BBQ Meat;BBQ Meat & Poultry;285;19.0;null;1.7;21.5;5.4;0.5;1.3;
284950114;Tesco Finest Pulled Pork 655G;£6.00;£9.17/kg;Sausages, Burgers & BBQ Meat;BBQ Meat & Poultry;249;20.4;null;8.7;14.6;5.3;0.5;0.5;
284950045;Tesco Chorizo And Spanish Sauce Chicken Thighs 480G;£4.00;£8.34/kg;Sausages, Burgers & BBQ Meat;BBQ Meat & Poultry;236;18.9;null;1.6;17.0;4.8;0.5;0.8;
284552462;Tesco Barbecue Bourbon Glazed Pork Ribs 460G;£4.00;£8.70/kg;Sausages, Burgers & BBQ Meat;BBQ Meat & Poultry;256;20.5;null;6.4;16.3;6.1;0.5;1.1;
284552695;Tesco Grill Maple Barbecue Pork Rib 460G;£4.00;£8.70/kg;Sausages, Burgers & BBQ Meat;BBQ Meat & Poultry;276;20.5;null;7.4;17.9;6.9;0.5;0.8;
284448592;Low And Slow Minted Lamb Shank 400G;£4.00;£10.00/kg;Sausages, Burgers & BBQ Meat;BBQ Meat & Poultry;164;16.7;null;null;null;3.7;0.5;1.3;
284552643;Tesco Barbecue Hoi Sin Pork Rib Rack 460G;£4.00;£8.70/kg;Sausages, Burgers & BBQ Meat;BBQ Meat & Poultry;302;20.8;null;7.8;20.7;8.4;0.5;1.3;
284552326;Tesco Slow Cooked Beef Joint With Gravy 500G;£5.00;£10.00/kg;Sausages, Burgers & BBQ Meat;BBQ Meat & Poultry;152;24.3;null;1.9;4.5;2.1;0.5;0.8;
284949892;Tesco Half Chicken And Herb 575G;£4.00;£6.96/kg;Sausages, Burgers & BBQ Meat;BBQ Meat & Poultry;170;23.8;null;0.2;8.1;2.1;0.5;0.8;
278995484;Tesco Slow Cooked Lamb Shoulder With Redcurrant 440G;£6.00;£13.64/kg;Sausages, Burgers & BBQ Meat;BBQ Meat & Poultry;293;24.9;null;7.3;18.1;7.9;0.5;0.6;
259552963;Tesco 2 Peppered Beef Grillsteaks 340G;£2.00;£5.89/kg;Sausages, Burgers & BBQ Meat;Burgers & Meatballs;291;15.2;null;1.2;23.6;9.3;0.5;0.7;
282011659;Tesco 24 Beef Meatballs 672G;£4.00;£5.96/kg;Sausages, Burgers & BBQ Meat;Burgers & Meatballs;277;16.6;null;1.7;22.3;10.2;0.5;0.7;
282025194;Tesco Finest 12 Beef Italian Style Meatballs 336G;£2.50;£7.45/kg;Sausages, Burgers & BBQ Meat;Burgers & Meatballs;235;16.8;null;1.7;16.9;7.8;1.4;0.6;
287970771;Tesco 2 Lamb Burgers 227G;£2.00;£4.41/kg;Sausages, Burgers & BBQ Meat;Burgers & Meatballs;239;14.1;null;1.0;19.0;8.8;0.9;0.7;
278437962;Tesco Finest 4 Chorizo Style Pork Burger 454G;£3.50;£7.71/kg;Sausages, Burgers & BBQ Meat;Burgers & Meatballs;256;13.4;null;3.6;19.8;8.0;1.1;0.9;
261742386;Tesco Finest 4 Caramelised Onion Burger 454G;£3.50;£7.71/kg;Sausages, Burgers & BBQ Meat;Burgers & Meatballs;250;15.0;null;4.6;18.1;8.4;0.5;0.7;
253609248;Tesco 4 1/4Lb Beef Burgers 454G;£3.00;£6.61/kg;Sausages, Burgers & BBQ Meat;Burgers & Meatballs;277;16.6;null;1.7;22.3;10.2;0.5;0.7;
284541302;Tesco Finest Pork Gluten Free Burgers 454G;£3.50;£7.71/kg;Sausages, Burgers & BBQ Meat;Burgers & Meatballs;null;null;null;null;null;null;null;null;
280469437;Tesco 6 Quick Cook Beef Burgers 336G;£3.00;£8.93/kg;Sausages, Burgers & BBQ Meat;Burgers & Meatballs;277;16.6;null;1.7;22.3;10.2;0.5;0.7;
277234063;Richmond 20 Mini Meatballs 200G;£2.00;£2.00/kg;Sausages, Burgers & BBQ Meat;Burgers & Meatballs;255;null;null;null;16;null;14;1.1;
279251148;Tesco Finest 4 Three Chilli Beef Burgers 454G;£3.50;£7.71/kg;Sausages, Burgers & BBQ Meat;Burgers & Meatballs;228;17.5;null;1.0;16.3;7.2;0.7;0.7;
277661766;Tesco Finest 4 British Beef Steak Burgers 454G;£3.50;£7.71/kg;Sausages, Burgers & BBQ Meat;Burgers & Meatballs;230;17.7;null;1.0;16.5;7.0;0.1;0.8;
282389471;Tesco Finest 6 Mini Beef Burgers 360G;£3.50;£9.73/kg;Sausages, Burgers & BBQ Meat;Burgers & Meatballs;230;17.7;null;1.0;16.5;7.0;0.1;0.8;
277103558;Tesco 20 Mini Meatballs 400G;£2.00;£5.00/kg;Sausages, Burgers & BBQ Meat;Burgers & Meatballs;277;16.6;null;1.7;22.3;10.2;0.5;0.7;
282223852;Tesco 2 Gluten Free Beef Burgers 227G;£2.00;£8.82/kg;Sausages, Burgers & BBQ Meat;Burgers & Meatballs;259;16.0;null;0.3;20.0;8.4;1.1;0.6;
280469875;Tesco Cheese Burgers In Buns 505G;£3.50;£7.47/kg;Sausages, Burgers & BBQ Meat;Burgers & Meatballs;256;10.9;null;5.5;14.0;5.9;1.7;0.9;
282373472;Tesco Finest 4 Xl Beef Burgers 454G;£3.50;£7.71/kg;Sausages, Burgers & BBQ Meat;Burgers & Meatballs;230;17.7;null;1.0;16.5;7.0;0.1;0.8;
281974465;Tesco 12 Beef Meatballs 336G;£2.00;£5.96/kg;Sausages, Burgers & BBQ Meat;Burgers & Meatballs;277;16.6;null;1.7;22.3;10.2;0.5;0.7;
282390543;Tesco 12 Lamb And Herb Meatballs 336G;£2.20;£6.55/kg;Sausages, Burgers & BBQ Meat;Burgers & Meatballs;244;15.7;null;2.3;17.9;9.3;0.5;0.5;
277102127;Tesco Finest 2 British Beef Steak Burgers 227G;£2.00;£8.82/kg;Sausages, Burgers & BBQ Meat;Burgers & Meatballs;230;17.7;null;1.0;16.5;7.0;0.1;0.8;
256835228;Tesco Swedish Style Beef Meatballs 350G;£2.00;£5.72/kg;Sausages, Burgers & BBQ Meat;Burgers & Meatballs;334;15.9;null;5.0;24.3;8.5;1.5;1.5;
277719158;Counter Tesco British Beef Burgers 4Oz;£0.60;£0.60/each;Sausages, Burgers & BBQ Meat;Burgers & Meatballs;null;null;null;null;null;null;null;null;
282011772;Tesco Finest 12 British Beef Meatballs 336G;£2.50;£7.45/kg;Sausages, Burgers & BBQ Meat;Burgers & Meatballs;225;17.7;null;1.0;16.0;6.8;0.1;0.8;
282443735;Tesco Finest 12 British Pork And Herb Meatballs 336G;£2.50;£7.45/kg;Sausages, Burgers & BBQ Meat;Burgers & Meatballs;212;16.0;null;0.5;15.9;5.8;0.7;1.1;
283352887;Tesco Finest Brt12 Beef Tomato And Chilli Meatballs 336G;£2.50;£7.45/kg;Sausages, Burgers & BBQ Meat;Burgers & Meatballs;252;16.0;null;2.0;18.9;8.0;0.1;0.8;
282373506;Tesco Finest 20 Mini Meatballs 400G;£2.50;£6.25/kg;Sausages, Burgers & BBQ Meat;Burgers & Meatballs;225;17.7;null;1.0;16.0;6.8;0.1;0.8;
284541420;Tesco Finest Pork And Red Onion Meatballs 336G;£2.50;£7.45/kg;Sausages, Burgers & BBQ Meat;Burgers & Meatballs;null;null;null;null;null;null;null;null;
281919526;Debbie &Andrew's Butchers Classic Pork Sausages 454G;£2.00;£4.41/kg;Sausages, Burgers & BBQ Meat;Sausages;222;15.8;null;null;14.2;null;1.1;1.75;
282489485;Richmond 10 Mini Burgers 200G;£0.80;£0.07/each;Sausages, Burgers & BBQ Meat;Sausages;232;14;null;null;14;null;null;1.4;
260391909;Powters 6 Newmarket Sausages 400G;£3.00;£7.50/kg;Sausages, Burgers & BBQ Meat;Sausages;929kJ/ 474kJ/;16.6;null;null;13;null;2;1.96;
277643857;Heck 97% Pork Sausages 400G;£3.00;£7.50/kg;Sausages, Burgers & BBQ Meat;Sausages;202 ;16.5;null;null;14.1;null;null;1.62;
254274712;Richmond 12 Thin Pork Sausages 340G;£2.00;£5.89/kg;Sausages, Burgers & BBQ Meat;Sausages;254;11.7;null;null;15.9;null;2.6;null;
283025117;Mattessons Barbecue Sausages 400G;null;null;Sausages, Burgers & BBQ Meat;Sausages;265;13;null;null;18;null;null;1.4;
254058047;Broad Oak Farm 8 Premium Pork Sausages 454G;£2.50;£5.51/kg;Sausages, Burgers & BBQ Meat;Sausages;1288kJ 732kJ;11.9;null;null;25.8;null;0.4;null;
263344046;Richmond 12 Thick Pork Sausages 681G;£3.00;£4.41/kg;Sausages, Burgers & BBQ Meat;Sausages;254;11.7;null;null;15.9;null;2.6;null;
281137408;Heck Chicken Italia Sausages 340G;£3.00;£8.83/kg;Sausages, Burgers & BBQ Meat;Sausages;106 ;18.7;null;null;2.3;null;null;1.9;
278774314;Butchers Choice Pork And Leek Sausage 454G;£1.70;£3.75/kg;Sausages, Burgers & BBQ Meat;Sausages;295;12.0;null;1.2;24.9;9.2;2.6;1.4;
250262859;Debbie And Andrew 6 Perfect Pork Sausages 400G;£3.00;£7.50/kg;Sausages, Burgers & BBQ Meat;Sausages;528kJ 851kJ;10.2;null;null;8.1;null;1.4;0.89;
257577171;Debbie And Andrew 6 Harrogate 97% Sausages 400G;£3.00;£7.50/kg;Sausages, Burgers & BBQ Meat;Sausages;471kJ 924kJ;9.3;null;null;7.7;null;3.7;0.74;
268419481;Powters Low Fat Sausages 400G;£3.00;£7.50/kg;Sausages, Burgers & BBQ Meat;Sausages;614kJ/ 313kJ/;18.2;null;null;2.5;null;1.9;2.03;
282489151;Mattessons Hellfire Chilli Sausages 400G;£0.94;£0.94/100g;Sausages, Burgers & BBQ Meat;Sausages;275;14;null;null;19;null;null;1.5;
277450359;Butchers Choice Turkey Sausages 400G;null;null;Sausages, Burgers & BBQ Meat;Sausages;234;13.4;null;1.2;15.1;4.6;0.5;1.0;
281919699;Debbie&Andrew's Butchers Classic Cumberland Sausages 454G;£2.00;£4.41/kg;Sausages, Burgers & BBQ Meat;Sausages;230;16.1;null;null;15.3;null;0.9;1.34;
266728066;Richmond 16 Thick Pork Sausages 2X454g;£4.00;£4.42/kg;Sausages, Burgers & BBQ Meat;Sausages;254 ;11.7;null;null;15.9;null;2.61;null;
257447210;Richmond 12 Skinless Pork Sausages 319G;£2.00;£6.27/kg;Sausages, Burgers & BBQ Meat;Sausages;288;10.3;null;null;22.3;null;1.4;null;
268849386;Butchers Choice Cider And Apple Pork Sausages 454G;£1.70;£3.75/kg;Sausages, Burgers & BBQ Meat;Sausages;273;11.5;null;3.3;20.8;7.6;2.0;1.1;
265414272;Richmond 18 Thin Pork Sausages 510G;£3.00;£5.89/kg;Sausages, Burgers & BBQ Meat;Sausages;254;11.7;null;null;15.9;null;2.6;null;
254274735;Richmond 8 Thick Pork Sausages 454G;£2.00;£4.41/kg;Sausages, Burgers & BBQ Meat;Sausages;254;11.7;null;null;15.9;null;2.6;null;
261878876;Tesco Butchers Choice British 8 Lincolnshire Sausages 454G;£1.70;£3.75/kg;Sausages, Burgers & BBQ Meat;Sausages;263;11.3;null;2.5;19.8;7.0;2.2;0.8;
269003297;Robert Chicken Sausage 300G;£1.95;£0.65/100g;Sausages, Burgers & BBQ Meat;Sausages;191 ;16;null;null;null;null;null;null;
267448758;Tesco British 8 Cumberland Sausages 454G;£1.20;£2.65/kg;Sausages, Burgers & BBQ Meat;Sausages;278;10.1;null;2.1;20.8;7.7;2.6;1.0;
262767136;Tesco Butchers Choice British 8 Beef Sausages 454G;£1.70;£3.75/kg;Sausages, Burgers & BBQ Meat;Sausages;183;14.3;null;0.2;10.7;5.3;1.7;1.3;
274857557;Tesco Butchers Choice British 20 Cocktail Sausages 270G;£1.70;£6.30/kg;Sausages, Burgers & BBQ Meat;Sausages;265;11.3;null;2.7;20.2;7.3;2.0;0.8;
265496588;Tahira Beef Hot And Spicy Sausages 500G;£1.40;£0.28/100g;Sausages, Burgers & BBQ Meat;Sausages;984 kJ;11;null;null;20;null;null;null;
271710937;Riverway 12 Traditional Pork Sausages 681G;£3.00;£4.41/kg;Sausages, Burgers & BBQ Meat;Sausages;300;13.6;10.8;null;21.9;null;0.5;1.3;
283024913;Richmond 20 Mini Sausages 200G;null;null;Sausages, Burgers & BBQ Meat;Sausages;226;12;null;null;13;null;null;1.8;
265236085;Tesco Butchers Choice British 12 Pork Sausages 681G;£2.50;£3.68/kg;Sausages, Burgers & BBQ Meat;Sausages;265;11.3;null;2.7;20.2;7.3;2.0;0.8;
262011747;Tesco Butchers Choice British 12 Chipolata Sausages 340G;£1.70;£5.00/kg;Sausages, Burgers & BBQ Meat;Sausages;265;11.3;null;2.7;20.2;7.3;2.0;0.8;
265496526;Tahira Chicken Sausages With Olives 500G;£1.40;£0.28/100g;Sausages, Burgers & BBQ Meat;Sausages;984 KJ;11;null;null;20;null;null;null;
250165978;Richmond 8 Skinless Pork Sausages 213G;£1.50;£7.05/kg;Sausages, Burgers & BBQ Meat;Sausages;288;10.3;null;null;22.3;null;1.4;null;
277492983;Tesco British 8 Irish Recipe Sausages 454G;£1.20;£2.65/kg;Sausages, Burgers & BBQ Meat;Sausages;229;10.5;null;1.9;15.3;5.1;1.8;1.5;
252995167;Tesco Butchers Choice British 8 Half Fat Pork Sausages 454G;£1.70;£3.75/kg;Sausages, Burgers & BBQ Meat;Sausages;168;15.7;null;4.4;7.6;2.7;2.4;0.8;
264693523;Riverway 12 Cumberland Sausages 681G;£3.00;£4.41/kg;Sausages, Burgers & BBQ Meat;Sausages;1085kJ 1080kJ;12.9;null;null;17.6;null;0.5;1.2;
262615661;Tesco Butchers Choice British 12 Cumberland Sausages 681G;£2.50;£3.68/kg;Sausages, Burgers & BBQ Meat;Sausages;265;11.4;null;2.5;20.2;7.2;2.2;0.8;
267446616;Tesco Butchers Choice British 8 Cumberland Sausages 454G;£1.70;£3.75/kg;Sausages, Burgers & BBQ Meat;Sausages;265;11.4;null;2.5;20.2;7.2;2.2;0.8;
251595319;Tesco 12 Pork Chipolata 340G;£1.20;£3.53/kg;Sausages, Burgers & BBQ Meat;Sausages;309;10.8;null;1.4;25.8;9.8;1.9;1.0;
254274332;Tesco British 8 Pork Sausages 454G;£1.20;£2.65/kg;Sausages, Burgers & BBQ Meat;Sausages;309;10.8;null;1.4;25.8;9.8;1.9;1.0;
279993433;Tesco Finest 6 Pork And Leek Sausages 400G;£3.00;£7.50/kg;Sausages, Burgers & BBQ Meat;Sausages;297;13.1;null;1.5;25.4;9.4;0.8;0.9;
274857718;Tesco Butchers Choice British Pork Sausage Meat 375G;£1.70;£4.54/kg;Sausages, Burgers & BBQ Meat;Sausages;219;13.7;null;1.9;14.9;5.1;2.0;1.5;
279993289;Tesco Finest 6 British Aberdeen Angus Beef Sausages 400G;£3.00;£7.50/kg;Sausages, Burgers & BBQ Meat;Sausages;257;14.5;null;0.5;20.8;9.1;0.7;1.1;
264708934;Tesco Finest 12 Pork British Outdoor Bred Chipolatas 375G;£3.00;£8.00/kg;Sausages, Burgers & BBQ Meat;Sausages;230;16.6;null;0.5;17.8;6.6;0.5;1.0;
279992532;Tesco Finest 10 British Pork Cocktail Sausages In Streaky Bacon 210G;£3.00;£1.43/100g;Sausages, Burgers & BBQ Meat;Sausages;292;15.8;null;0.5;25.1;9.1;0.5;1.3;
251039075;Tesco Finest British 12 Cumberland Chipolatas 375G;£3.00;£8.00/kg;Sausages, Burgers & BBQ Meat;Sausages;291;14.4;null;1.7;24.7;9.4;1.3;1.0;
279993393;Tesco Finest 6 British Pork And Sweet Chilli Sausages 400G;£3.00;£7.50/kg;Sausages, Burgers & BBQ Meat;Sausages;188;14.8;null;4.4;10.8;4.0;0.6;1.0;
280002909;Tesco Finest 6 British Pork Bramley Apple Sausages 400G;£3.00;£7.50/kg;Sausages, Burgers & BBQ Meat;Sausages;269;13.3;null;5.7;20.4;7.4;1.2;1.1;
268294511;Tesco Finest 6 British Pork Chorizo Styl Chipolatas 300G;£3.00;£10.00/kg;Sausages, Burgers & BBQ Meat;Sausages;270;14.3;null;2.0;22.0;8.7;1.1;1.1;
280010485;Tesco Finest 10 Traditional Pork Sausages 667G;£4.00;£6.00/kg;Sausages, Burgers & BBQ Meat;Sausages;230;16.6;null;0.5;17.8;6.6;0.5;1.0;
280010957;Tesco Finest British 10 Cumberland Sausages 667G;£4.00;£6.00/kg;Sausages, Burgers & BBQ Meat;Sausages;296;14.4;null;1.7;24.7;9.4;1.3;1.0;
277031274;Tesco Butchers Choice British Pork And Onion Sausages 454G;£1.70;£3.75/kg;Sausages, Burgers & BBQ Meat;Sausages;235;12.7;null;3.0;16.4;6.0;1.6;1.0;
281973760;Tesco Finest 6 Toulouse Sausages 400G;£3.00;£7.50/kg;Sausages, Burgers & BBQ Meat;Sausages;233;16.8;null;0.2;17.9;6.0;1.7;1.1;
272826730;Tesco Butchers Choice British Lincolnshire Sausages 681G;£2.50;£3.68/kg;Sausages, Burgers & BBQ Meat;Sausages;263;11.3;null;2.5;19.8;7.0;2.2;0.8;
252414848;Tesco Everyday Value 8 Pork Sausages 454G;£0.66;£1.46/kg;Sausages, Burgers & BBQ Meat;Sausages;255;9.7;null;1.6;17.9;7.0;2.6;0.9;
284982220;Tesco Finest 6 British Pork Bavrian Inspired Sausages 600G;£4.00;£6.67/kg;Sausages, Burgers & BBQ Meat;Sausages;295;13.6;null;2.0;25.1;9.4;1.2;1.2;
268821142;Tesco Finest British 12 Pork And Honey Chipolatas 375G;£3.00;£8.00/kg;Sausages, Burgers & BBQ Meat;Sausages;265;14.0;null;4.2;19.2;6.8;0.7;1.1;
280002881;Tesco Finest British 10 Pork And Apple Sausages 667G;£4.00;£6.00/kg;Sausages, Burgers & BBQ Meat;Sausages;269;13.3;null;5.7;20.4;7.4;1.2;1.1;
272693649;Tesco Finest 6 British Pork And Melton Ale Sausages 400G;£3.00;£7.50/kg;Sausages, Burgers & BBQ Meat;Sausages;224;13.4;null;1.3;16.3;4.7;0.5;1.1;
284718575;Tesco Finest 6 British Pork Rosemary And Thyme Sausages 400G;£3.00;£7.50/kg;Sausages, Burgers & BBQ Meat;Sausages;243;14.1;null;2.0;18.7;6.7;0.5;1.1;
279992854;Tesco Finest Outdr Bred 18 British Pork Cocktail Sausages 270G;£3.00;£11.12/kg;Sausages, Burgers & BBQ Meat;Sausages;230;16.6;null;0.5;17.8;6.6;0.5;1.0;
280011075;Tesco Finest British 6 Lincolnshire Sausages 400G;£3.00;£7.50/kg;Sausages, Burgers & BBQ Meat;Sausages;270;15.0;null;1.3;22.3;8.2;0.9;1.1;
278833683;Tesco Finest Pork Honey And Fennel Sausages 400G;£3.00;£7.50/kg;Sausages, Burgers & BBQ Meat;Sausages;236;13.6;null;4.2;17.2;6.1;0.5;1.1;
285512505;Tesco Finest Pork And Caramelised Onion Sausages 667G;£4.00;£6.00/kg;Sausages, Burgers & BBQ Meat;Sausages;276;11.8;null;6.4;21.6;7.8;2.3;1.0;
285475992;Walls Oven Baked Sausages Barbecue 275G;£2.50;£9.10/kg;Sausages, Burgers & BBQ Meat;Sausages;1012kJ 931kJ 11% 8400kJ;10;null;null;15;null;null;1.7;
265393928;Thamina Mini Smoked Chicken Sausages 400G;£2.00;£0.50/100g;Sausages, Burgers & BBQ Meat;Sausages;267 ;13,0;4,0;null;23,0;null;null;2,1;
274827674;Tesco Finest Reduced Fat Outdoor Bred Sausages 400G;£3.00;£7.50/kg;Sausages, Burgers & BBQ Meat;Sausages;191;15.8;null;0.9;12.6;4.5;1.8;1.1;
287967332;Tesco Finest Pork Char Sui Sausages 400G;£3.00;£7.50/kg;Sausages, Burgers & BBQ Meat;Sausages;272;13.3;null;6.4;21.2;7.7;0.9;1.3;
265393894;Thamina Smoked Chicken Sausages 400G;£2.00;£0.50/100g;Sausages, Burgers & BBQ Meat;Sausages;276 ;13,0;4,0;null;23,0;null;null;2,1;
279992336;Tesco Finest British Pork Sausage Meat 350G;£3.00;£8.58/kg;Sausages, Burgers & BBQ Meat;Sausages;259;14.3;null;0.7;21.9;8.2;1.1;0.9;
277473810;Tesco Finest British Pork Cheddar And Onion Sausages 400G;£3.00;£7.50/kg;Sausages, Burgers & BBQ Meat;Sausages;242;16.0;null;1.7;18.6;7.6;0.6;1.1;
259480828;Walls Classic 8 Skinless Pork Sausages 213G;£1.20;£5.64/kg;Sausages, Burgers & BBQ Meat;Sausages;48;2.8;null;null;5.9;null;0.3;null;
280002982;Tesco Finest British Traditional Pork Sausages 400G;£3.00;£7.50/kg;Sausages, Burgers & BBQ Meat;Sausages;230;16.6;null;0.5;17.8;6.6;0.5;1.0;
264144483;Wicks Manor Olde English Sausages 400G;£3.00;£7.50/kg;Sausages, Burgers & BBQ Meat;Sausages;null;null;null;null;null;null;null;null;
264339116;Weight Watchers Premium Pork Sausages 400G;£2.00;£5.00/kg;Sausages, Burgers & BBQ Meat;Sausages;645kJ/ 250kJ/ -;20.0;null;0.4;4.2;1.5;1.7;1.1;
259778189;Walls Classic 6 Micro Sausages 275G;£2.50;£9.10/kg;Sausages, Burgers & BBQ Meat;Sausages;1039kJ 956kJ 11% 84000kJ;11;null;null;15;null;null;1.7;
272621010;Tesco Finest British Pork And Onion Sausages 400G;£3.00;£4.29/kg;Sausages, Burgers & BBQ Meat;Sausages;276;11.8;null;6.4;21.6;7.8;2.3;1.0;
259487775;Walls Classic 8 Pork Sausages 454G;£2.50;£5.51/kg;Sausages, Burgers & BBQ Meat;Sausages;136;6.8;null;null;9.3;null;0.9;null;
264345314;Walls Classic 12 Pork Sausages 681G;£3.50;£5.14/kg;Sausages, Burgers & BBQ Meat;Sausages;null;null;null;null;null;null;null;null;
279993208;Tesco Finest Outdr Bred 6 British Pork Cumberland Sausages 400G;£3.00;£7.50/kg;Sausages, Burgers & BBQ Meat;Sausages;291;14.4;null;1.7;24.7;9.4;1.3;1.0;
272484321;Clonakilty Black Pudding Chubb 200G;£2.00;£10.00/kg;Sausages, Burgers & BBQ Meat;Sausages;273;null;null;null;null;null;null;null;
275477037;Simon Howie Black Pudding 200G;£1.50;£7.50/kg;Sausages, Burgers & BBQ Meat;Sausages;1082kJ 216kJ;8.3;11.9;null;20.4;null;1.8;1.7;
261290326;Simon Howie Original Haggis 454G;£2.40;£5.29/kg;Sausages, Burgers & BBQ Meat;Sausages;204;11.8;null;null;9.7;null;1.4;1.4;
255100802;Macsween Vegetarian Haggis 454G;£3.00;£6.61/kg;Sausages, Burgers & BBQ Meat;Sausages;null;7.1;26.3;null;7.2;null;null;1.3;
272824703;The Delicatessen Pick Spicy Sausages Paprika 200G;£2.50;£1.25/100g;Sausages, Burgers & BBQ Meat;Sausages;2031kJ;21.0;null;null;45.0;null;null;4.0;
264577840;Halls Haggis 500G;£2.00;£4.00/kg;Sausages, Burgers & BBQ Meat;Sausages;1000kJ;13.6;null;null;13.7;null;null;null;
261151906;Bury Black Pudding 4 Slices 230G;£1.20;£5.22/kg;Sausages, Burgers & BBQ Meat;Sausages;121;7.6;18.6;null;2.5;null;null;1.47;
267449095;Tesco British 4 Black Pudding Slices 240G;£1.00;£3.34/kg;Sausages, Burgers & BBQ Meat;Sausages;272;11.2;null;0.2;15.1;5.6;1.2;1.7;
266317731;Macsween Microwave Haggis 130G;£1.50;£11.54/kg;Sausages, Burgers & BBQ Meat;Sausages;null;9.9;18.7;null;18.9;null;null;1.7;
277042981;Tesco Black Pudding Chubb 200G;£0.89;£4.45/kg;Sausages, Burgers & BBQ Meat;Sausages;260;10.8;null;1.5;14.4;5.1;0;1.6;
255100710;Macsween Traditional Haggis Serves 2-3;£3.00;£3.00/each;Sausages, Burgers & BBQ Meat;Sausages;null;9.9;18.7;null;18.9;null;null;1.7;
268029016;Saucy Centres 2 Salm/Hollandaise Fishcakes 270G;£3.25;£12.04/kg;Chilled Fish & Seafood;Chilled Fish;186;11.4;null;null;7.8;null;1.8;0.9;
284743262;Tesco Chilli Sauce Topped Cod With Nacho 360G;£3.00;£8.34/kg;Chilled Fish & Seafood;Chilled Fish;207;11.5;null;1.7;8.7;2.5;0.8;0.8;
268029251;The Saucy Fish Company 2 Smoked Haddock And Cheese Fishcakes 270G;£3.25;£12.04/kg;Chilled Fish & Seafood;Chilled Fish;172;10.9;null;null;5.9;null;1.6;0.8;
268306390;Tesco Finest Cod Melt In Middle Fishcakes 290G;£2.80;£9.66/kg;Chilled Fish & Seafood;Chilled Fish;187;10.1;null;2.1;8.5;2.2;1.4;0.7;
273681103;Tesco 2 Breaded Chunky Cod Fillets 350G;£2.80;£8.00/kg;Chilled Fish & Seafood;Chilled Fish;165;14.2;null;1.5;5.2;0.4;1.0;0.5;
268307072;Tesco Finest Smoked Haddock Melt In Middle Fishcakes 290G;£2.80;£9.66/kg;Chilled Fish & Seafood;Chilled Fish;201;12.3;null;1.7;10.2;3.4;1.5;0.6;
268307246;Tesco 2 Smoked Haddock Fishcakes 270G;£1.65;£6.12/kg;Chilled Fish & Seafood;Chilled Fish;165;11.0;null;0.9;5.8;0.3;1.5;0.7;
264438441;Tesco Finest Smoked Haddock, Cheese & Mustard Fishcake 290G;£2.80;£9.66/kg;Chilled Fish & Seafood;Chilled Fish;201;12.1;null;1.8;9.1;1.4;1.5;1.3;
271284352;Tesco Battered Haddock Goujons 200G;£3.00;£15.00/kg;Chilled Fish & Seafood;Chilled Fish;295;10.4;null;0.4;13.0;1.4;1.2;1.2;
281541661;Tesco Lightly Dusted Cod Fillets 260G;£2.80;£10.77/kg;Chilled Fish & Seafood;Chilled Fish;186;14.2;null;0.8;8.4;0.7;1.0;1.0;
284743285;Tesco 4 Breaded White Fish Fillets 600G;£4.00;£6.67/kg;Chilled Fish & Seafood;Chilled Fish;null;null;null;null;null;null;null;null;
268307210;Tesco 2 Cod Fishcakes 270G;£1.65;£6.12/kg;Chilled Fish & Seafood;Chilled Fish;176;9.4;null;1.4;7.0;0.5;1.4;0.6;
268307227;Tesco 2 Salmon Fishcakes 270G;£1.65;£6.12/kg;Chilled Fish & Seafood;Chilled Fish;201;14.7;null;1.9;8.4;1.1;1.7;0.5;
268337976;Tesco Finest Thai Prawn Chilli And Lemon Grass Fishcakes 290G;£2.80;£9.66/kg;Chilled Fish & Seafood;Chilled Fish;182;9.1;null;3.5;6.9;0.8;2.7;0.7;
278995225;Tesco Finest Limited Edition Fishcakes 290G;£2.80;£9.66/kg;Chilled Fish & Seafood;Chilled Fish;247;10.5;null;1.8;15.5;3.0;1.1;0.7;
282086881;Tesco Gluten Free Cod Fishcakes 270G;£1.65;£6.12/kg;Chilled Fish & Seafood;Chilled Fish;182;9.0;null;0.5;7.8;0.5;1.3;1.0;
281541690;Tesco Lightly Dusted Haddock Fillets 260G;£2.80;£10.77/kg;Chilled Fish & Seafood;Chilled Fish;178;16.3;null;0.6;8.5;0.7;0.7;0.9;
268337669;Tesco Finest Salmon, Spinach Lemon Fish Cake 290G;£2.80;£9.66/kg;Chilled Fish & Seafood;Chilled Fish;272;12.1;null;1.8;16.4;3.2;1.4;0.3;
273681760;Tesco 2 Breaded Plaice Fillets 300G;£2.80;£9.34/kg;Chilled Fish & Seafood;Chilled Fish;270;16.7;null;1.3;10.5;1.0;1.5;null;
268337410;Tesco Finest Cod And Four Cheese Fishcakes 290G;£2.80;£9.66/kg;Chilled Fish & Seafood;Chilled Fish;224;13.2;null;1.5;10.9;3.1;1.6;0.8;
264357755;Tesco Boneless Sea Bass Fillets;£5.76;£23.99/kg;Chilled Fish & Seafood;Chilled Fish;null;null;null;null;null;null;null;null;
264388430;Tesco River Cobbler 265G;£2.50;£9.44/kg;Chilled Fish & Seafood;Chilled Fish;null;null;null;null;null;null;null;null;
276975045;Tesco Fish Pie Mix 390G;£4.00;£8.89/kg;Chilled Fish & Seafood;Chilled Fish;135;23.2;null;0;4.7;0.7;0;null;
255969252;Tesco Smoked Kipper With Butter;£1.69;£6.50/kg;Chilled Fish & Seafood;Chilled Fish;270;16.7;null;0;22.3;10.9;0;2.0;
264386226;Tesco Scottish Loch Trout Fillets 220G;£4.00;£18.19/kg;Chilled Fish & Seafood;Chilled Fish;196;22.3;null;0.1;11.6;2.1;0.5;null;
277180632;Tesco Finest Wild Alaskan Smoked Salmon 100G;£4.80;£4.00/100g;Chilled Fish & Seafood;Chilled Fish;149;28.4;null;0.4;3.3;1.0;0.6;2.9;
253773296;Tesco Organic Smoked Salmon 100G;£4.00;£4.00/100g;Chilled Fish & Seafood;Chilled Fish;164;22.2;null;0;8.3;1.8;0;2.8;
258089050;Tesco Everyday Value Smoked Salmon Trimmings 120G;£1.49;£1.25/100g;Chilled Fish & Seafood;Chilled Fish;210;21.3;null;0.2;13.0;3.4;0.5;3.5;
260874984;Tesco Plaice Fillets;£5.14;£12.92/kg;Chilled Fish & Seafood;Chilled Fish;null;null;null;null;null;null;null;null;
282266121;Tesco Tilapia Fillets;null;null;Chilled Fish & Seafood;Chilled Fish;null;null;null;null;null;null;null;null;
251875720;Tesco 2 Cod Loins;£7.48;£22.00/kg;Chilled Fish & Seafood;Chilled Fish;null;null;null;null;null;null;null;null;
282060928;Tesco Rainbow Trout With Lemon And Herbs 238G;£4.00;£16.81/kg;Chilled Fish & Seafood;Chilled Fish;152;22.4;null;0.1;6.8;1.0;0.5;0.3;
277116733;Tesco Scottish Mackerel Fillets 180G;£2.50;£13.89/kg;Chilled Fish & Seafood;Chilled Fish;null;null;null;null;null;null;null;null;
277179905;Tesco Smoked Boneless Cod Fillets;£5.56;£13.90/kg;Chilled Fish & Seafood;Chilled Fish;76;18.0;null;0;0.4;0.2;0;1.6;
251877142;Tesco Finest Scottish Gravadlax 140G;£5.00;£3.58/100g;Chilled Fish & Seafood;Chilled Fish;178;22.1;null;0.2;9.9;2.6;0;null;
252987768;Tesco Finest Traditional Smoked Scottish Salmon Fillets;£7.26;£22.00/kg;Chilled Fish & Seafood;Chilled Fish;242;19.4;null;0;18.3;2.7;0;null;
279456321;Tesco Boneless Trout Fillets;£4.25;£12.50/kg;Chilled Fish & Seafood;Chilled Fish;null;null;null;null;null;null;null;null;
277179888;Tesco Smoked Boneless Haddock Fillets;£6.80;£17.00/kg;Chilled Fish & Seafood;Chilled Fish;80;18.3;null;0;0.8;0.2;null;1.5;
258019094;Tesco Finest Smoked Salmon 100G;£4.80;£4.80/100g;Chilled Fish & Seafood;Chilled Fish;180;22.1;null;0.2;9.9;2.6;0;null;
277161839;Tesco Boneless Cod Fillets;£3.69;£9.26/kg;Chilled Fish & Seafood;Chilled Fish;null;null;null;null;null;null;null;null;
265389976;Tesco Smoked Salmon Slices 300G;£5.00;£1.67/100g;Chilled Fish & Seafood;Chilled Fish;179;22.9;null;0.1;9.7;1.7;0;3.5;
264903023;Tesco Organic 2 Salmon Fillets;£7.50;£25.00/kg;Chilled Fish & Seafood;Chilled Fish;207;20.0;null;0;14.1;3.0;0;0.1;
268320003;Tesco King Prawn Cocktail 200G;£2.10;£1.05/100g;Chilled Fish & Seafood;Chilled Fish;274;7.0;null;2.6;25.5;1.9;0.5;1.2;
284831797;Tesco 2 Smoked Salmon Fillets Tandoori Spices 180G;£4.00;£2.23/100g;Chilled Fish & Seafood;Chilled Fish;247;23.0;null;5.7;14.6;2.2;0.5;1.8;
264388482;Tesco Smoked River Cobbler 250G;£2.50;£10.00/kg;Chilled Fish & Seafood;Chilled Fish;90;17.5;null;0;2.2;1.0;0;1.5;
250926075;Tesco Smoked Salmon Slices 100G;£3.50;£3.50/100g;Chilled Fish & Seafood;Chilled Fish;179;22.9;null;0.1;9.7;1.7;0;3.5;
279695475;Tesco 2 Boneless Salmon Fillets 220G;£4.00;£18.19/kg;Chilled Fish & Seafood;Chilled Fish;null;null;null;null;null;null;null;null;
271340240;Tesco Whole Undressed Salmon Side 1kg Serves 6-8;£12.00;£12.00/kg;Chilled Fish & Seafood;Chilled Fish;null;null;null;null;null;null;null;null;
277116670;Tesco Finest Crayfish Cocktail 180G;£3.00;£1.67/100g;Chilled Fish & Seafood;Chilled Fish;185;9.3;null;6.8;12.1;7.5;0.5;2.2;
277132667;Tesco Smoked Salmon Parcels 100G;£3.00;£30.00/kg;Chilled Fish & Seafood;Chilled Fish;199;12.7;null;1.7;14.8;6.3;0.5;1.8;
285498642;Tesco Smoked Salmon 150G;£4.00;£2.67/100g;Chilled Fish & Seafood;Chilled Fish;179;22.9;null;0.1;9.7;1.7;0;3.5;
281760292;Tesco Healthy Living King Prawn Cocktail 200G;£2.10;£1.05/100g;Chilled Fish & Seafood;Chilled Fish;164;7.9;null;3.3;12.3;1.0;0.5;1.1;
250211805;Tesco 16 Seafood Sticks 250G;£1.50;£0.60/100g;Chilled Fish & Seafood;Chilled Fish;107;9.0;null;4.3;0.9;0.3;0.3;1.5;
253048585;Tesco Smoked Salmon For Sandwiches 100G;£3.00;£3.00/100g;Chilled Fish & Seafood;Chilled Fish;187;21.7;null;0.1;9.6;2.4;1.5;2.5;
252050208;Bradleys Jellied Eels 200G;£2.50;£1.25/100g;Chilled Fish & Seafood;Chilled Fish;89;4.3;null;null;7.99;null;null;null;
260814136;Tesco Everyday Value Salmon Fillets 300-800G;£8.00;£10.00/kg;Chilled Fish & Seafood;Chilled Fish;196;19.4;null;0;13.1;2.4;0;0.3;
251875680;Tesco Tuna Steaks;£5.31;£18.98/kg;Chilled Fish & Seafood;Chilled Fish;null;null;null;null;null;null;null;null;
281693702;Tesco Cooked Lemon And Parsley Salmon Fillets 180G;£4.00;£2.23/100g;Chilled Fish & Seafood;Chilled Fish;217;22.1;null;0.3;13.2;4.4;0.9;null;
264389423;Tesco Salmon Fillets 6 Pack 750G;£9.80;£13.07/kg;Chilled Fish & Seafood;Chilled Fish;200;20.2;null;0;13.2;3.0;0.4;null;
281693238;Tesco Hot Smoked Salmon Fillets 180G;£4.00;£2.23/100g;Chilled Fish & Seafood;Chilled Fish;227;22.7;null;0.1;14.5;2.5;0.5;null;
253904937;Tesco Roasted Salmon Flakes 115G;£2.50;£1.86/100g;Chilled Fish & Seafood;Chilled Fish;236;25.3;null;7.8;11.3;2.4;0.5;null;
284743302;Tesco Cod With Tomato And Chorizo Sauce 370G;£4.00;£10.82/kg;Chilled Fish & Seafood;Chilled Fish;121;17.0;null;1.9;4.4;1.3;1.4;0.5;
274971939;Tesco Cod With Cheese And Chive Bake 400G;£4.00;£10.00/kg;Chilled Fish & Seafood;Chilled Fish;126;14.3;null;1.0;5.5;3.6;0.6;0.4;
264389072;Tesco 16 Mini Blini 133G;£2.00;£2.00/100g;Chilled Fish & Seafood;Chilled Fish;265;5.8;null;3.4;12.8;2.2;3.0;1.4;
280003436;Tesco Finest Smoked Mustard And Dill Verrines 160G;£3.00;£1.88/100g;Chilled Fish & Seafood;Chilled Fish;198;12.3;null;3.7;13.8;4.8;0.5;2.0;
274899173;Tesco Smoked Mackerel Fillets 210G;£2.00;£0.95/100g;Chilled Fish & Seafood;Chilled Fish;310;21.5;null;0;24.9;6.7;0;1.9;
252295362;Tesco Rollmop Herrings 260G;£1.00;£0.77/100g;Chilled Fish & Seafood;Chilled Fish;177;10.1;null;12.2;9.8;2.4;0;2.0;
282281799;Tesco Smoked Mackerel With Mexican Spices;£3.09;£8.97/kg;Chilled Fish & Seafood;Chilled Fish;290;21.9;null;1.3;21.6;6.3;0.7;1.9;
264389056;Tesco Smoked Salmon Appetisers 100G;£2.00;£2.00/100g;Chilled Fish & Seafood;Chilled Fish;215;15.0;null;1.3;15.7;5.8;1.2;1.8;
281693820;Tesco Roast Salmon Fillets Sweet Chilli 180G;£4.00;£2.23/100g;Chilled Fish & Seafood;Chilled Fish;259;23.3;null;2.0;16.6;3.4;1.4;null;
259829199;Tesco Smoked Mackerel With Crushed Peppercorns;£3.09;£8.97/kg;Chilled Fish & Seafood;Chilled Fish;297;20.7;null;0;23.8;6.4;0;1.8;
281693371;Tesco Steamed Salmon Fillets 180G;£4.00;£2.23/100g;Chilled Fish & Seafood;Chilled Fish;193;24.5;null;0.4;10.0;2.6;0.6;null;
282319322;Tesco Seafood Stick Cocktail 170G;£1.40;£0.82/100g;Chilled Fish & Seafood;Chilled Fish;216;5.1;null;5.0;16.6;1.2;0.5;1.3;
262220920;Tesco Prawn Cocktail 170G;£1.90;£1.12/100g;Chilled Fish & Seafood;Chilled Fish;196;9.4;null;2.7;15.0;1.1;0.5;1.3;
256333980;Tesco Smoked Mackerel;£2.69;£8.97/kg;Chilled Fish & Seafood;Chilled Fish;310;21.5;null;0;24.9;6.7;0;1.9;
257531571;Onuga 50G;£3.88;£7.76/100g;Chilled Fish & Seafood;Chilled Fish;null;null;null;null;null;null;null;null;
285961819;Tesco Finest Scallop And Prawn Coquilles 260G;null;null;Chilled Fish & Seafood;Chilled Fish;162;10.2;null;1.0;8.5;5.4;0.8;0.9;
264389043;Tesco Smoked Salmon Sliced Crescent 152G;£3.00;£1.98/100g;Chilled Fish & Seafood;Chilled Fish;218;12.3;null;1.7;17.1;7.4;0.5;1.5;
282319359;Tesco Surimi Stick Dipper 120G;null;null;Chilled Fish & Seafood;Chilled Fish;183;6.7;null;5.1;11.7;0.8;0.5;1.6;
277116756;Tesco Scottish Smoked Piri Piri Mackerel Fillets;£3.09;£8.97/kg;Chilled Fish & Seafood;Chilled Fish;348;19.2;null;0.4;28.1;6.1;1.5;1.9;
268312451;Tesco Mackerel Fillets With Peppercorn Herb Marinade 180G;null;null;Chilled Fish & Seafood;Chilled Fish;335;16.6;null;0.7;29.3;7.7;0;null;
286158782;Tesco Healthy Living Cod With Red Pepper Sauce 370G;£4.00;£10.82/kg;Chilled Fish & Seafood;Chilled Fish;71;14.1;null;1.5;0.8;0.2;0.7;0.5;
284743446;Tesco Finest Scallop And Chorizo Gratin 265G;null;null;Chilled Fish & Seafood;Chilled Fish;186;10.8;null;2.9;11.4;3.1;1.5;1.3;
282061000;Tesco Finest Cold Smoked Trout 100G;£4.80;£4.80/100g;Chilled Fish & Seafood;Chilled Fish;190;22.9;null;0.1;10.4;1.8;0.5;null;
268409936;Tesco Finest Scottish Lemon And Peprcorn Smoked Salmon 100G;£4.80;£4.80/100g;Chilled Fish & Seafood;Chilled Fish;177;22.2;null;0.2;9.4;1.6;0;null;
265478276;Tesco Finest Sweetcure Mackerel Strips;£3.60;£1.80/100g;Chilled Fish & Seafood;Chilled Fish;304;20.7;null;1.8;23.8;6.4;0;1.8;
268409723;Counter Dyed Smoked Haddock Loin;£7.20;£9.00/kg;Chilled Fish & Seafood;Chilled Fish;80;18.3;null;-;0.8;0.2;-;1.5;
256030445;Counter Scottish Undyed Smoked Whole Kipper;null;null;Chilled Fish & Seafood;Chilled Fish;274;16.9;null;0;22.5;6.1;0;1.3;
251005213;Counter Dyed Smoked Haddock Fillet;£7.20;£12.00/kg;Chilled Fish & Seafood;Chilled Fish;80;18.3;null;0;0.8;0.2;-;1.5;
275398844;Counter Cold Smoked Mackerel Fillets;£4.00;£8.00/kg;Chilled Fish & Seafood;Chilled Fish;302;16.3;null;0;25.5;6.9;null;1.8;
279468791;Tesco Finest 2 Wild Caught Sockeye Salmon Fillets 220G;£4.50;£20.46/kg;Chilled Fish & Seafood;Chilled Fish;124;22.7;null;0.1;3.4;0.8;0.7;null;
267214459;The Saucy Fish Company Chili Lime And Ginger Salmon Fillet 280G;£4.50;£16.08/kg;Chilled Fish & Seafood;Chilled Fish;219;20.2;null;null;12.5;null;0.8;0.2;
277132500;Tesco Haddock With Cheese And Spinach Sauce 278G;£4.50;£16.19/kg;Chilled Fish & Seafood;Chilled Fish;96;18.3;null;0.3;2.0;1.3;0.5;1.5;
266030643;Tesco Finest Smoked Salmon 300G;£7.50;£2.50/100g;Chilled Fish & Seafood;Chilled Fish;178;22.1;null;0.2;9.9;2.6;0;2.8;
265578699;Counter Dyed Smoked River Cobbler;£1.80;£9.00/kg;Chilled Fish & Seafood;Chilled Fish;90;17.5;null;0;2.2;1.0;0;1.5;
253309801;Counter Scottish Dyed Smoked Kipper Fillet;£1.20;£6.00/kg;Chilled Fish & Seafood;Chilled Fish;288;16.2;null;0;24.7;6.7;0;2.0;
253309824;Counter Scottish Dyed Smoked Whole Kipper;£4.00;£5.00/kg;Chilled Fish & Seafood;Chilled Fish;270;17.1;null;0;21.8;5.9;0;1.4;
267601554;Counter Dyed Smoked Cod Loin;£14.40;£18.00/kg;Chilled Fish & Seafood;Chilled Fish;88;20.4;null;0;0.7;0.1;0;1.3;
267215130;The Saucy Fish Company 2 Smoked Haddock With Cheese Sauce Bag 240G;£4.50;£18.75/kg;Chilled Fish & Seafood;Chilled Fish;128;21.5;null;null;4.1;null;0.6;0.7;
274971997;Tesco Salmon En Croute 370G;£4.00;£10.82/kg;Chilled Fish & Seafood;Chilled Fish;280;10.6;null;1.9;17.1;8.2;2.0;0.6;
265709649;Tesco Finest Counter Traditional Smoked Salmon Fillet 120G;£3.00;£25.00/kg;Chilled Fish & Seafood;Chilled Fish;248;21.6;null;0;17.9;3.3;0;0.8;
250999834;Counter Undyed Smoked Haddock Fillet;£7.20;£12.00/kg;Chilled Fish & Seafood;Chilled Fish;80;18.3;null;0;0.8;0.2;0;1.5;
254293758;Counter Ray Wing;£7.20;£9.00/kg;Chilled Fish & Seafood;Chilled Fish;null;null;null;null;null;null;null;null;
255794596;Counter Whole Cornish Sardine;£1.50;£3.00/kg;Chilled Fish & Seafood;Chilled Fish;null;null;null;0;9.2;2.7;null;0.3;
254293810;Counter Haddock Fillet;£6.60;£11.00/kg;Chilled Fish & Seafood;Chilled Fish;75;17.0;null;0;0.5;0.2;0;null;
268409625;Counter Haddock Loin;£13.60;£17.00/kg;Chilled Fish & Seafood;Chilled Fish;85;19.0;null;0;0.6;0.1;null;0.2;
267602616;Counter Monkfish Tail;£15.00;£20.00/kg;Chilled Fish & Seafood;Chilled Fish;66;15.7;null;0;0.3;0.1;0;0.5;
275174833;Counter Tesco Whole Hake;£7.00;£7.00/kg;Chilled Fish & Seafood;Chilled Fish;null;null;null;null;null;null;null;null;
254293954;Counter Whole Mackerel;£3.00;£5.00/kg;Chilled Fish & Seafood;Chilled Fish;335;15.0;null;0;29.5;5.6;0;null;
262028797;Counter River Cobbler;£2.40;£8.00/kg;Chilled Fish & Seafood;Chilled Fish;87;17.4;null;0;1.9;1.0;0;0.3;
266771746;Counter Whole Lemon Sole;£5.00;£10.00/kg;Chilled Fish & Seafood;Chilled Fish;83;17.4;null;0;1.5;0.2;0;0.2;
266129809;Counter Cod Loin;£8.10;£13.50/kg;Chilled Fish & Seafood;Chilled Fish;80;17.9;null;0;0.9;0.2;0;0.3;
259687636;Counter Coley Fillet;£8.00;£8.00/kg;Chilled Fish & Seafood;Chilled Fish;85;18.3;null;0;0.9;0.4;0;null;
254293643;Counter Cod Fillet;£3.60;£6.00/kg;Chilled Fish & Seafood;Chilled Fish;80;17.9;null;0;0.9;0.2;0;null;
252510575;Counter Whole Herring;£1.50;£5.00/kg;Chilled Fish & Seafood;Chilled Fish;260;17.2;null;0;20.9;5.2;0;null;
255937307;Counter Trout Fillet;£4.20;£14.00/kg;Chilled Fish & Seafood;Chilled Fish;149;23.5;null;0.1;5.9;1.0;0.5;null;
257288478;Tesco Finest Counter Dyed Traditional Smoked Haddock;£7.80;£13.00/kg;Chilled Fish & Seafood;Chilled Fish;80;18.3;null;0;0.8;0.2;0;1.5;
278274877;Counter Plaice Fillet;£6.00;£10.00/kg;Chilled Fish & Seafood;Chilled Fish;79;16.7;null;null;1.4;null;0;0.3;
274898744;Counter Tesco Whole Trout;null;null;Chilled Fish & Seafood;Chilled Fish;141;23.1;null;0;5.4;0.9;0;null;
265663615;Tesco Finest Counter Undyed Traditional Smoked Haddock;£7.80;£13.00/kg;Chilled Fish & Seafood;Chilled Fish;80;18.3;null;0;0.8;0.2;0;1.5;
255125047;Counter Whole Rainbow Trout;£3.25;£6.50/kg;Chilled Fish & Seafood;Chilled Fish;141;23.1;null;0;5.4;0.9;0;null;
265770678;Counter Whole Sea Bream 300G;£3.00;£10.00/kg;Chilled Fish & Seafood;Chilled Fish;96;17.5;null;0;2.9;null;0;0.3;
260907244;Counter Salmon Side;£10.00;£10.00/kg;Chilled Fish & Seafood;Chilled Fish;200;19.4;null;0;13.1;2.4;0;null;
275633999;Counter Sea Bass Fillet;£5.70;£19.00/kg;Chilled Fish & Seafood;Chilled Fish;100;19.3;null;0;2.5;null;0;0.2;
283870302;Counter Wild Hake Portions;£2.50;£2.50/each;Chilled Fish & Seafood;Chilled Fish;82;17.9;null;0.1;1.0;0.5;0.6;0.3;
281732907;Counter Skinless And Boneless Salmon Fillet 140G;£3.00;£0.00/kg;Chilled Fish & Seafood;Chilled Fish;225;20.4;null;0;15.7;2.6;0;null;
251987772;Counter Tuna Steak;£11.90;£17.00/kg;Chilled Fish & Seafood;Chilled Fish;null;null;null;0;1.1;0.4;null;trace;
259648107;Counter Whole Sea Bass 300G;£3.00;£10.00/kg;Chilled Fish & Seafood;Chilled Fish;100;19.3;null;0;2.5;0.4;0;0.2;
254294233;Counter Whole Salmon;£29.25;£6.50/kg;Chilled Fish & Seafood;Chilled Fish;212;21.6;null;0;14.0;2.7;0;0.3;
266770521;Counter Salmon Fillet 120G;£3.00;£25.00/kg;Chilled Fish & Seafood;Chilled Fish;223;20.4;null;0;15.7;2.6;0;0.3;
259536827;Counter Swordfish Steak;£14.00;£20.00/kg;Chilled Fish & Seafood;Chilled Fish;200;17.4;null;0;14.3;3.2;0;0.2;
268374025;Counter Garlic And Herb Salmon Fillet 120G;£3.00;£3.00/each;Chilled Fish & Seafood;Chilled Fish;199;18.9;null;0.1;12.8;2.3;0.1;0.7;
256729656;Counter Salmon Fillet;£8.00;£16.00/kg;Chilled Fish & Seafood;Chilled Fish;223;20.4;null;0;15.7;2.6;0;0.3;
271519842;Counter Wild Pacific Sockeye Coho Salmon;£20.00;£20.00/kg;Chilled Fish & Seafood;Chilled Fish;139;21.7;null;0.1;5.5;null;0.5;null;
259668302;Counter Fish Pie Mix;£6.00;£12.00/kg;Chilled Fish & Seafood;Chilled Fish;123;18.6;null;0;5.4;0.9;0;0.7;
254293735;Counter Whole Plaice;£5.60;£8.00/kg;Chilled Fish & Seafood;Chilled Fish;79;16.7;null;0;1.4;null;-;0.3;
267155995;Counter Chilli Lime And Ginger Mackerel 80G;£1.00;£10.00/kg;Chilled Fish & Seafood;Chilled Fish;276;16.6;null;0;22.4;6.4;0;0.6;
282319405;Fisherman's Cockles 90G;£3.00;£33.34/kg;Chilled Fish & Seafood;Chilled Seafood;null;13.7;null;null;0.2;null;null;1.69;
281054293;Tesco Marinated King Prawns In Chilli And Coriander 150G;£4.00;£2.67/100g;Chilled Fish & Seafood;Chilled Seafood;79;15.4;null;NaN.0;1.6;0.2;0.5;1.1;
282319371;Fisherman's Brown Shrimp 90G;£4.00;£44.45/kg;Chilled Fish & Seafood;Chilled Seafood;null;19.1;null;null;0.3;null;null;1.70;
282150655;Tesco Everyday Value Cooked & Peeled King Prawn 180G;null;null;Chilled Fish & Seafood;Chilled Seafood;101;23.0;null;0.6;0.6;0.3;0;1.3;
284743446;Tesco Finest Scallop And Chorizo Gratin 265G;null;null;Chilled Fish & Seafood;Chilled Seafood;186;10.8;null;2.9;11.4;3.1;1.5;1.3;
283846044;Lyons Chilean Mussels 150G;£1.00;£6.67/kg;Chilled Fish & Seafood;Chilled Seafood;null;12.7;null;null;2.6;null;0.5;null;
284861467;Lyons Jumbo King Prawns 135G;£3.00;£22.23/kg;Chilled Fish & Seafood;Chilled Seafood;null;14.2;null;null;0.1;null;null;1.5;
281037319;Tesco Cooked And Peeled King Prawns 160G;£3.50;£2.19/100g;Chilled Fish & Seafood;Chilled Seafood;81;17.9;null;0.1;0.9;0.4;0.5;1.1;
275339674;Counter Cooked Crevettes;£8.00;£8.00/kg;Chilled Fish & Seafood;Chilled Seafood;null;null;null;null;null;null;null;null;
256995648;Tesco Cooked And Peeled Prawns 200G;£3.00;£1.50/100g;Chilled Fish & Seafood;Chilled Seafood;62;13.7;null;0;0.8;0.3;0;1.3;
264339057;Tesco Everyday Value Cold Water Prawns 300G;£3.10;£1.04/100g;Chilled Fish & Seafood;Chilled Seafood;62;13.7;null;0;0.8;0.3;0;1.3;
285364639;Tesco Raw Scallops 150G;£4.00;£26.67/kg;Chilled Fish & Seafood;Chilled Seafood;81;16.7;null;0.1;0.6;0.3;0.5;0.8;
264377380;Tesco Finest Tiger Prawns 150G;£6.00;£4.00/100g;Chilled Fish & Seafood;Chilled Seafood;77;17.5;null;0.3;0.6;0.1;0;1.5;
258386487;Counter Cooked And Peeled King Prawns;£16.00;£16.00/kg;Chilled Fish & Seafood;Chilled Seafood;80;17.0;null;0.3;0.9;0.3;0;null;
281054425;Tesco Garlic And Herb Marinated King Prawns 150G;£4.00;£2.67/100g;Chilled Fish & Seafood;Chilled Seafood;97;15.7;null;0.2;3.3;0.4;0.5;1.1;
281054108;Tesco Raw King Prawns 175G;£3.70;£21.15/kg;Chilled Fish & Seafood;Chilled Seafood;66;14.4;null;0.1;0.8;0.4;0.5;1.4;
277130623;Tesco Mussels In White Wine And Garlic 500G;£3.00;£6.00/kg;Chilled Fish & Seafood;Chilled Seafood;84;9.8;null;0.9;4.0;2.3;0.6;1.4;
252053188;Tesco Finest Cold Water Prawns 190G;£4.00;£2.11/100g;Chilled Fish & Seafood;Chilled Seafood;62;13.7;null;0;0.8;0.3;0;1.3;
284831941;Tesco Mussels In Spicy Tomato And Chorizo Sauce 500G;£3.00;£6.00/kg;Chilled Fish & Seafood;Chilled Seafood;59;7.5;null;1.5;1.5;0.8;0.5;1.8;
285364265;Tesco King Prawn Seafood Selection 200G;£3.50;£1.75/100g;Chilled Fish & Seafood;Chilled Seafood;80;17.7;null;0.1;1.0;0.4;0;1.3;
254294348;Counter Raw Herring Milts;£4.00;£4.00/kg;Chilled Fish & Seafood;Chilled Seafood;78;18.2;null;0.5;0.4;0.2;0;0.2;
275523663;Youngs Cockles Vinegar;£15.00;£15.00/kg;Chilled Fish & Seafood;Chilled Seafood;null;null;null;null;null;null;null;null;
262919342;Counter Cooked Dressed Crab 200G;£5.00;£25.00/kg;Chilled Fish & Seafood;Chilled Seafood;142;16.8;null;0.4;6.7;1.3;0.2;0.9;
275339772;Counter Raw Prepared Squid;null;null;Chilled Fish & Seafood;Chilled Seafood;null;null;null;null;null;null;null;null;
263117016;Tesco Finest Counter Raw Half Shell King Scallops;£1.00;£1.00/each;Chilled Fish & Seafood;Chilled Seafood;119;23.2;null;0.1;1.4;null;0;0.5;
258962289;Counter Raw King Scallop Meat Roe On;£10.00;£20.00/kg;Chilled Fish & Seafood;Chilled Seafood;114;22.2;null;NaN.0;1.3;null;null;0.5;
280832480;Counter Whole Cooked Cold Water Prawns;£4.00;£8.00/kg;Chilled Fish & Seafood;Chilled Seafood;null;null;null;null;null;null;null;null;
254294607;Counter Cooked Jellied Eels;£5.40;£9.00/kg;Chilled Fish & Seafood;Chilled Seafood;167;10.1;null;0.1 (less than 1% of NRV);13.9;null;0.5;null;
265956972;Counter Cooked Whole Orkney Crab;£5.00;£8.34/kg;Chilled Fish & Seafood;Chilled Seafood;88;20.2;null;0.1;0.7;0.2;0.3;0.4;
250803042;Counter Scottish Live Mussels;£3.75;£3.75/kg;Chilled Fish & Seafood;Chilled Seafood;65;9.1;null;null;1.4;0.3;null;1.6;
275802834;Counter Raw Langoustines;£7.50;£15.00/kg;Chilled Fish & Seafood;Chilled Seafood;77;17.6;null;0.5;0.4;0.1;0.5;0.8;
266480328;Counter Live Oysters;£0.50;£0.08/each;Chilled Fish & Seafood;Chilled Seafood;33;4.5;null;1.1;0.9;0.3;0.5;1.3;
250514384;Counter Raw Peeled King Prawns 30/60;£16.00;£16.00/kg;Chilled Fish & Seafood;Chilled Seafood;100;18.2;null;0.1;2.6;0.3;0.5;1.6;
285400534;Tesco Spanish Meat Platter 100G;£2.50;£2.50/100g;Deli & Cooked Meat;Continental Meat;247;29.9;null;0.4;13.9;5.2;0.1;3.8;
277615194;Tesco Spanish Sliced Chorizo Selection 120G;£1.70;£1.42/100g;Deli & Cooked Meat;Continental Meat;398;23.4;null;0.6;32.9;11.3;0.7;3.9;
285401032;Tesco Spanish Spicy Sliced Chorizo 80G;£1.00;£1.25/100g;Deli & Cooked Meat;Continental Meat;363;25.9;null;2.0;27.5;10.2;0.9;2.8;
266452276;Tesco Continental Selection Platter 120G;£2.00;£1.67/100g;Deli & Cooked Meat;Continental Meat;348;24.7;null;0.4;27.1;10.2;0.6;3.3;
285400730;Tesco Spicy Chorizo Coins 125G;£1.75;£1.40/100g;Deli & Cooked Meat;Continental Meat;461;24.3;null;0.9;39.2;15.0;0.7;3.5;
277570378;Tesco Spanish Diced Chorizo 130G;£1.75;£1.35/100g;Deli & Cooked Meat;Continental Meat;398;23.4;null;0.6;32.9;11.3;0.7;3.9;
267533657;From The Deli Continental Meat Selection;£2.43;£19.45/kg;Deli & Cooked Meat;Continental Meat;null;null;null;null;null;null;null;null;
285415004;Tesco Italian Antipasto Selection Platter 200G;£4.00;£2.00/100g;Deli & Cooked Meat;Continental Meat;290;28.6;null;0.2;19.3;6.7;0;4.0;
285398910;Tesco Mediterranean Platter 230G;£2.50;£1.09/100g;Deli & Cooked Meat;Continental Meat;143;7.1;null;5.4;9.2;3.5;3.0;1.4;
261781844;Tesco Finest Spanish Chorizo Ring 225G;£2.50;£1.12/100g;Deli & Cooked Meat;Continental Meat;461;24.3;null;0.9;39.2;15.0;0.7;3.5;
277686322;Tesco Finest Italian Antipasto Selection Platter 120G;£3.50;£2.92/100g;Deli & Cooked Meat;Continental Meat;364;25.8;null;0.5;28.8;11.3;0;4.3;
285415148;Tesco Italian Meat Selection 100G;£2.50;£2.50/100g;Deli & Cooked Meat;Continental Meat;216;27.2;null;0.5;11.7;4.5;0;4.8;
285415085;Tesco Prosciutto Platter 180G;£4.00;£2.23/100g;Deli & Cooked Meat;Continental Meat;216;27.2;null;0.5;11.7;4.5;0;4.8;
268558488;Tesco Spnch Cooking Chorizo Sausages 200G;£2.00;£1.00/100g;Deli & Cooked Meat;Continental Meat;427;20.7;null;1.8;36.1;13.1;2.5;3.2;
277615125;Tesco Finest Spanish Platter 120G;£3.50;£2.92/100g;Deli & Cooked Meat;Continental Meat;406;22.9;null;0.5;33.9;12.1;0.8;3.5;
282854531;The Bath Pig Chorizo Coin 100G;£2.00;£2.00/100g;Deli & Cooked Meat;Continental Meat;464 Kcal;27.1;null;null;39.1;null;null;3.36;
285399039;Tesco Tapas Platter 200G;£2.50;£1.25/100g;Deli & Cooked Meat;Continental Meat;423;13.2;null;3.7;13.1;5.6;10.3;2.3;
285400678;Tesco Spanish Meat Platter 200G;£3.00;£1.50/100g;Deli & Cooked Meat;Continental Meat;339;26.7;null;0.5;25.0;9.6;1.0;4.0;
285400626;Tesco Spicy Spanish Meats Platter 100G;£1.75;£1.75/100g;Deli & Cooked Meat;Continental Meat;247;29.9;null;0.4;13.9;5.2;0.1;3.8;
273429784;Tesco Spinach Sliced Chorizo Sausage 150G;£1.70;£1.14/100g;Deli & Cooked Meat;Continental Meat;398;23.4;null;0.6;32.9;11.3;0.7;3.9;
267533853;From The Deli Sliced Proscuitto;£2.14;£20.00/kg;Deli & Cooked Meat;Continental Meat;null;null;null;null;null;null;null;null;
272797584;Tesco Finest Salami Milano 200G;£3.00;£1.50/100g;Deli & Cooked Meat;Continental Meat;377;25.0;null;0.5;30.5;12.0;0;4.5;
275318555;Tesco Finest Spanish Spicy Chorizo Ring 225G;£2.50;£1.12/100g;Deli & Cooked Meat;Continental Meat;461;24.3;null;0.9;39.2;15.0;0.7;3.5;
268482486;Continental Selection Pepperoni 120G;£1.00;£0.83/100g;Deli & Cooked Meat;Continental Meat;504;15.0;null;null;49.0;null;null;3.8;
273429559;Tesco German Peppered Salami 130G;£1.70;£1.31/100g;Deli & Cooked Meat;Continental Meat;335;23.8;null;1.0;26.0;10.7;0.7;4.0;
273636348;Tesco Finest Italian Pepperoni 120G;£2.35;£1.96/100g;Deli & Cooked Meat;Continental Meat;381;25.6;null;0.5;30.7;12.2;0;4.0;
266510588;Tesco Sliced Spicy Pepperoni 130G;£1.70;£1.31/100g;Deli & Cooked Meat;Continental Meat;403;17.7;null;0.5;36.6;15.0;0.3;3.8;
273635925;Tesco Finest Salami Milano 90G;£2.35;£2.62/100g;Deli & Cooked Meat;Continental Meat;341;25.1;null;0.5;26.5;10.4;0;4.0;
282854519;The Bath Pig Chorizo Ring 200G;£2.50;£1.25/100g;Deli & Cooked Meat;Continental Meat;464 Kcal;27.1;null;null;39.1;null;null;3.36;
273660324;Bath Pig Chorizo Cooking Sausages 4X50g;£2.75;£1.38/100g;Deli & Cooked Meat;Continental Meat;381 ;18.1;null;null;33;null;null;null;
259598972;Continental Selection Cooked Meatballs 500G;£1.99;£0.40/100g;Deli & Cooked Meat;Continental Meat;292;13.5;null;null;21.5;null;null;1.7;
263737722;Tesco Finest French Saucisson Sec 200G;£3.00;£1.50/100g;Deli & Cooked Meat;Continental Meat;400;27.9;null;0.1;32.0;11.9;0.1;5.3;
266517333;Tesco Prosciutto 84G;£1.70;£2.03/100g;Deli & Cooked Meat;Continental Meat;216;27.2;null;0.5;11.7;4.5;0;4.8;
267533761;From The Deli Salami Milano;£1.50;£20.00/kg;Deli & Cooked Meat;Continental Meat;null;null;null;null;null;null;null;null;
272796787;Beretta Parma Ham 40G;£1.00;£2.50/100g;Deli & Cooked Meat;Continental Meat;235 Kcal;27.7;null;null;13.5;null;0;null;
282570555;Tesco Finest 20 Month Parma Ham 75G;£3.50;£4.67/100g;Deli & Cooked Meat;Continental Meat;250;28.0;null;0.5;15.1;5.5;0;5.3;
282571053;Tesco Italian Smoked Prosciutto 75G;£1.70;£2.27/100g;Deli & Cooked Meat;Continental Meat;290;28.6;null;0.2;19.3;6.7;0;4.0;
277687505;Tesco Finest Bresaola 90G;£3.00;£3.34/100g;Deli & Cooked Meat;Continental Meat;163;33.7;null;0.5;2.9;1.4;0;3.8;
277569628;Tesco Everyday Value Danish Salami 160G;£1.20;£0.75/100g;Deli & Cooked Meat;Continental Meat;449;14.6;null;1.2;42.8;16.1;0.5;3.3;
266520566;Tesco Finest 14 Month Genuine Parma Ham 88G;£2.65;£3.02/100g;Deli & Cooked Meat;Continental Meat;236;26.8;null;0.5;14.1;5.2;0;5.0;
258091461;Tesco Italian Salami Selection Platter 120G;£2.00;£1.67/100g;Deli & Cooked Meat;Continental Meat;383;24.2;null;0.5;31.6;12.6;0;4.5;
268334344;Tesco Smoked Pancetta Cubes 130G;£1.50;£1.16/100g;Deli & Cooked Meat;Continental Meat;324;17.8;null;0.2;28.0;9.1;0;3.3;
264773694;Henryk Kania Garlic Sausage 300G;£2.50;£0.83/100g;Deli & Cooked Meat;Continental Meat;1220.5 kJ;16.5;null;null;22.9;null;0.7;null;
254898538;Tesco German Salami 125G;£1.00;£0.80/100g;Deli & Cooked Meat;Continental Meat;310;20.0;null;1.0;25.0;10.3;0.3;3.8;
259598747;Continental Selection German Bratwurst Sausage 540G;£1.99;£0.37/100g;Deli & Cooked Meat;Continental Meat;291 ;13.5;null;null;26;null;null;2;
273429703;Tesco German Smoked Ham 130G;£1.70;£1.31/100g;Deli & Cooked Meat;Continental Meat;126;21.5;null;1.0;4.0;1.4;0;2.0;
285842696;Tarczynski Country Sausage 300G;£2.49;£0.83/100g;Deli & Cooked Meat;Continental Meat;278;17.0;null;null;23.0;null;null;1.6;
261764986;Tesco Italian Milano Salami 100G;£1.70;£1.70/100g;Deli & Cooked Meat;Continental Meat;347;24.8;null;0.5;27.3;9.7;0;4.0;
273636475;Tesco Finest Mortadella 140G;£2.35;£1.68/100g;Deli & Cooked Meat;Continental Meat;322;16.0;null;0.6;28.4;14.8;0;2.5;
286184695;Morliny Chicken Breast Sausage 400G;£2.75;£0.69/100g;Deli & Cooked Meat;Continental Meat;null;null;null;null;null;null;null;null;
285842460;Tarczynski Poultry Kabanos With Pork 80G;£1.49;£0.19/10g;Deli & Cooked Meat;Continental Meat;544;26.0;null;null;48.0;null;null;3.5;
273429726;Tesco Spanish Serrano Ham 80G;£1.70;£2.13/100g;Deli & Cooked Meat;Continental Meat;247;29.9;null;0.4;13.9;5.2;0.1;3.8;
266520697;Tesco Finest Sliced Smoked Pancetta 110G;£2.35;£2.14/100g;Deli & Cooked Meat;Continental Meat;450;14.9;null;0.5;43.2;18.1;0;2.8;
277615281;Tesco German Salami Selection 120G;£1.70;£1.42/100g;Deli & Cooked Meat;Continental Meat;403;17.7;null;0.5;36.6;15.0;0.3;3.8;
285971312;Kaminiarz Smoked Bacon;£4.22;£6.49/kg;Deli & Cooked Meat;Continental Meat;213;14.0;null;null;16.0;null;null;3.4;
282481073;Tesco Belgian Beer Ham 120G;£2.00;£1.67/100g;Deli & Cooked Meat;Continental Meat;124;18.7;null;1.1;4.9;1.7;0.5;1.9;
268380708;Tesco Pancetta Cubes 130G;£1.50;£1.16/100g;Deli & Cooked Meat;Continental Meat;324;17.8;null;0.2;28.0;9.1;0;3.3;
264102124;Henryk Kania Hunters Sausage 280G;£1.50;£0.54/100g;Deli & Cooked Meat;Continental Meat;618kJ;16.5;null;null;6.9;null;0.7;null;
265086699;Tesco British American Style Pastrami 110G;£2.00;£1.82/100g;Deli & Cooked Meat;Continental Meat;126;25.0;null;1.1;2.3;0.8;0.6;1.8;
264102153;Henryk Kania Kabanossi 170G;£1.85;£1.09/100g;Deli & Cooked Meat;Continental Meat;1562kJ;28.8;null;null;26.5;null;1.7;null;
264773538;Henryk Kania Mini Tyrolska 400G;null;null;Deli & Cooked Meat;Continental Meat;1009 kJ;11.3;null;null;20.1;null;1.1;null;
264102441;Henryk Kania Old Polish Ham 120G;£1.00;£0.83/100g;Deli & Cooked Meat;Continental Meat;674kJ;17.5;null;null;8.2;null;1.4;null;
268613056;Krakus Prezkaska Kabanossi Smoked Pork Snack 180G;£1.80;£1.00/100g;Deli & Cooked Meat;Continental Meat;497 ;30;2;null;41;null;null;2.5;
278245964;Morliny Hot Dog Family Pack 550G;£2.25;£0.41/100g;Deli & Cooked Meat;Continental Meat;null;null;null;null;null;null;null;null;
281360460;Krakus Roasted Ham;£6.29;£8.99/kg;Deli & Cooked Meat;Continental Meat;192 ;19.0;0.3;null;12.7;null;null;1.8;
268614007;Krakus Zywiecka Sausages 286G;£2.00;£0.70/100g;Deli & Cooked Meat;Continental Meat;218;22.0;null;null;14.0;null;null;3.0;
278452690;Morliny Sopocka Loin;£4.90;£7.00/kg;Deli & Cooked Meat;Continental Meat;103 ;17;2;null;3;null;null;2.3;
264080868;Morliny Slaska Sausage 250G;£1.75;£0.70/100g;Deli & Cooked Meat;Continental Meat;300 ;11.4;null;null;26.9;null;null;2.3;
281342142;Morliny Ham Sausages 480G;£2.75;£0.57/100g;Deli & Cooked Meat;Continental Meat;null;null;null;null;null;null;null;null;
275235658;Krakus White Sausage 360G;£2.50;£0.69/100g;Deli & Cooked Meat;Continental Meat;null;null;null;null;null;null;null;null;
278245987;Morliny Wedzonka Krotoszynska 100G;£1.00;£1.00/100g;Deli & Cooked Meat;Continental Meat;111 ;20;null;null;2.6;null;null;3.6;
264080236;Morliny Berlinki Turkey And Pork Hot Dog 250G;£1.35;£0.54/100g;Deli & Cooked Meat;Continental Meat;240 ;14;null;null;19;null;null;2.7;
264080413;Morliny Krakowska 80G;£1.00;£1.25/100g;Deli & Cooked Meat;Continental Meat;253 ;27;null;null;16;null;null;3.4;
272494274;Morliny Doktorska Sausage 450G;£1.50;£0.33/100g;Deli & Cooked Meat;Continental Meat;722 kJ;11.9;null;null;13.1;null;0.3;null;
261251527;Morliny Sopocka 80G;£1.00;£1.25/100g;Deli & Cooked Meat;Continental Meat;100 ;18;0.4;null;2.9;null;null;2.7;
264080183;Morliny Berlinki Classic Hot Dog 250G;£1.35;£0.54/100g;Deli & Cooked Meat;Continental Meat;253 ;13.2;null;null;21;null;null;2.5;
278273694;Morlinki Cooked Chicken Leg Quarter;£2.70;£4.50/kg;Deli & Cooked Meat;Continental Meat;null;null;null;null;null;null;null;null;
278832091;Morliny Boczek 400G;£2.20;£0.55/100g;Deli & Cooked Meat;Continental Meat;null;15,6;null;null;26,2;null;null;2,1;
266069966;Henryk Kania Torunska Sausage 440G;£2.00;£0.46/100g;Deli & Cooked Meat;Continental Meat;1045.5kJ;13;null;null;20.5;null;0.5;null;
264102435;Henryk Kania Krakowska Sausage 320G;£2.00;£0.63/100g;Deli & Cooked Meat;Continental Meat;1077kJ;18.9;null;null;18;null;0.9;null;
268895318;Morliny Wiejska 80G;£1.00;£1.25/100g;Deli & Cooked Meat;Continental Meat;122 ;21;0.2;null;4.1;null;null;2.4;
282441752;Sokolow Ham Hot Dogs 250G;£1.55;£0.62/100g;Deli & Cooked Meat;Continental Meat;282;13;null;null;25;null;null;2.6;
272797400;The Delicatessen Beretta Salami Milano 150G;£2.00;£1.34/100g;Deli & Cooked Meat;Continental Meat;405;26.0;null;null;33.0;null;null;null;
254275826;Counter Italian Parma Ham;£8.75;£17.50/kg;Deli & Cooked Meat;Continental Meat;257;30.0;null;0.5;15.0;5.2;0;4.9;
272797210;The Delicatessen Noel Chorizo Iberico Ring170g;£3.50;£2.06/100g;Deli & Cooked Meat;Continental Meat;446 ;26;2.2;null;37;null;1;4;
272824824;The Delicatessen Pick Spicy Salami Steaks 100G;£1.50;£1.50/100g;Deli & Cooked Meat;Continental Meat;2237 kJ;22.0;null;null;50.0;null;0.5;3.8;
258066993;Counter German Black Pepper Salami;£5.00;£10.00/kg;Deli & Cooked Meat;Continental Meat;335;23.8;null;1.0;26.0;10.7;0.7;4.0;
258067053;Counter Italian Milano Salami;£6.00;£12.00/kg;Deli & Cooked Meat;Continental Meat;394;25.4;null;0.5;32.3;11.4;0;4.0;
282442080;Sokolow Grandma's Ham 140G;£1.00;£0.71/100g;Deli & Cooked Meat;Continental Meat;null;null;null;null;null;null;null;null;
275235537;New Morliny Pate Sausage 300G;£1.30;£0.43/100g;Deli & Cooked Meat;Continental Meat;330 ;9;null;null;30;null;null;1.4;
282442811;Sokolow Copernicus Sausage 350G;£1.59;£0.45/100g;Deli & Cooked Meat;Continental Meat;235 ;13;null;null;19;null;null;2.5;
258066964;Counter German Salami;£4.25;£8.50/kg;Deli & Cooked Meat;Continental Meat;310;20.0;null;1.0;25.0;10.3;0.3;3.8;
272824657;The Delicatessen Noel Spicy Chorizo 225G;£3.00;£1.34/100g;Deli & Cooked Meat;Continental Meat;481 ;23;2.7;null;42;null;null;4.1;
258074804;Counter Sliced Spanish Chorizo By Weight;£4.50;£9.00/kg;Deli & Cooked Meat;Continental Meat;398;23.4;null;0.6;32.9;11.3;0.7;3.9;
282443234;Sokolow French-Style Kabanos 120G;£1.59;£1.33/100g;Deli & Cooked Meat;Continental Meat;561 ;26;null;null;50;null;null;4.0;
272797354;The Delicatessen Noel Mini Snack Chorizo 80G;£1.50;£1.88/100g;Deli & Cooked Meat;Continental Meat;502 ;26;2.8;null;43;null;null;3.3;
252233442;Tesco Chunky Flamed Grilled Chicken 100g;£1.00;£1.00/100g;Deli & Cooked Meat;Cooked Chicken;107;23.3;null;0.3;1.3;0.4;0.2;0.7;
268889466;Castle Lea Ready To Eat Chinese Chicken Breast Pieces 200G;£2.00;£1.00/100g;Deli & Cooked Meat;Cooked Chicken;null;21.9;null;null;1.3;null;0.0;1.77;
264465356;Tesco 2 Ready To Eat Roast Boneless Chicken Breast Fillets 245G;£4.00;£1.64/100g;Deli & Cooked Meat;Cooked Chicken;157;23.9;null;0.1;6.7;2.3;0.1;0.7;
279819342;Tesco British Ready To Eat Barbecue Roast Chicken Wings 525G;£3.00;£0.57/100g;Deli & Cooked Meat;Cooked Chicken;null;null;null;null;null;null;null;null;
279817839;Tesco Ready To Eat Sliced Roast Chicken Breast 200G;£3.00;£1.50/100g;Deli & Cooked Meat;Cooked Chicken;120;23.1;null;0;2.2;0.6;0;1.0;
279817822;Tesco Ready To Eat Peri Peri Chicken Mini Fillets 170G;£3.00;£1.77/100g;Deli & Cooked Meat;Cooked Chicken;125;21.0;null;4.2;0.8;0.2;0;0.6;
264786045;Tesco Everyday Value Sliced Tikka Chicken 240G;£2.00;£0.83/100g;Deli & Cooked Meat;Cooked Chicken;126;25.0;null;0.9;2.3;0.7;0.7;0.6;
282363167;Tesco British Ready To Eat Roast Buffalo Chicken Wings 525G;£3.00;£0.57/100g;Deli & Cooked Meat;Cooked Chicken;206;19.2;null;4.0;10.9;2.8;0.5;0.5;
279797809;Tesco Ready To Eat Tikka Chicken Breast Pieces 180G;£3.00;£1.67/100g;Deli & Cooked Meat;Cooked Chicken;118;23.4;null;1.2;1.9;0.5;0.7;0.7;
279817782;Tesco Ready To Eat Sweet Chilli Chicken Breast Pieces 180G;£3.00;£1.67/100g;Deli & Cooked Meat;Cooked Chicken;130;25.6;null;1.5;1.4;0.3;0.9;0.8;
264465402;Tesco 4 Ready To Eat Roast Boneless Chicken Breast Fillets 485G;£6.00;£1.24/100g;Deli & Cooked Meat;Cooked Chicken;null;null;null;null;null;null;null;null;
279817753;Tesco Ready To Eat Roast Barbecue Chicken Breast Pieces 180G;£3.00;£1.67/100g;Deli & Cooked Meat;Cooked Chicken;null;null;null;null;null;null;null;null;
279819238;Tesco British Ready To Eat Barbecue Roast Chicken Drumsticks 430G;£2.80;£0.65/100g;Deli & Cooked Meat;Cooked Chicken;null;null;null;null;null;null;null;null;
279819267;Tesco British Ready To Eat Hot And Spicy Roast Chicken Wings 525G;£3.00;£0.57/100g;Deli & Cooked Meat;Cooked Chicken;null;null;null;null;null;null;null;null;
268889741;Castle Lea Ready To Eat Roast Chicken Breast Pieces 200G;£2.00;£1.00/100g;Deli & Cooked Meat;Cooked Chicken;null;21.5;null;null;1.3;null;0.0;0.98;
282363121;Tesco Ready To Eat Roast Piri Piri Chicken Breast Pieces 180G;£3.00;£1.67/100g;Deli & Cooked Meat;Cooked Chicken;125;19.9;null;4.3;1.4;0.4;0;0.9;
264786016;Tesco Everyday Value Sliced Cooked Chicken 240G;£2.00;£0.83/100g;Deli & Cooked Meat;Cooked Chicken;114;24.8;null;0.1;1.4;0.5;0.4;0.9;
279797769;Tesco Ready To Eat Flamegrilled Chicken Breast Pieces 180G;£3.00;£1.67/100g;Deli & Cooked Meat;Cooked Chicken;null;null;null;null;null;null;null;null;
279817799;Tesco Ready To Eat Flame Grilled Chicken Mini Fillets 170G;£3.00;£1.77/100g;Deli & Cooked Meat;Cooked Chicken;110;24.3;null;0.1;1.0;0.4;0.1;0.7;
280376792;Tesco Ready To Eat Sliced Roast Chicken Breast 130G;£2.00;£1.54/100g;Deli & Cooked Meat;Cooked Chicken;120;23.1;null;0;2.2;0.6;0;1.0;
259097050;Tesco Ready To Eat Whole Roast Chicken 0.95Kg-1.3Kg;£7.15;£5.50/kg;Deli & Cooked Meat;Cooked Chicken;164;24.4;null;0.5;7.1;2.1;0.1;0.8;
279818458;Tesco British Ready To Eat Roast Chicken Drumsticks 430G;£2.80;£0.65/100g;Deli & Cooked Meat;Cooked Chicken;160;25.2;null;0.2;6.1;1.6;0.1;0.8;
279818389;Tesco British Ready To Eat Roast Chicken Thighs 450G;£3.00;£0.67/100g;Deli & Cooked Meat;Cooked Chicken;238;21.9;null;0.3;16.6;5.2;0.1;0.7;
288183892;Tesco Honey Roast Ham Joint 700G;£5.00;£0.71/100g;Deli & Cooked Meat;Cooked Ham Joints;140;20.0;null;1.8;5.9;2.0;0;1.8;
282484712;Tesco British Roast Ham Joint 400G;£4.00;£1.00/100g;Deli & Cooked Meat;Cooked Ham Joints;112;21.5;null;1.4;2.1;0.8;0.5;1.8;
282484640;Tesco British Honey Roast Ham Joint 400G;£4.00;£1.00/100g;Deli & Cooked Meat;Cooked Ham Joints;114;21.3;null;1.8;2.3;0.8;0.5;1.6;
277570378;Tesco Spanish Diced Chorizo 130G;£1.75;£1.35/100g;Deli & Cooked Meat;Cooked Meat Snacks, Frankfurters & Cooked Sausage;398;23.4;null;0.6;32.9;11.3;0.7;3.9;
268336895;Tesco Mini Snack Salami 10X10 G;£1.65;£1.65/100g;Deli & Cooked Meat;Cooked Meat Snacks, Frankfurters & Cooked Sausage;472;25.3;null;0.4;40.4;18.1;0.6;4.1;
283966898;Mattessons Fridge Raiders Large Multipack Roast 5X25g;£2.30;£1.84/100g;Deli & Cooked Meat;Cooked Meat Snacks, Frankfurters & Cooked Sausage;794kJ/ 198kJ/ 2 8400kJ;21;null;null;10;null;null;1.6;
258246573;Peperami Hot 5X25g;£2.50;£2.00/100g;Deli & Cooked Meat;Cooked Meat Snacks, Frankfurters & Cooked Sausage;2139kJ 535kJ 6%;23;null;null;44;null;null;4;
257904848;Herta 10 Frankfurters Chicken 350G;£2.00;£0.57/100g;Deli & Cooked Meat;Cooked Meat Snacks, Frankfurters & Cooked Sausage;892 kJ 314 kJ -;13.5;null;null;17.0;null;1.0;1.80;
283670585;Mattessons Fridge Raiders Big Eat Roast 100G;£1.49;£1.49/100g;Deli & Cooked Meat;Cooked Meat Snacks, Frankfurters & Cooked Sausage;874kJ/ 437kJ/ 5 8400kJ/;21;null;null;11;null;null;1.5;
266453995;Mattessons Fridge Raiders Southern Fried Chicken Multipack 3X25g;£1.49;£1.42/100g;Deli & Cooked Meat;Cooked Meat Snacks, Frankfurters & Cooked Sausage;755kJ/ 189kJ/ 2% 8400kJ/;18;null;null;10;null;null;1.4;
268558488;Tesco Spnch Cooking Chorizo Sausages 200G;£2.00;£1.00/100g;Deli & Cooked Meat;Cooked Meat Snacks, Frankfurters & Cooked Sausage;427;20.7;null;1.8;36.1;13.1;2.5;3.2;
254273258;Herta Classics Frankfurters 4'S 140G;£1.59;£1.14/100g;Deli & Cooked Meat;Cooked Meat Snacks, Frankfurters & Cooked Sausage;1181 kJ 416 kJ 8400 kJ -;12.5;null;null;25.0;null;1.2;1.60;
262913515;Herta 4 Jumbo Frankfurters 360G;£2.00;£0.56/100g;Deli & Cooked Meat;Cooked Meat Snacks, Frankfurters & Cooked Sausage;1174 kJ 1057 kJ 8400 kJ -;12.0;null;null;25.0;null;1.4;1.60;
250591613;Peperami Mini Original 10X10g;£2.50;£2.50/100g;Deli & Cooked Meat;Cooked Meat Snacks, Frankfurters & Cooked Sausage;1662kJ 166kJ 2%;26;null;null;31;null;null;4.1;
273429784;Tesco Spinach Sliced Chorizo Sausage 150G;£1.70;£1.14/100g;Deli & Cooked Meat;Cooked Meat Snacks, Frankfurters & Cooked Sausage;398;23.4;null;0.6;32.9;11.3;0.7;3.9;
267462838;Herta 10 Frankfurters 350G;£2.00;£0.57/100g;Deli & Cooked Meat;Cooked Meat Snacks, Frankfurters & Cooked Sausage;1181 kJ 416 kJ -;12.5;null;null;25.0;null;1.2;1.60;
254273362;Peperami Original 5X25g;£2.50;£2.00/100g;Deli & Cooked Meat;Cooked Meat Snacks, Frankfurters & Cooked Sausage;2145kJ 536kJ 6%;24;null;null;44;null;null;3.9;
259635065;Hessy's 10 Hot Dogs 350G;£1.00;£0.29/100g;Deli & Cooked Meat;Cooked Meat Snacks, Frankfurters & Cooked Sausage;kcal 266 / kJ 1103;14;null;null;22;null;null;2,0;
284275625;Herta Chicken Snackfurters 200G;£2.00;£1.00/100g;Deli & Cooked Meat;Cooked Meat Snacks, Frankfurters & Cooked Sausage;884 kJ 443 kJ 8400 kJ -;13.0;null;null;17.0;null;1.0;1.70;
265312110;Mattessons Fridge Raiders Roast Chicken Bites 3X25g;£1.49;£1.42/100g;Deli & Cooked Meat;Cooked Meat Snacks, Frankfurters & Cooked Sausage;794kJ/ 198kJ/ 2% 8400kJ/;21;null;null;10;null;null;1.6;
268336872;Tesco Snack Salami 5X25g;£1.65;£1.32/100g;Deli & Cooked Meat;Cooked Meat Snacks, Frankfurters & Cooked Sausage;472;25.3;null;0.4;40.4;18.1;0.6;4.1;
261781844;Tesco Finest Spanish Chorizo Ring 225G;£2.50;£1.12/100g;Deli & Cooked Meat;Cooked Meat Snacks, Frankfurters & Cooked Sausage;461;24.3;null;0.9;39.2;15.0;0.7;3.5;
268849046;Mattessons Fridge Raiders Hot And Spicy 60G;£1.29;£2.15/100g;Deli & Cooked Meat;Cooked Meat Snacks, Frankfurters & Cooked Sausage;131;12.7;null;null;7.3;null;null;0.8;
265483897;Red Dog Chilli Frankfurters 350G;£1.60;£0.46/100g;Deli & Cooked Meat;Cooked Meat Snacks, Frankfurters & Cooked Sausage;240 ;14;null;null;20;null;null;1,9;
257455563;Peperami Hot 25G;£0.70;£2.80/100g;Deli & Cooked Meat;Cooked Meat Snacks, Frankfurters & Cooked Sausage;2139kJ 535kJ 6%;23;null;null;44;null;null;4;
259598851;Continental Selection German Frikadellen 500;£1.99;£0.40/100g;Deli & Cooked Meat;Cooked Meat Snacks, Frankfurters & Cooked Sausage;295;14.0;null;null;22.0;null;null;1.9;
250063070;Mattessons Fridge Raiders Barbecue 60G;£1.29;£2.15/100g;Deli & Cooked Meat;Cooked Meat Snacks, Frankfurters & Cooked Sausage;134;12.3;null;null;7.5;null;null;0.7;
250039416;Mattessons Fridge Raiders Piri Piri 60G;£1.29;£2.15/100g;Deli & Cooked Meat;Cooked Meat Snacks, Frankfurters & Cooked Sausage;127;11.7;null;null;7.6;null;null;0.8;
274678498;Mattesson's Fridge Raiders Limited Edition 60G;£1.29;£2.15/100g;Deli & Cooked Meat;Cooked Meat Snacks, Frankfurters & Cooked Sausage;null;null;null;null;null;null;0.4;null;
250088639;Mattessons Fridge Raiders Chicken Bites 60G;£1.29;£2.15/100g;Deli & Cooked Meat;Cooked Meat Snacks, Frankfurters & Cooked Sausage;125;12.4;null;null;6.8;null;null;0.9;
283694286;Mattessons Smoked Pork Sausage Chilli 325G;£2.35;£0.72/100g;Deli & Cooked Meat;Cooked Meat Snacks, Frankfurters & Cooked Sausage;319;15;null;null;29;null;null;2.3;
265483851;Red Dog Frankfurters 350G;£1.60;£0.46/100g;Deli & Cooked Meat;Cooked Meat Snacks, Frankfurters & Cooked Sausage;240 ;14;null;null;20;null;null;1,9;
268336906;Tesco Smoked Pork Sausage 200G;£1.30;£0.65/100g;Deli & Cooked Meat;Cooked Meat Snacks, Frankfurters & Cooked Sausage;282;14.4;null;1.5;24.3;8.9;0;1.7;
278173991;Mattessons Smoked Pork Sausage Original 200G;£1.65;£0.83/100g;Deli & Cooked Meat;Cooked Meat Snacks, Frankfurters & Cooked Sausage;310;15;null;null;29;null;null;2.2;
280832042;Mattessons Double Dippers Thai 90G;£1.59;£1.77/100g;Deli & Cooked Meat;Cooked Meat Snacks, Frankfurters & Cooked Sausage;null;15.3;null;null;1.6;null;0.9;null;
283694263;Mattessons Smoked Pork Sausage Family Pack 325G;£2.35;£0.72/100g;Deli & Cooked Meat;Cooked Meat Snacks, Frankfurters & Cooked Sausage;310;15;null;null;29;null;null;2.2;
250039330;Mattessons Fridge Raiders Southern Fried Chicken 60G;£1.29;£2.15/100g;Deli & Cooked Meat;Cooked Meat Snacks, Frankfurters & Cooked Sausage;133;11.3;null;null;8.5;null;null;0.8;
280831861;Mattessons Double Dippers Indian 90G;£1.59;£1.77/100g;Deli & Cooked Meat;Cooked Meat Snacks, Frankfurters & Cooked Sausage;null;16.5;null;null;6.5;null;0.9;null;
250039376;Mattessons Fridge Raiders Tikka Bites 60G;£1.29;£2.15/100g;Deli & Cooked Meat;Cooked Meat Snacks, Frankfurters & Cooked Sausage;137;11.9;null;null;9.1;null;null;0.9;
285401101;Tesco Garlic Sausage 100G;£1.00;£1.00/100g;Deli & Cooked Meat;Cooked Meat Snacks, Frankfurters & Cooked Sausage;163;16.5;null;0.5;10.3;3.9;0.5;2.8;
285400816;Tesco Spanish Spicy Cooking Chorizo 200G;£2.00;£1.00/100g;Deli & Cooked Meat;Cooked Meat Snacks, Frankfurters & Cooked Sausage;427;20.7;null;1.8;36.1;13.1;2.5;3.2;
278173870;Mattessons Reduced Fat Smoked Pork Sausage 200G;£1.65;£0.83/100g;Deli & Cooked Meat;Cooked Meat Snacks, Frankfurters & Cooked Sausage;240;16;null;null;20;null;null;2.1;
273429640;Tesco German Sausage Selection 115G;£1.70;£1.48/100g;Deli & Cooked Meat;Cooked Meat Snacks, Frankfurters & Cooked Sausage;256;15.3;null;0.8;21.3;8.2;0;2.3;
254276606;Counter Extra Strong Garlic Sausage;£2.25;£4.50/kg;Deli & Cooked Meat;Cooked Meat Snacks, Frankfurters & Cooked Sausage;268;14.8;null;0.6;22.5;9.0;0.5;1.7;
256004984;Counter Sliced Liver Sausage;£2.95;£5.90/kg;Deli & Cooked Meat;Cooked Meat Snacks, Frankfurters & Cooked Sausage;null;11.8;null;2.7;12.4;4.6;0.5;1.5;
254273379;Peperami Original 25G;£0.70;£2.80/100g;Deli & Cooked Meat;Cooked Meat Snacks, Frankfurters & Cooked Sausage;2145kJ 536kJ 6%;24;null;null;44;null;null;3.9;
252743823;Counter Saveloys;£0.40;£0.40/each;Deli & Cooked Meat;Cooked Meat Snacks, Frankfurters & Cooked Sausage;283;9.5;null;0.4;23.0;8.5;2.3;1.9;
286638729;Adams Crumbed Ham 125G;null;null;Deli & Cooked Meat;Cooked Sliced Meat;458kJ / 8400kJ /;18.5;null;null;3.5;null;0.0;1.8;
280375945;Counter British Smoked Cherrywood Ham;£6.95;£13.90/kg;Deli & Cooked Meat;Cooked Sliced Meat;137;20.3;null;0.4;6.0;2.1;0;1.6;
254387924;Counter Honey Roast Ham;£6.95;£13.90/kg;Deli & Cooked Meat;Cooked Sliced Meat;117;20.8;null;1.4;3.0;1.0;0.4;1.4;
280375824;Counter Flavours British Cola Ham;null;null;Deli & Cooked Meat;Cooked Sliced Meat;155;18.6;null;0.4;8.7;3.2;0.5;4.3;
268517468;Counter Oven Baked Ham;£7.00;£14.00/kg;Deli & Cooked Meat;Cooked Sliced Meat;140;23.7;null;null;4.6;1.6;null;1.9;
256334443;Counter Ham Cooked On The Bone;£6.50;£13.00/kg;Deli & Cooked Meat;Cooked Sliced Meat;116;20.2;null;1.5;3.0;1.1;0.5;2.8;
280376028;Counter Flavours Jerk Glazed Ham;£6.95;£13.90/kg;Deli & Cooked Meat;Cooked Sliced Meat;136;20.7;null;null;5.2;1.9;null;2.3;
264876624;From The Deli Finest Roast Ham 4 Slices;null;null;Deli & Cooked Meat;Cooked Sliced Meat;142;22.7;null;0.8;5.3;2.0;0;1.7;
287961511;Counter Honey Baked Ham;£12.50;£12.50/kg;Deli & Cooked Meat;Cooked Sliced Meat;null;null;null;null;null;null;null;null;
253077588;From The Deli Finest Roast Ham 6 Slices;£4.90;£16.50/kg;Deli & Cooked Meat;Cooked Sliced Meat;142;22.7;null;0.8;5.3;2.0;0;1.7;
254577792;Counter Lean Country Ham;£7.25;£14.50/kg;Deli & Cooked Meat;Cooked Sliced Meat;124;26.7;null;0.2;1.7;0.6;0.5;1.6;
253078748;From The Deli Yorkshire Style Ham 4 Slices;£2.87;£15.50/kg;Deli & Cooked Meat;Cooked Sliced Meat;109;22.0;null;0.2;2.1;0.7;0.5;1.6;
284350847;Counter Yorkshire Cured Ham;£5.00;£10.00/kg;Deli & Cooked Meat;Cooked Sliced Meat;114;21.0;null;0.1;3.2;1.1;0.5;2.5;
268901635;From The Deli Crumbed Wiltshire Ham 4 Slice;£2.72;£16.50/kg;Deli & Cooked Meat;Cooked Sliced Meat;160;23.0;null;0.3;7.2;2.6;0.3;1.8;
254943178;From The Deli Honey Roast Ham 4 Slices;£3.99;£14.50/kg;Deli & Cooked Meat;Cooked Sliced Meat;110;21.0;null;0.3;2.6;0.8;0.5;2.5;
253184328;From The Deli Crumbed Ham 6 Slices;£5.99;£14.50/kg;Deli & Cooked Meat;Cooked Sliced Meat;112;20.5;null;0.6;2.9;1.1;0.5;2.0;
253184288;From The Deli Crumbed Ham 4 Slices;£3.99;£14.50/kg;Deli & Cooked Meat;Cooked Sliced Meat;112;20.5;null;0.6;2.9;1.1;0.5;2.0;
273794033;Broadoak Farm Sliced Crumbed Gammon Ham 100G;£2.55;£15.00/each;Deli & Cooked Meat;Cooked Sliced Meat;120;19.9;null;null;4.4;null;0.1;2.2;
254372112;Counter Crumbed Ham;£6.00;£12.00/kg;Deli & Cooked Meat;Cooked Sliced Meat;156;19.0;null;null;8.1;2.8;null;1.9;
256858186;Counter Cooked Ham;£4.50;£9.00/kg;Deli & Cooked Meat;Cooked Sliced Meat;110;18.0;null;0.8;3.8;1.5;0;1.7;
286749722;Reinert Teddy Bear Sausage 90G;£1.00;£1.12/100g;Deli & Cooked Meat;Cooked Sliced Meat;795 kJ/ 87 kJ/;13.0;null;null;15.0;null;0.3;2.3;
285594614;Tesco British Crumbed Ham 120G;£2.00;£1.67/100g;Deli & Cooked Meat;Cooked Sliced Meat;115;21.0;null;1.1;2.5;0.9;0.4;1.8;
282487274;Tesco British Chunky Pastrami Beef 120G;£2.00;£1.67/100g;Deli & Cooked Meat;Cooked Sliced Meat;143;23.8;null;0.1;3.7;1.3;0.5;1.4;
253078898;From The Deli Yorkshire Style Ham 6 Slices;£3.22;£12.40/kg;Deli & Cooked Meat;Cooked Sliced Meat;109;22.0;null;0.2;2.1;0.7;0.5;1.6;
266721350;Tesco British Cooked Ham 267G;£3.00;£1.13/100g;Deli & Cooked Meat;Cooked Sliced Meat;117;22.1;null;0.8;2.6;1.0;0.9;2.0;
285475502;Tesco Big Buy Cooked Ham 300G;£1.65;£0.55/100g;Deli & Cooked Meat;Cooked Sliced Meat;110;18.0;null;0.8;3.8;1.5;0.1;2.0;
279533685;Premium Ham Trim 400G;£1.95;£0.49/100g;Deli & Cooked Meat;Cooked Sliced Meat;150;19.8;null;null;7.0;null;Trace;2.3;
276414756;Tesco British Big Pack Crumbed Ham 400G;£4.00;£1.00/100g;Deli & Cooked Meat;Cooked Sliced Meat;104;21.0;null;1.3;1.1;0.4;0.4;2.0;
276478697;Tesco British Mustard Ham 120G;£2.00;£1.60/100g;Deli & Cooked Meat;Cooked Sliced Meat;117;22.1;null;0.8;2.6;1.0;0.9;2.0;
285468160;Tesco Big Buy Crumbed Ham 300G;£1.65;£0.55/100g;Deli & Cooked Meat;Cooked Sliced Meat;null;null;null;null;null;null;null;null;
279300771;Tesco British Honey Roast Ham 267G;£3.00;£1.13/100g;Deli & Cooked Meat;Cooked Sliced Meat;118;21.6;null;1.8;2.6;1.0;0.6;2.0;
285380084;Tesco British Crumbed Ham 267G;£3.00;£1.10/100g;Deli & Cooked Meat;Cooked Sliced Meat;115;21.0;null;1.1;2.5;0.9;0.4;1.8;
282487435;Tesco British Chunky Honey Roast Ham 120G;£2.00;£1.67/100g;Deli & Cooked Meat;Cooked Sliced Meat;147;24.4;null;3.6;3.7;1.3;0.5;1.2;
276477669;Tesco British Honey Roast Ham 120G;£2.00;£1.60/100g;Deli & Cooked Meat;Cooked Sliced Meat;118;21.6;null;1.8;2.6;1.0;0.6;2.0;
276415346;Tesco British Honey Roast Ham 400G;£4.00;£1.00/100g;Deli & Cooked Meat;Cooked Sliced Meat;118;21.6;null;1.8;2.6;1.0;0.6;2.0;
276414791;Tesco British Big Pack Cooked Ham 400G;£4.00;£1.00/100g;Deli & Cooked Meat;Cooked Sliced Meat;117;22.1;null;0.8;2.6;1.0;0.9;2.0;
279423470;Tesco British Honey Roast Ham 50% Extra Free 180G;null;null;Deli & Cooked Meat;Cooked Sliced Meat;130;21.8;null;1.9;3.8;1.4;0;2.0;
285469556;Tesco Big Buy Honey Roast Ham 300G;£3.00;£6.67/kg;Deli & Cooked Meat;Cooked Sliced Meat;118;20.0;null;3.0;2.8;0.9;0.4;2.2;
281840071;Tesco British Cooked Ham 120G;£2.00;£1.67/100g;Deli & Cooked Meat;Cooked Sliced Meat;117;22.1;null;0.8;2.6;1.0;0.9;2.0;
279468664;Red Lion Crumbed Ham 125G;£0.95;£0.12/100g;Deli & Cooked Meat;Cooked Sliced Meat;99;18.9;null;null;2.1;null;null;2.0;
281839937;Tesco British Smoked Ham 120G;£2.00;£1.67/100g;Deli & Cooked Meat;Cooked Sliced Meat;114;21.6;null;0.8;2.6;1.0;0.6;2.0;
276415778;Tesco Crumbed Ham 115G;£1.00;£0.87/100g;Deli & Cooked Meat;Cooked Sliced Meat;135;18.2;null;0.9;6.2;2.3;0.5;1.8;
285574270;Tesco Everyday Value Ham 113G;£0.55;£0.49/100g;Deli & Cooked Meat;Cooked Sliced Meat;131;15.8;null;1.2;6.9;2.8;0.5;2.0;
276492604;Tesco British Wafer Thin Cooked Ham 120G;£2.00;£1.60/100g;Deli & Cooked Meat;Cooked Sliced Meat;117;22.1;null;0.8;2.6;1.0;0.9;2.0;
276492380;Tesco British Wafer Thin Smoked Ham 120G;£2.00;£1.60/100g;Deli & Cooked Meat;Cooked Sliced Meat;114;21.6;null;0.8;2.6;1.0;0.5;2.0;
278935044;Tesco British Oven Roasted Haslet 120G;£1.00;£0.83/100g;Deli & Cooked Meat;Cooked Sliced Meat;275;12.8;null;1.0;19.3;7.2;1.5;2.3;
276307958;Tesco Cooked Sandwich Ham 255G;£1.35;£0.53/100g;Deli & Cooked Meat;Cooked Sliced Meat;95;18.0;null;0.7;2.2;0.8;0;2.0;
281839782;Tesco British Thick Cut Honey Roast Ham 120G;£2.00;£1.67/100g;Deli & Cooked Meat;Cooked Sliced Meat;120;21.8;null;1.9;2.6;1.0;0.7;2.0;
285414408;Tesco Crumbed Ham Southern Fried Chicken Smoked Ham 200G;£2.50;£1.25/100g;Deli & Cooked Meat;Cooked Sliced Meat;99;22.5;null;0;1.0;0.3;0;1.6;
286416376;Tesco Crumbed Ham (24 Slices) 400G;£4.00;£1.00/100g;Deli & Cooked Meat;Cooked Sliced Meat;115;21.0;null;1.1;2.5;0.9;0.4;1.8;
279317187;Tesco Everyday Value Ham 364G;£1.50;£0.41/100g;Deli & Cooked Meat;Cooked Sliced Meat;131;15.8;null;1.2;6.9;2.8;0.5;2.0;
276492495;Tesco British Wafer Thin Honey Roast Ham 120G;£2.00;£1.60/100g;Deli & Cooked Meat;Cooked Sliced Meat;118;21.6;null;1.8;2.6;1.0;0.6;2.0;
276308312;Tesco Cooked Sandwich Ham 115G;£1.00;£0.87/100g;Deli & Cooked Meat;Cooked Sliced Meat;93;18.6;null;0.3;1.8;0.6;0.5;1.9;
285594706;Tesco British Wafer Thin Crumbed Ham 120G;£2.00;£1.67/100g;Deli & Cooked Meat;Cooked Sliced Meat;107;21.0;null;1.0;2.0;0.8;0.4;2.1;
286865074;Tesco British Wafer Thin Crumbed Ham 275G;£3.00;£1.10/100g;Deli & Cooked Meat;Cooked Sliced Meat;107;21.0;null;1.0;2.0;0.8;0.4;2.1;
286865166;Tesco British Wafer Thin Roast Ham 275G;£3.00;£1.10/100g;Deli & Cooked Meat;Cooked Sliced Meat;119;21.2;null;1.1;2.8;1.0;0.5;2.4;
286241524;Tesco Finest Brit Outdoor Bred Wiltshire Cured Ham 120G;£3.00;£2.50/100g;Deli & Cooked Meat;Cooked Sliced Meat;135;24.2;null;0.1;4.2;1.5;0.3;2.3;
279316637;Tesco Everyday Value Wafer Thin Cooked Ham 364G;£1.50;£0.41/100g;Deli & Cooked Meat;Cooked Sliced Meat;131;15.8;null;1.2;6.9;2.8;0.5;2.0;
286241927;Tesco Finest British Applewood Smoked Wafer Thin Ham 120G;£3.00;£2.50/100g;Deli & Cooked Meat;Cooked Sliced Meat;135;22.8;null;1.2;4.2;1.7;0.5;2.2;
285594787;Tesco British Thick Cut Crumbed Ham 120G;£2.00;£1.67/100g;Deli & Cooked Meat;Cooked Sliced Meat;114;21.0;null;1.1;2.5;0.9;0.5;2.1;
286242022;Tesco Finest British Thick Cut Honey Roast Ham On The Bone 120G;£3.00;£2.50/100g;Deli & Cooked Meat;Cooked Sliced Meat;135;25.3;null;0.8;3.4;1.2;0;1.6;
286242713;Tesco Finest Maple And Vanilla Thick Cut Ham 120G;£2.00;£1.67/100g;Deli & Cooked Meat;Cooked Sliced Meat;134;25.7;null;1.4;2.7;0.9;0.5;1.8;
285401216;Tesco Finest Spanish Serrano Ham 35G;£0.75;£2.15/100g;Deli & Cooked Meat;Cooked Sliced Meat;247;29.9;null;0.4;13.9;5.2;0.1;3.8;
285612295;Tesco New York Platter 156G;£2.50;£16.03/kg;Deli & Cooked Meat;Cooked Sliced Meat;123;23.0;null;0.9;2.9;1.1;0.6;1.8;
286241812;Tesco Finest British Honey Roast Wafer Thin Ham 120G;£2.00;£1.67/100g;Deli & Cooked Meat;Cooked Sliced Meat;136;24.3;null;0.1;4.2;1.4;0.3;2.4;
284066176;Tesco Finest Wiltshire Cured Crumbed Ham 218G;£4.00;£1.84/100g;Deli & Cooked Meat;Cooked Sliced Meat;137;23.9;null;0.7;4.2;1.7;0.4;2.3;
258954564;Tesco Finest Counter Roast Ham On The Bone;£9.75;£19.50/kg;Deli & Cooked Meat;Cooked Sliced Meat;145;22.4;null;0.4;6.0;2.2;0;1.9;
286242080;Tesco Finest Leicestershire Roast Ham 135G;£2.00;£1.49/100g;Deli & Cooked Meat;Cooked Sliced Meat;158;24.7;null;1.5;5.8;2.0;0.5;2.4;
256334408;Tesco Finest Counter Wiltshire Cured Crumbed Ham;null;null;Deli & Cooked Meat;Cooked Sliced Meat;160;23.0;null;0.3;7.2;2.6;0.3;1.8;
285414506;Tesco Honey Roast Ham, Chicken And Cheese Platter 200G;£2.00;£1.00/100g;Deli & Cooked Meat;Cooked Sliced Meat;106;24.5;null;0;0.9;0.3;0;1.5;
286242143;Tesco Finest Leicestershire Crumb Ham 135G;£2.00;£1.49/100g;Deli & Cooked Meat;Cooked Sliced Meat;138;24.8;null;1.1;3.3;1.2;0.5;2.4;
276308030;Tesco Honey Roast Sandwich Ham 255G;£1.35;£0.53/100g;Deli & Cooked Meat;Cooked Sliced Meat;107;19.0;null;2.4;2.4;0.9;0;1.9;
286241737;Tesco Finest British Wafer Thin Wiltshire Cured Ham 120G;£2.00;£1.67/100g;Deli & Cooked Meat;Cooked Sliced Meat;134;24.0;null;0.1;4.2;1.5;0.3;2.3;
273719222;Tesco Smoked Crispy Bacon Strips 50G;£2.00;£4.00/100g;Deli & Cooked Meat;Cooked Sliced Meat;473;57.4;null;0;26.8;10.8;0;6.8;
281766648;Tesco Healthy Living Roast Chicken 100G;£2.00;£2.00/100g;Deli & Cooked Meat;Cooked Sliced Meat;117;25.0;null;0.1;1.7;0.6;0.5;1.0;
281766619;Tesco Healthy Living Honey Roast Ham 100g;£2.00;£2.00/100g;Deli & Cooked Meat;Cooked Sliced Meat;112;22.0;null;3.4;1.1;0.4;0.4;1.3;
281766510;Tesco Healthy Living Crumbed Ham 100G;£2.00;£2.00/100g;Deli & Cooked Meat;Cooked Sliced Meat;96;19.2;null;0.5;1.7;0.6;0.5;1.5;
285414950;Tesco Honey Roast Ham Crumbed Ham And Cooked Ham 200G;£2.50;£1.25/100g;Deli & Cooked Meat;Cooked Sliced Meat;104;20.4;null;0.1;2.4;0.9;0;1.4;
268427062;Tesco Organic Wafer Thin Ham 85G;£3.00;£3.53/100g;Deli & Cooked Meat;Cooked Sliced Meat;125;21.1;null;0.3;4.2;1.4;0.5;2.8;
286241962;Tesco Finest British Thick Cut Ham On The Bone 120G;£2.00;£1.67/100g;Deli & Cooked Meat;Cooked Sliced Meat;133;25.2;null;0.5;3.2;1.0;0.5;3.0;
276415605;Tesco Southern Fried Chicken 115G;£1.00;£0.87/100g;Deli & Cooked Meat;Cooked Sliced Meat;112;22.7;null;0.4;1.8;0.6;0.5;0.8;
281158542;Tesco Wafer Thin Honey Roast Ham 480G;£2.40;£0.50/100g;Deli & Cooked Meat;Cooked Sliced Meat;121;16.8;null;3.5;3.8;1.3;0;2.0;
281158464;Tesco Wafer Thin Cooked Ham 235G;£1.35;£0.58/100g;Deli & Cooked Meat;Cooked Sliced Meat;93;18.6;null;0.3;1.8;0.6;0.5;1.9;
280304161;Tesco Ultimate Sandwich Hog Roast 170G;£2.50;£1.48/100g;Deli & Cooked Meat;Cooked Sliced Meat;200;21.5;null;5.5;8.8;3.1;0.1;0.7;
280303784;Tesco Ultimate Sandwich Barbecue Pulled Pork 170G;£2.50;£1.48/100g;Deli & Cooked Meat;Cooked Sliced Meat;193;20.5;null;6.0;6.8;2.3;0;0.8;
284951286;The Lunch Club Breaded Ham 300G;£1.79;£0.60/100g;Deli & Cooked Meat;Cooked Sliced Meat;116;17.0;null;null;4.5;null;0.0;2.0;
285097609;The Lunch Club Chicken 150G;null;null;Deli & Cooked Meat;Cooked Sliced Meat;157;17.2;null;null;8.1;null;0.0;2.0;
281158619;Tesco Wafer Thin Honey Roast Ham 235G;£1.35;£0.58/100g;Deli & Cooked Meat;Cooked Sliced Meat;121;16.8;null;3.5;3.8;1.3;0;2.0;
288101388;Tesco Waferthin Chicken 115G;£1.00;£0.80/100g;Deli & Cooked Meat;Cooked Sliced Meat;101;20.0;null;1.1;1.6;0.5;0.5;1.5;
273824051;The Delicatessen Family Pack Honey Roast Ham 450G;£4.00;£0.89/100g;Deli & Cooked Meat;Cooked Sliced Meat;102;20.1;null;1.0;1.8;0.7;0;2.1;
281158752;Tesco Wafer Thin Smoked Ham 235G;£1.35;£0.58/100g;Deli & Cooked Meat;Cooked Sliced Meat;104;17.0;null;1.1;3.5;1.2;0;2.0;
281158429;Tesco Wafer Thin Ham 480G;£2.40;£0.50/100g;Deli & Cooked Meat;Cooked Sliced Meat;104;17.0;null;1.1;3.5;1.2;0;2.0;
288101031;Tesco Wafer Thin Cooked Ham 115G;£1.00;£0.80/100g;Deli & Cooked Meat;Cooked Sliced Meat;104;17.0;null;1.1;3.5;1.2;0;2.0;
276307872;Tesco Smoked Sandwich Ham 255G;£1.35;£0.53/100g;Deli & Cooked Meat;Cooked Sliced Meat;95;18.0;null;0.7;2.2;0.8;0;2.0;
284950379;The Lunch Club Breaded Ham 150G;£0.99;£0.66/100g;Deli & Cooked Meat;Cooked Sliced Meat;116;17.0;null;null;4.5;null;0.0;2.0;
281158683;Tesco Wafer Thin Smoked Ham 480G;£2.40;£0.50/100g;Deli & Cooked Meat;Cooked Sliced Meat;104;17.0;null;1.1;3.5;1.2;0;2.0;
278840455;The Delicatessen Family Pack Crumbed Ham 450G;£4.00;£1.15/100g;Deli & Cooked Meat;Cooked Sliced Meat;102;19.5;null;0.9;2.1;0.8;null;2.2;
278840604;The Delicatessen Family Pack Cooked Ham 450G;null;null;Deli & Cooked Meat;Cooked Sliced Meat;102;19.7;null;0.6;2.3;0.9;0;2.2;
280304063;Tesco Ultimate Sandwich Ham Hock 170G;£2.50;£1.48/100g;Deli & Cooked Meat;Cooked Sliced Meat;150;20.5;null;7.6;3.5;1.1;0;1.7;
288100821;Tesco Wafer Thin Honey Roast Ham 115G;£1.00;£0.80/100g;Deli & Cooked Meat;Cooked Sliced Meat;121;16.8;null;3.5;3.8;1.3;0;2.0;
284951142;The Lunch Club Honey Roast Ham 150G;£0.99;£0.66/100g;Deli & Cooked Meat;Cooked Sliced Meat;111;17.0;null;null;4.5;null;0.0;2.0;
284951735;The Lunch Club Chicken Slices 320G;£1.79;£0.60/100g;Deli & Cooked Meat;Cooked Sliced Meat;157;17.2;null;null;8.1;null;0.0;2.0;
285593287;Tesco British Wafer Thin Roast Chicken 120G;£2.00;£1.67/100g;Deli & Cooked Meat;Cooked Sliced Meat;128;22.0;null;0.9;4.0;1.2;0.4;1.0;
285097523;The Lunch Club Cooked Ham 150G;null;null;Deli & Cooked Meat;Cooked Sliced Meat;110;17.0;null;null;4.5;null;0.0;2.0;
286241461;Tesco Finest British Sliced Chicken Breast 120G;£3.00;£2.50/100g;Deli & Cooked Meat;Cooked Sliced Meat;126;26.4;null;1.1;1.6;0.5;0.5;0.7;
263063171;From The Deli Roast Chicken 6 Slices;£1.48;£8.24/kg;Deli & Cooked Meat;Cooked Sliced Meat;117;22.5;null;1.5;2.0;0.7;0.5;1.4;
266339457;From The Deli Corned Beef 140G;£2.50;£1.67/100g;Deli & Cooked Meat;Cooked Sliced Meat;198;24.8;null;0.8;10.5;5.0;0.6;2.0;
285710023;Tesco Everyday Value Chicken Roll 227G;£0.55;£0.24/100g;Deli & Cooked Meat;Cooked Sliced Meat;177;12.0;null;0.1;12.5;3.6;0.5;1.7;
253419968;From The Deli Roast Topside Of Beef 4 Slices;£1.77;£13.50/kg;Deli & Cooked Meat;Cooked Sliced Meat;112;23.0;null;0.2;1.9;0.8;0.2;1.3;
284474856;Tesco British Corned Beef 125G;£2.00;£1.60/100g;Deli & Cooked Meat;Cooked Sliced Meat;200;24.8;null;0.8;10.5;5.0;0.6;null;
281341903;Tesco W/Thin Roast Chicken 400G;null;null;Deli & Cooked Meat;Cooked Sliced Meat;101;20.0;null;1.1;1.6;0.5;0.5;1.5;
281341984;Tesco Wafer Thin Roast Chicken 235G;£1.35;£0.58/100g;Deli & Cooked Meat;Cooked Sliced Meat;112;19.0;null;1.5;2.2;0.5;0.5;1.6;
276308208;Tesco Cooked Sandwich Chicken 115G;£1.00;£0.87/100g;Deli & Cooked Meat;Cooked Sliced Meat;101;20.0;null;1.2;1.5;0.5;0.5;1.5;
285593356;Tesco British Roast Chicken 120G;£2.00;£1.67/100g;Deli & Cooked Meat;Cooked Sliced Meat;129;22.0;null;0.8;4.1;1.2;0.5;1.1;
286241386;Tesco Finest British Sliced Chicken Breast And Stuffing 120G;£2.00;£1.67/100g;Deli & Cooked Meat;Cooked Sliced Meat;128;23.8;null;0.5;2.8;0.9;0.5;0.7;
268652762;From The Deli Corned Beef 325G;£3.50;£1.08/100g;Deli & Cooked Meat;Cooked Sliced Meat;198;24.8;null;0.8;10.5;5.0;0.6;2.0;
284951539;The Lunch Club Honey Roast Ham 300G;£1.79;£0.60/100g;Deli & Cooked Meat;Cooked Sliced Meat;111;17.0;null;null;4.5;null;0.0;2.0;
282111604;The Lunch Club Honey Roast Ham 145G;£1.59;£1.10/100g;Deli & Cooked Meat;Cooked Sliced Meat;null;null;null;null;null;null;null;null;
253420038;From The Deli Roast Topside Of Beef 6 Slices;£2.65;£13.50/kg;Deli & Cooked Meat;Cooked Sliced Meat;112;23.0;null;0.2;1.9;0.8;0.2;1.3;
284951205;The Lunch Club Cooked Ham 300G;£1.79;£0.60/100g;Deli & Cooked Meat;Cooked Sliced Meat;110;17.0;null;null;4.5;null;0.0;2.0;
276415536;Tesco Cooked Beef Slices 115G;£1.00;£0.87/100g;Deli & Cooked Meat;Cooked Sliced Meat;125;19.6;null;0.7;3.8;1.6;0.5;1.5;
268467152;Tesco British Peppered Beef 100G;£2.00;£2.00/100g;Deli & Cooked Meat;Cooked Sliced Meat;142;23.0;null;0.1;4.5;1.7;0.8;1.5;
285478240;Tesco Finest Mustard And Peppercorn Sliced Beef 85G;£2.00;£2.36/100g;Deli & Cooked Meat;Cooked Sliced Meat;146;27.5;null;0.9;3.4;1.3;0.9;1.0;
285594919;Tesco British Sweetcured Pork Loin 120G;£2.00;£1.67/100g;Deli & Cooked Meat;Cooked Sliced Meat;141;23.0;null;2.1;4.4;1.5;0.5;1.3;
285592927;Tesco British Lunch Pork Tongue 120G;£2.00;£1.67/100g;Deli & Cooked Meat;Cooked Sliced Meat;195;19.0;null;0.9;12.8;4.8;0;2.9;
285414184;Tesco Shredded Salt Beef 110G;£2.00;£1.82/100g;Deli & Cooked Meat;Cooked Sliced Meat;131;26.2;null;0.2;2.8;1.1;0;1.6;
285593241;Tesco British Roast Pork 120G;£2.00;£1.67/100g;Deli & Cooked Meat;Cooked Sliced Meat;137;24.0;null;0.1;4.3;1.5;0.5;1.1;
285413980;Tesco Pulled Smoked Barbecue Pork 120G;£1.00;£1.12/100g;Deli & Cooked Meat;Cooked Sliced Meat;228;30.1;null;1.2;11.2;3.8;0;0.8;
279512900;Tesco Pork And Egg Roll 219G;£1.00;£0.46/100g;Deli & Cooked Meat;Cooked Sliced Meat;209;13.9;null;1.5;16.2;6.0;0;2.0;
253182808;From The Deli Roast Turkey 4 Slices;£2.30;£12.00/kg;Deli & Cooked Meat;Cooked Sliced Meat;132;22.6;null;1.0;3.3;1.2;0.5;1.5;
278934534;Tesco Finest British Scld Topside Of Roast Beef 85G;£3.00;£3.53/100g;Deli & Cooked Meat;Cooked Sliced Meat;140;28.4;null;1.6;1.6;0.7;0.5;0.7;
252015318;Tesco Garlic Sausage 150G;£0.60;£0.40/100g;Deli & Cooked Meat;Cooked Sliced Meat;175;15.0;null;0.4;11.4;3.9;0;1.7;
276370288;Bernard Matthews Wafer Thin Turkey Ham 250G;£2.00;£0.80/100g;Deli & Cooked Meat;Cooked Sliced Meat;104;null;null;null;4.1;null;null;null;
285709924;Tesco Everyday Value Luncheon Meat 184G;£0.55;£0.30/100g;Deli & Cooked Meat;Cooked Sliced Meat;197;15.0;null;0.4;14.4;5.2;0.6;2.4;
273693417;Tesco Finest British Corned Beef 100G;£2.00;£2.00/100g;Deli & Cooked Meat;Cooked Sliced Meat;243;22.7;null;0.5;16.7;7.2;0;1.5;
285413902;Tesco Pulled Ham Hock 120G;£2.00;£1.67/100g;Deli & Cooked Meat;Cooked Sliced Meat;142;26.0;null;0.1;4.1;1.4;0;2.1;
265086601;Tesco British Roast Beef 100G;£2.00;£2.00/100g;Deli & Cooked Meat;Cooked Sliced Meat;116;24.0;null;0.2;1.9;0.8;0.2;1.3;
285414282;Tesco Cooked Smoked Bacon Rashers 100G;£2.00;£2.00/100g;Deli & Cooked Meat;Cooked Sliced Meat;369;32.5;null;0.1;26.4;9.9;0.5;3.1;
279251799;Tesco Everyday Value Corned Beef 185G;£1.50;£0.81/100g;Deli & Cooked Meat;Cooked Sliced Meat;226;26.5;null;1.0;12.9;6.0;0;1.8;
278934609;Tesco Finest British Salted Topside Of Beef 85G;£2.00;£2.36/100g;Deli & Cooked Meat;Cooked Sliced Meat;140;25.1;null;0.7;3.9;1.6;0.5;2.2;
256178316;Counter Roast Pork;£5.75;£11.50/kg;Deli & Cooked Meat;Cooked Sliced Meat;174;20.3;null;1.1;9.5;3.4;0.5;1.6;
285415252;Tesco Finest Bresaola 30G;£1.50;£5.00/100g;Deli & Cooked Meat;Cooked Sliced Meat;163;33.7;null;0.5;2.9;1.4;0;3.8;
256316125;Counter Haslet;£2.00;£4.00/kg;Deli & Cooked Meat;Cooked Sliced Meat;275;12.8;null;1.0;19.3;7.2;1.5;2.3;
265044676;Counter Roast Turkey With Sage And Onion Stuffing;£5.55;£11.10/kg;Deli & Cooked Meat;Cooked Sliced Meat;127;21.2;null;1.9;2.9;0.8;0.5;1.6;
252153398;From The Deli Pork Luncheon Meat;£2.10;£3.00/kg;Deli & Cooked Meat;Cooked Sliced Meat;248;13.1;null;0.8;20.8;7.6;0;2.2;
265045437;Tesco Finest Counter Medium Rare Roast Beef;£11.00;£22.00/kg;Deli & Cooked Meat;Cooked Sliced Meat;137;25.5;null;0.3;3.2;1.4;0;2.0;
266725242;Quorn Smokey Ham Style Slices 100G;£1.70;£17.00/kg;Deli & Cooked Meat;Cooked Sliced Meat;571kJ 143kJ;15.5;null;null;2.0;null;5.0;1.3;
281342082;Tesco Wafer Thin Roast Turkey 235G;£1.35;£0.58/100g;Deli & Cooked Meat;Cooked Sliced Meat;117;20.2;null;1.3;2.6;0.6;0.5;1.5;
257016496;Counter Lunch Tongue;£4.50;£9.00/kg;Deli & Cooked Meat;Cooked Sliced Meat;184;20.0;null;null;11.2;4.1;0.1;2.8;
254276094;Counter Mattessons Black Pudding Rings;£1.75;£3.50/kg;Deli & Cooked Meat;Cooked Sliced Meat;null;14.0;null;1.2;17.0;6.4;1.7;null;
254276007;Counter British Roast Topside Of Beef;£0.45;£0.23/100g;Deli & Cooked Meat;Cooked Sliced Meat;142;27.5;null;0.1;3.4;1.9;0;1.2;
251617520;Tesco Finest Counter Butter Roast Turkey Breast;£9.50;£19.00/kg;Deli & Cooked Meat;Cooked Sliced Meat;123;23.7;null;1.4;2.4;0.9;0.5;1.6;
255775043;Counter Ox Tongue;£6.45;£12.90/kg;Deli & Cooked Meat;Cooked Sliced Meat;190;16.5;null;1.2;13.2;5.8;trace;2.8;
283868133;Counter Southern Crumbed Chicken;£6.66;£11.10/kg;Deli & Cooked Meat;Cooked Sliced Meat;115;23.2;null;0.2;1.9;0.6;0.5;1.2;
259148814;Counter Roast Turkey Breast;£6.25;£12.50/kg;Deli & Cooked Meat;Cooked Sliced Meat;132;21.5;null;0.9;4.1;1.1;0.5;1.8;
283868110;Counter Roast Chicken;£6.66;£11.10/kg;Deli & Cooked Meat;Cooked Sliced Meat;124;22.7;null;0.1;3.5;1.1;0.5;1.3;
255089417;Counter Cooked Beef;£0.45;£0.23/100g;Deli & Cooked Meat;Cooked Sliced Meat;119;20.3;null;0.5;3.2;1.2;0.5;0.9;
285594462;Tesco British Roast Turkey 120G;£2.00;£1.67/100g;Deli & Cooked Meat;Cooked Sliced Meat;109;23.0;null;0.7;0.9;0.3;0.5;1.0;
286242212;Tesco Finest British Roast Turkey Breast 120G;£3.00;£2.50/100g;Deli & Cooked Meat;Cooked Sliced Meat;136;29.8;null;0.5;1.6;0.5;0.5;0.7;
256858975;Counter Corned Beef;£6.95;£13.90/kg;Deli & Cooked Meat;Cooked Sliced Meat;199;26.4;null;0;10.3;4.5;0;1.9;
282481015;Tesco Finest Chilli Marinated Anchovies 150G;£2.50;£1.67/100g;Deli & Cooked Meat;Fresh Olives & Antipasti;314;16.0;null;0.2;26.3;3.5;0.4;1.8;
287531822;Tesco Semi-Dried Tomato And Mozzarella Balls 190G;£2.50;£1.25/100g;Deli & Cooked Meat;Fresh Olives & Antipasti;259;9.4;null;5.3;21.3;6.4;2.6;1.0;
268020266;Tesco Garlic Stuffed Olives 160G;£2.00;£1.25/100g;Deli & Cooked Meat;Fresh Olives & Antipasti;164;1.3;null;0.3;16.8;2.5;3.0;3.3;
282481447;Tesco Spicy Pimento Stuffed Olives 160G;£2.00;£1.25/100g;Deli & Cooked Meat;Fresh Olives & Antipasti;116;1.1;null;0.5;10.9;1.7;4.1;3.4;
273423174;Tesco Feta Stuffed Peppers 145G;£2.50;£1.73/100g;Deli & Cooked Meat;Fresh Olives & Antipasti;223;3.3;null;13.2;16.4;3.0;1.4;0.6;
274579327;Tesco Everyday Value Pitted Black And Green Olives 95G;£1.00;£1.06/100g;Deli & Cooked Meat;Fresh Olives & Antipasti;147;1.2;null;0.3;14.9;2.4;3.5;2.8;
272365364;Tesco Everyday Value Pitted Green Olives 95G;£1.00;£1.06/100g;Deli & Cooked Meat;Fresh Olives & Antipasti;178;1.2;null;0.3;18.2;2.6;4.0;2.9;
285398910;Tesco Mediterranean Platter 230G;£2.50;£1.09/100g;Deli & Cooked Meat;Fresh Olives & Antipasti;143;7.1;null;5.4;9.2;3.5;3.0;1.4;
272390950;Tesco Falafel 132G;£2.00;£1.52/100g;Deli & Cooked Meat;Fresh Olives & Antipasti;307;8.7;null;1.8;19.5;1.5;9.5;1.5;
280804145;Tesco Halkidiki With Slow Roasted Vine Tomatoes 250G;£3.00;£1.20/100g;Deli & Cooked Meat;Fresh Olives & Antipasti;179;1.4;null;1.5;17.7;2.4;3.7;2.6;
287804330;Tesco Marinated Greek Olive Selection 180G;£2.00;£1.25/100g;Deli & Cooked Meat;Fresh Olives & Antipasti;181;1.3;null;0.3;18.6;2.6;3.4;4.4;
267965923;Tesco Halkidiki Olives With Sun Dried Tomatoes 160G;£2.00;£1.25/100g;Deli & Cooked Meat;Fresh Olives & Antipasti;179;1.4;null;1.5;17.7;2.4;3.7;2.6;
266073373;Tesco Black And Green Olives With Feta 150G;£2.00;£1.34/100g;Deli & Cooked Meat;Fresh Olives & Antipasti;199;3.0;null;0.3;19.8;4.7;3.6;2.8;
285398674;Tesco Spanish Olives With Chorizo And Iberico 220G;£3.00;£1.37/100g;Deli & Cooked Meat;Fresh Olives & Antipasti;205;5.1;null;0.5;19.4;4.8;2.8;2.5;
272695094;Tesco Ardennes Pate 200G;£1.00;£0.50/100g;Deli & Cooked Meat;Pate;361;11.3;null;2.0;33.9;13.2;0.5;1.9;
268333938;Tesco Smoked Scottish Salmon Pate 90G;£1.00;£1.12/100g;Deli & Cooked Meat;Pate;274;8.4;null;2.2;23.3;7.2;0.6;1.7;
277570499;Tesco Finest Ardenne Pate 160G;£2.00;£1.25/100g;Deli & Cooked Meat;Pate;337;13.7;null;1.8;28.7;10.4;1.1;1.8;
255084250;Tesco Everyday Value Liver And Bacon Spreading Pate 150G;£0.54;£0.36/100g;Deli & Cooked Meat;Pate;335;11.5;null;2.1;30.0;10.8;1.8;2.0;
253390996;Tesco Farmhouse Pate With Mushrooms 170G;£1.40;£0.82/100g;Deli & Cooked Meat;Pate;344;13.1;null;1.8;31.3;11.2;0;1.9;
282186578;Tesco Chicken Liver Pate 170G;£1.00;£0.59/100g;Deli & Cooked Meat;Pate;311;9.8;null;2.0;28.1;11.0;0.5;1.9;
251613720;Tesco Ardennes Pate 175G;£0.60;£0.34/100g;Deli & Cooked Meat;Pate;243;13.1;null;2.7;19.5;7.5;0.9;1.7;
272694700;Tesco Chicken And Chorizo Pate 170G;£1.40;£0.82/100g;Deli & Cooked Meat;Pate;453;9.3;null;1.4;44.9;12.4;0.8;2.1;
251613743;Tesco Brussels Pate 175G;£0.60;£0.34/100g;Deli & Cooked Meat;Pate;318;8.8;null;2.7;28.7;11.0;1.2;1.9;
277570856;Tesco Finest Brussels Pate 160G;£2.00;£1.25/100g;Deli & Cooked Meat;Pate;355;9.0;null;2.9;33.3;12.4;0.8;2.0;
282186647;Tesco Limited Edition Pate 170G;£1.40;£0.82/100g;Deli & Cooked Meat;Pate;320;10.1;null;2.6;28.6;10.5;2.8;2.1;
272694562;Tesco Brussels Pate 200G;£1.00;£0.50/100g;Deli & Cooked Meat;Pate;352;14.0;null;2.8;31.2;12.7;0.9;2.0;
251563692;Tesco Brussels With Garlic Pate 170G;£1.00;£0.59/100g;Deli & Cooked Meat;Pate;360;8.8;null;2.4;33.2;12.1;0;1.9;
272694913;Tesco Reduced Fat Farmhouse And Mushroom Pate 170G;£1.40;£0.82/100g;Deli & Cooked Meat;Pate;259;14.4;null;1.6;21.4;8.0;0.8;2.0;
277614512;Tesco Finest Rannoch Smoked Duck Pate 113G;£1.50;£1.33/100g;Deli & Cooked Meat;Pate;240;12.2;null;5.3;17.5;6.5;1.4;1.5;
264608845;Tesco Duck And Orange Pate Slice 170G;£1.40;£0.82/100g;Deli & Cooked Meat;Pate;359;8.9;null;5.3;32.8;12.0;1.0;1.7;
268380674;Tesco Tuna Pate 110G;£1.00;£0.91/100g;Deli & Cooked Meat;Pate;289;17.5;null;0.5;23.1;2.6;0.5;0.9;
263307114;Tesco Reduced Fat Brussels Pate 175G;£0.60;£0.34/100g;Deli & Cooked Meat;Pate;243;12.0;null;5.1;18.7;7.2;0.5;1.8;
282644561;Tesco Finest Duck And Ruby Port Pate 100G;£2.00;£2.00/100g;Deli & Cooked Meat;Pate;261;10.0;null;3.3;21.9;9.7;1.4;1.3;
268380697;Tesco Smoked Mackerel Pate 100G;£1.00;£1.00/100g;Deli & Cooked Meat;Pate;267;13.6;null;1.3;21.3;5.4;0.5;1.4;
277614454;Tesco Finest Orkney Crab Pate 113G;£1.50;£1.33/100g;Deli & Cooked Meat;Pate;212;8.5;null;2.1;16.5;5.5;1.1;1.2;
282110974;Tesco Finest Chicken Pate 100G;£2.00;£2.00/100g;Deli & Cooked Meat;Pate;213;10.4;null;3.4;16.0;6.3;1.4;1.5;
282111063;Tesco Finest Smoked Salmon Terrine 100G;null;null;Deli & Cooked Meat;Pate;223;11.9;null;1.7;16.2;4.8;1.3;1.6;
275465587;Tesco Egg And Bacon Sandwich Filler 270G;£1.35;£0.50/100g;Deli & Cooked Meat;Sandwich Fillers;224;14.4;null;0.8;17.1;2.5;0.5;1.4;
277649661;Tesco Cheese Savoury Sandwich Filler 270G;£1.35;£0.50/100g;Deli & Cooked Meat;Sandwich Fillers;263;9.5;null;2.0;22.8;10.2;1.8;0.9;
281108639;Tesco Healthy Living Cheese And Onion Sandwich Filler 270G;£1.35;£0.50/100g;Deli & Cooked Meat;Sandwich Fillers;166;7.8;null;2.1;12.0;3.5;0.6;0.7;
280471059;Tesco All Day Breakfast Sandwich Filler 270G;£1.35;£0.50/100g;Deli & Cooked Meat;Sandwich Fillers;184;12.1;null;0.2;13.4;2.3;0.5;0.8;
286133589;Tesco Cheese And Onion Sandwich Filler 450G;£2.00;£0.44/100g;Deli & Cooked Meat;Sandwich Fillers;330;10.2;null;1.3;29.5;9.4;0.6;1.0;
286168375;Tesco Tuna And Sweetcorn Sandwich Filler 450G;£2.00;£0.44/100g;Deli & Cooked Meat;Sandwich Fillers;231;8.6;null;3.4;18.1;1.4;0.6;0.6;
286137464;Tesco Chicken And Sweetcorn Sandwich Filler 450G;£2.00;£0.44/100g;Deli & Cooked Meat;Sandwich Fillers;198;10.7;null;2.0;13.7;1.0;1.1;0.6;
278288394;Tesco Everyday Value Chicken Sweetcorn And Bacon Sandwich Filler 220G;£1.00;£0.46/100g;Deli & Cooked Meat;Sandwich Fillers;231;8.9;null;2.3;18.2;1.9;0.7;0.9;
275531601;Tesco Tuna And Sweetcorn Sandwich Filler 270G;£1.35;£0.50/100g;Deli & Cooked Meat;Sandwich Fillers;231;8.6;null;3.4;18.1;1.4;0.6;0.6;
275465224;Tesco Chicken And Bacon Sandwich Filler 182G;£1.35;£0.74/100g;Deli & Cooked Meat;Sandwich Fillers;224;17.3;null;0.2;16.3;1.8;0.5;0.9;
275465529;Tesco Chicken Tikka Sandwich Filler 270G;£1.35;£0.50/100g;Deli & Cooked Meat;Sandwich Fillers;177;15.0;null;3.4;11.2;0.9;0.7;0.5;
275476096;Tesco Coronation Chicken Sandwich Filler 270G;£1.35;£0.50/100g;Deli & Cooked Meat;Sandwich Fillers;293;11.4;null;7.7;23.2;2.0;0.7;0.8;
281761106;Tesco Healthy Living Egg Mayonnaise Sandwich Filler 270G;£1.35;£0.50/100g;Deli & Cooked Meat;Sandwich Fillers;122;9.5;null;0.8;7.3;1.2;0.5;0.7;
288286957;Tesco Healthy Living Tuna And Sweetcorn Sandwich Filler 270G;£1.35;£0.59/100g;Deli & Cooked Meat;Sandwich Fillers;136;11.4;null;0.8;6.3;1.2;0.8;1.0;
275465282;Tesco Chicken And Stuffing Sandwich Filler 270G;£1.35;£0.50/100g;Deli & Cooked Meat;Sandwich Fillers;226;11.3;null;0.1;17.0;1.8;0.9;0.7;
286134029;Tesco Coronation Chicken Sandwich Filler 450G;£2.00;£0.44/100g;Deli & Cooked Meat;Sandwich Fillers;293;11.4;null;7.7;23.2;2.0;0.7;0.8;
275465397;Tesco Chicken And Sweetcorn Sandwich Filler 270G;£1.35;£0.50/100g;Deli & Cooked Meat;Sandwich Fillers;198;10.7;null;2.0;13.7;1.0;1.1;0.6;
275476504;Tesco Egg Mayonnaise Sandwich Filler 270G;£1.35;£0.50/100g;Deli & Cooked Meat;Sandwich Fillers;199;10.9;null;0.8;15.6;1.9;0.5;0.7;
275476009;Tesco Cheese And Onion Sandwich Filler 270G;£1.35;£0.50/100g;Deli & Cooked Meat;Sandwich Fillers;330;10.2;null;1.3;29.5;9.4;0.6;1.0;
268325996;Tesco Egg Mayonnaise Sandwich Filler 450G;£2.00;£0.44/100g;Deli & Cooked Meat;Sandwich Fillers;199;10.9;null;0.8;15.6;1.9;0.5;0.7;
288286519;Tesco Tuna Crunch Sandwich Filler 180G;£1.35;£0.84/100g;Deli & Cooked Meat;Sandwich Fillers;227;10.6;null;1.6;18.4;1.3;0.5;0.6;
281761014;Tesco Healthy Living Chicken And Sweetcorn Sandwich Filler 270G;£1.35;£0.50/100g;Deli & Cooked Meat;Sandwich Fillers;131;11.0;null;2.7;6.5;0.7;1.0;0.9;
275524472;Tesco Chunky Seafood Cocktail Sandwich Filler 270G;£1.35;£0.50/100g;Deli & Cooked Meat;Sandwich Fillers;225;5.4;null;4.1;18.7;1.5;0.5;1.0;
281108412;Tesco New Yorker Sandwich Filler 180G;£1.35;£0.75/100g;Deli & Cooked Meat;Sandwich Fillers;266;11.1;null;1.4;22.3;4.5;0.5;1.2;
282765400;Tesco Ultimate Sandwich Chilli Pork 170G;£2.50;£1.48/100g;Deli & Cooked Meat;Sandwich Fillers;121;21.0;null;1.7;2.6;0.9;0.2;1.2;
278288244;Tesco Everyday Value Egg And Salad Cream Sandwich Filler 220G;£1.00;£0.46/100g;Deli & Cooked Meat;Sandwich Fillers;169;9.2;null;3.3;11.4;1.1;0.5;1.3;
281761066;Tesco Healthy Living Coronation Chicken 230G;£1.35;£0.50/100g;Deli & Cooked Meat;Sandwich Fillers;167;11.1;null;8.1;8.7;0.8;0.8;0.6;
282998343;Tesco Al Fresco Antipasti Selection 140G;£2.50;£17.86/kg;Chilled Ready Meals;Al Fresco Meals;223;3.3;null;13.2;16.4;3.0;1.4;0.6;
283150135;Tesco Al Fresco Beef Stifado With Potatoes 150G;£2.50;£16.67/kg;Chilled Ready Meals;Al Fresco Meals;109;10.4;null;2.0;4.0;0.8;1.4;0.5;
283149633;Tesco Al Fresco Harissa Chicken With Fruity Cous Cous 145G;£2.50;£17.25/kg;Chilled Ready Meals;Al Fresco Meals;221;11.8;null;6.0;8.5;1.7;2.5;0.6;
283110984;Tesco Al Fresco Chorizo And Red Wine 150G;£2.50;£16.67/kg;Chilled Ready Meals;Al Fresco Meals;216;6.0;null;3.2;19.0;5.0;1.4;0.9;
283150302;Tesco Al Fresco Bean, Peas And Feta 200G;£2.50;£12.50/kg;Chilled Ready Meals;Al Fresco Meals;147;11.3;null;2.2;7.1;4.4;5.9;0.6;
283111021;Tesco Al Fresco Chicken With Romesco Sauce 150G;£2.50;£16.67/kg;Chilled Ready Meals;Al Fresco Meals;122;13.0;null;3.9;5.1;0.5;2.4;0.7;
283149161;Tesco Al Fresco Parmesan & Rosemary Fries 270G;£2.50;£9.26/kg;Chilled Ready Meals;Al Fresco Meals;196;4.5;null;6.3;7.2;1.4;2.9;0.5;
283150348;Tesco Al Fresco Lemon And Chicken Kebab With Roast Potatoes 170G;£2.50;£14.71/kg;Chilled Ready Meals;Al Fresco Meals;204;11.2;null;3.3;11.4;1.7;2.1;0.6;
282998504;Tesco Al Fresco Mediterranean Olives 140G;£2.50;£17.86/kg;Chilled Ready Meals;Al Fresco Meals;199;1.3;null;0.5;20.6;2.7;3.3;4.0;
283111522;Tesco Al Fresco Chilli Beef Empanadas 95G;£2.50;£26.32/kg;Chilled Ready Meals;Al Fresco Meals;266;9.7;null;4.2;5.6;1.2;4.2;0.9;
283150170;Tesco Al Fresco Marinated Chicken With Rice 180G;£2.50;£13.89/kg;Chilled Ready Meals;Al Fresco Meals;209;9.8;null;1.3;9.2;3.0;3.1;0.6;
282998366;Tesco Al Fresco Bruschetta Selection 100G;£2.50;£25.00/kg;Chilled Ready Meals;Al Fresco Meals;428;11.5;null;5.3;12.1;1.3;2.9;1.9;
283110108;Tesco Al Fresco King Prawn And Orzo Pasta 160G;£2.50;£15.63/kg;Chilled Ready Meals;Al Fresco Meals;89;5.6;null;2.7;3.2;0.5;1.6;0.6;
283149541;Tesco Al Fresco Lamb And Mint Kofta With Rice 175G;£2.50;£14.29/kg;Chilled Ready Meals;Al Fresco Meals;210;8.7;null;4.7;8.2;3.3;3.3;0.6;
283111453;Tesco Al Fresco Lamb Shawarma 150G;£2.50;£16.67/kg;Chilled Ready Meals;Al Fresco Meals;209;8.0;null;8.6;7.5;2.5;3.0;0.5;
283111672;Tesco Al Fresco Chicken And Roasted Mushroom 150G;£2.50;£16.67/kg;Chilled Ready Meals;Al Fresco Meals;123;16.4;null;1.1;5.8;2.3;0.6;0.6;
273331795;Tesco Al Fresco Breaded Mozzarella Sticks 200G;£2.50;£12.50/kg;Chilled Ready Meals;Al Fresco Meals;280;14.0;null;2.3;13.4;4.7;2.1;null;
283111476;Tesco Al Fresco Chorizo And Cheese Croquettes 234G;£2.50;£10.69/kg;Chilled Ready Meals;Al Fresco Meals;243;6.5;null;1.2;10.9;2.1;2.3;0.8;
283111764;Tesco Al Fresco Chicken And Chorizo Paella 160G;£2.50;£15.63/kg;Chilled Ready Meals;Al Fresco Meals;154;12.5;null;0.3;6.0;1.5;1.0;0.8;
283111568;Tesco Al Fresco Garlic Mushroom 170G;£2.50;£14.71/kg;Chilled Ready Meals;Al Fresco Meals;135;2.9;null;0.5;12.1;6.8;1.7;0.7;
283149472;Tesco Al Fresco Roasted Vegetable Flatbread 210G;£2.50;£11.91/kg;Chilled Ready Meals;Al Fresco Meals;210;7.8;null;4.6;7.8;1.9;4.0;0.7;
283111188;Tesco Al Fresco Pea And Pancetta Risotto 200G;£2.50;£12.50/kg;Chilled Ready Meals;Al Fresco Meals;133;5.6;null;1.9;3.6;1.9;3.0;0.8;
283149218;Tesco Al Fresco Smoked Paprika Chips And Garlic Mayonnaise 305G;£2.50;£8.20/kg;Chilled Ready Meals;Al Fresco Meals;231;2.6;null;2.6;15.4;1.2;2.5;0.3;
283149691;Tesco Al Fresco Slow Cooked Beef Chilli 150G;£2.50;£16.67/kg;Chilled Ready Meals;Al Fresco Meals;125;12.2;null;4.3;4.1;0.7;2.6;0.5;
267317096;Tesco Al Fresco Spanish Tortilla 500G;£2.50;£5.00/kg;Chilled Ready Meals;Al Fresco Meals;127;4.0;null;0.5;6.0;1.0;2.5;0.8;
283111390;Tesco Al Fresco Spicy Chicken Quesadillas 112G;£2.50;£22.33/kg;Chilled Ready Meals;Al Fresco Meals;276;12.2;null;4.7;10.1;3.3;3.2;0.9;
283111833;Tesco Al Fresco Smoked Mozzarella Polenta 170G;£2.50;£14.71/kg;Chilled Ready Meals;Al Fresco Meals;94;3.6;null;0.8;3.8;2.0;2.1;0.9;
283149322;Tesco Al Fresco Spinach And Feta Filo Parcels 84G;£2.50;£29.77/kg;Chilled Ready Meals;Al Fresco Meals;307;7.7;null;3.3;19.6;11.2;2.9;0.6;
283150072;Tesco Al Fresco Roasted Vegetables With Sun Dried Tom 160G;£2.50;£15.63/kg;Chilled Ready Meals;Al Fresco Meals;135;2.1;null;7.6;9.0;0.8;2.0;0.7;
283110264;Tesco Al Fresco Patatas Bravas 250G;£2.50;£10.00/kg;Chilled Ready Meals;Al Fresco Meals;123;2.3;null;3.1;5.0;0.9;3.4;0.6;
283110172;Tesco Al Fresco Spanish Meatballs 180G;£2.50;£13.89/kg;Chilled Ready Meals;Al Fresco Meals;155;10.3;null;3.0;10.1;2.6;2.4;0.7;
283111983;Tesco Al Fresco Piri Piri Chicken 150G;£2.50;£16.67/kg;Chilled Ready Meals;Al Fresco Meals;116;14.0;null;3.2;4.3;0.6;2.4;0.5;
283111107;Tesco Al Fresco Pulled Pork In Rosemary Sauce 150G;£2.50;£16.67/kg;Chilled Ready Meals;Al Fresco Meals;171;13.7;null;1.7;8.1;3.2;3.4;0.9;
283111430;Tesco Al Fresco Spicy Lamb Spring Rolls 130G;£2.50;£19.24/kg;Chilled Ready Meals;Al Fresco Meals;265;6.2;null;3.2;13.4;2.5;3.3;0.9;
282571519;Tesco Levi Roots Pasta Chicken 450G;£3.30;£0.73/100g;Chilled Ready Meals;Caribbean Meals;123;8.2;null;null;3.6;null;1.4;0.4;
282855173;Tesco Barbecue Chicken And Sunshine Rice 450G;£3.00;£6.67/kg;Chilled Ready Meals;Caribbean Meals;112;8.8;null;3.9;1.7;0.1;0.8;0.4;
282571387;Tesco Levi Roots Jamaica Coconut Chicken 450G;£3.30;£0.73/100g;Chilled Ready Meals;Caribbean Meals;146;7.2;null;null;8.0;null;1.4;0.7;
260709526;Port Royal Beef Jamaican Patty 140G;£0.60;£0.43/100g;Chilled Ready Meals;Caribbean Meals;250 ;6.1;null;null;12.4;null;1.3;1.0;
260709225;Port Royal Lamb Jamaican Patty 140G;£0.60;£0.43/100g;Chilled Ready Meals;Caribbean Meals;259 ;6.7;null;null;13.1;null;1.3;1.0;
260709496;Port Royal Salt Fish Jamaican Patty 140G;£0.60;£0.43/100g;Chilled Ready Meals;Caribbean Meals;256 ;6.6;null;null;12.4;null;1.7;0.5;
282571442;Tesco Levi Roots Hot Chilli Beef 450G;null;null;Chilled Ready Meals;Caribbean Meals;132;7.4;null;null;4.1;null;1.6;0.7;
282571992;Tesco Levi Roots Curried Chicken Noodles 450G;£3.30;£0.73/100g;Chilled Ready Meals;Caribbean Meals;107;7.6;null;null;3.3;null;1.4;0.6;
282571928;Tesco Levi Roots Chicken And Butternut Squash 450G;£3.30;£0.73/100g;Chilled Ready Meals;Caribbean Meals;127;6.8;null;null;3.7;null;1.1;0.5;
282571865;Tesco Levi Roots Barbecue Chicken And Rice 450G;£3.30;£0.73/100g;Chilled Ready Meals;Caribbean Meals;148;7.5;null;null;2.2;null;1.2;0.8;
260709536;Port Royal Chicken Jamaican Patty 140G;£0.60;£0.43/100g;Chilled Ready Meals;Caribbean Meals;247 ;6.9;null;null;11.6;null;1.3;1.0;
286214004;Tasty Favourites Sweet And Sour With Rice 500G;£1.95;£3.90/kg;Chilled Ready Meals;Chinese Meals;118 ;6.2;null;null;0.6;null;0.5;0.4;
280472375;Tesco Ken Hom 16 Chinese Selection 322G;£2.00;£6.22/kg;Chilled Ready Meals;Chinese Meals;null;null;null;null;null;null;null;null;
281426239;Tesco Ken Hom Chicken And Cashew With Egg Fried Rice 500G;null;null;Chilled Ready Meals;Chinese Meals;152;8.3;null;3.3;5.7;0.7;1.1;0.6;
276770166;Tesco Big Night Time In Sweet And Sour Chicken And Egg Fried Rice 450G;£3.00;£6.67/kg;Chilled Ready Meals;Chinese Meals;143;7.3;null;6.1;2.3;0.4;1.9;0.6;
286213909;Tasty Favourites Chicken Curry And Rice 500G;£1.95;£3.90/kg;Chilled Ready Meals;Chinese Meals;107 ;6.4;null;null;1.6;null;0.1;0.5;
281426297;Tesco Ken Hom Chicken And Mushroom With Egg Fried Rice 500G;£3.30;£6.60/kg;Chilled Ready Meals;Chinese Meals;115;6.4;null;1.9;3.6;0.4;1.0;0.6;
279506165;Tesco Ken Hom 10 Duck Spring Rolls And Dip 220G;£3.00;£13.64/kg;Chilled Ready Meals;Chinese Meals;300;8.0;null;7.1;12.2;5.1;2.4;0.8;
273465112;Tesco 4 Vegetable Spring Rolls 240G;£2.00;£8.34/kg;Chilled Ready Meals;Chinese Meals;248;3.6;null;4.3;12.4;1.0;1.4;0.8;
276770379;Tesco Big Night In Chinese Chicken Curry And Egg Fried Rice 450G;£3.00;£6.67/kg;Chilled Ready Meals;Chinese Meals;127;7.1;null;2.4;3.8;1.1;1.0;0.6;
265214595;Tesco Ken Hom Chicken Chow Mein 450G;£3.30;£7.34/kg;Chilled Ready Meals;Chinese Meals;109;10.1;null;1.4;2.1;0.3;1.0;0.5;
276770108;Tesco Big Night In Chinese Chicken Chow Mein 450G;£3.00;£6.67/kg;Chilled Ready Meals;Chinese Meals;107;7.9;null;1.7;2.0;0.3;1.5;0.6;
279505961;Tesco Ken Hom 8 Chinese Dim Sum Selection 200G;£3.00;£15.00/kg;Chilled Ready Meals;Chinese Meals;128;9.8;null;3.7;1.0;0.4;0.7;0.7;
281426176;Tesco Ken Hom Chicken And Blackbean With Egg Fried Rice 500G;£2.00;£4.00/kg;Chilled Ready Meals;Chinese Meals;132;7.4;null;2.1;4.4;0.5;1.6;0.6;
282843849;Tesco Ken Hom 12 Piece Oriental Selection 210G;£3.00;£14.29/kg;Chilled Ready Meals;Chinese Meals;290;9.4;null;3.7;13.2;7.3;2.2;1.2;
281426412;Tesco Ken Hom Chinese Chicken Curry Egg Fried Rice 500G;£3.30;£6.60/kg;Chilled Ready Meals;Chinese Meals;145;7.6;null;3.0;5.0;1.0;0.4;0.6;
265214556;Tesco Ken Hom Crispy Chilli Beef 250G;£3.30;£13.20/kg;Chilled Ready Meals;Chinese Meals;271;6.4;null;11.0;14.7;1.2;0.7;1.3;
279505759;Tesco Ken Hom 6 Chicken Satay And Satay Dip 160G;£3.00;£18.75/kg;Chilled Ready Meals;Chinese Meals;173;28.5;null;1.7;5.0;1.7;2.3;0.9;
276780200;Tesco Big Night In Chinese 6 Mini Vegetable Rolls 100G;£1.75;£17.50/kg;Chilled Ready Meals;Chinese Meals;244;4.8;null;3.7;11.8;5.0;2.5;0.4;
276770523;Tesco Big Night Time In Beef Blackbean And Egg Fried Rice Rice 450G;£3.00;£6.67/kg;Chilled Ready Meals;Chinese Meals;127;6.8;null;2.4;2.6;0.4;2.1;0.6;
265213757;Tesco Ken Hom Crispy Aromatic Half Duck 510G;£5.00;£9.81/kg;Chilled Ready Meals;Chinese Meals;0;18.6;null;5.4;8.3;2.0;1.0;0;
273246631;Tesco Ken Hom Sweet And Sour Chicken And Rice 500G;£3.30;£6.60/kg;Chilled Ready Meals;Chinese Meals;125;7.8;null;5.2;2.4;0.3;0.4;0.6;
283740330;Tesco Takeaway Chinese Chicken Curry 385G;£3.50;£9.10/kg;Chilled Ready Meals;Chinese Meals;101;9.4;null;3.1;4.4;2.1;1.1;0.6;
265216823;Tesco Ken Hom Meal For 2 1.32Kg;£6.95;£5.27/kg;Chilled Ready Meals;Chinese Meals;244;4.4;null;4.0;11.8;5.2;2.1;0.9;
265213855;Tesco Ken Hom Crispy Chilli Prawns 300G;£3.30;£11.00/kg;Chilled Ready Meals;Chinese Meals;172;5.7;null;8.9;8.3;2.1;0.9;1.1;
285636255;The City Kitchen Pork Mushroom Noodles 425G;£2.75;£6.48/kg;Chilled Ready Meals;Chinese Meals;95;4.5;null;2.9;1.9;0.3;1.8;0.6;
273246527;Tesco Ken Hom Kung Po Chicken And Rice 500G;£3.30;£6.60/kg;Chilled Ready Meals;Chinese Meals;137;8.5;null;2.8;4.4;0.6;0.9;0.5;
265214819;Tesco Ken Hom Egg Fried Rice 250G;£2.00;£8.00/kg;Chilled Ready Meals;Chinese Meals;154;3.5;null;1.0;3.7;0.4;1.5;0.2;
285636065;The City Kitchen Pork Steamed Bun 210G;£2.50;£11.91/kg;Chilled Ready Meals;Chinese Meals;203;10.3;null;4.7;4.8;1.3;2.4;1.0;
283761072;Tesco Takeaway Chinese Meal 1315G;£7.50;£5.71/kg;Chilled Ready Meals;Chinese Meals;101;9.4;null;3.1;4.4;2.1;1.1;0.6;
283740255;Tesco Takeaway Black Bean Beef 385G;£3.50;£9.10/kg;Chilled Ready Meals;Chinese Meals;96;7.5;null;3.7;4.5;0.7;0.8;0.8;
265216881;Tesco Ken Hom's Vegetable Spring Rolls 240G;£2.00;£8.34/kg;Chilled Ready Meals;Chinese Meals;239;4.2;null;4.9;11.1;4.8;1.9;0.7;
265216796;Tesco Ken Hom Meal For 2 1.27Kg;£6.95;£5.48/kg;Chilled Ready Meals;Chinese Meals;487;1.2;null;8.0;23.5;10.4;0.7;2.4;
265214779;Tesco Ken Hom Special Fried Rice 300G;£2.00;£6.67/kg;Chilled Ready Meals;Chinese Meals;153;5.3;null;1.1;4.1;0.6;1.2;0.4;
285636134;The City Kitchen Chicken Steamed Bun 210G;£2.50;£11.91/kg;Chilled Ready Meals;Chinese Meals;204;8.7;null;6.0;5.0;1.3;2.4;0.8;
265216846;Tesco Ken Hom's Aromatic Duck And Pancakes 230G;£3.30;£14.35/kg;Chilled Ready Meals;Chinese Meals;239;13.5;null;10.8;8.1;1.8;1.0;1.0;
271752236;The City Kitchen Hoisin Duck Noodles 385G;£3.80;£9.88/kg;Chilled Ready Meals;Chinese Meals;111;6.2;null;7.2;3.0;0.6;1.4;0.9;
283741611;Tesco Takeaway Chicken Satay 385G;£3.50;£9.10/kg;Chilled Ready Meals;Chinese Meals;112;9.0;null;2.2;6.1;1.7;1.1;0.5;
283740232;Tesco Takeaway Sweet & Sour Chicken 385G;£3.50;£9.10/kg;Chilled Ready Meals;Chinese Meals;103;8.0;null;12.9;1.8;0.2;1.4;0.4;
285636301;The City Kitchen Chilli Pork Rice 450G;£1.79;£0.72/100ml;Chilled Ready Meals;Chinese Meals;127;3.9;null;4.5;2.3;0.4;1.6;0.6;
265214537;Tesco Ken Hom Crispy Sweet And Sour Chicken 400G;£3.30;£8.25/kg;Chilled Ready Meals;Chinese Meals;177;11.0;null;5.6;8.6;3.3;0.4;1.1;
283740756;Tesco Takeaway Vegetable Chop Suey 300G;£2.00;£6.67/kg;Chilled Ready Meals;Chinese Meals;41;1.2;null;1.7;2.0;0.2;2.6;0.5;
283741041;Tesco Takeaway Vegetable Chow Mein 300G;£2.00;£6.67/kg;Chilled Ready Meals;Chinese Meals;96;3.1;null;0.3;1.5;0.2;2.0;0.5;
255647078;Tesco Prawn Crackers 40G;£0.15;£3.75/kg;Chilled Ready Meals;Chinese Meals;550;2.2;null;6.8;33.2;3.4;0.6;2.2;
254279488;Counter Tesco Chicken Satay Sticks;£0.45;£0.45/each;Chilled Ready Meals;Chinese Meals;179;21.4;null;3.0;7.3;2.0;0.5;1.5;
285672136;Tesco Family Favourites Sweet And Sour Chicken With Rice 1.5Kg;£6.00;£4.00/kg;Chilled Ready Meals;Chinese Meals;116;7.0;null;5.6;1.7;0.3;1.8;0.2;
283740664;Tesco Takeaway Egg Fried Rice 500G;£2.00;£4.00/kg;Chilled Ready Meals;Chinese Meals;154;3.5;null;1.0;3.7;0.4;1.5;0.2;
286213852;Tasty Favourites Chicken And Mushroom With Rice 500G;£1.95;£3.90/kg;Chilled Ready Meals;Classic British Meals;108 ;6.3;null;null;2.2;null;0.1;0.6;
282950394;Tasty Favourites Chilli Con Carne 500G;£1.95;£3.90/kg;Chilled Ready Meals;Classic British Meals;115 ;4.9;null;null;2.2;null;1.8;0.2;
268798497;Tesco Chicken Casserole And Dumplings 450G;£2.30;£5.12/kg;Chilled Ready Meals;Classic British Meals;131;8.7;null;1.3;5.6;2.6;0.5;0.9;
279477630;Tesco Chicken In Red Wine With Potatoes 450G;£2.30;£5.12/kg;Chilled Ready Meals;Classic British Meals;99;5.8;null;1.5;1.7;0.2;3.6;0.3;
265245195;Tesco Cottage Pie 450G;£2.30;£5.12/kg;Chilled Ready Meals;Classic British Meals;107;6.8;null;1.3;3.6;2.0;0.8;0.4;
265246430;Tesco Braised Beef And Mash 450G;£2.30;£5.12/kg;Chilled Ready Meals;Classic British Meals;97;6.1;null;1.6;3.9;1.9;0.4;0.6;
268798439;Tesco Chicken And Bacon Pie 450G;£2.30;£5.12/kg;Chilled Ready Meals;Classic British Meals;116;7.6;null;2.5;5.0;2.9;0.5;0.5;
285490184;Tasty Favourites Piri Piri Chicken And Rice 500G;£1.95;£3.90/kg;Chilled Ready Meals;Classic British Meals;null;null;null;null;null;null;null;null;
279477578;Tesco Chicken In Mushroom Sauce With Rice 450G;£2.30;£5.12/kg;Chilled Ready Meals;Classic British Meals;106;4.7;null;1.2;3.8;1.5;0.9;0.2;
265245569;Tesco Fish Pie 450G;£2.30;£5.12/kg;Chilled Ready Meals;Classic British Meals;92;7.1;null;0.7;3.0;1.8;2.9;0.3;
275261718;Tesco Chicken And Mushroom Hotpot 450G;£2.30;£5.12/kg;Chilled Ready Meals;Classic British Meals;135;7.3;null;2.5;6.5;2.0;0.4;0.3;
285174904;Tesco Cottage Pie 800G;£3.60;£4.50/kg;Chilled Ready Meals;Classic British Meals;94;4.6;null;1.0;3.6;1.0;1.3;0.5;
285490040;Tasty Favourites Sausage Casserole 500G;£1.95;£3.90/kg;Chilled Ready Meals;Classic British Meals;null;null;null;null;null;null;null;null;
265245235;Tesco Cumberland Pie 450G;£2.30;£5.12/kg;Chilled Ready Meals;Classic British Meals;125;7.3;null;1.5;5.3;2.6;1.3;0.5;
279477601;Tesco Chicken And Stuffing 450G;£2.30;£5.12/kg;Chilled Ready Meals;Classic British Meals;79;6.2;null;1.6;1.4;0.4;1.0;0.5;
286213973;Tasty Favourites Beef Hot Pot 500G;£1.95;£3.90/kg;Chilled Ready Meals;Classic British Meals;93 ;5.1;null;null;2.6;null;1.6;0.6;
265248261;Tesco Beef Casserole And Dumplings 450G;£2.30;£5.12/kg;Chilled Ready Meals;Classic British Meals;141;7.4;null;0.9;5.6;2.4;0.9;0.5;
279477181;Tesco Chicken Roast Dinner 400G;£3.50;£8.75/kg;Chilled Ready Meals;Classic British Meals;93;6.7;null;1.1;2.9;0.6;1.9;0.5;
286213380;Tasty Favourites Cottage Pie 500G;£1.95;£3.90/kg;Chilled Ready Meals;Classic British Meals;null;null;null;null;null;null;null;null;
282977201;Tasty Favourites Chicken Cheese And Bacon Wedges 500G;£1.95;£3.90/kg;Chilled Ready Meals;Classic British Meals;107 ;6.5;null;null;4.0;null;1.3;0.7;
265246286;Tesco Liver Bacon And Mash 450G;£2.30;£5.12/kg;Chilled Ready Meals;Classic British Meals;111;7.4;null;1.6;3.1;0.6;0.5;0.4;
279477250;Tesco Turkey Roast Dinner 400G;£3.50;£8.75/kg;Chilled Ready Meals;Classic British Meals;104;6.6;null;1.3;4.3;1.3;1.4;0.5;
265246073;Tesco Sausage And Mash 450G;£2.30;£5.12/kg;Chilled Ready Meals;Classic British Meals;132;5.4;null;1.1;7.4;3.3;1.9;0.6;
265245137;Tesco Shepherds Pie 450G;£2.30;£5.12/kg;Chilled Ready Meals;Classic British Meals;81;5.3;null;1.0;2.3;1.0;1.5;0.4;
285175108;Tesco Fish Pie 800G;£3.60;£4.50/kg;Chilled Ready Meals;Classic British Meals;102;7.7;null;1.3;4.2;2.7;1.4;0.5;
265279206;Tesco Minced Beef Hot Pot 450G;£2.30;£5.12/kg;Chilled Ready Meals;Classic British Meals;128;7.2;null;1.5;4.6;2.5;0.8;0.3;
279478024;Tesco Minced Beef And Mash 450G;£2.30;£5.12/kg;Chilled Ready Meals;Classic British Meals;87;3.4;null;1.0;3.1;1.5;0.4;0.5;
275397212;Tesco Minced Lamb Hotpot 450G;£2.30;£5.12/kg;Chilled Ready Meals;Classic British Meals;100;4.5;null;0.8;4.0;1.8;1.7;0.5;
253185738;Tesco Liver And Bacon 450G;£2.30;£5.12/kg;Chilled Ready Meals;Classic British Meals;121;12.3;null;2.7;4.0;1.1;0.9;0.5;
279476130;Tesco Roast Beef Dinner 400G;£3.50;£8.75/kg;Chilled Ready Meals;Classic British Meals;105;5.9;null;0.8;2.4;0.5;0.9;0.4;
273168314;Tesco Everyday Value Cottage Pie 400G;£0.95;£2.38/kg;Chilled Ready Meals;Everyday Value Meals;73;2.6;null;0.4;1.3;0.4;1.1;0.4;
272971539;Tesco Everyday Value Spaghetti Bolognese 400G;£0.95;£2.38/kg;Chilled Ready Meals;Everyday Value Meals;110;4.1;null;1.7;4.2;1.8;1.5;0.4;
254179071;Tesco Everyday Value Lasagne 1.5Kg;£2.98;£1.99/kg;Chilled Ready Meals;Everyday Value Meals;140;5.8;null;2.3;7.1;3.3;1.2;0.5;
273126831;Tesco Everyday Value Sweet And Sour Chicken And Rice 400G;£0.95;£2.38/kg;Chilled Ready Meals;Everyday Value Meals;120;5.0;null;7.4;1.4;0.3;1.1;0.7;
272971654;Tesco Everyday Value Lasagne 400G;£0.95;£2.38/kg;Chilled Ready Meals;Everyday Value Meals;140;5.8;null;2.3;7.1;3.3;1.2;0.5;
273126779;Tesco Everyday Value Creamy Mushroom Chicken And Rice 400G;£0.95;£2.38/kg;Chilled Ready Meals;Everyday Value Meals;118;5.9;null;1.2;3.3;1.6;0.9;0.4;
273122553;Tesco Everyday Value Chicken Korma And Rice 400G;£0.95;£2.38/kg;Chilled Ready Meals;Everyday Value Meals;156;7.3;null;2.7;7.4;3.5;2.6;0.5;
272971891;Tesco Everyday Value Macaroni Cheese 400G;£0.95;£2.38/kg;Chilled Ready Meals;Everyday Value Meals;166;5.7;null;2.1;7.1;4.4;0.9;0.5;
273122720;Tesco Everyday Value Chicken Tikka And Rice 400G;£0.95;£2.38/kg;Chilled Ready Meals;Everyday Value Meals;134;7.3;null;2.9;5.4;1.8;2.2;0.5;
273168544;Tesco Everyday Value Fishermans Pie 400G;£0.95;£2.38/kg;Chilled Ready Meals;Everyday Value Meals;81;4.0;null;0.6;2.2;1.2;0.7;0.5;
273126894;Tesco Everyday Value Sausage And Mash 400G;£0.95;£2.38/kg;Chilled Ready Meals;Everyday Value Meals;101;2.4;null;0.5;3.8;1.0;1.6;0.6;
285671949;Tesco Family Favourites Chilli And Rice 1.5Kg;£6.00;£4.00/kg;Chilled Ready Meals;Family Meals;108;5.7;null;0.9;2.3;0.8;2.2;0.3;
285635826;Tesco Family Favourites Tomato And Mozzarella Pasta Bake 1.5Kg;£6.00;£4.00/kg;Chilled Ready Meals;Family Meals;137;4.4;null;3.4;4.5;1.2;2.7;0.4;
285671258;Tesco Family Favourites Cottage Pie 1.5Kg;£6.00;£4.00/kg;Chilled Ready Meals;Family Meals;74;3.1;null;1.1;1.1;0.5;2.0;0.3;
285672234;Tesco Family Favourites Minced Beef And Potatoes 1.5Kg;£6.00;£4.00/kg;Chilled Ready Meals;Family Meals;110;5.3;null;1.4;2.2;0.9;2.1;0.2;
285672136;Tesco Family Favourites Sweet And Sour Chicken With Rice 1.5Kg;£6.00;£4.00/kg;Chilled Ready Meals;Family Meals;116;7.0;null;5.6;1.7;0.3;1.8;0.2;
285551470;Tesco Family Favourites Sausage Casserole 1Kg;£6.00;£6.00/kg;Chilled Ready Meals;Family Meals;89;6.6;null;4.3;2.8;0.7;1.2;0.4;
285551090;Tesco Family Favourites Chicken And Vegetable Casserole 1Kg;£6.00;£6.00/kg;Chilled Ready Meals;Family Meals;98;9.9;null;2.7;3.9;1.0;1.2;0.6;
285551585;Tesco Family Favourites Beef Casserole 1Kg;£1.00;£1.25/kg;Chilled Ready Meals;Family Meals;99;6.7;null;5.0;4.4;1.0;1.4;0.6;
285635665;Tesco Family Favourites Chicken And Tomato Pasta Bake 1.5Kg;£6.00;£4.00/kg;Chilled Ready Meals;Family Meals;136;7.5;null;2.7;3.2;0.7;1.6;0.4;
285634136;Tesco Family Favourites Lasagne 1.5Kg;£6.00;£4.00/kg;Chilled Ready Meals;Family Meals;110;8.6;null;2.8;3.4;1.6;1.3;0.5;
285635918;Tesco Family Favourites Carbonara Pasta 1.5Kg;£6.00;£4.00/kg;Chilled Ready Meals;Family Meals;125;6.7;null;1.2;2.9;1.5;2.1;0.5;
285551222;Tesco Family Favourites Chicken Cheese And Bac. 1Kg;£6.00;£6.00/kg;Chilled Ready Meals;Family Meals;114;11.8;null;1.1;5.3;2.2;0.8;0.6;
274842309;Tesco Finest Aberdeen Angus Cottage Pie 1.2Kg;£7.00;£5.84/kg;Chilled Ready Meals;Finest Meals;113;5.8;null;0.8;5.3;2.5;1.1;0.7;
253917496;Tesco Finest Chicken Kiev 475G;£6.00;£12.64/kg;Chilled Ready Meals;Finest Meals;175;21.9;null;0.2;5.9;0.9;0.5;0.5;
279899257;Tesco Finest Beef Stroganoff With Rice 450G;£3.85;£8.56/kg;Chilled Ready Meals;Finest Meals;153;7.6;null;0.8;6.6;3.8;1.7;0.6;
273968479;Tesco Finest Chicken In A White Wine Sauce With Leeks 400G;£6.00;£15.00/kg;Chilled Ready Meals;Finest Meals;117;15.9;null;1.6;4.5;1.5;0.4;0.2;
279899165;Tesco Finest Aberdeen Angus Cottage Pie 400G;£3.60;£9.00/kg;Chilled Ready Meals;Finest Meals;113;5.8;null;0.8;5.3;2.5;1.1;0.7;
258137155;Tesco Finest Creamy Fish Pie 400G;£3.60;£9.00/kg;Chilled Ready Meals;Finest Meals;142;7.6;null;2.7;8.4;4.4;1.3;0.7;
261891754;Tesco Finest Aberdeen Angus Cottage Pie 800G;£5.00;£6.25/kg;Chilled Ready Meals;Finest Meals;113;5.8;null;0.8;5.3;2.5;1.1;0.7;
281734669;Tesco Finest Chicken Potato Topped Pie 800G;£6.00;£7.50/kg;Chilled Ready Meals;Finest Meals;121;7.7;null;1.9;5.7;2.7;0.5;0.6;
268798508;Tesco Finest Beef Chianti And Rosemary Potatoes 450G;£3.85;£8.56/kg;Chilled Ready Meals;Finest Meals;103;6.5;null;2.1;3.9;0.7;1.4;0.5;
280542356;Tesco Finest Chicken With Lemon And Herb Butter 425G;£6.00;£14.12/kg;Chilled Ready Meals;Finest Meals;209;19.8;null;1.9;8.3;3.6;0.5;0.6;
261892046;Tesco Finest Lamb Moussaka 700G;£5.00;£7.15/kg;Chilled Ready Meals;Finest Meals;168;7.3;null;3.2;11.6;4.3;1.3;0.7;
258085457;Tesco Finest Creamy Fish Pie 700G;£5.00;£7.15/kg;Chilled Ready Meals;Finest Meals;132;8.0;null;1.0;7.7;4.2;1.0;0.5;
251930718;Tesco Finest Chicken Chasseur 420G;£6.00;£14.29/kg;Chilled Ready Meals;Finest Meals;90;14.4;null;2.0;2.4;0.4;1.4;0.8;
279904724;Tesco Finest Chicken Madeira With Rice 450G;£3.85;£8.56/kg;Chilled Ready Meals;Finest Meals;127;9.3;null;0.7;5.6;2.3;1.1;0.4;
255960708;Tesco Finest Cumberland Sausage And Mash 500G;£3.85;£7.70/kg;Chilled Ready Meals;Finest Meals;143;5.5;null;2.2;8.7;3.5;0.8;0.5;
279899286;Tesco Finest Ham Hock And Potato Gratin 400G;£3.60;£9.00/kg;Chilled Ready Meals;Finest Meals;111;5.6;null;3.5;5.8;3.0;1.0;0.9;
279904684;Tesco Finest Cod And Crab Bake 400G;£3.60;£9.00/kg;Chilled Ready Meals;Finest Meals;86;6.9;null;0.9;3.0;1.4;1.0;0.4;
280610996;Tesco Finest Chicken Leek And Bacon Filo Pie 460G;£6.00;£1.31/100g;Chilled Ready Meals;Finest Meals;241;11.4;null;3.1;13.9;7.0;0.8;0.7;
281841162;Tesco Finest Lamb Aubergine And Chickpea Filo Pie 335G;£6.00;£1.80/100g;Chilled Ready Meals;Finest Meals;237;7.7;null;7.2;12.3;6.0;3.1;0.7;
265188999;Tesco Finest Beef Wellington 415G;£11.00;£26.51/kg;Chilled Ready Meals;Finest Meals;289;14.7;null;1.9;13.8;8.3;0.5;0.2;
265192066;Tesco Finest Lamb Shanks With Roasted Vegetable 1.15Kg;£10.00;£8.70/kg;Chilled Ready Meals;Finest Meals;115;11.2;null;5.3;4.9;1.8;1.5;0.7;
267878859;Tesco Finest Moroccan Spiced Lamb Meatball 500G;null;null;Chilled Ready Meals;Finest Meals;137;8.6;null;3.7;6.9;2.8;3.3;0.5;
280048498;Tesco Finest Indian Meal For 2 950G;£6.00;£6.32/kg;Chilled Ready Meals;Finest Meals;138;6.8;null;2.1;5.4;1.3;2.5;0.5;
261891909;Tesco Finest Shepherds Pie 800G;£5.00;£6.25/kg;Chilled Ready Meals;Finest Meals;121;4.9;null;1.0;4.9;2.3;1.5;0.5;
262791992;Tesco Finest Paella 475G;£3.85;£8.11/kg;Chilled Ready Meals;Finest Meals;127;6.4;null;3.4;3.9;0.5;1.0;0.6;
283995333;Tesco Finest Moroccan Chicken 700G;£6.00;£8.58/kg;Chilled Ready Meals;Finest Meals;116;12.8;null;3.3;3.0;0.5;2.1;0.2;
279967384;Tesco Finest Chicken Biriyani 500G;£4.50;£9.00/kg;Chilled Ready Meals;Finest Meals;164;7.9;null;1.5;5.9;1.0;2.0;0.6;
265192095;Tesco Finest Paella 800G;£6.00;£7.50/kg;Chilled Ready Meals;Finest Meals;136;6.1;null;3.4;4.2;0.6;1.1;0.6;
279899211;Tesco Finest Steak Diane 450G;£5.49;£5.49/75cl;Chilled Ready Meals;Finest Meals;157;16.3;null;1.2;9.4;4.1;0.7;0.3;
283814566;Tesco Finest Smoked Haddock Fishcakes 350G;£6.00;£17.15/kg;Chilled Ready Meals;Finest Meals;202;8.9;null;0.7;11.0;2.2;1.5;1.6;
265171686;Tesco Finest Pork Belly With Apple 585G;£6.00;£10.26/kg;Chilled Ready Meals;Finest Meals;200;11.2;null;3.4;15.0;5.6;0.4;0.6;
267266898;Tesco Finest Slow Cooked Beef With Potatoes 400G;£3.60;£9.00/kg;Chilled Ready Meals;Finest Meals;122;10.8;null;2.2;3.4;1.2;1.8;0.4;
279967592;Tesco Finest Chicken Dhansak With Pilau Rice 500G;£4.50;£9.00/kg;Chilled Ready Meals;Finest Meals;143;7.9;null;1.9;4.0;0.7;2.4;0.6;
279899096;Tesco Finest Shepherds Pie 400G;£3.60;£9.00/kg;Chilled Ready Meals;Finest Meals;121;4.9;null;1.0;4.9;2.3;1.5;0.5;
279967649;Tesco Finest Chicken Pathia With Pilau Rice 500G;£4.50;£9.00/kg;Chilled Ready Meals;Finest Meals;137;6.8;null;3.7;4.1;0.4;2.0;0.6;
275491768;Tesco Finest Lancashire Hotpot 400G;£3.60;£9.00/kg;Chilled Ready Meals;Finest Meals;116;7.1;null;2.3;3.7;1.2;0.7;0.4;
274842436;Tesco Finest Salt Beef Hash 400G;£3.60;£9.00/kg;Chilled Ready Meals;Finest Meals;131;8.3;null;1.1;6.1;2.8;1.4;0.6;
279899292;Tesco Finest Pulled Beef And Sweet Onion Mash 450G;£3.85;£8.56/kg;Chilled Ready Meals;Finest Meals;142;8.9;null;2.9;6.6;3.2;1.2;0.5;
256363264;Tesco Finest Mushroom Leek And Gruyere Parcels 320G;£5.00;£15.63/kg;Chilled Ready Meals;Finest Meals;295;6.3;null;3.4;20.1;11.6;1.6;0.6;
255222709;Tesco Finest Moussaka 350G;£3.60;£10.29/kg;Chilled Ready Meals;Finest Meals;162;6.7;null;3.2;11.2;3.8;1.5;0.6;
279928126;Tesco Finest Beef In Chianti 450G;£6.00;£13.34/kg;Chilled Ready Meals;Finest Meals;95;10.4;null;2.1;2.1;0.6;0.8;0.5;
261894209;Tesco Finest Chicken Tikka Masala With Pilau Rice 500G;£4.50;£9.00/kg;Chilled Ready Meals;Finest Meals;155;7.5;null;2.3;6.3;1.6;1.4;0.5;
261895139;Tesco Finest Chicken Korma With Pilau Rice 500G;£4.50;£9.00/kg;Chilled Ready Meals;Finest Meals;160;7.2;null;2.2;7.2;2.3;1.6;0.5;
282487464;Tesco Finest Traditional Lasagne 700G;£5.00;£7.15/kg;Chilled Ready Meals;Finest Meals;147;9.4;null;1.5;7.0;3.1;1.4;0.5;
273246061;Tesco Finest Light Chicken Tikka W/Rice And Lime Relish 385G;£3.85;£10.00/kg;Chilled Ready Meals;Finest Meals;126;7.2;null;2.5;4.0;0.5;1.7;0.6;
283995310;Tesco Finest Spanish Chicken With Chorizo 700G;£6.00;£8.58/kg;Chilled Ready Meals;Finest Meals;119;9.8;null;2.2;4.8;0.9;2.5;0.6;
276116343;Tesco Finest Light Chicken Piri Piri 375G;£3.85;£10.27/kg;Chilled Ready Meals;Finest Meals;123;8.1;null;2.8;3.6;0.4;1.0;0.7;
280505384;Tesco Finest Chicken And Chorizo Paella 700G;£6.00;£8.58/kg;Chilled Ready Meals;Finest Meals;121;9.0;null;2.0;3.7;0.7;1.8;0.6;
273246366;Tesco Finest Light Thai Prawn Noodles 375G;£3.85;£10.27/kg;Chilled Ready Meals;Finest Meals;90;4.7;null;3.3;2.1;0.3;2.1;0.9;
283672099;Tesco Finest Light Tomato And Olive Chicken 400G;£3.85;£9.63/kg;Chilled Ready Meals;Finest Meals;76;6.0;null;2.9;2.5;0.5;1.1;0.4;
279857238;Tesco Finest Meatball Pasta 400G;£3.60;£9.00/kg;Chilled Ready Meals;Finest Meals;180;7.7;null;2.4;9.2;2.4;3.4;0.5;
276116406;Tesco Finest Light Chicken And King Prawn Paella 375G;£3.85;£10.27/kg;Chilled Ready Meals;Finest Meals;124;6.7;null;3.2;3.7;0.6;1.6;0.6;
273968859;Tesco Finest Sea Salt And Black Pepper Wedges 400G;£2.60;£6.50/kg;Chilled Ready Meals;Finest Meals;100;1.8;null;1.6;1.6;0.3;3.4;0.6;
273246124;Tesco Finest Light Lemon And Pepper Chicken Pasta 375G;£3.85;£10.27/kg;Chilled Ready Meals;Finest Meals;117;9.5;null;1.7;3.2;0.6;0.5;0.5;
267269889;Tesco Finest Beef Madras With Pilau Rice 500G;£4.50;£9.00/kg;Chilled Ready Meals;Finest Meals;142;7.0;null;2.8;5.0;2.0;2.4;0.4;
283995356;Tesco Finest Spicy Lamb Kofta And Rice 700G;£6.00;£8.58/kg;Chilled Ready Meals;Finest Meals;169;6.0;null;5.8;6.0;2.6;1.3;0.2;
263831662;Tesco Finest Jalfrezi With Pilau Rice 500G;£4.50;£9.00/kg;Chilled Ready Meals;Finest Meals;119;7.2;null;2.3;3.4;0.3;1.4;0.5;
276116280;Tesco Finest Light Malaysian Chicken Curry 375G;£3.85;£10.27/kg;Chilled Ready Meals;Finest Meals;100;7.4;null;2.4;2.2;1.2;0.8;0.6;
272541334;Tesco Finest Pork And Chorizo Meatballs 500G;£6.00;£12.00/kg;Chilled Ready Meals;Finest Meals;158;9.1;null;3.7;10.3;3.5;1.9;0.4;
279856429;Tesco Finest Chicken And Bacon Pasta Bake 400G;£3.60;£9.00/kg;Chilled Ready Meals;Finest Meals;180;11.0;null;1.1;8.5;3.6;0.8;0.5;
261893654;Tesco Finest Chunky Chips 450G;£2.60;£5.78/kg;Chilled Ready Meals;Finest Meals;121;1.6;null;1.7;3.5;0.3;2.0;0.6;
280004441;Tesco Finest Rosemary Roasted Potatoes 380G;£2.60;£6.85/kg;Chilled Ready Meals;Finest Meals;110;2.8;null;0.7;1.4;0.3;2.6;0.5;
268516728;Tesco Finest King Prawn Spaghetti 400G;£3.60;£9.00/kg;Chilled Ready Meals;Finest Meals;140;6.5;null;0.3;5.7;2.9;1.5;0.4;
250337893;Tesco Finest Cornish Butter Mash 500G;£2.60;£5.20/kg;Chilled Ready Meals;Finest Meals;129;1.4;null;1.2;7.8;5.2;1.2;0.4;
267270656;Tesco Finest Lamb Rogan Josh With Pilau Rice 500G;£4.50;£9.00/kg;Chilled Ready Meals;Finest Meals;137;7.4;null;2.0;5.4;0.8;1.9;0.4;
259391755;Tesco Finest King Prawn Tikka With Pilau Rice 475G;£4.50;£9.48/kg;Chilled Ready Meals;Finest Meals;129;5.2;null;2.1;4.5;1.2;0.7;0.7;
256752011;Tesco Finest Potato Dauphinoise 450G;£2.60;£5.78/kg;Chilled Ready Meals;Finest Meals;163;2.6;null;1.4;11.7;7.6;1.6;0.5;
266748693;Tesco Finest Spaghetti Carbonara 400G;£3.60;£9.00/kg;Chilled Ready Meals;Finest Meals;177;8.8;null;0.7;9.0;4.0;2.2;0.6;
261873839;Tesco Finest Lasagne Al Forno 1.4Kg;£7.00;£5.00/kg;Chilled Ready Meals;Finest Meals;150;9.5;null;1.8;6.6;3.3;1.1;0.5;
280590908;Tesco Finest Macaroni Cheese 400G;£3.60;£9.00/kg;Chilled Ready Meals;Finest Meals;166;7.2;null;1.3;7.1;4.4;1.8;0.6;
257294318;Tesco Finest Chicken Pancetta And Mozzarella 450G;£6.00;£13.34/kg;Chilled Ready Meals;Finest Meals;136;15.7;null;1.0;5.3;2.3;1.5;0.9;
264744337;Tesco Finest Steak Ragu Pappardelle 400G;£3.60;£9.00/kg;Chilled Ready Meals;Finest Meals;140;8.7;null;0.8;4.2;1.7;0.6;0.4;
267266846;Tesco Finest Roast Chicken And Pancetta Bake 400G;£3.60;£9.00/kg;Chilled Ready Meals;Finest Meals;121;7.7;null;1.9;5.7;2.7;0.5;0.6;
261872662;Tesco Finest Chicken And Bacon Pasta Bake 800G;£6.00;£7.50/kg;Chilled Ready Meals;Finest Meals;177;12.4;null;1.1;8.3;3.3;0.9;0.5;
261892309;Tesco Finest Lasagne Al Forno 400G;£3.60;£9.00/kg;Chilled Ready Meals;Finest Meals;175;8.4;null;3.7;9.6;3.7;1.0;0.5;
263831495;Tesco Finest Crab Rocket And Chilli Linguine 350G;£7.99;£7.99/75cl;Chilled Ready Meals;Finest Meals;206;6.5;null;0.1;10.4;1.5;1.7;0.4;
283814641;Tesco Finest Smoked Haddock Risotto 400G;£3.85;£9.63/kg;Chilled Ready Meals;Finest Meals;116;8.9;null;0.3;3.4;2.0;1.0;0.6;
280115382;Tesco Finest Roast Potatoes With Goose Fat 450G;£2.60;£5.78/kg;Chilled Ready Meals;Finest Meals;154;1.9;null;1.1;7.8;1.8;2.0;0.6;
266748612;Tesco Finest Lasagne Al Forno 700G;£5.00;£7.15/kg;Chilled Ready Meals;Finest Meals;154;8.0;null;2.1;7.9;4.1;1.6;0.5;
280032597;Tesco Finest Spaghetti Bolognese 400G;£3.60;£9.00/kg;Chilled Ready Meals;Finest Meals;158;9.1;null;1.7;7.4;2.8;1.3;0.5;
267721947;Tesco Finest Garlic Mushrooms 300G;£2.60;£8.67/kg;Chilled Ready Meals;Finest Meals;168;5.0;null;0.8;13.7;5.1;2.3;0.7;
259391041;Tesco Finest Creamed Spinach 250G;£2.60;£10.40/kg;Chilled Ready Meals;Finest Meals;115;2.2;null;0.7;9.4;4.6;2.0;0.6;
283814508;Tesco Finest Roasted Mediterranean Vegetable Rice 300G;£2.60;£8.67/kg;Chilled Ready Meals;Finest Meals;143;2.5;null;2.1;3.0;0.7;1.6;0.1;
262309747;Tesco Finest Bisol Prosecco 75Cl;£6.99;£6.99/75cl;Chilled Ready Meals;Finest Meals;null;null;null;null;null;null;null;null;
260763735;Tesco Finest Root Vegetable Mash 500G;£2.60;£10.00/kg;Chilled Ready Meals;Finest Meals;91;1.3;null;3.3;4.8;3.2;2.2;0.4;
283816950;Tesco Finest Chorizo Manchego Pizza 340G;£4.25;£1.25/100g;Chilled Ready Meals;Finest Meals;252;12.2;null;3.4;9.5;4.1;2.2;1.3;
260763856;Tesco Finest Vintage Cheddar Mash 500G;£2.60;£5.20/kg;Chilled Ready Meals;Finest Meals;108;3.0;null;0.7;4.9;3.3;1.5;0.4;
259343479;Tesco Finest Green Vegetable Selection 260G;£2.60;£10.00/kg;Chilled Ready Meals;Finest Meals;95;2.8;null;2.4;6.6;4.1;3.6;0.4;
275443924;Tesco Finest Mediterranean Vegetable Selection 250G;£2.60;£10.40/kg;Chilled Ready Meals;Finest Meals;73;1.6;null;5.8;3.2;0.3;1.8;0.3;
261893078;Tesco Finest Cauliflower Cheese 350G;£2.60;£7.43/kg;Chilled Ready Meals;Finest Meals;133;5.0;null;2.9;8.6;5.7;1.2;0.5;
279361317;New Covent Garden Carrot And Butternut Squash Soup 700G;£2.35;£0.34/100g;Chilled Ready Meals;Fresh Soup & Lunch Pots;28;0.5;null;null;1.0;null;1.6;0.53;
285778518;Glorious! Sicily Tom And Balsamic Soup 600G;£1.10;£0.18/100g;Chilled Ready Meals;Fresh Soup & Lunch Pots;124kJ 372kJ - 8400kJ;1.1;null;null;1.0;null;2.4;0.4;
274748001;Tesco Chicken And Mushroom Soup 600G;£1.60;£0.27/100g;Chilled Ready Meals;Fresh Soup & Lunch Pots;41;2.7;null;0.5;1.3;0.6;0.4;0.6;
287651135;Glorious! New England In Autumn Soup 600G;£1.10;£0.18/100g;Chilled Ready Meals;Fresh Soup & Lunch Pots;145kJ 434kJ - 8400kJ;0.6;null;null;0.9;null;0.7;0.5;
285610579;New Covent Garden Vegetable And Supergrain Soup 700G;£2.35;£0.34/100g;Chilled Ready Meals;Fresh Soup & Lunch Pots;49;1.1;null;null;1.5;null;1.9;0.48;
287651187;Glorious! Thai Tuk Tuks And Turmeric 600G;£1.10;£0.18/100g;Chilled Ready Meals;Fresh Soup & Lunch Pots;164kJ 491kJ - 8400kJ;0.3;null;null;1.7;null;1.6;0.6;
279361565;New Covent Garden Skinny Souper Grns Italian Pesto Soup 700G;£2.35;£0.34/100g;Chilled Ready Meals;Fresh Soup & Lunch Pots;36;1.6;null;null;1.2;null;2.0;0.28;
279361369;New Covent Garden Lentil And Smoked Bacon Soup 700G;£2.35;£0.34/100g;Chilled Ready Meals;Fresh Soup & Lunch Pots;51;3.7;null;null;1.0;null;4.3;0.46;
279361185;New Covent Garden Hearty Five Vegetable Soup 700G;£2.35;£0.34/100g;Chilled Ready Meals;Fresh Soup & Lunch Pots;38;1.3;null;null;1.1;null;2.0;0.43;
279361824;New Covent Garden Skinny Tomato And Vegetable Green Soup 700G;£2.35;£0.34/100g;Chilled Ready Meals;Fresh Soup & Lunch Pots;44;2.1;null;null;0.8;null;2.0;0.28;
279360883;New Covent Garden British Chicken With Pepper Soup 700G;£2.35;£0.34/100g;Chilled Ready Meals;Fresh Soup & Lunch Pots;88;3.1;null;null;6.3;null;0.4;0.6;
252074422;Tesco Broccoli And Stilton Soup 600G;£1.60;£0.27/100g;Chilled Ready Meals;Fresh Soup & Lunch Pots;57;2.3;null;1.5;3.4;1.8;1.2;0.4;
279361087;New Covent Garden Slow Roasted Tomato And Basil Soup 700G;£2.35;£0.34/100g;Chilled Ready Meals;Fresh Soup & Lunch Pots;28;0.9;null;null;0.4;null;1.5;0.35;
274747584;Tesco Butternut Squash Soup 600G;£1.60;£0.27/100g;Chilled Ready Meals;Fresh Soup & Lunch Pots;42;0.4;null;3.1;2.1;0.7;0.7;0.5;
252074226;Tesco Carrot And Coriander Soup 600G;£1.60;£0.27/100g;Chilled Ready Meals;Fresh Soup & Lunch Pots;48;0.6;null;3.7;2.8;1.1;1.5;0.4;
285610314;New Covent Garden Puled/Prk And Bean Soup 700G;£2.35;£0.34/100g;Chilled Ready Meals;Fresh Soup & Lunch Pots;37;2.1;null;null;0.9;null;1.2;0.38;
279361133;New Covent Garden Potato And Leek With Chives Soup 700G;£2.35;£0.34/100g;Chilled Ready Meals;Fresh Soup & Lunch Pots;53;0.9;null;null;2.2;null;1.4;0.68;
279361507;New Covent Garden Soup Of The Month 700G;£2.35;£0.34/100g;Chilled Ready Meals;Fresh Soup & Lunch Pots;39;0.6;null;null;2.1;null;0.7;0.44;
287651227;Glorious! San Antonio Fiesta Soup 600G;£1.10;£0.18/100g;Chilled Ready Meals;Fresh Soup & Lunch Pots;139kJ 417kJ - 8400kJ;1.1;null;null;0.5;null;1.7;0.4;
279361663;New Covent Garden Skinny Spiced Chicken And Lentils Soup 700G;£2.35;£0.34/100g;Chilled Ready Meals;Fresh Soup & Lunch Pots;44;3.3;null;null;0.4;null;1.9;0.28;
256727278;Tesco Chicken And Sweetcorn Soup 600G;£1.60;£0.27/100g;Chilled Ready Meals;Fresh Soup & Lunch Pots;58;3.5;null;2.1;2.3;0.8;1.0;0.5;
265287542;Tesco Mexican Chilli Bean Soup 600G;£1.60;£0.27/100g;Chilled Ready Meals;Fresh Soup & Lunch Pots;49;2.2;null;2.5;1.1;0.2;1.9;0.5;
263211388;Tesco Tomato And Basil Soup 600G;£1.60;£0.27/100g;Chilled Ready Meals;Fresh Soup & Lunch Pots;42;1.1;null;4.2;1.8;0.3;0.9;0.5;
267237566;Tesco Finest Sri Lankan Chicken Soup 600G;£2.40;£0.40/100g;Chilled Ready Meals;Fresh Soup & Lunch Pots;62;3.3;null;2.2;3.5;2.5;0.7;0.3;
259335662;Tesco Finest Moroccan Chicken Soup 600G;£2.40;£0.40/100g;Chilled Ready Meals;Fresh Soup & Lunch Pots;59;3.6;null;3.6;1.7;0.4;1.2;0.3;
259335656;Tesco Finest Plum Tomato And Mascarpone Soup 600G;£2.40;£0.40/100g;Chilled Ready Meals;Fresh Soup & Lunch Pots;54;1.3;null;5.0;2.2;1.2;0.6;0.3;
268774596;Tesco Finest Butter Bean And Catalan Chorizo Soup 600G;£2.40;£0.40/100g;Chilled Ready Meals;Fresh Soup & Lunch Pots;63;3.1;null;3.4;2.3;0.8;1.7;0.2;
253769098;Tesco Finest British Chicken Mulligatawny 600G;£2.40;£0.40/100g;Chilled Ready Meals;Fresh Soup & Lunch Pots;79;4.2;null;2.0;3.3;1.8;0.9;0.3;
274991276;Tesco Creamy Chicken Soup 600G;£1.60;£0.27/100g;Chilled Ready Meals;Fresh Soup & Lunch Pots;45;2.6;null;0.3;1.7;0.9;0.3;0.6;
274748502;Tesco Pea And Asparagus Soup 600G;£1.60;£0.27/100g;Chilled Ready Meals;Fresh Soup & Lunch Pots;43;1.3;null;2.2;2.1;0.5;1.1;0.5;
253751308;Tesco Finest Pea And Wiltshire Cured Ham Soup 600G;£2.40;£0.40/100g;Chilled Ready Meals;Fresh Soup & Lunch Pots;64;3.3;null;2.7;2.4;1.4;1.8;0.5;
286816853;Tesco Finest Limited Edition British P/Nip, Horseradish And Rosemary Soup 600G;£2.40;£0.40/100g;Chilled Ready Meals;Fresh Soup & Lunch Pots;65;1.3;null;2.9;4.2;1.7;2.0;0.5;
252074353;Tesco Minestrone Soup 600G;£1.60;£0.27/100g;Chilled Ready Meals;Fresh Soup & Lunch Pots;50;1.6;null;3.6;1.1;0.1;1.3;0.3;
283694326;Tesco Finest Red Thai Chicken Soup 600G;£2.40;£0.40/100g;Chilled Ready Meals;Fresh Soup & Lunch Pots;79;3.2;null;2.3;4.4;3.2;1.1;0.5;
252074318;Tesco Leek And Potato Soup 600G;£1.60;£0.27/100g;Chilled Ready Meals;Fresh Soup & Lunch Pots;66;1.5;null;2.4;2.9;1.8;0.9;0.6;
274749311;Tesco Finest Sweet Potato Coconut And Chilli Soup 600G;£2.40;£0.40/100g;Chilled Ready Meals;Fresh Soup & Lunch Pots;65;0.9;null;3.5;4.0;2.9;1.5;0.3;
283694303;Tesco Finest Chicken Chardonnay Wine And Tarragon Soup 600G;£2.40;£0.40/100g;Chilled Ready Meals;Fresh Soup & Lunch Pots;57;3.1;null;0.4;3.2;1.9;0.3;0.6;
285646681;Tesco Finest Pork Goulash Soup 600G;£2.40;£0.40/100g;Chilled Ready Meals;Fresh Soup & Lunch Pots;46;2.2;null;1.2;1.1;0.1;0.8;0.4;
254318028;Tesco Finest Chestnut Mushroom And Madeira Soup 600G;£2.40;£0.40/100g;Chilled Ready Meals;Fresh Soup & Lunch Pots;67;1.6;null;0.8;4.1;2.4;0.4;0.4;
254316572;Tesco Country Vegetable Soup 600G;£1.60;£0.27/100g;Chilled Ready Meals;Fresh Soup & Lunch Pots;54;1.3;null;2.6;3.1;1.9;1.6;0.4;
285752877;Tesco Noodle Pot Spicy Barbecue Pork 300G;£1.50;£0.50/100g;Chilled Ready Meals;Fresh Soup & Lunch Pots;125;4.8;null;4.1;2.6;0.4;2.0;0.7;
285752727;Tesco Chicken Teriyaki Noodle Pot 300G;£1.50;£0.50/100g;Chilled Ready Meals;Fresh Soup & Lunch Pots;105;5.8;null;3.9;1.6;0.2;1.8;0.7;
262707986;Tesco Finest Vine Ripened Tom And Lentil Soup 600G;£2.40;£0.40/100g;Chilled Ready Meals;Fresh Soup & Lunch Pots;74;3.4;null;3.0;1.6;0.1;0.5;0.4;
285692285;Tesco Morrocan Chicken Tagine Soup Pot 350G;£1.50;£0.43/100g;Chilled Ready Meals;Fresh Soup & Lunch Pots;58;2.8;null;3.8;1.3;0.2;1.2;0.5;
285682130;Tesco Carrot And Butternut Soup Pot 350G;£1.50;£0.43/100g;Chilled Ready Meals;Fresh Soup & Lunch Pots;45;1.0;null;3.8;1.7;0.5;1.5;0.4;
285815619;Tesco Pepperoni Pizza Wedges 160G;£1.50;£0.94/100g;Chilled Ready Meals;Fresh Soup & Lunch Pots;315;12.5;null;3.8;13.8;5.0;1.1;1.3;
283971148;Innocent Indian Lentil Sambar Vegetable Pot 380G;£3.90;£10.27/kg;Chilled Ready Meals;Fresh Soup & Lunch Pots;null;2.7;null;null;null;null;2.5;0.41;
285752284;Tesco Macaroni Pasta Pot 300G;£1.50;£0.50/100g;Chilled Ready Meals;Fresh Soup & Lunch Pots;157;5.5;null;1.1;5.6;3.0;1.7;0.7;
285752520;Tesco Beef Chilli Rice Pot 330G;£1.50;£0.46/100g;Chilled Ready Meals;Fresh Soup & Lunch Pots;129;4.7;null;1.5;2.1;0.5;2.8;0.4;
285752094;Tesco Tomato And Mascarpone Pasta Pot 300G;£1.50;£0.50/100g;Chilled Ready Meals;Fresh Soup & Lunch Pots;133;3.6;null;2.8;4.1;1.4;1.3;0.6;
285752791;Tesco Noodle Pot Chicken Chow Mein 300G;£1.50;£0.50/100g;Chilled Ready Meals;Fresh Soup & Lunch Pots;130;7.9;null;1.3;3.0;0.4;1.6;0.6;
285692671;Tesco Tomato Vegetable And Lentil Soup Pot 350G;£1.50;£0.43/100g;Chilled Ready Meals;Fresh Soup & Lunch Pots;50;1.3;null;2.6;1.0;0.1;1.2;0.5;
285752422;Tesco Rice Pot Sweet And Sour Chicken 330G;£1.50;£0.46/100g;Chilled Ready Meals;Fresh Soup & Lunch Pots;113;6.3;null;5.5;1.0;0.2;0.8;0.2;
285752606;Tesco Rice Pot Chicken Paella 330G;£1.50;£0.46/100g;Chilled Ready Meals;Fresh Soup & Lunch Pots;146;5.7;null;3.8;4.9;0.8;0.8;0.6;
285752932;Tesco Sweet Chilli Chicken Noodle Pot 300G;£1.50;£0.50/100g;Chilled Ready Meals;Fresh Soup & Lunch Pots;85;5.1;null;4.2;1.4;0.2;0.7;0.5;
285751423;Tesco Bolognese Pasta Pot 300G;£1.50;£0.50/100g;Chilled Ready Meals;Fresh Soup & Lunch Pots;136;6.9;null;1.9;2.9;1.0;1.5;0.6;
285752212;Tesco Pasta Pot Carbonara 300G;£1.50;£0.50/100g;Chilled Ready Meals;Fresh Soup & Lunch Pots;137;5.3;null;1.0;3.3;1.6;1.0;0.4;
285815556;Tesco Margherita Pizza Wedges 155G;£1.50;£0.97/100g;Chilled Ready Meals;Fresh Soup & Lunch Pots;317;12.5;null;3.6;13.5;5.0;1.1;1.0;
285752330;Tesco Chicken Tikka Masala Rice Pot 330G;£1.50;£0.46/100g;Chilled Ready Meals;Fresh Soup & Lunch Pots;152;6.9;null;2.5;4.7;1.3;0.1;0.5;
285692325;Tesco Ham Hock, Leek And Potato Soup Pot 350G;£1.50;£0.43/100g;Chilled Ready Meals;Fresh Soup & Lunch Pots;50;2.5;null;1.5;1.8;0.5;1.0;0.6;
274819563;Innocent Vietnamese Noodles Pot 380G;£3.90;£10.27/kg;Chilled Ready Meals;Fresh Soup & Lunch Pots;null;null;null;null;null;null;null;null;
283971091;Innocent Indian Madras Vegetable Pot 380G;£3.90;£10.27/kg;Chilled Ready Meals;Fresh Soup & Lunch Pots;null;2.9;null;null;null;null;4.0;0.40;
264937766;Innocent Mexican Chipotle Chilli Vegetable Pot 380G;£3.90;£10.27/kg;Chilled Ready Meals;Fresh Soup & Lunch Pots;null;2.6;null;null;null;null;4.1;0.45;
259941318;Innocent Thai Coconut Curry Vegetable Pot 380G;£3.90;£10.27/kg;Chilled Ready Meals;Fresh Soup & Lunch Pots;null;2.2;null;null;null;null;1.9;0.34;
285434943;Innocent Malaysian Laksa Noodles 380G;£3.90;£10.27/kg;Chilled Ready Meals;Fresh Soup & Lunch Pots;null;null;null;null;null;null;null;null;
264566035;Innocent Seasonal Vegetable Pot 380G;£3.90;£10.27/kg;Chilled Ready Meals;Fresh Soup & Lunch Pots;null;2.2;null;null;null;null;1.9;0.47;
285435470;Innocent Singapore Noodles 380G;£3.90;£10.27/kg;Chilled Ready Meals;Fresh Soup & Lunch Pots;null;null;null;null;null;null;null;null;
277302236;Innocent Japanese Noodles Pot 380G;£3.90;£10.27/kg;Chilled Ready Meals;Fresh Soup & Lunch Pots;null;null;null;null;null;null;null;null;
273724624;Innocent Vegetable Pot Caribbean Jerk Curry 380G;£3.90;£10.27/kg;Chilled Ready Meals;Fresh Soup & Lunch Pots;null;2.4;null;null;null;null;3.8;0.46;
283672099;Tesco Finest Light Tomato And Olive Chicken 400G;£3.85;£9.63/kg;Chilled Ready Meals;Healthy Ready Meals;76;6.0;null;2.9;2.5;0.5;1.1;0.4;
273246061;Tesco Finest Light Chicken Tikka W/Rice And Lime Relish 385G;£3.85;£10.00/kg;Chilled Ready Meals;Healthy Ready Meals;126;7.2;null;2.5;4.0;0.5;1.7;0.6;
282646242;Weight Watchers Bolognese Bake 380G;£2.60;£6.85/kg;Chilled Ready Meals;Healthy Ready Meals;null;6.0;null;null;2.2;null;0.8;0.4;
282646046;Weight Watchers Macaroni Cheese 380G;£2.60;£6.85/kg;Chilled Ready Meals;Healthy Ready Meals;null;3.5;null;null;2.7;null;1.1;0.5;
273246366;Tesco Finest Light Thai Prawn Noodles 375G;£3.85;£10.27/kg;Chilled Ready Meals;Healthy Ready Meals;90;4.7;null;3.3;2.1;0.3;2.1;0.9;
274887129;The City Kitchen Skinny Bombay Chicken 300G;£3.80;£9.88/kg;Chilled Ready Meals;Healthy Ready Meals;103;6.5;null;1.9;3.1;0.5;0.5;0.6;
280933216;The City Kitchen Skinny Teriyaki Chicken Noodles 385G;£3.80;£9.88/kg;Chilled Ready Meals;Healthy Ready Meals;95;7.2;null;4.3;1.3;0.2;1.4;0.7;
271752236;The City Kitchen Hoisin Duck Noodles 385G;£3.80;£9.88/kg;Chilled Ready Meals;Healthy Ready Meals;111;6.2;null;7.2;3.0;0.6;1.4;0.9;
268873552;Weight Watchers Chicken Pie 400G;£2.60;£6.50/kg;Chilled Ready Meals;Healthy Ready Meals;null;5.5;null;null;1.9;null;1.1;0.5;
274887291;The City Kitchen Skinny Thai Coconut Chicken 270G;£3.80;£9.88/kg;Chilled Ready Meals;Healthy Ready Meals;98;6.2;null;1.1;4.3;2.1;2.2;0.6;
276116280;Tesco Finest Light Malaysian Chicken Curry 375G;£3.85;£10.27/kg;Chilled Ready Meals;Healthy Ready Meals;100;7.4;null;2.4;2.2;1.2;0.8;0.6;
276116406;Tesco Finest Light Chicken And King Prawn Paella 375G;£3.85;£10.27/kg;Chilled Ready Meals;Healthy Ready Meals;124;6.7;null;3.2;3.7;0.6;1.6;0.6;
258767123;Weight Watchers Chicken Lasagne 400G;£2.60;£6.50/kg;Chilled Ready Meals;Healthy Ready Meals;null;7.4;null;null;2.2;null;0.6;0.3;
283631027;The City Kitchen Barbeque Pulled Pork 450G;£3.80;£8.45/kg;Chilled Ready Meals;Healthy Ready Meals;136;7.0;null;6.5;4.0;0.9;1.8;0.9;
282645491;Weight Watchers Hunters Chicken 360G;£2.60;£0.68/100g;Chilled Ready Meals;Healthy Ready Meals;null;5.2;null;null;1.1;null;0.7;0.3;
282645364;Weight Watchers Chicken Korma With Basmati Rice 360G;£2.60;£0.72/100g;Chilled Ready Meals;Healthy Ready Meals;null;6.6;null;null;2.0;null;1.5;0.4;
283631004;The City Kitchen Beef Chilli And Rice 485G;null;null;Chilled Ready Meals;Healthy Ready Meals;131;6.5;null;2.9;3.6;0.7;2.0;0.8;
273246124;Tesco Finest Light Lemon And Pepper Chicken Pasta 375G;£3.85;£10.27/kg;Chilled Ready Meals;Healthy Ready Meals;117;9.5;null;1.7;3.2;0.6;0.5;0.5;
282646173;Weight Watchers Chicken Tikka Masala 380G;£2.60;£6.85/kg;Chilled Ready Meals;Healthy Ready Meals;null;6.6;null;null;1.7;null;1.1;0.4;
282645456;Weight Watchers Chilli And Wedges 380G;£2.60;£0.68/100g;Chilled Ready Meals;Healthy Ready Meals;null;5.2;null;null;2.8;null;2.3;0.3;
267962742;The City Kitchen Malaysian Coconut Beef 385G;£3.80;£9.88/kg;Chilled Ready Meals;Healthy Ready Meals;115;5.8;null;1.5;4.5;2.6;1.7;0.8;
281342205;Tesco Healthy Living Chicken And Prawn Paella 380G;£2.50;£6.58/kg;Chilled Ready Meals;Healthy Ready Meals;97;6.5;null;1.7;1.8;0.6;1.8;0.3;
281306134;Tesco Healthy Living Braised Beef And Mash 400G;£2.50;£6.25/kg;Chilled Ready Meals;Healthy Ready Meals;71;6.4;null;2.2;1.6;0.9;2.0;0.4;
281318722;Tesco Healthy Living Chicken Tikka And Rice 400G;£2.50;£6.25/kg;Chilled Ready Meals;Healthy Ready Meals;106;7.1;null;2.7;2.1;1.1;2.0;0.4;
281318949;Tesco Healthy Living Chicken Potatoes And Vegetables 400G;£2.50;£6.25/kg;Chilled Ready Meals;Healthy Ready Meals;69;6.8;null;2.1;0.8;0.3;1.4;0.3;
281281708;Tesco Healthy Living Spaghetti Bolognese 400G;£2.50;£6.25/kg;Chilled Ready Meals;Healthy Ready Meals;100;6.9;null;1.1;2.1;0.9;1.6;0.4;
284949860;Tesco Healthy Living Sweet And Sour Chicken And Rice 400G;£2.50;£6.25/kg;Chilled Ready Meals;Healthy Ready Meals;111;6.3;null;2.4;1.7;0.3;1.4;0.3;
281318517;Tesco Healthy Living Tomato And Basil Chicken 400G;£2.50;£6.25/kg;Chilled Ready Meals;Healthy Ready Meals;77;12.0;null;3.5;1.2;0.3;1.2;0.3;
281341575;Tesco Healthy Living Chicken Chow Mein 400G;£2.50;£0.63/100g;Chilled Ready Meals;Healthy Ready Meals;85;6.9;null;0.8;1.1;0.3;1.9;0.3;
281306071;Tesco Healthy Living Cottage Pie 450G;£2.50;£5.56/kg;Chilled Ready Meals;Healthy Ready Meals;82;4.1;null;1.6;2.4;1.2;1.8;0.3;
281281340;Tesco Healthy Living Chicken And Bacon Pasta 400G;£2.50;£6.25/kg;Chilled Ready Meals;Healthy Ready Meals;123;10.0;null;1.1;2.0;1.2;1.9;0.3;
281281386;Tesco Healthy Living Chicken Arrabiata 400G;£2.50;£6.25/kg;Chilled Ready Meals;Healthy Ready Meals;88;7.3;null;2.5;0.4;0.1;1.2;0.4;
281306094;Tesco Healthy Living Chicken And Broccoli Pie 450G;£2.50;£5.56/kg;Chilled Ready Meals;Healthy Ready Meals;87;5.9;null;1.5;2.3;1.0;1.9;0.4;
281306042;Tesco Healthy Living Baked Potatoes With Cheese 450G;£2.50;£5.56/kg;Chilled Ready Meals;Healthy Ready Meals;100;3.4;null;1.8;2.9;1.9;2.4;0.2;
284949998;Tesco Healthy Living Chilli And Rice 400G;£2.50;£6.25/kg;Chilled Ready Meals;Healthy Ready Meals;99;4.9;null;1.8;1.7;0.6;2.5;0.4;
280933274;The City Kitchen Veg, With Coconut Lentil 385G;£3.80;£9.88/kg;Chilled Ready Meals;Healthy Ready Meals;123;2.6;null;1.8;5.4;0.9;2.3;0.4;
281306172;Tesco Healthy Living Sausage And Root Vegetable Mash 400G;£2.50;£6.25/kg;Chilled Ready Meals;Healthy Ready Meals;77;5.2;null;2.7;2.0;0.9;2.7;0.5;
281306111;Tesco Healthy Living Salmon And Broccoli Pie 400G;£2.50;£6.25/kg;Chilled Ready Meals;Healthy Ready Meals;80;7.3;null;1.3;1.5;1.0;1.8;0.2;
281346034;Tesco Healthy Living Fresh Mash 400G;£1.50;£3.75/kg;Chilled Ready Meals;Healthy Ready Meals;71;1.5;null;0.7;1.7;1.1;0.9;0.3;
283631200;The City Kitchen Chicken Curry Noodle Pot 425G;£2.75;£6.48/kg;Chilled Ready Meals;Healthy Ready Meals;140;5.4;null;1.7;5.7;0.7;2.1;0.8;
271752167;The City Kitchen King Prawn Red Thai Curry 385G;£3.80;£9.88/kg;Chilled Ready Meals;Healthy Ready Meals;112;3.8;null;2.8;4.8;2.3;1.3;0.7;
271752081;The City Kitchen Chicken Katsu Curry 385G;£3.80;£9.88/kg;Chilled Ready Meals;Healthy Ready Meals;123;6.1;null;2.5;3.4;1.4;1.3;0.9;
271751773;The City Kitchen King Prawn And Chicken Paella 400G;£3.80;£9.50/kg;Chilled Ready Meals;Healthy Ready Meals;135;6.3;null;3.4;4.1;0.6;1.0;0.6;
282977161;Tasty Favourites Tikka And Rice 500G;£1.95;£3.90/kg;Chilled Ready Meals;Indian Meals;135 ;6.5;null;null;4.5;null;1.0;0.8;
276771954;Tesco Big Night In Indian Chicken Korma And Rice 450G;£3.00;£6.67/kg;Chilled Ready Meals;Indian Meals;158;7.4;null;2.6;7.6;2.5;2.8;0.5;
279507538;Tesco Beef Madras And Rice 500G;£3.30;£6.60/kg;Chilled Ready Meals;Indian Meals;152;8.5;null;2.2;5.0;1.3;2.4;0.5;
276771977;Tesco Big Night In Chicken Jalfrezi And Pilau Rice 450G;£3.00;£6.67/kg;Chilled Ready Meals;Indian Meals;133;7.0;null;3.2;5.2;0.5;2.6;0.4;
276772066;Tesco Big Night In Indian 4 Onion Bhajis 195G;£1.75;£8.98/kg;Chilled Ready Meals;Indian Meals;271;5.0;null;4.1;18.4;1.4;4.0;0.8;
259778598;Tesco Chicken Madras 350G;£3.20;£9.15/kg;Chilled Ready Meals;Indian Meals;123;12.0;null;3.7;6.1;2.2;2.5;0.4;
262805281;Tesco Chicken Korma And Pilau Rice 550G;£3.30;£6.00/kg;Chilled Ready Meals;Indian Meals;162;8.7;null;2.1;7.1;2.4;3.1;0.5;
259778333;Tesco Chicken Korma 350G;£3.20;£9.15/kg;Chilled Ready Meals;Indian Meals;157;13.0;null;3.2;9.5;3.7;2.1;0.5;
276731789;Tesco Big Night In Indian Chicken Biryani 450G;£3.00;£6.67/kg;Chilled Ready Meals;Indian Meals;183;7.3;null;2.1;5.4;0.5;1.6;0.7;
279507607;Tesco Butter Chicken And Rice 500G;£3.30;£6.60/kg;Chilled Ready Meals;Indian Meals;180;9.0;null;1.3;7.9;3.6;1.4;0.6;
276731864;Tesco Big Night In Indian Vegetable Balti And Pilau Rice 500G;£3.00;£6.00/kg;Chilled Ready Meals;Indian Meals;137;2.8;null;2.9;5.3;1.1;2.4;0.7;
276771113;Tesco Big Night In Indian Bombay Potatoes 250G;£1.75;£7.00/kg;Chilled Ready Meals;Indian Meals;75;1.7;null;4.6;2.4;0.2;2.4;0.7;
276771885;Tesco Big Night In Chicken Tikka And Pilau Rice 450G;£3.00;£6.67/kg;Chilled Ready Meals;Indian Meals;156;7.6;null;3.2;7.3;2.3;1.4;0.5;
276771234;Tesco Big Night In Indian Saag Aloo 250G;£1.75;£7.00/kg;Chilled Ready Meals;Indian Meals;132;2.1;null;2.0;8.4;3.4;2.1;0.8;
276772423;Tesco Big Night In Indian 4 Vegetable Samosas 215G;£1.75;£8.14/kg;Chilled Ready Meals;Indian Meals;232;4.7;null;3.1;11.6;0.9;3.5;0.6;
279507498;Tesco Chicken Balti 350G;£3.20;£9.15/kg;Chilled Ready Meals;Indian Meals;121;14.1;null;2.6;5.0;0.7;1.4;0.5;
276770857;Tesco Big Night In Indian Tarka Dahl 250G;£1.75;£7.00/kg;Chilled Ready Meals;Indian Meals;143;5.7;null;1.4;6.8;1.7;6.3;0.4;
276771770;Tesco Big Night In Lamb Rogan Josh And Rice 450G;£3.00;£6.67/kg;Chilled Ready Meals;Indian Meals;132;5.0;null;3.2;5.7;1.1;2.0;0.4;
274887129;The City Kitchen Skinny Bombay Chicken 300G;£3.80;£9.88/kg;Chilled Ready Meals;Indian Meals;103;6.5;null;1.9;3.1;0.5;0.5;0.6;
282950906;Tasty Favourites Chicken Korma And Rice 500G;£1.95;£3.90/kg;Chilled Ready Meals;Indian Meals;126 ;6.7;null;null;3.8;null;1.1;0.7;
285671080;Tesco Chicken Tikka, Rice And Bombay Potato 500G;£1.65;£3.30/kg;Chilled Ready Meals;Indian Meals;137;7.5;null;2.5;5.3;1.1;2.4;0.5;
283742541;Tesco Takeaway Chicken Jalfrezi 385G;£3.50;£9.10/kg;Chilled Ready Meals;Indian Meals;84;7.1;null;3.8;4.0;0.4;1.8;0.7;
285671137;Tesco Chicken Tandoori, Rice And Bombay Potato 500G;£1.65;£3.30/kg;Chilled Ready Meals;Indian Meals;148;6.2;null;3.5;7.5;2.4;2.2;0.7;
259778212;Tesco Hot Chicken Jalfrezi 350G;£3.20;£9.15/kg;Chilled Ready Meals;Indian Meals;116;10.4;null;4.2;5.5;0.6;2.6;0.5;
259414413;Tesco Prawn Masala And Pilau Rice 500G;£3.30;£6.60/kg;Chilled Ready Meals;Indian Meals;142;6.6;null;2.6;6.4;2.0;2.4;0.7;
259778195;Tesco Chicken Tikka Masala 350G;£3.20;£9.15/kg;Chilled Ready Meals;Indian Meals;143;13.2;null;4.1;7.8;3.0;2.0;0.6;
283760790;Tesco Takeaway Chicken Madras 385G;£3.50;£9.10/kg;Chilled Ready Meals;Indian Meals;125;9.6;null;3.3;7.6;2.3;2.1;0.8;
283742057;Tesco Takeaway Chicken Korma 385G;£3.50;£9.10/kg;Chilled Ready Meals;Indian Meals;170;9.5;null;4.1;12.0;5.1;1.9;0.6;
260318774;Tesco Mega Naan 220G;£1.00;£4.55/kg;Chilled Ready Meals;Indian Meals;284;7.6;null;2.5;7.4;2.2;2.3;0.8;
279507671;Tesco Saag Bhaji 280G;£1.50;£5.36/kg;Chilled Ready Meals;Indian Meals;106;2.8;null;2.2;7.5;2.6;3.0;0.5;
259414238;Tesco Lamb Rogan Josh And Pilau Rice 550G;£3.30;£6.00/kg;Chilled Ready Meals;Indian Meals;140;6.1;null;2.6;5.9;1.4;2.2;0.5;
283995356;Tesco Finest Spicy Lamb Kofta And Rice 700G;£6.00;£8.58/kg;Chilled Ready Meals;Indian Meals;169;6.0;null;5.8;6.0;2.6;1.3;0.2;
255647118;Tesco Indian Poppadoms 40G;£0.30;£7.50/kg;Chilled Ready Meals;Indian Meals;500;17.0;null;0.8;29.7;2.6;7.3;3.7;
283742092;Tesco Takeaway Butter Chicken 385G;£3.50;£9.10/kg;Chilled Ready Meals;Indian Meals;119;7.5;null;6.0;6.6;3.0;1.7;0.7;
273261860;Tesco Takeaway 4 Onion Bhajis 196G;£2.00;£10.21/kg;Chilled Ready Meals;Indian Meals;271;5.0;null;4.1;18.4;1.4;4.0;0.8;
262805309;Tesco Hot Chicken Jalfrezi And Pilau Rice 550G;£3.30;£6.00/kg;Chilled Ready Meals;Indian Meals;144;8.6;null;2.6;4.6;0.5;2.1;0.5;
259778348;Tesco Lamb Rogan Josh 350G;£3.20;£9.15/kg;Chilled Ready Meals;Indian Meals;124;9.5;null;3.9;6.6;1.6;2.2;0.7;
273261975;Tesco Takeaway 4 Vegetable Samosas 216G;£2.00;£9.26/kg;Chilled Ready Meals;Indian Meals;235;5.3;null;4.2;11.0;0.9;4.0;0.9;
283634894;Tesco Takeaway Chicken Curry Egg Fried Rice 680G;£5.00;£7.36/kg;Chilled Ready Meals;Indian Meals;150;6.4;null;0.8;5.4;1.9;2.1;0.6;
262805275;Tesco Chicken Tikka Masala And Pilau Rice 550G;£3.30;£6.00/kg;Chilled Ready Meals;Indian Meals;161;8.3;null;2.7;6.8;2.2;2.7;0.5;
283742149;Tesco Takeaway Chicken Tikka Masala 385G;£3.50;£9.10/kg;Chilled Ready Meals;Indian Meals;120;9.1;null;5.0;6.3;2.0;2.0;0.6;
283742408;Tesco Takeaway Chicken Tikka Balti 385G;£3.50;£9.10/kg;Chilled Ready Meals;Indian Meals;82;7.8;null;3.7;3.4;0.4;1.9;0.7;
256236588;Tesco 2 Chilled Naan Bread 320G;£0.50;£0.16/100g;Chilled Ready Meals;Indian Meals;295;7.4;null;2.9;7.3;1.2;2.5;0.8;
273927044;Tesco 4 Vegetable Samosas 278G;£1.50;£5.40/kg;Chilled Ready Meals;Indian Meals;247;4.8;null;3.3;12.6;1.0;3.2;0.6;
283742184;Tesco Takeaway Vegetable Curry 385G;£3.50;£9.10/kg;Chilled Ready Meals;Indian Meals;68;2.3;null;3.9;3.4;0.7;2.7;0.5;
273926967;Tesco Mini Indian Selection 326G;£1.50;£4.61/kg;Chilled Ready Meals;Indian Meals;314;6.5;null;2.7;23.3;1.9;4.6;0.9;
273297126;Tesco Tarka Dahl 300G;£1.50;£5.00/kg;Chilled Ready Meals;Indian Meals;143;5.7;null;1.4;6.8;1.7;6.3;0.4;
273927062;Tesco 6 Onion Bhajis 294G;£1.50;£5.11/kg;Chilled Ready Meals;Indian Meals;271;5.0;null;4.1;18.4;1.4;4.0;0.8;
253705278;Tesco Pilau Rice 270G;£1.50;£5.56/kg;Chilled Ready Meals;Indian Meals;155;3.1;null;0.3;3.0;0.3;0.9;0.5;
277063264;Tesco Big Night In Mini Onion Naan 4 X 50G;£1.75;£8.75/kg;Chilled Ready Meals;Indian Meals;290;7.6;null;3.9;9.2;2.2;3.8;0.8;
283761057;Tesco Takeaway Hot Indian Meal For 2 1670G;null;null;Chilled Ready Meals;Indian Meals;87;1.7;null;3.9;3.9;0.3;3.3;0.7;
283742443;Tesco Takeaway Hot Chicken Tikka 385G;null;null;Chilled Ready Meals;Indian Meals;126;9.0;null;5.1;7.2;2.2;2.0;0.5;
283760922;Tesco Takeaway Saag Aloo 300G;£2.00;£6.67/kg;Chilled Ready Meals;Indian Meals;65;1.9;null;3.4;2.4;0.2;2.6;0.4;
267045739;Tesco Saag Aloo 300G;£1.50;£5.00/kg;Chilled Ready Meals;Indian Meals;132;2.1;null;2.0;8.4;3.4;2.1;0.8;
283760974;Tesco Takeaway Mild Indian Meal For 2 1670G;£7.50;£4.50/kg;Chilled Ready Meals;Indian Meals;120;9.1;null;5.0;6.3;2.0;2.0;0.6;
283742282;Tesco Takeaway Lamb Rogan Josh 385G;£3.50;£9.10/kg;Chilled Ready Meals;Indian Meals;119;6.3;null;5.1;7.3;1.0;2.5;0.6;
273927148;Tesco 2 Vegetable Samosa And 2 Large Onion Bhajis 206G;£1.50;£7.29/kg;Chilled Ready Meals;Indian Meals;232;4.7;null;3.1;11.6;0.9;3.5;0.6;
262801515;Tesco Bombay Potatoes 300G;£1.50;£5.00/kg;Chilled Ready Meals;Indian Meals;75;1.7;null;4.6;2.4;0.2;2.4;0.7;
283634548;Tesco Takeaway Chicken Sweet And Sour Egg Fried Rice 680G;£5.00;£7.36/kg;Chilled Ready Meals;Indian Meals;156;5.5;null;8.2;4.5;1.1;0.9;0.6;
283634485;Tesco Takeaway Korma Pilau 755G;£5.00;£6.63/kg;Chilled Ready Meals;Indian Meals;167;6.6;null;2.7;6.3;2.0;1.2;0.6;
283760830;Tesco Takeaway Bombay Potatoes 300G;£2.00;£6.67/kg;Chilled Ready Meals;Indian Meals;87;1.7;null;3.9;3.9;0.3;3.3;0.7;
285709538;Tesco Tikka And Jalfrezi Meal For 2 1.45Kg;£6.30;£4.35/kg;Chilled Ready Meals;Indian Meals;235;4.9;null;4.4;14.9;1.2;3.6;0.8;
267270656;Tesco Finest Lamb Rogan Josh With Pilau Rice 500G;£4.50;£9.00/kg;Chilled Ready Meals;Indian Meals;137;7.4;null;2.0;5.4;0.8;1.9;0.4;
267037225;Counter Tesco Vegetable Samosa;£0.75;£0.75/each;Chilled Ready Meals;Indian Meals;259;4.9;null;4.4;13.9;1.2;3.4;0.6;
259109723;Counter Tesco Mini Onion Bhaji Pick And Mix;£0.40;£0.40/each;Chilled Ready Meals;Indian Meals;230;6.1;null;2.2;9.6;0.7;4.8;0.9;
267269889;Tesco Finest Beef Madras With Pilau Rice 500G;£4.50;£9.00/kg;Chilled Ready Meals;Indian Meals;142;7.0;null;2.8;5.0;2.0;2.4;0.4;
265236027;Tesco Korma And Jalfrezi Meal For 2 1.5Kg;£6.30;£4.20/kg;Chilled Ready Meals;Indian Meals;235;4.9;null;4.4;14.9;1.2;3.6;0.8;
263831662;Tesco Finest Jalfrezi With Pilau Rice 500G;£4.50;£9.00/kg;Chilled Ready Meals;Indian Meals;119;7.2;null;2.3;3.4;0.3;1.4;0.5;
261895139;Tesco Finest Chicken Korma With Pilau Rice 500G;£4.50;£9.00/kg;Chilled Ready Meals;Indian Meals;160;7.2;null;2.2;7.2;2.3;1.6;0.5;
283760818;Tesco Takeaway Pilau Rice 500G;£2.00;£4.00/kg;Chilled Ready Meals;Indian Meals;143;3.2;null;0.6;2.0;0.2;0.8;0.5;
265280630;Tesco Tikka And Rogan Josh Meal For 2 1.5 Kilograms;£6.30;£4.20/kg;Chilled Ready Meals;Indian Meals;235;4.9;null;4.4;14.9;1.2;3.6;0.8;
267052391;Counter Tesco Mini Vegetable Samosa Pick And Mix;null;null;Chilled Ready Meals;Indian Meals;284;4.7;null;3.3;16.4;1.8;3.9;1.1;
285709302;Tesco Tikka And Korma Meal For Two 1.45Kg;£6.30;£4.35/kg;Chilled Ready Meals;Indian Meals;159;2.9;null;0.2;3.4;0.2;1.1;0.3;
267052379;Counter Tesco Chicken Tikka Bite;null;null;Chilled Ready Meals;Indian Meals;222;17.4;null;0.7;10.2;1.9;2.3;1.1;
252300962;Tesco Counter Onion Bhaji;£0.50;£0.50/each;Chilled Ready Meals;Indian Meals;243;5.7;null;1.6;11.0;0.8;3.9;1.0;
261894209;Tesco Finest Chicken Tikka Masala With Pilau Rice 500G;£4.50;£9.00/kg;Chilled Ready Meals;Indian Meals;155;7.5;null;2.3;6.3;1.6;1.4;0.5;
259391755;Tesco Finest King Prawn Tikka With Pilau Rice 475G;£4.50;£9.48/kg;Chilled Ready Meals;Indian Meals;129;5.2;null;2.1;4.5;1.2;0.7;0.7;
267031099;Counter Tesco Chicken Tikka Samosa;£0.90;£0.90/each;Chilled Ready Meals;Indian Meals;263;7.7;null;3.2;12.8;2.3;2.7;0.9;
282950322;Tasty Favourites Bolognese Pasta 500G;£1.95;£3.90/kg;Chilled Ready Meals;Italian Meals;113 ;6.0;null;null;2.2;null;1.1;0.5;
285635826;Tesco Family Favourites Tomato And Mozzarella Pasta Bake 1.5Kg;£6.00;£4.00/kg;Chilled Ready Meals;Italian Meals;137;4.4;null;3.4;4.5;1.2;2.7;0.4;
275115403;Tesco Italian Beef Cannelloni 450G;£2.30;£5.12/kg;Chilled Ready Meals;Italian Meals;149;8.2;null;2.3;8.1;4.0;1.0;0.6;
282487464;Tesco Finest Traditional Lasagne 700G;£5.00;£7.15/kg;Chilled Ready Meals;Italian Meals;147;9.4;null;1.5;7.0;3.1;1.4;0.5;
275130690;Tesco Italian Chicken And Bacon Pasta Bake 450G;£2.30;£5.12/kg;Chilled Ready Meals;Italian Meals;169;10.0;null;1.5;6.9;4.0;0.7;0.6;
282979493;Tesco Italian Chicken Arrabbiata 450G;£2.30;£5.75/kg;Chilled Ready Meals;Italian Meals;123;8.1;null;2.7;2.4;0.4;1.3;0.4;
283054013;Tesco Italian Chilli Beef Lasagne 400G;£2.30;£5.75/kg;Chilled Ready Meals;Italian Meals;142;6.7;null;1.7;7.3;3.7;2.0;0.5;
275143346;Tesco Italian Barbecue Chicken Pasta 450G;£2.30;£5.12/kg;Chilled Ready Meals;Italian Meals;147;8.5;null;5.1;2.3;0.9;0.6;0.4;
275114525;Tesco Italian Beef Lasagne 450G;£2.30;£5.12/kg;Chilled Ready Meals;Italian Meals;145;8.1;null;2.0;7.5;4.1;2.0;0.5;
285635665;Tesco Family Favourites Chicken And Tomato Pasta Bake 1.5Kg;£6.00;£4.00/kg;Chilled Ready Meals;Italian Meals;136;7.5;null;2.7;3.2;0.7;1.6;0.4;
275142629;Tesco Italian Beef Lasagne 1.5Kg;£6.00;£4.00/kg;Chilled Ready Meals;Italian Meals;153;7.5;null;2.2;8.4;4.4;1.3;0.5;
285634136;Tesco Family Favourites Lasagne 1.5Kg;£6.00;£4.00/kg;Chilled Ready Meals;Italian Meals;110;8.6;null;2.8;3.4;1.6;1.3;0.5;
285635918;Tesco Family Favourites Carbonara Pasta 1.5Kg;£6.00;£4.00/kg;Chilled Ready Meals;Italian Meals;125;6.7;null;1.2;2.9;1.5;2.1;0.5;
265272496;Tesco Italian Chicken And Bacon Pasta Bake 800G;£3.60;£4.50/kg;Chilled Ready Meals;Italian Meals;170;10.1;null;1.4;6.8;4.0;1.6;0.6;
281306785;Tesco Italian Chicken Breast In Tomato And Basil 375G;£3.75;£10.00/kg;Chilled Ready Meals;Italian Meals;93;13.0;null;2.5;2.9;0.5;1.9;0.6;
275130442;Tesco Italian Ham And Mushroom Tagliatelle 450G;£2.30;£5.12/kg;Chilled Ready Meals;Italian Meals;136;6.5;null;1.5;5.6;3.2;1.3;0.6;
282978534;Tesco Italian Beef Lasagne 800G;£3.60;£4.50/kg;Chilled Ready Meals;Italian Meals;143;7.2;null;1.8;7.6;3.9;1.7;0.5;
283053999;Tesco Italian Chicken Fajita Pasta 400G;£2.30;£5.75/kg;Chilled Ready Meals;Italian Meals;98;7.7;null;2.6;1.9;0.2;1.2;0.4;
281306710;Tesco Italian Chicken Breast In Creamy Mushroom 375G;£3.75;£10.00/kg;Chilled Ready Meals;Italian Meals;92;14.2;null;1.2;2.9;1.5;0.7;0.8;
282977316;Tesco Italian Chicken Lasagne 450G;£2.30;£5.12/kg;Chilled Ready Meals;Italian Meals;109;6.5;null;2.7;4.5;2.6;1.2;0.4;
282978655;Tesco Italian King Prawn Linguine 380G;£2.30;£6.06/kg;Chilled Ready Meals;Italian Meals;88;4.6;null;1.8;2.5;1.3;2.3;0.5;
271751773;The City Kitchen King Prawn And Chicken Paella 400G;£3.80;£9.50/kg;Chilled Ready Meals;Italian Meals;135;6.3;null;3.4;4.1;0.6;1.0;0.6;
275130995;Tesco Italian Tomato And Mozzarella Pasta Bake 450G;£2.30;£5.12/kg;Chilled Ready Meals;Italian Meals;148;5.3;null;2.6;5.3;1.9;2.4;0.4;
275119497;Tesco Italian Vegetable Lasagne 450G;£2.30;£5.12/kg;Chilled Ready Meals;Italian Meals;109;2.9;null;2.4;5.8;2.4;1.6;0.4;
275131625;Tesco Italian Spaghetti And Meatballs 450G;£2.30;£5.12/kg;Chilled Ready Meals;Italian Meals;136;7.0;null;2.5;6.2;1.9;1.5;0.5;
275153680;Tesco Italian Tuna Pasta Bake 450G;£2.30;£5.12/kg;Chilled Ready Meals;Italian Meals;141;8.1;null;0.9;5.8;2.5;0.8;0.5;
275119894;Tesco Italian Spaghetti Carbonara 450G;£2.30;£5.12/kg;Chilled Ready Meals;Italian Meals;169;7.8;null;1.4;8.4;4.3;0.7;0.6;
257294318;Tesco Finest Chicken Pancetta And Mozzarella 450G;£6.00;£13.34/kg;Chilled Ready Meals;Italian Meals;136;15.7;null;1.0;5.3;2.3;1.5;0.9;
263831495;Tesco Finest Crab Rocket And Chilli Linguine 350G;£7.99;£7.99/75cl;Chilled Ready Meals;Italian Meals;206;6.5;null;0.1;10.4;1.5;1.7;0.4;
282978572;Tesco Italian Meatball Pasta Bake 1.5Kg;£6.00;£4.00/kg;Chilled Ready Meals;Italian Meals;143;7.5;null;2.9;5.7;1.7;2.2;0.5;
275130614;Tesco Italian Pepperoni Pasta Bake 450G;£2.30;£5.12/kg;Chilled Ready Meals;Italian Meals;178;6.9;null;2.7;8.1;3.5;1.3;0.5;
275152404;Tesco Italian Spaghetti Bolognese 450G;£2.30;£5.12/kg;Chilled Ready Meals;Italian Meals;119;8.2;null;1.5;4.2;1.9;1.1;0.3;
261892309;Tesco Finest Lasagne Al Forno 400G;£3.60;£9.00/kg;Chilled Ready Meals;Italian Meals;175;8.4;null;3.7;9.6;3.7;1.0;0.5;
275396944;Tesco Italian Sausage Pasta Bake 450G;£2.30;£5.12/kg;Chilled Ready Meals;Italian Meals;163;5.1;null;3.0;6.9;1.9;2.2;0.5;
268516728;Tesco Finest King Prawn Spaghetti 400G;£3.60;£9.00/kg;Chilled Ready Meals;Italian Meals;140;6.5;null;0.3;5.7;2.9;1.5;0.4;
275153841;Tesco Italian Macaroni Cheese Pasta 450G;£2.30;£5.12/kg;Chilled Ready Meals;Italian Meals;183;7.2;null;1.0;8.0;4.1;1.0;0.5;
275152208;Tesco Italian Spicy Beef And Jalapeno Melt 450G;£2.30;£5.12/kg;Chilled Ready Meals;Italian Meals;157;7.9;null;1.4;6.8;3.5;1.7;0.5;
261872662;Tesco Finest Chicken And Bacon Pasta Bake 800G;£6.00;£7.50/kg;Chilled Ready Meals;Italian Meals;177;12.4;null;1.1;8.3;3.3;0.9;0.5;
261873839;Tesco Finest Lasagne Al Forno 1.4Kg;£7.00;£5.00/kg;Chilled Ready Meals;Italian Meals;150;9.5;null;1.8;6.6;3.3;1.1;0.5;
275114842;Tesco Italian Spinach And Ricotta Cannelloni 450G;£2.30;£5.12/kg;Chilled Ready Meals;Italian Meals;133;5.6;null;2.2;7.0;4.4;0.8;0.5;
267266846;Tesco Finest Roast Chicken And Pancetta Bake 400G;£3.60;£9.00/kg;Chilled Ready Meals;Italian Meals;121;7.7;null;1.9;5.7;2.7;0.5;0.6;
280032597;Tesco Finest Spaghetti Bolognese 400G;£3.60;£9.00/kg;Chilled Ready Meals;Italian Meals;158;9.1;null;1.7;7.4;2.8;1.3;0.5;
280590908;Tesco Finest Macaroni Cheese 400G;£3.60;£9.00/kg;Chilled Ready Meals;Italian Meals;166;7.2;null;1.3;7.1;4.4;1.8;0.6;
266748612;Tesco Finest Lasagne Al Forno 700G;£5.00;£7.15/kg;Chilled Ready Meals;Italian Meals;154;8.0;null;2.1;7.9;4.1;1.6;0.5;
266748693;Tesco Finest Spaghetti Carbonara 400G;£3.60;£9.00/kg;Chilled Ready Meals;Italian Meals;177;8.8;null;0.7;9.0;4.0;2.2;0.6;
264744337;Tesco Finest Steak Ragu Pappardelle 400G;£3.60;£9.00/kg;Chilled Ready Meals;Italian Meals;140;8.7;null;0.8;4.2;1.7;0.6;0.4;
283814641;Tesco Finest Smoked Haddock Risotto 400G;£3.85;£9.63/kg;Chilled Ready Meals;Italian Meals;116;8.9;null;0.3;3.4;2.0;1.0;0.6;
271752081;The City Kitchen Chicken Katsu Curry 385G;£3.80;£9.88/kg;Chilled Ready Meals;Japanese Meals;123;6.1;null;2.5;3.4;1.4;1.3;0.9;
283970489;Little Dish 1Yr+ Pasta Bolognese 200G;£2.50;£12.50/kg;Chilled Ready Meals;Kids Meals;383kJ 766kJ;4.5;null;null;2.4;null;1.5;0.075;
260502360;Little Dish 1Yr+ Fish Pie 200G;£2.50;£12.50/kg;Chilled Ready Meals;Kids Meals;379kJ 758kJ;4.1;null;null;3.9;null;1.5;0.15;
286999192;Annabel Karmel Scrummy Fish Pie 200G;£2.50;£12.50/kg;Chilled Ready Meals;Kids Meals;388kJ 776kJ;6.1;null;null;4.1;null;1.4;0.7;
286999376;Annabel Karmel Tomato And M'pone With Vegetables 200G;£2.50;£12.50/kg;Chilled Ready Meals;Kids Meals;477kJ 954kJ;4.1;null;null;4.8;null;1.8;0.1;
286999059;Annabel Karmel Chicken, Tomato And Veggie Risotto 200G;£2.50;£12.50/kg;Chilled Ready Meals;Kids Meals;523kJ 1046kJ;8.8;null;null;3.8;null;0.5;0.3;
286999013;Annabel Karmel Tasty Chicken And Potato Pie 200G;£2.50;£12.50/kg;Chilled Ready Meals;Kids Meals;477kJ 954kJ;4.1;null;null;4.8;null;1.0;0.1;
285666547;Little Dish 3Yr+ Chunky Chicken Pot Roast 300G;£3.25;£10.84/kg;Chilled Ready Meals;Kids Meals;407kJ 1222kJ;6.1;null;null;4.0;null;1.4;0.09;
285650364;Little Dish 3Yr+ Fishermans Pie 300G;£3.25;£10.84/kg;Chilled Ready Meals;Kids Meals;391kJ 1173kJ;6.2;null;null;4.1;null;0.6;0.16;
283970587;Little Dish 1Yr+ Pork And Apple Bites With Beans 200G;£2.50;£12.50/kg;Chilled Ready Meals;Kids Meals;421kJ 841kJ;5.8;null;null;3.6;null;3.2;0.16;
286980622;Annabel Karmel Lovely Beef Lasagne 200G;£2.50;£12.50/kg;Chilled Ready Meals;Kids Meals;485kJ 970kJ;10.4;null;null;5.2;null;1.5;0.3;
285650237;Little Dish 3Yr+ Mild Beef Chilli And Rice 300G;£3.25;£10.84/kg;Chilled Ready Meals;Kids Meals;472kJ 1417kJ;4.9;null;null;4.8;null;2.2;0.09;
286999157;Annabel Karmel Delicious Beef Cottage Pie 200G;£2.50;£12.50/kg;Chilled Ready Meals;Kids Meals;410kJ 820kJ;3.8;null;null;3.8;null;1.5;0.1;
259517113;Little Dish 1Yr+ Chicken And Butternut Squash Pie 200G;£2.50;£12.50/kg;Chilled Ready Meals;Kids Meals;401kJ 802kJ;6.7;null;null;4.1;null;0.9;0.1;
269009740;Little Dish 1Yr+ Beef Lasagne 200G;£2.50;£12.50/kg;Chilled Ready Meals;Kids Meals;391kJ 783kJ;5.0;null;null;3.7;null;1.2;0.15;
260502331;Little Dish 1Yr+ Cottage Pie With 7 Vegetable 200G;£2.50;£12.50/kg;Chilled Ready Meals;Kids Meals;383kJ 765kJ;6.8;null;null;4.1;null;1.9;0.2;
286999255;Annabel Karmel Mild Chicken Tikka And Rice 200G;£2.50;£12.50/kg;Chilled Ready Meals;Kids Meals;431kJ 862kJ;5.6;null;null;2.5;null;0.5;0.3;
285666622;Little Dish 3Yr+ 7 Vegetable Lasagne 300G;£3.25;£10.84/kg;Chilled Ready Meals;Kids Meals;392kJ 1175kJ;2.2;null;null;4.4;null;1.0;0.19;
260502452;Little Dish 1Yr+ Chicken Curry With Rice 200G;£2.50;£12.50/kg;Chilled Ready Meals;Kids Meals;476kJ 952kJ;6.1;null;null;3.6;null;1.6;0.07;
286999284;Annabel Karmel Tasty Spaghetti And Meatballs 200G;£2.50;£12.50/kg;Chilled Ready Meals;Kids Meals;499kJ 998kJ;5.4;null;null;3.5;null;1.5;0.1;
265512795;Little Dish 1Yr+ Chicken And Vegetable Risotto 200G;£2.50;£12.50/kg;Chilled Ready Meals;Kids Meals;444kJ 889kJ;6.2;null;null;2.9;null;0.9;0.23;
283970529;Little Dish 1Yr+ Shepherds Pie 200G;£2.50;£12.50/kg;Chilled Ready Meals;Kids Meals;408kJ 815kJ;3.2;null;null;4.6;null;1.8;0.17;
268678524;Little Dish 1Yr+ Spaghetti And Mini Meatballs 200G;£2.50;£12.50/kg;Chilled Ready Meals;Kids Meals;395kJ 790kJ;4.2;null;null;3.5;null;1.3;0.18;
283970627;Little Dish 1Yr+ Salmon And Broccoli Pasta 200G;£2.50;£12.50/kg;Chilled Ready Meals;Kids Meals;386kJ 772kJ;4.7;null;null;4.0;null;1.9;0.15;
276770166;Tesco Big Night Time In Sweet And Sour Chicken And Egg Fried Rice 450G;£3.00;£6.67/kg;Chilled Ready Meals;Meal Deals;143;7.3;null;6.1;2.3;0.4;1.9;0.6;
256363264;Tesco Finest Mushroom Leek And Gruyere Parcels 320G;£5.00;£15.63/kg;Chilled Ready Meals;Meal Deals;295;6.3;null;3.4;20.1;11.6;1.6;0.6;
279928126;Tesco Finest Beef In Chianti 450G;£6.00;£13.34/kg;Chilled Ready Meals;Meal Deals;95;10.4;null;2.1;2.1;0.6;0.8;0.5;
281841162;Tesco Finest Lamb Aubergine And Chickpea Filo Pie 335G;£6.00;£1.80/100g;Chilled Ready Meals;Meal Deals;237;7.7;null;7.2;12.3;6.0;3.1;0.7;
283761072;Tesco Takeaway Chinese Meal 1315G;£7.50;£5.71/kg;Chilled Ready Meals;Meal Deals;101;9.4;null;3.1;4.4;2.1;1.1;0.6;
280542356;Tesco Finest Chicken With Lemon And Herb Butter 425G;£6.00;£14.12/kg;Chilled Ready Meals;Meal Deals;209;19.8;null;1.9;8.3;3.6;0.5;0.6;
282487464;Tesco Finest Traditional Lasagne 700G;£5.00;£7.15/kg;Chilled Ready Meals;Meal Deals;147;9.4;null;1.5;7.0;3.1;1.4;0.5;
276770523;Tesco Big Night Time In Beef Blackbean And Egg Fried Rice Rice 450G;£3.00;£6.67/kg;Chilled Ready Meals;Meal Deals;127;6.8;null;2.4;2.6;0.4;2.1;0.6;
280610996;Tesco Finest Chicken Leek And Bacon Filo Pie 460G;£6.00;£1.31/100g;Chilled Ready Meals;Meal Deals;241;11.4;null;3.1;13.9;7.0;0.8;0.7;
281734669;Tesco Finest Chicken Potato Topped Pie 800G;£6.00;£7.50/kg;Chilled Ready Meals;Meal Deals;121;7.7;null;1.9;5.7;2.7;0.5;0.6;
273968479;Tesco Finest Chicken In A White Wine Sauce With Leeks 400G;£6.00;£15.00/kg;Chilled Ready Meals;Meal Deals;117;15.9;null;1.6;4.5;1.5;0.4;0.2;
279749545;Tesco Finest Farmhouse Cheese Selection;£3.00;£3.00/each;Chilled Ready Meals;Meal Deals;341;20.0;null;0.1;29.0;19.3;0;2.0;
276780200;Tesco Big Night In Chinese 6 Mini Vegetable Rolls 100G;£1.75;£17.50/kg;Chilled Ready Meals;Meal Deals;244;4.8;null;3.7;11.8;5.0;2.5;0.4;
273968859;Tesco Finest Sea Salt And Black Pepper Wedges 400G;£2.60;£6.50/kg;Chilled Ready Meals;Meal Deals;100;1.8;null;1.6;1.6;0.3;3.4;0.6;
283814566;Tesco Finest Smoked Haddock Fishcakes 350G;£6.00;£17.15/kg;Chilled Ready Meals;Meal Deals;202;8.9;null;0.7;11.0;2.2;1.5;1.6;
276770108;Tesco Big Night In Chinese Chicken Chow Mein 450G;£3.00;£6.67/kg;Chilled Ready Meals;Meal Deals;107;7.9;null;1.7;2.0;0.3;1.5;0.6;
267878859;Tesco Finest Moroccan Spiced Lamb Meatball 500G;null;null;Chilled Ready Meals;Meal Deals;137;8.6;null;3.7;6.9;2.8;3.3;0.5;
280505384;Tesco Finest Chicken And Chorizo Paella 700G;£6.00;£8.58/kg;Chilled Ready Meals;Meal Deals;121;9.0;null;2.0;3.7;0.7;1.8;0.6;
276770379;Tesco Big Night In Chinese Chicken Curry And Egg Fried Rice 450G;£3.00;£6.67/kg;Chilled Ready Meals;Meal Deals;127;7.1;null;2.4;3.8;1.1;1.0;0.6;
272541334;Tesco Finest Pork And Chorizo Meatballs 500G;£6.00;£12.00/kg;Chilled Ready Meals;Meal Deals;158;9.1;null;3.7;10.3;3.5;1.9;0.4;
276771113;Tesco Big Night In Indian Bombay Potatoes 250G;£1.75;£7.00/kg;Chilled Ready Meals;Meal Deals;75;1.7;null;4.6;2.4;0.2;2.4;0.7;
276731789;Tesco Big Night In Indian Chicken Biryani 450G;£3.00;£6.67/kg;Chilled Ready Meals;Meal Deals;183;7.3;null;2.1;5.4;0.5;1.6;0.7;
280115382;Tesco Finest Roast Potatoes With Goose Fat 450G;£2.60;£5.78/kg;Chilled Ready Meals;Meal Deals;154;1.9;null;1.1;7.8;1.8;2.0;0.6;
276771770;Tesco Big Night In Lamb Rogan Josh And Rice 450G;£3.00;£6.67/kg;Chilled Ready Meals;Meal Deals;132;5.0;null;3.2;5.7;1.1;2.0;0.4;
276770857;Tesco Big Night In Indian Tarka Dahl 250G;£1.75;£7.00/kg;Chilled Ready Meals;Meal Deals;143;5.7;null;1.4;6.8;1.7;6.3;0.4;
276872264;Tesco Big Night In Sticks And Pops 200G;£1.75;£8.75/kg;Chilled Ready Meals;Meal Deals;275;14.8;null;0.7;16.8;2.5;0.5;1.0;
283761057;Tesco Takeaway Hot Indian Meal For 2 1670G;null;null;Chilled Ready Meals;Meal Deals;87;1.7;null;3.9;3.9;0.3;3.3;0.7;
276772423;Tesco Big Night In Indian 4 Vegetable Samosas 215G;£1.75;£8.14/kg;Chilled Ready Meals;Meal Deals;232;4.7;null;3.1;11.6;0.9;3.5;0.6;
276772066;Tesco Big Night In Indian 4 Onion Bhajis 195G;£1.75;£8.98/kg;Chilled Ready Meals;Meal Deals;271;5.0;null;4.1;18.4;1.4;4.0;0.8;
276731864;Tesco Big Night In Indian Vegetable Balti And Pilau Rice 500G;£3.00;£6.00/kg;Chilled Ready Meals;Meal Deals;137;2.8;null;2.9;5.3;1.1;2.4;0.7;
283760974;Tesco Takeaway Mild Indian Meal For 2 1670G;£7.50;£4.50/kg;Chilled Ready Meals;Meal Deals;120;9.1;null;5.0;6.3;2.0;2.0;0.6;
276772521;Tesco Big Night In Onion Rings 150G;£1.75;£11.67/kg;Chilled Ready Meals;Meal Deals;271;3.7;null;6.1;11.3;0.9;3.1;1.0;
276772481;Tesco Big Night In Breaded Mushrooms 180G;£1.75;£9.73/kg;Chilled Ready Meals;Meal Deals;188;4.0;null;0.3;11.3;0.9;2.6;0.5;
276771954;Tesco Big Night In Indian Chicken Korma And Rice 450G;£3.00;£6.67/kg;Chilled Ready Meals;Meal Deals;158;7.4;null;2.6;7.6;2.5;2.8;0.5;
276771977;Tesco Big Night In Chicken Jalfrezi And Pilau Rice 450G;£3.00;£6.67/kg;Chilled Ready Meals;Meal Deals;133;7.0;null;3.2;5.2;0.5;2.6;0.4;
277063264;Tesco Big Night In Mini Onion Naan 4 X 50G;£1.75;£8.75/kg;Chilled Ready Meals;Meal Deals;290;7.6;null;3.9;9.2;2.2;3.8;0.8;
276771234;Tesco Big Night In Indian Saag Aloo 250G;£1.75;£7.00/kg;Chilled Ready Meals;Meal Deals;132;2.1;null;2.0;8.4;3.4;2.1;0.8;
276771885;Tesco Big Night In Chicken Tikka And Pilau Rice 450G;£3.00;£6.67/kg;Chilled Ready Meals;Meal Deals;156;7.6;null;3.2;7.3;2.3;1.4;0.5;
276772567;Tesco Big Night In Spicy Potato Wedges 250G;£1.75;£7.00/kg;Chilled Ready Meals;Meal Deals;176;2.8;null;2.6;8.1;0.6;2.9;0.4;
276872368;Tesco Big Night In Barbecue Chicken Wings 175G;£1.75;£10.00/kg;Chilled Ready Meals;Meal Deals;230;20.1;null;6.3;13.1;3.4;1.6;1.2;
280485233;Tesco Finest Madagascan Vanilla Cheesecake Wedges 2 X 100G;£2.70;£1.35/100g;Chilled Ready Meals;Meal Deals;364;3.7;null;22.6;24.7;15.2;0.7;0.4;
276715319;Tesco Big Night In The Big Cheese 12" Pizza 460G;£4.00;£0.87/100g;Chilled Ready Meals;Meal Deals;306;14.0;null;2.0;12.4;6.3;1.2;1.1;
260763856;Tesco Finest Vintage Cheddar Mash 500G;£2.60;£5.20/kg;Chilled Ready Meals;Meal Deals;108;3.0;null;0.7;4.9;3.3;1.5;0.4;
279880895;Tesco Finest Sticky Toffee Sponge Pudding 250G;£3.00;£1.20/100g;Chilled Ready Meals;Meal Deals;350;3.4;null;39.4;15.0;8.5;1.9;0.6;
281634350;Tesco Finest Apricot Mixed Berry Crumble 350G;£3.00;£0.86/100g;Chilled Ready Meals;Meal Deals;216;3.2;null;26.6;6.7;3.2;2.4;0.1;
282088493;Tesco Finest Fresh Cream Profiteroles With Swiss Chocolate 8Pk;£3.00;£3.00/each;Chilled Ready Meals;Meal Deals;374;6.5;null;12.7;28.4;14.5;2.2;0.2;
259391041;Tesco Finest Creamed Spinach 250G;£2.60;£10.40/kg;Chilled Ready Meals;Meal Deals;115;2.2;null;0.7;9.4;4.6;2.0;0.6;
281635308;Tesco Finest Swiss Chocolate And Mint Melting Puddings Midi 200G;£3.00;£1.50/100g;Chilled Ready Meals;Meal Deals;null;null;null;null;null;null;null;null;
279880780;Tesco Finest 2 Raspberry And Sicilian Lemon Tarts 230G;£6.00;£14.12/kg;Chilled Ready Meals;Meal Deals;353;5.0;null;25.4;15.7;8.9;3.5;0.1;
276770609;Tesco Big Night In Thai Red Chicken Curry And Rice 450G;£3.00;£6.67/kg;Chilled Ready Meals;Meal Deals;157;8.3;null;1.9;4.7;2.5;1.6;0.4;
273627181;Tesco Big Night In 20 Dough Balls With Dip 260G;£2.00;£0.77/100g;Chilled Ready Meals;Meal Deals;705;0.5;null;0.2;75.6;16.2;0.6;1.0;
281635429;Tesco Finest Blueberry Frangipane Tarts Midi 220G;£3.00;£1.37/100g;Chilled Ready Meals;Meal Deals;null;null;null;null;null;null;null;null;
281005202;Tesco Finest Strawberry Trifle 280G;£3.00;£1.20/100g;Chilled Ready Meals;Meal Deals;237;2.1;null;16.2;17.0;10.7;0.3;0.1;
283814508;Tesco Finest Roasted Mediterranean Vegetable Rice 300G;£2.60;£8.67/kg;Chilled Ready Meals;Meal Deals;143;2.5;null;2.1;3.0;0.7;1.6;0.1;
279879978;Tesco Finest Autumn Fruit Nut Crumble Meal Deal 300G;£2.60;£10.40/kg;Chilled Ready Meals;Meal Deals;209;3.5;null;22.7;6.2;3.4;1.7;0.1;
276770759;Tesco Big Night In Thai Green Chicken Curry And Jasmine Rice 450G;£3.00;£6.67/kg;Chilled Ready Meals;Meal Deals;163;8.5;null;1.7;5.2;2.0;1.4;0.5;
280485066;Tesco Finest Swiss Dark And White Chocolate Cheesecake 2 X 100G;£2.75;£1.38/100g;Chilled Ready Meals;Meal Deals;430;4.8;null;24.8;29.1;17.4;1.9;0.2;
259343479;Tesco Finest Green Vegetable Selection 260G;£2.60;£10.00/kg;Chilled Ready Meals;Meal Deals;95;2.8;null;2.4;6.6;4.1;3.6;0.4;
275443924;Tesco Finest Mediterranean Vegetable Selection 250G;£2.60;£10.40/kg;Chilled Ready Meals;Meal Deals;73;1.6;null;5.8;3.2;0.3;1.8;0.3;
260763735;Tesco Finest Root Vegetable Mash 500G;£2.60;£10.00/kg;Chilled Ready Meals;Meal Deals;91;1.3;null;3.3;4.8;3.2;2.2;0.4;
252203236;Diet Coke Contour 6 X 330Ml Bottle;£4.49;£0.23/100ml;Chilled Ready Meals;Meal Deals;null;null;null;null;null;null;null;null;
268328146;Bottle Green Twin Pack 2 X 750Ml;£4.55;£0.30/100ml;Chilled Ready Meals;Meal Deals;30;0;null;null;0;null;null;0.04;
284410702;Tesco Finest Grillo 75Cl;£7.29;£7.29/75cl;Chilled Ready Meals;Meal Deals;null;null;null;null;null;null;null;null;
276716255;Tesco Big Night In Loaded Pepperoni 12" Pizza 490G;£4.00;£0.82/100g;Chilled Ready Meals;Meal Deals;293;11.4;null;3.7;11.8;4.7;1.1;1.4;
276715918;Tesco Big Night In Meaty Mayhem 12" Pizza 530G;£4.00;£0.76/100g;Chilled Ready Meals;Meal Deals;276;11.5;null;3.8;10.7;4.3;1.0;1.5;
283816852;Tesco Thin And Tasty Hickory Barbecue Chicken Stonebake Pizza 351G;£2.20;£0.63/100g;Chilled Ready Meals;Meal Deals;254;11.9;null;5.4;7.5;2.6;2.4;1.0;
276715573;Tesco Big Night In Sweet Kickin Chicken 12" Pizza 535G;£4.00;£0.75/100g;Chilled Ready Meals;Meal Deals;249;11.6;null;4.8;7.6;3.1;1.1;1.0;
285322160;Tesco Finest Breede River Chenin Sauvignon 75Cl;null;null;Chilled Ready Meals;Meal Deals;null;null;null;null;null;null;null;null;
276715452;Tesco Big Night In Texas Barbecue 12" Pizza 515G;£4.00;£0.78/100g;Chilled Ready Meals;Meal Deals;273;10.8;null;6.4;9.1;3.7;1.1;1.0;
252202871;Coca Cola Regular Contour 6 X 330Ml Bottle;£4.49;£0.23/100ml;Chilled Ready Meals;Meal Deals;null;null;null;null;null;null;null;null;
285322315;Tesco Finest Nero Mascalese 75Cl;£7.19;£7.19/75cl;Chilled Ready Meals;Meal Deals;null;null;null;null;null;null;null;null;
285507702;Tesco Finest Vinas Del Rey Toro Rose 75Cl;£7.19;£7.19/75cl;Chilled Ready Meals;Meal Deals;null;null;null;null;null;null;null;null;
280486762;Tesco Finest Freshly Squeezed Lemonade2x1000ml;£4.98;£0.25/100ml;Chilled Ready Meals;Meal Deals;228kJ 571kJ;0.2;null;null;0.3;null;0.6;0.1;
281761141;Tesco Finest Toro 75Cl;£7.19;£7.19/75cl;Chilled Ready Meals;Meal Deals;null;null;null;null;null;null;null;null;
275902658;Tesco Americana Chipotle Chilli Rack Of Ribs 500G;£3.35;£6.70/kg;Chilled Ready Meals;Mexican & Tex Mex Meals;225;14.6;null;4.7;15.0;6.1;0.2;0.3;
285529198;Tesco Tex Mex Spicy Rice 300G;£2.50;£8.34/kg;Chilled Ready Meals;Mexican & Tex Mex Meals;174;3.0;null;0.9;3.3;0.3;2.0;0.3;
279935324;Tesco Hickory Barbecue Pulled Pork 285G;£4.00;£14.04/kg;Chilled Ready Meals;Mexican & Tex Mex Meals;163;16.2;null;8.5;7.1;2.6;0.2;0.7;
282950123;Tasty Favourites Barbecue Chicken 500G;£1.95;£3.90/kg;Chilled Ready Meals;Mexican & Tex Mex Meals;126 ;5.9;null;null;1.9;null;1.5;0.6;
285528815;Tesco Spicy Potato Wedges Sour Cream And Chive Dip 455G;£2.50;£5.50/kg;Chilled Ready Meals;Mexican & Tex Mex Meals;300;3.1;null;2.5;29.7;6.5;1.7;0.9;
282855075;Tesco Chicken Enchiladas 400G;£3.00;£7.50/kg;Chilled Ready Meals;Mexican & Tex Mex Meals;184;10.4;null;2.3;9.0;4.2;2.6;0.9;
265726035;Tesco Rack Of Ribs 500G;£3.35;£6.70/kg;Chilled Ready Meals;Mexican & Tex Mex Meals;238;16.7;null;10.3;13.7;5.4;0.5;0.5;
282855150;Tesco Chilli Con Carne And Rice 450G;£3.00;£6.67/kg;Chilled Ready Meals;Mexican & Tex Mex Meals;116;7.7;null;1.4;2.4;0.5;1.1;0.4;
282855098;Tesco Tex Mex Spicy Beef Burrito 400G;£3.00;£7.50/kg;Chilled Ready Meals;Mexican & Tex Mex Meals;192;6.7;null;2.2;6.8;2.4;1.9;0.6;
285529117;Tesco Tex Mex Spicy Potatoes 400G;£2.50;£6.25/kg;Chilled Ready Meals;Mexican & Tex Mex Meals;166;3.2;null;1.6;5.0;0.4;4.1;0.5;
282855115;Tesco Chicken Fajitas 450G;£3.00;£6.67/kg;Chilled Ready Meals;Mexican & Tex Mex Meals;135;9.3;null;0.5;4.0;1.5;2.4;0.7;
279935359;Tesco Barbecue Beef Short Rib 500G;£4.00;£8.00/kg;Chilled Ready Meals;Mexican & Tex Mex Meals;218;19.4;null;1.0;15.1;6.9;0.1;0.5;
285529025;Tesco Tex Mex Curly Fries With Barbecue Dip 350G;£2.50;£7.15/kg;Chilled Ready Meals;Mexican & Tex Mex Meals;77;0.3;null;11.6;0.4;0.2;0.5;0.4;
282979988;Rustlers Cheeseburger 162G;£2.00;£12.35/kg;Chilled Ready Meals;Microwavable Snacks;275;13.2;null;null;14;null;null;1.2;
275281412;Speedy Snacks Chicken Burger 228G;£2.20;£9.65/kg;Chilled Ready Meals;Microwavable Snacks;246;11.4;null;null;8.2;null;null;1.5;
282997269;Rustlers The Big One 211G;£2.40;£11.38/kg;Chilled Ready Meals;Microwavable Snacks;278;13.6;null;null;14.1;null;null;1.2;
282997321;Rustlers The Deluxe With Bacon /Cheese 191G;£2.40;£12.57/kg;Chilled Ready Meals;Microwavable Snacks;263;14.1;null;null;13.7;null;null;1.4;
282980093;Speedy Snacks Hot Dog 135G;£1.75;£12.97/kg;Chilled Ready Meals;Microwavable Snacks;1035kJ;8.3;null;null;10.4;null;null;1.7;
258859602;Speedy Snacks Beef Burger 220G;£2.20;£10.00/kg;Chilled Ready Meals;Microwavable Snacks;278;10.5;null;null;13.7;null;null;1.3;
255956866;Rustlers Chicken Sandwich 150G;£1.00;£6.67/kg;Chilled Ready Meals;Microwavable Snacks;245;13.3;null;null;11.6;null;null;1.5;
265500659;Rustlers Southern Fried Chicken 158G;£2.20;£13.93/kg;Chilled Ready Meals;Microwavable Snacks;268;11;null;null;11.8;null;null;1.4;
253141802;Rustlers Hot Dog 146G;£2.20;£15.07/kg;Chilled Ready Meals;Microwavable Snacks;236;9.2;null;null;9.9;null;null;1.5;
268962061;Zugo's Chicken And Pesto Panini 150G;£2.20;£14.67/kg;Chilled Ready Meals;Microwavable Snacks;null;15.5;null;null;9.2;null;null;1.2;
255956906;Rustlers Quarter Pounder Cheese 190G;£2.20;£11.58/kg;Chilled Ready Meals;Microwavable Snacks;293;13.4;null;null;16.3;null;null;1.3;
268853311;Zugo's Carbonara Pasta Pot 300G;£2.20;£7.34/kg;Chilled Ready Meals;Microwavable Snacks;194;5.2;null;null;11.4;null;null;0.7;
262956648;Zugo's Bacon And Cheese Panini 145G;£2.20;£15.18/kg;Chilled Ready Meals;Microwavable Snacks;null;15;null;null;15.2;null;null;2;
279959982;Zugo's Mediterranean Chicken Panini 152G;£2.20;£14.48/kg;Chilled Ready Meals;Microwavable Snacks;null;13.9;null;null;7.6;null;null;1.2;
282997603;Rustlers Barbecue Pork Rib Sandwich 157G;£1.00;£6.37/kg;Chilled Ready Meals;Microwavable Snacks;270;14.3;null;null;13;null;null;1.2;
280218188;Zugo's Cheese And Onion Chutney Panini 150G;£2.20;£14.67/kg;Chilled Ready Meals;Microwavable Snacks;null;12.4;null;null;15.3;null;null;1.2;
274419114;Rustlers Double Decker Cheese Burger 237G;£2.40;£10.13/kg;Chilled Ready Meals;Microwavable Snacks;319;14.2;null;null;22;null;null;1.3;
276772521;Tesco Big Night In Onion Rings 150G;£1.75;£11.67/kg;Chilled Ready Meals;Party Food;271;3.7;null;6.1;11.3;0.9;3.1;1.0;
285528268;Tesco Tex Mex Cheese And Bacon Skin With Chive Dip 295G;£2.50;£8.48/kg;Chilled Ready Meals;Party Food;231;8.3;null;2.6;15.1;6.0;2.6;0.7;
276772567;Tesco Big Night In Spicy Potato Wedges 250G;£1.75;£7.00/kg;Chilled Ready Meals;Party Food;176;2.8;null;2.6;8.1;0.6;2.9;0.4;
279458336;Tesco 10 Chicken Kebab Selection 200G;£3.00;£1.50/100g;Chilled Ready Meals;Party Food;214;25.0;null;8.0;8.8;2.6;0.7;0.9;
276872264;Tesco Big Night In Sticks And Pops 200G;£1.75;£8.75/kg;Chilled Ready Meals;Party Food;275;14.8;null;0.7;16.8;2.5;0.5;1.0;
285528625;Tesco Breaded Mushrooms With Garlic And Onion Dip 290G;£2.50;£11.12/kg;Chilled Ready Meals;Party Food;188;4.0;null;0.3;11.3;0.9;2.6;0.5;
276772481;Tesco Big Night In Breaded Mushrooms 180G;£1.75;£9.73/kg;Chilled Ready Meals;Party Food;188;4.0;null;0.3;11.3;0.9;2.6;0.5;
279458313;Tesco 8 Southern Fried Breaded Prawn 128G;£3.00;£0.23/10g;Chilled Ready Meals;Party Food;265;14.6;null;1.5;12.9;5.6;1.5;1.0;
276872368;Tesco Big Night In Barbecue Chicken Wings 175G;£1.75;£10.00/kg;Chilled Ready Meals;Party Food;230;20.1;null;6.3;13.1;3.4;1.6;1.2;
276355629;Tesco Mini Sticky Barbecue Ribs 340G;£2.20;£6.48/kg;Chilled Ready Meals;Party Food;251;17.1;null;14.6;13.1;5.1;0.5;0.6;
250337893;Tesco Finest Cornish Butter Mash 500G;£2.60;£5.20/kg;Chilled Ready Meals;Potato & Veg Side Dishes;129;1.4;null;1.2;7.8;5.2;1.2;0.4;
261893654;Tesco Finest Chunky Chips 450G;£2.60;£5.78/kg;Chilled Ready Meals;Potato & Veg Side Dishes;121;1.6;null;1.7;3.5;0.3;2.0;0.6;
250283609;Tesco 6 Potato Croquettes 220G;£1.50;£6.82/kg;Chilled Ready Meals;Potato & Veg Side Dishes;203;2.8;null;0.5;9.0;1.4;1.8;0.5;
283508687;Tesco Baby Pots With Herb Dressing 400G;£2.20;£5.50/kg;Chilled Ready Meals;Potato & Veg Side Dishes;86;1.5;null;2.6;1.8;0.2;1.6;0.3;
260763856;Tesco Finest Vintage Cheddar Mash 500G;£2.60;£5.20/kg;Chilled Ready Meals;Potato & Veg Side Dishes;108;3.0;null;0.7;4.9;3.3;1.5;0.4;
260713093;Tesco Cheddar Mash 500G;£1.30;£2.60/kg;Chilled Ready Meals;Potato & Veg Side Dishes;132;3.6;null;0.8;6.3;4.2;1.6;0.4;
281734681;Tesco Fluffy Jacket Potatoes Cheese And Bacon 450G;£2.50;£5.56/kg;Chilled Ready Meals;Potato & Veg Side Dishes;114;4.6;null;1.0;4.2;2.6;1.8;0.5;
260763735;Tesco Finest Root Vegetable Mash 500G;£2.60;£10.00/kg;Chilled Ready Meals;Potato & Veg Side Dishes;91;1.3;null;3.3;4.8;3.2;2.2;0.4;
280115382;Tesco Finest Roast Potatoes With Goose Fat 450G;£2.60;£5.78/kg;Chilled Ready Meals;Potato & Veg Side Dishes;154;1.9;null;1.1;7.8;1.8;2.0;0.6;
262586141;Tesco Fresh Mash 500G;£1.30;£2.60/kg;Chilled Ready Meals;Potato & Veg Side Dishes;90;1.9;null;2.1;3.5;2.3;1.5;0.5;
267721947;Tesco Finest Garlic Mushrooms 300G;£2.60;£8.67/kg;Chilled Ready Meals;Potato & Veg Side Dishes;168;5.0;null;0.8;13.7;5.1;2.3;0.7;
259391041;Tesco Finest Creamed Spinach 250G;£2.60;£10.40/kg;Chilled Ready Meals;Potato & Veg Side Dishes;115;2.2;null;0.7;9.4;4.6;2.0;0.6;
283814508;Tesco Finest Roasted Mediterranean Vegetable Rice 300G;£2.60;£8.67/kg;Chilled Ready Meals;Potato & Veg Side Dishes;143;2.5;null;2.1;3.0;0.7;1.6;0.1;
275443924;Tesco Finest Mediterranean Vegetable Selection 250G;£2.60;£10.40/kg;Chilled Ready Meals;Potato & Veg Side Dishes;73;1.6;null;5.8;3.2;0.3;1.8;0.3;
261893078;Tesco Finest Cauliflower Cheese 350G;£2.60;£7.43/kg;Chilled Ready Meals;Potato & Veg Side Dishes;133;5.0;null;2.9;8.6;5.7;1.2;0.5;
256752011;Tesco Finest Potato Dauphinoise 450G;£2.60;£5.78/kg;Chilled Ready Meals;Potato & Veg Side Dishes;163;2.6;null;1.4;11.7;7.6;1.6;0.5;
277418278;Tesco Fresh Mash 800G;£1.00;£1.25/kg;Chilled Ready Meals;Potato & Veg Side Dishes;90;1.9;null;2.1;3.5;2.3;1.5;0.5;
259343479;Tesco Finest Green Vegetable Selection 260G;£2.60;£10.00/kg;Chilled Ready Meals;Potato & Veg Side Dishes;95;2.8;null;2.4;6.6;4.1;3.6;0.4;
264512670;Tesco Jacket Potatoes With Cheese 450G;£1.25;£2.78/kg;Chilled Ready Meals;Potato & Veg Side Dishes;128;2.9;null;0.6;4.9;3.0;1.5;0.5;
280004441;Tesco Finest Rosemary Roasted Potatoes 380G;£2.60;£6.85/kg;Chilled Ready Meals;Potato & Veg Side Dishes;110;2.8;null;0.7;1.4;0.3;2.6;0.5;
283507826;Tesco Garlic Mushrooms 300G;£2.00;£6.67/kg;Chilled Ready Meals;Potato & Veg Side Dishes;150;4.0;null;0.5;12.6;1.5;2.1;0.5;
283507884;Tesco Moroccan Cous Cous 300G;£2.00;£6.67/kg;Chilled Ready Meals;Potato & Veg Side Dishes;149;4.6;null;7.1;2.2;0.3;3.9;0.4;
250281180;Tesco Carrot And Swede Mash 500G;£1.30;£2.60/kg;Chilled Ready Meals;Potato & Veg Side Dishes;84;1.4;null;2.2;3.3;2.2;1.4;0.5;
283507740;Tesco Cheese And Onion Rostis 190G;£1.50;£7.90/kg;Chilled Ready Meals;Potato & Veg Side Dishes;258;5.7;null;1.9;15.4;2.3;3.0;1.2;
277436331;Tesco Buttery And Sweet Layered Vegetables 315G;£2.20;£6.99/kg;Chilled Ready Meals;Potato & Veg Side Dishes;123;3.1;null;3.6;6.0;3.7;4.2;0.4;
285529117;Tesco Tex Mex Spicy Potatoes 400G;£2.50;£6.25/kg;Chilled Ready Meals;Potato & Veg Side Dishes;166;3.2;null;1.6;5.0;0.4;4.1;0.5;
256111494;Tesco Green Vegetable Medley 250G;£2.00;£8.00/kg;Chilled Ready Meals;Potato & Veg Side Dishes;89;3.5;null;2.3;4.9;3.3;4.8;0.3;
285528815;Tesco Spicy Potato Wedges Sour Cream And Chive Dip 455G;£2.50;£5.50/kg;Chilled Ready Meals;Potato & Veg Side Dishes;300;3.1;null;2.5;29.7;6.5;1.7;0.9;
258302991;Tesco Cauliflower Cheese 350G;£1.30;£3.72/kg;Chilled Ready Meals;Potato & Veg Side Dishes;108;4.4;null;2.1;7.2;3.6;1.2;0.6;
285529025;Tesco Tex Mex Curly Fries With Barbecue Dip 350G;£2.50;£7.15/kg;Chilled Ready Meals;Potato & Veg Side Dishes;77;0.3;null;11.6;0.4;0.2;0.5;0.4;
250283834;Tesco Bubble And Squeak 650G;£2.00;£3.08/kg;Chilled Ready Meals;Potato & Veg Side Dishes;93;1.8;null;1.5;3.5;0.4;1.6;0.5;
256111511;Tesco Honey Roasted Parsnips 250G;null;null;Chilled Ready Meals;Potato & Veg Side Dishes;201;2.0;null;18.6;6.5;1.6;7.7;0.6;
255836346;Tesco Potato Gratin 450G;£2.00;£4.45/kg;Chilled Ready Meals;Potato & Veg Side Dishes;150;2.5;null;0.8;10.2;6.8;1.4;0.6;
283508566;Tesco Onion Rings 250G;£2.00;£8.00/kg;Chilled Ready Meals;Potato & Veg Side Dishes;262;3.5;null;6.4;11.1;0.9;3.1;1.0;
283508704;Tesco Beans Courgette,Spin With Pesto 310G;£2.20;£7.10/kg;Chilled Ready Meals;Potato & Veg Side Dishes;61;3.1;null;2.4;2.6;0.4;2.7;0.4;
262585793;Tesco Cauliflower Cheese 600G;£2.00;£3.34/kg;Chilled Ready Meals;Potato & Veg Side Dishes;105;4.6;null;2.2;7.3;3.0;1.9;0.7;
260713127;Tesco Roast Potatoes 450G;£2.00;£4.45/kg;Chilled Ready Meals;Potato & Veg Side Dishes;170;2.4;null;1.6;7.3;2.0;2.7;0.4;
256339568;Tesco Red Cabbage And Apple 280G;£2.00;£7.15/kg;Chilled Ready Meals;Potato & Veg Side Dishes;94;1.1;null;10.5;3.6;2.4;3.0;0.4;
283507772;Tesco Sliced Pots With Butter 450G;£2.00;£4.45/kg;Chilled Ready Meals;Potato & Veg Side Dishes;136;2.2;null;2.8;6.2;2.0;2.3;0.4;
283508629;Tesco Baby Pots Sweetcorn And Spinach 300G;£2.20;£7.34/kg;Chilled Ready Meals;Potato & Veg Side Dishes;90;2.2;null;2.7;0.6;0.2;2.3;0.3;
268917749;Tesco Roasted Winter Vegetables 400G;£2.00;£5.00/kg;Chilled Ready Meals;Potato & Veg Side Dishes;167;2.8;null;5.8;8.6;3.2;4.7;0.5;
254259506;Counter Atlantica Spanish Potato And Onion Omelette;£2.50;£0.50/100g;Chilled Ready Meals;Spanish Tapas;null;4.0;null;null;6.0;null;2.5;1.1;
268902104;Red Pepper And Chorizo Spanish Tortilla 500G;£3.00;£0.60/100g;Chilled Ready Meals;Spanish Tapas;140;5.0;null;0.6;7.0;1.5;2.5;0.8;
283741876;Tesco Takeaway Red Thai Chicken Curry 385G;£3.50;£9.10/kg;Chilled Ready Meals;Thai Meals;121;8.9;null;4.0;6.8;3.0;0.5;0.7;
283741899;Tesco Takeaway Chilli Pork 385G;£3.50;£9.10/kg;Chilled Ready Meals;Thai Meals;144;6.3;null;3.5;4.1;0.6;0.7;0.7;
283741980;Tesco Takeaway Chilli Vegetable Noodles 300G;£2.00;£6.67/kg;Chilled Ready Meals;Thai Meals;123;3.9;null;2.7;2.0;0.2;1.2;0.5;
283631246;The City Kitchen Chicken Fried Rice Pot 450G;£2.75;£6.12/kg;Chilled Ready Meals;Thai Meals;106;4.1;null;2.5;1.6;0.4;0.9;0.5;
271752167;The City Kitchen King Prawn Red Thai Curry 385G;£3.80;£9.88/kg;Chilled Ready Meals;Thai Meals;112;3.8;null;2.8;4.8;2.3;1.3;0.7;
273246429;Tesco Ken Hom Green Thai Chicken Curry And Rice 450G;£3.30;£6.60/kg;Chilled Ready Meals;Thai Meals;126;7.6;null;1.4;4.2;1.8;0.6;0.6;
273246562;Tesco Ken Hom Red Thai Chicken Curry And Rice 450G;£3.30;£6.60/kg;Chilled Ready Meals;Thai Meals;127;6.7;null;1.9;4.5;1.8;0.6;0.6;
282645393;Weight Watchers Red Thai Chicken Curry 400G;£2.60;£0.65/100g;Chilled Ready Meals;Thai Meals;null;5.7;null;null;1.9;null;1.0;0.4;
276770609;Tesco Big Night In Thai Red Chicken Curry And Rice 450G;£3.00;£6.67/kg;Chilled Ready Meals;Thai Meals;157;8.3;null;1.9;4.7;2.5;1.6;0.4;
283741939;Tesco Takeaway Sticky Jasmine Rice 500G;£2.00;£4.00/kg;Chilled Ready Meals;Thai Meals;126;2.5;null;0.1;0.2;0.1;0;0.1;
283741712;Tesco Takeaway Green Thai Chicken Curry 385G;£3.50;£9.10/kg;Chilled Ready Meals;Thai Meals;105;8.5;null;2.3;6.2;3.1;0.9;0.9;
283761092;Tesco Takeaway Thai Meal 1315G;£7.50;£5.71/kg;Chilled Ready Meals;Thai Meals;469;1.6;null;11.0;19.0;8.4;2.3;1.9;
283740606;Tesco Takeaway Singapore Noodles 385G;£3.50;£9.10/kg;Chilled Ready Meals;Thai Meals;162;6.2;null;1.9;5.5;0.8;1.3;0.6;
276770759;Tesco Big Night In Thai Green Chicken Curry And Jasmine Rice 450G;£3.00;£6.67/kg;Chilled Ready Meals;Thai Meals;163;8.5;null;1.7;5.2;2.0;1.4;0.5;
266752278;Cauldron Foods Lincolnshire Sausages 6 Pack 276G;£2.20;£7.98/kg;Chilled Ready Meals;Vegetarian Meals;758kJ;16.1;null;null;9.8;null;3.6;1.3;
285585959;Quorn Chef Selection Fillets 180G;£2.20;£12.23/kg;Chilled Ready Meals;Vegetarian Meals;359kJ 323kJ 4% 8400kJ;11.5;null;null;1.5;null;5.0;0.8;
258292396;Quorn 2 Gruyere Cheese Escalopes 220G;£2.20;£10.00/kg;Chilled Ready Meals;Vegetarian Meals;1015kJ 1117kJ 13% 8400kJ;10.0;null;null;14.0;null;2.6;1.3;
258961100;Quorn Chicken Style Pieces 350G;£3.00;£8.58/kg;Chilled Ready Meals;Vegetarian Meals;373kJ;14.0;null;null;1.4;null;8.3;0.8;
273968859;Tesco Finest Sea Salt And Black Pepper Wedges 400G;£2.60;£6.50/kg;Chilled Ready Meals;Vegetarian Meals;100;1.8;null;1.6;1.6;0.3;3.4;0.6;
255940873;Quorn Cottage Pie 500G;£3.00;£6.00/kg;Chilled Ready Meals;Vegetarian Meals;372kJ;4.5;null;null;2.5;null;2.4;0.5;
266727804;Cauldron Foods Falafel 200G;£1.80;£9.00/kg;Chilled Ready Meals;Vegetarian Meals;1119kJ 560kJ;7.5;null;null;14.0;null;6.0;0.4;
266728037;Cauldron Foods Marinated Tofu Pieces 160G;£1.80;£11.25/kg;Chilled Ready Meals;Vegetarian Meals;965kJ 772kJ;17.5;null;null;17.0;null;2.7;1.5;
266749507;Quorn Roast Style Sliced Fillets 140G;£2.20;£15.72/kg;Chilled Ready Meals;Vegetarian Meals;589kJ 412kJ 5% 8400kJ;15.5;null;null;6.0;null;5.5;0.5;
259363109;Quorn Mince 350G;£3.00;£8.58/kg;Chilled Ready Meals;Vegetarian Meals;441 kJ;14.5;null;null;2.0;null;5.5;0.3;
275119497;Tesco Italian Vegetable Lasagne 450G;£2.30;£5.12/kg;Chilled Ready Meals;Vegetarian Meals;109;2.9;null;2.4;5.8;2.4;1.6;0.4;
266725196;Quorn Roast Chicken Style Slices 100G;£1.70;£17.00/kg;Chilled Ready Meals;Vegetarian Meals;null;17.0;null;null;2.3;null;3.0;null;
266725046;Quorn Peppered Beef Style Slices 100G;£1.70;£17.00/kg;Chilled Ready Meals;Vegetarian Meals;null;14.5;null;null;2.1;null;4.0;-;
251922538;Quorn 2 Peppered Steaks 196G;£2.20;£11.23/kg;Chilled Ready Meals;Vegetarian Meals;529kJ 518kJ;13.6;null;null;4.0;null;6.9;1.5;
283970915;Quorn Pork Pies 114G;£1.70;£14.92/kg;Chilled Ready Meals;Vegetarian Meals;1595kJ 909kJ 11% 8400kJ;9.6;null;null;20.3;null;4.0;1.7;
266727466;Cauldron Foods Tofu 396G;£1.80;£4.55/kg;Chilled Ready Meals;Vegetarian Meals;null;8.4;null;null;3.5;null;0.6;null;
283970869;Quorn Indian Samosa 184G;£2.20;£11.96/kg;Chilled Ready Meals;Vegetarian Meals;976kJ 224kJ 3% 8400kJ;6.4;null;null;11.8;null;2.8;0.9;
285592098;Quorn Meat Free Pork Steaks 176G;£2.20;£12.50/kg;Chilled Ready Meals;Vegetarian Meals;663kJ 550kJ 7% 8400kJ;16.5;null;null;8.5;null;5.3;0.8;
257389543;Quorn Sausages 250G;£2.00;£8.00/kg;Chilled Ready Meals;Vegetarian Meals;738kJ;10.2;null;null;7.8;null;6.2;1.4;
286748743;Quorn Picnic Egg 180G;£1.70;£9.45/kg;Chilled Ready Meals;Vegetarian Meals;1075kJ;15.0;null;null;11.5;null;4.6;1.8;
267265296;Quorn Bacon Style Rashers 120G;£1.70;£14.17/kg;Chilled Ready Meals;Vegetarian Meals;550kJ 167kJ 2% 8400kJ;15.0;null;null;5.5;null;5.0;1.8;
264937766;Innocent Mexican Chipotle Chilli Vegetable Pot 380G;£3.90;£10.27/kg;Chilled Ready Meals;Vegetarian Meals;null;2.6;null;null;null;null;4.1;0.45;
278975802;Quorn Steak Style Pie 235G;£2.00;£8.52/kg;Chilled Ready Meals;Vegetarian Meals;782kJ 1838kJ 22% 8400kJ;5.6;null;null;8.0;null;2.0;0.8;
283971004;Quorn Steak Slice 167G;£1.70;£10.18/kg;Chilled Ready Meals;Vegetarian Meals;1123kJ;6.1;null;null;14.0;null;3.0;0.8;
280760823;Quorn Piri Piri And Rice 400G;£2.80;£7.00/kg;Chilled Ready Meals;Vegetarian Meals;417kJ;4.7;null;null;1.6;null;3.8;0.4;
273724768;Quorn Best Of British Sausages 240G;£2.00;£8.34/kg;Chilled Ready Meals;Vegetarian Meals;771kJ;11.0;null;null;9.5;null;3.5;1.8;
266725242;Quorn Smokey Ham Style Slices 100G;£1.70;£17.00/kg;Chilled Ready Meals;Vegetarian Meals;571kJ 143kJ;15.5;null;null;2.0;null;5.0;1.3;
280760302;Quorn Tikka Sliced Fillets 140G;£2.20;£15.72/kg;Chilled Ready Meals;Vegetarian Meals;423kJ 296kJ 4% 8400kJ;12.8;null;null;1.9;null;5.1;1.1;
260403667;Quorn Fajita Strips 140G;£2.20;£15.72/kg;Chilled Ready Meals;Vegetarian Meals;485kJ 340kJ;14.8;null;null;1.6;null;2.4;1.4;
274885926;Cauldron Moroccan Falafel Bites 180G;£1.80;£10.00/kg;Chilled Ready Meals;Vegetarian Meals;1003kJ 602kJ;6.0;null;null;6.5;null;6.0;0.8;
259941318;Innocent Thai Coconut Curry Vegetable Pot 380G;£3.90;£10.27/kg;Chilled Ready Meals;Vegetarian Meals;null;2.2;null;null;null;null;1.9;0.34;
274886712;Quorn Cocktail Sausages 180G;£1.70;£9.45/kg;Chilled Ready Meals;Vegetarian Meals;909kJ 545kJ 6% 8400kJ;11.2;null;null;12.2;null;3.9;2.3;
283970950;Quorn Turkey And Sage Slices 100G;£1.70;£17.00/kg;Chilled Ready Meals;Vegetarian Meals;540kJ 135kJ;16.0;null;null;2.3;null;4.0;1.3;
277926379;Quorn Tikka Masala 400G;£2.80;£7.00/kg;Chilled Ready Meals;Vegetarian Meals;547kJ;4.4;null;null;4.9;null;3.3;0.7;
264566035;Innocent Seasonal Vegetable Pot 380G;£3.90;£10.27/kg;Chilled Ready Meals;Vegetarian Meals;null;2.2;null;null;null;null;1.9;0.47;
261909413;Quorn Classic Lasagne 500G;£3.00;£6.00/kg;Chilled Ready Meals;Vegetarian Meals;385kJ;4.8;null;null;3.3;null;1.7;0.5;
277926356;Quorn Classic Burger 180G;£2.20;£12.23/kg;Chilled Ready Meals;Vegetarian Meals;760kJ 684kJ;18.0;null;null;8.2;null;3.9;1.5;
280760691;Quorn Sausage Roll 130G;£1.70;£13.08/kg;Chilled Ready Meals;Vegetarian Meals;941kJ 1223kJ 15% 8400kJ;12.3;null;null;9.3;null;3.8;1.0;
272046247;Cadbury Chocolate And Caramel Chaos Pot 450G;£3.50;£0.78/100g;Chilled Desserts;Fresh Cream Desserts;null;null;null;null;null;null;null;null;
266372981;Cadbury Chocolate Fresh Cream Cake 430G;£3.50;£0.81/100g;Chilled Desserts;Fresh Cream Desserts;null;null;null;null;null;null;null;null;
251275791;Tesco 2 Fresh Cream And Strawberry Jam Scones 175G;£1.15;£0.66/100g;Chilled Desserts;Fresh Cream Desserts;352;5.4;null;16.5;17.0;8.6;1.3;1.0;
251158170;Tesco 2 Belgian Chocolate Choux Buns;£1.15;£0.58/each;Chilled Desserts;Fresh Cream Desserts;349;7.3;null;12.9;24.5;10.6;1.2;0.2;
254985769;Tesco 2 Fresh Cream Belgian Chocolate Eclairs;£1.15;£0.58/each;Chilled Desserts;Fresh Cream Desserts;382;7.3;null;17.2;25.3;10.8;1.0;0.2;
272047252;Tesco 2 Chocolate And Fresh Cream Meringues 143G;£2.00;£1.40/100g;Chilled Desserts;Fresh Cream Desserts;402;4.0;null;49.2;20.2;13.0;0.7;0.2;
252865158;Tesco 2 Custard And Raspberry Sauce Doughnuts;£1.15;£0.58/each;Chilled Desserts;Fresh Cream Desserts;264;5.0;null;14.0;10.8;4.1;1.4;0.6;
250485624;Tesco 2 Iced Custard Slice 2X108g;£1.15;£0.58/each;Chilled Desserts;Fresh Cream Desserts;283;3.2;null;27.5;11.3;6.0;0.9;0.3;
282430537;2 Pack Fresh Cream Toffee Doughnuts;£1.40;£0.70/each;Chilled Desserts;Fresh Cream Desserts;358;6.1;null;16.8;18.3;8.3;1.0;0.9;
272051804;Tesco 2 Pack Strawberry And Frshcrm Victoria Sponge 200G;£2.00;£1.00/100g;Chilled Desserts;Fresh Cream Desserts;349;4.1;null;23.0;21.3;11.0;0.8;0.5;
255999008;Tesco 2 Fresh Cream And Strawberry Jam Slices;£1.15;£0.58/each;Chilled Desserts;Fresh Cream Desserts;383;4.0;null;27.7;19.0;10.6;1.2;0.2;
253552538;Tesco 2 Fresh Cream Raspberry Turnovers;£1.60;£0.80/each;Chilled Desserts;Fresh Cream Desserts;345;4.2;null;9.2;23.2;12.0;1.9;0.3;
272046627;Tesco 2 Strawberry And Fresh Cream Scones;£2.00;£1.00/each;Chilled Desserts;Fresh Cream Desserts;342;6.1;null;22.7;14.0;8.5;1.2;0.6;
258263068;Tesco 2 Fresh Cream Horns 2X55g;£1.60;£1.46/100g;Chilled Desserts;Fresh Cream Desserts;432;4.1;null;19.7;29.3;15.9;0.5;0.4;
251111323;Tesco 4 Belgian Chocolate Eclairs;£1.00;£0.25/each;Chilled Desserts;Fresh Cream Desserts;374;6.1;null;19.6;24.8;11.9;1.5;0.2;
252267004;Tesco 2 Fresh Cream Bramley Apple Turnovers 2X88g;£1.60;£0.91/100g;Chilled Desserts;Fresh Cream Desserts;301;3.5;null;12.5;18.1;9.0;2.1;0.5;
268018483;Tesco 2 Fresh Toffee Cream Meringues 2X30g;£1.15;£1.92/100g;Chilled Desserts;Fresh Cream Desserts;411;3.9;null;45.3;23.6;15.2;0.5;0.2;
264490193;Tesco 2 Fresh Cream And Strawberry Jam Doughnuts 2X74g;£1.15;£0.38/each;Chilled Desserts;Fresh Cream Desserts;329;5.4;null;14.5;16.5;7.3;1.0;0.6;
268018496;Tesco 2 Fresh Cream Meringues 60G;£1.15;£1.92/100g;Chilled Desserts;Fresh Cream Desserts;416;3.8;null;41.1;24.3;16.3;0.3;0.2;
278508746;Tesco 24 Pack Belgian Chocolate Profiteroles;£5.00;£0.21/each;Chilled Desserts;Fresh Cream Desserts;403;8.5;null;19.9;29.4;14.1;0.7;0.2;
277042007;Tesco Cake Shop 2 Fresh Cream Coconut Macaroons 136G;£2.00;£1.48/100g;Chilled Desserts;Fresh Cream Desserts;434;4.0;null;37.9;27.5;19.9;3.8;0.2;
262700596;Tesco Luxury Fresh Cream Chocolate Roulade;£3.50;£3.50/each;Chilled Desserts;Fresh Cream Desserts;331;4.8;null;30.0;16.4;9.7;1.2;0.3;
282088493;Tesco Finest Fresh Cream Profiteroles With Swiss Chocolate 8Pk;£3.00;£3.00/each;Chilled Desserts;Fresh Cream Desserts;374;6.5;null;12.7;28.4;14.5;2.2;0.2;
272242147;Tesco Cake Shop 2 Pack Apple Strawberry &Crm Turnovers 200G;£2.00;£1.00/100g;Chilled Desserts;Fresh Cream Desserts;318;3.2;null;13.6;21.4;11.3;2.1;0.5;
282796052;Tesco Finest Belgian Chocolate Salted Caramel Profiterole 170G;£3.00;£1.77/100g;Chilled Desserts;Fresh Cream Desserts;387;5.2;null;26.6;25.4;13.0;1.0;0.3;
274173450;Tesco Cake Shop 2 Pack Belgian Chocolate Sponges 196G;£2.00;£1.03/100g;Chilled Desserts;Fresh Cream Desserts;398;4.9;null;23.5;27.1;13.9;1.8;0.5;
272046443;Tesco Cake Shop 2 Belgian Chocolate And Fresh Cream Eclair;£2.00;£1.00/each;Chilled Desserts;Fresh Cream Desserts;366;6.1;null;23.1;24.2;11.8;1.8;0.2;
250503420;Tesco Fresh Cream Victoria Sponge 400G;£2.00;£0.50/100g;Chilled Desserts;Fresh Cream Desserts;402;3.7;null;25.5;25.0;11.1;1.0;0.6;
255999158;Tesco 4 Fresh Cream Cake Selection;£2.10;£0.53/each;Chilled Desserts;Fresh Cream Desserts;329;5.4;null;14.5;16.5;7.3;1.0;0.6;
277032987;Tesco Cake Shop 2 Pack Strawberry Sundaes 266G;£2.00;£0.75/100g;Chilled Desserts;Fresh Cream Desserts;305;3.4;null;16.7;17.6;10.5;1.0;0.3;
256246835;Tesco Fresh Cream Chocolate Profiterole Stack;£2.50;£2.50/each;Chilled Desserts;Fresh Cream Desserts;389;5.7;null;18.2;28.4;13.5;1.1;0.2;
272046092;Tesco Cake Shop 2 Belgian Chocolate And Cream Choux Buns;£2.00;£1.00/each;Chilled Desserts;Fresh Cream Desserts;344;5.7;null;13.2;24.9;11.5;1.0;0.2;
268876094;Delice Chocolate Dessert/Creamy Topping 200G;£0.39;£0.20/100g;Chilled Desserts;Individual Desserts;95;2.8;null;null;1.4;null;0.5;null;
282995605;Tesco Finest Rumbaba Dessert 2X73g;£2.50;£1.72/100g;Chilled Desserts;Individual Desserts;296;2.4;null;22.2;20.2;12.7;0.4;0.2;
264395277;Cadbury Milk Chunks Twinpot 90G;£0.78;£0.87/100g;Chilled Desserts;Individual Desserts;250;4.4;null;null;13.5;null;0.6;0.25;
265949520;Tesco Caramel Panna Cotta 2X120g;£1.30;£0.54/100g;Chilled Desserts;Individual Desserts;262;2.7;null;29.2;12.4;9.6;0.7;0.2;
282998619;Tesco Key Lime Dessert 120G;£1.50;£1.25/100g;Chilled Desserts;Individual Desserts;255;3.2;null;27.2;9.4;4.8;0.4;0.3;
282998683;Tesco Chocolate Mallow Dessert 135G;£1.50;£1.12/100g;Chilled Desserts;Individual Desserts;336;3.9;null;29.4;14.7;7.3;0.3;0.2;
282995012;Tesco New York Cheesecake 2X85g;£1.50;£0.88/100g;Chilled Desserts;Individual Desserts;333;4.1;null;25.8;19.1;9.1;1.1;0.7;
282998527;Tesco Boston Cream Pie Dessert 110G;£1.50;£1.37/100g;Chilled Desserts;Individual Desserts;223;4.4;null;20.7;11.9;7.5;0.4;0.2;
281465428;Tesco Healthy Living Chocolate Sundae 120G;£1.25;£1.05/100g;Chilled Desserts;Individual Desserts;116;4.5;null;13.9;2.4;1.5;1.1;0.1;
263930886;Cadbury Mini Eggs Twinpot 90G;£0.78;£0.87/100g;Chilled Desserts;Individual Desserts;250;4.1;null;null;12.2;null;0.5;0.25;
285365114;Tesco Toffee Delight 288G;£1.60;£0.56/100g;Chilled Desserts;Individual Desserts;146;3.2;null;16.5;6.4;4.1;0.3;0.1;
281465549;Tesco Healthy Living Lemon Meringue Dessert 85g;£1.25;£1.48/100g;Chilled Desserts;Individual Desserts;136;4.6;null;16.6;3.1;2.0;0.4;0.2;
278631265;Jumbo Toffee Sundae 200G;£1.50;£0.75/100g;Chilled Desserts;Individual Desserts;200;3.7;null;22.6;8.2;5.1;0.4;0.2;
274529445;Tesco Everyday Value Tiramisu 2X90g;£1.00;£0.56/100g;Chilled Desserts;Individual Desserts;251;3.1;null;24.5;9.4;8.1;1.4;0.2;
274436163;Tesco Everyday Value Chocolate Dessert With Cream 6X100g;£0.99;£0.17/100g;Chilled Desserts;Individual Desserts;121;2.7;null;14.9;4.0;2.8;0.4;0.2;
264394825;Cadbury Flake Twinpot 90G;£0.78;£0.87/100g;Chilled Desserts;Individual Desserts;240;4.4;null;null;12.6;null;0.6;0.25;
264395179;Cadbury Milk Buttons Twinpot 90G;£0.78;£0.87/100g;Chilled Desserts;Individual Desserts;245;4.4;null;null;13.0;null;0.6;0.25;
282994877;Tesco Fudge Fool 114G;£0.55;£0.48/100g;Chilled Desserts;Individual Desserts;231;3.0;null;18.5;15.0;10.2;0;0.1;
285355489;Tesco Profiteroles 2 X 80G;£1.30;£0.81/100g;Chilled Desserts;Individual Desserts;313;4.1;null;23.1;19.0;14.7;1.8;0.3;
285355627;Tesco Italian Tiramisu 2 X 90G;£1.30;£0.72/100g;Chilled Desserts;Individual Desserts;239;3.0;null;23.5;9.4;8.0;1.8;0.2;
279511642;Nestle After Eight Dessert 2X70g;£1.29;£0.92/100g;Chilled Desserts;Individual Desserts;749 kJ 524 kJ;4.2;null;null;7.0;null;null;0;
268767943;Nestle Rolo Dessert 2X70g;£1.29;£0.92/100g;Chilled Desserts;Individual Desserts;1018 kJ 713 kJ 9%;null;null;null;11.8;null;null;0.4;
277512356;Tesco Rocky Road Dessert 135G;£1.50;£1.12/100g;Chilled Desserts;Individual Desserts;248;4.3;null;21.9;11.7;6.0;1.8;0.1;
278557670;Tesco Mississippi Mud Pie 2X100g;£1.50;£0.75/100g;Chilled Desserts;Individual Desserts;260;4.6;null;25.8;14.9;9.3;0.5;0.1;
278557036;Taste Of America Chocolate Fudge Dessert 2X90g;£1.50;£0.83/100g;Chilled Desserts;Individual Desserts;319;4.6;null;24.9;17.1;7.8;1.2;0.3;
281570948;Cadbury Pots Of Joy 4 Pack Limited Edition 4X70g;£2.58;£0.92/100g;Chilled Desserts;Individual Desserts;null;null;null;null;null;null;null;null;
281465745;Tesco Healthy Living Strawberry Trifle 145G;£1.25;£0.86/100g;Chilled Desserts;Individual Desserts;106;3.0;null;15.8;0.8;0.6;0.4;0.2;
281465092;Tesco Healthy Living Banoffee Dessert 120G;£1.25;£1.05/100g;Chilled Desserts;Individual Desserts;124;5.2;null;14.8;1.5;0.9;0.3;0.3;
280738200;Gu Zillionaire Puddings 2X91g;£3.00;£1.64/100g;Chilled Desserts;Individual Desserts;1704 kJ 1559 kJ;null;null;null;null;null;null;null;
281465250;Tesco Healthy Living Chocolate Muffin Dessert 125G;£1.25;£1.00/100g;Chilled Desserts;Individual Desserts;133;5.1;null;15.0;2.9;1.8;1.1;0.2;
274400960;Quality Street Toffee Penny Dessert 2X70g;£1.29;£0.92/100g;Chilled Desserts;Individual Desserts;957 kJ 669 kJ 8400 kJ -;2.4;null;null;9.2;null;null;0.5;
286670528;Cadbury Twinpot Pebbles 1X90g;£0.78;£0.87/100g;Chilled Desserts;Individual Desserts;280;4.8;null;null;13.7;null;0.5;0.2;
283995546;Cadbury Pots Of Joy 4 Pack Hazel Whirl 70G;£2.58;£3.69/100g;Chilled Desserts;Individual Desserts;null;null;null;null;null;null;null;null;
277267968;Cadbury Pots Of Joy 4 Pack Caramel 4 X 70G;£2.58;£0.92/100g;Chilled Desserts;Individual Desserts;900kJ 635kJ -;2.5;null;null;10.5;null;0.1;0.2;
268767576;Nestle Milky Bar Dessert 2X70g;£1.29;£0.92/100g;Chilled Desserts;Individual Desserts;965 kJ 676 kJ 8%;4.2;null;null;14.1;null;null;0.3;
283088088;Tesco Million Shortcake Sundae 130G;£1.00;£0.77/100g;Chilled Desserts;Individual Desserts;238;4.2;null;21.2;11.9;6.7;0.4;0.1;
283228776;Nestle After Eight Mousse 4X57g;£1.69;£0.74/100g;Chilled Desserts;Individual Desserts;233 ;4.2;null;null;16.0;null;null;0.1;
285355691;Tesco Chocolate Truffle Dessert 2X90g;£1.30;£0.72/100g;Chilled Desserts;Individual Desserts;278;3.8;null;20.8;16.1;13.2;2.0;0.2;
277268339;Cadbury Pots Of Joy 4 Pack Dairy Milk Chunk 4 X 70G;£2.58;£0.92/100g;Chilled Desserts;Individual Desserts;945KJ 660kJ -;4.2;null;null;11.7;null;0.1;0.1;
278609932;Jumbo Chocolate Sundae 200G;£1.50;£0.75/100g;Chilled Desserts;Individual Desserts;209;4.4;null;21.5;10.6;6.7;1.0;0.1;
263481793;Aero White Chocolate Mousse 4X58g;£0.65;£0.28/100g;Chilled Desserts;Individual Desserts;169 ;4.3;null;null;7.5;null;null;0.2;
276760656;Cadbury Bubbles Of Joy Chocolate 4X45g;£1.49;£0.83/100g;Chilled Desserts;Individual Desserts;null;null;null;null;null;null;null;null;
279627102;Cadbury Bubbles Of Joy Limited Edition 4 X 45G;£1.49;£0.83/100g;Chilled Desserts;Individual Desserts;null;null;null;null;null;null;null;null;
283000242;Aero Mousse Limited Edition 4X58g;£0.65;£0.28/100g;Chilled Desserts;Individual Desserts;147 ;4.3;null;null;4.8;null;null;0.2;
252857372;Aero Chocolate Mousse 4X59g;£0.65;£0.28/100g;Chilled Desserts;Individual Desserts;155 ;4.5;null;null;5.6;null;null;0.1;
259953235;Aero Mint Chocolate Mousse 4X58g;£0.65;£0.28/100g;Chilled Desserts;Individual Desserts;187 ;4.1;null;null;9.4;null;null;0.1;
268895324;Aero Creations 4X57g;£1.69;£0.74/100g;Chilled Desserts;Individual Desserts;228 ;5.0;null;null;14.0;null;null;0.1;
257305048;Gu Lemon Cheesecake 2X90;£3.00;£1.67/100g;Chilled Desserts;Indulgent Desserts;319 ;null;null;null;null;null;null;null;
285507132;Gu Hot Chocolate Drink 750Ml;£1.99;£0.27/100ml;Chilled Desserts;Indulgent Desserts;null;null;null;null;null;null;null;null;
282337556;Tesco Finest Tiramisu 200G;£3.00;£1.50/100g;Chilled Desserts;Indulgent Desserts;239;3.5;null;26.4;11.2;6.8;0.1;0.1;
257987906;Gu Hot Chocolate Souffles 2X65g;£3.00;£2.31/100g;Chilled Desserts;Indulgent Desserts;460 ;null;null;null;null;null;null;null;
274445935;Tesco Creme Caramel 6X100;£1.10;£0.18/100g;Chilled Desserts;Indulgent Desserts;110;2.2;null;19.3;1.6;1.1;0;0.3;
285526909;Gu Salted Caramel Hot Chocolate Drink 750Ml;£1.99;£0.27/100ml;Chilled Desserts;Indulgent Desserts;null;null;null;null;null;null;null;null;
281380735;Glenilen Farm Coconut Passion Panna Cotta 100G;null;null;Chilled Desserts;Indulgent Desserts;219;4.4;16.0;null;14.9;null;null;null;
285416487;Gu Puddings Salted Caramel Melting Middle 2X95g;£3.00;£1.58/100g;Chilled Desserts;Indulgent Desserts;1704 kJ 1618 kJ;null;null;null;null;null;null;null;
285416556;Gu Puddings Maple And Pecan Pies 2 X 82G;£3.00;£1.83/100g;Chilled Desserts;Indulgent Desserts;1541 kJ 1264 kJ;null;null;null;null;null;null;null;
257304648;Gu Chocolate And Vanilla Cheesecake 2X90g;£3.00;£1.67/100g;Chilled Desserts;Indulgent Desserts;1675 kJ 1508 kJ;null;null;null;null;null;null;null;
274529612;Tesco Everyday Value Profiteroles 2X90g;£1.00;£0.56/100g;Chilled Desserts;Indulgent Desserts;301;4.3;null;19.9;17.5;14.2;2.3;0.3;
282997160;Gu After Dark Raspberry And White Chocolate Mousse2x83g;£3.00;£1.81/100g;Chilled Desserts;Indulgent Desserts;1254 kJ 1041 kJ;null;null;null;null;null;null;null;
274445843;Tesco Everyday Value Creme Caramel 6X100g;£0.68;£0.11/100g;Chilled Desserts;Indulgent Desserts;102;2.2;null;18.8;0.9;0.6;0;0.1;
266659660;Gu Puddings Key Lime Pie Ramekin 2*85G;£3.00;£1.77/100g;Chilled Desserts;Indulgent Desserts;1540 kJ 1309 kJ;null;null;null;null;null;null;null;
277201119;Gu Chocolate Melting Middles 2X100g;£3.00;£1.50/100g;Chilled Desserts;Indulgent Desserts;1845kJ;null;null;null;null;null;null;null;
285814684;Gu Mocha Hot Chocolate Drink 750Ml;£1.99;£0.27/100ml;Chilled Desserts;Indulgent Desserts;null;5.0;null;null;4.7;null;0.5;0.05;
276901053;Gu New York Cheesecakes 2X80g;£3.00;£1.88/100g;Chilled Desserts;Indulgent Desserts;1464 kJ 1171 kJ;null;null;null;null;null;null;null;
282280437;Tesco Belgian Chocolate And Cream Chaos Pot 280G;£2.50;£0.89/100g;Chilled Desserts;Indulgent Desserts;262;4.1;null;23.9;14.5;7.6;1.5;0.1;
258731511;Tesco Creme Brulee 2X100g;£1.99;£0.66/100g;Chilled Desserts;Indulgent Desserts;324;4.3;null;17.0;26.0;18.0;0.5;0.1;
282088493;Tesco Finest Fresh Cream Profiteroles With Swiss Chocolate 8Pk;£3.00;£3.00/each;Chilled Desserts;Indulgent Desserts;374;6.5;null;12.7;28.4;14.5;2.2;0.2;
264797493;Tesco Swirly Toffee Sundae 136G;£1.00;£0.74/100g;Chilled Desserts;Indulgent Desserts;188;3.7;null;17.3;9.9;5.4;0.3;0.1;
274668942;Tesco Finest Morello Cherry Frangipane Tart 445G;£4.00;£0.90/100g;Chilled Desserts;Indulgent Desserts;376;6.4;null;22.3;19.2;9.2;2.5;0.1;
278609874;Tesco Finest Strawberry Cheesecake 2X95g;£2.50;£1.32/100g;Chilled Desserts;Indulgent Desserts;291;3.0;null;21.4;16.4;9.5;1.3;0.2;
268171023;Tesco Swirly Lemon Cheesecake 120G;£1.00;£0.83/100g;Chilled Desserts;Indulgent Desserts;296;2.7;null;22.0;17.3;8.7;1.4;0.4;
262696726;Tesco Finest Swiss Chocolate Cheesecake Slices 200G;£2.20;£1.10/100g;Chilled Desserts;Indulgent Desserts;434;4.7;null;26.4;30.9;18.4;1.7;0.1;
279880895;Tesco Finest Sticky Toffee Sponge Pudding 250G;£3.00;£1.20/100g;Chilled Desserts;Indulgent Desserts;350;3.4;null;39.4;15.0;8.5;1.9;0.6;
278609523;Tesco Finest Sherry Trifles 2X95g;£2.50;£1.32/100g;Chilled Desserts;Indulgent Desserts;211;3.1;null;14.1;13.8;8.9;0.8;0.2;
264797527;Tesco Swirly Chocolate Sundae 136G;£1.00;£0.74/100g;Chilled Desserts;Indulgent Desserts;204;4.0;null;19.4;10.5;6.7;0.4;0.1;
285048317;Tesco Finest Lemon And Blueberry Cheesecake 600G;£0.70;£0.23/100ml;Chilled Desserts;Indulgent Desserts;379;4.6;null;20.8;23.6;11.8;2.0;0.2;
279879978;Tesco Finest Autumn Fruit Nut Crumble Meal Deal 300G;£2.60;£10.40/kg;Chilled Desserts;Indulgent Desserts;209;3.5;null;22.7;6.2;3.4;1.7;0.1;
267156562;Tesco Finest New York Cheese Cake Slices 200G;£2.20;£1.10/100g;Chilled Desserts;Indulgent Desserts;352;4.9;null;16.7;25.8;15.2;1.2;0.2;
277018694;Tesco Finest Caramel And Macadamia Cheesecake Slice 200G;£2.20;£1.10/100g;Chilled Desserts;Indulgent Desserts;362;5.1;null;20.4;25.1;14.7;1.4;0.6;
279426985;Tesco Finest Belgian Chocolate And Caramel Tart 470G;£4.00;£0.85/100g;Chilled Desserts;Indulgent Desserts;431;4.6;null;25.8;23.3;14.0;2.2;0.3;
279880780;Tesco Finest 2 Raspberry And Sicilian Lemon Tarts 230G;£6.00;£14.12/kg;Chilled Desserts;Indulgent Desserts;353;5.0;null;25.4;15.7;8.9;3.5;0.1;
280485066;Tesco Finest Swiss Dark And White Chocolate Cheesecake 2 X 100G;£2.75;£1.38/100g;Chilled Desserts;Indulgent Desserts;430;4.8;null;24.8;29.1;17.4;1.9;0.2;
269031695;Tesco Fruity Strawberry Sundae 125G;£1.00;£0.80/100g;Chilled Desserts;Indulgent Desserts;198;3.5;null;20.7;9.7;6.4;0.4;0.2;
281005202;Tesco Finest Strawberry Trifle 280G;£3.00;£1.20/100g;Chilled Desserts;Indulgent Desserts;237;2.1;null;16.2;17.0;10.7;0.3;0.1;
279512255;Tesco Finest Sticky Toffee Twin Pack 2X80g;£2.50;£1.57/100g;Chilled Desserts;Indulgent Desserts;351;2.3;null;33.7;20.3;13.6;0.4;0.3;
278755090;Tesco Finest Raspberry Panna Cotta 2X130g;£2.50;£0.96/100g;Chilled Desserts;Indulgent Desserts;205;2.0;null;13.0;14.2;8.2;1.5;0.1;
282337274;Tesco Lemon Chaos Pot 280G;£2.50;£0.89/100g;Chilled Desserts;Indulgent Desserts;216;3.8;null;21.5;11.0;6.6;0.1;0.2;
282469906;Tesco Jumbo Strawberry Trifle 181G;£1.50;£0.83/100g;Chilled Desserts;Indulgent Desserts;152;2.6;null;14.7;7.4;4.6;0.5;0.1;
266296967;Tesco Finest Ultimate New York Cheesecake 620G;£4.00;£0.65/100g;Chilled Desserts;Indulgent Desserts;390;5.4;null;18.9;25.9;14.8;1.1;0.2;
277018671;Tesco Finest White Chocolate And Raspberry Cheesecake Slice 200G;£2.20;£1.10/100g;Chilled Desserts;Indulgent Desserts;369;4.6;null;22.2;24.0;13.9;1.7;0.3;
284737840;Activia Creamy Apple And Pear Yoghurt 4 X 110G;£1.19;£0.27/100g;Chilled Desserts;Low Fat Desserts;null;null;null;null;null;null;null;null;
281465250;Tesco Healthy Living Chocolate Muffin Dessert 125G;£1.25;£1.00/100g;Chilled Desserts;Low Fat Desserts;133;5.1;null;15.0;2.9;1.8;1.1;0.2;
282448799;Activia Intensely Creamy Vanilla 4X110g;£1.19;£0.27/100g;Chilled Desserts;Low Fat Desserts;null;null;null;null;null;null;null;null;
282448042;Activia Intensely Creamy Blueberry 4X110g;£1.19;£0.27/100g;Chilled Desserts;Low Fat Desserts;null;null;null;null;null;null;null;null;
282448200;Activia Intensely Creamy Cherry Yoghurt 4X110g;£1.19;£0.27/100g;Chilled Desserts;Low Fat Desserts;null;null;null;null;null;null;null;null;
284737696;Activia Creamy Blood Orange And Passion Fruit 440G;£1.19;£0.27/100g;Chilled Desserts;Low Fat Desserts;null;null;null;null;null;null;0.2;null;
281465745;Tesco Healthy Living Strawberry Trifle 145G;£1.25;£0.86/100g;Chilled Desserts;Low Fat Desserts;106;3.0;null;15.8;0.8;0.6;0.4;0.2;
282448592;Activia Intensely Creamy Strawberry 4X110g;£1.19;£0.27/100g;Chilled Desserts;Low Fat Desserts;null;null;null;null;null;null;null;null;
282448422;Activia Intensely Creamy Lemon Yoghurt 4X110g;£1.19;£0.27/100g;Chilled Desserts;Low Fat Desserts;null;null;null;null;null;null;null;null;
281465092;Tesco Healthy Living Banoffee Dessert 120G;£1.25;£1.05/100g;Chilled Desserts;Low Fat Desserts;124;5.2;null;14.8;1.5;0.9;0.3;0.3;
281465428;Tesco Healthy Living Chocolate Sundae 120G;£1.25;£1.05/100g;Chilled Desserts;Low Fat Desserts;116;4.5;null;13.9;2.4;1.5;1.1;0.1;
281465549;Tesco Healthy Living Lemon Meringue Dessert 85g;£1.25;£1.48/100g;Chilled Desserts;Low Fat Desserts;136;4.6;null;16.6;3.1;2.0;0.4;0.2;
276884964;Muller Light Chocolate Fix Milk Chocolate 4X100g;£2.19;£0.55/100g;Chilled Desserts;Low Fat Desserts;99;2.6;null;null;2.0;null;null;0.1;
284737759;Activia Creamy Apricot Nectarine Yoghurt 4X110g;£1.19;£0.27/100g;Chilled Desserts;Low Fat Desserts;null;null;null;null;null;null;null;null;
282470604;Activia Intensely Creamy Peach Yoghurt 4X110g;£1.19;£0.25/100g;Chilled Desserts;Low Fat Desserts;null;null;null;null;null;null;null;null;
282448367;Activia Intensely Creamy Coconut Yoghurt 4X110g;£1.19;£0.27/100g;Chilled Desserts;Low Fat Desserts;null;null;null;null;null;null;null;null;
268895324;Aero Creations 4X57g;£1.69;£0.74/100g;Chilled Desserts;Mousses & Fools;228 ;5.0;null;null;14.0;null;null;0.1;
261969076;Tesco Finest Butterscotch Mousse 100G;£0.95;£0.95/100g;Chilled Desserts;Mousses & Fools;283;3.6;null;28.8;16.4;10.1;0;0.2;
279627102;Cadbury Bubbles Of Joy Limited Edition 4 X 45G;£1.49;£0.83/100g;Chilled Desserts;Mousses & Fools;null;null;null;null;null;null;null;null;
283000242;Aero Mousse Limited Edition 4X58g;£0.65;£0.28/100g;Chilled Desserts;Mousses & Fools;147 ;4.3;null;null;4.8;null;null;0.2;
281570856;Tesco Finest Coffee Mousse 100G;£0.95;£0.95/100g;Chilled Desserts;Mousses & Fools;279;4.0;null;24.0;17.5;10.7;0.6;0.2;
250253536;Tesco Everyday Value Chocolate Mousse 4X60g;£0.18;£0.08/100g;Chilled Desserts;Mousses & Fools;137;4.5;null;16.4;4.3;3.4;1.0;0.2;
271935014;Ski Fruit Mousse Strawberry & Strawberry Coulis 4X60g;£1.00;£0.42/100g;Chilled Desserts;Mousses & Fools;128;3.8;null;null;5.2;null;null;0.2;
276760656;Cadbury Bubbles Of Joy Chocolate 4X45g;£1.49;£0.83/100g;Chilled Desserts;Mousses & Fools;null;null;null;null;null;null;null;null;
271935153;Ski Fruit Mousse Lemon Meringue 4X60g;£1.00;£0.42/100g;Chilled Desserts;Mousses & Fools;127;3.7;null;null;4.7;null;null;0.3;
265927517;Tesco Finest Sicilian Lemon Mousse 100G;£0.95;£0.95/100g;Chilled Desserts;Mousses & Fools;215;3.2;null;20.6;12.2;8.0;0.3;0.2;
282994877;Tesco Fudge Fool 114G;£0.55;£0.48/100g;Chilled Desserts;Mousses & Fools;231;3.0;null;18.5;15.0;10.2;0;0.1;
280711911;Tesco Fruit Fool Lemon 114G;£0.55;£0.48/100g;Chilled Desserts;Mousses & Fools;187;2.7;null;18.7;10.5;7.1;0.3;0.2;
285172716;Tesco Finest Raspberry And Madagscan Vanilla Mousse 100G;£0.95;£0.95/100g;Chilled Desserts;Mousses & Fools;233;3.8;null;17.9;15.5;10.4;0.3;0.1;
259953235;Aero Mint Chocolate Mousse 4X58g;£0.65;£0.28/100g;Chilled Desserts;Mousses & Fools;187 ;4.1;null;null;9.4;null;null;0.1;
252857372;Aero Chocolate Mousse 4X59g;£0.65;£0.28/100g;Chilled Desserts;Mousses & Fools;155 ;4.5;null;null;5.6;null;null;0.1;
263287787;Tesco Finest Belgian Chocolate Mousse 100G;£0.95;£0.95/100g;Chilled Desserts;Mousses & Fools;299;5.1;null;26.0;18.9;11.8;1.1;0.2;
276731708;Ski Coconut And Chocolate Mousse 4X59g;£1.00;£0.42/100g;Chilled Desserts;Mousses & Fools;151;3.7;null;null;6.9;null;null;0.2;
263481793;Aero White Chocolate Mousse 4X58g;£0.65;£0.28/100g;Chilled Desserts;Mousses & Fools;169 ;4.3;null;null;7.5;null;null;0.2;
280711842;Tesco Fruit Fool Gooseberry 114G;£0.55;£0.48/100g;Chilled Desserts;Mousses & Fools;197;3.0;null;15.2;12.5;8.2;0.7;0.1;
279855747;Ski Limited Edition Mousse 4X59g;£1.00;£0.42/100g;Chilled Desserts;Mousses & Fools;126;3.7;null;null;4.9;null;null;0.2;
257173625;Tesco Strawberry Mousse 6X62.5G;£0.90;£0.24/100g;Chilled Desserts;Mousses & Fools;161;2.7;null;16.9;7.7;6.4;0.5;0.2;
267379839;Tesco Lemon Mousse 6X62.5G;£0.90;£0.24/100g;Chilled Desserts;Mousses & Fools;184;2.8;null;20.5;8.4;7.0;0.5;0.2;
263284427;Tesco Healthy Living Chocolate Mousse 6X62.5G;£0.70;£0.19/100g;Chilled Desserts;Mousses & Fools;125;5.0;null;19.4;2.1;1.4;1.5;0.3;
274378864;Tesco Raspberry Jelly 2 X 140G;£1.00;£0.36/100g;Chilled Desserts;Mousses & Fools;100;0.4;null;22.3;0.4;0.1;1.2;null;
280711894;Tesco Fruit Fool Rhubarb 114G;£0.55;£0.48/100g;Chilled Desserts;Mousses & Fools;170;2.9;null;9.3;13.1;8.9;0.5;0.1;
257173504;Tesco Milk Chocolate Mousse 6X62.5G;£0.90;£0.24/100g;Chilled Desserts;Mousses & Fools;187;3.8;null;22.2;7.4;5.6;0.7;0.3;
285048749;Muller Rice Apple 180G;£0.68;£0.38/100g;Chilled Desserts;Rice Puddings;null;null;null;null;null;null;null;null;
285048663;Muller Rice Strawberry 180G;£0.68;£0.38/100g;Chilled Desserts;Rice Puddings;null;null;null;null;null;null;null;null;
285047969;Muller Rice Vanilla Custard 180G;£0.68;£0.38/100g;Chilled Desserts;Rice Puddings;null;null;null;null;null;null;null;null;
285025722;Mullerice Remix Twinpot Strawberry 2X150g;£1.69;£0.56/100g;Chilled Desserts;Rice Puddings;106;2.9;null;null;2.0;null;null;0.2;
285047733;Muller Rice Limited Edition Red Fruits 6X180g;£3.89;£0.36/100g;Chilled Desserts;Rice Puddings;108;3.1;null;null;2.2;null;null;0.25;
285026476;Muller Rice Apple 4X180g;£2.69;£0.37/100g;Chilled Desserts;Rice Puddings;107;3.0;null;null;2.2;null;null;0.2;
285047290;Muller Rice Original&S/Berry 6X180g;£3.89;£0.36/100g;Chilled Desserts;Rice Puddings;106;3.0;null;null;2.2;null;null;0.2;
285047658;Muller Rice Chocolate And Vanilla 6X180g;£3.89;£0.36/100g;Chilled Desserts;Rice Puddings;111;3.2;null;null;2.5;null;null;0.2;
285025857;Mullerice Remix Twinpot Plum 2X150g;£1.69;£0.56/100g;Chilled Desserts;Rice Puddings;107;2.8;null;null;2.0;null;null;0.2;
256186068;Rachel's Organic Divine Rice 2X150g;£1.29;£0.43/100g;Chilled Desserts;Rice Puddings;142;3.4;null;null;5.2;null;null;1.0;
285047595;Muller Rice Banana And Toffee 180G;£0.68;£0.38/100g;Chilled Desserts;Rice Puddings;null;null;null;null;null;null;null;null;
285047255;Muller Rice Chocolate And Caramel 180G;£0.68;£0.38/100g;Chilled Desserts;Rice Puddings;115;3.0;null;null;2.7;null;null;0.2;
285026073;Mullerice Remix Twinpot Apricot 2X150g;£1.69;£0.56/100g;Chilled Desserts;Rice Puddings;107;2.9;null;null;2.0;null;null;0.2;
285048565;Muller Rice Original 180G;£0.68;£0.38/100g;Chilled Desserts;Rice Puddings;null;null;null;null;null;null;null;null;
285060273;Muller Rice Raspberry And Apple 6X180g;£3.89;£0.36/100g;Chilled Desserts;Rice Puddings;107;3.0;null;null;2.2;null;null;0.2;
271939857;Cadbury 2 Hot Caramel Sponge Puddings 2X110g;£2.00;£0.91/100g;Chilled Desserts;Sponges, Pies & Puddings;1335 kJ 1468 kJ -;4;null;null;15.1;null;1.2;0.2;
260881071;Tesco 2 Bramley Apple Crumbles 2X135g;£1.80;£0.67/100g;Chilled Desserts;Sponges, Pies & Puddings;231;2.2;null;19.1;8.0;3.8;1.9;0.1;
279423683;Tesco 2 Apple And Blackberry Crumbles 270G;£1.80;£0.67/100g;Chilled Desserts;Sponges, Pies & Puddings;218;2.6;null;19.1;7.0;3.1;1.9;0.2;
255717960;Tesco Apple Crumble 600G;£2.50;£0.42/100g;Chilled Desserts;Sponges, Pies & Puddings;239;2.6;null;21.7;8.3;3.6;1.6;0.2;
261198924;Cadbury 2 Hot Chocolate Sponge Puddings 2X110g;£1.00;£0.42/100g;Chilled Desserts;Sponges, Pies & Puddings;null;4.1;null;null;19.3;null;1.6;null;
262754870;Tesco 2 Spotted Dick Puddings 2X130g;£1.80;£0.69/100g;Chilled Desserts;Sponges, Pies & Puddings;331;3.5;null;38.1;11.2;6.3;2.3;0.6;
279423320;Tesco 2 Blackcurrant And Blueberry Pies 317G;£1.80;£0.67/100g;Chilled Desserts;Sponges, Pies & Puddings;313;3.7;null;24.2;10.2;5.2;2.4;0.3;
262696886;Tesco 2 Sticky Toffee Puddings 260G;£1.80;£0.69/100g;Chilled Desserts;Sponges, Pies & Puddings;307;2.6;null;37.6;11.5;6.2;1.7;0.3;
276209297;Tesco 2 Syrup Sponge Puddings 250G;£1.80;£0.72/100g;Chilled Desserts;Sponges, Pies & Puddings;323;3.8;null;46.7;8.8;4.7;0.5;0.6;
259208151;Tesco 2 Bread And Butter Puddings 2X120g;£1.80;£0.75/100g;Chilled Desserts;Sponges, Pies & Puddings;321;5.1;null;22.4;20.1;11.7;0.6;0.3;
285385551;Tesco 2 Ginger Sponge Puddings 2X125g;£1.80;£0.72/100g;Chilled Desserts;Sponges, Pies & Puddings;333;3.9;null;41.7;9.9;5.4;1.2;0.5;
279423251;Tesco 2 Toffee Apple Crumble Pies 273G;£1.80;£0.66/100g;Chilled Desserts;Sponges, Pies & Puddings;343;3.9;null;17.9;18.3;10.1;1.5;0.3;
262696949;Tesco 2 Melting Middle Chocolate Sponge Pudding 270G;£1.80;£0.67/100g;Chilled Desserts;Sponges, Pies & Puddings;364;5.4;null;24.2;21.8;13.2;2.4;0.2;
274509924;Tesco 2 Blackcurrant Sponge Pudding 250G;£1.80;£0.72/100g;Chilled Desserts;Sponges, Pies & Puddings;239;3.1;null;25.1;7.0;4.0;1.6;0.3;
262695927;Tesco Bramley Apple Pie 700G;£2.00;£0.29/100g;Chilled Desserts;Sponges, Pies & Puddings;235;3.0;null;18.6;7.9;4.3;2.0;0.3;
267153703;Tesco 2 Rhubarb Crumbles 2X135g;£1.80;£0.67/100g;Chilled Desserts;Sponges, Pies & Puddings;228;3.1;null;21.2;6.9;3.1;2.2;0.2;
267018676;Tesco Apple Lattice Pie 500G;£2.70;£0.54/100g;Chilled Desserts;Sponges, Pies & Puddings;276;2.9;null;16.7;12.7;6.3;1.8;0.4;
284714591;Tesco Apple And Blackberry Lattice Pie 500G;£2.70;£0.54/100g;Chilled Desserts;Sponges, Pies & Puddings;294;3.5;null;22.5;13.3;1.8;3.7;0.4;
284713661;Tesco 2 Pack Upside Down Pineapple Sponge 250G;£1.80;£0.90/each;Chilled Desserts;Sponges, Pies & Puddings;290;3.6;null;40.6;8.1;4.3;0.5;0.4;
274500283;Tesco 2 Bramley Apple Pies 317G;£1.80;£0.57/100g;Chilled Desserts;Sponges, Pies & Puddings;268;2.9;null;18.1;10.4;5.5;2.2;0.3;
284713603;Tesco Raspberry Coconut Sponge 400G;£2.00;£0.50/100g;Chilled Desserts;Sponges, Pies & Puddings;312;4.9;null;19.1;15.2;8.0;2.9;0.4;
279427788;Tesco Chocolate Brownie Pudding 500G;£2.60;£0.65/100g;Chilled Desserts;Sponges, Pies & Puddings;384;5.0;null;29.1;23.0;10.4;0.8;0.2;
285416625;Tesco Creamy West Country Rice Pudding 500G;£2.60;£0.52/100g;Chilled Desserts;Sponges, Pies & Puddings;154;2.5;null;10.3;7.8;4.8;0.9;0.1;
277809714;Tesco Lemon Meringue Pie 520G;£2.50;£0.48/100g;Chilled Desserts;Sponges, Pies & Puddings;308;3.8;null;28.2;9.7;4.7;1.7;0.1;
279423412;Tesco Plum And Cherry Crumble Pie 580G;£2.50;£0.43/100g;Chilled Desserts;Sponges, Pies & Puddings;308;3.7;null;28.8;10.8;5.4;1.6;0.1;
279427477;Tesco Sticky Toffee Sponge Pudding 400G;£2.60;£0.65/100g;Chilled Desserts;Sponges, Pies & Puddings;280;3.5;null;36.6;7.9;4.7;1.9;0.7;
274510144;Tesco Everyday Value Apple Pie 530G;£1.50;£0.28/100g;Chilled Desserts;Sponges, Pies & Puddings;286;4.1;null;18.0;12.1;5.8;1.7;0.3;
285140334;Tesco Finest Belgian Chocolate And Valencia Orange Sponge Puddings 270G;£3.00;£1.12/100g;Chilled Desserts;Sponges, Pies & Puddings;359;5.4;null;26.9;19.9;11.6;1.8;0.2;
281635308;Tesco Finest Swiss Chocolate And Mint Melting Puddings Midi 200G;£3.00;£1.50/100g;Chilled Desserts;Sponges, Pies & Puddings;null;null;null;null;null;null;null;null;
285380090;Tesco Limoncello Dessert 500G;£2.50;£0.50/100g;Chilled Desserts;Sponges, Pies & Puddings;287;3.0;null;20.8;14.0;12.0;1.4;0.2;
279423493;Tesco Toffee Apple Flapjack Pie 500G;£2.50;£0.50/100g;Chilled Desserts;Sponges, Pies & Puddings;343;4.0;null;25.0;16.1;8.3;2.2;0.2;
285385424;Tesco Raspberry Jam Roly Poly 460G;£2.75;£0.60/100g;Chilled Desserts;Sponges, Pies & Puddings;409;4.4;null;30.8;19.3;10.6;3.1;0.3;
285416660;Tesco Creamy West Country Rice Pudding 2 Pack;£1.80;£0.90/each;Chilled Desserts;Sponges, Pies & Puddings;146;2.3;null;9.9;7.4;4.5;0.1;0.1;
257972288;Tesco Rhubarb Crumble 600G;£2.50;£0.42/100g;Chilled Desserts;Sponges, Pies & Puddings;227;3.3;null;19.8;7.7;3.5;2.3;0.2;
254482788;Tesco Bread And Butter Pudding 500G;£2.60;£0.52/100g;Chilled Desserts;Sponges, Pies & Puddings;234;5.4;null;15.3;14.1;7.9;1.1;0.3;
284714504;Tesco Cherry Pie 550G;£2.50;£0.46/100g;Chilled Desserts;Sponges, Pies & Puddings;291;4.1;null;23.3;9.7;4.8;1.8;0.3;
279880895;Tesco Finest Sticky Toffee Sponge Pudding 250G;£3.00;£1.20/100g;Chilled Desserts;Sponges, Pies & Puddings;350;3.4;null;39.4;15.0;8.5;1.9;0.6;
278652314;Tesco Hot Chocolate Fudge Cake 700G;£5.50;£0.79/100g;Chilled Desserts;Sponges, Pies & Puddings;410;5.9;null;25.9;23.1;3.7;0.9;0.7;
279879978;Tesco Finest Autumn Fruit Nut Crumble Meal Deal 300G;£2.60;£10.40/kg;Chilled Desserts;Sponges, Pies & Puddings;209;3.5;null;22.7;6.2;3.4;1.7;0.1;
257471105;Tesco 2 Egg Custard Tarts 2X90g;£0.65;£0.33/each;Chilled Desserts;Tortes & Tarts;275;5.4;null;14.1;12.8;6.0;0.7;0.3;
284515452;Tesco Treacle Tart 380G;£2.60;£0.68/100g;Chilled Desserts;Tortes & Tarts;362;3.9;null;39.9;12.1;5.7;1.7;0.5;
282745361;Tesco Key Lime Pie 360G;£2.50;£0.69/100g;Chilled Desserts;Tortes & Tarts;372;4.9;null;22.2;20.9;10.7;0.8;0.3;
282744391;Tesco Banoffee Pie 360G;£2.50;£0.69/100g;Chilled Desserts;Tortes & Tarts;418;3.7;null;21.9;27.3;14.4;1.1;0.3;
279427195;Tesco Finest 2 Sicilian Lemon Tarts 220G;£3.00;£1.37/100g;Chilled Desserts;Tortes & Tarts;333;4.9;null;26.0;15.0;8.8;1.9;0.3;
272407558;Abra Ca Debora 6 Sweet Pancakes 375G;£2.00;£0.53/100g;Chilled Desserts;Tortes & Tarts;230;5.6;32.6;null;8.1;null;null;0.57;
279880780;Tesco Finest 2 Raspberry And Sicilian Lemon Tarts 230G;£6.00;£14.12/kg;Chilled Desserts;Tortes & Tarts;353;5.0;null;25.4;15.7;8.9;3.5;0.1;
282337412;Tesco Finest Frangipane And Morello Cherry Slices 148G;£2.95;£2.00/100g;Chilled Desserts;Tortes & Tarts;358;6.1;null;21.3;18.8;7.8;0.5;0.2;
284714700;Tesco 2 Strawberry And Cream Custard Tarts 170G;£1.40;£0.82/100g;Chilled Desserts;Tortes & Tarts;287;5.0;null;16.3;14.9;7.2;0.4;0.3;
279426985;Tesco Finest Belgian Chocolate And Caramel Tart 470G;£4.00;£0.85/100g;Chilled Desserts;Tortes & Tarts;431;4.6;null;25.8;23.3;14.0;2.2;0.3;
279427080;Tesco Finest Sicilian Lemon Tart 490G;£4.00;£0.82/100g;Chilled Desserts;Tortes & Tarts;308;4.8;null;25.9;13.8;8.2;2.2;0.2;
274668942;Tesco Finest Morello Cherry Frangipane Tart 445G;£4.00;£0.90/100g;Chilled Desserts;Tortes & Tarts;376;6.4;null;22.3;19.2;9.2;2.5;0.1;
257471134;Tesco 4 Egg Custard Tarts 4X90g;£1.00;£0.25/each;Chilled Desserts;Tortes & Tarts;275;5.4;null;14.1;12.8;6.0;0.7;0.3;
285090179;Tesco Finest 2 Tartes Aux Fruits 280G;£3.00;£1.12/100g;Chilled Desserts;Tortes & Tarts;217;2.7;null;16.9;9.2;5.3;1.6;0.2;
279738005;Tesco Raspberry Bakewell Tart 380G;£2.70;£0.71/100g;Chilled Desserts;Tortes & Tarts;397;5.0;null;29.0;21.6;8.2;2.1;0.1;
268214665;Tesco Lemon Tart 385G;£2.70;£0.70/100g;Chilled Desserts;Tortes & Tarts;317;4.6;null;24.8;17.2;8.1;0.9;0.1;
281635429;Tesco Finest Blueberry Frangipane Tarts Midi 220G;£3.00;£1.37/100g;Chilled Desserts;Tortes & Tarts;null;null;null;null;null;null;null;null;
282995398;Tesco Chocolate Trifles 3 X 120G;£1.75;£0.49/100g;Chilled Desserts;Trifles & Cheesecakes;182;3.7;null;18.4;8.8;5.7;0.4;0.1;
277302455;Tesco Cheesecake Blackcurrant 3X100g;£1.60;£0.53/100g;Chilled Desserts;Trifles & Cheesecakes;273;3.1;null;23.5;14.5;6.6;1.1;0.2;
284515659;Tesco Finest Belgian Chocolate Cheesecake 550G;£4.00;£0.73/100g;Chilled Desserts;Trifles & Cheesecakes;436;5.1;null;25.9;28.7;15.4;2.8;0.2;
276901053;Gu New York Cheesecakes 2X80g;£3.00;£1.88/100g;Chilled Desserts;Trifles & Cheesecakes;1464 kJ 1171 kJ;null;null;null;null;null;null;null;
252257080;Tesco Everyday Value Vanilla Cheesecake 474G;£1.75;£0.37/100g;Chilled Desserts;Trifles & Cheesecakes;426;4.7;null;22.0;28.0;15.1;0.6;0.3;
262997622;Tesco 2 New York Cheesecake Slices 180G;£2.30;£1.28/100g;Chilled Desserts;Trifles & Cheesecakes;353;4.6;null;19.6;25.2;14.6;2.2;0.4;
251823362;Tesco Everyday Value Strawberry Cheesecake 90G;£0.31;£0.34/100g;Chilled Desserts;Trifles & Cheesecakes;256;2.9;null;22.6;12.2;4.5;0.7;0.2;
274417140;Tesco Everyday Strawberry Value Trifle 3X115g;£0.99;£0.26/100g;Chilled Desserts;Trifles & Cheesecakes;125;1.9;null;18.8;4.2;2.7;1.1;0.2;
255426478;Tesco Everyday Value Strawberry Trifle 471G;£1.05;£0.22/100g;Chilled Desserts;Trifles & Cheesecakes;133;1.4;null;17.9;5.4;3.5;2.4;0.2;
285048317;Tesco Finest Lemon And Blueberry Cheesecake 600G;£0.70;£0.23/100ml;Chilled Desserts;Trifles & Cheesecakes;379;4.6;null;20.8;23.6;11.8;2.0;0.2;
278609874;Tesco Finest Strawberry Cheesecake 2X95g;£2.50;£1.32/100g;Chilled Desserts;Trifles & Cheesecakes;291;3.0;null;21.4;16.4;9.5;1.3;0.2;
277018694;Tesco Finest Caramel And Macadamia Cheesecake Slice 200G;£2.20;£1.10/100g;Chilled Desserts;Trifles & Cheesecakes;362;5.1;null;20.4;25.1;14.7;1.4;0.6;
277512356;Tesco Rocky Road Dessert 135G;£1.50;£1.12/100g;Chilled Desserts;Trifles & Cheesecakes;248;4.3;null;21.9;11.7;6.0;1.8;0.1;
282185504;Tesco 2 Cookie Dough Cheesecake Sandwiches 180G;£2.30;£1.28/100g;Chilled Desserts;Trifles & Cheesecakes;421;5.9;null;28.8;27.0;13.4;1.0;0.5;
254730196;Tesco Chocolate Brownie Cheesecake 180G;£2.30;£1.28/100g;Chilled Desserts;Trifles & Cheesecakes;407;5.0;null;26.5;26.5;13.6;2.6;0.3;
282796904;Tesco Chocolate And Vanilla Swirl Cheesecake 550G;£3.00;£0.55/100g;Chilled Desserts;Trifles & Cheesecakes;405;5.0;null;24.8;25.8;13.0;1.4;0.3;
282431260;Tesco Cookies Mallow Cheesecake 500G;£3.50;£0.70/100g;Chilled Desserts;Trifles & Cheesecakes;339;3.9;null;27.0;17.3;10.1;2.1;0.4;
265544549;Cadbury Layers Of Joy 2 Pack Chocolate 2X90g;£1.18;£0.66/100g;Chilled Desserts;Trifles & Cheesecakes;null;null;null;null;null;null;null;null;
281634350;Tesco Finest Apricot Mixed Berry Crumble 350G;£3.00;£0.86/100g;Chilled Desserts;Trifles & Cheesecakes;216;3.2;null;26.6;6.7;3.2;2.4;0.1;
251823402;Tesco E/Day Value Strawberry Trifle 115G;£0.40;£0.35/100g;Chilled Desserts;Trifles & Cheesecakes;125;1.9;null;18.8;4.2;2.7;1.1;0.2;
281005202;Tesco Finest Strawberry Trifle 280G;£3.00;£1.20/100g;Chilled Desserts;Trifles & Cheesecakes;237;2.1;null;16.2;17.0;10.7;0.3;0.1;
282796743;Tesco Raspberry Swirl Cheesecake 550G;£3.00;£0.60/100g;Chilled Desserts;Trifles & Cheesecakes;376;4.6;null;22.6;22.9;10.6;1.0;0.3;
254158453;Tesco Fruit Cocktail Trifle 3X145g;£1.60;£0.37/100g;Chilled Desserts;Trifles & Cheesecakes;125;2.1;null;17.4;4.3;2.8;0.4;0.2;
277302334;Tesco Lemon Cheesecake 3X100g;£1.60;£0.53/100g;Chilled Desserts;Trifles & Cheesecakes;291;3.5;null;28.3;14.7;6.8;0.8;0.2;
282765256;Tesco Strawberry Cheesecake Slices 2Pack;£2.30;£1.28/100g;Chilled Desserts;Trifles & Cheesecakes;344;3.9;null;26.3;20.7;10.5;1.2;0.2;
282469906;Tesco Jumbo Strawberry Trifle 181G;£1.50;£0.83/100g;Chilled Desserts;Trifles & Cheesecakes;152;2.6;null;14.7;7.4;4.6;0.5;0.1;
274446076;Tesco Raspberry Trifle 3X145g;£1.60;£0.55/100g;Chilled Desserts;Trifles & Cheesecakes;124;2.2;null;18.2;4.3;2.8;0.9;0.2;
274390152;Tesco Strawberry Cheesecake 3X100;£1.60;£0.80/100g;Chilled Desserts;Trifles & Cheesecakes;272;3.1;null;23.8;14.3;6.5;1.1;0.2;
282430831;Tesco Finest Raspberry And Prosecco Cheesecake Wedges 2 Pack;£2.20;£1.10/each;Chilled Desserts;Trifles & Cheesecakes;336;3.5;null;23.6;19.4;11.5;1.2;0.4;
255721286;Tesco Strawberry Trifle 1Kg;£3.50;£0.35/100g;Chilled Desserts;Trifles & Cheesecakes;124;1.6;null;18.3;4.5;3.0;0.6;0.1;
280485233;Tesco Finest Madagascan Vanilla Cheesecake Wedges 2 X 100G;£2.70;£1.35/100g;Chilled Desserts;Trifles & Cheesecakes;364;3.7;null;22.6;24.7;15.2;0.7;0.4;
262696726;Tesco Finest Swiss Chocolate Cheesecake Slices 200G;£2.20;£1.10/100g;Chilled Desserts;Trifles & Cheesecakes;434;4.7;null;26.4;30.9;18.4;1.7;0.1;
282796789;Tesco Lemon Swirl Cheesecake 550G;£3.00;£0.55/100g;Chilled Desserts;Trifles & Cheesecakes;382;4.5;null;23.5;22.7;10.8;1.1;0.4;
266296967;Tesco Finest Ultimate New York Cheesecake 620G;£4.00;£0.65/100g;Chilled Desserts;Trifles & Cheesecakes;390;5.4;null;18.9;25.9;14.8;1.1;0.2;
254154929;Tesco Fruit Cocktail Trifle 600G;£2.50;£0.42/100g;Chilled Desserts;Trifles & Cheesecakes;140;2.0;null;15.2;6.9;4.5;1.8;0.2;
267156562;Tesco Finest New York Cheese Cake Slices 200G;£2.20;£1.10/100g;Chilled Desserts;Trifles & Cheesecakes;352;4.9;null;16.7;25.8;15.2;1.2;0.2;
254154797;Tesco Raspberry Trifle 600G;£2.50;£0.42/100g;Chilled Desserts;Trifles & Cheesecakes;153;2.1;null;16.1;7.9;5.2;0.8;0.2;
280485066;Tesco Finest Swiss Dark And White Chocolate Cheesecake 2 X 100G;£2.75;£1.38/100g;Chilled Desserts;Trifles & Cheesecakes;430;4.8;null;24.8;29.1;17.4;1.9;0.2;
284515302;Tesco Finest Mocha Cheesecake 2 Pack;£2.20;£1.10/each;Chilled Desserts;Trifles & Cheesecakes;379;4.6;null;22.0;24.9;14.9;1.6;0.4;
277018671;Tesco Finest White Chocolate And Raspberry Cheesecake Slice 200G;£2.20;£1.10/100g;Chilled Desserts;Trifles & Cheesecakes;369;4.6;null;22.2;24.0;13.9;1.7;0.3;
282796599;Tesco Vanilla Cheesecake 550G;£2.00;£0.36/100g;Chilled Desserts;Trifles & Cheesecakes;421;4.5;null;23.3;28.6;14.5;1.1;0.3;
277302374;Tesco Toffee Cheesecake 3X100g;£1.60;£0.53/100g;Chilled Desserts;Trifles & Cheesecakes;306;3.3;null;29.8;15.3;7.1;0.9;0.3;
255427168;Tesco Vanilla Cheesecake 1Kg;£5.00;£0.50/100g;Chilled Desserts;Trifles & Cheesecakes;371;4.5;null;16.5;26.5;12.3;1.5;0.3;
253423233;Tesco Triple Chocolate Trifle 600G;£2.50;£0.42/100g;Chilled Desserts;Trifles & Cheesecakes;213;3.6;null;19.0;12.2;8.1;0.6;0.2;
253922368;Tesco Tiramisu 500G;£2.00;£0.40/100g;Chilled Desserts;Trifles & Cheesecakes;255;3.6;null;23.6;10.5;8.7;1.7;0.2;
274446974;Tesco Strawberry Trifle 3X145g;£1.60;£0.55/100g;Chilled Desserts;Trifles & Cheesecakes;127;2.1;null;18.1;4.8;3.1;0.9;0.2;
254154653;Tesco Strawberry Trifle 600G;£2.00;£0.33/100g;Chilled Desserts;Trifles & Cheesecakes;150;2.2;null;16.5;7.8;5.1;0.6;0.2;
280591965;Tesco Finest 2 Cheddar And Onion Flatbreads 280G;£2.20;£0.79/100g;Fresh Pizza, Pasta & Garlic Bread;Fresh Garlic & Cheese Breads;297;8.8;null;2.5;10.7;2.9;2.0;0.9;
283820178;Tesco Finest 3 Cheese Flatbread 255G;£2.20;£0.86/100g;Fresh Pizza, Pasta & Garlic Bread;Fresh Garlic & Cheese Breads;314;10.4;null;2.8;10.8;2.6;2.0;1.1;
286228437;Tesco 9 Garlic Reduced Fat Slices 290G;£1.40;£0.48/100g;Fresh Pizza, Pasta & Garlic Bread;Fresh Garlic & Cheese Breads;336;10.3;null;2.8;5.7;2.1;2.5;1.1;
267114791;Tesco 8 Garlic Ciabatta Slices 360G;£1.40;£0.39/100g;Fresh Pizza, Pasta & Garlic Bread;Fresh Garlic & Cheese Breads;328;9.6;null;3.8;10.7;6.8;2.8;0.9;
260813736;Tesco Everyday Value Garlic Baguette 170G;£0.32;£0.19/100g;Fresh Pizza, Pasta & Garlic Bread;Fresh Garlic & Cheese Breads;352;8.2;null;2.5;14.4;6.9;1.9;1.1;
285767232;Tesco Finest Roasted Balsamic Mini Garlic Flatbreads 255G;£2.20;£0.86/100g;Fresh Pizza, Pasta & Garlic Bread;Fresh Garlic & Cheese Breads;317;9.6;null;2.8;10.8;5.6;2.0;0.9;
280592388;Tesco Finest Provolone, Pecorino And Mozzarella Tear &Share 265G;£2.20;£0.82/100g;Fresh Pizza, Pasta & Garlic Bread;Fresh Garlic & Cheese Breads;298;9.8;null;1.6;10.0;2.5;2.1;1.0;
283839560;Tesco Finest Garlic Split Ciabatta 135G;null;null;Fresh Pizza, Pasta & Garlic Bread;Fresh Garlic & Cheese Breads;394;8.2;null;2.4;21.4;3.4;3.1;0.8;
277466312;T.9 Cheese And Garlic All Butter Slices 280G;£1.40;£0.50/100g;Fresh Pizza, Pasta & Garlic Bread;Fresh Garlic & Cheese Breads;377;11.7;null;2.5;16.8;11.0;2.0;1.2;
286229125;Tesco Single Garlic Baguette 215G;£0.80;£0.37/100g;Fresh Pizza, Pasta & Garlic Bread;Fresh Garlic & Cheese Breads;350;7.4;null;2.4;16.1;9.9;2.1;1.1;
286501494;Tesco Big Night In Cheese And Garlic Flatbread 230G;£2.00;£0.87/100g;Fresh Pizza, Pasta & Garlic Bread;Fresh Garlic & Cheese Breads;337;11.7;null;3.6;11.6;5.9;2.3;1.2;
272689724;T.Sunblush Tomato And Garlic All Butter Flatbread 230G;£1.40;£0.61/100g;Fresh Pizza, Pasta & Garlic Bread;Fresh Garlic & Cheese Breads;292;8.8;null;4.7;8.7;4.5;2.4;1.1;
280605202;Tesco Finest Cherry Tomato And Basil Ciabatta 260G;£2.20;£0.85/100g;Fresh Pizza, Pasta & Garlic Bread;Fresh Garlic & Cheese Breads;341;9.2;null;2.9;13.6;3.0;2.4;1.3;
263944678;Tesco 2 Extra Strong Garlic All Butter Baguettes 420G;£1.00;£0.24/100g;Fresh Pizza, Pasta & Garlic Bread;Fresh Garlic & Cheese Breads;339;6.3;null;3.1;15.4;11.0;2.0;1.1;
272689586;Tesco 4 Cheese And Garlic All Butter Flatbread 225G;£1.40;£0.62/100g;Fresh Pizza, Pasta & Garlic Bread;Fresh Garlic & Cheese Breads;297;10.5;null;2.7;9.6;5.6;1.9;1.1;
273627181;Tesco Big Night In 20 Dough Balls With Dip 260G;£2.00;£0.77/100g;Fresh Pizza, Pasta & Garlic Bread;Fresh Garlic & Cheese Breads;705;0.5;null;0.2;75.6;16.2;0.6;1.0;
258780072;T.Gar. Tear And Share All Butter Garlic Bread 255G;£1.50;£0.59/100g;Fresh Pizza, Pasta & Garlic Bread;Fresh Garlic & Cheese Breads;320;9.6;null;1.3;11.5;5.1;1.7;1.0;
286227415;Tesco 2 Garlic All Butter Baguettes 430G;£1.40;£0.33/100g;Fresh Pizza, Pasta & Garlic Bread;Fresh Garlic & Cheese Breads;350;7.4;null;2.4;16.1;9.9;2.1;1.1;
286228302;Tesco Twin Reduced Fat Garlic Baguette 430G;£1.40;£0.33/100g;Fresh Pizza, Pasta & Garlic Bread;Fresh Garlic & Cheese Breads;268;7.6;null;2.3;6.0;2.6;2.2;1.1;
286228351;Tesco 9 Garlic Slices 290G;£1.40;£0.48/100g;Fresh Pizza, Pasta & Garlic Bread;Fresh Garlic & Cheese Breads;380;9.1;null;2.5;14.5;10.1;2.0;1.2;
280591648;Tesco Finest Garlic Ciabatta 270G;£2.20;£0.82/100g;Fresh Pizza, Pasta & Garlic Bread;Fresh Garlic & Cheese Breads;376;9.0;null;1.9;18.7;3.3;2.2;1.1;
264932570;Tesco 12 Garlic All Butter Dough Balls 165G;£1.50;£0.91/100g;Fresh Pizza, Pasta & Garlic Bread;Fresh Garlic & Cheese Breads;384;6.8;null;4.0;19.7;11.3;1.9;1.2;
257466628;Pizza Express Dough Balls 200G;£3.00;£1.50/100g;Fresh Pizza, Pasta & Garlic Bread;Fresh Garlic & Cheese Breads;null;1.3;null;null;71.9;null;0.6;1.45;
264781275;Tesco Italiano 12 Garlic Bread Bites 175G;£1.50;£0.86/100g;Fresh Pizza, Pasta & Garlic Bread;Fresh Garlic & Cheese Breads;379;8.4;null;2.0;17.9;11.3;3.2;1.1;
254186776;Tesco Garlic Ciabatta 260G;£1.50;£0.58/100g;Fresh Pizza, Pasta & Garlic Bread;Fresh Garlic & Cheese Breads;325;9.1;null;3.2;12.9;8.4;2.1;0.9;
283820011;Tesco Cheese And Garlic All Butter Tear And Share 255G;£1.50;£0.59/100g;Fresh Pizza, Pasta & Garlic Bread;Fresh Garlic & Cheese Breads;328;11.0;null;2.2;10.9;4.4;3.1;1.0;
280170381;Pizza Express Dough Balls 95G;£1.60;£1.69/100g;Fresh Pizza, Pasta & Garlic Bread;Fresh Garlic & Cheese Breads;null;1.3;null;null;71.9;null;0.6;1.45;
272942603;Tesco Garlic And Rosemary All Butter Flatbread 215G;£1.40;£0.65/100g;Fresh Pizza, Pasta & Garlic Bread;Fresh Garlic & Cheese Breads;297;8.9;null;2.7;9.2;5.5;2.6;0.9;
283819935;Tesco Ciabatta Bread Sticks With Dip 220G;£1.50;£0.68/100g;Fresh Pizza, Pasta & Garlic Bread;Fresh Garlic & Cheese Breads;68;1.0;null;7.0;3.0;0.3;2.8;0.5;
283820132;Tesco 3 All Butter Mini Baguette 170G;£1.50;£0.88/100g;Fresh Pizza, Pasta & Garlic Bread;Fresh Garlic & Cheese Breads;348;8.1;null;3.1;14.4;9.5;1.8;1.1;
279961425;Tesco Finest Chorizo And Chicken Girasoli 300G;£2.99;£9.97/kg;Fresh Pizza, Pasta & Garlic Bread;Fresh Pasta;170;6.8;null;2.5;3.9;1.6;1.8;0.8;
279458209;Tesco Finest Beef And Chianti Wine Cannelloni 360G;£3.50;£9.73/kg;Fresh Pizza, Pasta & Garlic Bread;Fresh Pasta;165;8.0;null;2.3;5.5;3.4;3.1;1.0;
279459053;Tesco Finest Pea And Wood -Fired Pancetta Ravioli 300G;£2.99;£9.97/kg;Fresh Pizza, Pasta & Garlic Bread;Fresh Pasta;200;8.4;null;2.4;6.9;2.3;3.5;1.0;
274731055;Tesco Beef And Red Wine Ravioli 400G;£2.00;£5.00/kg;Fresh Pizza, Pasta & Garlic Bread;Fresh Pasta;212;7.3;null;1.4;6.5;2.2;2.3;0.8;
279458405;Tesco Finest Italian Tomato Buffalo Mozzarella And Ravioli 300G;£2.99;£9.97/kg;Fresh Pizza, Pasta & Garlic Bread;Fresh Pasta;188;7.0;null;3.3;6.1;2.5;2.9;1.0;
275065507;Tesco Fresh Egg Tagliatelle 350G;£1.00;£2.86/kg;Fresh Pizza, Pasta & Garlic Bread;Fresh Pasta;144;5.2;null;0.4;0.9;0.3;2.0;0.1;
279469692;Tesco Finest Pumpkin And Amaretti Ravioli 300G;£2.99;£9.97/kg;Fresh Pizza, Pasta & Garlic Bread;Fresh Pasta;173;6.9;null;6.0;4.0;1.1;2.9;0.8;
274737014;Tesco Italian Basil Pesto Tortelloni 400G;£2.00;£5.00/kg;Fresh Pizza, Pasta & Garlic Bread;Fresh Pasta;193;7.2;null;2.3;3.8;1.6;3.0;0.9;
274736983;Tesco Italian Sausage And Ham Tortelloni 400G;£2.00;£5.00/kg;Fresh Pizza, Pasta & Garlic Bread;Fresh Pasta;191;8.5;null;1.0;7.0;3.0;1.8;0.8;
274737066;Tesco Italian Spinach And Ricotta Tortelloni 400G;£2.00;£5.00/kg;Fresh Pizza, Pasta & Garlic Bread;Fresh Pasta;198;6.9;null;1.5;6.8;3.2;3.0;0.8;
274731366;Tesco Cheese, Tomato And Basil Tortelloni 400G;£2.00;£5.00/kg;Fresh Pizza, Pasta & Garlic Bread;Fresh Pasta;204;6.7;null;1.4;5.6;3.0;2.5;0.8;
279457084;Tesco Ham And Cheese Tortelloni 400G;£2.00;£5.00/kg;Fresh Pizza, Pasta & Garlic Bread;Fresh Pasta;198;8.4;null;1.3;6.4;3.0;1.8;0.8;
283789284;Pizza Express Spinach And Ricotta Cappelletti 250G;£2.75;£11.00/kg;Fresh Pizza, Pasta & Garlic Bread;Fresh Pasta;188;6.0;null;null;4.1;null;3.4;1.0;
275301373;Pizza Express Prosciutto Ham Cappelletti 250G;£2.75;£11.00/kg;Fresh Pizza, Pasta & Garlic Bread;Fresh Pasta;173;6.9;null;null;3.5;null;3.3;null;
283789301;Pizza Express Spicy Sausage Cappelletti 250G;£2.75;£11.00/kg;Fresh Pizza, Pasta & Garlic Bread;Fresh Pasta;204;6.5;null;null;4.7;null;3.6;0.60;
274730436;Tesco 4 Cheese Tortelloni 400G;£2.00;£5.00/kg;Fresh Pizza, Pasta & Garlic Bread;Fresh Pasta;208;8.4;null;2.4;7.0;3.3;2.5;0.7;
274732198;Tesco Tomato, Cheese And Bacon Tortelloni 400G;£2.00;£5.00/kg;Fresh Pizza, Pasta & Garlic Bread;Fresh Pasta;205;8.1;null;1.9;6.7;2.7;2.0;0.8;
279457003;Tesco Everyday Value Spinach And Ricotta Tortelloni 400G;£1.55;£3.88/kg;Fresh Pizza, Pasta & Garlic Bread;Fresh Pasta;189;6.6;null;2.0;3.6;1.4;2.5;0.9;
279467037;Tesco Finest Portobello Mushroom Truffle Girasoli 300G;£2.99;£9.97/kg;Fresh Pizza, Pasta & Garlic Bread;Fresh Pasta;170;6.2;null;1.1;4.2;1.0;2.3;1.0;
274731873;Tesco Chicken And Bacon Tortelloni Pasta 400G;£2.00;£5.00/kg;Fresh Pizza, Pasta & Garlic Bread;Fresh Pasta;205;6.8;null;1.3;6.6;2.2;3.8;0.7;
283789261;Tesco Fresh Pasta Macaroni Fresh Egg 350G;£1.00;£2.86/kg;Fresh Pizza, Pasta & Garlic Bread;Fresh Pasta;152;5.0;null;0.6;1.1;0.4;2.2;0.1;
278975998;Tesco Fresh Egg Lasagne Sheets 250G;£1.00;£4.00/kg;Fresh Pizza, Pasta & Garlic Bread;Fresh Pasta;286;10.0;null;0.9;2.5;0.7;2.7;0.1;
275062447;Tesco Fresh Potato Gnocchi 400G;£1.65;£4.13/kg;Fresh Pizza, Pasta & Garlic Bread;Fresh Pasta;115;2.5;null;0.5;0.1;0.1;2.0;0.9;
275065444;Tesco Fresh Egg Spaghetti 350G;£1.00;£2.86/kg;Fresh Pizza, Pasta & Garlic Bread;Fresh Pasta;154;5.1;null;0.6;1.0;0.3;1.5;0.1;
275064981;Tesco Fresh Egg Linguine 350G;£1.00;£2.86/kg;Fresh Pizza, Pasta & Garlic Bread;Fresh Pasta;141;5.0;null;0.3;1.0;0.3;1.7;0.1;
275065087;Tesco Fresh Egg Penne 350G;£1.00;£2.86/kg;Fresh Pizza, Pasta & Garlic Bread;Fresh Pasta;178;6.5;null;0.6;1.4;0.4;2.5;0.1;
275064883;Tesco Fresh Egg Fusilli 350G;£1.00;£2.86/kg;Fresh Pizza, Pasta & Garlic Bread;Fresh Pasta;170;5.6;null;0.7;1.2;0.4;2.2;0.1;
267024995;Tesco Finest Wild Mushroom Sauce 375G;£2.50;£0.67/100g;Fresh Pizza, Pasta & Garlic Bread;Fresh Pasta Sauce & Pesto;127;1.4;null;1.1;11.3;6.6;0.5;0.6;
256237950;Tesco Finest Tomato Mascarpone Sauce 375G;£2.50;£0.67/100g;Fresh Pizza, Pasta & Garlic Bread;Fresh Pasta Sauce & Pesto;97;2.2;null;3.8;7.5;4.0;0.8;0.8;
285384356;Tesco Tomato And Garlic Sauce 375G;£1.35;£0.36/100g;Fresh Pizza, Pasta & Garlic Bread;Fresh Pasta Sauce & Pesto;46;1.3;null;5.1;1.5;0.2;1.0;0.5;
283870008;Tesco Tomato And Meatball Sauce 350G;£1.35;£0.39/100g;Fresh Pizza, Pasta & Garlic Bread;Fresh Pasta Sauce & Pesto;92;3.6;null;4.1;4.9;1.0;0.8;0.8;
253174037;Tesco Tomato And Mascarpone Sauce 350G;£1.35;£0.39/100g;Fresh Pizza, Pasta & Garlic Bread;Fresh Pasta Sauce & Pesto;110;2.7;null;3.9;8.0;3.9;0.5;0.8;
251328286;Tesco Cheese Sauce 350G;£1.35;£0.39/100g;Fresh Pizza, Pasta & Garlic Bread;Fresh Pasta Sauce & Pesto;119;5.3;null;1.3;7.9;5.1;0.4;0.8;
274924985;Tesco Arrabbiata Sauce 375G;£1.35;£0.36/100g;Fresh Pizza, Pasta & Garlic Bread;Fresh Pasta Sauce & Pesto;43;1.1;null;5.7;0.5;0.2;1.0;0.2;
283789324;Tesco Meaty Mayhem Sauce 350G;£1.35;£3.86/kg;Fresh Pizza, Pasta & Garlic Bread;Fresh Pasta Sauce & Pesto;80;4.3;null;2.6;5.0;1.8;0.7;0.7;
251328257;Tesco Carbonara Sauce 350G;£1.35;£0.39/100g;Fresh Pizza, Pasta & Garlic Bread;Fresh Pasta Sauce & Pesto;113;5.2;null;1.2;8.0;4.8;0.2;0.8;
267023345;Tesco Finest Pesto And Fresh Basil 130G;£2.50;£1.93/100g;Fresh Pizza, Pasta & Garlic Bread;Fresh Pasta Sauce & Pesto;459;7.3;null;0.4;46.0;7.9;1.3;1.6;
272655154;Tesco Finest Arrabbiatta Sauce 375G;£2.50;£0.67/100g;Fresh Pizza, Pasta & Garlic Bread;Fresh Pasta Sauce & Pesto;68;1.0;null;5.5;4.1;0.5;1.0;0.5;
274905109;Tesco Tomato And Basil Sauce 375G;£1.35;£0.36/100g;Fresh Pizza, Pasta & Garlic Bread;Fresh Pasta Sauce & Pesto;47;1.2;null;5.0;1.5;0.2;0.9;0.5;
274923767;Tesco Chargrilled Vegetable Sauce 375G;£1.35;£0.36/100g;Fresh Pizza, Pasta & Garlic Bread;Fresh Pasta Sauce & Pesto;52;1.6;null;5.1;1.1;0.2;1.3;0.6;
274904577;Tesco Bolognese Sauce 375G;£1.35;£0.36/100g;Fresh Pizza, Pasta & Garlic Bread;Fresh Pasta Sauce & Pesto;114;5.3;null;4.8;7.5;2.8;0.8;0.8;
283789362;Tesco Barbecue Tomato Sauce 350G;£1.35;£3.86/kg;Fresh Pizza, Pasta & Garlic Bread;Fresh Pasta Sauce & Pesto;46;1.1;null;6.7;0.6;0.2;0.8;0.7;
261827291;Tesco Finest 4 Cheese Sauce 375G;£2.50;£0.67/100g;Fresh Pizza, Pasta & Garlic Bread;Fresh Pasta Sauce & Pesto;135;5.2;null;2.5;9.9;6.5;0.1;0.8;
283789382;Tesco Chipotle Sauce 350G;£1.35;£3.86/kg;Fresh Pizza, Pasta & Garlic Bread;Fresh Pasta Sauce & Pesto;38;1.1;null;5.0;0.6;0.1;1.1;0.6;
268245271;Tesco Finest Carbonara Sauce 375G;£2.50;£0.67/100g;Fresh Pizza, Pasta & Garlic Bread;Fresh Pasta Sauce & Pesto;116;4.9;null;1.3;8.4;5.0;0.1;0.5;
267025176;Tesco Finest Cherry Tomato Sauce 375G;£2.50;£0.67/100g;Fresh Pizza, Pasta & Garlic Bread;Fresh Pasta Sauce & Pesto;103;1.6;null;7.4;6.9;0.9;1.1;0.7;
283948459;Tesco Macaroni Cheese Sauce 350G;£1.35;£0.39/100g;Fresh Pizza, Pasta & Garlic Bread;Fresh Pasta Sauce & Pesto;99;3.8;null;1.2;6.8;4.4;0.3;0.6;
279752241;Tesco Finest 10" Ham Spinach And Ricotta Pizza 329G;£4.25;£1.30/100g;Fresh Pizza, Pasta & Garlic Bread;Fresh Pizza;242;11.3;null;2.7;8.2;4.0;2.1;1.2;
282363582;Tesco Takeaway Stuffed Crust Cheese Pizza 490G;£3.75;£0.77/100g;Fresh Pizza, Pasta & Garlic Bread;Fresh Pizza;287;12.7;null;4.3;12.9;6.0;1.8;1.5;
273146605;Tesco Everyday Value 10" 3 Cheese Pizza 330G;£1.45;£0.44/100g;Fresh Pizza, Pasta & Garlic Bread;Fresh Pizza;285;11.5;null;4.5;9.3;4.9;1.3;1.0;
283816950;Tesco Finest Chorizo Manchego Pizza 340G;£4.25;£1.25/100g;Fresh Pizza, Pasta & Garlic Bread;Fresh Pizza;252;12.2;null;3.4;9.5;4.1;2.2;1.3;
282363484;Tesco Takeaway Cheese Feast Pizza 355G;£3.75;£1.06/100g;Fresh Pizza, Pasta & Garlic Bread;Fresh Pizza;302;11.9;null;4.2;12.4;4.4;1.4;1.4;
279752333;Tesco Finest Wood Fired Margherita Pizza 315G;£4.25;£1.35/100g;Fresh Pizza, Pasta & Garlic Bread;Fresh Pizza;246;10.9;null;3.2;8.7;4.0;2.7;1.2;
262253408;Pizza Express Margherita Pizza 455G;£6.00;£1.32/100g;Fresh Pizza, Pasta & Garlic Bread;Fresh Pizza;247;10.6;null;null;6.9;null;0.9;1.0;
285400200;Tesco Finest 12" Limited Edition Wood Fired Fire Cracker Chicken 445G;£5.00;£1.13/100g;Fresh Pizza, Pasta & Garlic Bread;Fresh Pizza;236;12.4;null;4.9;7.3;2.9;1.7;1.2;
257466628;Pizza Express Dough Balls 200G;£3.00;£1.50/100g;Fresh Pizza, Pasta & Garlic Bread;Fresh Pizza;null;1.3;null;null;71.9;null;0.6;1.45;
279752984;Tesco Finest Wood Fired 12" Ham Mushroom And Mascarpone Pizza 436G;£5.00;£1.15/100g;Fresh Pizza, Pasta & Garlic Bread;Fresh Pizza;232;11.3;null;2.7;8.1;3.8;2.3;1.3;
261385144;Pizza Express American Hot Pizza 260G;£4.50;£1.74/100g;Fresh Pizza, Pasta & Garlic Bread;Fresh Pizza;259;11.9;null;null;9.1;null;0.9;1.5;
279797470;Tesco Finest Wood Fired Chicken And Chorizo Pizza 441G;£5.00;£1.14/100g;Fresh Pizza, Pasta & Garlic Bread;Fresh Pizza;238;12.0;null;4.1;7.8;3.2;2.5;1.2;
279752546;Tesco Finest Wood Fired 12" Tomato Mozzarella And Pesto Pizza 427G;£5.00;£1.18/100g;Fresh Pizza, Pasta & Garlic Bread;Fresh Pizza;238;11.5;null;3.6;7.5;3.4;2.7;1.3;
264994858;Pizza Express Pollo Pesto Pizza 275G;£4.50;£1.64/100g;Fresh Pizza, Pasta & Garlic Bread;Fresh Pizza;212;11.9;null;null;5.8;null;1.0;1.1;
280170381;Pizza Express Dough Balls 95G;£1.60;£1.69/100g;Fresh Pizza, Pasta & Garlic Bread;Fresh Pizza;null;1.3;null;null;71.9;null;0.6;1.45;
276715319;Tesco Big Night In The Big Cheese 12" Pizza 460G;£4.00;£0.87/100g;Fresh Pizza, Pasta & Garlic Bread;Fresh Pizza;306;14.0;null;2.0;12.4;6.3;1.2;1.1;
261385173;Pizza Express American Pizza 250G;£4.50;£1.80/100g;Fresh Pizza, Pasta & Garlic Bread;Fresh Pizza;263;11.9;null;null;9.0;null;0.9;1.5;
261384030;Pizza Express Margherita Pizza 245G;£4.50;£1.84/100g;Fresh Pizza, Pasta & Garlic Bread;Fresh Pizza;249;11.3;null;null;7.4;null;0.9;1.1;
283814284;Tesco Finest Light Margherita Pizza 215G;£3.85;£17.91/kg;Fresh Pizza, Pasta & Garlic Bread;Fresh Pizza;229;8.9;null;3.9;7.6;3.3;1.1;1.2;
261385305;Pizza Express Sloppy Guiseppe Pizza 305G;£4.50;£1.48/100g;Fresh Pizza, Pasta & Garlic Bread;Fresh Pizza;220;10.0;null;null;6.7;null;1.0;1.1;
283816852;Tesco Thin And Tasty Hickory Barbecue Chicken Stonebake Pizza 351G;£2.20;£0.63/100g;Fresh Pizza, Pasta & Garlic Bread;Fresh Pizza;254;11.9;null;5.4;7.5;2.6;2.4;1.0;
285750960;Tesco Stonebake Italian Ham And Pineapple Pizza 295G;£1.87;£0.63/100g;Fresh Pizza, Pasta & Garlic Bread;Fresh Pizza;222;12.5;null;4.3;6.9;3.3;0.9;1.1;
282363562;Tesco Takeaway Piri Piri Pizza 420G;£3.75;£0.89/100g;Fresh Pizza, Pasta & Garlic Bread;Fresh Pizza;244;11.1;null;5.9;6.9;2.8;1.8;1.2;
273146761;Tesco Everyday Value 12" Pepperoni Pizza 460G;£1.60;£0.35/100g;Fresh Pizza, Pasta & Garlic Bread;Fresh Pizza;279;11.0;null;4.7;8.5;3.6;1.6;1.3;
285750672;Tesco Stonebake Italian Margherita Pizza 270G;£1.87;£0.69/100g;Fresh Pizza, Pasta & Garlic Bread;Fresh Pizza;265;12.5;null;3.2;10.4;5.5;0.9;0.9;
276715918;Tesco Big Night In Meaty Mayhem 12" Pizza 530G;£4.00;£0.76/100g;Fresh Pizza, Pasta & Garlic Bread;Fresh Pizza;276;11.5;null;3.8;10.7;4.3;1.0;1.5;
285985526;Tesco Big Night In Tex Mex Chilli Beef Pizza 515G;£4.00;£0.78/100g;Fresh Pizza, Pasta & Garlic Bread;Fresh Pizza;260;11.9;null;3.1;10.2;3.3;3.1;1.1;
276716255;Tesco Big Night In Loaded Pepperoni 12" Pizza 490G;£4.00;£0.82/100g;Fresh Pizza, Pasta & Garlic Bread;Fresh Pizza;293;11.4;null;3.7;11.8;4.7;1.1;1.4;
285751861;Tesco Limited Edition Pepperoni Tomato And Chilli Crumb Pizza 315G;£1.87;£0.59/100g;Fresh Pizza, Pasta & Garlic Bread;Fresh Pizza;302;12.5;null;3.1;14.8;5.5;1.0;1.6;
274874041;Tesco Thin Crust Cheese Feast Pizza 310G;£2.20;£0.71/100g;Fresh Pizza, Pasta & Garlic Bread;Fresh Pizza;284;15.3;null;2.8;11.0;6.2;3.1;1.2;
276715573;Tesco Big Night In Sweet Kickin Chicken 12" Pizza 535G;£4.00;£0.75/100g;Fresh Pizza, Pasta & Garlic Bread;Fresh Pizza;249;11.6;null;4.8;7.6;3.1;1.1;1.0;
279753171;Tesco Finest Wood Fired 12" Italian Meat Pizza 407G;£5.00;£1.23/100g;Fresh Pizza, Pasta & Garlic Bread;Fresh Pizza;254;13.4;null;2.7;9.3;4.0;2.3;1.6;
285750902;Tesco Stonebake Italian Spinach And Ricotta Pizza 345G;£1.87;£0.54/100g;Fresh Pizza, Pasta & Garlic Bread;Fresh Pizza;202;9.4;null;3.4;7.6;4.3;1.2;0.6;
276715452;Tesco Big Night In Texas Barbecue 12" Pizza 515G;£4.00;£0.78/100g;Fresh Pizza, Pasta & Garlic Bread;Fresh Pizza;273;10.8;null;6.4;9.1;3.7;1.1;1.0;
285750787;Tesco Stonebake Italian Pepperoni Pizza 290G;£1.87;£0.65/100g;Fresh Pizza, Pasta & Garlic Bread;Fresh Pizza;284;12.5;null;3.1;13.3;6.1;0.9;1.7;
282363622;Tesco Takeaway Texas Barbecue Pizza 400G;£3.75;£0.94/100g;Fresh Pizza, Pasta & Garlic Bread;Fresh Pizza;269;11.1;null;9.1;7.9;3.3;1.0;1.4;
285751242;Tesco Limited Edition Mozzarella And Garlic Pesto Crumb Pizza 285G;£1.87;£0.66/100g;Fresh Pizza, Pasta & Garlic Bread;Fresh Pizza;293;11.9;null;2.8;12.7;5.1;1.0;0.9;
282363501;Tesco Takeaway Pepperoni Feast Pizza 380G;£3.75;£0.99/100g;Fresh Pizza, Pasta & Garlic Bread;Fresh Pizza;305;12.6;null;4.1;13.4;5.1;2.7;1.9;
281447986;Tesco Goodness Pizza Cheese And Ham 250G;£1.80;£0.72/100g;Fresh Pizza, Pasta & Garlic Bread;Fresh Pizza;275;11.8;null;3.6;7.2;3.4;3.8;0.9;
282363524;Tesco Takeaway Pepperoni Pizza 490G;£3.75;£0.77/100g;Fresh Pizza, Pasta & Garlic Bread;Fresh Pizza;298;12.4;null;4.4;13.5;5.8;1.3;1.8;
282528146;Tesco Deep Pan Pepperoni Pizza 476G;£2.20;£0.46/100g;Fresh Pizza, Pasta & Garlic Bread;Fresh Pizza;267;11.4;null;4.0;9.7;4.6;2.8;1.1;
282528100;Tesco Deep Pan Spicy Meat Feast Pizza 497G;£2.20;£0.44/100g;Fresh Pizza, Pasta & Garlic Bread;Fresh Pizza;264;12.0;null;4.2;9.8;4.3;2.7;1.1;
274874369;Tesco Thin Crust Meat Feast Pizza 339G;£2.20;£0.65/100g;Fresh Pizza, Pasta & Garlic Bread;Fresh Pizza;276;15.0;null;3.9;10.9;4.7;2.6;1.6;
274874156;Tesco Thin Crust Ham And Pineapple Pizza 341G;£2.20;£0.65/100g;Fresh Pizza, Pasta & Garlic Bread;Fresh Pizza;242;13.8;null;5.0;6.5;3.2;3.3;1.2;
274874093;Tesco Thin Crust Ham And Mushroom Pizza 331G;£2.20;£0.67/100g;Fresh Pizza, Pasta & Garlic Bread;Fresh Pizza;234;13.5;null;3.2;6.7;3.2;3.4;1.2;
266184627;Tesco Everyday Value Cheese And Tomato Pizza 150G;£0.63;£0.42/100g;Fresh Pizza, Pasta & Garlic Bread;Fresh Pizza;286;11.0;null;5.0;7.1;3.1;1.7;0.8;
281448052;Tesco Goodness Pepperoni Pizza 250G;£1.80;£0.72/100g;Fresh Pizza, Pasta & Garlic Bread;Fresh Pizza;283;11.8;null;3.7;8.2;3.9;4.1;1.1;
274874450;Tesco Thin Crust Pepperoni Pizza 309G;£2.20;£0.71/100g;Fresh Pizza, Pasta & Garlic Bread;Fresh Pizza;287;14.2;null;3.8;11.8;5.4;3.2;1.9;
281447940;Tesco Goodness Pizza Cheese And Tomato 250G;£1.80;£0.72/100g;Fresh Pizza, Pasta & Garlic Bread;Fresh Pizza;270;13.0;null;3.7;7.7;3.7;4.8;0.7;
266184633;Tesco Everyday Value 4 Cheese And Tomato Pizza 600G;£1.80;£0.30/100g;Fresh Pizza, Pasta & Garlic Bread;Fresh Pizza;287;11.5;null;4.8;7.5;3.4;1.4;0.8;
256048200;Tesco Everyday Value Cheese And Tomato Pizza 480G;£1.50;£0.31/100g;Fresh Pizza, Pasta & Garlic Bread;Fresh Pizza;285;10.7;null;3.7;8.2;4.0;1.4;0.8;
282527239;Tesco Deep Pan Ham And Pineapple Pizza 524G;£2.20;£0.42/100g;Fresh Pizza, Pasta & Garlic Bread;Fresh Pizza;235;10.5;null;5.0;7.0;3.5;2.6;0.8;
282528273;Tesco Deep Pan Cheese Feast Pizza 495G;£2.20;£0.44/100g;Fresh Pizza, Pasta & Garlic Bread;Fresh Pizza;266;12.0;null;3.7;10.4;5.7;1.9;0.9;
274873952;Tesco Thin Crust Mighty Vegetable Pizza 356G;£2.20;£0.62/100g;Fresh Pizza, Pasta & Garlic Bread;Fresh Pizza;209;9.3;null;3.1;5.6;2.3;3.4;0.8;
281448081;Tesco Goodness Hot Dog Pizza 250G;£1.80;£0.72/100g;Fresh Pizza, Pasta & Garlic Bread;Fresh Pizza;286;11.3;null;3.4;8.6;3.8;3.3;1.0;
282528209;Tesco Deep Pan Chilli Beef Pizza 494G;£2.20;£0.45/100g;Fresh Pizza, Pasta & Garlic Bread;Fresh Pizza;255;11.2;null;5.2;9.0;3.9;2.9;0.8;
280265603;Tesco Stuffed Crust Pizza Base 330G;£1.25;£0.38/100g;Fresh Pizza, Pasta & Garlic Bread;Fresh Pizza;270;10.0;null;7.0;8.5;3.9;1.3;1.3;
282468732;Ginsters Steak And Kidney Pie 200G;£1.89;£0.95/100g;Pies & Savouries;Pies, Quiche & Pasties;1041kJ 2082kJ - - - -;9.5;null;null;12.8;null;1.2;0.56;
282468078;Ginsters Chicken And Mushroom Pie 200G;£1.89;£0.95/100g;Pies & Savouries;Pies, Quiche & Pasties;1067kJ 2133kJ - - - -;8.2;null;null;14.6;null;1.7;0.66;
259656719;Pukka Pies All Steak Pie 233G;£1.00;£0.43/100g;Pies & Savouries;Pies, Quiche & Pasties;214;6.9;17.6;null;11.9;null;4.5;0.90;
278942064;Pukka Pies Large All Steak 550G;£2.50;£0.46/100g;Pies & Savouries;Pies, Quiche & Pasties;245;8.6;23.3;null;13.4;null;2.8;0.81;
285694127;Tesco Chicken And Gravy Shortcrust Pastry Pie 500G;£3.00;£0.60/100g;Pies & Savouries;Pies, Quiche & Pasties;253;8.3;null;1.7;13.9;5.5;1.3;0.7;
250181880;Tesco 4 Steak Pies 600G;£2.50;£0.42/100g;Pies & Savouries;Pies, Quiche & Pasties;272;9.5;null;1.4;14.3;6.9;1.8;0.6;
262803899;Pukka Pies Chicken And Mushroom Pie 229G;£1.00;£0.44/100g;Pies & Savouries;Pies, Quiche & Pasties;209;6.6;19.7;null;10.9;null;3.5;0.78;
285694041;Tesco Chicken And White Wine Shortcrust Pie 500G;£3.00;£0.60/100g;Pies & Savouries;Pies, Quiche & Pasties;269;7.7;null;1.7;16.5;7.1;1.9;0.6;
282461120;Ginsters Steak Pie 200G;£1.89;£0.95/100g;Pies & Savouries;Pies, Quiche & Pasties;1124kJ 2248kJ - - - -;9.2;null;null;16.2;null;1.2;0.73;
285355155;Tesco 4 Chicken And Gravy Pies 600G;£2.50;£0.42/100g;Pies & Savouries;Pies, Quiche & Pasties;253;7.9;null;1.4;13.7;6.7;2.9;0.8;
285348052;Tesco Chicken Fajita Puff Pastry Pie 200G;£1.65;£0.83/100g;Pies & Savouries;Pies, Quiche & Pasties;258;9.8;null;0.8;14.0;5.6;2.7;0.7;
285694087;Tesco Chicken And Bacon Puff Pastry Pie 500G;£3.00;£0.60/100g;Pies & Savouries;Pies, Quiche & Pasties;223;7.4;null;1.5;12.3;5.7;1.8;0.6;
285363289;Tesco Chicken And Ham Lattice Bar 500G;£3.00;£0.60/100g;Pies & Savouries;Pies, Quiche & Pasties;250;8.4;null;1.4;14.7;6.9;1.2;0.8;
262710421;Tesco Chicken And Mushroom Pie 150G;£0.66;£0.44/100g;Pies & Savouries;Pies, Quiche & Pasties;266;8.6;null;1.1;14.2;6.9;2.0;0.8;
285334128;Tesco Chicken And Gravy Shortcrust Pie 200G;£1.65;£0.83/100g;Pies & Savouries;Pies, Quiche & Pasties;277;8.4;null;1.6;16.6;6.5;2.1;0.6;
285363341;Tesco Chicken And Broccoli Puff Pastry Pie 500G;£3.00;£0.60/100g;Pies & Savouries;Pies, Quiche & Pasties;227;8.2;null;1.3;13.0;5.9;1.4;0.6;
285333423;Tesco Chicken And White Wine Shortcrust Pie 200G;£1.65;£0.83/100g;Pies & Savouries;Pies, Quiche & Pasties;290;8.8;null;1.3;17.9;7.3;1.9;0.6;
285334261;Tesco Chicken And Mushroom Puff Pastry Pie 200G;£1.65;£0.83/100g;Pies & Savouries;Pies, Quiche & Pasties;276;10.0;null;1.2;16.2;6.9;1.1;0.7;
278942225;Pukka Pies Large Chicken And Gravy 550G;£2.50;£0.46/100g;Pies & Savouries;Pies, Quiche & Pasties;249;8.5;21.5;null;13.7;null;2.8;0.73;
285333734;Tesco Chicken And Bacon Puff Pastry Pie 200G;£1.65;£0.83/100g;Pies & Savouries;Pies, Quiche & Pasties;272;9.4;null;1.0;16.1;6.2;1.4;0.4;
258074228;Tesco Everyday Value 3 Minced Beef And Onion Pies 450G;£1.17;£0.26/100g;Pies & Savouries;Pies, Quiche & Pasties;322;7.0;null;1.4;20.3;9.4;1.6;0.7;
285348642;Tesco Finest Light Top Crust Steak Pie 180G;£3.00;£1.67/100g;Pies & Savouries;Pies, Quiche & Pasties;218;12.7;null;1.1;12.6;6.3;1.1;0.5;
253443324;Tesco Steak And Kidney Suet Pudding 190G;£1.65;£0.87/100g;Pies & Savouries;Pies, Quiche & Pasties;240;11.5;null;1.0;12.1;6.6;1.0;0.6;
285347462;Tesco Steak And Kidney Shortcrust Pie 200G;£1.65;£0.83/100g;Pies & Savouries;Pies, Quiche & Pasties;279;10.3;null;1.1;16.3;7.2;1.8;0.6;
275062643;Tesco Finest Roast Chicken And Gravy Short Crust Pie 235G;£3.00;£1.28/100g;Pies & Savouries;Pies, Quiche & Pasties;256;9.8;null;1.0;14.5;6.3;0.9;0.7;
285363404;Tesco Steak And Onion Lattice Bar 500G;£3.00;£0.60/100g;Pies & Savouries;Pies, Quiche & Pasties;229;10.8;null;1.7;12.0;5.7;1.7;0.6;
275066114;Tesco Finest Slow Cooked Steak Shortcrust Pie 550G;£5.50;£1.00/100g;Pies & Savouries;Pies, Quiche & Pasties;280;12.3;null;0.9;16.3;7.3;1.7;0.6;
262710202;Tesco Steak And Kidney Pie 150G;£0.66;£0.44/100g;Pies & Savouries;Pies, Quiche & Pasties;275;9.0;null;1.3;15.5;7.5;2.5;0.7;
285363554;Tesco Minced Steak And Onion Shortcrust Pie 500G;£3.00;£0.60/100g;Pies & Savouries;Pies, Quiche & Pasties;279;8.1;null;1.9;18.0;7.8;1.9;0.5;
275067125;Tesco Finest Roast Chicken And Gravy Shortcrust Pie 550G;£5.50;£1.00/100g;Pies & Savouries;Pies, Quiche & Pasties;254;10.2;null;1.0;14.5;6.2;1.4;0.7;
250181822;Tesco Minced Beef And Onion Pie 150G;£0.66;£0.44/100g;Pies & Savouries;Pies, Quiche & Pasties;322;7.0;null;1.4;20.3;9.4;1.6;0.7;
285694277;Tesco Steak And Ale Puff Pastry Pie 500G;£3.00;£0.60/100g;Pies & Savouries;Pies, Quiche & Pasties;232;11.7;null;1.8;12.0;5.7;1.4;0.7;
285347378;Tesco Minced Steak And Onion Shortcrust Pie 200G;£1.65;£0.83/100g;Pies & Savouries;Pies, Quiche & Pasties;286;9.5;null;1.6;18.0;7.9;1.8;0.6;
285356027;Tesco Steak And Onion Puff Pastry Pie 700G;£4.00;£0.57/100g;Pies & Savouries;Pies, Quiche & Pasties;246;9.8;null;1.7;13.6;6.3;2.3;0.6;
285346771;Tesco Steak And Ale Puff Pie 200G;£1.65;£0.83/100g;Pies & Savouries;Pies, Quiche & Pasties;261;10.7;null;1.2;14.5;6.8;1.5;0.6;
285363122;Tesco Goat's Cheese And Sweet Potato Lattice Pie 200G;£1.65;£0.83/100g;Pies & Savouries;Pies, Quiche & Pasties;241;5.0;null;3.0;13.8;6.9;2.0;0.6;
285355823;Tesco Creamy Chicken Puff Pastry Pie 700G;£4.00;£0.57/100g;Pies & Savouries;Pies, Quiche & Pasties;246;7.3;null;1.1;14.6;6.8;1.3;0.6;
275065968;Tesco Finest Slow Cooked Shortcrust Pie 235G;£3.00;£1.28/100g;Pies & Savouries;Pies, Quiche & Pasties;279;11.8;null;1.1;16.4;7.2;1.1;0.6;
285355443;Tesco Everyday Value Minced Beef And Onion Pie 500G;£1.25;£4.10/kg;Pies & Savouries;Pies, Quiche & Pasties;291;6.8;null;1.2;19.1;9.0;2.2;0.8;
285355262;Tesco Everyday Value Chicken And Gravy Pie 500G;£1.80;£0.36/100g;Pies & Savouries;Pies, Quiche & Pasties;244;8.8;null;1.4;13.1;6.3;2.4;0.7;
285209773;Tesco 2 Heat To Eat Stuffing And Apple Pork Pies 280G;£3.00;£1.08/100g;Pies & Savouries;Pies, Quiche & Pasties;381;8.8;null;3.6;25.9;9.3;2.1;1.0;
277598081;Tesco 4 Mini Pork Pies 200G;£1.50;£0.75/100g;Pies & Savouries;Pies, Quiche & Pasties;370;9.9;null;1.6;24.6;9.5;2.2;0.9;
285346932;Tesco Steak Shortcrust Pie 200G;£1.65;£0.83/100g;Pies & Savouries;Pies, Quiche & Pasties;279;10.3;null;1.1;15.9;7.1;1.5;0.6;
282629499;Tesco 4 Mini Smoked Pork Pies 200G;£1.50;£0.75/100g;Pies & Savouries;Pies, Quiche & Pasties;427;10.0;null;1.3;30.3;11.7;1.6;0.9;
285355869;Tesco Steak Puff Pastry Pie 500G;£3.00;£0.60/100g;Pies & Savouries;Pies, Quiche & Pasties;236;11.2;null;1.2;12.2;5.6;1.8;0.7;
272665770;Tesco 2 Snack Pork Chorizo And Red Pepper Pork Pies 150G;£1.20;£0.80/100g;Pies & Savouries;Pies, Quiche & Pasties;369;10.2;null;2.4;25.0;8.6;2.2;1.1;
285694219;Tesco Steak Shortcrust Pie 500G;£3.00;£0.60/100g;Pies & Savouries;Pies, Quiche & Pasties;253;10.4;null;1.7;14.0;6.0;1.6;0.5;
282645479;Tesco 4 Mini New York Deli Pork Pies 200G;£1.50;£0.75/100g;Pies & Savouries;Pies, Quiche & Pasties;440;11.2;null;3.1;28.9;10.1;2.5;1.1;
255203151;Tesco 2 Snack Pork And Pickle Pork Pies 150G;£1.20;£0.80/100g;Pies & Savouries;Pies, Quiche & Pasties;383;9.5;null;3.6;24.5;9.0;1.6;1.0;
268279518;Pork Farms 4 Mini Melton Mowbray Pork Pies 200G;null;null;Pies & Savouries;Pies, Quiche & Pasties;1615kJ 808kJ -;10.2;null;null;28.2;null;null;0.82;
288202614;Tesco 2 Snack Classic Pork Pies 150G;£1.20;£0.92/100g;Pies & Savouries;Pies, Quiche & Pasties;366;11.1;null;1.9;24.3;8.7;1.7;1.1;
273445948;Pork Farms Medium Pork Pie;£1.50;£1.50/each;Pies & Savouries;Pies, Quiche & Pasties;376;8.4;null;null;25.5;null;null;1.32;
263759212;Tesco 2 Pork And Egg Gala Pork Pie Slices 250;£1.50;£0.60/100g;Pies & Savouries;Pies, Quiche & Pasties;336;11.7;null;1.6;22.7;8.6;1.9;0.9;
256703531;Pork Farms Individual Original Pork Pie 142G;null;null;Pies & Savouries;Pies, Quiche & Pasties;383;9.5;null;null;26.6;null;null;1.26;
251420406;Dickinson Morris Large Melton Mowbray Pork Pie 440G;£3.25;£0.74/100g;Pies & Savouries;Pies, Quiche & Pasties;330;12.2;null;1.6;23.5;8.9;2.6;null;
288288431;Tesco 12 Bitesize Pork Pies 300G;£1.75;£0.50/100g;Pies & Savouries;Pies, Quiche & Pasties;404;9.8;null;1.6;28.0;10.7;1.7;1.0;
285331903;Tesco Toad In The Hole 340G;£2.00;£0.59/100g;Pies & Savouries;Pies, Quiche & Pasties;268;12.2;null;1.8;15.4;5.8;2.4;1.1;
256520009;Tesco 2 Snack Melton Mowbray Pork Pies 150G;£1.20;£0.80/100g;Pies & Savouries;Pies, Quiche & Pasties;388;10.8;null;2.1;26.3;10.0;1.4;1.1;
250181782;Tesco Steak Pie 150G;£0.66;£0.44/100g;Pies & Savouries;Pies, Quiche & Pasties;272;9.5;null;1.4;14.3;6.9;1.8;0.6;
285363681;Walls 4 Pack Lincolnshire Rolls;£1.79;£0.45/each;Pies & Savouries;Pies, Quiche & Pasties;315;8.5;null;null;21.0;null;null;1.1;
261710706;Tesco 4 Snack Classic Pork Pies 260G;£1.50;£0.58/100g;Pies & Savouries;Pies, Quiche & Pasties;391;10.5;null;1.4;26.2;10.3;2.3;1.0;
279934821;Tesco Finest 5 Mini Real Ale Chutney And Cheddar Pork Pies 250G;£2.75;£1.10/100g;Pies & Savouries;Pies, Quiche & Pasties;380;10.8;null;2.4;22.6;8.8;1.9;1.1;
277717892;Tesco Finest 6 Mini Melton Mowbray Pork Pies 300G;£3.00;£1.00/100g;Pies & Savouries;Pies, Quiche & Pasties;415;11.2;null;2.0;29.6;11.1;1.3;0.6;
254387918;Tesco 6 Snack Melton Mowbray Pork Pies 450G;£2.00;£0.44/100g;Pies & Savouries;Pies, Quiche & Pasties;388;10.8;null;2.1;26.3;10.0;1.4;1.1;
257775754;Tesco Large Melton Mowbray Pork Pie 440G;£2.50;£0.57/100g;Pies & Savouries;Pies, Quiche & Pasties;337;11.8;null;1.3;22.3;8.4;1.3;1.0;
251858378;Tesco Cheese And Onion Quiche 175G;£1.00;£0.57/100g;Pies & Savouries;Pies, Quiche & Pasties;281;9.2;null;2.5;18.6;8.4;1.4;0.5;
254972393;Tesco 6 Mini Melton Mowbray Pork Pies 300G;£2.00;£0.67/100g;Pies & Savouries;Pies, Quiche & Pasties;383;10.6;null;1.9;25.6;9.9;1.5;1.1;
258476148;Tesco Everyday Value 4 Pork Pies 440G;£1.05;£0.24/100g;Pies & Savouries;Pies, Quiche & Pasties;372;9.0;null;3.1;25.3;10.7;2.7;1.5;
282629165;Tesco Finest Crimped Pork Pie With Onion Chutney 280G;£3.00;£1.08/100g;Pies & Savouries;Pies, Quiche & Pasties;356;11.5;null;4.6;22.4;8.8;1.4;1.0;
285938007;Tesco Sloppy Joe Pizza Wedges 175G;£1.50;£0.86/100g;Pies & Savouries;Pies, Quiche & Pasties;281;11.3;null;4.3;12.8;4.2;1.2;0.9;
281362210;Tesco Healthy Living Small Pork Pie 140G;£1.00;£0.71/100g;Pies & Savouries;Pies, Quiche & Pasties;304;9.8;null;3.6;15.4;5.6;1.4;0.9;
263687550;Tesco 6 Mini Pork And Pickle Pork Pies 300G;£2.00;£0.67/100g;Pies & Savouries;Pies, Quiche & Pasties;367;7.7;null;4.6;23.5;9.0;1.9;1.0;
282843020;Tesco Cornish Pasty 284G;£1.30;£0.46/100g;Pies & Savouries;Pies, Quiche & Pasties;255;6.8;null;1.6;15.6;7.4;2.2;0.7;
282694408;Tesco Cheese And Bacon Quiche 330G;£1.00;£0.30/100g;Pies & Savouries;Pies, Quiche & Pasties;253;7.5;null;2.5;15.6;5.4;1.8;0.4;
255163145;Tesco Bacon And Leek Quiche 400G;£2.20;£0.55/100g;Pies & Savouries;Pies, Quiche & Pasties;250;7.4;null;2.1;15.5;5.4;2.1;0.6;
254271813;Tesco Small Melton Mowbray Pork Pie 145G;£1.00;£0.69/100g;Pies & Savouries;Pies, Quiche & Pasties;368;10.8;null;1.7;24.6;9.1;1.5;1.1;
251859210;Tesco Broccoli And Tomato Quiche 400G;£2.20;£0.55/100g;Pies & Savouries;Pies, Quiche & Pasties;215;6.3;null;3.6;13.2;4.3;2.3;0.4;
285209905;Tesco Heat To Eat 2 Cheese And Onion Pork Pies 280G;£3.00;£1.08/100g;Pies & Savouries;Pies, Quiche & Pasties;396;10.5;null;1.9;27.3;10.5;1.9;1.0;
277717857;Tesco Finest 5 Mini Chicken And Roasted Garlic Pork Pies 250G;£2.75;£1.10/100g;Pies & Savouries;Pies, Quiche & Pasties;393;11.8;null;1.8;26.1;9.5;1.4;0.5;
254841082;Tesco Everyday Value 8 Mini Pork Pies 520G;£1.85;£0.36/100g;Pies & Savouries;Pies, Quiche & Pasties;423;9.2;null;2.2;28.6;11.6;1.8;1.1;
282694506;Tesco Cheese And Onion Quiche 330G;£1.00;£0.30/100g;Pies & Savouries;Pies, Quiche & Pasties;255;6.6;null;2.6;15.7;5.4;2.2;0.4;
273162729;Tesco Finest Maple Bacon And Gruyere Quiche 400G;£3.00;£0.75/100g;Pies & Savouries;Pies, Quiche & Pasties;321;8.7;null;2.5;22.3;10.6;1.5;0.6;
251858332;Tesco Quiche Lorraine 175G;£1.00;£0.57/100g;Pies & Savouries;Pies, Quiche & Pasties;285;9.3;null;2.0;19.0;8.1;1.9;0.7;
277599955;Tesco Finest Vintage Cheddar Caramelised Onion Quiche150g;£2.00;£1.34/100g;Pies & Savouries;Pies, Quiche & Pasties;297;8.5;null;4.1;19.0;9.2;1.4;0.5;
273163008;Tesco Finest Tomato And Mozzarella Quiche 400G;£3.00;£0.75/100g;Pies & Savouries;Pies, Quiche & Pasties;281;7.4;null;3.2;17.3;8.0;1.9;0.4;
273391636;Tesco Finest Maple Bacon And Gruyere Quiche 150G;£2.00;£1.34/100g;Pies & Savouries;Pies, Quiche & Pasties;307;9.0;null;2.6;21.2;10.4;1.5;0.6;
273416972;Weight Watchers Bacon And Leek Quiche 165G;£1.00;£0.63/100g;Pies & Savouries;Pies, Quiche & Pasties;null;9.1;null;null;9.6;null;2.3;0.5;
278288141;Tesco Finest Stilton, Bacon And Apricot Quiche 400G;£3.00;£0.75/100g;Pies & Savouries;Pies, Quiche & Pasties;306;8.5;null;4.9;18.5;9.1;1.5;0.6;
273163417;Tesco Finest Vintage Cheddar And Caramelised Onion Quiche400g;£3.00;£0.75/100g;Pies & Savouries;Pies, Quiche & Pasties;298;9.4;null;3.3;18.6;9.4;1.7;0.6;
273162545;Tesco Finest Goats Cheese And Red Pepper Quiche 400G;£3.00;£0.75/100g;Pies & Savouries;Pies, Quiche & Pasties;286;7.3;null;3.3;17.8;8.2;1.9;0.5;
282718768;Tesco Spinach And Ricotta Puff Pastry Tart 200G;£2.20;£1.10/100g;Pies & Savouries;Pies, Quiche & Pasties;291;7.2;null;1.4;18.8;10.3;2.9;0.6;
255159410;Tesco Cheese And Onion Quiche 400G;£2.20;£0.55/100g;Pies & Savouries;Pies, Quiche & Pasties;289;9.1;null;2.3;19.9;8.4;1.3;0.5;
281640820;Tesco Healthy Living Quiche Lorraine 400G;£2.20;£0.55/100g;Pies & Savouries;Pies, Quiche & Pasties;196;11.1;null;2.4;8.8;3.9;1.9;0.7;
281640912;Tesco Healthy Living Crustless Cheese And Bacon Quiche 160G;£1.00;£0.63/100g;Pies & Savouries;Pies, Quiche & Pasties;161;10.3;null;2.2;6.9;3.2;1.1;0.4;
251858574;Tesco Quiche Lorraine 400G;£2.20;£0.55/100g;Pies & Savouries;Pies, Quiche & Pasties;281;11.0;null;2.2;18.8;7.0;1.4;1.0;
280906172;Tesco Healthy Living Broccoli And Tomato Quiche 160G;£1.00;£0.63/100g;Pies & Savouries;Pies, Quiche & Pasties;145;6.4;null;3.0;6.5;2.9;1.8;0.4;
268835235;Tesco Finest Roast Vegetable Tart 400G;£3.00;£0.75/100g;Pies & Savouries;Pies, Quiche & Pasties;209;2.9;null;5.5;11.6;3.9;3.4;0.3;
282694642;Tesco Quiche Cheese And Tomato 330G;£1.00;£0.30/100g;Pies & Savouries;Pies, Quiche & Pasties;255;6.6;null;3.0;16.1;5.9;3.0;0.4;
263515242;Tesco Crustless Cheese And Bacon Quiche 340G;£2.20;£0.65/100g;Pies & Savouries;Pies, Quiche & Pasties;234;10.0;null;1.9;15.0;6.3;0.6;1.2;
273420661;Tesco Everyday Value Cheese And Onion Quiche 400G;£1.00;£0.25/100g;Pies & Savouries;Pies, Quiche & Pasties;258;6.6;null;0.9;17.2;9.3;2.3;0.4;
252194769;Ginsters 4 Pack Cornish Pasties;£2.89;£0.56/100g;Pies & Savouries;Pies, Quiche & Pasties;1039kJ 1351kJ - - - -;8.0;null;null;15.5;null;1.9;1.17;
277645734;Ginsters Chicken And Mushroom Slice 204G;£2.00;£0.98/100g;Pies & Savouries;Pies, Quiche & Pasties;1204kJ 2456kJ 29% 8400kJ;8.6;null;null;19.9;null;3.0;0.89;
260690999;Tesco 2 Chicken Tikka Slices 300G;£1.50;£0.50/100g;Pies & Savouries;Pies, Quiche & Pasties;282;6.8;null;2.2;18.8;8.6;2.9;0.6;
264716826;Ginsters Chicken And Bacon Pasty 180G;£1.89;£1.05/100g;Pies & Savouries;Pies, Quiche & Pasties;1028kJ 1850kJ - - - -;7.1;null;null;14.2;null;3.2;1.29;
282555050;Ginsters Spicy Chicken Slice 170G;£1.69;£0.99/100g;Pies & Savouries;Pies, Quiche & Pasties;1260kJ 2141kJ - -;6.8;null;null;23.0;null;4.8;0.72;
277645475;Ginsters Deep Fill Chicken Mushroom Slice;£1.69;£0.99/100g;Pies & Savouries;Pies, Quiche & Pasties;1239kJ 2107kJ 25% 8400kJ;7.9;null;null;20.6;null;2.7;0.96;
273234766;Tesco 10 Minced Beef Pasties 300G;£1.75;£0.58/100g;Pies & Savouries;Pies, Quiche & Pasties;348;7.3;null;2.8;21.6;8.4;2.1;0.6;
273350484;Ginsters Extra Large Cornish Pasty 284G;£2.00;£0.70/100g;Pies & Savouries;Pies, Quiche & Pasties;1039kJ 2951kJ - - - -;8.0;null;null;15.5;null;1.9;1.17;
277645786;Ginsters Steak Slice 216G;£2.00;£0.98/100g;Pies & Savouries;Pies, Quiche & Pasties;1248kJ 2546kJ 30% 8400kJ;8.7;null;null;19.2;null;1.0;0.82;
259621231;Ginsters Steak Slices 4 Pack 420G;£2.00;£0.48/100g;Pies & Savouries;Pies, Quiche & Pasties;1227kJ 1288kJ - - - -;8.3;null;null;19.7;null;2.6;0.94;
280770650;Ginsters Meat Feast Slice 180G;£1.69;£2.42/100g;Pies & Savouries;Pies, Quiche & Pasties;1235kJ 2099kJ - -;7.8;null;null;21.0;null;3.3;0.80;
268949586;Tesco 2 Beef And Onion Slices 300G;£1.50;£0.50/100g;Pies & Savouries;Pies, Quiche & Pasties;301;7.2;null;1.9;21.0;9.8;2.7;0.6;
259775215;Ginsters Original Cornish Pasty 227G;£1.00;£0.44/100g;Pies & Savouries;Pies, Quiche & Pasties;1039kJ 2359kJ - - - -;8.0;null;null;15.5;null;1.9;1.17;
268949573;Tesco 2 Chicken And Mushroom Slices 330G;£1.50;£0.50/100g;Pies & Savouries;Pies, Quiche & Pasties;286;7.2;null;1.4;19.6;9.5;2.8;0.5;
267277925;Tesco 10 Cheesy Chilli Beef Mini Pasties 300G;£1.75;£0.58/100g;Pies & Savouries;Pies, Quiche & Pasties;345;7.9;null;2.4;21.1;8.3;2.4;0.6;
282555827;Ginsters Ham And Cheese Slice 170G;£1.69;£0.99/100g;Pies & Savouries;Pies, Quiche & Pasties;1387kJ 2358kJ - -;8.4;null;null;24.4;null;3.0;0.91;
285451951;Tesco 2 Cheesy Bean Slices 300G;£1.50;£0.50/100g;Pies & Savouries;Pies, Quiche & Pasties;286;8.0;null;1.6;17.9;8.9;3.8;0.7;
277645642;Ginsters Deep Fill Pepper Steak Slice;£1.69;£0.99/100g;Pies & Savouries;Pies, Quiche & Pasties;1278kJ 2172kJ 26% 8400kJ;7.7;null;null;21.7;null;2.5;0.86;
275288013;Weight Watchers Crustless Cheese And Onion Quiche 165G;£1.00;£0.61/100g;Pies & Savouries;Pies, Quiche & Pasties;null;11.3;null;null;7.7;null;4.3;0.7;
268949452;Tesco 2 Ham And Cheese Slices 300G;£1.50;£0.50/100g;Pies & Savouries;Pies, Quiche & Pasties;267;7.5;null;1.2;16.8;8.3;2.4;0.7;
285451862;Tesco 4 Cheesy Ham Hot Pockets 360G;£2.00;£0.56/100g;Pies & Savouries;Pies, Quiche & Pasties;228;8.3;null;2.4;9.3;4.6;2.5;0.7;
266944011;Counter Tesco Pork And Chicken Pie By Weight;£10.00;£10.00/kg;Pies & Savouries;Pies, Quiche & Pasties;361;11.2;null;1.9;25.9;9.5;1.1;1.0;
282649066;Tesco 8 Bitesize Spicy American Pizza Pockets 176G;£1.75;£0.99/100g;Pies & Savouries;Pies, Quiche & Pasties;305;10.5;null;3.8;15.0;6.1;0.8;1.2;
255792258;Counter Tesco Mini Melton Pork Pie Pick And Mix;£0.40;£0.40/each;Pies & Savouries;Pies, Quiche & Pasties;391;10.6;null;1.8;27.0;10.6;1.4;1.0;
268949596;Tesco 4 Cornish Pasties 520G;£1.50;£0.29/100g;Pies & Savouries;Pies, Quiche & Pasties;285;6.8;null;1.9;19.3;8.9;2.0;0.8;
252195307;Counter Walkers Fluted Pork Pie;null;null;Pies & Savouries;Pies, Quiche & Pasties;352;11.4;null;1.6;24.7;9.3;2.2;1.0;
260037858;Tesco Everyday Value 2 Chicken And Mushroom Slices 330G;£0.99;£0.30/100g;Pies & Savouries;Pies, Quiche & Pasties;258;6.3;null;1.8;15.6;7.5;3.1;1.0;
253892425;Tesco Everyday Value 3 Minced Beef Pasties 450G;£1.10;£0.24/100g;Pies & Savouries;Pies, Quiche & Pasties;276;7.2;null;1.8;16.2;7.3;2.4;1.0;
279546848;Tesco Finest Cornish Pasty 200G;£1.50;£0.75/100g;Pies & Savouries;Pies, Quiche & Pasties;278;7.8;null;2.4;14.2;6.3;2.9;0.7;
253123974;Tesco Everyday Value Minced Beef Pasty 150G;£0.38;£0.25/100g;Pies & Savouries;Pies, Quiche & Pasties;276;7.2;null;1.8;16.2;7.3;2.4;1.0;
268949550;Tesco Cheese And Onion Slices 300G;£1.50;£0.50/100g;Pies & Savouries;Pies, Quiche & Pasties;306;6.5;null;2.1;21.2;11.1;3.4;0.8;
268949436;Tesco Cornish Pasty 130G;£0.60;£0.46/100g;Pies & Savouries;Pies, Quiche & Pasties;285;6.8;null;1.9;19.3;8.9;2.0;0.8;
275077113;Tesco Everyday Value Cheese And Onion Pasty 150G;£0.30;£0.20/100g;Pies & Savouries;Pies, Quiche & Pasties;265;5.9;null;1.8;13.9;6.8;3.3;1.0;
282843953;Tesco 2 Pepperoni Pizza Slices 300G;£1.50;£0.50/100g;Pies & Savouries;Pies, Quiche & Pasties;292;7.3;null;2.1;19.6;9.2;2.7;0.7;
268949607;Tesco 4 Cheese And Onion Pasties 520G;£1.50;£0.29/100g;Pies & Savouries;Pies, Quiche & Pasties;269;7.3;null;2.1;16.4;8.4;2.3;0;
285451202;Tesco 4 Cheesy Bean Hot Pockets 360G;£2.00;£0.56/100g;Pies & Savouries;Pies, Quiche & Pasties;247;9.2;null;3.4;10.0;5.2;1.7;0.8;
282649008;Tesco 8 Bitesize Margherita Pizza Pockets 176G;£1.75;£0.99/100g;Pies & Savouries;Pies, Quiche & Pasties;320;10.0;null;2.8;16.1;6.1;2.3;0.7;
285353552;Tesco 24 Chicken Poppers 240G;£1.75;£0.73/100g;Pies & Savouries;Sausage Rolls, Cocktail Sausages & Scotch Eggs;273;11.5;null;0.6;16.2;2.6;0.7;1.2;
268895226;Tesco 18 Bacon And Egg Bites 216G;£1.75;£0.81/100g;Pies & Savouries;Sausage Rolls, Cocktail Sausages & Scotch Eggs;295;10.8;null;1.1;19.5;4.9;1.8;0.8;
272142974;Tesco Scotch Eggs 2 Pack 227G;£0.90;£0.26/100g;Pies & Savouries;Sausage Rolls, Cocktail Sausages & Scotch Eggs;235;9.8;null;0.7;14.6;4.3;2.2;0.8;
264492473;Ginsters 4 Pack Sausage Rolls;£1.00;£0.42/100g;Pies & Savouries;Sausage Rolls, Cocktail Sausages & Scotch Eggs;1362kJ 817kJ - - - -;7.2;null;null;21.7;null;3.7;1.08;
272592659;Tesco Ploughmans 2 Pack Scotch Egg 227G;£0.90;£0.40/100g;Pies & Savouries;Sausage Rolls, Cocktail Sausages & Scotch Eggs;245;12.5;null;2.0;14.9;3.6;0.7;0.8;
268273749;Tesco Chicken Kiev Bites 216G;£1.75;£0.81/100g;Pies & Savouries;Sausage Rolls, Cocktail Sausages & Scotch Eggs;252;8.4;null;1.2;15.9;3.9;1.3;1.0;
268895088;Tesco 18 Bitesize Mini Savoury Eggs 216G;£1.75;£0.81/100g;Pies & Savouries;Sausage Rolls, Cocktail Sausages & Scotch Eggs;302;11.9;null;0.7;20.5;5.2;1.9;0.8;
277644332;Tesco Mini Lunchbox Egg Bites 72G;£0.75;£1.05/100g;Pies & Savouries;Sausage Rolls, Cocktail Sausages & Scotch Eggs;302;11.9;null;0.7;20.5;5.2;1.9;0.8;
253142899;Tesco Everyday Value 12 Mini Savoury Eggs 240;£0.83;£0.35/100g;Pies & Savouries;Sausage Rolls, Cocktail Sausages & Scotch Eggs;266;8.8;null;0.8;13.8;3.6;1.9;0.9;
272143132;Tesco Mini Savoury Eggs 12 Pack 216G;£1.00;£0.37/100g;Pies & Savouries;Sausage Rolls, Cocktail Sausages & Scotch Eggs;293;9.5;null;0.6;19.4;5.5;1.7;0.8;
285323314;Tesco Bitesize Mini Toad In The Holes 9Pk 180G;£1.75;£0.97/100g;Pies & Savouries;Sausage Rolls, Cocktail Sausages & Scotch Eggs;244;12.8;null;1.9;10.7;3.9;2.1;1.2;
277645964;Ginsters Large Sausage Roll;£1.00;£0.77/100g;Pies & Savouries;Sausage Rolls, Cocktail Sausages & Scotch Eggs;1629kJ 2118kJ 25% 8400kJ;9.5;null;null;30.8;null;1.4;1.41;
268903996;Tesco Everyday Value 2 Pack Scotch Egg 227G;£0.62;£0.27/100g;Pies & Savouries;Sausage Rolls, Cocktail Sausages & Scotch Eggs;228;10.5;null;0.5;12.1;3.3;1.7;0.9;
277644292;Tesco Mini Lunchbox Chicken Bites 48G;£0.75;£1.57/100g;Pies & Savouries;Sausage Rolls, Cocktail Sausages & Scotch Eggs;293;11.7;null;1.2;16.4;2.7;0.4;1.3;
275287803;Tesco Finest Scotch Egg Twin 227G;£2.00;£0.88/100g;Pies & Savouries;Sausage Rolls, Cocktail Sausages & Scotch Eggs;258;14.1;null;0.4;17.7;4.4;1.6;0.9;
275642337;Tesco Bitesize Southern Fried Chicken Straws 168G;£1.75;£1.05/100g;Pies & Savouries;Sausage Rolls, Cocktail Sausages & Scotch Eggs;316;11.3;null;1.4;18.3;3.7;0.5;1.1;
267280517;Tesco Cheese And Bacon Straws 168G;£1.75;£1.05/100g;Pies & Savouries;Sausage Rolls, Cocktail Sausages & Scotch Eggs;328;12.4;null;0.7;20.8;5.0;0.5;1.2;
283445697;Heinz Sauce Sausage Rolls 4 Pack;£1.00;£0.25/each;Pies & Savouries;Sausage Rolls, Cocktail Sausages & Scotch Eggs;1237kJ 742kJ -;8.3;null;null;16.1;null;2.2;0.9;
282480811;Tesco Finest Black Pudding Scotch Eggs 227G;£2.00;£0.88/100g;Pies & Savouries;Sausage Rolls, Cocktail Sausages & Scotch Eggs;278;15.9;null;0.4;18.3;3.9;1.6;0.9;
254606808;Tesco Scotch Eggs 4 Pack 454G;£1.50;£0.33/100g;Pies & Savouries;Sausage Rolls, Cocktail Sausages & Scotch Eggs;235;9.8;null;0.7;14.6;4.3;2.2;0.8;
268905619;Tesco 16 Snack Sausage Rolls 480G;£2.00;£0.42/100g;Pies & Savouries;Sausage Rolls, Cocktail Sausages & Scotch Eggs;353;8.4;null;1.4;22.8;9.3;3.6;1.0;
251388824;Tesco Everyday Value 8 Sausage Rolls 480G;£1.00;£0.21/100g;Pies & Savouries;Sausage Rolls, Cocktail Sausages & Scotch Eggs;316;7.4;null;1.3;17.2;7.5;2.5;1.0;
268905631;Tesco 6 Sausage Rolls 360G;£1.00;£0.28/100g;Pies & Savouries;Sausage Rolls, Cocktail Sausages & Scotch Eggs;340;8.1;null;1.4;21.9;8.9;3.1;1.0;
268980897;Tesco 10 Lincolnshire Snack Sausage Rolls 300G;£2.00;£0.67/100g;Pies & Savouries;Sausage Rolls, Cocktail Sausages & Scotch Eggs;354;8.4;null;1.3;22.9;9.3;3.4;1.0;
277661812;Heinz Tomato Ketchup Pork Sausages Roll;£1.00;£1.00/each;Pies & Savouries;Sausage Rolls, Cocktail Sausages & Scotch Eggs;292;8.6;null;null;15.8;null;2.4;1.0;
275066276;Tesco 12 Pack Mini Cheese And Onion Rolls 180G;£1.00;£0.56/100g;Pies & Savouries;Sausage Rolls, Cocktail Sausages & Scotch Eggs;291;7.6;null;1.8;17.2;9.0;3.3;0.8;
268957298;Tesco 6 Snack Sausages Rolls 180G;£1.50;£0.83/100g;Pies & Savouries;Sausage Rolls, Cocktail Sausages & Scotch Eggs;353;8.4;null;1.4;22.8;9.3;3.6;1.0;
283521561;Tesco 6 Barbecue Sausage Rolls 360G;£1.00;£0.28/100g;Pies & Savouries;Sausage Rolls, Cocktail Sausages & Scotch Eggs;339;8.6;null;3.8;20.4;8.5;2.1;1.1;
277661841;Heinz Tomato Ketchup Pork Sausages Rolls;£1.00;£1.00/each;Pies & Savouries;Sausage Rolls, Cocktail Sausages & Scotch Eggs;1233kJ 740kJ -;7.6;null;null;16.3;null;2.8;1.0;
283487848;Tesco 3 Jumbo Sausage Rolls 450G;£1.00;£0.22/100g;Pies & Savouries;Sausage Rolls, Cocktail Sausages & Scotch Eggs;322;8.1;null;1.6;20.1;8.2;2.2;1.0;
283562080;Tesco 10 Snack Cheese And Onion Rolls 300G;£2.00;£0.67/100g;Pies & Savouries;Sausage Rolls, Cocktail Sausages & Scotch Eggs;314;7.5;null;1.9;18.2;9.1;3.8;0.9;
288442560;Tesco 20 Mini Sausage Rolls 200G;£1.75;£0.80/100g;Pies & Savouries;Sausage Rolls, Cocktail Sausages & Scotch Eggs;357;8.2;null;1.6;22.0;8.6;1.9;1.0;
288442548;Tesco 20 Mini Cheese And Onion Sausage Rolls 200G;£1.75;£0.80/100g;Pies & Savouries;Sausage Rolls, Cocktail Sausages & Scotch Eggs;339;7.5;null;2.1;19.2;9.3;2.1;0.9;
275076724;Tesco 10 Snack Sausage Rolls 300G;£2.00;£0.67/100g;Pies & Savouries;Sausage Rolls, Cocktail Sausages & Scotch Eggs;353;8.4;null;1.4;22.8;9.3;3.6;1.0;
254243148;Tesco 2 Cheese And Onion Rolls 120G;null;null;Pies & Savouries;Sausage Rolls, Cocktail Sausages & Scotch Eggs;288;8.5;null;2.0;15.0;7.9;2.9;0.8;
283487825;Tesco 32 Mini Sausage Rolls 480G;£2.00;£0.42/100g;Pies & Savouries;Sausage Rolls, Cocktail Sausages & Scotch Eggs;383;8.9;null;1.8;25.6;10.8;3.4;1.1;
268984455;Tesco 6 Cheese And Onion Rolls 360G;£1.00;£0.28/100g;Pies & Savouries;Sausage Rolls, Cocktail Sausages & Scotch Eggs;288;8.5;null;2.0;15.0;7.9;2.9;0.8;
268984547;Tesco 2 Snack Sausage Rolls 120G;£0.60;£0.50/100g;Pies & Savouries;Sausage Rolls, Cocktail Sausages & Scotch Eggs;368;8.6;null;1.2;24.6;10.4;3.2;1.1;
275066161;Tesco 12 Pack Mini Sausage Rolls 180G;£1.00;£0.56/100g;Pies & Savouries;Sausage Rolls, Cocktail Sausages & Scotch Eggs;383;8.9;null;1.8;25.6;10.8;3.4;1.1;
268905648;Tesco 6 Lincolnshire Sausage Rolls 360G;£1.00;£0.28/100g;Pies & Savouries;Sausage Rolls, Cocktail Sausages & Scotch Eggs;326;8.4;null;1.5;20.0;8.4;2.4;0.9;
268298109;Wall's Limited Edition Jumbo Sausages Roll 140G;£1.00;£0.71/100g;Pies & Savouries;Sausage Rolls, Cocktail Sausages & Scotch Eggs;1535kJ / 2145kJ /;5.6;null;null;25.2;null;2.6;null;
265184066;Walls Large Sausage Roll 140G (C);£1.00;£0.71/100g;Pies & Savouries;Sausage Rolls, Cocktail Sausages & Scotch Eggs;365;6.5;null;null;27.6;null;1.9;null;
268849288;T.Smokey Bacon Cocktail Bitesize Sausages 255G;£1.75;£0.69/100g;Pies & Savouries;Sausage Rolls, Cocktail Sausages & Scotch Eggs;277;13.8;null;1.8;18.9;7.0;1.7;1.7;
266943346;Tesco Counter Gala Pork Pie With Egg;£7.00;£7.00/kg;Pies & Savouries;Sausage Rolls, Cocktail Sausages & Scotch Eggs;336;11.7;null;1.6;22.7;8.6;1.9;0.9;
260274438;Tesco Counter Free Range Scotch Egg;£0.50;£0.50/each;Pies & Savouries;Sausage Rolls, Cocktail Sausages & Scotch Eggs;259;11.2;null;1.1;15.7;4.7;1.8;1.0;
265018608;Tesco 30 Bitesize Lincolnshire Sausages 255G;£1.75;£0.69/100g;Pies & Savouries;Sausage Rolls, Cocktail Sausages & Scotch Eggs;284;13.1;null;1.0;20.6;7.3;1.6;1.5;
260274421;Tesco Counter Jumbo Sausage Roll;£0.75;£0.75/each;Pies & Savouries;Sausage Rolls, Cocktail Sausages & Scotch Eggs;321;8.7;null;1.9;19.7;8.3;3.2;0.9;
252098100;Tesco 40 Cooked Pork Cocktail Sausages 372G;£2.00;£0.54/100g;Pies & Savouries;Sausage Rolls, Cocktail Sausages & Scotch Eggs;257;12.9;null;1.5;16.7;6.1;2.0;1.5;
267558311;Counter Handmade Traditional Pork Sausage Roll;£1.50;£1.50/each;Pies & Savouries;Sausage Rolls, Cocktail Sausages & Scotch Eggs;274;9.9;null;2.0;17.9;10.0;1.8;0.9;
267052327;Tesco 10 Pack Cocktail Sausages;£0.80;£0.80/100g;Pies & Savouries;Sausage Rolls, Cocktail Sausages & Scotch Eggs;257;12.9;null;1.5;16.7;6.1;2.0;1.5;
283487860;Tesco Finest 12 Mini Sausage Rolls 264G;£2.00;£0.76/100g;Pies & Savouries;Sausage Rolls, Cocktail Sausages & Scotch Eggs;378;10.5;null;1.2;27.8;12.5;2.3;0.8;
277717713;Walls 4 Sausage Rolls 240G;£1.78;£0.74/100g;Pies & Savouries;Sausage Rolls, Cocktail Sausages & Scotch Eggs;305Kcal;7.8;null;null;19.0;null;4.3;null;
266656676;Walls 10 Cocktail Sausage Rolls 300G;£2.00;£0.67/100g;Pies & Savouries;Sausage Rolls, Cocktail Sausages & Scotch Eggs;373;6.9;null;null;27.6;null;0.7;null;
254787629;Tesco 25 Snack Sausages 212G;£1.25;£0.59/100g;Pies & Savouries;Sausage Rolls, Cocktail Sausages & Scotch Eggs;257;12.9;null;1.5;16.7;6.1;2.0;1.5;
267558789;Counter Pork And Sweet Chilli Sausage Roll;£1.50;£1.50/each;Pies & Savouries;Sausage Rolls, Cocktail Sausages & Scotch Eggs;288;9.9;null;3.7;17.6;9.8;1.2;1.0;
283487917;Tesco Finest 4 Sausage Rolls 320G;£2.00;£0.63/100g;Pies & Savouries;Sausage Rolls, Cocktail Sausages & Scotch Eggs;386;11.6;null;1.1;29.5;12.6;1.7;0.9;
268849294;Tesco 70 Cocktail Sausages 616G;£2.00;£0.33/100g;Pies & Savouries;Sausage Rolls, Cocktail Sausages & Scotch Eggs;257;12.9;null;1.5;16.7;6.1;2.0;1.5;
277644361;Tesco Mini Lunchbox Sausages Rolls 50G;£0.75;£1.50/100g;Pies & Savouries;Sausage Rolls, Cocktail Sausages & Scotch Eggs;357;8.2;null;1.6;22.0;8.6;1.9;1.0;
285348826;Tesco Edv Cheese And Onion Rolls 8Pk;£1.00;£0.13/each;Pies & Savouries;Vegetarian Rolls;256;6.5;null;2.2;13.6;7.2;2.2;0.7;
280832042;Mattessons Double Dippers Thai 90G;£1.59;£1.77/100g;Food On The Go;Desserts & Snacks On The Go;null;15.3;null;null;1.6;null;0.9;null;
250063070;Mattessons Fridge Raiders Barbecue 60G;£1.29;£2.15/100g;Food On The Go;Desserts & Snacks On The Go;134;12.3;null;null;7.5;null;null;0.7;
280831861;Mattessons Double Dippers Indian 90G;£1.59;£1.77/100g;Food On The Go;Desserts & Snacks On The Go;null;16.5;null;null;6.5;null;0.9;null;
250039330;Mattessons Fridge Raiders Southern Fried Chicken 60G;£1.29;£2.15/100g;Food On The Go;Desserts & Snacks On The Go;133;11.3;null;null;8.5;null;null;0.8;
250039376;Mattessons Fridge Raiders Tikka Bites 60G;£1.29;£2.15/100g;Food On The Go;Desserts & Snacks On The Go;137;11.9;null;null;9.1;null;null;0.9;
257455563;Peperami Hot 25G;£0.70;£2.80/100g;Food On The Go;Desserts & Snacks On The Go;2139kJ 535kJ 6%;23;null;null;44;null;null;4;
277142344;Tesco 2 Pack Mini Melton 100G;£1.00;£0.44/100g;Food On The Go;Desserts & Snacks On The Go;383;10.6;null;1.9;25.6;9.9;1.5;1.1;
250088639;Mattessons Fridge Raiders Chicken Bites 60G;£1.29;£2.15/100g;Food On The Go;Desserts & Snacks On The Go;125;12.4;null;null;6.8;null;null;0.9;
250039416;Mattessons Fridge Raiders Piri Piri 60G;£1.29;£2.15/100g;Food On The Go;Desserts & Snacks On The Go;127;11.7;null;null;7.6;null;null;0.8;
277065101;Tesco 2 Chicken Drumsticks 135G;£1.50;£1.12/100g;Food On The Go;Desserts & Snacks On The Go;160;25.2;null;0.2;6.1;1.6;trace;null;
274678498;Mattesson's Fridge Raiders Limited Edition 60G;£1.29;£2.15/100g;Food On The Go;Desserts & Snacks On The Go;null;null;null;null;null;null;0.4;null;
254273379;Peperami Original 25G;£0.70;£2.80/100g;Food On The Go;Desserts & Snacks On The Go;2145kJ 536kJ 6%;24;null;null;44;null;null;3.9;
277184518;Tesco Jumbo Sausage Roll 150G;£0.65;£0.43/100g;Food On The Go;Desserts & Snacks On The Go;341;8.2;null;1.4;23.1;10.1;3.4;1.0;
255956906;Rustlers Quarter Pounder Cheese 190G;£2.20;£11.58/kg;Food On The Go;Lunch On The Go;293;13.4;null;null;16.3;null;null;1.3;
282997603;Rustlers Barbecue Pork Rib Sandwich 157G;£1.00;£6.37/kg;Food On The Go;Lunch On The Go;270;14.3;null;null;13;null;null;1.2;
282997321;Rustlers The Deluxe With Bacon /Cheese 191G;£2.40;£12.57/kg;Food On The Go;Lunch On The Go;263;14.1;null;null;13.7;null;null;1.4;
258859602;Speedy Snacks Beef Burger 220G;£2.20;£10.00/kg;Food On The Go;Lunch On The Go;278;10.5;null;null;13.7;null;null;1.3;
264511613;Express Tesco Sausage And Egg Sandwich;£1.35;£1.35/each;Food On The Go;Lunch On The Go;229;10.3;null;1.9;8.9;2.1;1.0;0.9;
275281412;Speedy Snacks Chicken Burger 228G;£2.20;£9.65/kg;Food On The Go;Lunch On The Go;246;11.4;null;null;8.2;null;null;1.5;
254279246;Tesco Bacon Lettuce Tomato On Malted Brown Bread Sandwich;null;null;Food On The Go;Lunch On The Go;246;12.0;null;2.5;10.6;2.3;2.5;1.4;
282997269;Rustlers The Big One 211G;£2.40;£11.38/kg;Food On The Go;Lunch On The Go;278;13.6;null;null;14.1;null;null;1.2;
284657485;Tesco Barbecue Meatball Sub Roll;£2.30;£2.30/each;Food On The Go;Lunch On The Go;284;11.8;null;5.0;11.4;3.0;2.0;1.2;
277064396;Tesco American Faves Chicken Bacon And Cheese With Ranch Mayonnaise;£1.00;£1.00/100g;Food On The Go;Lunch On The Go;258;16.8;null;1.9;9.7;3.4;1.5;1.0;
253582556;Tesco Cheese And Onion Brown Bread Sandwich;£1.05;£1.05/each;Food On The Go;Lunch On The Go;294;10.2;null;2.1;16.5;5.4;3.3;1.0;
262956648;Zugo's Bacon And Cheese Panini 145G;£2.20;£15.18/kg;Food On The Go;Lunch On The Go;null;15;null;null;15.2;null;null;2;
268858997;Tesco American Faves Pastrami Gherkin And Mustard Mayonnaise;null;null;Food On The Go;Lunch On The Go;220;11.0;null;1.4;9.4;3.2;2.3;1.0;
255956866;Rustlers Chicken Sandwich 150G;£1.00;£6.67/kg;Food On The Go;Lunch On The Go;245;13.3;null;null;11.6;null;null;1.5;
283195871;Tesco Fajita Chicken Pasta 220G;£2.20;£1.00/100g;Food On The Go;Lunch On The Go;140;7.3;null;4.3;1.8;0.9;1.5;0.3;
264952868;Tesco Cheese Triple Sandwich;£1.80;£1.80/each;Food On The Go;Lunch On The Go;274;10.6;null;2.8;13.8;5.3;2.3;0.9;
283195859;Tesco Sweet Chilli Noodle Pot;£1.60;£1.60/each;Food On The Go;Lunch On The Go;119;2.8;null;9.0;0.3;0.1;1.1;0.3;
285293924;Tesco Bacon Lettuce Tomato No Mayonnaise;£2.20;£2.20/each;Food On The Go;Lunch On The Go;208;10.7;null;2.4;7.3;2.7;3.2;1.3;
282882687;Tesco American Barbecue Beef Mustard And Slaw Sandwich;£2.20;£2.20/each;Food On The Go;Lunch On The Go;233;11.5;null;5.1;8.6;2.7;2.0;0.9;
265229658;Tesco All Day Breakfast Sandwich;£2.00;£2.00/each;Food On The Go;Lunch On The Go;239;11.3;null;2.2;9.5;2.4;2.5;1.1;
265229520;Tesco Chicken And Bacon Mayonnaise Sandwich;£1.50;£1.50/each;Food On The Go;Lunch On The Go;248;17.0;null;2.5;11.4;2.7;3.1;1.3;
265283419;Tesco Egg And Cress Sandwich;£1.13;£1.13/each;Food On The Go;Lunch On The Go;195;8.7;null;0.8;9.3;1.4;3.4;1.0;
258814454;Tesco Chicken Bacon And Lettuce Brown Bread Sandwich;£2.20;£2.20/each;Food On The Go;Lunch On The Go;238;15.8;null;3.4;9.6;2.2;2.4;1.0;
274093354;Tesco Everyday Value Tuna Crunch Sandwich;£0.85;£0.85/each;Food On The Go;Lunch On The Go;232;7.2;null;2.9;8.2;0.8;2.1;0.8;
272566374;Tesco Chicken Triple Sandwich;£2.80;£2.80/each;Food On The Go;Lunch On The Go;239;12.4;null;1.4;10.5;1.0;2.2;0.7;
254279183;Tesco Chicken Salad Sandwich;£2.20;£2.20/each;Food On The Go;Lunch On The Go;230;16.0;null;1.4;8.0;1.2;2.7;0.8;
277043904;Tesco Finest Antipasti With Continental Meats And Italian Mozzarella;£3.00;£3.00/each;Food On The Go;Lunch On The Go;269;13.4;null;2.4;13.0;5.3;2.5;1.4;
278936671;Tesco Chicken Bacon Sweetcorn Sandwich;£2.00;£2.00/each;Food On The Go;Lunch On The Go;null;null;null;null;null;null;null;null;
274111207;Tesco Everyday Value Egg Mayonnaise Sandwich;£0.85;£0.85/each;Food On The Go;Lunch On The Go;307;7.3;null;2.0;16.9;1.6;1.7;1.0;
278907366;Tesco Chicken Pepperoni And Cheddar No Mayonnaise Sandwich;£2.00;£2.00/each;Food On The Go;Lunch On The Go;236;14.4;null;2.6;9.0;3.6;2.0;1.1;
274111242;Tesco Everyday Value Cheese And Onion Sandwich;£0.85;£0.85/each;Food On The Go;Lunch On The Go;284;9.6;null;2.1;12.9;4.3;1.9;1.0;
285295162;Tesco Chicken Salad With Bacon No Mayonnaise Sandwich;null;null;Food On The Go;Lunch On The Go;202;14.7;null;2.1;7.4;2.4;2.9;1.1;
254279200;Tesco Egg Bacon Malted Brown Bread Sandwich;£2.20;£2.20/each;Food On The Go;Lunch On The Go;226;14.0;null;1.1;10.7;2.3;2.3;1.3;
284658639;Tesco Chicken Favourites Mini Rolls;£2.60;£2.60/each;Food On The Go;Lunch On The Go;209;11.8;null;2.6;6.4;0.8;2.3;0.8;
284658242;Tesco Deli Meat Feast Sub Roll;£2.30;£2.30/each;Food On The Go;Lunch On The Go;225;12.0;null;1.9;8.0;1.8;1.8;1.2;
285300105;Tesco Chipotle Chicken Sandwich;null;null;Food On The Go;Lunch On The Go;260;11.8;null;2.7;10.7;1.1;3.0;0.8;
258461628;Tesco Egg And Cress Sandwich Triple;£1.60;£1.60/each;Food On The Go;Lunch On The Go;253;9.5;null;2.0;12.8;2.0;2.7;0.8;
255420968;Tesco Chicken And Bacon Sub;£2.00;£2.00/each;Food On The Go;Lunch On The Go;258;13.5;null;2.2;10.4;1.3;2.4;0.7;
284657272;Tesco Chicken Salad Sub Roll;£2.30;£2.30/each;Food On The Go;Lunch On The Go;216;11.4;null;2.4;7.4;0.9;2.5;0.7;
276779738;Tesco Chicken And Sweetcorn Sandwich;£1.30;£1.30/each;Food On The Go;Lunch On The Go;233;12.3;null;2.6;11.0;1.0;4.1;0.6;
256788314;Tesco Finest Roast Beef Sandwich;£3.00;£3.00/each;Food On The Go;Lunch On The Go;209;14.8;null;2.6;7.1;1.5;3.8;0.9;
282881291;Tesco Finest Smoked Salmon Free Range Egg Sandwich;£3.00;£3.00/each;Food On The Go;Lunch On The Go;238;12.4;null;1.7;9.4;1.3;2.3;1.4;
282882664;Tesco Finest Oven Baked Ham Brie And Chutney Sandwich;£3.00;£3.00/each;Food On The Go;Lunch On The Go;252;11.9;null;4.9;8.8;4.0;2.5;1.1;
274649654;Tesco Finest Deli Pastrami Sandwich;£3.00;£3.00/each;Food On The Go;Lunch On The Go;202;10.3;null;5.3;7.7;0.9;1.9;0.8;
283161548;Tesco Flaming Hot Chicken Madras Sandwich;null;null;Food On The Go;Lunch On The Go;193;10.6;null;2.2;5.3;0.6;2.7;0.6;
274649752;Tesco Finest Oak Smoked Salmon And King Prawn Sandwich;£3.00;£3.00/each;Food On The Go;Lunch On The Go;187;10.3;null;1.7;4.0;1.0;2.7;1.6;
278941819;Tesco Goodness Just Ham Sandwich;£0.70;£0.70/each;Food On The Go;Lunch On The Go;200;11.9;null;1.0;3.6;1.7;2.8;1.2;
268308330;Tesco Finest Beef Topside And Long Clawson Stilton;£3.00;£3.00/each;Food On The Go;Lunch On The Go;256;12.6;null;5.5;11.0;3.1;2.7;0.9;
277375270;Tesco Finest Butter Roast Chicken And Lincolnshire Sausages Sandwich;£3.00;£3.00/each;Food On The Go;Lunch On The Go;263;16.2;null;2.0;12.6;2.8;1.8;1.3;
285295064;Tesco Free Range Egg Salad No Mayonnaise Sandwich;£1.50;£1.50/each;Food On The Go;Lunch On The Go;146;8.4;null;1.2;4.2;1.4;1.6;0.6;
262838702;Tesco Finest Smoked Salmon And Cream Cheese Sandwich;£3.00;£3.00/each;Food On The Go;Lunch On The Go;275;11.8;null;2.0;13.8;3.7;2.1;1.1;
274622236;Tesco Free Range Egg Mayonnaise Sandwich;£1.60;£1.60/each;Food On The Go;Lunch On The Go;228;10.3;null;2.5;11.6;1.5;2.9;0.7;
278907245;Tesco Flamin Hot Pulled Pork And Red Cabbage Slaw;null;null;Food On The Go;Lunch On The Go;208;9.6;null;7.9;5.2;0.8;3.1;1.0;
283419994;Tesco Gluten Free Chicken Salad Sandwich;null;null;Food On The Go;Lunch On The Go;191;8.6;null;3.2;7.6;0.8;3.3;0.4;
283389348;Tesco Foot Sub Meat Feast;£2.80;£2.80/each;Food On The Go;Lunch On The Go;251;12.5;null;3.8;8.3;2.3;1.3;1.0;
272556317;Tesco Finest West Country Ched, Apple And Ale Chutney Sandwich;£3.00;£3.00/each;Food On The Go;Lunch On The Go;264;11.0;null;4.2;14.8;6.3;2.5;0.7;
277043801;Tesco Finest Ultimate Chicken &Chorizo Sandwich;£3.00;£3.00/each;Food On The Go;Lunch On The Go;239;14.0;null;4.2;8.6;2.5;2.1;1.0;
268858945;Tesco Fried Chicken Barbecue Sauce And Coleslaw Sandwich;£2.30;£2.30/each;Food On The Go;Lunch On The Go;219;10.9;null;2.4;7.3;2.9;2.9;1.0;
268308353;Tesco Finest Wiltshire Cured Ham Hock With Cheddar Sandwich;£3.00;£3.00/each;Food On The Go;Lunch On The Go;233;12.3;null;7.1;8.6;3.5;2.9;1.4;
279526423;Tesco Finest Stilton And Applewood Smoked Bacon Sandwich;£3.00;£3.00/each;Food On The Go;Lunch On The Go;294;14.8;null;8.3;12.2;4.7;3.9;1.7;
258814391;Tesco Ham Cheese And Pickle Brown Bread Sandwich;£2.20;£2.20/each;Food On The Go;Lunch On The Go;208;12.8;null;4.4;6.3;3.7;2.5;1.1;
285299676;Tesco Ham And Picallili Sandwich;null;null;Food On The Go;Lunch On The Go;201;9.8;null;3.1;4.1;1.0;3.5;1.4;
283195617;Tesco Pastrami And Gherkin Bagel;£2.60;£2.60/each;Food On The Go;Lunch On The Go;215;9.5;null;2.1;4.9;0.6;2.5;1.1;
283487612;Tesco Healthy Living Egg Salad On Soft Grain Bread Sandwich;£1.60;£1.60/each;Food On The Go;Lunch On The Go;147;7.0;null;3.5;2.4;0.8;1.7;0.4;
284658109;Tesco Ham Cheddar And Pickle Sub Roll;£2.30;£2.30/each;Food On The Go;Lunch On The Go;248;11.3;null;3.4;8.8;2.9;3.3;1.2;
268544441;Tesco Just Ham Sandwich (C);£1.10;£1.10/each;Food On The Go;Lunch On The Go;206;12.1;null;2.8;4.2;2.0;1.5;1.4;
277184720;Tesco Ham Coleslaw And Jalapeno Sandwich;£1.25;£0.25/100ml;Food On The Go;Lunch On The Go;194;8.9;null;5.0;5.6;0.6;2.9;1.1;
255420953;Tesco Ham And Cheddar Sub;£2.20;£2.20/each;Food On The Go;Lunch On The Go;263;14.9;null;2.6;10.0;4.5;1.5;1.3;
284658484;Tesco Piri Piri Chicken Sub Roll;£2.30;£2.30/each;Food On The Go;Lunch On The Go;201;11.9;null;2.9;3.8;0.6;2.7;0.8;
255590566;Tesco Healthy Living Egg Mayonnaise And Cress Sandwich;£1.05;£1.05/each;Food On The Go;Lunch On The Go;192;9.3;null;3.2;5.8;1.4;2.2;0.8;
281199835;Tesco Healthy Living Flat Tandoori Chicken Flatbread;null;null;Food On The Go;Lunch On The Go;141;8.9;null;6.6;3.1;0.4;2.7;0.7;
267385117;Tesco Honey Roast Ham And Egg Sandwich;£2.00;£2.00/each;Food On The Go;Lunch On The Go;185;12.8;null;1.8;5.1;1.4;2.5;1.1;
281237002;Tesco Healthy Living Tuna And Cucumber Sandwich;null;null;Food On The Go;Lunch On The Go;152;11.8;null;2.8;1.1;0.4;2.4;0.5;
254933601;Tesco Healthy Living Prawn With Lemon And Herb Mayonnaise Sandwich;£1.80;£1.80/each;Food On The Go;Lunch On The Go;141;11.2;null;1.3;1.2;0.3;2.5;1.3;
281199772;Tesco Healthy Living Mexican Chicken Flatbread;£2.60;£2.60/each;Food On The Go;Lunch On The Go;129;8.4;null;3.1;1.7;0.4;2.2;0.7;
250701842;Tesco Healthy Living Chicken And Bacon Sandwich;£2.20;£2.20/each;Food On The Go;Lunch On The Go;174;11.5;null;1.8;3.2;0.9;2.4;0.8;
272566271;Tesco Just Chicken Sandwich;£1.40;£1.40/each;Food On The Go;Lunch On The Go;207;17.1;null;0.8;3.7;1.1;2.2;0.6;
260255657;Tesco Just Ham Sandwich;£1.05;£1.05/each;Food On The Go;Lunch On The Go;187;11.6;null;1.9;2.3;0.6;1.4;1.5;
265283876;Tesco Healthy Living Chicken Salad Sandwich;£2.20;£2.20/each;Food On The Go;Lunch On The Go;113;7.0;null;2.3;1.0;0.3;2.9;0.5;
283487802;Tesco Healthy Living Ham Salad And Chutney On Soft Grain Bread;£1.80;£1.80/each;Food On The Go;Lunch On The Go;155;8.7;null;3.5;2.2;1.0;2.2;0.8;
258780947;Tesco Ploughmans Sandwich;£1.50;£1.50/each;Food On The Go;Lunch On The Go;220;8.8;null;4.4;9.1;4.3;2.4;0.9;
265283788;Tesco Prawn Mayonnaise On Oatmeal Bread Sandwich;£1.80;£1.80/each;Food On The Go;Lunch On The Go;204;9.4;null;1.5;7.9;0.8;2.0;1.3;
260422235;Tesco Sausage, Bacon And Egg Triple Sandwich;£2.20;£2.20/each;Food On The Go;Lunch On The Go;243;12.4;null;2.4;9.9;2.4;2.0;1.1;
283195652;Tesco Smoked Salmon And Cream Cheese Bagel;£2.60;£2.60/each;Food On The Go;Lunch On The Go;261;11.9;null;4.1;8.0;1.6;2.2;1.2;
264265944;Tesco Tuna And Cucumber Sandwich;£1.40;£1.40/each;Food On The Go;Lunch On The Go;229;10.2;null;2.9;9.9;0.8;2.7;0.8;
256241282;Tesco Roast Chicken Sandwich;£2.00;£2.00/each;Food On The Go;Lunch On The Go;233;14.7;null;1.9;7.3;1.6;2.1;0.6;
266385276;Tesco Roast Chicken Bacon And Stuffing Sandwich;£2.20;£2.20/each;Food On The Go;Lunch On The Go;256;14.6;null;1.8;11.2;1.3;2.8;1.1;
285294255;Tesco Roast Chicken Salad No Mayonnaise;£2.20;£2.20/each;Food On The Go;Lunch On The Go;156;14.0;null;1.2;2.7;0.8;1.9;0.5;
250700175;Tesco Roast Chicken And Stuffing Sandwich;£2.00;£2.00/each;Food On The Go;Lunch On The Go;239;12.4;null;1.4;10.5;1.0;2.2;0.7;
285293792;Tesco Smoked Ham Cheddar And Tomato No Mayonnaise Sandwich;£1.80;£1.80/each;Food On The Go;Lunch On The Go;233;12.2;null;2.2;9.9;4.8;1.9;1.2;
252912278;Tesco Tuna And Sweetcorn Sandwich;£1.50;£1.50/each;Food On The Go;Lunch On The Go;250;11.4;null;2.9;12.0;1.1;3.3;1.0;
276780338;Tesco Sausage And Egg Sandwich;£1.30;£1.30/each;Food On The Go;Lunch On The Go;229;10.3;null;1.9;8.9;2.1;1.0;0.9;
284657894;Tesco Southern Fried Chicken Sub Roll;£2.30;£2.30/each;Food On The Go;Lunch On The Go;249;10.1;null;2.4;8.0;1.5;1.9;1.1;
265283644;Tesco Red Cheddar And Tomato Sandwich;null;null;Food On The Go;Lunch On The Go;295;10.0;null;1.8;18.3;5.1;1.3;1.2;
278907510;Tesco Triple Chilli Chicken Sandwich;null;null;Food On The Go;Lunch On The Go;184;10.9;null;5.3;3.6;0.9;2.2;0.7;
255891890;Tesco Salmon And Cucumber Sandwich;£1.50;£1.50/each;Food On The Go;Lunch On The Go;216;10.1;null;0.9;7.5;1.1;2.3;0.7;
274649544;Tesco Smoked Ham And Mustard Sandwich;£1.80;£1.80/each;Food On The Go;Lunch On The Go;241;10.9;null;3.2;10.0;1.4;1.4;1.3;
278907435;Tesco Tikka Chicken And Mango Chutney Sandwich;£2.00;£2.00/each;Food On The Go;Lunch On The Go;175;11.6;null;4.3;2.4;0.5;2.6;0.9;
254279217;Tesco Smoked Ham And Cheddar Sandwich;£2.00;£2.00/each;Food On The Go;Lunch On The Go;258;14.3;null;1.8;11.9;4.4;2.3;1.1;
285293622;Tesco Ploughmans No Mayonnaise Sandwich;£1.50;£1.50/each;Food On The Go;Lunch On The Go;225;9.0;null;4.6;10.0;5.4;2.8;1.0;
274621145;Tesco West Country Cheddar And Red Onion Sandwich;£1.60;£1.60/each;Food On The Go;Lunch On The Go;329;12.9;null;2.4;19.4;8.4;1.2;1.3;
272566121;Tesco Fajita Chicken Wrap;£2.35;£2.35/each;Food On The Go;Lunch On The Go;195;10.6;null;4.1;4.9;2.1;0.9;0.7;
277103984;Tesco Coconut, Lime And Chilli Chicken Wrap;£2.35;£2.35/each;Food On The Go;Lunch On The Go;233;10.0;null;3.5;10.6;1.6;1.4;0.8;
276779894;Tesco Falafel And Houmous Wrap;£2.35;£2.35/each;Food On The Go;Lunch On The Go;221;5.4;null;6.8;6.3;1.5;4.4;0.6;
274623534;Tesco West Country Cheddar And Pickle Sandwich;£1.60;£1.60/each;Food On The Go;Lunch On The Go;304;12.5;null;6.3;15.3;8.0;1.8;1.5;
268888346;Tesco Chicken Chorizo Square Wrap;£2.35;£2.35/each;Food On The Go;Lunch On The Go;251;13.5;null;5.7;10.3;3.4;1.3;1.0;
277074044;Tesco Chicken And Bacon Wrap;£2.35;£2.35/each;Food On The Go;Lunch On The Go;256;13.8;null;2.6;11.3;2.6;1.8;1.0;
268059670;Tesco Chicken Caesar Wrap;£2.35;£2.35/each;Food On The Go;Lunch On The Go;253;13.6;null;1.5;10.9;2.2;2.0;0.5;
274814706;Tesco Hoisin Duck Triple No Mayonnaise Sandwich;£2.90;£2.90/each;Food On The Go;Lunch On The Go;227;10.3;null;6.4;7.8;2.5;2.6;0.9;
268058976;Tesco Cajun Chicken Wrap;£2.35;£2.35/each;Food On The Go;Lunch On The Go;273;13.0;null;2.2;13.2;2.3;1.1;0.7;
276780413;Tesco Hoi Sin Duck Wrap;£2.35;£2.35/each;Food On The Go;Lunch On The Go;227;10.3;null;6.4;7.8;2.5;2.6;0.9;
276780275;Tesco Steak Fajita Wrap;£2.35;£2.35/each;Food On The Go;Lunch On The Go;241;9.8;null;3.2;10.4;2.3;2.2;0.7;
278935240;Tesco Chicken Fajita Triple Wraps;£2.90;£2.90/each;Food On The Go;Lunch On The Go;195;10.6;null;4.1;4.9;2.1;0.9;0.7;
283195738;Tesco Turkey Cheddar And Slaw Bagel;null;null;Food On The Go;Lunch On The Go;239;9.6;null;4.7;9.2;2.9;2.0;0.8;
268059330;Tesco Southern Fried Chicken Wrap;null;null;Food On The Go;Lunch On The Go;223;8.6;null;3.2;8.6;2.1;1.8;0.8;
266385672;Tesco Sweet Chilli Chicken Wrap;£2.35;£2.35/each;Food On The Go;Lunch On The Go;244;8.1;null;9.2;7.7;2.8;1.8;0.9;
285198755;Tesco Large Fish Selection 218G;£3.30;£1.52/100g;Food On The Go;Lunch On The Go;167;4.9;null;10.4;2.6;0.5;1.7;1.1;
274088390;Tesco Triple Southern Fried Chicken Wrap 248G;£2.90;£1.17/100g;Food On The Go;Lunch On The Go;246;8.8;null;3.7;9.6;2.5;1.9;0.8;
274088545;Tesco Triple Chicken Caesar Wrap 246G;£2.90;£1.18/100g;Food On The Go;Lunch On The Go;274;10.0;null;3.7;14.2;2.5;1.8;1.0;
283445962;Tesco Fish Taster 137G;£2.40;£1.76/100g;Food On The Go;Lunch On The Go;160;5.7;null;5.8;2.3;0.2;1.2;0.9;
285198415;Tesco Large Limited Edition Chicken And Duck Sltn 205G;£3.30;£1.61/100g;Food On The Go;Lunch On The Go;160;5.7;null;10.7;1.4;0.3;2.7;0.9;
282845283;Tesco Taster Seafood Cocktail 65G;£1.35;£2.08/100g;Food On The Go;Lunch On The Go;181;4.2;null;6.2;3.5;0.3;1.9;1.2;
282854491;Tesco Taster Veggie 71G;£1.35;£1.91/100g;Food On The Go;Lunch On The Go;153;3.4;null;5.9;0.9;0.1;1.5;0.9;
268920791;Tesco Large Mixed Sushi 189G;£3.30;£1.75/100g;Food On The Go;Lunch On The Go;157;5.1;null;11.0;2.1;0.4;1.4;1.2;
282844892;Tesco Taster Hoisin Duck 68G;£1.35;£1.99/100g;Food On The Go;Lunch On The Go;158;6.7;null;7.2;1.0;0.2;2.2;1.1;
282854410;Tesco Taster Sweet Chilli Smoked Salmon 66G;£1.35;£2.05/100g;Food On The Go;Lunch On The Go;162;5.6;null;5.7;1.4;0.2;3.4;1.3;
282853768;Tesco Ultimate Salmon Selection 262G;£5.00;£1.91/100g;Food On The Go;Lunch On The Go;156;6.2;null;8.7;1.2;0.2;2.4;1.3;
282853618;Tesco Taster Smoked Salmon Nigiri 73G;£1.35;£1.85/100g;Food On The Go;Lunch On The Go;165;6.8;null;6.7;1.2;0.2;1.1;1.5;
282853411;Tesco Medium Smoked Salmon Selection 143G;null;null;Food On The Go;Lunch On The Go;162;5.7;null;6.0;2.5;0.4;1.6;1.2;
282853716;Tesco Taster Sweet Chilli Chicken 65G;£1.35;£2.08/100g;Food On The Go;Lunch On The Go;166;6.4;null;6.9;1.4;0.4;2.2;1.0;
282854479;Tesco Tuna Teriyaki Taster 66G;£1.35;£2.05/100g;Food On The Go;Lunch On The Go;160;6.1;null;6.0;1.5;0.2;1.7;1.1;
285198070;Tesco Large Limited Edition Fish And Vegetable Sltn 197G;null;null;Food On The Go;Lunch On The Go;157;3.6;null;9.8;1.6;0.2;1.6;0.9;
281203313;Tesco Healthy Living Tuna And Pasta Salad Bowl 265G;£3.00;£1.14/100g;Food On The Go;Lunch On The Go;98;8.6;null;2.8;1.6;0.3;2.2;0.4;
265413941;Biogreen Mango Lassi 500Ml;£1.60;£0.32/100ml;Chilled World Foods;Asian Food;77;2.7;13.6;null;null;null;null;null;
254908718;Shagun Paneer;£1.80;£7.50/kg;Chilled World Foods;Asian Food;null;null;null;null;null;null;null;null;
273593455;Biological Green Lychee Lassi 500Ml;£1.60;£0.32/100ml;Chilled World Foods;Asian Food;83;2.2;15.6;null;null;null;null;null;
268548356;Royal Gajar Halwa 250G;£3.00;£1.20/100g;Chilled World Foods;Asian Food;null;null;null;null;null;null;null;null;
267752835;Royal Rassomalai 500G;£3.50;£0.70/100g;Chilled World Foods;Asian Food;null;null;null;null;null;null;null;null;
267753166;Royal Rassogulla 500G;£3.00;£0.60/100g;Chilled World Foods;Asian Food;null;null;null;null;null;null;null;null;
279867727;Lancashire Farm Natural Biological Yoghurt 500G;£0.95;£0.19/100g;Chilled World Foods;Asian Food;80;5.2;null;null;3.5;null;0.5;0.2;
268592792;Cypressa Feta Cheese 200G;£2.20;£11.00/kg;Chilled World Foods;Asian Food;281 Kcal;15.8;null;null;23.5;null;0.0;2.5;
281381884;Lancashire Farm Biological Whole Milk Yoghurt 1Kg;£1.35;£1.35/kg;Chilled World Foods;Asian Food;80;5.2;null;null;3.5;null;0.5;0.2;
268589186;Puck Cheese Spread Alternative 240G;£1.50;£6.25/kg;Chilled World Foods;Asian Food;324;8.8;null;null;31;null;null;2.6;
267753045;Royal Gulabjam 500G;£3.00;£0.60/100g;Chilled World Foods;Asian Food;null;null;null;null;null;null;null;null;
265440044;Cypressa Halloumi Cheese 250G;£2.20;£8.80/kg;Chilled World Foods;Asian Food;313 ;20;null;null;25;null;null;null;
263946198;Tesco Ung Choi 175G;£1.39;£7.95/kg;Chilled World Foods;Asian Food;null;null;null;null;null;null;null;null;
281381417;Lancashire Farm Biological Vlf Yoghurt 1Kg;£1.35;£0.14/100g;Chilled World Foods;Asian Food;48;5.03;null;null;0.1;null;0.9;0.18;
254909625;Shagun Diced Paneer 500G;£3.75;£7.50/kg;Chilled World Foods;Asian Food;null;null;null;null;null;null;null;null;
286059176;Pizza Mia Halal Meat Feast Pizza 395G;null;null;Chilled World Foods;Asian Food;254 ;11.8;29.9;2.9;9.1;3.9;2.5;1.20;
286059297;Pizza Mia Halal Pepperoni Pizza 365G;£2.20;£0.60/100g;Chilled World Foods;Asian Food;270 ;12.8;28.0;3.0;11.3;4.7;2.7;1.20;
275435583;Island Delight Jerk Chicken Pattie 140G;£0.50;£0.36/100g;Chilled World Foods;Jamaican Food;1392kj/333kCal;8;34.5;null;18.1;null;0.5;null;
275435502;Island Delight Curried Lamb Flaky Pastry140g;£0.50;£0.36/100g;Chilled World Foods;Jamaican Food;1440kj/345kCal;6.2;31.5;null;21.6;null;1.1;null;
260709536;Port Royal Chicken Jamaican Patty 140G;£0.60;£0.43/100g;Chilled World Foods;Jamaican Food;247 ;6.9;null;null;11.6;null;1.3;1.0;
260709526;Port Royal Beef Jamaican Patty 140G;£0.60;£0.43/100g;Chilled World Foods;Jamaican Food;250 ;6.1;null;null;12.4;null;1.3;1.0;
280071475;Island Delight Vegetable Pattie 140G;£0.50;£0.36/100g;Chilled World Foods;Jamaican Food;294;4.9;null;null;17.1;null;3.4;null;
260709225;Port Royal Lamb Jamaican Patty 140G;£0.60;£0.43/100g;Chilled World Foods;Jamaican Food;259 ;6.7;null;null;13.1;null;1.3;1.0;
260709496;Port Royal Salt Fish Jamaican Patty 140G;£0.60;£0.43/100g;Chilled World Foods;Jamaican Food;256 ;6.6;null;null;12.4;null;1.7;0.5;
273423104;Lisner Herring In Creamy Sauce 280G;£1.50;£0.54/100g;Chilled World Foods;Polish Foods;318 ;6.1;null;null;29.6;null;null;null;
264057806;U Jedrusia Meat Stuffed Dumplings 400G;£1.45;£3.63/kg;Chilled World Foods;Polish Foods;null;9,4;null;null;7,6;null;1,9;1,20;
275908957;Fruktus Ogorki Kwaszone 700G;£1.29;£0.18/100g;Chilled World Foods;Polish Foods;null;null;1.4;null;0.1;null;null;null;
264102441;Henryk Kania Old Polish Ham 120G;£1.00;£0.83/100g;Chilled World Foods;Polish Foods;674kJ;17.5;null;null;8.2;null;1.4;null;
266671984;Lisner Matjas 220G;£1.25;£0.57/100g;Chilled World Foods;Polish Foods;null;null;null;null;null;null;null;null;
264773694;Henryk Kania Garlic Sausage 300G;£2.50;£0.83/100g;Chilled World Foods;Polish Foods;1220.5 kJ;16.5;null;null;22.9;null;0.7;null;
281342453;Lisner Herring Rolls 200G;£1.25;£0.63/100g;Chilled World Foods;Polish Foods;null;null;null;null;null;null;null;null;
278235624;Fruktus Sauerkraut 550G;£0.79;£0.14/100g;Chilled World Foods;Polish Foods;null;null;1.0;null;0.2;null;null;null;
264102435;Henryk Kania Krakowska Sausage 320G;£2.00;£0.63/100g;Chilled World Foods;Polish Foods;1077kJ;18.9;null;null;18;null;0.9;null;
264102153;Henryk Kania Kabanossi 170G;£1.85;£1.09/100g;Chilled World Foods;Polish Foods;1562kJ;28.8;null;null;26.5;null;1.7;null;
268592688;Lisner Rollmopsy 400G;£2.00;£0.50/100g;Chilled World Foods;Polish Foods;140 ;10.5;1.7;null;10.0;null;null;null;
264102124;Henryk Kania Hunters Sausage 280G;£1.50;£0.54/100g;Chilled World Foods;Polish Foods;618kJ;16.5;null;null;6.9;null;0.7;null;
264698011;U Jedrusia Meat Croquettes 400G;£1.60;£4.00/kg;Chilled World Foods;Polish Foods;null;10,3;25,1;null;12,3;null;1,9;1,30;
266069966;Henryk Kania Torunska Sausage 440G;£2.00;£0.46/100g;Chilled World Foods;Polish Foods;1045.5kJ;13;null;null;20.5;null;0.5;null;
264056368;U Jedrusia Dumpling Potato Cottage Chs 400G;£1.45;£3.63/kg;Chilled World Foods;Polish Foods;null;5,9;null;null;4,1;null;1,7;1,2;
285971479;Contimax Smoked Mackerel;£3.50;£6.99/kg;Chilled World Foods;Polish Foods;null;null;null;null;null;null;null;null;
264057839;Sauerkraut And Mushroom Dumplings 400G;£1.45;£3.63/kg;Chilled World Foods;Polish Foods;null;4,6;null;null;2,8;null;3,4;1,2;
273592773;Lisner Traditional Vegetable Salad 250G;£1.00;£4.00/kg;Chilled World Foods;Polish Foods;236 ;1,7;null;null;20,4;null;null;1,2;
264698132;U Jedrusia Sauerkraut And Mush Croq 400G;£1.60;£4.00/kg;Chilled World Foods;Polish Foods;null;4.1;21.9;null;5.6;null;2.8;1.40;
264773538;Henryk Kania Mini Tyrolska 400G;null;null;Chilled World Foods;Polish Foods;1009 kJ;11.3;null;null;20.1;null;1.1;null;
268613056;Krakus Prezkaska Kabanossi Smoked Pork Snack 180G;£1.80;£1.00/100g;Chilled World Foods;Polish Foods;497 ;30;2;null;41;null;null;2.5;
264080236;Morliny Berlinki Turkey And Pork Hot Dog 250G;£1.35;£0.54/100g;Chilled World Foods;Polish Foods;240 ;14;null;null;19;null;null;2.7;
281342142;Morliny Ham Sausages 480G;£2.75;£0.57/100g;Chilled World Foods;Polish Foods;null;null;null;null;null;null;null;null;
268614007;Krakus Zywiecka Sausages 286G;£2.00;£0.70/100g;Chilled World Foods;Polish Foods;218;22.0;null;null;14.0;null;null;3.0;
278452690;Morliny Sopocka Loin;£4.90;£7.00/kg;Chilled World Foods;Polish Foods;103 ;17;2;null;3;null;null;2.3;
264080413;Morliny Krakowska 80G;£1.00;£1.25/100g;Chilled World Foods;Polish Foods;253 ;27;null;null;16;null;null;3.4;
278245964;Morliny Hot Dog Family Pack 550G;£2.25;£0.41/100g;Chilled World Foods;Polish Foods;null;null;null;null;null;null;null;null;
264080183;Morliny Berlinki Classic Hot Dog 250G;£1.35;£0.54/100g;Chilled World Foods;Polish Foods;253 ;13.2;null;null;21;null;null;2.5;
275235658;Krakus White Sausage 360G;£2.50;£0.69/100g;Chilled World Foods;Polish Foods;null;null;null;null;null;null;null;null;
282443234;Sokolow French-Style Kabanos 120G;£1.59;£1.33/100g;Chilled World Foods;Polish Foods;561 ;26;null;null;50;null;null;4.0;
278273694;Morlinki Cooked Chicken Leg Quarter;£2.70;£4.50/kg;Chilled World Foods;Polish Foods;null;null;null;null;null;null;null;null;
282442811;Sokolow Copernicus Sausage 350G;£1.59;£0.45/100g;Chilled World Foods;Polish Foods;235 ;13;null;null;19;null;null;2.5;
281360460;Krakus Roasted Ham;£6.29;£8.99/kg;Chilled World Foods;Polish Foods;192 ;19.0;0.3;null;12.7;null;null;1.8;
261251527;Morliny Sopocka 80G;£1.00;£1.25/100g;Chilled World Foods;Polish Foods;100 ;18;0.4;null;2.9;null;null;2.7;
272494274;Morliny Doktorska Sausage 450G;£1.50;£0.33/100g;Chilled World Foods;Polish Foods;722 kJ;11.9;null;null;13.1;null;0.3;null;
264080868;Morliny Slaska Sausage 250G;£1.75;£0.70/100g;Chilled World Foods;Polish Foods;300 ;11.4;null;null;26.9;null;null;2.3;
275235537;New Morliny Pate Sausage 300G;£1.30;£0.43/100g;Chilled World Foods;Polish Foods;330 ;9;null;null;30;null;null;1.4;
278832091;Morliny Boczek 400G;£2.20;£0.55/100g;Chilled World Foods;Polish Foods;null;15,6;null;null;26,2;null;null;2,1;
268895318;Morliny Wiejska 80G;£1.00;£1.25/100g;Chilled World Foods;Polish Foods;122 ;21;0.2;null;4.1;null;null;2.4;
278245987;Morliny Wedzonka Krotoszynska 100G;£1.00;£1.00/100g;Chilled World Foods;Polish Foods;111 ;20;null;null;2.6;null;null;3.6;
264285897;Mlekovita Edamski Natural Cheese Slices 150G;£1.00;£6.67/kg;Chilled World Foods;Polish Foods;334 ;25;null;0;26;17;null;1.6;
264209956;Hochland Processed Cheese Slc Triangle Mix200g;£1.43;£7.15/kg;Chilled World Foods;Polish Foods;null;11;null;null;19;null;null;2.5;
264207381;Hochland Almette Soft Cheese Herb 150G;£1.20;£8.00/kg;Chilled World Foods;Polish Foods;229 ;6.8;5.6;null;20;null;null;0.67;
264205947;Mlekovita Butter 200G;£1.25;£6.25/kg;Chilled World Foods;Polish Foods;null;1,0;1,0;null;82;null;null;0,02;
267655553;Lowicz Butter Olseka 200G;£1.30;£6.50/kg;Chilled World Foods;Polish Foods;null;null;null;null;null;null;null;null;
282441752;Sokolow Ham Hot Dogs 250G;£1.55;£0.62/100g;Chilled World Foods;Polish Foods;282;13;null;null;25;null;null;2.6;
281342643;Hochland Twarog Slices With Chives 150G;£1.15;£0.77/100g;Chilled World Foods;Polish Foods;null;null;null;null;null;null;null;null;
273698268;Lowicz Twarog Fat Free 250G;£1.00;£0.40/100g;Chilled World Foods;Polish Foods;null;16;4,5;null;0,3;null;null;0,08;
278297562;Bakoma Mikus Vanilla Milk Sandwich 28G;£0.45;£1.61/100g;Chilled World Foods;Polish Foods;417;7.8;54.6;null;19.9;null;null;0.35;
264207784;Hochland Almette Soft Cheese 150G;£1.20;£8.00/kg;Chilled World Foods;Polish Foods;null;null;null;null;null;null;null;null;
264641073;Lowicz Buttermilk 1000G;£1.00;£1.00/kg;Chilled World Foods;Polish Foods;47;3.4;null;null;1.5;null;null;0.10;
282442080;Sokolow Grandma's Ham 140G;£1.00;£0.71/100g;Chilled World Foods;Polish Foods;null;null;null;null;null;null;null;null;
267662043;Lowicz Cottage Cheese 150G;£0.75;£5.00/kg;Chilled World Foods;Polish Foods;101 ;11,0;null;null;5,0;null;null;0,50;
264640834;Lowicz Twarog 250G;£1.00;£4.00/kg;Chilled World Foods;Polish Foods;null;15;4,0;null;7,5;null;null;0,06;
263294513;Laciate Milk 3.2% 1 Litre;£0.89;£0.89/l;Chilled World Foods;Polish Foods;60 ;null;4.7;null;3.2;null;null;null;
262033709;Bakoma Sour Cream 175G;£0.60;£0.34/100g;Chilled World Foods;Polish Foods;779 kJ/;2,3;null;null;18,0;null;null;0,1;
266639851;Lowicz Half Fat Twarog 250G;£1.00;£4.00/kg;Chilled World Foods;Polish Foods;null;16;3,8;null;3,5;null;null;0,08;
263294438;Laciate Milk 2% 1 Litre;£0.89;£0.89/l;Chilled World Foods;Polish Foods;50 ;null;4.7;null;2.0;null;null;null;
285416435;Danio Vanilla Fromage Frais 140G;£0.55;£0.39/100g;Chilled World Foods;Polish Foods;114;5.3;null;null;3.0;null;null;null;
266639972;Lowicz Vanilla Flavoured Soft Cheese 150G;£0.70;£4.67/kg;Chilled World Foods;Polish Foods;null;4.6;17;null;5.0;null;null;0.12;
278298002;Mlekovita Prymus 150G;£1.00;£0.67/100g;Chilled World Foods;Polish Foods;334 ;25;null;0;26;17;null;1.4;
262299331;Dawtona Sauerkraut With Carrot 900G;£1.00;£0.17/100g;Chilled World Foods;Polish Foods;null;1.1;3.5;null;0.2;null;2.2;null;
282300692;Zott Jogobella Various Flavours 400G;£0.99;£0.25/100g;Chilled World Foods;Polish Foods;98 ;3,5;null;null;2,6;null;null;0,15;
267244452;Dawtona Grated Beetroot 510G;£0.99;£0.28/100g;Chilled World Foods;Polish Foods;null;1.6;8.6;null;0.1;null;2;null;
262298522;Dawtona Pickled Red Peppers 680G;£1.55;£0.52/100g;Chilled World Foods;Polish Foods;null;0.7;5.4;null;0.2;null;2.7;null;
278297723;Mlekovita Kefir 1 Litre;£1.39;£1.39/l;Chilled World Foods;Polish Foods;null;3,4;4,8;null;2,0;null;null;0,1;
285841461;Zott Jogobella Yoghurt Mixed Flavours 150G;£0.49;£0.33/100g;Chilled World Foods;Polish Foods;106;3,5;null;null;2,6;null;null;0,15;
262298568;Dawtona Red Cabbage And Apple 680G;£0.99;£0.25/100g;Chilled World Foods;Polish Foods;null;0.9;7.4;null;0.15;null;2.2;null;
259709762;Mlekovita Favita 18% 270G;£1.15;£4.26/kg;Chilled World Foods;Polish Foods;null;10,0;4,0;null;18,0;null;null;3,0;
278329203;Mlekovita Strawberry Buttermilk 1 Litre;£1.39;£1.39/l;Chilled World Foods;Polish Foods;null;2,6;12,0;null;1,3;null;null;0,1;
283054727;Mlekpol Mazurski Smak Curd Cheese 450G;£1.99;£0.44/100g;Chilled World Foods;Polish Foods;115 ;16;3.7;null;4.0;null;null;0.20;
278295489;Smakija Semolina Forest Fruits/ Raspberry 130G;£0.75;£0.58/100g;Chilled World Foods;Polish Foods;null;null;null;null;null;null;null;null;
278329163;Mlekovita Sokol 150G;£1.00;£0.67/100g;Chilled World Foods;Polish Foods;334 ;25;null;0;26;17;null;1.4;
264286049;Mlekovita Gouda Natural Cheese Slices 150G;£1.00;£6.67/kg;Chilled World Foods;Polish Foods;334 ;25;null;0;26;17;null;1.6;
264640172;Mlekovita Gouda 350G;£1.99;£5.69/kg;Chilled World Foods;Polish Foods;null;25;0;null;26;null;null;1,6;
262299302;Dawtona Sauerkraut 900G;£1.00;£0.17/100g;Chilled World Foods;Polish Foods;null;1.1;3.4;null;0.2;null;2.1;null;
272982209;Dawtona Swedish Salad 680G;£1.19;£0.18/100g;Chilled World Foods;Polish Foods;32 ;0.4;7.2;null;0.1;null;null;null;
275634756;Zott Monte Pudding 400G;£1.89;£0.47/100g;Chilled World Foods;Polish Foods;195 ;2,8;null;null;13,3;null;null;0,13;
263174621;Dawtona Ogorki Kwaszone 900G;£1.45;£0.35/100g;Chilled World Foods;Polish Foods;null;1;1.4;null;0.1;null;0.5;null;
262299348;Dawtona Dill Cucumbers 900G;£1.69;£0.36/100g;Chilled World Foods;Polish Foods;null;1;3.7;null;0.1;null;2.2;null;
265837508;Kwidzyn Pieczarki Marynowane 300G;£1.09;£0.61/100g;Chilled World Foods;Polish Foods;140 kJ 210 kJ;2.0;5.6;null;0.3;null;null;null;
275505218;Kwidzyn Salatka Obiadowa 700G;£1.00;£0.27/100g;Chilled World Foods;Polish Foods;43 ;1.0;null;null;0.1;null;null;null;
271635986;Milejow Beetroots Pulp 650G;£1.39;£0.21/100g;Chilled World Foods;Polish Foods;63 ;1.4;9.4;null;1.8;null;null;null;
274055976;Smak Baby Gherkins 300G;£1.35;£0.90/100g;Chilled World Foods;Polish Foods;31 ;0,5;null;null;0,2;null;null;null;
274055999;Kwidzyn Grated Beetroot With Horseradish 300G;£0.75;£0.25/100g;Chilled World Foods;Polish Foods;255 kJ 38 kJ;1.8;null;null;0.1;null;2.3;null;
273421320;Kwidzyn 5 Vegetable Salad 500G;£0.85;£0.30/100g;Chilled World Foods;Polish Foods;null;null;null;null;null;null;null;null;
273421464;Kwidzyn Carrots And Peas 500G;£0.85;£0.28/100g;Chilled World Foods;Polish Foods;null;null;null;null;null;null;null;null;
268312376;Gilberts Viennas 360G;£3.00;£8.34/kg;Chilled World Foods;Kosher Meat & Dairy;944 kJ;13.7;2.1;null;19.3;null;null;null;
268312382;Hoffmans Extra Strong Chrayne 200G;£1.99;£1.00/100g;Chilled World Foods;Kosher Meat & Dairy;null;null;null;null;null;null;null;null;
268312318;Blooms Salami Chub 227G;£2.40;£1.06/100g;Chilled World Foods;Kosher Meat & Dairy;null;null;null;null;null;null;null;null;
262524077;Yarden Houmous Reduced Calories 250G;£1.80;£0.72/100g;Chilled World Foods;Kosher Meat & Dairy;219;7.5;null;null;14.5;null;null;1.25;
265496588;Tahira Beef Hot And Spicy Sausages 500G;£1.40;£0.28/100g;Chilled World Foods;Halal Meat & Dairy;984 kJ;11;null;null;20;null;null;null;
268606772;New Tahira Sliced Turkey Pizza Salami125g;£1.00;£0.80/100g;Chilled World Foods;Halal Meat & Dairy;null;null;null;null;null;null;null;null;
286059176;Pizza Mia Halal Meat Feast Pizza 395G;null;null;Chilled World Foods;Halal Meat & Dairy;254 ;11.8;29.9;2.9;9.1;3.9;2.5;1.20;
273600828;Sibel Sliced Chicken Breast 150G;£1.70;£1.14/100g;Chilled World Foods;Halal Meat & Dairy;null;null;null;null;null;null;null;null;
269003297;Robert Chicken Sausage 300G;£1.95;£0.65/100g;Chilled World Foods;Halal Meat & Dairy;191 ;16;null;null;null;null;null;null;
273601015;Sibel Sliced Turkey Breast 150G;£1.70;£1.14/100g;Chilled World Foods;Halal Meat & Dairy;null;null;null;null;null;null;null;null;
265393894;Thamina Smoked Chicken Sausages 400G;£2.00;£0.50/100g;Chilled World Foods;Halal Meat & Dairy;276 ;13,0;4,0;null;23,0;null;null;2,1;
275248482;New Tahira Chicken Frankfurters Hot And Spicy 330G;£1.00;£0.30/100g;Chilled World Foods;Halal Meat & Dairy;null;null;null;null;null;null;null;null;
254851824;Tahira Sliced Turkey Salami 200G;£1.40;£0.70/100g;Chilled World Foods;Halal Meat & Dairy;null;null;null;null;null;null;null;null;
265393928;Thamina Mini Smoked Chicken Sausages 400G;£2.00;£0.50/100g;Chilled World Foods;Halal Meat & Dairy;267 ;13,0;4,0;null;23,0;null;null;2,1;
286817253;Najma Sliced Smoked Turkey Rashers 150G;£1.99;£1.33/100g;Chilled World Foods;Halal Meat & Dairy;null;null;null;null;null;null;null;null;
285595509;Crescent Halal Chicken And Mushroom Pie 225G;null;null;Chilled World Foods;Halal Meat & Dairy;null;null;null;null;null;null;null;null;
286059297;Pizza Mia Halal Pepperoni Pizza 365G;£2.20;£0.60/100g;Chilled World Foods;Halal Meat & Dairy;270 ;12.8;28.0;3.0;11.3;4.7;2.7;1.20;
265496526;Tahira Chicken Sausages With Olives 500G;£1.40;£0.28/100g;Chilled World Foods;Halal Meat & Dairy;984 KJ;11;null;null;20;null;null;null;
253281745;British Beef Steak Mince 15% Fat;null;null;Counters;Counter - Butchers;null;null;null;null;null;null;null;null;
253281578;Counter Tesco British Beef Casserole Steak;£5.00;£10.00/kg;Counters;Counter - Butchers;null;null;null;0;4.4;2.0;null;0.3;
260849813;Counter Tesco Finest British Beef Stewing;£15.00;£7.50/kg;Counters;Counter - Butchers;null;null;null;0;3.0;1.4;null;0.2;
253281181;Counter Tesco British Beef Brisket Joint;£7.00;£7.00/kg;Counters;Counter - Butchers;null;null;null;null;null;null;null;null;
253281405;Counter Tesco British Beef Rump;£9.60;£16.00/kg;Counters;Counter - Butchers;null;null;null;null;null;null;null;null;
284885842;Scotch Beef Steak Mince 15% Fat;£8.00;£8.00/kg;Counters;Counter - Butchers;null;null;null;null;null;null;null;null;
284905814;Tesco Finest Scotch Beef Steak Mince 12% Fat;£10.00;£10.00/kg;Counters;Counter - Butchers;185;19.6;null;0;11.8;5.2;0;0.4;
256898915;Counter Tesco British Beef Bone In Rib Joint;£18.00;£18.00/kg;Counters;Counter - Butchers;null;null;null;null;null;null;null;null;
267583643;Counter Tesco British Beef Skirt;£16.00;£8.00/kg;Counters;Counter - Butchers;135;20.1;null;0;6.1;2.9;0;0.2;
259529448;Counter Scottish Beef Tts Joint 1Kg;£12.00;£12.00/kg;Counters;Counter - Butchers;null;null;null;null;null;null;null;null;
253281428;Counter Tesco British Beef Sirloin;£3.33;£13.33/kg;Counters;Counter - Butchers;null;null;null;null;null;null;null;null;
253281146;Counter Tesco British Roasting Joint;£18.00;£12.00/kg;Counters;Counter - Butchers;null;null;null;null;null;null;null;null;
277720034;Counter Tesco Scotch Beef Burger 170G 6Oz;£1.00;£1.00/each;Counters;Counter - Butchers;null;null;null;null;null;null;null;null;
252641834;Counter Tesco British Pork Belly;£4.00;£4.00/kg;Counters;Counter - Butchers;300;15.8;null;0;26.3;14.4;0;0.3;
252904432;Counter Tesco British Beef Ribeye;£12.60;£21.00/kg;Counters;Counter - Butchers;null;null;null;null;null;null;null;null;
259644152;Counter Tesco Finest British Beef Carvery Rib Joint;£100.00;£20.00/kg;Counters;Counter - Butchers;null;null;null;0;19.8;7.5;null;0.1;
263571842;Counter Tesco British Beef Fillet Pieces;£3.30;£22.00/kg;Counters;Counter - Butchers;null;null;null;0;7.9;3.8;null;trace;
277719158;Counter Tesco British Beef Burgers 4Oz;£0.60;£0.60/each;Counters;Counter - Butchers;null;null;null;null;null;null;null;null;
263088926;Counter Beef Sirloin Joint;£10.00;£10.00/kg;Counters;Counter - Butchers;null;null;null;0;12.7;5.6;null;0.2;
253281244;Counter Tesco British Beef Fillet;£15.00;£30.00/kg;Counters;Counter - Butchers;155;20.9;null;0;7.9;3.8;0;0.1;
267743201;Counter Tesco British Pork Boneless Shoulder;null;null;Counters;Counter - Butchers;224;17.8;null;0.1;16.8;6.0;0.5;0.2;
252640904;Counter Tesco British Pork Meaty Ribs;£1.50;£5.00/kg;Counters;Counter - Butchers;269;16.5;null;0;22.5;12.6;0;0.3;
273967336;Counter Tesco Finest British Season Flavour Sausages;null;null;Counters;Counter - Butchers;263;13.7;null;3.0;20.8;7.9;0.8;0.9;
268969975;Counter Tesco British Lamb Rack;£10.20;£17.00/kg;Counters;Counter - Butchers;null;null;null;null;null;null;null;null;
252640991;Counter Tesco British Pork Fillet;£5.00;£10.00/kg;Counters;Counter - Butchers;104;21.3;null;0;2.1;0.8;0;0.3;
274457679;Counter Tesco Finest British Feature Flavour Sausages;£0.60;£0.60/each;Counters;Counter - Butchers;247;12.5;null;1.5;19.1;7.3;1.1;1.1;
268969952;Counter Tesco British Lamb Leg;£12.00;£12.00/kg;Counters;Counter - Butchers;null;null;null;null;null;null;null;null;
273952296;Counter British Unsmoked Back Bacon;£0.30;£0.30/each;Counters;Counter - Butchers;143;17.0;null;1.0;7.9;3.0;0;3.5;
268969900;Counter British Lamb Loin;£3.40;£17.00/kg;Counters;Counter - Butchers;null;null;null;null;null;null;null;null;
262549445;Counter Tesco British Lamb Shanks;£6.60;£11.00/kg;Counters;Counter - Butchers;null;null;null;null;null;null;null;null;
252640645;Counter Tesco British Pork Chops;£7.00;£7.00/kg;Counters;Counter - Butchers;260;19.3;null;0;20.3;7.2;0;0.3;
267259396;Counter Tesco British Unsmoked Gammon;£1.26;£9.00/kg;Counters;Counter - Butchers;162;16.8;null;0.2;10.4;4.0;0;2.8;
273967307;Counter Tesco Finest British Traditional Pork Sausages Each;£0.60;£0.60/each;Counters;Counter - Butchers;272;13.9;null;1.2;22.4;9.0;1.0;1.1;
273952152;Counter British Smoked Back Bacon;£0.30;£0.30/each;Counters;Counter - Butchers;143;17.0;null;1.0;7.9;3.0;0;3.5;
268969923;Counter Tesco British Lamb Rump;£6.80;£17.00/kg;Counters;Counter - Butchers;null;null;null;null;null;null;null;null;
267085357;Counter Tesco British Pork Loin;£4.00;£10.00/kg;Counters;Counter - Butchers;261;17.0;null;0;21.4;9.1;0;0.3;
273967267;Counter Tesco Finest British Traditional Pork Sausages Chipolatas;null;null;Counters;Counter - Butchers;272;13.9;null;1.2;22.4;9.0;1.0;1.1;
268969883;Counter Tesco British Lamb Shoulder;£10.00;£5.00/kg;Counters;Counter - Butchers;188;14.1;null;0;14.6;6.8;0;0.1;
268969854;Counter Tesco British Lamb Neck Fillet;£6.75;£13.50/kg;Counters;Counter - Butchers;null;null;null;null;null;null;null;null;
264946277;Counter Tesco British Pork Boneless Leg;£8.00;£8.00/kg;Counters;Counter - Butchers;201;20.0;null;0;13.4;5.3;0;0.3;
286731181;Counter Chicken Galantine With Pork Stuffing;null;null;Counters;Counter - Butchers;null;null;null;null;null;null;null;null;
273968427;Counter British Whole Chicken;£6.00;£6.00/each;Counters;Counter - Butchers;198;20.0;null;0;13.1;3.7;0;0.3;
254548648;Counter Tesco British Lamb Liver;£1.50;£3.00/kg;Counters;Counter - Butchers;null;null;null;null;null;null;null;null;
262355576;Counter Tesco British Lamb Kidney;£2.00;£4.00/kg;Counters;Counter - Butchers;null;null;null;null;null;null;null;null;
286731169;Counter Free Range Chicken Butterfly With Wine Stuffing;null;null;Counters;Counter - Butchers;null;null;null;null;null;null;null;null;
274828379;Counter Free Range Chicken Fillet;£2.50;£2.50/each;Counters;Counter - Butchers;140;22.7;null;0;5.4;1.5;0.1;0.1;
277772888;Counter Tesco British Ox Kidney;£1.80;£3.00/kg;Counters;Counter - Butchers;null;null;null;0;2.1;0.8;null;0.4;
277812295;Counter Free Range British Chicken Wings;£0.30;£0.30/each;Counters;Counter - Butchers;209;17.9;null;0;15.3;4.3;0;0.3;
274030884;Tesco Finest Counter British Streaky Bacon;£0.30;£0.30/each;Counters;Counter - Butchers;202;15.0;null;1.1;15.3;5.8;0;4.0;
274030752;Tesco Finest Counter British Unsmoked Middle Baconq;£0.80;£0.80/each;Counters;Counter - Butchers;119;16.8;null;0.1;5.7;2.1;0;4.7;
257123524;Counter Pilgrims Choice Mature Cheddar;£5.50;£11.00/kg;Counters;Counter - Cheese;410;25.0;null;0.1;34.4;22.7;0;null;
250282674;Counter Ilchester Applewood Smoked Flavour Cheddar;£4.75;£9.50/each;Counters;Counter - Cheese;411;24.9;null;0.1;34.5;21.6;null;1.7;
262184357;Counter Cave Aged Cheddar;£5.50;£11.00/kg;Counters;Counter - Cheese;416;25.4;null;0.1;34.9;21.7;0;1.8;
277570666;Counter Tesco Medium British Cheddar;£3.50;£7.00/kg;Counters;Counter - Cheese;416;25.4;null;0.1;34.9;21.7;0;1.8;
259481787;Counter Grana Padano Portions;£7.50;£15.00/kg;Counters;Counter - Cheese;388;33.0;null;0;28.4;17.7;0;1.5;
251985503;Counter Tesco Canadian Vintage Cheddar;£6.25;£12.50/kg;Counters;Counter - Cheese;416;25.4;null;0.1;34.9;21.7;0;1.8;
277587819;Counter Tesco Mild White Cheddar;£6.50;£6.50/kg;Counters;Counter - Cheese;416;25.4;null;0.1;34.9;21.7;0;1.8;
268806076;Counter Davidstow Cornish Classic Mature Cheddar;£5.50;£11.00/kg;Counters;Counter - Cheese;null;null;null;null;null;null;null;null;
257057395;Counter Jarlsberg;£6.60;£11.00/kg;Counters;Counter - Cheese;null;null;null;null;null;null;null;null;
259415677;Counter Somerset Brie;£3.20;£8.00/kg;Counters;Counter - Cheese;291;18.3;null;0.4;24.0;14.6;0;1.3;
254278679;Counter Castello Danish Blue Cheese;£4.00;£10.00/kg;Counters;Counter - Cheese;345;20.2;null;0.7;28.6;18.2;0;null;
262204174;Counter Frico Gouda Wheel;£3.60;£6.00/kg;Counters;Counter - Cheese;373;23.6;null;0;30.9;21.1;0;1.9;
262204963;Counter Frico Edam Ball;£4.26;£7.10/kg;Counters;Counter - Cheese;327;26.9;null;0;24.4;16.6;0;2.6;
265043762;Counter Goats Cheese Log;£5.80;£11.60/kg;Counters;Counter - Cheese;null;null;null;null;null;null;null;null;
250778134;Counter St Agur;£6.00;£15.00/kg;Counters;Counter - Cheese;null;null;null;null;null;null;null;null;
256198338;Counter Maryland Farmhouse Vintage Cheddar;£7.20;£12.00/kg;Counters;Counter - Cheese;421;22.9;null;1.4;34.5;23.6;0.1;1.6;
254278633;Counter President French Brie;£4.00;£8.00/kg;Counters;Counter - Cheese;360;17.0;null;1.0;32.0;null;null;null;
251122016;Counter Seriously Strong Cheddar White;£5.50;£11.00/kg;Counters;Counter - Cheese;410;25.0;null;0.1;34.4;21.7;0;null;
268532046;Counter Tesco Mature British Cheddar;£4.25;£8.50/kg;Counters;Counter - Cheese;416;25.4;null;0.1;34.9;21.7;0;1.8;
261075056;Counter Dolcelatte;£6.00;£12.00/kg;Counters;Counter - Cheese;null;null;null;null;null;null;null;null;
257463403;Counter Tesco Finest Spanish Manchego Cheese;£8.00;£16.00/kg;Counters;Counter - Cheese;454;24.0;null;0.5;39.0;27.7;0.4;2.5;
256613263;Counter Tesco Parmesan Shavings 80G Pot;£1.60;£20.00/kg;Counters;Counter - Cheese;392;33.0;null;0;28.4;18.7;0;1.6;
254278731;Counter Tesco Cambozola Blue Brie;£5.75;£11.50/kg;Counters;Counter - Cheese;426;13.5;null;0.5;41.1;27.0;0;1.7;
280448831;Counter Tesco Creamy 60% Brie;£3.50;£7.00/kg;Counters;Counter - Cheese;348;16.8;null;1.8;30.2;19.4;0.9;1.4;
250778226;Counter Tesco Finest Parm Reggiano Pre-Cut Portion;£10.50;£21.00/kg;Counters;Counter - Cheese;392;33.0;null;0;28.4;18.7;0;1.6;
277117219;Counter Tesco Pecorino Romano;£7.25;£14.50/kg;Counters;Counter - Cheese;385;22.0;null;0;33.0;20.8;0;4.5;
251070422;Counter Tesco Swiss Emmental;£4.25;£8.50/kg;Counters;Counter - Cheese;404;29.0;null;0;32.0;20.5;0;0.5;
280449450;Counter Vintage Applewood;£4.75;£9.50/kg;Counters;Counter - Cheese;null;null;null;null;null;null;null;null;
280449332;Counter Tesco Ripe And Ready Caractere Brie;£3.25;£6.50/kg;Counters;Counter - Cheese;292;19.2;null;1.3;23.3;14.8;0;1.4;
280467042;Counter Tesco Normandy Camembert 250G;£1.75;£0.70/100g;Counters;Counter - Cheese;265;19;null;null;21;null;null;1,4;
254275319;Counter Tesco Blue Stilton;£3.50;£7.00/kg;Counters;Counter - Cheese;410;23.7;null;0.1;35.0;23.0;0;2.0;
280419472;Counter Tesco Le Roule Garlic And Herbs;£6.00;£12.00/kg;Counters;Counter - Cheese;302;7.3;null;2.7;28.0;19.0;0.5;1.2;
268484236;Counter Cheddar With Caramelised Red Onion Chutney;£5.00;£10.00/kg;Counters;Counter - Cheese;376;22.0;null;4.0;30.1;19.0;0.1;1.8;
268977441;Counter Tesco Parmesan Gratings 80G Pot;£1.60;£20.00/kg;Counters;Counter - Cheese;392;33.0;null;0;28.4;18.7;0;1.6;
268980661;Counter Cheddar With Garlic And Herb;£5.00;£10.00/kg;Counters;Counter - Cheese;408;24.9;null;0.1;34.1;21.2;0.1;1.6;
280447325;Counter Tesco White Stilton;£4.75;£9.50/kg;Counters;Counter - Cheese;402;20.3;null;0.5;35.1;22.7;0.5;1.3;
251070445;Counter Tesco Swiss Gruyere;£7.25;£14.50/kg;Counters;Counter - Cheese;398;27.5;null;0;32.0;19.4;0;1.5;
250230333;Counter Tesco Finest Gorgonzola Piccante;£6.25;£12.50/kg;Counters;Counter - Cheese;306;18.7;null;0;25.7;18.7;0;2.5;
268980557;Counter Cheddar With Pickled Onion And Chive;£5.00;£10.00/kg;Counters;Counter - Cheese;368;22.1;null;0.3;28.6;18.6;0.4;1.8;
258609640;Counter Tesco British Blue Shropshire;£3.48;£8.70/kg;Counters;Counter - Cheese;410;23.7;null;0.1;35.0;23.0;0;2.0;
252411174;Counter Tintern Cheddar Chives And Shallots;£3.20;£8.00/kg;Counters;Counter - Cheese;363;21.7;null;0.4;28.7;18.3;2.0;1.6;
268900901;Counter Castelli Quince Jelly 155G;£1.50;£0.97/100g;Counters;Counter - Cheese;245;0.4;null;null;0.0;null;3.9;null;
268901105;Counter Castelli Rosemary Breadsticks 150G;£1.50;£1.00/100g;Counters;Counter - Cheese;405 ;11.2;null;null;7.2;null;3.3;1.7;
268540762;Counter Market Fresh Cheese Oat Biscuits 155G;£1.50;£0.97/100g;Counters;Counter - Cheese;485;11.1;null;null;22.1;null;9.6;null;
280447509;Counter Tesco White Stilton And Blueberry;£5.00;£10.00/kg;Counters;Counter - Cheese;376;15.5;null;10.5;29.9;19.0;1.4;1.5;
268540128;Counter Market Fresh Red Onion Marmalade 110G;£1.50;£1.37/100g;Counters;Counter - Cheese;212;1.3;null;null;3.5;null;2.1;null;
277259097;Counter Tesco Double Gloucester With Onion And Chives;£5.00;£10.00/kg;Counters;Counter - Cheese;379;22.2;null;2.5;30.0;18.7;0.8;1.8;
280447400;Counter Long Clawson Whirl Herb And Garlic;£5.00;£10.00/kg;Counters;Counter - Cheese;377Kcal;17.07;null;null;33.97;null;1.13;1.44;
273260509;Delicatessen Bruschetta And Roast Onion 70G;£1.50;£2.15/100g;Counters;Counter - Cheese;461;11.5;null;null;19.5;null;2.8;null;
268980586;Counter Wensleydale With Mango And Ginger;£5.00;£10.00/kg;Counters;Counter - Cheese;367;17.4;null;21.3;22.8;13.5;0.7;0.8;
250282737;Counter Ilchester Mexicana Original Hot Cheddar;£5.50;£11.00/kg;Counters;Counter - Cheese;388;22.4;null;0.3;30.9;19.4;null;1.8;
268900947;Counter Castelli Seasame Breadsticks 150G;£1.50;£1.00/100g;Counters;Counter - Cheese;449 ;13.9;null;null;18.8;null;3.4;1.7;
273149654;Delicatessen Black Olive Flatbreads 75G;£1.50;£2.00/100g;Counters;Counter - Cheese;439;9.9;null;null;15.8;null;3.5;2.26;
268549361;Counter Market Fresh Sweet Chilli Oat Biscuits 155G;£1.50;£0.97/100g;Counters;Counter - Cheese;485;9.7;null;null;20.7;null;9.4;null;
268499200;Counter Extra Hot Mexicana Cheddar;£5.50;£11.00/kg;Counters;Counter - Cheese;386;20.6;null;1.8;32.0;20.8;null;1.8;
253695578;Counter Five Counties;£3.20;£8.00/kg;Counters;Counter - Cheese;405;24.7;null;0.1;34.0;20.0;null;1.8;
280449605;Counter Tesco Cheddar With Chilli And Lime;£5.00;£10.00/kg;Counters;Counter - Cheese;394;22.4;null;5.3;30.5;19.5;0.6;1.8;
280447481;Counter Tesco White Stilton And Apricot;£5.00;£10.00/kg;Counters;Counter - Cheese;340;14.9;null;10.1;24.1;14.8;3.3;0.8;
268900924;Counter Market Fresh Sweet Chilli Jelly 110G;£1.50;£1.37/100g;Counters;Counter - Cheese;267;0.1;null;null;trace;null;trace;null;
268544055;Counter Tesco Wensleydale And Cranberry;£5.00;£10.00/kg;Counters;Counter - Cheese;380;20.0;null;12.1;27.0;17.8;0.5;1.1;
273149222;Delicatessen Garlic And Chilli Flatbreads 75G;£1.50;£2.00/100g;Counters;Counter - Cheese;431;10.3;null;null;13.6;null;3.5;2.4;
277973604;The Delicatessen Tomato And Herb Crackers 105G;£1.50;£1.43/100g;Counters;Counter - Cheese;500;9.0;null;null;24.1;null;1.4;null;
277973368;The Delicatessen Creamed Horseradish 110G;£1.50;£1.37/100g;Counters;Counter - Cheese;379;2.3;null;null;34.2;null;1.9;null;
274972178;The Delicatessen Chilli Crackers 65G;£1.50;£2.31/100g;Counters;Counter - Cheese;586;3.5;null;null;39.3;null;0.7;null;
277973541;The Delicatessen Sesame Crackers 105G;£1.50;£1.43/100g;Counters;Counter - Cheese;501;8.9;null;null;24.2;null;1.4;null;
277974574;The Delicatessen Mini Breadsticks Sicilian Style;£1.50;£1.50/each;Counters;Counter - Cheese;480;15.1;null;null;21.5;null;3;null;
277974540;The Delicatessen Mini Breadsticks Garlic And Parsley;£1.50;£1.50/each;Counters;Counter - Cheese;480;16.8;null;null;21.3;null;3.1;null;
274971951;The Delicatessen Beetroot And Onion Chutney 110G;£1.50;£1.37/100g;Counters;Counter - Cheese;163;1.1;null;null;0.3;null;1.8;null;
273260792;Delicatessen Smoked Chilli Chutney Chipotle 110G;£1.50;£1.37/100g;Counters;Counter - Cheese;161;2.1;null;null;0.7;null;2.2;null;
273259898;The Delicatessen Bruschetta Sweet Chilli 70G;£1.50;£2.15/100g;Counters;Counter - Cheese;461;9.9;null;null;18.0;null;2.9;null;
280375824;Counter Flavours British Cola Ham;null;null;Counters;Counter - Delicatessen Meats;155;18.6;null;0.4;8.7;3.2;0.5;4.3;
256334408;Tesco Finest Counter Wiltshire Cured Crumbed Ham;null;null;Counters;Counter - Delicatessen Meats;160;23.0;null;0.3;7.2;2.6;0.3;1.8;
256858186;Counter Cooked Ham;£4.50;£9.00/kg;Counters;Counter - Delicatessen Meats;110;18.0;null;0.8;3.8;1.5;0;1.7;
287961511;Counter Honey Baked Ham;£12.50;£12.50/kg;Counters;Counter - Delicatessen Meats;null;null;null;null;null;null;null;null;
256334443;Counter Ham Cooked On The Bone;£6.50;£13.00/kg;Counters;Counter - Delicatessen Meats;116;20.2;null;1.5;3.0;1.1;0.5;2.8;
254276606;Counter Extra Strong Garlic Sausage;£2.25;£4.50/kg;Counters;Counter - Delicatessen Meats;268;14.8;null;0.6;22.5;9.0;0.5;1.7;
284350847;Counter Yorkshire Cured Ham;£5.00;£10.00/kg;Counters;Counter - Delicatessen Meats;114;21.0;null;0.1;3.2;1.1;0.5;2.5;
254387924;Counter Honey Roast Ham;£6.95;£13.90/kg;Counters;Counter - Delicatessen Meats;117;20.8;null;1.4;3.0;1.0;0.4;1.4;
252743823;Counter Saveloys;£0.40;£0.40/each;Counters;Counter - Delicatessen Meats;283;9.5;null;0.4;23.0;8.5;2.3;1.9;
258954564;Tesco Finest Counter Roast Ham On The Bone;£9.75;£19.50/kg;Counters;Counter - Delicatessen Meats;145;22.4;null;0.4;6.0;2.2;0;1.9;
254577792;Counter Lean Country Ham;£7.25;£14.50/kg;Counters;Counter - Delicatessen Meats;124;26.7;null;0.2;1.7;0.6;0.5;1.6;
254372112;Counter Crumbed Ham;£6.00;£12.00/kg;Counters;Counter - Delicatessen Meats;156;19.0;null;null;8.1;2.8;null;1.9;
256004984;Counter Sliced Liver Sausage;£2.95;£5.90/kg;Counters;Counter - Delicatessen Meats;null;11.8;null;2.7;12.4;4.6;0.5;1.5;
268517468;Counter Oven Baked Ham;£7.00;£14.00/kg;Counters;Counter - Delicatessen Meats;140;23.7;null;null;4.6;1.6;null;1.9;
258067053;Counter Italian Milano Salami;£6.00;£12.00/kg;Counters;Counter - Delicatessen Meats;394;25.4;null;0.5;32.3;11.4;0;4.0;
280375945;Counter British Smoked Cherrywood Ham;£6.95;£13.90/kg;Counters;Counter - Delicatessen Meats;137;20.3;null;0.4;6.0;2.1;0;1.6;
258066964;Counter German Salami;£4.25;£8.50/kg;Counters;Counter - Delicatessen Meats;310;20.0;null;1.0;25.0;10.3;0.3;3.8;
258066993;Counter German Black Pepper Salami;£5.00;£10.00/kg;Counters;Counter - Delicatessen Meats;335;23.8;null;1.0;26.0;10.7;0.7;4.0;
280376028;Counter Flavours Jerk Glazed Ham;£6.95;£13.90/kg;Counters;Counter - Delicatessen Meats;136;20.7;null;null;5.2;1.9;null;2.3;
254275826;Counter Italian Parma Ham;£8.75;£17.50/kg;Counters;Counter - Delicatessen Meats;257;30.0;null;0.5;15.0;5.2;0;4.9;
282669445;From The Deli Wiltshire Ham 6 Slices;£4.46;£16.50/kg;Counters;Counter - Delicatessen Meats;160;23.0;null;0.3;7.2;2.6;0.3;1.8;
265045437;Tesco Finest Counter Medium Rare Roast Beef;£11.00;£22.00/kg;Counters;Counter - Delicatessen Meats;137;25.5;null;0.3;3.2;1.4;0;2.0;
254276094;Counter Mattessons Black Pudding Rings;£1.75;£3.50/kg;Counters;Counter - Delicatessen Meats;null;14.0;null;1.2;17.0;6.4;1.7;null;
265044676;Counter Roast Turkey With Sage And Onion Stuffing;£5.55;£11.10/kg;Counters;Counter - Delicatessen Meats;127;21.2;null;1.9;2.9;0.8;0.5;1.6;
258074804;Counter Sliced Spanish Chorizo By Weight;£4.50;£9.00/kg;Counters;Counter - Delicatessen Meats;398;23.4;null;0.6;32.9;11.3;0.7;3.9;
256178316;Counter Roast Pork;£5.75;£11.50/kg;Counters;Counter - Delicatessen Meats;174;20.3;null;1.1;9.5;3.4;0.5;1.6;
255775043;Counter Ox Tongue;£6.45;£12.90/kg;Counters;Counter - Delicatessen Meats;190;16.5;null;1.2;13.2;5.8;trace;2.8;
255089417;Counter Cooked Beef;£0.45;£0.23/100g;Counters;Counter - Delicatessen Meats;119;20.3;null;0.5;3.2;1.2;0.5;0.9;
268902104;Red Pepper And Chorizo Spanish Tortilla 500G;£3.00;£0.60/100g;Counters;Counter - Delicatessen Meats;140;5.0;null;0.6;7.0;1.5;2.5;0.8;
251617520;Tesco Finest Counter Butter Roast Turkey Breast;£9.50;£19.00/kg;Counters;Counter - Delicatessen Meats;123;23.7;null;1.4;2.4;0.9;0.5;1.6;
283868133;Counter Southern Crumbed Chicken;£6.66;£11.10/kg;Counters;Counter - Delicatessen Meats;115;23.2;null;0.2;1.9;0.6;0.5;1.2;
257016496;Counter Lunch Tongue;£4.50;£9.00/kg;Counters;Counter - Delicatessen Meats;184;20.0;null;null;11.2;4.1;0.1;2.8;
280646268;From The Deli Cooked Ham 3 Slices;£1.00;£0.33/each;Counters;Counter - Delicatessen Meats;110;18.0;null;0.8;3.8;1.5;0.1;2.0;
256316125;Counter Haslet;£2.00;£4.00/kg;Counters;Counter - Delicatessen Meats;275;12.8;null;1.0;19.3;7.2;1.5;2.3;
283868110;Counter Roast Chicken;£6.66;£11.10/kg;Counters;Counter - Delicatessen Meats;124;22.7;null;0.1;3.5;1.1;0.5;1.3;
259148814;Counter Roast Turkey Breast;£6.25;£12.50/kg;Counters;Counter - Delicatessen Meats;132;21.5;null;0.9;4.1;1.1;0.5;1.8;
252153398;From The Deli Pork Luncheon Meat;£2.10;£3.00/kg;Counters;Counter - Delicatessen Meats;248;13.1;null;0.8;20.8;7.6;0;2.2;
256858975;Counter Corned Beef;£6.95;£13.90/kg;Counters;Counter - Delicatessen Meats;199;26.4;null;0;10.3;4.5;0;1.9;
281388341;From The Deli Cooked Ham 6 Slices;£2.00;£0.33/each;Counters;Counter - Delicatessen Meats;null;null;null;null;null;null;null;null;
254276007;Counter British Roast Topside Of Beef;£0.45;£0.23/100g;Counters;Counter - Delicatessen Meats;142;27.5;null;0.1;3.4;1.9;0;1.2;
284350980;The Delicatessen Family Pack Yorkshire Ham 380G;£4.00;£1.06/100g;Counters;Counter - Delicatessen Meats;109;22.0;null;0.2;2.1;0.7;0.5;1.6;
272824703;The Delicatessen Pick Spicy Sausages Paprika 200G;£2.50;£1.25/100g;Counters;Counter - Delicatessen Meats;2031kJ;21.0;null;null;45.0;null;null;4.0;
272824824;The Delicatessen Pick Spicy Salami Steaks 100G;£1.50;£1.50/100g;Counters;Counter - Delicatessen Meats;2237 kJ;22.0;null;null;50.0;null;0.5;3.8;
282949581;The Delicatessen Family Pack Roast Beef 255G;£4.00;£1.57/100g;Counters;Counter - Delicatessen Meats;112;23.0;null;0.2;1.9;0.8;0.2;1.3;
272797210;The Delicatessen Noel Chorizo Iberico Ring170g;£3.50;£2.06/100g;Counters;Counter - Delicatessen Meats;446 ;26;2.2;null;37;null;1;4;
282648349;From The Deli Roast Chicken 4 Slices;£1.29;£10.30/kg;Counters;Counter - Delicatessen Meats;117;22.5;null;1.5;2.0;0.7;0.5;1.4;
282745539;From The Deli Ox Tongue 4 Slices;£3.00;£2.40/100g;Counters;Counter - Delicatessen Meats;232;18.0;null;0.8;16.8;6.9;0.4;2.5;
272797354;The Delicatessen Noel Mini Snack Chorizo 80G;£1.50;£1.88/100g;Counters;Counter - Delicatessen Meats;502 ;26;2.8;null;43;null;null;3.3;
272797400;The Delicatessen Beretta Salami Milano 150G;£2.00;£1.34/100g;Counters;Counter - Delicatessen Meats;405;26.0;null;null;33.0;null;null;null;
272824657;The Delicatessen Noel Spicy Chorizo 225G;£3.00;£1.34/100g;Counters;Counter - Delicatessen Meats;481 ;23;2.7;null;42;null;null;4.1;
282648418;From The Deli Roast Turkey 6 Slices;£3.55;£12.00/kg;Counters;Counter - Delicatessen Meats;132;22.6;null;1.0;3.3;1.2;0.5;1.5;
267558789;Counter Pork And Sweet Chilli Sausage Roll;£1.50;£1.50/each;Counters;Counter - Delicatessen Pies, Savouries;288;9.9;null;3.7;17.6;9.8;1.2;1.0;
282669892;Counter Tesco Ale Topped Snack Pork Pie 150G;£1.50;£1.50/each;Counters;Counter - Delicatessen Pies, Savouries;356;10.0;null;5.3;23.5;9.2;1.2;0.8;
254259506;Counter Atlantica Spanish Potato And Onion Omelette;£2.50;£0.50/100g;Counters;Counter - Delicatessen Pies, Savouries;null;4.0;null;null;6.0;null;2.5;1.1;
267558311;Counter Handmade Traditional Pork Sausage Roll;£1.50;£1.50/each;Counters;Counter - Delicatessen Pies, Savouries;274;9.9;null;2.0;17.9;10.0;1.8;0.9;
282669998;Counter Tesco Pork Pickle And Cheese Mini Pie 50G;£0.40;£0.40/each;Counters;Counter - Delicatessen Pies, Savouries;392;9.4;null;3.9;25.2;9.4;1.5;1.1;
282723364;Counter Tesco Cheese And Tomato Mini Quiche 170G;£1.50;£1.50/each;Counters;Counter - Delicatessen Pies, Savouries;270;8.7;null;1.8;17.3;8.1;2.1;0.4;
273272582;Counter Tesco New York Deli Pie;£5.00;£10.00/kg;Counters;Counter - Delicatessen Pies, Savouries;321;9.7;null;2.9;21.0;7.8;1.4;0.8;
266944011;Counter Tesco Pork And Chicken Pie By Weight;£10.00;£10.00/kg;Counters;Counter - Delicatessen Pies, Savouries;361;11.2;null;1.9;25.9;9.5;1.1;1.0;
282723442;Counter Tesco Large Feta, Spinach And Pepper Quiche 1 Slice;£0.90;£0.90/each;Counters;Counter - Delicatessen Pies, Savouries;264;8.9;null;1.3;17.4;8.0;2.4;0.6;
267052391;Counter Tesco Mini Vegetable Samosa Pick And Mix;null;null;Counters;Counter - Delicatessen Pies, Savouries;284;4.7;null;3.3;16.4;1.8;3.9;1.1;
267052379;Counter Tesco Chicken Tikka Bite;null;null;Counters;Counter - Delicatessen Pies, Savouries;222;17.4;null;0.7;10.2;1.9;2.3;1.1;
252195307;Counter Walkers Fluted Pork Pie;null;null;Counters;Counter - Delicatessen Pies, Savouries;352;11.4;null;1.6;24.7;9.3;2.2;1.0;
259109723;Counter Tesco Mini Onion Bhaji Pick And Mix;£0.40;£0.40/each;Counters;Counter - Delicatessen Pies, Savouries;230;6.1;null;2.2;9.6;0.7;4.8;0.9;
267031099;Counter Tesco Chicken Tikka Samosa;£0.90;£0.90/each;Counters;Counter - Delicatessen Pies, Savouries;263;7.7;null;3.2;12.8;2.3;2.7;0.9;
282722912;Tesco Counter Beef And Vegetable Pasty 150G;£1.00;£1.00/each;Counters;Counter - Delicatessen Pies, Savouries;311;6.9;null;2.1;19.2;8.2;2.0;0.5;
282723410;Counter Tesco Large Quiche Lorraine 1 Slice;null;null;Counters;Counter - Delicatessen Pies, Savouries;266;9.5;null;1.5;17.3;7.3;2.7;0.6;
282723266;Counter Tesco Mini Savoury Eggs;null;null;Counters;Counter - Delicatessen Pies, Savouries;285;9.4;null;1.0;19.4;4.6;1.2;1.1;
255792258;Counter Tesco Mini Melton Pork Pie Pick And Mix;£0.40;£0.40/each;Counters;Counter - Delicatessen Pies, Savouries;391;10.6;null;1.8;27.0;10.6;1.4;1.0;
267037225;Counter Tesco Vegetable Samosa;£0.75;£0.75/each;Counters;Counter - Delicatessen Pies, Savouries;259;4.9;null;4.4;13.9;1.2;3.4;0.6;
254279488;Counter Tesco Chicken Satay Sticks;£0.45;£0.45/each;Counters;Counter - Delicatessen Pies, Savouries;179;21.4;null;3.0;7.3;2.0;0.5;1.5;
260274438;Tesco Counter Free Range Scotch Egg;£0.50;£0.50/each;Counters;Counter - Delicatessen Pies, Savouries;259;11.2;null;1.1;15.7;4.7;1.8;1.0;
260274421;Tesco Counter Jumbo Sausage Roll;£0.75;£0.75/each;Counters;Counter - Delicatessen Pies, Savouries;321;8.7;null;1.9;19.7;8.3;3.2;0.9;
275435859;Tesco Delicatessen Mango Chutney Dip 50G;£0.35;£0.70/100g;Counters;Counter - Delicatessen Pies, Savouries;148;0.1;null;32.3;0.6;0.5;0.7;1.0;
275435807;Tesco Delicatessen Coriander Raita 50G;£0.35;£0.70/100g;Counters;Counter - Delicatessen Pies, Savouries;134;3.8;null;5.5;8.7;1.4;0.4;0.5;
282723197;Tesco Counter Hot And Spicy Scotch Egg;£0.50;£0.50/each;Counters;Counter - Delicatessen Pies, Savouries;221;11.4;null;0.7;12.5;3.5;0.9;0.5;
252300962;Tesco Counter Onion Bhaji;£0.50;£0.50/each;Counters;Counter - Delicatessen Pies, Savouries;243;5.7;null;1.6;11.0;0.8;3.9;1.0;
275435974;Tesco Delicatessen Sweet Chilli Dip 50G;£0.35;£0.70/100g;Counters;Counter - Delicatessen Pies, Savouries;177;0.7;null;32.6;1.3;0.4;1.8;1.0;
266943346;Tesco Counter Gala Pork Pie With Egg;£7.00;£7.00/kg;Counters;Counter - Delicatessen Pies, Savouries;336;11.7;null;1.6;22.7;8.6;1.9;0.9;
282723168;Tesco Counter Hickory Smoked Scotch Egg;null;null;Counters;Counter - Delicatessen Pies, Savouries;270;13.8;null;5.0;15.5;4.3;1.0;1.0;
282722906;Tesco Counter Individual Pork Pie 130G;null;null;Counters;Counter - Delicatessen Pies, Savouries;378;10.7;null;1.2;25.8;10.1;2.2;1.0;
251005213;Counter Dyed Smoked Haddock Fillet;£7.20;£12.00/kg;Counters;Counter - Fishmonger;80;18.3;null;0;0.8;0.2;-;1.5;
268409625;Counter Haddock Loin;£13.60;£17.00/kg;Counters;Counter - Fishmonger;85;19.0;null;0;0.6;0.1;null;0.2;
257288478;Tesco Finest Counter Dyed Traditional Smoked Haddock;£7.80;£13.00/kg;Counters;Counter - Fishmonger;80;18.3;null;0;0.8;0.2;0;1.5;
267601554;Counter Dyed Smoked Cod Loin;£14.40;£18.00/kg;Counters;Counter - Fishmonger;88;20.4;null;0;0.7;0.1;0;1.3;
254293810;Counter Haddock Fillet;£6.60;£11.00/kg;Counters;Counter - Fishmonger;75;17.0;null;0;0.5;0.2;0;null;
267602616;Counter Monkfish Tail;£15.00;£20.00/kg;Counters;Counter - Fishmonger;66;15.7;null;0;0.3;0.1;0;0.5;
265709649;Tesco Finest Counter Traditional Smoked Salmon Fillet 120G;£3.00;£25.00/kg;Counters;Counter - Fishmonger;248;21.6;null;0;17.9;3.3;0;0.8;
265578699;Counter Dyed Smoked River Cobbler;£1.80;£9.00/kg;Counters;Counter - Fishmonger;90;17.5;null;0;2.2;1.0;0;1.5;
250999834;Counter Undyed Smoked Haddock Fillet;£7.20;£12.00/kg;Counters;Counter - Fishmonger;80;18.3;null;0;0.8;0.2;0;1.5;
254293643;Counter Cod Fillet;£3.60;£6.00/kg;Counters;Counter - Fishmonger;80;17.9;null;0;0.9;0.2;0;null;
253309801;Counter Scottish Dyed Smoked Kipper Fillet;£1.20;£6.00/kg;Counters;Counter - Fishmonger;288;16.2;null;0;24.7;6.7;0;2.0;
254293758;Counter Ray Wing;£7.20;£9.00/kg;Counters;Counter - Fishmonger;null;null;null;null;null;null;null;null;
256030445;Counter Scottish Undyed Smoked Whole Kipper;null;null;Counters;Counter - Fishmonger;274;16.9;null;0;22.5;6.1;0;1.3;
266129809;Counter Cod Loin;£8.10;£13.50/kg;Counters;Counter - Fishmonger;80;17.9;null;0;0.9;0.2;0;0.3;
253309824;Counter Scottish Dyed Smoked Whole Kipper;£4.00;£5.00/kg;Counters;Counter - Fishmonger;270;17.1;null;0;21.8;5.9;0;1.4;
259687636;Counter Coley Fillet;£8.00;£8.00/kg;Counters;Counter - Fishmonger;85;18.3;null;0;0.9;0.4;0;null;
275398844;Counter Cold Smoked Mackerel Fillets;£4.00;£8.00/kg;Counters;Counter - Fishmonger;302;16.3;null;0;25.5;6.9;null;1.8;
278274877;Counter Plaice Fillet;£6.00;£10.00/kg;Counters;Counter - Fishmonger;79;16.7;null;null;1.4;null;0;0.3;
268409723;Counter Dyed Smoked Haddock Loin;£7.20;£9.00/kg;Counters;Counter - Fishmonger;80;18.3;null;-;0.8;0.2;-;1.5;
265663615;Tesco Finest Counter Undyed Traditional Smoked Haddock;£7.80;£13.00/kg;Counters;Counter - Fishmonger;80;18.3;null;0;0.8;0.2;0;1.5;
255937307;Counter Trout Fillet;£4.20;£14.00/kg;Counters;Counter - Fishmonger;149;23.5;null;0.1;5.9;1.0;0.5;null;
265956972;Counter Cooked Whole Orkney Crab;£5.00;£8.34/kg;Counters;Counter - Fishmonger;88;20.2;null;0.1;0.7;0.2;0.3;0.4;
275802834;Counter Raw Langoustines;£7.50;£15.00/kg;Counters;Counter - Fishmonger;77;17.6;null;0.5;0.4;0.1;0.5;0.8;
274898744;Counter Tesco Whole Trout;null;null;Counters;Counter - Fishmonger;141;23.1;null;0;5.4;0.9;0;null;
255125047;Counter Whole Rainbow Trout;£3.25;£6.50/kg;Counters;Counter - Fishmonger;141;23.1;null;0;5.4;0.9;0;null;
266771746;Counter Whole Lemon Sole;£5.00;£10.00/kg;Counters;Counter - Fishmonger;83;17.4;null;0;1.5;0.2;0;0.2;
254294348;Counter Raw Herring Milts;£4.00;£4.00/kg;Counters;Counter - Fishmonger;78;18.2;null;0.5;0.4;0.2;0;0.2;
254294607;Counter Cooked Jellied Eels;£5.40;£9.00/kg;Counters;Counter - Fishmonger;167;10.1;null;0.1 (less than 1% of NRV);13.9;null;0.5;null;
258962289;Counter Raw King Scallop Meat Roe On;£10.00;£20.00/kg;Counters;Counter - Fishmonger;114;22.2;null;NaN.0;1.3;null;null;0.5;
254293954;Counter Whole Mackerel;£3.00;£5.00/kg;Counters;Counter - Fishmonger;335;15.0;null;0;29.5;5.6;0;null;
252510575;Counter Whole Herring;£1.50;£5.00/kg;Counters;Counter - Fishmonger;260;17.2;null;0;20.9;5.2;0;null;
262028797;Counter River Cobbler;£2.40;£8.00/kg;Counters;Counter - Fishmonger;87;17.4;null;0;1.9;1.0;0;0.3;
275339674;Counter Cooked Crevettes;£8.00;£8.00/kg;Counters;Counter - Fishmonger;null;null;null;null;null;null;null;null;
258386487;Counter Cooked And Peeled King Prawns;£16.00;£16.00/kg;Counters;Counter - Fishmonger;80;17.0;null;0.3;0.9;0.3;0;null;
255794596;Counter Whole Cornish Sardine;£1.50;£3.00/kg;Counters;Counter - Fishmonger;null;null;null;0;9.2;2.7;null;0.3;
266480328;Counter Live Oysters;£0.50;£0.08/each;Counters;Counter - Fishmonger;33;4.5;null;1.1;0.9;0.3;0.5;1.3;
283870302;Counter Wild Hake Portions;£2.50;£2.50/each;Counters;Counter - Fishmonger;82;17.9;null;0.1;1.0;0.5;0.6;0.3;
262919342;Counter Cooked Dressed Crab 200G;£5.00;£25.00/kg;Counters;Counter - Fishmonger;142;16.8;null;0.4;6.7;1.3;0.2;0.9;
254293735;Counter Whole Plaice;£5.60;£8.00/kg;Counters;Counter - Fishmonger;79;16.7;null;0;1.4;null;-;0.3;
275174833;Counter Tesco Whole Hake;£7.00;£7.00/kg;Counters;Counter - Fishmonger;null;null;null;null;null;null;null;null;
250514384;Counter Raw Peeled King Prawns 30/60;£16.00;£16.00/kg;Counters;Counter - Fishmonger;100;18.2;null;0.1;2.6;0.3;0.5;1.6;
268426558;Fishmonger Cooked Mussels 580G;£4.00;£6.90/kg;Counters;Counter - Fishmonger;null;null;null;null;null;null;null;null;
268427626;Fishmonger Raw Prepared Squid 410G;£4.00;£9.76/kg;Counters;Counter - Fishmonger;50;9.2;null;0.1;1.4;0.7;1.0;null;
263117016;Tesco Finest Counter Raw Half Shell King Scallops;£1.00;£1.00/each;Counters;Counter - Fishmonger;119;23.2;null;0.1;1.4;null;0;0.5;
268427511;Fishmonger Raw Headless King Prawns 275G;£4.00;£14.55/kg;Counters;Counter - Fishmonger;75;16.3;null;0.5;0.8;0.2;0;null;
283818798;Counter Lightly Smoked Loch Trout 140G;£2.50;£2.50/each;Counters;Counter - Fishmonger;220;24.2;null;0.1;13.5;2.3;0.5;1.1;
283845912;Counter Salmon Swirl With Soft Cheese;£3.00;£3.00/each;Counters;Counter - Fishmonger;195;15.6;null;0.9;13.9;4.4;0.6;0.4;
268374025;Counter Garlic And Herb Salmon Fillet 120G;£3.00;£3.00/each;Counters;Counter - Fishmonger;199;18.9;null;0.1;12.8;2.3;0.1;0.7;
264733876;Fishmonger Cooked Fantail King Prawns 250G;£5.00;£20.00/kg;Counters;Counter - Fishmonger;70;15.2;null;0.1;0.9;0.1;0.8;null;
267155995;Counter Chilli Lime And Ginger Mackerel 80G;£1.00;£10.00/kg;Counters;Counter - Fishmonger;276;16.6;null;0;22.4;6.4;0;0.6;
268613170;Fishmonger Cooked And Peeled King Prawns 220G;£4.00;£18.19/kg;Counters;Counter - Fishmonger;85;18.0;null;0.1;0.9;0.4;0.5;null;
275339772;Counter Raw Prepared Squid;null;null;Counters;Counter - Fishmonger;null;null;null;null;null;null;null;null;
283845872;Counter Cod Fillet With Chorizo Sausage;£3.00;£3.00/each;Counters;Counter - Fishmonger;111;16.9;null;0.5;4.4;2.1;0.3;0.5;
268613319;Fishmonger Raw Peeled King Prawns 220G;£4.00;£18.19/kg;Counters;Counter - Fishmonger;70;14.4;null;0.1;0.8;0.4;0.5;null;
283845828;Tesco Smoked Cod With Cheese And Chive Melt;£3.00;£3.00/each;Counters;Counter - Fishmonger;115;18.7;null;0.4;4.0;2.3;0.3;1.2;
259668302;Counter Fish Pie Mix;£6.00;£12.00/kg;Counters;Counter - Fishmonger;123;18.6;null;0;5.4;0.9;0;0.7;
280832480;Counter Whole Cooked Cold Water Prawns;£4.00;£8.00/kg;Counters;Counter - Fishmonger;null;null;null;null;null;null;null;null;
268612073;Fishmonger Whole Shell-On Prawns 650G;£5.00;£7.70/kg;Counters;Counter - Fishmonger;90;19.8;null;0.4;0.9;0.2;0;null;
250803042;Counter Scottish Live Mussels;£3.75;£3.75/kg;Counters;Counter - Fishmonger;65;9.1;null;null;1.4;0.3;null;1.6;
268427845;Fishmonger Raw Scallops 190G;£5.00;£26.32/kg;Counters;Counter - Fishmonger;null;null;null;null;null;null;null;null;
266770521;Counter Salmon Fillet 120G;£3.00;£25.00/kg;Counters;Counter - Fishmonger;223;20.4;null;0;15.7;2.6;0;0.3;
260907244;Counter Salmon Side;£10.00;£10.00/kg;Counters;Counter - Fishmonger;200;19.4;null;0;13.1;2.4;0;null;
275633999;Counter Sea Bass Fillet;£5.70;£19.00/kg;Counters;Counter - Fishmonger;100;19.3;null;0;2.5;null;0;0.2;
259536827;Counter Swordfish Steak;£14.00;£20.00/kg;Counters;Counter - Fishmonger;200;17.4;null;0;14.3;3.2;0;0.2;
275523663;Youngs Cockles Vinegar;£15.00;£15.00/kg;Counters;Counter - Fishmonger;null;null;null;null;null;null;null;null;
271519842;Counter Wild Pacific Sockeye Coho Salmon;£20.00;£20.00/kg;Counters;Counter - Fishmonger;139;21.7;null;0.1;5.5;null;0.5;null;
259648107;Counter Whole Sea Bass 300G;£3.00;£10.00/kg;Counters;Counter - Fishmonger;100;19.3;null;0;2.5;0.4;0;0.2;
281732907;Counter Skinless And Boneless Salmon Fillet 140G;£3.00;£0.00/kg;Counters;Counter - Fishmonger;225;20.4;null;0;15.7;2.6;0;null;
251987772;Counter Tuna Steak;£11.90;£17.00/kg;Counters;Counter - Fishmonger;null;null;null;0;1.1;0.4;null;trace;
254294233;Counter Whole Salmon;£29.25;£6.50/kg;Counters;Counter - Fishmonger;212;21.6;null;0;14.0;2.7;0;0.3;
265770678;Counter Whole Sea Bream 300G;£3.00;£10.00/kg;Counters;Counter - Fishmonger;96;17.5;null;0;2.9;null;0;0.3;
256729656;Counter Salmon Fillet;£8.00;£16.00/kg;Counters;Counter - Fishmonger;223;20.4;null;0;15.7;2.6;0;0.3;
277805614;Innocent Kids Apple Juice Not From Concentrate 4 X 180Ml;£2.79;£0.39/100ml;Chilled Fruit Juice & Smoothies;Chilled Fruit Juice & Smoothies;null;null;null;null;null;null;null;null;
268219251;Innocent Apple Juice 900Ml;£2.39;£0.27/100ml;Chilled Fruit Juice & Smoothies;Chilled Fruit Juice & Smoothies;null;null;null;null;null;null;null;null;
273310561;Innocent Apple And Mango Juice 900Ml;£2.39;£0.27/100ml;Chilled Fruit Juice & Smoothies;Chilled Fruit Juice & Smoothies;null;null;null;null;null;null;null;null;
277199150;Tesco Orange 3 Of Your 5 A Day Juice 1L;£2.49;£0.25/100ml;Chilled Fruit Juice & Smoothies;Chilled Fruit Juice & Smoothies;50;0.5;null;11.3;0.1;0;1.1;0.01;
265180489;Tesco Pure Apple Juice 2 Litre;£1.78;£0.09/100ml;Chilled Fruit Juice & Smoothies;Chilled Fruit Juice & Smoothies;47;0.1;null;9.6;0.1;0.1;0.1;0.1;
276683782;Innocent Apple And Raspberry Juice 1.35 Litre;£2.99;£0.22/100ml;Chilled Fruit Juice & Smoothies;Chilled Fruit Juice & Smoothies;null;null;null;null;null;null;null;null;
265179313;Tesco Edv Apple Juice 1 Litre;£0.65;£0.07/100ml;Chilled Fruit Juice & Smoothies;Chilled Fruit Juice & Smoothies;48;0.1;null;11.4;0.1;null;0.1;0.01;
277198842;Tesco Yellow 3 Of Your 5 A Day Juice 1L;null;null;Chilled Fruit Juice & Smoothies;Chilled Fruit Juice & Smoothies;44;0.4;null;10.0;0.1;0;0.9;0.01;
260547341;Tesco Apple Juice 1 Litre;£1.00;£0.10/100ml;Chilled Fruit Juice & Smoothies;Chilled Fruit Juice & Smoothies;47;0.1;null;11.1;0.1;0.1;0.1;0.01;
272488207;Innocent Apple And Raspberry Juice 900Ml;£2.39;£0.27/100ml;Chilled Fruit Juice & Smoothies;Chilled Fruit Juice & Smoothies;null;null;null;null;null;null;null;null;
276956523;Tesco Apple Mango Passion Fruit And Peach Juice Not From Concentrate 1L;£1.40;£0.14/100ml;Chilled Fruit Juice & Smoothies;Chilled Fruit Juice & Smoothies;40;0.3;null;9.2;0.1;0;0.7;0;
276956270;Tesco Pressed Apple Juice Not From Concentrate 1 Litre;£1.40;£0.14/100ml;Chilled Fruit Juice & Smoothies;Chilled Fruit Juice & Smoothies;49;0.1;null;9.9;0.1;0.1;0.1;0.01;
267378420;Tesco Finest Fresh Still Lemonade 1 Litre;£2.49;£0.25/100ml;Chilled Fruit Juice & Smoothies;Chilled Fruit Juice & Smoothies;54;0.2;null;11.6;0.3;0.2;0.6;0.1;
263450450;Tesco Apple And Mango Juice Not From Concentrate 1.75L;£2.00;£0.11/100ml;Chilled Fruit Juice & Smoothies;Chilled Fruit Juice & Smoothies;48;0.4;null;10.7;0;0;0.9;0.1;
266975291;Tropicana Apple Juice 1L;£2.48;£0.25/100ml;Chilled Fruit Juice & Smoothies;Chilled Fruit Juice & Smoothies;219kJ 438kJ;0.1;null;null;0;null;0.6;0;
276683488;Innocent Apple And Mango Juice 1.35 Litre;£2.99;£0.22/100ml;Chilled Fruit Juice & Smoothies;Chilled Fruit Juice & Smoothies;null;null;null;null;null;null;null;null;
276956454;Tesco Apple And Mango Juice Not From Concentrate 1 Litre;£1.40;£0.14/100ml;Chilled Fruit Juice & Smoothies;Chilled Fruit Juice & Smoothies;40;0.3;null;9.7;0.1;0.1;0.1;0.1;
263449907;Tesco Apple Juice Not From Concentrate 1.75L;£2.00;£0.11/100ml;Chilled Fruit Juice & Smoothies;Chilled Fruit Juice & Smoothies;49;0.3;null;11.2;0;0;0.5;0.1;
272489114;Innocent Apple Juice 1.35Litre;£2.99;£0.22/100ml;Chilled Fruit Juice & Smoothies;Chilled Fruit Juice & Smoothies;null;null;null;null;null;null;null;null;
276683413;Innocent Apple And Berry Juice 900Ml;£2.39;£0.27/100ml;Chilled Fruit Juice & Smoothies;Chilled Fruit Juice & Smoothies;null;null;null;null;null;null;null;null;
266975446;Copella Apple And Elderflower Juice 1.25 Litre;£2.50;£0.20/100ml;Chilled Fruit Juice & Smoothies;Chilled Fruit Juice & Smoothies;43 ;0.1;10.2;null;0;null;0.3;0;
266361343;Copella Apple And Raspberry Juice 750Ml;£1.75;£0.23/100ml;Chilled Fruit Juice & Smoothies;Chilled Fruit Juice & Smoothies;45 ;0.7;10.2;null;0;null;0.6;0;
272489575;Tropicana Orange Juice Extra Juicy Bits 1.75L;£2.50;£0.14/100ml;Chilled Fruit Juice & Smoothies;Chilled Fruit Juice & Smoothies;49 ;0.8;null;null;0;null;0.9;0;
287168492;Coldpress Valencia Orange 1 Litre;£2.79;£0.28/100ml;Chilled Fruit Juice & Smoothies;Chilled Fruit Juice & Smoothies;null;null;null;null;null;null;null;null;
266361959;Copella Apple Juice 1.25 Litre;£2.50;£0.20/100ml;Chilled Fruit Juice & Smoothies;Chilled Fruit Juice & Smoothies;46 ;0.2;10.7;null;0;null;0.7;0;
256812085;Tropicana Orange Juice Original 1 Litre;£2.48;£0.25/100ml;Chilled Fruit Juice & Smoothies;Chilled Fruit Juice & Smoothies;204 kJ / 408 kJ /;0.8;null;null;0;null;0.7;0;
266352446;Copella Apple Juice 750Ml;£1.75;£0.23/100ml;Chilled Fruit Juice & Smoothies;Chilled Fruit Juice & Smoothies;46 ;0.2;10.7;null;0;null;0.7;0;
258895092;Tropicana Orange And Mango Juice 1 Litre;null;null;Chilled Fruit Juice & Smoothies;Chilled Fruit Juice & Smoothies;200 kJ / 400 kJ /;0.7;null;null;0;null;1.3;0;
266342487;Tropicana Orange Juice Extra Juicy Bits 1 Litre;£2.48;£0.25/100ml;Chilled Fruit Juice & Smoothies;Chilled Fruit Juice & Smoothies;206 kJ / 412 kJ /;0.8;null;null;0;null;0.9;0;
276683874;Innocent Apple Peach And Pear Juice 900Ml;£2.39;£0.27/100ml;Chilled Fruit Juice & Smoothies;Chilled Fruit Juice & Smoothies;null;null;null;null;null;null;null;null;
251692947;Tropicana Ruby Breakfast Juice 1 Litre;null;null;Chilled Fruit Juice & Smoothies;Chilled Fruit Juice & Smoothies;186 kJ / 372 kJ /;0.7;null;null;0;null;1.0;0;
258215380;Tropicana Orange Juice Smooth 1 Litre;£2.48;£0.25/100ml;Chilled Fruit Juice & Smoothies;Chilled Fruit Juice & Smoothies;201 kJ / 402 kJ /;0.8;null;null;0;null;0.4;0;
266353290;Copella Apple And Mango Juice 750Ml;£1.75;£0.23/100ml;Chilled Fruit Juice & Smoothies;Chilled Fruit Juice & Smoothies;48 ;0;11.6;null;0;null;1.0;0;
272540733;Tropicana Orange And Mango Juice 1.5L;£2.50;£0.17/100ml;Chilled Fruit Juice & Smoothies;Chilled Fruit Juice & Smoothies;200 kJ / 400 kJ /;0.7;null;null;0;null;1.3;0;
274604385;Coldpress Pink Lady Apple Juice 750Ml;£2.79;£0.37/100ml;Chilled Fruit Juice & Smoothies;Chilled Fruit Juice & Smoothies;null;null;null;null;null;null;null;null;
268265097;Tropicana Orange And Raspberry Juice 1L;null;null;Chilled Fruit Juice & Smoothies;Chilled Fruit Juice & Smoothies;177 kJ / 354 kJ /;0.4;null;null;0;null;0.8;0;
266352966;Copella Apple And Elderflower Juice 750Ml;£1.75;£0.23/100ml;Chilled Fruit Juice & Smoothies;Chilled Fruit Juice & Smoothies;43 ;0.1;10.2;null;0;null;0.3;0;
257682909;Tropicana Orange Juice Original 1.75 Litre;£2.50;£0.14/100ml;Chilled Fruit Juice & Smoothies;Chilled Fruit Juice & Smoothies;48 ;0.8;null;null;0;null;0.7;0;
258853885;Tropicana Orange Juice Smooth 1.75 Litre;£2.50;£0.14/100ml;Chilled Fruit Juice & Smoothies;Chilled Fruit Juice & Smoothies;48 ;0.8;null;null;0;null;0.4;0;
266361660;Copella Apple And Pear Juice 750Ml;£1.75;£0.23/100ml;Chilled Fruit Juice & Smoothies;Chilled Fruit Juice & Smoothies;41 ;0.2;9.9;null;0;null;0.7;0;
277805154;Tesco Clementine Juice Not From Concentrate 1L;£1.40;£0.14/100ml;Chilled Fruit Juice & Smoothies;Chilled Fruit Juice & Smoothies;43;0.6;null;9.8;0.1;0;0.1;null;
267378368;Tesco Finest Orange Juice Smooth 1L;£2.49;£0.25/100ml;Chilled Fruit Juice & Smoothies;Chilled Fruit Juice & Smoothies;43;0.5;null;8.6;0.2;0.1;0.6;null;
276956500;Tesco 100% Pure Squeezed Orange Juice Smooth Not From Concentrate 1L;£1.40;£0.14/100ml;Chilled Fruit Juice & Smoothies;Chilled Fruit Juice & Smoothies;44;0.8;null;7.8;0.1;0.1;0.1;0.01;
273287962;Copella Orange Juice Smooth 1.25L;£2.50;£0.20/100ml;Chilled Fruit Juice & Smoothies;Chilled Fruit Juice & Smoothies;48 ;0.8;10.0;null;0;null;0.4;0;
272385755;Copella Orange Juice Smooth 750Ml;£1.75;£0.23/100ml;Chilled Fruit Juice & Smoothies;Chilled Fruit Juice & Smoothies;48 ;0.8;10.0;null;0;null;0.4;0;
265180443;Tesco Pure Orange Juice 2L;£1.78;£0.09/100ml;Chilled Fruit Juice & Smoothies;Chilled Fruit Juice & Smoothies;46;0.9;null;8.2;0.1;0.1;0.1;0.1;
268219959;Innocent Orange Juice With Bits 900Ml;£2.39;£0.27/100ml;Chilled Fruit Juice & Smoothies;Chilled Fruit Juice & Smoothies;null;null;null;null;0.1;null;null;null;
255595843;Tesco Orange Juice Smooth Not From Concentrate 1.75L;£2.00;£0.11/100ml;Chilled Fruit Juice & Smoothies;Chilled Fruit Juice & Smoothies;44;0.8;null;7.8;0.1;0.1;0.1;0.01;
271400354;Innocent Orange Juice With Bits 1.35L;£2.99;£0.22/100ml;Chilled Fruit Juice & Smoothies;Chilled Fruit Juice & Smoothies;null;null;null;null;null;null;null;null;
276956391;Tesco Orange Juice With Bits Not From Concentrate 1L;£1.40;£0.14/100ml;Chilled Fruit Juice & Smoothies;Chilled Fruit Juice & Smoothies;44;0.8;null;8.1;0.1;0.1;0.1;0.01;
267378149;Tesco Finest Orange Juice With Bits 1L;£2.49;£0.25/100ml;Chilled Fruit Juice & Smoothies;Chilled Fruit Juice & Smoothies;43;0.5;null;8.6;0.2;0.1;0.6;null;
255595993;Tesco 100% Pure Squeezed Oj Not From Concentrate 1.75L;£2.00;£0.11/100ml;Chilled Fruit Juice & Smoothies;Chilled Fruit Juice & Smoothies;44;0.8;null;8.1;0.1;0.1;0.1;0.01;
271400233;Innocent Orange Juice Smooth 1.35L;£2.99;£0.22/100ml;Chilled Fruit Juice & Smoothies;Chilled Fruit Juice & Smoothies;null;null;null;null;null;null;null;null;
268218386;Innocent Orange Juice Smooth 900Ml;£2.39;£0.27/100ml;Chilled Fruit Juice & Smoothies;Chilled Fruit Juice & Smoothies;null;null;null;null;null;null;null;null;
260547479;Tesco Pure Orange Juice 1L;£1.00;£0.10/100ml;Chilled Fruit Juice & Smoothies;Chilled Fruit Juice & Smoothies;46;0.9;null;8.2;0.1;0.1;0.1;0.1;
274514226;Copella Orange Juice With Bits 1.25Litre;£2.50;£0.20/100ml;Chilled Fruit Juice & Smoothies;Chilled Fruit Juice & Smoothies;48 ;0.8;10.0;null;0;null;0.7;0;
260546808;Tesco Pure Orange Juice With Bits 1L;£1.00;£0.10/100ml;Chilled Fruit Juice & Smoothies;Chilled Fruit Juice & Smoothies;47;0.5;null;10.5;0.1;0.1;0.1;null;
276683954;Innocent Orange And Mango Juice 900Ml;null;null;Chilled Fruit Juice & Smoothies;Chilled Fruit Juice & Smoothies;null;null;null;null;null;null;null;null;
264959141;Tesco 100% Squeezed And Prsd Orng&Mango Not From Concentrate 1L;£1.40;£0.14/100ml;Chilled Fruit Juice & Smoothies;Chilled Fruit Juice & Smoothies;47;0.4;null;10.4;0.1;0;0.3;null;
255595820;Tesco Everyday Value Orange Juice 1L;£0.65;£0.07/100ml;Chilled Fruit Juice & Smoothies;Chilled Fruit Juice & Smoothies;46;0.9;null;8.2;0.1;0.1;0.1;0.1;
274529013;Copella Orange Juice With Bits 750Ml;£1.75;£0.23/100ml;Chilled Fruit Juice & Smoothies;Chilled Fruit Juice & Smoothies;48 ;0.8;10.0;null;0;null;0.7;0;
260735251;Tesco Pure Grapefruit Juice 1 Litre;£1.00;£0.10/100ml;Chilled Fruit Juice & Smoothies;Chilled Fruit Juice & Smoothies;41;0.4;null;9.0;0.1;0.1;0.1;0.01;
266828570;Pom Wonderful 100% Pomegranate Juice 710Ml;£2.85;£0.40/100ml;Chilled Fruit Juice & Smoothies;Chilled Fruit Juice & Smoothies;65 ;0,3;null;null;0;null;null;0;
268094074;Vita Coco Natural Coconut Water 1L;£2.50;£0.25/100ml;Chilled Fruit Juice & Smoothies;Chilled Fruit Juice & Smoothies;18;0;null;null;0;null;0;null;
277805315;Tesco Tropical Juice Not From Concentrate 1 Litre;£1.40;£0.14/100ml;Chilled Fruit Juice & Smoothies;Chilled Fruit Juice & Smoothies;47;0.6;null;9.7;0.1;0;0.9;0;
265124880;Tropicana Red Grape Juice 1 Litre;£2.48;£0.25/100ml;Chilled Fruit Juice & Smoothies;Chilled Fruit Juice & Smoothies;337 kJ / 674 kJ /;1.0;null;null;0;null;0.8;0;
266341200;Tropicana Tropical Juice 1.5 Litre;£2.50;£0.17/100ml;Chilled Fruit Juice & Smoothies;Chilled Fruit Juice & Smoothies;200 kJ / 400 kJ /;0.4;null;null;0;null;1.3;0;
276956212;Tesco Pineapple Juice Not From Concentrate 1 Litre;£1.40;£0.14/100ml;Chilled Fruit Juice & Smoothies;Chilled Fruit Juice & Smoothies;50;0.4;null;11.5;0.1;0.1;0.2;0;
256812177;Tropicana Golden Grapefruit Juice 1 Litre;£2.48;£0.25/100ml;Chilled Fruit Juice & Smoothies;Chilled Fruit Juice & Smoothies;168 kJ / 336 kJ /;0.5;null;null;0;null;0.5;0;
277803536;Welch's Purple Grape 100% Pure Juice 750Ml;£1.99;£0.27/100ml;Chilled Fruit Juice & Smoothies;Chilled Fruit Juice & Smoothies;289 kJ;0.1;null;null;0.0;null;0.0;0.0;
260547370;Tesco Pure Pineapple Juice 1L;£1.00;£0.10/100ml;Chilled Fruit Juice & Smoothies;Chilled Fruit Juice & Smoothies;53;0.3;null;12.4;0.1;0.1;0.1;0.01;
251191175;Tropicana Pink Grapefruit Juice 1 Litre;£2.48;£0.25/100ml;Chilled Fruit Juice & Smoothies;Chilled Fruit Juice & Smoothies;172 kJ / 344 kJ /;0.5;null;null;0;null;0.6;0;
277805845;Beet It 750Ml;£2.69;£0.36/100ml;Chilled Fruit Juice & Smoothies;Chilled Fruit Juice & Smoothies;103;2.3;null;null;0.1;null;null;0.1;
276686076;Tropicana Trop 50 Orange And Mango Juice Drink 1Ltr;£2.48;£0.25/100ml;Chilled Fruit Juice & Smoothies;Chilled Fruit Juice & Smoothies;23 ;0.3;null;null;0;null;0.8;0;
276685958;Tropicana Trop 50 Apple Juice 1 Litre;£2.48;£0.25/100ml;Chilled Fruit Juice & Smoothies;Chilled Fruit Juice & Smoothies;23 ;0;null;null;0;null;0.8;0;
258894248;Tropicana Tropical Juice 1 Litre;null;null;Chilled Fruit Juice & Smoothies;Chilled Fruit Juice & Smoothies;200 kJ / 400 kJ /;0.4;null;null;0;null;1.3;0;
277820452;Vita Coco 100% Natural Coconut Water 4 X 330Ml;£4.99;£0.38/100ml;Chilled Fruit Juice & Smoothies;Chilled Fruit Juice & Smoothies;18;0;null;null;0;null;0;null;
273244984;Vita Coco Natural Coconut Water With Pineapple 1L;£2.50;£0.25/100ml;Chilled Fruit Juice & Smoothies;Chilled Fruit Juice & Smoothies;25;0;null;null;0;null;0;null;
276685837;Innocent Tropical Juice 1.35 Litres;£2.99;£0.22/100ml;Chilled Fruit Juice & Smoothies;Chilled Fruit Juice & Smoothies;null;null;null;null;null;null;null;null;
272488576;Innocent Tropical Juice 900Ml;£2.39;£0.27/100ml;Chilled Fruit Juice & Smoothies;Chilled Fruit Juice & Smoothies;null;null;null;null;null;null;null;null;
276686180;Tropicana Trop 50 Orange Juice Original 1 Litre;£2.48;£0.25/100ml;Chilled Fruit Juice & Smoothies;Chilled Fruit Juice & Smoothies;22 ;0.4;null;null;0;null;0.8;0;
254270808;Tesco Tropical Juice Drink 2L;£1.40;£0.07/100ml;Chilled Fruit Juice & Smoothies;Chilled Fruit Juice & Smoothies;44;0.2;null;10.5;0;0;0.1;null;
265161506;Tesco Pomegranate Juice Drink 1 Litre;£1.00;£0.10/100ml;Chilled Fruit Juice & Smoothies;Chilled Fruit Juice & Smoothies;47;0.1;null;11.1;0;0;0.1;0;
277804374;Cherrygood Premium Cherry Juice Drink 1 L;£2.49;£0.25/100ml;Chilled Fruit Juice & Smoothies;Chilled Fruit Juice & Smoothies;183kJ 366kJ 4%;0;null;null;0;null;null;0;
255531171;Ocean Spray Cranberry Select Light 1Ltr;£1.99;£0.20/100ml;Chilled Fruit Juice & Smoothies;Chilled Fruit Juice & Smoothies;35kJ / 87kJ /;0;1.5;null;0;null;null;0;
265202471;Tesco Summer Fruits Juice Drink 2L;£1.40;£0.07/100ml;Chilled Fruit Juice & Smoothies;Chilled Fruit Juice & Smoothies;41;0;null;10.0;0;0;0;null;
264468556;Sunny Delight Florida Style Orange Juice Drink 1 L;£1.27;£0.13/100ml;Chilled Fruit Juice & Smoothies;Chilled Fruit Juice & Smoothies;37;0.1;null;null;0.1;null;0.1;0;
276956287;Tesco No Added Sugar Tropical Juice Drink 2 Litre;£1.40;£0.70/l;Chilled Fruit Juice & Smoothies;Chilled Fruit Juice & Smoothies;15;0.2;null;3.3;0;0;0.1;null;
277094792;Tropicana Kids Apple Juice Drink 4 X 200Ml;£2.39;£0.30/100ml;Chilled Fruit Juice & Smoothies;Chilled Fruit Juice & Smoothies;36 ;0.1;null;null;0;null;0;0;
260547145;Tesco Apple And Raspberry Juice Drink 1 Litre;£1.00;£0.10/100ml;Chilled Fruit Juice & Smoothies;Chilled Fruit Juice & Smoothies;46;0.1;null;11.2;0.1;0.1;0.1;null;
276686335;Tropicana Trop 50 Pomegranate And Blueberry Juice 1 L;£2.48;£0.25/100ml;Chilled Fruit Juice & Smoothies;Chilled Fruit Juice & Smoothies;22 ;0;null;null;0;null;0.8;0;
276956235;Tesco Orange & Pineapple Juice Drink 2 Litre;£1.40;£0.70/l;Chilled Fruit Juice & Smoothies;Chilled Fruit Juice & Smoothies;41;0.1;null;9.9;0;0;0;0;
276956258;Tesco No Added Sugar Summerfruits Juice Drinks 2 Litre;£1.40;£0.70/l;Chilled Fruit Juice & Smoothies;Chilled Fruit Juice & Smoothies;14;0;null;3.2;0;0;0;null;
256008156;Ocean Spray Cranberry Original 1 Litre;£1.99;£0.20/100ml;Chilled Fruit Juice & Smoothies;Chilled Fruit Juice & Smoothies;213kJ / 533kJ /;0;12;null;0;null;null;0;
276956172;Tesco Apple And Blackcurrant 2 Litre;£1.40;£0.70/l;Chilled Fruit Juice & Smoothies;Chilled Fruit Juice & Smoothies;41;0.1;null;9.8;0;0;0;0;
264468186;Sunny Delight California Style Orange Juice Drink 1 L;null;null;Chilled Fruit Juice & Smoothies;Chilled Fruit Juice & Smoothies;38;0.1;null;null;0.1;null;0.3;0;
251367400;Tesco Cranberry And Raspberry Juice Drink 1 Litre;£1.00;£0.10/100ml;Chilled Fruit Juice & Smoothies;Chilled Fruit Juice & Smoothies;49;0;null;11.8;0;0;0;0;
276686237;Tropicana Trop 50 Orange Juice Smooth 1 Litre;£2.48;£0.25/100ml;Chilled Fruit Juice & Smoothies;Chilled Fruit Juice & Smoothies;21 ;0.3;null;null;0;null;0.8;0;
260546503;Tesco Exotic Juice Drink 1 Litre;£1.00;£0.10/100ml;Chilled Fruit Juice & Smoothies;Chilled Fruit Juice & Smoothies;52;0.1;null;12.3;0.1;0.1;0.1;0.01;
260547237;Tesco Cranberry Juice Drink 1 Litre;£1.00;£0.10/100ml;Chilled Fruit Juice & Smoothies;Chilled Fruit Juice & Smoothies;55;0.1;null;12.7;0.1;0.1;0.1;0.01;
260448994;Tropicana Orange Juice Smooth 4 X 250Ml;£2.65;£0.27/100ml;Chilled Fruit Juice & Smoothies;Chilled Fruit Juice & Smoothies;201 kJ 503 kJ;0.8;null;null;0;null;0.4;0;
261945421;Innocent Kids Strawberries Raspberries 4 Pack;£2.99;£0.42/100ml;Chilled Fruit Juice & Smoothies;Chilled Fruit Juice & Smoothies;42;0.4;null;null;less than 0.1;null;null;null;
273234743;Innocent Kids Cherry And Strawberry Smoothie 4X180ml;£2.99;£0.42/100ml;Chilled Fruit Juice & Smoothies;Chilled Fruit Juice & Smoothies;null;null;null;null;null;null;null;null;
287438622;Tropicana Trop 50 Orange And Mango Juice 300Ml;£1.19;£0.40/100ml;Chilled Fruit Juice & Smoothies;Chilled Fruit Juice & Smoothies;23 ;0.3;null;null;0;null;0.8;0;
287438302;Tropicana Trop 50 Orange Juice Smooth 300Ml;£1.19;£0.40/100ml;Chilled Fruit Juice & Smoothies;Chilled Fruit Juice & Smoothies;89 kJ 267 kJ;0.3;null;null;0;null;0.8;0;
265747386;Tropicana Orange Juice Original 4 X 250Ml;£2.65;£0.27/100ml;Chilled Fruit Juice & Smoothies;Chilled Fruit Juice & Smoothies;204 kJ 510 kJ;0.8;null;null;0;null;0.7;0;
277094947;Tropicana Kids Orange Juice Drink 4 X 200Ml;£2.39;£0.30/100ml;Chilled Fruit Juice & Smoothies;Chilled Fruit Juice & Smoothies;33 ;0.1;null;null;0;null;0.1;0;
287438170;Tropicana Orange Juice Smooth 300Ml;£1.19;£0.40/100ml;Chilled Fruit Juice & Smoothies;Chilled Fruit Juice & Smoothies;201 kJ 603 kJ;0.8;null;null;0;null;0.4;0;
287939251;Tropicana Multivitamins 300 Ml;£1.19;£0.40/100ml;Chilled Fruit Juice & Smoothies;Chilled Fruit Juice & Smoothies;224kJ/ 672kJ/;0.5;11.2;null;0;null;0.6;0;
255696142;Innocent Kids Apple And Blackcurrant Smoothies4x180ml;£2.99;£0.42/100ml;Chilled Fruit Juice & Smoothies;Chilled Fruit Juice & Smoothies;54;0.3;null;null;less than 0.1;null;0.1;null;
265160818;Happy Monkey Strwbry/Banana Smoothie 4 Pack;£2.49;£0.35/100ml;Chilled Fruit Juice & Smoothies;Chilled Fruit Juice & Smoothies;54;0.2;13.2;null;trace;null;0.3;trace;
287439094;Tropicana Orange And Mango Juice 300Ml;£1.19;£0.40/100ml;Chilled Fruit Juice & Smoothies;Chilled Fruit Juice & Smoothies;40 ;0.6;null;null;0;null;0.9;0;
287438135;Tropicana Original Orange Juice 300Ml;£1.19;£0.40/100ml;Chilled Fruit Juice & Smoothies;Chilled Fruit Juice & Smoothies;204kJ 612kJ );0.8;null;null;0;null;0.7;0;
263352641;Innocent Kids Peaches&Passion- Fruit 4X180ml;£2.99;£0.42/100ml;Chilled Fruit Juice & Smoothies;Chilled Fruit Juice & Smoothies;null;null;null;null;null;null;null;null;
287438089;Tropicana Orange And Raspberry Juice 300Ml;£1.19;£0.40/100ml;Chilled Fruit Juice & Smoothies;Chilled Fruit Juice & Smoothies;42 ;0.4;null;null;0;null;0.8;0;
255574436;Innocent Kids Mango Pineapple Smoothie 4X180ml;£2.99;£0.42/100ml;Chilled Fruit Juice & Smoothies;Chilled Fruit Juice & Smoothies;60;1.4;null;null;0.2;null;null;null;
264769256;Innocent Mango And Pineapple Fruit Tubes 6 X 40G;£1.99;£0.83/100g;Chilled Fruit Juice & Smoothies;Chilled Fruit Juice & Smoothies;51;0.3;null;null;0.2;null;null;null;
264769279;Innocent Strawberry And Raspberry Fruit Tubes 6 X 40G;£1.99;£0.83/100g;Chilled Fruit Juice & Smoothies;Chilled Fruit Juice & Smoothies;null;null;null;null;null;null;null;null;
250060499;Tesco Fc Pure Orange Juice 330Ml;£0.70;£0.21/100ml;Chilled Fruit Juice & Smoothies;Chilled Fruit Juice & Smoothies;47;0.5;null;10.5;0.1;0;0;null;
287438918;Tropicana Tropical Juice 300Ml;£1.19;£0.40/100ml;Chilled Fruit Juice & Smoothies;Chilled Fruit Juice & Smoothies;200 kJ 600 kJ;0.4;null;null;0;null;1.3;0;
265510002;Innocent Kiwi Apple Lime Smoothie 250Ml;£1.79;£0.72/100ml;Chilled Fruit Juice & Smoothies;Chilled Fruit Juice & Smoothies;null;null;null;null;null;null;null;null;
265951303;Tesco Strawberry Banana Smoothie 250Ml;£0.99;£0.40/100ml;Chilled Fruit Juice & Smoothies;Chilled Fruit Juice & Smoothies;48;0.5;null;10.1;0.1;0;1.4;null;
266705243;This Juicy Water Oranges And Lemons 420Ml;£1.29;£0.31/100ml;Chilled Fruit Juice & Smoothies;Chilled Fruit Juice & Smoothies;null;null;null;null;null;null;null;null;
273212078;Naked B/Machine Blackberry Smoothie 450Ml;£2.36;£0.52/100ml;Chilled Fruit Juice & Smoothies;Chilled Fruit Juice & Smoothies;230kJ 1033kJ;0.4;null;null;0;null;1.3;0;
283169217;Innocent Smoothie Defence 360Ml;£2.35;£0.65/100ml;Chilled Fruit Juice & Smoothies;Chilled Fruit Juice & Smoothies;null;null;null;null;null;null;null;null;
274530143;Naked Mango Machine Smoothie 450Ml;null;null;Chilled Fruit Juice & Smoothies;Chilled Fruit Juice & Smoothies;220kJ 989kJ;0.1;null;null;0.1;null;1.9;0;
265951332;Tesco Mango And Passion Fruit Smoothie 250Ml;£0.99;£0.40/100ml;Chilled Fruit Juice & Smoothies;Chilled Fruit Juice & Smoothies;57;0.5;null;12.7;0.1;0;1.8;0;
278235636;Ocean Spray Cranberry Original 330Ml;£1.00;£0.30/100ml;Chilled Fruit Juice & Smoothies;Chilled Fruit Juice & Smoothies;165;0;39.6;null;0;null;0;null;
268474241;Naked G/Machine Apple Banana Kiwi Smoothie 450Ml;£2.36;£0.52/100ml;Chilled Fruit Juice & Smoothies;Chilled Fruit Juice & Smoothies;240kJ 1080kJ;0.8;null;null;0;null;1.3;0;
283170226;Innocent Smoothie Energise 360Ml;null;null;Chilled Fruit Juice & Smoothies;Chilled Fruit Juice & Smoothies;53;0.6;null;null;0;null;null;0;
264637228;Innocent Mangoes Passion Fruit 250Ml;£1.79;£0.72/100ml;Chilled Fruit Juice & Smoothies;Chilled Fruit Juice & Smoothies;null;null;null;null;null;null;null;null;
257929343;Tesco Tropical Fruit Drink 330Ml;£0.70;£0.28/100ml;Chilled Fruit Juice & Smoothies;Chilled Fruit Juice & Smoothies;44;0.2;null;10.5;0;0;0.1;0;
264637188;Innocent Strawberries And Bananas 250Ml;£1.79;£0.72/100ml;Chilled Fruit Juice & Smoothies;Chilled Fruit Juice & Smoothies;null;null;null;null;null;null;null;null;
274543992;Naked Redmachine Strawberry Raspberry Smoothie 450Ml;£2.36;£0.52/100ml;Chilled Fruit Juice & Smoothies;Chilled Fruit Juice & Smoothies;51 ;0.1;null;null;0.1;null;1.2;0;
266705341;This Juicy Water Raspberries And Apples 420Ml;£1.29;£0.31/100ml;Chilled Fruit Juice & Smoothies;Chilled Fruit Juice & Smoothies;null;null;null;null;null;null;null;null;
287438066;Copella Apple And Mango Juice 300Ml;£1.19;£0.40/100ml;Chilled Fruit Juice & Smoothies;Chilled Fruit Juice & Smoothies;206 kJ 618 kJ;0;null;null;0;null;1.0;0;
287438020;Copella Apple Juice 300Ml;£1.19;£0.40/100ml;Chilled Fruit Juice & Smoothies;Chilled Fruit Juice & Smoothies;197 kJ 591 kJ;0.2;10.7;null;0;null;0.7;0;
283169972;Innocent Smoothie Antioxidant360ml;£2.35;£0.65/100ml;Chilled Fruit Juice & Smoothies;Chilled Fruit Juice & Smoothies;null;null;null;null;null;null;null;null;
275659139;Innocent Apple Juice 330Ml;£1.09;£0.33/100ml;Chilled Fruit Juice & Smoothies;Chilled Fruit Juice & Smoothies;44;0.2;null;null;null;null;null;0;
266212653;This Juicy Water Lemon And Lime 420Ml;£1.29;£0.31/100ml;Chilled Fruit Juice & Smoothies;Chilled Fruit Juice & Smoothies;null;0.2;null;null;null;null;0;0;
280172056;Tesco Orange 3 Of 5 A Day 330Ml;£1.00;£0.30/100ml;Chilled Fruit Juice & Smoothies;Chilled Fruit Juice & Smoothies;50;0.5;null;11.3;0.1;0;1.1;0.01;
283714304;Sunny D Florida Style 500Ml;£1.05;£0.21/100ml;Chilled Fruit Juice & Smoothies;Chilled Fruit Juice & Smoothies;37;0.1;null;null;0.1;null;0.1;0;
279793566;Innocent Cherry And Strawberries Smoothie 750Ml;£2.79;£0.37/100ml;Chilled Fruit Juice & Smoothies;Chilled Fruit Juice & Smoothies;null;null;null;null;null;null;null;null;
279796488;Innocent Strawberries Blackberry &R/Berry Smoothie 750Ml;£2.79;£0.37/100ml;Chilled Fruit Juice & Smoothies;Chilled Fruit Juice & Smoothies;null;null;null;null;null;null;null;null;
274373357;Tesco Finest Mango Fair Trade Smoothie 750Ml;£2.50;£0.33/100ml;Chilled Fruit Juice & Smoothies;Chilled Fruit Juice & Smoothies;69;0.6;null;15.7 (17% of NRV);0.1;0.1;0.7;0.01 (less than 1% of NRV);
277974396;Tesco Finest Freshly Squeezed Orange Juice 250 Ml;£1.00;£0.40/100ml;Chilled Fruit Juice & Smoothies;Chilled Fruit Juice & Smoothies;43;0.5;null;8.6;0.2;0.1;0.6;null;
270927965;Innocent Blackberry Strawberry B/Currnt Smmothie 750Ml;£2.79;£0.37/100ml;Chilled Fruit Juice & Smoothies;Chilled Fruit Juice & Smoothies;null;0.5;null;null;0.1;null;null;0;
270928025;Innocent Mango And Passion Fruit Smoothie 750Ml;£2.79;£0.37/100ml;Chilled Fruit Juice & Smoothies;Chilled Fruit Juice & Smoothies;null;null;null;null;null;null;null;null;
270927464;Innocent Strawberry And Banana Smoothie 750Ml;£2.79;£0.37/100ml;Chilled Fruit Juice & Smoothies;Chilled Fruit Juice & Smoothies;null;null;null;null;null;null;null;null;
270928457;Innocent Pineapple Banana Coconut Smoothie 750Ml;£2.79;£0.37/100ml;Chilled Fruit Juice & Smoothies;Chilled Fruit Juice & Smoothies;null;null;null;null;null;null;null;null;
274376423;Tesco Finest Cox Apple ,Plum And Raspberry Smoothie 750Ml;£2.50;£0.33/100ml;Chilled Fruit Juice & Smoothies;Chilled Fruit Juice & Smoothies;48;0.4;null;11.1;0.1;0.1;0.5;0.01;
279797562;Coldpress Coconut Banana Pineapple Smoothie 750Ml;£3.00;£0.40/100ml;Chilled Fruit Juice & Smoothies;Chilled Fruit Juice & Smoothies;null;null;null;null;null;null;null;null;
279795760;Innocent Pineapple Mangoes And Orange Smoothie 750Ml;£2.79;£0.37/100ml;Chilled Fruit Juice & Smoothies;Chilled Fruit Juice & Smoothies;null;null;null;null;null;null;null;null;
285294042;Innocent Defence Super Smoothie 750Ml;£3.39;£0.45/100ml;Chilled Fruit Juice & Smoothies;Chilled Fruit Juice & Smoothies;54;0.5;null;null;0.6;null;null;0;
279797965;Coldpress Mango Passion Fruit Smoothie 750Ml;£3.00;£0.40/100ml;Chilled Fruit Juice & Smoothies;Chilled Fruit Juice & Smoothies;null;null;null;null;null;null;null;null;
283293639;Happy Monkey Apple And Blackcurrant Smoothie 4X180ml;£2.49;£0.35/100ml;Chilled Fruit Juice & Smoothies;Chilled Fruit Juice & Smoothies;50;trace;12.5;null;trace;null;0.2;trace;
285294186;Innocent Energise Super Smoothie 750Ml;£3.39;£0.45/100ml;Chilled Fruit Juice & Smoothies;Chilled Fruit Juice & Smoothies;59;0.5;null;null;0.5;null;null;0;
270928054;Innocent Pomegranate Blueberry And Acai Smoothie 750Ml;£2.79;£0.37/100ml;Chilled Fruit Juice & Smoothies;Chilled Fruit Juice & Smoothies;null;null;null;null;null;null;null;null;
270927959;Innocent Kiwi Apple And Lime Smoothie 750Ml;£2.79;£0.37/100ml;Chilled Fruit Juice & Smoothies;Chilled Fruit Juice & Smoothies;null;null;null;null;null;null;null;null;
285293953;Innocent Antioxidant Super Smoothie 750Ml;£3.39;£0.45/100ml;Chilled Fruit Juice & Smoothies;Chilled Fruit Juice & Smoothies;57;0.5;null;null;0.5;null;null;0;
282249096;Tesco Mango Banana And Coconut Smoothie 1L;£2.00;£0.20/100ml;Chilled Fruit Juice & Smoothies;Chilled Fruit Juice & Smoothies;62;0.4;null;9.8;1.3;1.2;0.3;0.01;
285611618;Yazoo Mango And Pineapple Smoothie 3X200ml;£1.00;£0.17/100ml;Chilled Fruit Juice & Smoothies;Chilled Fruit Juice & Smoothies;58;2.2;11.8;null;0.2;null;0.4;0.1;
286599734;Tesco Tropical Smoothie 4X180 Ml;null;null;Chilled Fruit Juice & Smoothies;Chilled Fruit Juice & Smoothies;62;0.7;null;13.7;0.2;0;0.4;0;
285611526;Yazoo Strawberry And Raspberry Smoothie 750Ml;£2.20;£0.29/100ml;Chilled Fruit Juice & Smoothies;Chilled Fruit Juice & Smoothies;57;2.2;11.7;null;0.2;null;0.4;0.1;
285611964;Yazoo Strawberry And Raspberry Smoothie 3X200ml;£1.00;£0.17/100ml;Chilled Fruit Juice & Smoothies;Chilled Fruit Juice & Smoothies;57;2.2;11.7;null;0.2;null;0.4;0.1;
268251263;Tesco Finest Apple And Alphonso Mango Juice 1L;£2.49;£0.25/100ml;Chilled Fruit Juice & Smoothies;Chilled Fruit Juice & Smoothies;51;0.3;null;11.1;0.4;0.3;0.6;0.1;
285611492;Yazoo Mango And Pineapple Smoothie 750Ml;£2.20;£0.29/100ml;Chilled Fruit Juice & Smoothies;Chilled Fruit Juice & Smoothies;58;2.2;11.8;null;0.2;null;0.4;0.1;
272720584;Tesco Red Berries Smoothie 750 Ml;£0.95;£0.13/100ml;Chilled Fruit Juice & Smoothies;Chilled Fruit Juice & Smoothies;49;0.3;null;10.8;0;0;0.3;0;
282249038;Tesco Pineapple Kiwi And Lime Smoothie 1Ltr;£2.00;£0.20/100ml;Chilled Fruit Juice & Smoothies;Chilled Fruit Juice & Smoothies;47;0.3;null;10.0;0.1;0;0.2;0.01;
272721122;Tesco Tropical Smoothie 750Ml;£0.95;£0.13/100ml;Chilled Fruit Juice & Smoothies;Chilled Fruit Juice & Smoothies;52;0.5;null;11.8;0.1;0.1;0.7;0.01;
282249050;Tesco Strawberry Banana &Pasn/Fruit Smoothie 1 Litre;£2.00;£0.20/100ml;Chilled Fruit Juice & Smoothies;Chilled Fruit Juice & Smoothies;51;0.3;null;10.2;0;0;0.5;0.01;
286599521;Tesco Strawberry Banana Blueberry Smoothie 4X180ml;£2.20;£0.31/100ml;Chilled Fruit Juice & Smoothies;Chilled Fruit Juice & Smoothies;54;0.6;null;12.0;0.1;0;0.7;0;
279737254;Bonne Maman Lemon Tartelette 125G;£1.50;£1.20/100g;Foodhall;Chanteroy;1844 kJ 256 kJ;5;null;null;17;null;null;0.30;
279737323;Bonne Maman Milk Chocolate And Caramel Tartelette 135G;£1.50;£1.12/100g;Foodhall;Chanteroy;2053 kJ 308 kJ;6;null;null;23;null;null;0.6;
267363266;Hovis Soft White Doorstep Bread 800G;£0.78;£0.10/100g;Bread;White Bread;233 ;8.7;null;null;1.7;null;2.4;0.90;
276274022;Tesco Finest White Farmhouse Bread 800G;£1.30;£0.16/100g;Bread;White Bread;241;8.8;null;3.9;1.6;0.4;2.1;1.0;
254942072;Tesco White Thick Bread 800G;£0.75;£0.09/100g;Bread;White Bread;238;7.8;null;4.0;2.0;0.3;3.0;1.0;
285060244;Tesco White Farmhouse Batch 800G;£1.00;£0.13/100g;Bread;White Bread;242;8.4;null;3.5;1.1;0.3;2.6;0.9;
250168194;Warburtons Farmhouse White Bread 800G;£0.95;£0.12/100g;Bread;White Bread;1021kJ 436kJ 8400kJ;9.9;null;null;2.5;null;2.7;1.00;
254942066;Tesco White Medium Bread 800G;£0.75;£0.09/100g;Bread;White Bread;238;7.8;null;4.0;2.0;0.3;3.0;1.0;
258742688;Tesco Everyday Value Sliced White Bread 800G;£0.45;£0.06/100g;Bread;White Bread;237;8.4;null;4.4;1.8;0.3;3.1;1.0;
276035899;Warburtons Half And Half Medium Bread 750G;£1.00;£0.13/100g;Bread;White Bread;1010kJ 399kJ 8400kJ;8.8;null;null;2.0;null;5.0;1.0;
254942331;Warburtons Medium Sliced White Bread 400G;£0.79;£0.20/100g;Bread;White Bread;1030kJ 244kJ 8400kJ;10.3;null;null;1.9;null;2.4;1.00;
254550817;Hovis Soft White Thick Bread 800G;£0.78;£0.10/100g;Bread;White Bread;233 ;8.7;null;null;1.7;null;2.4;0.90;
256174499;Hovis Soft White Medium Bread 800G;£0.78;£0.10/100g;Bread;White Bread;233;8.7;null;null;1.7;null;2.4;0.90;
251278413;Tesco Stay Fresh White Medium Bread 800G;£0.75;£0.09/100g;Bread;White Bread;250;8.9;null;1.9;2.0;0.6;2.9;1.0;
254942348;Warburtons Toastie Sliced White Bread 800G;£0.95;£0.12/100g;Bread;White Bread;1014kJ 481kJ 8400kJ;9.9;null;null;2.0;null;2.6;1.00;
252668267;Warburtons White Super Toastie Extra Thick Bread 800G;£0.95;£0.12/100g;Bread;White Bread;1014kJ 583kJ 8400kJ;9.9;null;null;2.0;null;2.6;1.00;
254942354;Warburtons Toastie Sliced White Bread 400G;£0.79;£0.20/100g;Bread;White Bread;1030kJ 297kJ 8400kJ;10.3;null;null;1.9;null;2.4;1.00;
285060503;Tesco White Toastie Thick 800G;£0.75;£0.09/100g;Bread;White Bread;241;7.8;null;2.6;2.8;0.4;2.7;1.0;
254942325;Warburtons Medium Sliced White Bread 800G;£0.95;£0.12/100g;Bread;White Bread;1014kJ 409kJ 8400kJ;9.9;null;null;2.0;null;2.6;1.00;
263518014;Hovis Wholemeal Thick Bread 800G;£0.78;£0.10/100g;Bread;Brown Bread;221 ;10.0;null;null;1.8;null;6.8;0.90;
262358089;Tesco Everyday Value Medium Sliced Wholemeal Bread 800G;£0.45;£0.06/100g;Bread;Brown Bread;230;10.5;null;4.3;2.6;0.4;8.2;1.0;
254944283;Warburtons Wholemeal Medium Bread 400G;£0.79;£0.20/100g;Bread;Brown Bread;974kJ 232kJ 8400kJ;10.6;null;null;2.8;null;6.4;0.95;
283656067;Tesco 70 Calorie Wholemeal 530G;£1.00;£0.19/100g;Bread;Brown Bread;232;10.3;null;2.4;2.7;0.4;7.5;0.8;
285060336;Wheatfield Wholemeal Batch Bread 800G;£1.00;£0.13/100g;Bread;Brown Bread;225;10.3;null;3.0;2.8;0.4;6.9;1.0;
266339388;Warburtons Farmhouse Soft Brown Bread 800G;£0.95;£0.12/100g;Bread;Brown Bread;1038kJ 440kJ 8400kJ;9.9;null;null;2.7;null;5.3;1.00;
254944064;Tesco Wholemeal Thick Bread 800G;£0.75;£0.09/100g;Bread;Brown Bread;231;9.6;null;3.4;2.5;0.4;7.0;0.9;
252801260;Hovis Original Wheatgerm Bread 400G;£0.58;£0.15/100g;Bread;Brown Bread;224 ;10.0;null;null;2.2;null;5.3;0.96;
254944260;Warburtons Wholemeal Medium Bread 800G;£0.95;£0.12/100g;Bread;Brown Bread;974kJ 436kJ 8400kJ;10.6;null;null;2.8;null;6.4;0.95;
255000362;Hovis Wholemeal Medium Bread 800G;£0.78;£0.10/100g;Bread;Brown Bread;221;10.0;null;null;1.8;null;6.8;0.90;
280133748;Tesco Finest Stone Ground Wholemeal Farmhouse Bread 800G;£1.30;£0.16/100g;Bread;Brown Bread;231;11.3;null;2.7;2.5;0.4;7.0;1.0;
254967745;Tesco Stay Fresh Wholemeal Medium Bread 800G;£0.75;£0.09/100g;Bread;Brown Bread;238;11.1;null;2.2;2.4;0.9;5.7;0.8;
254944058;Tesco Wholemeal Medium Bread 800G;£0.75;£0.09/100g;Bread;Brown Bread;231;9.6;null;3.4;2.5;0.4;7.0;0.9;
257550346;Allinson Wholemeal Bread Loaf 800G;£1.35;£0.17/100g;Bread;Brown Bread;983kJ 462kJ;10.5;null;null;3.2;null;7.1;1.00;
279505857;Hovis Best Of Both Medium White Bread 750G;£0.78;£0.10/100g;Bread;Half & Half Bread;233 ;10.2;null;null;2.2;null;5.2;0.86;
279505707;Hovis Best Of Both Thick White Bread 750G;£0.78;£0.10/100g;Bread;Half & Half Bread;233 ;10.2;null;null;2.2;null;5.2;0.86;
257275758;Vogels Soya And Linseed Bread 800G;null;null;Bread;Healthier Bread;960kJ 403kJ;11.7;null;null;4.9;null;6.8;null;
252727843;Weight Watchers Danish White Sliced Bread 400G;£0.93;£0.23/100g;Bread;Healthier Bread;1029kJ 212kJ 8400kJ;9.8;null;null;1.3;null;2.9;1.0;
255727936;Warburtons Danish Sliced White Bread 400G;£0.75;£0.19/100g;Bread;Healthier Bread;1030kJ 266kJ 8400kJ;10.5;null;null;1.2;null;2.6;1.00;
256641396;Weight Watchers Malted Danish Sliced Bread 400G;£0.93;£0.23/100g;Bread;Healthier Bread;1055kJ 215kJ 8400kJ;11.8;null;null;1.5;null;4.2;1.0;
262636077;Hovis Nimble Wholemeal Sliced Loaf 400G;£0.75;£0.19/100g;Bread;Healthier Bread;233;12.3;null;null;2.5;null;6.8;0.93;
276578567;Hovis Nimble Malted Wholegrain 400G;£0.79;£0.20/100g;Bread;Healthier Bread;236;10.4;null;null;1.5;null;6.8;0.78;
253803607;Burgen Soya And Linseed Bread 800G;£1.40;£0.18/100g;Bread;Seeded Bread;1183kJ 521kJ -;15.9;null;null;10.1;null;9.3;0.75;
259747508;Hovis Original Granary Bread 400G;£0.64;£0.16/100g;Bread;Seeded Bread;256;10.3;null;null;2.4;null;3.7;1.03;
285097546;Hovis Seed Sensations Granary Soft Batch 800G;£1.49;£0.19/100g;Bread;Seeded Bread;275 ;10.1;null;null;6.6;null;4.9;0.83;
250871708;Hovis Granary Thick Bread 800G;£1.27;£0.16/100g;Bread;Seeded Bread;256 ;10.3;null;null;2.4;null;3.7;1.03;
280116683;Tesco Finest Sunflower And Pumpkin Cob Bread 600G;£1.40;£0.23/100g;Bread;Seeded Bread;304;14.3;null;4.3;10.5;1.6;6.9;0.9;
254944133;Hovis Country Granary Bread 800G;£1.27;£0.16/100g;Bread;Seeded Bread;236 ;10.6;null;null;2.4;null;6.8;0.98;
251738895;Warburtons Seeded Batch Bread 400G;£0.85;£0.21/100g;Bread;Seeded Bread;1207kJ 361kJ 8400kJ;11.2;null;null;8.4;null;6.0;1.00;
276273651;Tesco Finest Super Seeded Bread 800G;£1.30;£0.16/100g;Bread;Seeded Bread;282;11.4;null;4.4;8.7;1.0;8.0;1.0;
285060440;Tesco Multigrain Farmhouse Batch 800G;£1.00;£0.13/100g;Bread;Seeded Bread;249;8.7;null;4.4;3.2;0.6;4.0;1.0;
287424693;Hovis Seed Sensations Gran Batch 400G;£0.89;£0.22/100g;Bread;Seeded Bread;275;10.1;null;null;6.6;null;4.9;0.83;
257269645;Warburtons Seeded Batch Bread 800G;£1.50;£0.19/100g;Bread;Seeded Bread;1263kJ 578kJ 8400kJ;12.3;null;null;8.9;null;6.0;0.98;
285060405;Tesco Multiseed Farmhouse Batch 800G;£1.00;£0.13/100g;Bread;Seeded Bread;261;11.3;null;3.2;6.7;0.9;6.2;1.0;
274811254;Hovis 7 Seeds Wholemeal Bread 800G;null;null;Bread;Seeded Bread;249;11.9;null;null;5.6;null;12.4;0.93;
274811214;Hovis Original 7 Seeds Bread 800G;£1.49;£0.19/100g;Bread;Seeded Bread;278 ;10.0;null;null;6.6;null;5.3;0.88;
252109642;Tesco Cheese And Tomato Flatbread;£1.00;£1.00/each;Bread;Breads of the World;291;11.6;null;4.1;6.4;3.0;1.9;1.1;
279791073;Tesco Tomato And Garlic Flatbread;£1.30;£1.30/each;Bread;Breads of the World;263;9.3;null;3.6;3.6;1.6;2.4;1.1;
257728978;Tesco 4 Panini Rolls;£1.20;£0.30/each;Bread;Breads of the World;273;10.7;null;2.2;4.8;0.9;3.4;0.9;
254553250;Rankin Irish Brown Soda 400G;£1.00;£0.25/100g;Bread;Breads of the World;865 kJ 346 kJ;9.4;null;null;3.2;null;5.8;1.0;
252109688;Tesco Garlic And Parsley Flat Bread Each 210G;£1.00;£1.00/each;Bread;Breads of the World;279;9.2;null;3.2;6.2;3.5;2.0;0.9;
279791050;Tesco Cheese And Garlic Flatbread;£1.30;£1.30/each;Bread;Breads of the World;305;10.5;null;2.6;8.9;3.0;2.4;1.1;
285390999;Tesco Caramelised Red Onion And Extra Mature Cheddar;£1.60;£1.60/each;Bread;Breads of the World;280;8.9;null;4.4;7.4;1.4;2.9;0.8;
258378762;Tesco Stonebaked Ciabatta Bread;£1.40;£1.40/each;Bread;Breads of the World;251;9.8;null;2.3;4.5;0.7;3.2;0.7;
253914597;Tesco Finest Plain Ciabatta;£1.70;£1.70/each;Bread;Breads of the World;257;10.1;null;2.2;4.7;0.7;3.3;0.8;
258081283;Crusty White Bloomer Sliced 800G;£1.00;£0.13/100g;Bread;Fresh White Bread;261;9.4;null;4.5;1.4;0.3;3.1;1.0;
253078451;Tiger Bloomer 400G;£0.70;£0.18/100g;Bread;Fresh White Bread;607;94.0;null;4.5;2.9;0.5;3.4;1.0;
258081507;Crusty White Sandwich Loaf Sliced 800G;£1.00;£0.13/100g;Bread;Fresh White Bread;254;9.2;null;4.0;1.2;0.2;3.2;1.0;
250675630;Tesco Organic White Bloomer 400G;£0.80;£0.20/100g;Bread;Fresh White Bread;277;8.0;null;2.5;1.0;0.2;3.1;0.9;
257989991;Crusty White Split Tin Sliced 400G;£0.70;£0.18/100g;Bread;Fresh White Bread;268;9.4;null;4.1;1.5;0.3;3.3;1.0;
255809172;Crusty White Sandwich Loaf 800G;£1.00;£0.13/100g;Bread;Fresh White Bread;254;9.2;null;4.0;1.2;0.2;3.2;1.0;
257798865;Crusty White Split Tin 400G;£0.70;£0.18/100g;Bread;Fresh White Bread;268;9.4;null;4.1;1.5;0.3;3.3;1.0;
258397693;Crusty White Bloomer Sliced 400G;£0.70;£0.18/100g;Bread;Fresh White Bread;264;9.7;null;4.7;1.5;0.4;3.1;1.0;
255809195;Crusty White Bloomer 400G;£0.70;£0.18/100g;Bread;Fresh White Bread;264;9.7;null;4.7;1.5;0.4;3.1;1.0;
264335107;Poppy Seed Bloomer 800G;£1.00;£0.13/100g;Bread;Fresh White Bread;272;10.0;null;3.0;1.5;0.3;3.3;0.9;
255809114;Crusty White Bloomer 800G;£1.00;£0.13/100g;Bread;Fresh White Bread;261;9.4;null;4.5;1.4;0.3;3.1;1.0;
250759508;Crusty White Farmhouse Loaf Sliced 800G;£1.00;£0.13/100g;Bread;Fresh White Bread;259;9.4;null;3.9;1.2;0.3;3.3;1.0;
255809310;Crusty White Split Tin Sliced 800G;£1.00;£0.13/100g;Bread;Fresh White Bread;268;9.4;null;4.1;1.5;0.3;3.3;1.0;
255809143;Crusty White Split Tin 800G;£1.00;£0.13/100g;Bread;Fresh White Bread;268;9.4;null;4.1;1.5;0.3;3.3;1.0;
258081588;Crusty White Farmhouse Loaf Sliced 400G;£0.70;£0.18/100g;Bread;Fresh White Bread;259;9.4;null;3.9;1.2;0.3;3.3;1.0;
253078439;Tiger Bloomer 800G;£1.00;£0.13/100g;Bread;Fresh White Bread;607;94.0;null;4.5;2.9;0.5;3.4;1.0;
259720085;Salt And Pepper Bloomer Sliced 800G;£1.00;£0.13/100g;Bread;Fresh White Bread;273;9.8;null;2.9;1.5;0.4;3.0;0.4;
259719928;Salt And Pepper Bloomer 800G;£1.00;£0.13/100g;Bread;Fresh White Bread;273;9.8;null;2.9;1.5;0.4;3.0;1.3;
268592475;Tiger Cheese Bloomer 800G;£1.00;£0.13/100g;Bread;Fresh White Bread;254;9.7;null;2.9;3.1;1.6;2.4;0.9;
254526058;Crusty White Farmhouse Loaf 400G;£0.70;£0.18/100g;Bread;Fresh White Bread;259;9.4;null;3.9;1.2;0.3;3.3;1.0;
263240693;Tiger Loaf Sliced 400G;£0.70;£0.18/100g;Bread;Fresh White Bread;261;9.5;null;4.5;2.6;0.5;2.8;0.9;
256334800;Tiger Loaf Sliced 800G;£1.00;£0.13/100g;Bread;Fresh White Bread;269;9.4;null;4.5;2.9;0.5;3.4;1.0;
255809189;White Farmhouse 800G;£1.00;£0.13/100g;Bread;Fresh White Bread;259;9.4;null;3.9;1.2;0.3;3.3;1.0;
252869398;Malted Grain Loaf 800G;£1.00;£0.13/100g;Bread;Fresh Brown & Granary Bread;251;10.5;null;3.3;0.9;0.2;5.0;0.7;
255809327;Malted Grain Loaf Sliced 800G;£1.00;£0.13/100g;Bread;Fresh Brown & Granary Bread;251;10.5;null;3.3;0.9;0.2;5.0;0.7;
250675768;Tesco Organic Brown Bloomer 400G;£0.80;£0.20/100g;Bread;Fresh Brown & Granary Bread;274;10.1;null;2.6;1.1;0.2;7.1;0.9;
258397917;Malted Grain Loaf Sliced 400G;£0.70;£0.18/100g;Bread;Fresh Brown & Granary Bread;251;10.5;null;3.3;0.9;0.2;5.0;0.7;
257964778;Wholemeal Loaf 800G;£1.00;£0.13/100g;Bread;Fresh Brown & Granary Bread;238;10.2;null;3.2;2.0;0.4;6.8;1.0;
257799242;Multigrain Farmhouse Loaf 800G;£1.00;£0.13/100g;Bread;Fresh Brown & Granary Bread;259;11.5;null;3.7;3.2;0.5;6.7;1.0;
257799743;Multigrain Farmhouse Sliced 400G;£0.70;£0.18/100g;Bread;Fresh Brown & Granary Bread;259;11.5;null;3.7;3.2;0.5;6.7;1.0;
254417654;Wholemeal Loaf Sliced 400G;£0.70;£0.18/100g;Bread;Fresh Brown & Granary Bread;242;10.2;null;3.3;2.5;0.4;6.7;1.0;
254417631;Wholemeal Loaf Sliced 800G;£1.00;£0.13/100g;Bread;Fresh Brown & Granary Bread;238;10.2;null;3.2;2.0;0.4;6.8;1.0;
257799720;Multigrain Farmhouse Sliced 800G;£1.00;£0.13/100g;Bread;Fresh Brown & Granary Bread;259;11.5;null;3.7;3.2;0.5;6.7;1.0;
252869415;Malted Grain Loaf 400G;£0.70;£0.18/100g;Bread;Fresh Brown & Granary Bread;251;10.5;null;3.3;0.9;0.2;5.0;0.7;
251048818;Wholemeal Loaf 400G;£0.70;£0.18/100g;Bread;Fresh Brown & Granary Bread;242;10.2;null;3.3;2.5;0.4;6.7;1.0;
257799680;Multigrain Farmhouse Loaf 400G;£0.70;£0.18/100g;Bread;Fresh Brown & Granary Bread;259;11.5;null;3.7;3.2;0.5;6.7;1.0;
267235388;Cheese Twist;£0.75;£0.75/each;Bread;Fresh Speciality Bread;404;14.5;null;5.4;21.9;10.5;2.9;0.7;
266836600;Large Cheese Top Sub 2 Pack;£0.70;£0.35/each;Bread;Fresh Speciality Bread;259;7.1;null;1.3;2.0;0.7;2.3;1.0;
272913990;Kalamata Olive Bloomer 380G;£1.50;£1.50/each;Bread;Fresh Speciality Bread;254;7.5;null;1.3;5.3;0.7;3.4;1.4;
256499247;Rye Bread 370G;£1.50;£1.50/each;Bread;Fresh Speciality Bread;250;7.3;null;3.0;1.1;null;5.1;1.0;
283509035;Ploughmans Cob;£1.50;£1.50/each;Bread;Fresh Speciality Bread;259;9.1;null;1.8;3.8;2.2;2.5;0.7;
268579198;Panini 4 Pack;£1.00;£0.25/each;Bread;Fresh Speciality Bread;283;8.9;null;2.0;4.9;1.5;2.8;0.6;
286715333;Goats Cheese And Red Pepper Crown;£0.75;£0.75/each;Bread;Fresh Speciality Bread;null;null;null;null;null;null;null;null;
285475715;Cheese Straw;£0.75;£0.75/each;Bread;Fresh Speciality Bread;514;13.7;null;0.2;36.8;23.2;1.0;0.7;
272903253;Rock Salt Pretzel;£0.75;£0.75/each;Bread;Fresh Speciality Bread;296;9.4;null;3.2;5.4;0.4;2.5;2.0;
281684128;Jalapeno Chilli And Three Cheese Bread 380G;£1.50;£1.50/each;Bread;Fresh Speciality Bread;256;10.1;null;6.1;3.3;1.7;3.4;0.8;
272913857;Fruit And Nut Loaf 380G;£1.50;£1.50/each;Bread;Fresh Speciality Bread;326;9.2;null;15.6;7.2;0.8;3.8;0.7;
272902283;Plain Pretzel;£0.75;£0.75/each;Bread;Fresh Speciality Bread;291;8.6;null;3.5;5.0;0.4;2.1;1.4;
272913961;Six Grain Loaf;£1.50;£1.50/each;Bread;Fresh Speciality Bread;254;11.4;null;0.8;7.1;1.1;5.8;0.6;
251326213;Mediterranean Loaf 380G;£1.50;£1.50/each;Bread;Fresh Speciality Bread;256;9.8;null;5.3;3.1;0.7;3.5;0.9;
277884934;Muesli Bread 380G;£1.50;£1.50/each;Bread;Fresh Speciality Bread;262;8.4;null;8.6;3.8;0.5;4.2;0.9;
283447050;Mediterranean Vegetable Puff;£0.75;£0.75/each;Bread;Fresh Speciality Bread;null;null;null;null;null;null;null;null;
272890974;Cheese Pretzel;£0.75;£0.75/each;Bread;Fresh Speciality Bread;284;10.1;null;2.4;5.3;2.3;3.0;1.2;
283447326;Cheese And Onion Puff;£0.75;£0.75/each;Bread;Fresh Speciality Bread;null;null;null;null;null;null;null;null;
266836767;Large Soft Sub 2 Pack;£0.70;£0.35/each;Bread;Fresh Speciality Bread;231;8.6;null;2.8;0.7;0.2;3.2;0.9;
272899493;Poppy Seed Pretzel;£0.75;£0.75/each;Bread;Fresh Speciality Bread;null;null;null;null;null;null;null;null;
272914228;Sour Dough Bloomer 380G;£1.50;£1.50/each;Bread;Fresh Speciality Bread;225;7.6;null;1.6;0.6;0.2;4.3;0.9;
285498135;Tesco Corn Bread;£1.50;£1.50/each;Bread;Fresh Speciality Bread;261;9.7;null;3.0;3.7;0.5;3.3;1.0;
267235371;Tomato, Cheese And Garlic Swirly;£0.75;£0.75/each;Bread;Fresh Speciality Bread;258;8.9;null;3.1;6.4;3.5;3.2;0.8;
286186802;Tesco Finest Pane Rusticano;£1.50;£1.50/each;Bread;Fresh Speciality Bread;250;9.1;null;4.4;0.9;0.2;3.3;1.0;
282919980;Walnut Loaf 370G;£1.50;£1.50/each;Bread;Fresh Speciality Bread;null;null;null;null;null;null;null;null;
251679083;Traditional Irish Wheaten Loaf 380G;£1.10;£1.10/each;Bread;Fresh Speciality Bread;229;8.4;null;3.1;2.8;0.9;4.3;0.9;
286186877;Tesco Finest Pane Rusticano Boule;£1.50;£1.50/each;Bread;Fresh Speciality Bread;250;9.1;null;4.4;0.9;0.2;3.3;1.0;
272960719;Three Cheese Bread;£1.50;£1.50/each;Bread;Fresh Speciality Bread;260;11.3;null;1.2;4.8;2.7;2.9;1.2;
285497902;Tesco Smoky Barbecue Loaf;£1.50;£1.50/each;Bread;Fresh Speciality Bread;240;9.8;null;6.8;1.3;0.4;4.5;1.1;
256122878;White Baton;£0.45;£0.23/100g;Bread;Fresh French Bread & Rolls;276;9.3;null;3.2;0.8;0.1;2.6;1.0;
257784017;Chunky Cheese Roll;£0.40;£0.40/each;Bread;Fresh French Bread & Rolls;309;15.1;null;1.5;4.2;2.7;0;1.2;
272892385;Italiano Roll;£0.40;£0.40/each;Bread;Fresh French Bread & Rolls;null;null;null;null;null;null;null;null;
250652467;Malted Grain Baton;£0.45;£0.45/each;Bread;Fresh French Bread & Rolls;276;8.7;null;4.8;1.8;0.3;4.7;1.0;
253250402;Ciabatta Roll;£0.40;£0.40/each;Bread;Fresh French Bread & Rolls;261;8.6;null;2.4;4.1;0.6;3.0;1.0;
255810169;6 Pack Scotch Morning Rolls;£0.65;£0.11/each;Bread;Fresh French Bread & Rolls;273;11.8;null;3.7;1.3;0.2;3.2;1.0;
255810019;6 Pack Soft White Rolls;£0.65;£0.11/each;Bread;Fresh French Bread & Rolls;250;9.2;null;3.2;1.0;0.5;2.6;0.8;
251940303;6 Pack White Hot Dog Rolls;£0.65;£0.11/each;Bread;Fresh French Bread & Rolls;250;9.2;null;3.2;1.0;0.5;2.6;0.8;
256660010;Bakers Dozen Rolls;£1.00;£0.08/each;Bread;Fresh French Bread & Rolls;294;8.6;null;5.5;1.5;0.3;3.6;1.0;
281935593;Big Bite Cheese Roll 6 Pack;£1.00;£0.17/each;Bread;Fresh French Bread & Rolls;268;10.8;null;2.7;5.1;3.4;2.6;1.0;
255810221;6 Pack Seeded Burger Buns;£0.65;£0.11/each;Bread;Fresh French Bread & Rolls;260;9.6;null;2.8;2.9;1.3;4.1;0.8;
261326837;Tiger Baton;£0.45;£0.45/each;Bread;Fresh French Bread & Rolls;299;9.2;null;3.3;3.6;0.4;2.0;1.1;
251762957;Crusty White Roll;£0.40;£0.40/each;Bread;Fresh French Bread & Rolls;307;8.7;null;2.6;1.7;0.4;3.1;1.1;
250486519;Cheese Topped Baton;£0.45;£0.45/each;Bread;Fresh French Bread & Rolls;292;10.7;null;3.0;4.5;2.8;2.0;1.0;
268512370;6 Pack Crusty White Rolls;£0.65;£0.11/each;Bread;Fresh French Bread & Rolls;276;9.3;null;3.2;0.8;0.1;2.6;1.0;
258186620;Cheese Topped Bap 4 Pack;£0.65;£0.16/each;Bread;Fresh French Bread & Rolls;268;10.8;null;2.7;5.1;3.4;2.6;1.0;
255810060;6 Pack White Finger Rolls;£0.65;£0.11/each;Bread;Fresh French Bread & Rolls;250;9.2;null;3.2;1.0;0.5;2.6;0.8;
281935558;Big Bite Soft White Roll 6 Pack;£1.00;£0.17/each;Bread;Fresh French Bread & Rolls;250;9.2;null;3.2;1.0;0.5;2.6;0.8;
266836600;Large Cheese Top Sub 2 Pack;£0.70;£0.35/each;Bread;Fresh French Bread & Rolls;259;7.1;null;1.3;2.0;0.7;2.3;1.0;
281935610;Big Bite Sesame Roll 6 Pack;£1.00;£0.17/each;Bread;Fresh French Bread & Rolls;260;9.6;null;2.8;2.9;1.3;4.1;0.8;
266836767;Large Soft Sub 2 Pack;£0.70;£0.35/each;Bread;Fresh French Bread & Rolls;231;8.6;null;2.8;0.7;0.2;3.2;0.9;
272903414;Seeded Malt Roll;£0.40;£0.40/each;Bread;Fresh French Bread & Rolls;null;null;null;null;null;null;null;null;
250361051;Large Wholemeal Bap 4 Pack;£0.65;£0.16/each;Bread;Fresh French Bread & Rolls;250;9.2;null;3.2;1.0;0.5;2.6;0.8;
279455593;Mcghees Crispy Morning Roll;£0.26;£0.26/each;Bread;Fresh French Bread & Rolls;null;null;null;null;null;null;null;null;
272948689;Nut And Raisin Roll;£0.40;£0.40/each;Bread;Fresh French Bread & Rolls;null;null;null;null;null;null;null;null;
257428567;Malted Grain Crusty Roll 4 Pack;£0.65;£0.16/each;Bread;Fresh French Bread & Rolls;267;8.7;null;5.3;1.6;0.3;4.4;0.9;
252193004;Large White Bap 4 Pack;£0.65;£0.16/each;Bread;Fresh French Bread & Rolls;250;9.2;null;3.2;1.0;0.5;2.6;0.8;
250061930;Soft Wholemeal Roll 6 Pack;£0.65;£0.11/each;Bread;Fresh French Bread & Rolls;250;9.2;null;3.2;1.0;0.5;2.6;0.8;
282470702;Salt And Pepper Rolls 6 Pack;£0.65;£0.65/each;Bread;Fresh French Bread & Rolls;null;null;null;null;null;null;null;null;
250288950;White Snack Roll 12 Pack;£0.80;£0.07/each;Bread;Fresh French Bread & Rolls;250;9.2;null;3.2;1.0;0.5;2.6;0.8;
268580218;Panini;£0.40;£0.40/each;Bread;Fresh French Bread & Rolls;283;8.9;null;2.0;4.9;1.5;2.8;0.6;
257799887;Tiger Roll;£0.40;£0.40/each;Bread;Fresh French Bread & Rolls;270;8.5;null;1.5;1.5;0.2;2.3;0.9;
272960339;Poppy Seed Vienna Roll;£0.40;£0.40/each;Bread;Fresh French Bread & Rolls;null;null;null;null;null;null;null;null;
250561442;Malted Grain Soft Roll 6 Pack;£0.65;£0.11/each;Bread;Fresh French Bread & Rolls;251;10.3;null;3.8;1.3;0.7;4.6;0.8;
272892569;Multigrain Triangle Roll;£0.40;£0.40/each;Bread;Fresh French Bread & Rolls;null;null;null;null;null;null;null;null;
272891144;White Continental Roll;£0.40;£0.40/each;Bread;Fresh French Bread & Rolls;null;null;null;null;null;null;null;null;
272899781;Olive Roll;£0.40;£0.40/each;Bread;Fresh French Bread & Rolls;null;null;null;null;null;null;null;null;
281935570;Big Bite Malted Grain Roll 6 Pack;£1.00;£0.17/each;Bread;Fresh French Bread & Rolls;251;10.3;null;3.8;1.3;0.7;4.6;0.8;
268580351;Seeded Panini;£0.40;£0.40/each;Bread;Fresh French Bread & Rolls;298;9.5;null;1.2;6.5;1.5;3.0;0.8;
253387920;Chocolate Croissant;£0.75;£0.75/each;Fresh Bakery;Fresh Croissants & Pastries;441;7.6;null;12.3;26.0;13.4;3.2;0.6;
256943177;Almond Croissant 2 Pack;£1.20;£0.60/each;Fresh Bakery;Fresh Croissants & Pastries;429;7.9;null;12.7;24.9;14.1;2.6;0.6;
251142482;Finest Normandy Butter Croissant;£0.75;£0.75/each;Fresh Bakery;Fresh Croissants & Pastries;364;10.5;null;7.8;15.6;10.4;2.9;0.7;
276132945;Cinnamon Bun;£1.00;£1.00/each;Fresh Bakery;Fresh Croissants & Pastries;324;8.1;null;20.3;7.7;4.0;1.9;0.6;
278941232;Chelsea Bun;£0.80;£0.80/each;Fresh Bakery;Fresh Croissants & Pastries;306;7.5;null;28.6;5.0;1.8;2.1;0.6;
278940792;Belgian Bun;£0.80;£0.80/each;Fresh Bakery;Fresh Croissants & Pastries;316;6.9;null;33.2;5.2;2.1;1.5;0.5;
260469341;Butter Croissant 6 Pack;£1.00;£1.00/each;Fresh Bakery;Fresh Croissants & Pastries;416;9.5;null;6.9;20.8;13.2;2.4;0.8;
273889083;Mini Danish Selection 5 Pack;£1.00;£0.20/each;Fresh Bakery;Fresh Croissants & Pastries;null;null;null;null;null;null;null;null;
256943373;Chocolate Croissant 2 Pack;£1.20;£0.60/each;Fresh Bakery;Fresh Croissants & Pastries;441;7.6;null;12.3;26.0;13.4;3.2;0.6;
276132882;Chocolate Bun;£1.00;£1.00/each;Fresh Bakery;Fresh Croissants & Pastries;340;7.4;null;24.7;9.0;4.9;1.7;0.5;
251423403;Maple And Pecan Plait;£0.80;£0.80/each;Fresh Bakery;Fresh Croissants & Pastries;447;5.7;null;16.4;27.0;10.4;1.2;0.4;
285475715;Cheese Straw;£0.75;£0.75/each;Fresh Bakery;Fresh Croissants & Pastries;514;13.7;null;0.2;36.8;23.2;1.0;0.7;
251142764;Almond Croissant;£0.75;£0.75/each;Fresh Bakery;Fresh Croissants & Pastries;429;7.9;null;12.7;24.9;14.1;2.6;0.6;
256943275;Maple And Pecan Plait 2 Pack;£1.20;£0.60/each;Fresh Bakery;Fresh Croissants & Pastries;447;5.7;null;16.4;27.0;10.4;1.2;0.4;
256943223;Cinnamon Swirl 2 Pack;£1.20;£0.60/each;Fresh Bakery;Fresh Croissants & Pastries;445;5.5;null;14.3;26.6;10.5;2.4;0.4;
255952317;Mini Fruit Lattice Squares 8Pk;£1.50;£0.19/each;Fresh Bakery;Fresh Croissants & Pastries;365;3.4;null;33.7;14.4;5.8;2.7;0.5;
263013064;Finest Normandy Butter Croissant 4 Pack;£2.00;£0.50/each;Fresh Bakery;Fresh Croissants & Pastries;364;10.5;null;7.8;15.6;10.4;2.9;0.7;
276153995;Mini Croissant Selection 6 Pack;£2.00;£0.33/each;Fresh Bakery;Fresh Croissants & Pastries;457;9.7;null;10.8;26.0;15.3;2.8;0.6;
251143072;Cinnamon Swirl;£0.80;£0.80/each;Fresh Bakery;Fresh Croissants & Pastries;445;5.5;null;14.3;26.6;10.5;2.4;0.4;
254654263;Apple Turnover 2 Pack;£1.20;£0.60/each;Fresh Bakery;Fresh Croissants & Pastries;317;4.3;null;11.7;15.7;7.7;1.8;0.5;
283467688;Peach And Raspberry Crown 2 Pack;£1.20;£0.60/each;Fresh Bakery;Fresh Croissants & Pastries;362;4.9;null;16.8;20.1;8.1;2.6;0.2;
255779661;Pain Au Chocolate 2 Pack;£1.20;£0.60/each;Fresh Bakery;Fresh Croissants & Pastries;437;7.6;null;6.4;24.8;15.4;2.6;0.6;
251143233;Vanilla Creme Crown;£0.80;£0.80/each;Fresh Bakery;Fresh Croissants & Pastries;395;5.2;null;15.2;22.9;9.5;1.1;0.3;
257800633;Pain Au Raisin 2 Pack;£1.20;£0.60/each;Fresh Bakery;Fresh Croissants & Pastries;303;6.2;null;11.6;14.2;8.5;0.9;0.6;
253432971;Vanilla Creme Crown 2 Pack;£1.20;£0.60/each;Fresh Bakery;Fresh Croissants & Pastries;395;5.2;null;15.2;22.9;9.5;1.1;0.3;
251143072;Cinnamon Swirl;£0.80;£0.80/each;Fresh Bakery;Fresh Danish Pastries;445;5.5;null;14.3;26.6;10.5;2.4;0.4;
278940792;Belgian Bun;£0.80;£0.80/each;Fresh Bakery;Fresh Danish Pastries;316;6.9;null;33.2;5.2;2.1;1.5;0.5;
251423403;Maple And Pecan Plait;£0.80;£0.80/each;Fresh Bakery;Fresh Danish Pastries;447;5.7;null;16.4;27.0;10.4;1.2;0.4;
254654263;Apple Turnover 2 Pack;£1.20;£0.60/each;Fresh Bakery;Fresh Danish Pastries;317;4.3;null;11.7;15.7;7.7;1.8;0.5;
256943223;Cinnamon Swirl 2 Pack;£1.20;£0.60/each;Fresh Bakery;Fresh Danish Pastries;445;5.5;null;14.3;26.6;10.5;2.4;0.4;
273889083;Mini Danish Selection 5 Pack;£1.00;£0.20/each;Fresh Bakery;Fresh Danish Pastries;null;null;null;null;null;null;null;null;
286831137;Valentines Raspberry And White Chocolate Bun 2 Pack;£1.50;£0.75/each;Fresh Bakery;Fresh Danish Pastries;310;7.1;null;23.7;6.9;3.4;2.3;0.6;
276132882;Chocolate Bun;£1.00;£1.00/each;Fresh Bakery;Fresh Danish Pastries;340;7.4;null;24.7;9.0;4.9;1.7;0.5;
283467688;Peach And Raspberry Crown 2 Pack;£1.20;£0.60/each;Fresh Bakery;Fresh Danish Pastries;362;4.9;null;16.8;20.1;8.1;2.6;0.2;
251143233;Vanilla Creme Crown;£0.80;£0.80/each;Fresh Bakery;Fresh Danish Pastries;395;5.2;null;15.2;22.9;9.5;1.1;0.3;
253432971;Vanilla Creme Crown 2 Pack;£1.20;£0.60/each;Fresh Bakery;Fresh Danish Pastries;395;5.2;null;15.2;22.9;9.5;1.1;0.3;
256943275;Maple And Pecan Plait 2 Pack;£1.20;£0.60/each;Fresh Bakery;Fresh Danish Pastries;447;5.7;null;16.4;27.0;10.4;1.2;0.4;
255952317;Mini Fruit Lattice Squares 8Pk;£1.50;£0.19/each;Fresh Bakery;Fresh Danish Pastries;365;3.4;null;33.7;14.4;5.8;2.7;0.5;
285695184;Tesco Maple And Pecan Bun;£1.00;£1.00/each;Fresh Bakery;Fresh Danish Pastries;354;8.3;null;18.8;12.5;4.4;2.8;0.5;
278941232;Chelsea Bun;£0.80;£0.80/each;Fresh Bakery;Fresh Danish Pastries;306;7.5;null;28.6;5.0;1.8;2.1;0.6;
286866551;Hot Cross Sharing Bun;£2.50;£2.50/each;Fresh Bakery;Fresh Danish Pastries;292;7.2;null;15.3;7.0;3.5;2.8;0.5;
257800633;Pain Au Raisin 2 Pack;£1.20;£0.60/each;Fresh Bakery;Fresh Danish Pastries;303;6.2;null;11.6;14.2;8.5;0.9;0.6;
255779661;Pain Au Chocolate 2 Pack;£1.20;£0.60/each;Fresh Bakery;Fresh Danish Pastries;437;7.6;null;6.4;24.8;15.4;2.6;0.6;
276132945;Cinnamon Bun;£1.00;£1.00/each;Fresh Bakery;Fresh Danish Pastries;324;8.1;null;20.3;7.7;4.0;1.9;0.6;
256122878;White Baton;£0.45;£0.23/100g;Fresh Bakery;Fresh French Bread & Rolls;276;9.3;null;3.2;0.8;0.1;2.6;1.0;
258186620;Cheese Topped Bap 4 Pack;£0.65;£0.16/each;Fresh Bakery;Fresh French Bread & Rolls;268;10.8;null;2.7;5.1;3.4;2.6;1.0;
251762957;Crusty White Roll;£0.40;£0.40/each;Fresh Bakery;Fresh French Bread & Rolls;307;8.7;null;2.6;1.7;0.4;3.1;1.1;
268512370;6 Pack Crusty White Rolls;£0.65;£0.11/each;Fresh Bakery;Fresh French Bread & Rolls;276;9.3;null;3.2;0.8;0.1;2.6;1.0;
255810019;6 Pack Soft White Rolls;£0.65;£0.11/each;Fresh Bakery;Fresh French Bread & Rolls;250;9.2;null;3.2;1.0;0.5;2.6;0.8;
281935593;Big Bite Cheese Roll 6 Pack;£1.00;£0.17/each;Fresh Bakery;Fresh French Bread & Rolls;268;10.8;null;2.7;5.1;3.4;2.6;1.0;
253250402;Ciabatta Roll;£0.40;£0.40/each;Fresh Bakery;Fresh French Bread & Rolls;261;8.6;null;2.4;4.1;0.6;3.0;1.0;
256660010;Bakers Dozen Rolls;£1.00;£0.08/each;Fresh Bakery;Fresh French Bread & Rolls;294;8.6;null;5.5;1.5;0.3;3.6;1.0;
255810221;6 Pack Seeded Burger Buns;£0.65;£0.11/each;Fresh Bakery;Fresh French Bread & Rolls;260;9.6;null;2.8;2.9;1.3;4.1;0.8;
250652467;Malted Grain Baton;£0.45;£0.45/each;Fresh Bakery;Fresh French Bread & Rolls;276;8.7;null;4.8;1.8;0.3;4.7;1.0;
261326837;Tiger Baton;£0.45;£0.45/each;Fresh Bakery;Fresh French Bread & Rolls;299;9.2;null;3.3;3.6;0.4;2.0;1.1;
250486519;Cheese Topped Baton;£0.45;£0.45/each;Fresh Bakery;Fresh French Bread & Rolls;292;10.7;null;3.0;4.5;2.8;2.0;1.0;
281935558;Big Bite Soft White Roll 6 Pack;£1.00;£0.17/each;Fresh Bakery;Fresh French Bread & Rolls;250;9.2;null;3.2;1.0;0.5;2.6;0.8;
251940303;6 Pack White Hot Dog Rolls;£0.65;£0.11/each;Fresh Bakery;Fresh French Bread & Rolls;250;9.2;null;3.2;1.0;0.5;2.6;0.8;
266836600;Large Cheese Top Sub 2 Pack;£0.70;£0.35/each;Fresh Bakery;Fresh French Bread & Rolls;259;7.1;null;1.3;2.0;0.7;2.3;1.0;
255810060;6 Pack White Finger Rolls;£0.65;£0.11/each;Fresh Bakery;Fresh French Bread & Rolls;250;9.2;null;3.2;1.0;0.5;2.6;0.8;
272892385;Italiano Roll;£0.40;£0.40/each;Fresh Bakery;Fresh French Bread & Rolls;null;null;null;null;null;null;null;null;
257784017;Chunky Cheese Roll;£0.40;£0.40/each;Fresh Bakery;Fresh French Bread & Rolls;309;15.1;null;1.5;4.2;2.7;0;1.2;
281935610;Big Bite Sesame Roll 6 Pack;£1.00;£0.17/each;Fresh Bakery;Fresh French Bread & Rolls;260;9.6;null;2.8;2.9;1.3;4.1;0.8;
255810169;6 Pack Scotch Morning Rolls;£0.65;£0.11/each;Fresh Bakery;Fresh French Bread & Rolls;273;11.8;null;3.7;1.3;0.2;3.2;1.0;
252193004;Large White Bap 4 Pack;£0.65;£0.16/each;Fresh Bakery;Fresh French Bread & Rolls;250;9.2;null;3.2;1.0;0.5;2.6;0.8;
279455593;Mcghees Crispy Morning Roll;£0.26;£0.26/each;Fresh Bakery;Fresh French Bread & Rolls;null;null;null;null;null;null;null;null;
250361051;Large Wholemeal Bap 4 Pack;£0.65;£0.16/each;Fresh Bakery;Fresh French Bread & Rolls;250;9.2;null;3.2;1.0;0.5;2.6;0.8;
257799887;Tiger Roll;£0.40;£0.40/each;Fresh Bakery;Fresh French Bread & Rolls;270;8.5;null;1.5;1.5;0.2;2.3;0.9;
272948689;Nut And Raisin Roll;£0.40;£0.40/each;Fresh Bakery;Fresh French Bread & Rolls;null;null;null;null;null;null;null;null;
250561442;Malted Grain Soft Roll 6 Pack;£0.65;£0.11/each;Fresh Bakery;Fresh French Bread & Rolls;251;10.3;null;3.8;1.3;0.7;4.6;0.8;
257428567;Malted Grain Crusty Roll 4 Pack;£0.65;£0.16/each;Fresh Bakery;Fresh French Bread & Rolls;267;8.7;null;5.3;1.6;0.3;4.4;0.9;
281935570;Big Bite Malted Grain Roll 6 Pack;£1.00;£0.17/each;Fresh Bakery;Fresh French Bread & Rolls;251;10.3;null;3.8;1.3;0.7;4.6;0.8;
266836767;Large Soft Sub 2 Pack;£0.70;£0.35/each;Fresh Bakery;Fresh French Bread & Rolls;231;8.6;null;2.8;0.7;0.2;3.2;0.9;
268580351;Seeded Panini;£0.40;£0.40/each;Fresh Bakery;Fresh French Bread & Rolls;298;9.5;null;1.2;6.5;1.5;3.0;0.8;
272892569;Multigrain Triangle Roll;£0.40;£0.40/each;Fresh Bakery;Fresh French Bread & Rolls;null;null;null;null;null;null;null;null;
268580218;Panini;£0.40;£0.40/each;Fresh Bakery;Fresh French Bread & Rolls;283;8.9;null;2.0;4.9;1.5;2.8;0.6;
272891144;White Continental Roll;£0.40;£0.40/each;Fresh Bakery;Fresh French Bread & Rolls;null;null;null;null;null;null;null;null;
272960339;Poppy Seed Vienna Roll;£0.40;£0.40/each;Fresh Bakery;Fresh French Bread & Rolls;null;null;null;null;null;null;null;null;
282470702;Salt And Pepper Rolls 6 Pack;£0.65;£0.65/each;Fresh Bakery;Fresh French Bread & Rolls;null;null;null;null;null;null;null;null;
250288950;White Snack Roll 12 Pack;£0.80;£0.07/each;Fresh Bakery;Fresh French Bread & Rolls;250;9.2;null;3.2;1.0;0.5;2.6;0.8;
272903414;Seeded Malt Roll;£0.40;£0.40/each;Fresh Bakery;Fresh French Bread & Rolls;null;null;null;null;null;null;null;null;
250061930;Soft Wholemeal Roll 6 Pack;£0.65;£0.11/each;Fresh Bakery;Fresh French Bread & Rolls;250;9.2;null;3.2;1.0;0.5;2.6;0.8;
272899781;Olive Roll;£0.40;£0.40/each;Fresh Bakery;Fresh French Bread & Rolls;null;null;null;null;null;null;null;null;
252869398;Malted Grain Loaf 800G;£1.00;£0.13/100g;Fresh Bakery;Fresh Brown & Granary Bread;251;10.5;null;3.3;0.9;0.2;5.0;0.7;
257799242;Multigrain Farmhouse Loaf 800G;£1.00;£0.13/100g;Fresh Bakery;Fresh Brown & Granary Bread;259;11.5;null;3.7;3.2;0.5;6.7;1.0;
257799743;Multigrain Farmhouse Sliced 400G;£0.70;£0.18/100g;Fresh Bakery;Fresh Brown & Granary Bread;259;11.5;null;3.7;3.2;0.5;6.7;1.0;
254417654;Wholemeal Loaf Sliced 400G;£0.70;£0.18/100g;Fresh Bakery;Fresh Brown & Granary Bread;242;10.2;null;3.3;2.5;0.4;6.7;1.0;
250675768;Tesco Organic Brown Bloomer 400G;£0.80;£0.20/100g;Fresh Bakery;Fresh Brown & Granary Bread;274;10.1;null;2.6;1.1;0.2;7.1;0.9;
257799680;Multigrain Farmhouse Loaf 400G;£0.70;£0.18/100g;Fresh Bakery;Fresh Brown & Granary Bread;259;11.5;null;3.7;3.2;0.5;6.7;1.0;
252869415;Malted Grain Loaf 400G;£0.70;£0.18/100g;Fresh Bakery;Fresh Brown & Granary Bread;251;10.5;null;3.3;0.9;0.2;5.0;0.7;
255809327;Malted Grain Loaf Sliced 800G;£1.00;£0.13/100g;Fresh Bakery;Fresh Brown & Granary Bread;251;10.5;null;3.3;0.9;0.2;5.0;0.7;
257799720;Multigrain Farmhouse Sliced 800G;£1.00;£0.13/100g;Fresh Bakery;Fresh Brown & Granary Bread;259;11.5;null;3.7;3.2;0.5;6.7;1.0;
251048818;Wholemeal Loaf 400G;£0.70;£0.18/100g;Fresh Bakery;Fresh Brown & Granary Bread;242;10.2;null;3.3;2.5;0.4;6.7;1.0;
258397917;Malted Grain Loaf Sliced 400G;£0.70;£0.18/100g;Fresh Bakery;Fresh Brown & Granary Bread;251;10.5;null;3.3;0.9;0.2;5.0;0.7;
254417631;Wholemeal Loaf Sliced 800G;£1.00;£0.13/100g;Fresh Bakery;Fresh Brown & Granary Bread;238;10.2;null;3.2;2.0;0.4;6.8;1.0;
257964778;Wholemeal Loaf 800G;£1.00;£0.13/100g;Fresh Bakery;Fresh Brown & Granary Bread;238;10.2;null;3.2;2.0;0.4;6.8;1.0;
250675630;Tesco Organic White Bloomer 400G;£0.80;£0.20/100g;Fresh Bakery;Fresh Organic Bakery;277;8.0;null;2.5;1.0;0.2;3.1;0.9;
250675768;Tesco Organic Brown Bloomer 400G;£0.80;£0.20/100g;Fresh Bakery;Fresh Organic Bakery;274;10.1;null;2.6;1.1;0.2;7.1;0.9;
266836767;Large Soft Sub 2 Pack;£0.70;£0.35/each;Fresh Bakery;Fresh Speciality Bread;231;8.6;null;2.8;0.7;0.2;3.2;0.9;
272913857;Fruit And Nut Loaf 380G;£1.50;£1.50/each;Fresh Bakery;Fresh Speciality Bread;326;9.2;null;15.6;7.2;0.8;3.8;0.7;
251326213;Mediterranean Loaf 380G;£1.50;£1.50/each;Fresh Bakery;Fresh Speciality Bread;256;9.8;null;5.3;3.1;0.7;3.5;0.9;
256499247;Rye Bread 370G;£1.50;£1.50/each;Fresh Bakery;Fresh Speciality Bread;250;7.3;null;3.0;1.1;null;5.1;1.0;
283509035;Ploughmans Cob;£1.50;£1.50/each;Fresh Bakery;Fresh Speciality Bread;259;9.1;null;1.8;3.8;2.2;2.5;0.7;
266836600;Large Cheese Top Sub 2 Pack;£0.70;£0.35/each;Fresh Bakery;Fresh Speciality Bread;259;7.1;null;1.3;2.0;0.7;2.3;1.0;
268579198;Panini 4 Pack;£1.00;£0.25/each;Fresh Bakery;Fresh Speciality Bread;283;8.9;null;2.0;4.9;1.5;2.8;0.6;
272890974;Cheese Pretzel;£0.75;£0.75/each;Fresh Bakery;Fresh Speciality Bread;284;10.1;null;2.4;5.3;2.3;3.0;1.2;
272913990;Kalamata Olive Bloomer 380G;£1.50;£1.50/each;Fresh Bakery;Fresh Speciality Bread;254;7.5;null;1.3;5.3;0.7;3.4;1.4;
267235388;Cheese Twist;£0.75;£0.75/each;Fresh Bakery;Fresh Speciality Bread;404;14.5;null;5.4;21.9;10.5;2.9;0.7;
281684128;Jalapeno Chilli And Three Cheese Bread 380G;£1.50;£1.50/each;Fresh Bakery;Fresh Speciality Bread;256;10.1;null;6.1;3.3;1.7;3.4;0.8;
283447050;Mediterranean Vegetable Puff;£0.75;£0.75/each;Fresh Bakery;Fresh Speciality Bread;null;null;null;null;null;null;null;null;
272899493;Poppy Seed Pretzel;£0.75;£0.75/each;Fresh Bakery;Fresh Speciality Bread;null;null;null;null;null;null;null;null;
286715333;Goats Cheese And Red Pepper Crown;£0.75;£0.75/each;Fresh Bakery;Fresh Speciality Bread;null;null;null;null;null;null;null;null;
272914228;Sour Dough Bloomer 380G;£1.50;£1.50/each;Fresh Bakery;Fresh Speciality Bread;225;7.6;null;1.6;0.6;0.2;4.3;0.9;
272902283;Plain Pretzel;£0.75;£0.75/each;Fresh Bakery;Fresh Speciality Bread;291;8.6;null;3.5;5.0;0.4;2.1;1.4;
277884934;Muesli Bread 380G;£1.50;£1.50/each;Fresh Bakery;Fresh Speciality Bread;262;8.4;null;8.6;3.8;0.5;4.2;0.9;
283447326;Cheese And Onion Puff;£0.75;£0.75/each;Fresh Bakery;Fresh Speciality Bread;null;null;null;null;null;null;null;null;
272913961;Six Grain Loaf;£1.50;£1.50/each;Fresh Bakery;Fresh Speciality Bread;254;11.4;null;0.8;7.1;1.1;5.8;0.6;
272903253;Rock Salt Pretzel;£0.75;£0.75/each;Fresh Bakery;Fresh Speciality Bread;296;9.4;null;3.2;5.4;0.4;2.5;2.0;
282919980;Walnut Loaf 370G;£1.50;£1.50/each;Fresh Bakery;Fresh Speciality Bread;null;null;null;null;null;null;null;null;
251679083;Traditional Irish Wheaten Loaf 380G;£1.10;£1.10/each;Fresh Bakery;Fresh Speciality Bread;229;8.4;null;3.1;2.8;0.9;4.3;0.9;
267235371;Tomato, Cheese And Garlic Swirly;£0.75;£0.75/each;Fresh Bakery;Fresh Speciality Bread;258;8.9;null;3.1;6.4;3.5;3.2;0.8;
285497902;Tesco Smoky Barbecue Loaf;£1.50;£1.50/each;Fresh Bakery;Fresh Speciality Bread;240;9.8;null;6.8;1.3;0.4;4.5;1.1;
272960719;Three Cheese Bread;£1.50;£1.50/each;Fresh Bakery;Fresh Speciality Bread;260;11.3;null;1.2;4.8;2.7;2.9;1.2;
286186877;Tesco Finest Pane Rusticano Boule;£1.50;£1.50/each;Fresh Bakery;Fresh Speciality Bread;250;9.1;null;4.4;0.9;0.2;3.3;1.0;
285498135;Tesco Corn Bread;£1.50;£1.50/each;Fresh Bakery;Fresh Speciality Bread;261;9.7;null;3.0;3.7;0.5;3.3;1.0;
286186802;Tesco Finest Pane Rusticano;£1.50;£1.50/each;Fresh Bakery;Fresh Speciality Bread;250;9.1;null;4.4;0.9;0.2;3.3;1.0;
287284460;Chocolate Carnival Pizookie;£5.00;£5.00/each;Fresh Bakery;Fresh Sweet Treats;499;4.0;null;51.3;28.4;15.7;1.9;0.4;
283471008;Rolo Cookies 5 Pack;£1.20;£0.24/each;Fresh Bakery;Fresh Sweet Treats;null;null;null;null;null;null;null;null;
257800909;Finest Triple Chocolate Shortbread 4 Pack;£1.50;£0.38/each;Fresh Bakery;Fresh Sweet Treats;526;5.9;null;23.8;31.1;20.5;1.1;0.7;
285498319;Finest White Chocolate And Honeycomb Cookie 4 Pack;£1.50;£0.38/each;Fresh Bakery;Fresh Sweet Treats;456;4.9;null;46.0;18.4;11.3;0.5;0.4;
286714927;Red Velvet Cookies 5 Pack;£1.00;£0.20/each;Fresh Bakery;Fresh Sweet Treats;416;4.7;null;46.9;14.8;7.1;3.2;0.5;
287001957;Gingerbread Bunny Pop 30G;£0.90;£3.00/100g;Fresh Bakery;Fresh Sweet Treats;418;5.4;null;38.9;11.8;5.3;2.2;0.5;
283283133;Finest* Triple Chocolate Cookie 4 Pack;£1.50;£0.38/each;Fresh Bakery;Fresh Sweet Treats;476;6.0;null;40.4;22.7;14.3;3.0;0.7;
285513625;Bounty Cookies 4 Pack;£1.30;£0.33/each;Fresh Bakery;Fresh Sweet Treats;468;5.7;null;42.6;20.9;11.9;1.9;0.4;
275156325;Double Chocolate Cookie 5 Pack;£1.00;£0.20/each;Fresh Bakery;Fresh Sweet Treats;475;5.5;null;40.1;23.8;11.5;3.5;0.7;
283507112;Finest Ecuadorian Dark Chocolate Cookie 4 Pack;£1.50;£0.38/each;Fresh Bakery;Fresh Sweet Treats;446;6.4;null;36.9;18.2;11.3;1.9;0.4;
285513907;Galaxy Cookies 4 Pack;£1.30;£0.33/each;Fresh Bakery;Fresh Sweet Treats;456;5.7;null;46.8;18.8;9.6;2.3;0.4;
283669933;Finest Granola 4 Pack;£1.50;£0.38/each;Fresh Bakery;Fresh Sweet Treats;455;7.7;null;31.2;22.9;10.4;3.0;0.3;
285513959;Milky Way Stars Cookie 10 Pack;£1.00;£0.10/each;Fresh Bakery;Fresh Sweet Treats;445;5.5;null;43.1;16.2;7.4;1.6;0.4;
276131923;Milk Chocolate Cookie 5 Pack;£1.00;£0.20/each;Fresh Bakery;Fresh Sweet Treats;449;5.7;null;42.2;17.9;8.8;2.5;0.4;
287004050;Mothers Day Decorate Your Flowerpot;£1.75;£0.35/each;Fresh Bakery;Fresh Sweet Treats;432;5.7;null;35.8;13.5;6.0;2.5;0.5;
286931900;Eggbert The Easter Bunny 224G;£2.00;£0.89/100g;Fresh Bakery;Fresh Sweet Treats;426;5.7;null;36.9;13.1;5.9;2.5;0.6;
286932070;30Pk Eggscellent Easter Gingerbread 300G;£1.75;£0.06/each;Fresh Bakery;Fresh Sweet Treats;434;5.6;null;43.9;10.8;4.3;1.5;0.5;
287284342;Chocolate Supreme Pizookie;£5.00;£5.00/each;Fresh Bakery;Fresh Sweet Treats;466;3.8;null;57.3;21.5;12.3;1.7;0.3;
287284287;Chocolate Feast Pizookie;£5.00;£5.00/each;Fresh Bakery;Fresh Sweet Treats;464;4.1;null;54.5;21.9;12.5;2.1;0.3;
283292715;Oat And Rasin Cookies 5Pack;£1.00;£0.20/each;Fresh Bakery;Fresh Sweet Treats;406;5.0;null;39.7;14.4;5.3;3.4;0.5;
276132127;White Chocolate Cookies 5 Pack;£1.00;£0.20/each;Fresh Bakery;Fresh Sweet Treats;444;5.5;null;42.0;17.3;8.3;2.3;0.6;
265224214;Chocolate Doughnut 5 Pack;£0.65;£0.13/each;Fresh Bakery;Fresh Sweet Treats;327;5.3;null;16.8;13.3;6.2;2.1;0.5;
258902914;Jam Doughnuts 5 Pack;£0.65;£0.13/each;Fresh Bakery;Fresh Sweet Treats;321;5.6;null;9.5;10.9;5.1;2.0;0.5;
283467734;Apple Doughnut 5 Pack;£0.65;£0.13/each;Fresh Bakery;Fresh Sweet Treats;290;6.2;null;6.7;11.6;5.1;2.0;0.4;
268599312;Glazed Ring Doughnut 4 Pack;£1.00;£0.25/each;Fresh Bakery;Fresh Sweet Treats;389;6.5;null;18.0;19.5;9.4;2.0;0.6;
283471106;Smartie Cookie 5 Pack;£1.20;£0.24/each;Fresh Bakery;Fresh Sweet Treats;null;null;null;null;null;null;null;null;
263905005;Chocolate Chip Muffin 4 Pack;£1.00;£0.25/each;Fresh Bakery;Fresh Sweet Treats;407;5.2;null;32.8;17.9;4.0;1.2;0.5;
274730488;Tesco Mini Gingerbread Men 270G;£1.60;£0.59/100g;Fresh Bakery;Fresh Sweet Treats;429;6.0;null;44.5;10.5;4.2;1.8;0.5;
251141978;Jam Doughnut;£0.30;£0.30/each;Fresh Bakery;Fresh Sweet Treats;321;5.6;null;9.5;10.9;5.1;2.0;0.5;
286715068;Cola And Lemonade Mini Doughnuts;£1.00;£0.07/each;Fresh Bakery;Fresh Sweet Treats;389;5.3;null;26.0;17.5;8.7;2.1;0.4;
255874939;Chocolate Iced Ring Doughnuts 4 Pack;£1.00;£0.25/each;Fresh Bakery;Fresh Sweet Treats;400;5.5;null;27.2;19.4;9.2;2.9;0.4;
268563873;Double Chocolate Muffin 4 Pack;£1.00;£0.25/each;Fresh Bakery;Fresh Sweet Treats;404;5.2;null;31.7;17.9;4.1;1.7;0.5;
285491091;Tesco Jaffa Cookie 5 Pack;£1.00;£0.20/each;Fresh Bakery;Fresh Sweet Treats;417;4.8;null;42.2;14.0;6.7;1.9;0.5;
268596373;Chocolate Iced Ring Doughnut;£0.60;£0.60/each;Fresh Bakery;Fresh Sweet Treats;400;5.5;null;27.2;19.4;9.2;2.9;0.4;
283470810;Cadbury's Chocolate Doughnut 2 Pack;£1.00;£0.50/each;Fresh Bakery;Fresh Sweet Treats;null;null;null;null;null;null;null;null;
283470919;Cadbury's Caramel Doughnut 2 Pack;£1.00;£0.50/each;Fresh Bakery;Fresh Sweet Treats;null;null;null;null;null;null;null;null;
285528153;Tesco Raspberry Duffin 2 Pack;£2.00;£1.00/each;Fresh Bakery;Fresh Sweet Treats;374;5.1;null;33.3;16.9;6.9;2.0;0.6;
258976745;Custard Doughnuts 5 Pack;£0.65;£0.13/each;Fresh Bakery;Fresh Sweet Treats;292;5.2;null;9.2;11.8;5.2;1.7;0.5;
286831152;Confetti Mini Donuts 15Pk;£1.00;£0.07/each;Fresh Bakery;Fresh Sweet Treats;393;4.8;null;27.5;17.6;9.0;2.9;0.5;
250684596;Large Ring Doughnut 5 Pack;£0.65;£0.13/each;Fresh Bakery;Fresh Sweet Treats;388;5.7;null;4.4;24.2;11.3;4.2;0.5;
268578700;Mini Strawberry Doughnut 18 Pack;£1.00;£0.06/each;Fresh Bakery;Fresh Sweet Treats;401;5.3;null;27.4;19.2;10.6;2.2;0.4;
253427269;All Butter Eccles Cakes 2 Pack;£1.00;£0.50/each;Fresh Bakery;Fresh Sweet Treats;398;4.8;null;24.8;19.9;9.3;2.5;0.4;
255874565;Strawberry Iced Ring Doughnut 4 Pack;£1.00;£0.25/each;Fresh Bakery;Fresh Sweet Treats;381;6.1;null;25.3;17.4;8.3;2.9;0.4;
268588832;Apple Pie 2 Pack;£1.00;£0.50/each;Fresh Bakery;Fresh Sweet Treats;335;3.6;null;16.5;15.3;7.3;1.9;0.3;
268577766;Mini Sugared Doughnut 18 Pack;£1.00;£0.06/each;Fresh Bakery;Fresh Sweet Treats;354;5.8;null;22.0;14.1;5.8;2.0;0.4;
286715189;Salted Caramel Doughnut Twin Pack;£1.00;£0.50/each;Fresh Bakery;Fresh Sweet Treats;304;6.9;null;18.1;9.7;4.7;2.9;0.7;
256859784;Cherry Pie;£1.00;£1.00/each;Fresh Bakery;Fresh Sweet Treats;273;2.6;null;16.7;11.3;3.9;1.8;0.2;
268596626;Strawberry Iced Ring Doughnut;£0.60;£0.60/each;Fresh Bakery;Fresh Sweet Treats;381;6.1;null;25.3;17.4;8.3;2.9;0.4;
283052551;Milkshake Doughnut 15Pk;£1.00;£1.00/each;Fresh Bakery;Fresh Sweet Treats;399;4.9;null;27.3;18.7;9.8;1.4;0.4;
255530621;Mini Chocolate Doughnut 18 Pack;£1.00;£0.06/each;Fresh Bakery;Fresh Sweet Treats;430;4.8;null;22.9;23.9;12.3;2.1;0.4;
256859922;Bramley Apple Pie;£1.00;£1.00/each;Fresh Bakery;Fresh Sweet Treats;267;2.5;null;16.4;10.7;3.6;2.1;0.3;
254735283;Rhubarb Pie;£1.00;£1.00/each;Fresh Bakery;Fresh Sweet Treats;263;2.6;null;14.9;11.0;3.8;2.6;0.3;
285592150;Tesco Chocolate Mini Doughnut Bites 15Pk;£1.00;£0.07/each;Fresh Bakery;Fresh Sweet Treats;359;5.9;null;21.7;15.3;7.4;2.7;0.4;
255964263;Bakewell Tart 2 Pack;£1.00;£0.50/each;Fresh Bakery;Fresh Sweet Treats;401;6.1;null;27.0;16.9;7.0;1.8;0.4;
286715120;Red Velvet Doughnut Twin Pack;£1.00;£0.50/each;Fresh Bakery;Fresh Sweet Treats;299;6.9;null;18.1;9.1;4.4;2.9;0.7;
268564019;All Butter Clotted Cream Fruit Scones 4 Pack;£1.00;£0.25/each;Fresh Bakery;Fresh Tea Cakes & Scones;310;6.5;null;24.0;8.9;5.7;2.9;0.9;
283293812;Finest All Butter Sultana Rock Scone 2 Pack;£1.00;£0.50/each;Fresh Bakery;Fresh Tea Cakes & Scones;334;5.3;null;27.3;9.5;4.1;2.5;0.8;
268564060;All Butter Clotted Cream Scones 4 Pack;£1.00;£0.25/each;Fresh Bakery;Fresh Tea Cakes & Scones;326;7.2;null;13.5;10.6;6.9;2.3;0.9;
254526058;Crusty White Farmhouse Loaf 400G;£0.70;£0.18/100g;Fresh Bakery;Fresh White Bread;259;9.4;null;3.9;1.2;0.3;3.3;1.0;
255809114;Crusty White Bloomer 800G;£1.00;£0.13/100g;Fresh Bakery;Fresh White Bread;261;9.4;null;4.5;1.4;0.3;3.1;1.0;
268592475;Tiger Cheese Bloomer 800G;£1.00;£0.13/100g;Fresh Bakery;Fresh White Bread;254;9.7;null;2.9;3.1;1.6;2.4;0.9;
253078439;Tiger Bloomer 800G;£1.00;£0.13/100g;Fresh Bakery;Fresh White Bread;607;94.0;null;4.5;2.9;0.5;3.4;1.0;
264335107;Poppy Seed Bloomer 800G;£1.00;£0.13/100g;Fresh Bakery;Fresh White Bread;272;10.0;null;3.0;1.5;0.3;3.3;0.9;
258081588;Crusty White Farmhouse Loaf Sliced 400G;£0.70;£0.18/100g;Fresh Bakery;Fresh White Bread;259;9.4;null;3.9;1.2;0.3;3.3;1.0;
258397693;Crusty White Bloomer Sliced 400G;£0.70;£0.18/100g;Fresh Bakery;Fresh White Bread;264;9.7;null;4.7;1.5;0.4;3.1;1.0;
250759508;Crusty White Farmhouse Loaf Sliced 800G;£1.00;£0.13/100g;Fresh Bakery;Fresh White Bread;259;9.4;null;3.9;1.2;0.3;3.3;1.0;
258081283;Crusty White Bloomer Sliced 800G;£1.00;£0.13/100g;Fresh Bakery;Fresh White Bread;261;9.4;null;4.5;1.4;0.3;3.1;1.0;
250675630;Tesco Organic White Bloomer 400G;£0.80;£0.20/100g;Fresh Bakery;Fresh White Bread;277;8.0;null;2.5;1.0;0.2;3.1;0.9;
255809310;Crusty White Split Tin Sliced 800G;£1.00;£0.13/100g;Fresh Bakery;Fresh White Bread;268;9.4;null;4.1;1.5;0.3;3.3;1.0;
257798865;Crusty White Split Tin 400G;£0.70;£0.18/100g;Fresh Bakery;Fresh White Bread;268;9.4;null;4.1;1.5;0.3;3.3;1.0;
255809172;Crusty White Sandwich Loaf 800G;£1.00;£0.13/100g;Fresh Bakery;Fresh White Bread;254;9.2;null;4.0;1.2;0.2;3.2;1.0;
259719928;Salt And Pepper Bloomer 800G;£1.00;£0.13/100g;Fresh Bakery;Fresh White Bread;273;9.8;null;2.9;1.5;0.4;3.0;1.3;
255809143;Crusty White Split Tin 800G;£1.00;£0.13/100g;Fresh Bakery;Fresh White Bread;268;9.4;null;4.1;1.5;0.3;3.3;1.0;
258081507;Crusty White Sandwich Loaf Sliced 800G;£1.00;£0.13/100g;Fresh Bakery;Fresh White Bread;254;9.2;null;4.0;1.2;0.2;3.2;1.0;
253078451;Tiger Bloomer 400G;£0.70;£0.18/100g;Fresh Bakery;Fresh White Bread;607;94.0;null;4.5;2.9;0.5;3.4;1.0;
255809195;Crusty White Bloomer 400G;£0.70;£0.18/100g;Fresh Bakery;Fresh White Bread;264;9.7;null;4.7;1.5;0.4;3.1;1.0;
257989991;Crusty White Split Tin Sliced 400G;£0.70;£0.18/100g;Fresh Bakery;Fresh White Bread;268;9.4;null;4.1;1.5;0.3;3.3;1.0;
259720085;Salt And Pepper Bloomer Sliced 800G;£1.00;£0.13/100g;Fresh Bakery;Fresh White Bread;273;9.8;null;2.9;1.5;0.4;3.0;0.4;
263240693;Tiger Loaf Sliced 400G;£0.70;£0.18/100g;Fresh Bakery;Fresh White Bread;261;9.5;null;4.5;2.6;0.5;2.8;0.9;
256334800;Tiger Loaf Sliced 800G;£1.00;£0.13/100g;Fresh Bakery;Fresh White Bread;269;9.4;null;4.5;2.9;0.5;3.4;1.0;
255809189;White Farmhouse 800G;£1.00;£0.13/100g;Fresh Bakery;Fresh White Bread;259;9.4;null;3.9;1.2;0.3;3.3;1.0;
262712724;Weight Watchers Petit Pain 4 Pack;£1.00;£0.25/each;Part Baked Bread;Part Baked Bread;null;6.8;null;null;0.9;null;6.8;0.9;
262982893;Tesco Everyday Value 2 Pack Part Baked Baguette;£0.45;£0.23/each;Part Baked Bread;Part Baked Bread;289;8.6;null;4.5;1.2;0.2;3.5;1.3;
268904309;Tesco Bake At Home Brown Seeded Baguettes 2 Pack;£0.92;£0.46/each;Part Baked Bread;Part Baked Bread;321;9.9;null;5.1;3.2;0.4;5.6;1.2;
254682839;Tesco 12 Homebake Petit Pains;£2.00;£0.17/each;Part Baked Bread;Part Baked Bread;289;8.6;null;4.5;1.2;0.2;3.5;1.3;
268904407;Tesco Bake At Home Brown Seeded Rolls 6 Pack;£1.00;£0.17/each;Part Baked Bread;Part Baked Bread;321;9.9;null;5.1;3.2;0.4;5.6;1.2;
254682966;Tesco 4 Homebake Baguettes;£2.00;£0.50/each;Part Baked Bread;Part Baked Bread;289;8.6;null;4.5;1.2;0.2;3.5;1.3;
253551789;Tesco 2 Homebake Baguettes;£1.20;£0.60/each;Part Baked Bread;Part Baked Bread;289;8.6;null;4.5;1.2;0.2;3.5;1.3;
284884716;Tesco Bake At Home Ciabatta;£1.00;£1.00/each;Part Baked Bread;Part Baked Bread;null;null;null;null;null;null;null;null;
281787744;New York Bakery Plain Mini Bagels 8 Pack;£1.60;£0.20/each;Bread Rolls & Bagels;Bagels;1080kJ 486kJ;10.3;48.9;null;1.3;null;3.1;0.8;
286767490;New York Bakery Roasted Garlic And Herb Bagel 4 Pack;£1.60;£0.40/each;Bread Rolls & Bagels;Bagels;1087kJ 978kJ;10.3;null;null;1.3;null;3.4;0.7;
268004902;New York Bakery Wholemeal Bagels 5 Pack;£1.60;£0.32/each;Bread Rolls & Bagels;Bagels;248;11.9;null;null;2.5;null;7.1;0.9;
257519673;Tesco 5 Cinnamon And Raisin Bagels;£1.20;£0.24/each;Bread Rolls & Bagels;Bagels;270;10.4;null;9.5;1.7;0.2;3.8;0.7;
256592522;New York Bakery Sesame Bagels 5 Pack;£1.60;£0.32/each;Bread Rolls & Bagels;Bagels;1125kJ 1010kJ;10.5;null;null;2.9;null;4.4;0.8;
253829047;New York Bakery Cinnamon And Raisin Bagels 5 Pack;£1.60;£0.32/each;Bread Rolls & Bagels;Bagels;1115kJ 1005kJ;10.5;null;null;1.6;null;3.5;0.8;
276945980;New York Bakery Red Onion And Chive 4 Pack;£1.60;£0.40/each;Bread Rolls & Bagels;Bagels;1060kJ 950kJ;10.4;null;null;1.3;null;3.8;0.9;
257519598;Tesco Original Bagels 5 Pack;£1.20;£0.24/each;Bread Rolls & Bagels;Bagels;264;10.7;null;5.4;1.8;0.2;3.1;0.8;
250774576;New York Bakery Plain Bagels 5 Pack;£1.60;£0.32/each;Bread Rolls & Bagels;Bagels;1080kJ 970kJ;10.3;null;null;1.3;null;3.1;0.8;
266991766;Weight Watchers Bagels 5 Pack;£1.40;£0.28/each;Bread Rolls & Bagels;Bagels;null;11.2;null;null;2.3;null;7.8;0.3;
262712724;Weight Watchers Petit Pain 4 Pack;£1.00;£0.25/each;Bread Rolls & Bagels;Bread Rolls;null;6.8;null;null;0.9;null;6.8;0.9;
278065854;Kingsmill 6 Soft White Rolls;£1.00;£0.17/each;Bread Rolls & Bagels;Bread Rolls;270 ;8.1;null;null;4.5;null;2.7;1.00;
278066254;Kingsmill 6 Tasty Wholemeal Rolls;£1.00;£0.17/each;Bread Rolls & Bagels;Bread Rolls;245 ;10.6;null;null;3.8;null;6.5;0.93;
278065445;Kingsmill Great Everyday 50/50 Rolls 6 Pack;£1.00;£0.17/each;Bread Rolls & Bagels;Bread Rolls;245 ;9.3;null;null;3.8;null;4.4;1.00;
254944968;Tesco 6 Wholemeal Rolls;£0.80;£0.13/each;Bread Rolls & Bagels;Bread Rolls;242;10.4;null;5.0;3.3;1.3;5.6;0.7;
282539162;Tesco 4 White Mini Sub Rolls;£1.00;£0.25/each;Bread Rolls & Bagels;Bread Rolls;265;10.1;null;4.2;3.6;1.5;3.5;0.8;
251710461;Tesco 4 Oven Bottom Muffins;£0.65;£0.16/each;Bread Rolls & Bagels;Bread Rolls;281;10.2;null;3.6;3.8;0.8;2.8;0.8;
268003074;Warburtons Sliced Rolls 8 Pack;£1.00;£0.13/each;Bread Rolls & Bagels;Bread Rolls;1108kJ 609kJ 8400kJ;9.7;null;null;4.5;null;2.4;1.00;
277467812;Tesco 6 Roll Selection;£1.65;£6.60/kg;Bread Rolls & Bagels;Bread Rolls;242;10.4;null;5.0;3.3;1.3;5.6;0.7;
250915629;Warburtons 12 Sliced Sandwich Rolls;£1.40;£0.12/each;Bread Rolls & Bagels;Bread Rolls;1108kJ 609kJ 8400kJ;9.7;null;null;4.5;null;2.4;1.00;
259093054;Tesco 4 Cheese Topped Baps;null;null;Bread Rolls & Bagels;Bread Rolls;293;11.3;null;1.5;7.4;3.4;2.8;1.0;
256627241;Tesco 4 Wholemeal Baps;£0.65;£0.16/each;Bread Rolls & Bagels;Bread Rolls;242;10.3;null;3.8;3.6;1.4;5.6;0.8;
268286763;Tesco Finest White Rolls 4 Pack;£1.30;£0.33/each;Bread Rolls & Bagels;Bread Rolls;252;9.1;null;5.1;3.5;1.3;2.3;0.9;
251807007;Tesco 6 White Rolls;£0.65;£0.11/each;Bread Rolls & Bagels;Bread Rolls;258;9.1;null;5.1;3.6;1.4;3.0;0.7;
282539254;Tesco 4 Wholemeal Mini Sub Rolls;£1.00;£0.25/each;Bread Rolls & Bagels;Bread Rolls;264;11.5;null;4.2;3.9;1.6;5.4;0.9;
265433237;Tesco Finest 4 Wholemeal Rolls;£1.30;£0.33/each;Bread Rolls & Bagels;Bread Rolls;243;11.3;null;3.1;3.4;1.6;5.9;1.0;
277467754;Tesco Finest Seeded Rolls 4 Pack;£2.00;£1.67/100g;Bread Rolls & Bagels;Bread Rolls;301;12.3;null;3.2;11.8;1.6;7.8;0.8;
262203117;Warburtons 6 Sliced Sandwich Rolls;£0.85;£0.14/each;Bread Rolls & Bagels;Bread Rolls;1108kJ 609kJ 8400kJ;9.7;null;null;4.5;null;2.4;1.00;
253728397;Tesco 4 Oat Top Wholemeal Deli Rolls;£0.90;£0.23/each;Bread Rolls & Bagels;Bread Rolls;258;10.9;null;5.1;5.3;2.0;6.7;0.7;
255650611;Tesco 4 Mixed Seed Deli Rolls;£0.90;£0.23/each;Bread Rolls & Bagels;Bread Rolls;283;10.1;null;4.9;4.5;1.2;5.8;0.9;
254944571;Tesco 6 White Finger Rolls;£3.00;£4.41/kg;Bread Rolls & Bagels;Bread Rolls;248;8.4;null;3.7;2.9;1.1;2.7;0.8;
276686548;Warburtons Half And Half 8 Rolls;£1.00;£0.13/each;Bread Rolls & Bagels;Bread Rolls;1100kJ 605kJ 8400kJ;10.4;null;null;4.5;null;4.0;0.98;
251933448;Tesco 4 Seeded Burger Buns;£0.65;£0.16/each;Bread Rolls & Bagels;Bread Rolls;267;9.5;null;3.9;3.6;1.3;2.9;0.7;
268283743;Warburtons Hot Dog Rolls X 6;£1.00;£0.17/each;Bread Rolls & Bagels;Bread Rolls;1155kJ 635kJ 8400kJ;10.4;null;null;4.3;null;2.3;0.93;
255231572;Tesco 4 White Baps;£0.65;£0.16/each;Bread Rolls & Bagels;Bread Rolls;259;10.4;null;3.7;3.9;2.0;3.0;0.8;
251818288;Tesco 6 Soft White Hot Dog Rolls;£0.80;£0.13/each;Bread Rolls & Bagels;Bread Rolls;254;9.0;null;3.4;3.6;1.4;1.9;0.8;
282539421;Tesco 6 Seeded Burger Buns;null;null;Bread Rolls & Bagels;Bread Rolls;271;9.6;null;4.5;5.1;1.9;4.0;0.7;
268284080;Warburtons Seeded Burger Buns X 6;£1.00;£0.17/each;Bread Rolls & Bagels;Bread Rolls;1046kJ 627kJ 8400kJ;9.0;null;null;6.5;null;2.0;0.90;
263343197;Tesco 6 Garlic And Coriander Mini Naan Bread;£1.00;£0.17/each;Wraps, Pitta, Naan & Thins;Naan;286;7.6;null;4.1;5.7;1.3;2.5;0.8;
282669422;Tesco Plain Mini Naan 6 X 60G;£1.00;£0.17/each;Wraps, Pitta, Naan & Thins;Naan;291;7.7;null;3.9;6.5;1.3;2.4;0.8;
260995783;Tesco Finest Peshwari Naan Bread 2 Pack;£1.50;£0.75/each;Wraps, Pitta, Naan & Thins;Naan;295;6.7;null;12.4;8.0;4.9;3.4;0.6;
262959386;Tesco Finest 2 Garlic And Coriander Naan Bread;£1.50;£0.75/each;Wraps, Pitta, Naan & Thins;Naan;308;7.1;null;1.6;11.5;2.5;3.0;0.6;
258012372;Tesco Finest Plain Naan Bread 2 Pack;£1.50;£0.75/each;Wraps, Pitta, Naan & Thins;Naan;318;6.8;null;1.8;12.8;4.0;2.3;0.9;
282665340;Tesco Mini Peshwari Naan 6 X 60G;£1.00;£0.28/100g;Wraps, Pitta, Naan & Thins;Naan;311;8.2;null;4.2;8.8;1.3;4.0;0.9;
263343358;Tesco 6 Light Choices Mini Naan Bread;£1.00;£0.17/each;Wraps, Pitta, Naan & Thins;Naan;248;7.7;null;2.6;2.5;0.2;2.7;0.8;
257024152;Tesco 10 Mini White Pitta Bread;£1.00;£0.10/each;Wraps, Pitta, Naan & Thins;Pitta;251;8.9;null;1.5;0.9;0.2;3.1;0.4;
285694726;Tesco 5 White Pitta Squares;£0.70;£0.14/each;Wraps, Pitta, Naan & Thins;Pitta;265;10.0;null;2.0;1.1;0.2;2.8;0.7;
254945564;Tesco 6 White Pitta Bread;£0.50;£0.08/each;Wraps, Pitta, Naan & Thins;Pitta;251;8.9;null;1.5;0.9;0.2;3.1;0.4;
250064380;Tesco Everyday Value 6 White Pitta Bread;£0.30;£0.05/each;Wraps, Pitta, Naan & Thins;Pitta;265;7.8;null;2.8;1.1;0.1;2.5;null;
254945610;Tesco 6 Wholemeal Pitta Bread;£0.50;£0.08/each;Wraps, Pitta, Naan & Thins;Pitta;240;9.5;null;2.5;1.2;0.3;6.4;0.5;
285694818;Tesco 5 Mediterranean Pitta Squares;£0.70;£0.14/each;Wraps, Pitta, Naan & Thins;Pitta;254;9.4;null;1.5;0.9;0.2;2.9;0.6;
285694784;Tesco 5 Wholemeal Pitta Squares;£0.70;£0.14/each;Wraps, Pitta, Naan & Thins;Pitta;249;9.7;null;1.8;1.5;0.3;8.0;0.5;
259288008;Tesco Large Wholemeal Pitta Bread 6 Pack;£1.00;£0.17/each;Wraps, Pitta, Naan & Thins;Pitta;240;9.5;null;2.5;1.2;0.3;6.4;0.5;
260219494;Tesco 6 Large White Pitta Bread;£1.00;£0.17/each;Wraps, Pitta, Naan & Thins;Pitta;251;8.9;null;1.5;0.9;0.2;3.1;0.4;
259288423;Tesco 10 Mini Wholemeal Pitta;£1.00;£0.10/each;Wraps, Pitta, Naan & Thins;Pitta;240;9.5;null;2.5;1.2;0.3;6.4;0.5;
285529221;Kingsmill Sandwich Thins 5050 6 Pack;£1.00;£0.17/each;Wraps, Pitta, Naan & Thins;Sandwich Thins;266 ;10.6;null;null;2.8;null;5.2;0.99;
282538105;Warburtons Seeded Sandwich Thins 6 Pack;£3.50;£0.78/100g;Wraps, Pitta, Naan & Thins;Sandwich Thins;1001kJ 420kJ 8400kJ;9.8;null;null;4.0;null;4.5;0.98;
282693686;Tesco Wholemeal Sandwich Thins 6 Pack;£1.00;£0.17/each;Wraps, Pitta, Naan & Thins;Sandwich Thins;265;13.8;null;4.0;3.0;0.5;7.6;1.2;
282693778;Tesco White Sandwich Thins 6 Pack;£1.00;£0.17/each;Wraps, Pitta, Naan & Thins;Sandwich Thins;279;10.5;null;3.4;1.7;0.3;2.5;1.3;
268319311;Warburtons Sandwich Thins 6 Pack;£1.20;£0.20/each;Wraps, Pitta, Naan & Thins;Sandwich Thins;null;9.2;null;null;2.5;null;3.8;0.98;
285529152;Kingsmill Sandwich Thins White 6 Pack;£1.00;£0.17/each;Wraps, Pitta, Naan & Thins;Sandwich Thins;266 ;9.4;null;null;2.5;null;3.0;0.99;
273349129;Warburtons 6 Brown Sandwich Thins;£1.20;£0.20/each;Wraps, Pitta, Naan & Thins;Sandwich Thins;1001kJ 420kJ 8400kJ;9.9;null;null;2.6;null;4.8;0.98;
279846274;Warburtons Half And Half Sandwich Thins 6 Pack;£1.20;£0.20/each;Wraps, Pitta, Naan & Thins;Sandwich Thins;1001kJ 420kJ 8400kJ;10.1;null;null;2.5;null;4.5;0.90;
282978989;Tesco 6 Multiseed Sandwich Thins;£1.00;£0.17/each;Wraps, Pitta, Naan & Thins;Sandwich Thins;285;12.7;null;3.2;4.9;0.8;6.0;1.0;
279448636;Mission Deli. Mini Wrap Original 6 Pack;£1.00;£0.17/each;Wraps, Pitta, Naan & Thins;Wraps;1261 kJ 391 kJ 8400kJ/ 391 kJ 5%;7.6;null;null;null;null;2.7;1.44;
263343750;Tesco 8 Seeded Tortilla Wraps;£0.95;£0.12/each;Wraps, Pitta, Naan & Thins;Wraps;290;8.6;null;2.8;6.3;2.3;4.4;1.0;
285725363;Mission Deli. Wraps Wholemeal 8 Pack;£1.70;£0.21/each;Wraps, Pitta, Naan & Thins;Wraps;1228 kJ 752 kJ 8400kJ/ 752kJ/ 9%;8.4;null;null;null;null;8.8;1.38;
286715707;Kingsmill Wholemeal Sandwich Thins 6 Pack;£1.00;£0.17/each;Wraps, Pitta, Naan & Thins;Wraps;240;10.1;null;null;3.0;null;7.1;0.89;
281069137;Tesco Healthy Living Whole And White Wraps 8Pk;£0.95;£0.12/each;Wraps, Pitta, Naan & Thins;Wraps;284;8.5;null;3.5;2.7;0.8;4.5;0.9;
282669232;Tesco Mini Tortilla Wraps 10 Pack;£1.00;£0.10/each;Wraps, Pitta, Naan & Thins;Wraps;284;8.2;null;2.2;5.0;2.2;3.7;1.0;
268004113;Mission Deli. Mini Wrap - Wheat And White;£1.00;£0.17/each;Wraps, Pitta, Naan & Thins;Wraps;1215kJ 377kJ 8400kJ/ 377 kJ 4%;7.5;null;null;null;null;5.6;1.38;
280034232;Kingsmill White Wraps 6 Pack;£1.00;£0.17/each;Wraps, Pitta, Naan & Thins;Wraps;316 ;8.7;null;null;7.1;null;2.9;1.00;
260274866;Mission Deli. Wrap Wheat And White 8 Pack;£1.70;£0.21/each;Wraps, Pitta, Naan & Thins;Wraps;1215 kJ 774 kJ 8400kJ/ 744kJ/ 9%;7.5;null;null;null;null;5.6;1.38;
273349106;Warburtons 6 Brown Square Wraps;£1.40;£0.23/each;Wraps, Pitta, Naan & Thins;Wraps;1217kJ 791kJ 8400kJ;12.4;null;null;4.0;null;3.6;0.98;
260274853;Mission Deli. Wrap Original 8 Pack;£1.70;£0.21/each;Wraps, Pitta, Naan & Thins;Wraps;1261 kJ 772 kJ 8400kJ/ 772kJ/ 9%;7.6;null;null;null;null;2.7;1.44;
282693663;Tesco Sweet Chilli Tortilla 8Pk;£1.00;£0.13/each;Wraps, Pitta, Naan & Thins;Wraps;288;7.4;null;4.3;4.5;2.1;2.7;1.0;
268474006;Kingsmill 5050 Wraps 6 Pack;£1.00;£0.17/each;Wraps, Pitta, Naan & Thins;Wraps;295 ;9.1;null;null;7.1;null;6.3;1.00;
285769512;Weight Watchers Wholemeal And White Wraps 6 Pack;£1.40;£0.23/each;Wraps, Pitta, Naan & Thins;Wraps;null;6.7;null;null;1.8;null;10.6;0.85;
282693824;Tesco Mediterranean Herb Tortillas 8 Pack;£1.00;£0.13/each;Wraps, Pitta, Naan & Thins;Wraps;282;7.5;null;2.6;4.5;2.1;5.1;0.9;
267327464;Warburtons 6 Square Wraps;£1.40;£0.23/each;Wraps, Pitta, Naan & Thins;Wraps;1025kJ 666kJ 8400kJ;12.4;null;null;3.9;null;2.1;0.98;
262712822;Weight Watchers Wraps 6 Pack;£1.40;£0.23/each;Wraps, Pitta, Naan & Thins;Wraps;null;7.1;null;null;1.0;null;6.7;0.8;
266722124;Weight Watchers Pitta 6 Pack;£1.00;£0.17/each;Wraps, Pitta, Naan & Thins;Wraps;null;9.2;null;null;1.2;null;7.8;0.56;
261092202;Tesco 8 Plain Tortilla Wraps;£0.95;£0.12/each;Wraps, Pitta, Naan & Thins;Wraps;284;8.2;null;2.2;5.0;2.2;3.7;1.0;
260274824;Mission Deli. Wrap Mediterranean Herb 8 Pack;£1.70;£0.21/each;Wraps, Pitta, Naan & Thins;Wraps;1260 kJ 771 kJ 8400kJ/ 771kJ/ 9%;7.6;null;null;null;null;3.0;1.36;
268865821;Tesco Everyday Value Crumpets 6 Pack;£0.37;£0.06/each;Crumpets, Muffins & Pancakes;Crumpets;188;6.0;null;3.0;0.9;0.2;2.9;1.1;
282924466;Kingsmill Square Crumpets 6 Pack;£1.00;£0.17/each;Crumpets, Muffins & Pancakes;Crumpets;188 ;5.8;null;null;0.7;null;2.0;1.18;
282669065;Tesco 9 Extra Thick Crumpets;£0.72;£0.08/each;Crumpets, Muffins & Pancakes;Crumpets;181;6.2;null;4.9;0.7;0.1;1.5;0.9;
252846644;Warburtons Crumpets 6 Pack;£0.68;£0.11/each;Crumpets, Muffins & Pancakes;Crumpets;753kJ 414kJ 8400kJ;5.6;null;null;0.7;null;2.3;1.48;
276930012;Kingsmill Scrumptious Crumpets 6 Pack;£0.75;£0.13/each;Crumpets, Muffins & Pancakes;Crumpets;189 ;5.8;null;null;1.0;null;2.0;1.25;
277550984;Tesco Extra Thick Crumpets 6 Pack;£0.59;£0.10/each;Crumpets, Muffins & Pancakes;Crumpets;181;6.2;null;4.9;0.7;0.1;1.5;0.9;
250653092;Tesco White Muffins 6 Pack;£0.80;£0.13/each;Crumpets, Muffins & Pancakes;Breakfast Muffins;219;8.4;null;4.4;1.5;0.5;2.7;1.0;
279843456;Tesco Finest 4 All Butter Toasting Muffins;£1.50;£0.38/each;Crumpets, Muffins & Pancakes;Breakfast Muffins;296;9.4;null;2.8;9.4;5.8;2.9;1.0;
276930029;Kingsmill Magnificent Muffins 4Pack;£0.75;£0.19/each;Crumpets, Muffins & Pancakes;Breakfast Muffins;222 ;9.7;null;null;1.8;null;2.6;1.13;
279843646;Tesco Healthy Living Whole And White English Muffins 4 Pack;null;null;Crumpets, Muffins & Pancakes;Breakfast Muffins;243;10.7;null;2.2;1.8;0.6;4.1;0.8;
279843502;Tesco Finest Cheese And Pepper Toasting Muffins 4 Pack;null;null;Crumpets, Muffins & Pancakes;Breakfast Muffins;278;13.1;null;1.6;7.7;4.6;3.0;0.8;
255735878;Rankin Irish Potato Farls 4 Pack;£1.00;£0.17/each;Crumpets, Muffins & Pancakes;Potato Cakes, Farls & Wheaten;777 kJ 466 kJ;2.3;null;null;3.6;null;2.5;1.0;
254554180;Rankin Irish Soda Farl 2S;£1.00;£0.50/each;Crumpets, Muffins & Pancakes;Potato Cakes, Farls & Wheaten;956 kJ 688 kJ;6.7;null;null;2.9;null;2.3;1.2;
258326058;Tesco 6 Potato Cakes;null;null;Crumpets, Muffins & Pancakes;Potato Cakes, Farls & Wheaten;207;3.9;null;8.5;3.3;0.3;3.2;1.0;
254553250;Rankin Irish Brown Soda 400G;£1.00;£0.25/100g;Crumpets, Muffins & Pancakes;Potato Cakes, Farls & Wheaten;865 kJ 346 kJ;9.4;null;null;3.2;null;5.8;1.0;
251250935;Warburtons Potato Cakes 6 Pack;£0.75;£0.13/each;Crumpets, Muffins & Pancakes;Potato Cakes, Farls & Wheaten;1091kJ 584kJ 8400kJ;4.7;null;null;10.1;null;3.5;1.98;
276930058;Kingsmill Perfect Pancakes 6Pack;£0.75;£0.13/each;Crumpets, Muffins & Pancakes;Pancakes;267 ;5.5;null;null;4.2;null;1.5;1.25;
250060637;Tesco 8 Scotch Pancakes;£0.70;£0.09/each;Crumpets, Muffins & Pancakes;Pancakes;256;5.1;null;18.7;5.7;0.6;1.2;1.0;
250060689;Tesco 8 Lemon And Raisin Pancakes;£0.70;£0.09/each;Crumpets, Muffins & Pancakes;Pancakes;281;5.3;null;28.1;5.9;0.9;2.1;0.8;
286226825;Tesco Sourdough Crumpets 6 Pack;£0.75;£0.13/each;Crumpets, Muffins & Pancakes;Pancakes;169;6.1;null;1.2;0.6;0.1;1.4;1.3;
282693640;Tesco Large American Blueberry Pancakes;£1.00;£0.25/each;Crumpets, Muffins & Pancakes;Pancakes;274;4.7;null;23.4;6.1;0.5;1.7;0.8;
258296697;Tesco 8 Large Pancakes;£1.00;£0.13/each;Crumpets, Muffins & Pancakes;Pancakes;288;5.7;null;16.8;12.1;1.3;1.6;0.5;
251250935;Warburtons Potato Cakes 6 Pack;£0.75;£0.13/each;Crumpets, Muffins & Pancakes;Pancakes;1091kJ 584kJ 8400kJ;4.7;null;null;10.1;null;3.5;1.98;
282669330;Tesco 4 Large American Toffee Pancakes;£1.00;£0.25/each;Crumpets, Muffins & Pancakes;Pancakes;255;5.1;null;16.0;6.4;1.2;1.8;0.9;
254554180;Rankin Irish Soda Farl 2S;£1.00;£0.50/each;Crumpets, Muffins & Pancakes;Pancakes;956 kJ 688 kJ;6.7;null;null;2.9;null;2.3;1.2;
262550961;Tesco Chocolate Filled Crepes 8Pk;£1.50;£0.19/each;Crumpets, Muffins & Pancakes;Pancakes;462;6.5;null;42.1;20.1;4.9;1.8;0.8;
282669163;Tesco Large American Apple And Cinnamon Pancakes;£1.00;£0.25/each;Crumpets, Muffins & Pancakes;Pancakes;249;4.9;null;16.2;6.0;0.9;1.4;0.9;
282693712;Tesco 4 Large American Maple Syrup Pancakes;£1.00;£0.25/each;Crumpets, Muffins & Pancakes;Pancakes;267;5.4;null;17.7;6.3;0.6;1.4;0.8;
258326058;Tesco 6 Potato Cakes;null;null;Crumpets, Muffins & Pancakes;Pancakes;207;3.9;null;8.5;3.3;0.3;3.2;1.0;
280108520;Tesco Belgian Liege Sugar Waffles X4;£1.00;£0.25/each;Crumpets, Muffins & Pancakes;Waffles;445;4.9;null;28.4;22.3;9.1;2.5;0.6;
250810338;Mcvities Toasting Waffles 8 Pack;£1.20;£0.15/each;Crumpets, Muffins & Pancakes;Waffles;null;5.7;null;null;25.5;null;0.8;0.73;
284358263;Kingsmill Love To Toast Waffles 6Pack;£0.80;£0.13/each;Crumpets, Muffins & Pancakes;Waffles;467 ;5.9;null;null;25.8;null;1.4;0.75;
259405827;Cafe Continental 6 All Butter Croissants;£1.19;£0.20/each;Croissants, Brioche & Pain au Chocolat;Croissants;373;6.0;null;5.9;16.1;7.5;1.8;0.9;
282649204;Tesco Finest Dark Chocolate Orange Croissants 2 Pack;£2.20;£1.76/100g;Croissants, Brioche & Pain au Chocolat;Croissants;367;6.5;null;15.0;19.1;12.3;1.8;0.6;
254945512;Tesco 8 All Butter Croissants;£1.75;£0.22/each;Croissants, Brioche & Pain au Chocolat;Croissants;388;8.4;null;6.9;19.1;12.0;2.9;0.8;
285300347;Tesco Bites Cheese 6 Pack;null;null;Croissants, Brioche & Pain au Chocolat;Croissants;399;10.7;null;4.4;21.7;12.5;2.4;0.9;
257005808;Tesco Finest All Butter Croissants 4 Pack;£2.00;£0.50/each;Croissants, Brioche & Pain au Chocolat;Croissants;453;7.9;null;6.1;28.2;17.0;2.5;0.8;
253915112;Tesco 12 Mini Croissants;£2.00;£0.17/each;Croissants, Brioche & Pain au Chocolat;Croissants;388;8.4;null;6.9;19.1;12.0;2.9;0.8;
285300157;Tesco Bakery Breakfast Minis 6 Pack;null;null;Croissants, Brioche & Pain au Chocolat;Croissants;346;6.4;null;14.7;14.7;8.4;2.0;0.7;
255778823;Tesco 4 All Butter Croissants;£1.00;£0.25/each;Croissants, Brioche & Pain au Chocolat;Croissants;388;8.4;null;6.9;19.1;12.0;2.9;0.8;
266543007;Tesco Finest Belgian Chocolate Briochettes 6 Pack;£1.90;£0.32/each;Croissants, Brioche & Pain au Chocolat;Brioche;360;7.7;null;16.0;13.9;9.2;2.4;0.8;
265169072;Brioche Pasquier 6 Pains Au Chocolate;£1.00;£0.17/each;Croissants, Brioche & Pain au Chocolat;Brioche;430;6.8;null;null;23.8;null;2.2;0.95;
272652543;Pitch Chocolate Chip 6 Pack;£1.70;£0.28/each;Croissants, Brioche & Pain au Chocolat;Brioche;1510 kJ 559 kJ -;7.5;null;18.2;14.2;3.6;5.6;0.96;
271832044;Tesco Finest Brioche Loaf 400G;£2.00;£0.50/100g;Croissants, Brioche & Pain au Chocolat;Brioche;371;8.1;null;12.2;14.1;8.5;2.2;0.8;
254041395;Cafe Continental 10 Chocolate Chip Brioche Rolls;£1.25;£0.13/each;Croissants, Brioche & Pain au Chocolat;Brioche;385;7.9;null;18.5;15.6;8.2;2.5;0.8;
251931698;Tesco Brioche Chocolate Chip Rolls 8Pk;£1.40;£0.18/each;Croissants, Brioche & Pain au Chocolat;Brioche;376;8.9;null;20.3;13.5;4.6;2.2;0.8;
277393109;Tesco Choc Chip Brioche Swirls 6 Pack;£1.50;£0.25/each;Croissants, Brioche & Pain au Chocolat;Brioche;301;7.2;null;18.8;8.1;2.5;1.9;0.7;
287570910;Brioche Pasquier Butter Croissant 8 Pack;£1.00;£0.13/each;Croissants, Brioche & Pain au Chocolat;Brioche;null;null;null;null;null;null;null;null;
251931548;Tesco Butter Brioche Rolls 8Pk;£1.40;£0.18/each;Croissants, Brioche & Pain au Chocolat;Brioche;355;8.8;null;14.0;11.4;5.5;2.0;1.0;
259406089;Cafe Continental 10 Milk Brioche Rolls;£1.25;£0.13/each;Croissants, Brioche & Pain au Chocolat;Brioche;358;7.5;null;11.8;12.9;6.3;2.2;1.1;
272652497;Pitch Chocolate 6 Pack;£1.70;£0.28/each;Croissants, Brioche & Pain au Chocolat;Brioche;1470 kJ 580 kJ -;5.2;null;29.8;11;26;3.2;1.05;
277393224;Tesco Raisin Brioche Swirls 6 Pack;£1.50;£0.25/each;Croissants, Brioche & Pain au Chocolat;Brioche;283;6.5;null;19.0;6.3;1.0;1.6;0.7;
273010979;Tesco Mini Pains Au Chocolate 6 Pack;£1.00;£0.17/each;Croissants, Brioche & Pain au Chocolat;Pain au Chocolat;410;8.2;null;13.3;20.7;12.7;3.1;0.8;
257002345;Tesco 4 Pains Au Chocolate;£1.25;£0.31/each;Croissants, Brioche & Pain au Chocolat;Pain au Chocolat;446;7.5;null;17.2;25.5;15.4;3.3;0.6;
257728984;Tesco Finest 4 Large Teacakes;£1.30;£0.33/each;Tea Cakes, Fruit Loaves & Scones;Tea Cakes;281;7.2;null;19.9;5.7;3.1;3.0;0.6;
259805066;Warburtons Fruit Teacakes 4 Pack;£0.80;£0.20/each;Tea Cakes, Fruit Loaves & Scones;Tea Cakes;1109kJ 693kJ 8400kJ;8.7;null;null;3.0;null;3.2;0.75;
285246935;Tesco Pikelets 6 Pack;£0.80;£0.13/each;Tea Cakes, Fruit Loaves & Scones;Tea Cakes;193;7.0;null;2.9;0.6;0.2;2.0;1.4;
285103517;Haywood And Padgett 8 Cherry And Sultana Scones;£1.00;£0.13/each;Tea Cakes, Fruit Loaves & Scones;Fruit Loaves;367;6.3;64.4;null;9.0;null;1.6;1.5;
286671239;Tesco Finest Apple And Cinnamon Hot Cross Buns 4 Pack;£1.50;£0.38/each;Tea Cakes, Fruit Loaves & Scones;Fruit Loaves;269;7.6;null;16.4;4.5;2.2;2.8;0.5;
275850413;Tesco Finest 6 Welsh Cakes;£1.50;£0.25/each;Tea Cakes, Fruit Loaves & Scones;Fruit Loaves;393;5.9;null;28.1;15.2;9.6;1.1;1.0;
285769823;Soreen Mini Loaves 2 Pack;£0.75;£0.38/each;Tea Cakes, Fruit Loaves & Scones;Fruit Loaves;null;9.2;null;null;2.9;null;4.4;0.6;
285103759;Haywood And Padgett Devon Scones 8 Pack;£1.00;£0.13/each;Tea Cakes, Fruit Loaves & Scones;Fruit Loaves;369;6.7;62.5;null;9.9;null;1.5;1.6;
286748942;6 Beautifully Balanced Hot Cross Buns;£1.00;£0.17/each;Tea Cakes, Fruit Loaves & Scones;Fruit Loaves;265;6.7;null;21.1;3.3;1.0;5.1;0.4;
285103362;Haywood And Padgett 8 Sultana Scones;£1.00;£0.13/each;Tea Cakes, Fruit Loaves & Scones;Fruit Loaves;363;6.3;63.8;null;8.8;null;1.6;1.5;
277901512;Soreen Apple And Sultana Loaf;null;null;Tea Cakes, Fruit Loaves & Scones;Fruit Loaves;1320kJ 343kJ;7.2;null;null;4.0;null;5.0;0.7;
251481581;Soreen Toastie Loaf;£1.30;£1.30/each;Tea Cakes, Fruit Loaves & Scones;Fruit Loaves;1260 kJ 515 kJ;9.6;null;null;4.3;null;5.0;0.6;
267257949;Soreen Banana Loaf;£1.20;£1.20/each;Tea Cakes, Fruit Loaves & Scones;Fruit Loaves;1336kJ 347kJ;7.0;null;null;4.9;null;5.0;0.7;
255985687;Warburtons 400G Raisin Loaf With Cinnamon;£1.08;£0.27/100g;Tea Cakes, Fruit Loaves & Scones;Fruit Loaves;1156kJ 414kJ 8400kJ;7.2;null;null;3.7;null;3.2;0.83;
268005279;Rankin Fruit Loaf;£1.00;£1.00/each;Tea Cakes, Fruit Loaves & Scones;Fruit Loaves;1289 kJ 541 kJ;5.7;null;null;4.6;null;2.6;0.7;
251938134;Soreen Fruity Malt Loaf Large;£1.20;£1.20/each;Tea Cakes, Fruit Loaves & Scones;Fruit Loaves;1282KJ 340KJ;7.1;null;null;2.4;null;3.6;0.71;
254946102;Tesco Sliced Fruit Loaf;£0.85;£0.85/each;Tea Cakes, Fruit Loaves & Scones;Fruit Loaves;279;8.2;null;21.7;4.2;0.7;3.6;0.4;
285769950;Soreen Orange Loaf Large;£1.20;£1.20/each;Tea Cakes, Fruit Loaves & Scones;Fruit Loaves;1370kJ 356kJ;7.1;null;null;4.7;null;4.7;0.6;
252323088;Warburtons Fruit Loaf With Orange 400G;£1.08;£0.27/100g;Tea Cakes, Fruit Loaves & Scones;Fruit Loaves;1115kJ 385kJ 8400kJ;6.8;null;null;3.0;null;3.8;0.85;
251923641;Soreen Fruity Sliced Malt Loaf;£1.30;£1.30/each;Tea Cakes, Fruit Loaves & Scones;Fruit Loaves;1325 kJ 325 kJ;8.6;null;null;2.0;null;3.2;0.6;
256413776;Rankin Irish Barmbrack 480G;£1.00;£0.21/100g;Tea Cakes, Fruit Loaves & Scones;Fruit Loaves;1248 kJ;4.5;null;null;3.4;null;3.2;null;
286672002;Tesco Finest Fudge And Belgian White Chocolate Hot Cross Buns 4Pack;£1.50;£0.38/each;Tea Cakes, Fruit Loaves & Scones;Fruit Loaves;328;8.4;null;13.8;11.1;5.8;2.4;0.7;
253846631;Tesco Finest Cheese Scones 4 Pack;£1.60;£0.40/each;Tea Cakes, Fruit Loaves & Scones;Scones;333;12.7;null;3.1;14.9;9.4;2.0;1.7;
253846591;Tesco Finest Sultana Scones 4 Pack;£1.60;£0.40/each;Tea Cakes, Fruit Loaves & Scones;Scones;359;6.7;null;20.9;12.7;8.0;2.3;1.3;
251945119;Tesco 6 All Butter Scones;£1.00;£0.17/each;Tea Cakes, Fruit Loaves & Scones;Scones;372;8.2;null;18.3;13.7;8.4;0.9;0.9;
285529296;Tesco Finest Hot Cross Scones 4 Pack;£1.60;£0.40/each;Tea Cakes, Fruit Loaves & Scones;Scones;357;6.3;null;30.0;11.0;7.1;1.2;0.8;
251945131;Tesco 6 Sultana Scones;£1.00;£0.17/each;Tea Cakes, Fruit Loaves & Scones;Scones;351;7.7;null;24.5;10.7;6.6;1.7;0.9;
277393023;Tesco Finest All Butter And Cherry Scones 4 Pack;£1.60;£0.40/each;Tea Cakes, Fruit Loaves & Scones;Scones;349;7.1;null;22.9;10.3;6.5;1.9;1.2;
265322645;Tesco Finest All Butter Scones 4 Pack;£1.60;£0.40/each;Tea Cakes, Fruit Loaves & Scones;Scones;369;7.5;null;12.6;15.0;9.6;1.8;1.5;
254946119;Tesco 6 White Hot Cross Buns;£1.00;£0.17/each;Tea Cakes, Fruit Loaves & Scones;Hot Cross Buns;284;7.4;null;21.3;4.7;1.0;3.4;0.5;
261331312;Tesco Finest White Hot Cross Buns 4 Pack;£1.50;£0.38/each;Tea Cakes, Fruit Loaves & Scones;Hot Cross Buns;283;8.9;null;25.1;5.4;2.8;3.1;0.6;
250244000;Tesco 6 Iced Finger Buns;£1.00;£0.17/each;Iced Buns, Muffins & Doughnuts;Iced Buns;338;6.2;null;22.0;9.0;3.6;1.9;0.6;
277468120;Tesco Belgian Bun 2 Pack;£1.20;£0.60/each;Iced Buns, Muffins & Doughnuts;Iced Buns;373;4.3;null;36.3;10.6;4.2;1.8;0.5;
277468258;Tesco Raspberry Iced Finger Buns 6 Pack;£1.50;£0.25/each;Iced Buns, Muffins & Doughnuts;Iced Buns;315;5.8;null;20.9;6.0;3.6;0.9;0.4;
277468235;Tesco Iced Bun Selection 6 Pack;£1.50;£0.25/each;Iced Buns, Muffins & Doughnuts;Iced Buns;346;5.8;null;27.9;8.9;5.7;1.8;0.5;
277468166;Tesco Chelsea Bun 2 Pack;£1.20;£0.60/each;Iced Buns, Muffins & Doughnuts;Iced Buns;302;6.6;null;25.8;3.9;0.5;2.7;0.5;
285393316;Tesco 5 Ring Doughnuts;£1.00;£0.20/each;Iced Buns, Muffins & Doughnuts;Doughnuts;413;5.8;null;9.1;25.9;9.5;1.9;0.9;
282539292;Tesco Jam Doughnuts 5 Pack;£1.00;£0.20/each;Iced Buns, Muffins & Doughnuts;Doughnuts;349;5.4;null;15.1;16.0;5.7;1.9;0.8;
282539202;Tesco 5 Chocolate Doughnuts;null;null;Iced Buns, Muffins & Doughnuts;Doughnuts;385;6.2;null;16.7;19.8;6.9;2.0;0.8;
257682973;Tesco 4 Blueberry Muffins;£1.20;£0.30/each;Iced Buns, Muffins & Doughnuts;Muffins;396;5.5;null;23.2;19.2;1.5;2.1;0.6;
266281760;Tesco Double Chocolate Mini Muffins 12 Pack;£1.30;£0.11/each;Iced Buns, Muffins & Doughnuts;Muffins;395;6.1;null;25.8;19.0;2.9;2.1;0.4;
268183147;Tesco Mini Chocolate Muffins X12;£1.30;£0.11/each;Iced Buns, Muffins & Doughnuts;Muffins;417;5.5;null;29.5;20.5;4.0;2.1;0.4;
285393224;Tesco 2 Lemon And Poppyseed Muffins;null;null;Iced Buns, Muffins & Doughnuts;Muffins;381;5.2;null;31.1;17.4;1.8;3.9;0.6;
255821064;Tesco 4 Chocolate Chip Muffins;£1.20;£0.30/each;Iced Buns, Muffins & Doughnuts;Muffins;417;5.5;null;29.5;20.5;4.0;2.1;0.4;
285393149;Tesco 2 Raspberry And White Chocolate Muffins;null;null;Iced Buns, Muffins & Doughnuts;Muffins;402;4.7;null;39.1;19.0;3.8;2.2;0.3;
266281760;Tesco Double Chocolate Mini Muffins 12 Pack;£1.30;£0.11/each;Cakes & Pies;Muffins;395;6.1;null;25.8;19.0;2.9;2.1;0.4;
255821064;Tesco 4 Chocolate Chip Muffins;£1.20;£0.30/each;Cakes & Pies;Muffins;417;5.5;null;29.5;20.5;4.0;2.1;0.4;
268183147;Tesco Mini Chocolate Muffins X12;£1.30;£0.11/each;Cakes & Pies;Muffins;417;5.5;null;29.5;20.5;4.0;2.1;0.4;
257682973;Tesco 4 Blueberry Muffins;£1.20;£0.30/each;Cakes & Pies;Muffins;396;5.5;null;23.2;19.2;1.5;2.1;0.6;
273986716;Avengers Celebration Cake;£10.00;£10.00/each;Cakes & Pies;Birthday & Celebration Cakes;1705kJ 890kJ;2.5;68.4;null;13.4;null;null;0.39;
273939174;Celebration Fireman Sam Cake;£10.00;£10.00/each;Cakes & Pies;Birthday & Celebration Cakes;1736kJ 938kJ;2.5;null;null;14.2;null;0.6;null;
284861522;Cheeky Monkey Cake;£8.00;£8.00/each;Cakes & Pies;Birthday & Celebration Cakes;428;3.7;null;51.6;17.3;4.1;1.8;0.2;
273341817;Batman Cake;£8.00;£8.00/each;Cakes & Pies;Birthday & Celebration Cakes;359;2.5;null;null;9.7;null;0.5;0.45;
286931255;Jammy Dodger Celebration Cake;£7.00;£7.00/each;Cakes & Pies;Birthday & Celebration Cakes;1642kJ 855kJ 8400kJ -;2.4;null;null;10.8;null;null;0.33;
268390224;Forever Friends Mini Gift Cake;£3.50;£3.50/each;Cakes & Pies;Birthday & Celebration Cakes;441;2.0;null;null;16.7;null;0.9;0.43;
285962248;Despicable Me Celebration Cake;£10.00;£10.00/each;Cakes & Pies;Birthday & Celebration Cakes;1746kJ 794kJ;2.1;73.4;null;12.4;null;null;0.24;
285089700;Disney Frozen Celebration Maderia Cake;£10.00;£10.00/each;Cakes & Pies;Birthday & Celebration Cakes;1683kJ 851kJ;2.2;null;null;12.7;null;null;0.42;
266051641;Hello Kitty Celebration Cake;£10.00;£10.00/each;Cakes & Pies;Birthday & Celebration Cakes;1721kJ 918kJ;2.0;71.5;null;12.6;null;null;0.32;
275740745;Celebration One Direction Cake;£8.00;£8.00/each;Cakes & Pies;Birthday & Celebration Cakes;null;2.2;null;null;11.8;null;null;0.44;
287312497;Disney Big Hero 6 Celebration Cake;£9.00;£9.00/each;Cakes & Pies;Birthday & Celebration Cakes;1683kJ 868kJ;2.1;69.4;null;12.5;null;null;0.41;
283198205;Haribo Starmix Cupcake Platter 12 Pack;£5.00;£0.42/each;Cakes & Pies;Birthday & Celebration Cakes;436;4.3;null;null;20.0;null;2.2;0.25;
272630362;Just Love Birthday Cake;£5.00;£5.00/each;Cakes & Pies;Birthday & Celebration Cakes;null;2.8;null;null;16.0;null;null;0.3;
285414178;Galaxy Ganache Chocolate Celebration Cake;£11.00;£11.00/each;Cakes & Pies;Birthday & Celebration Cakes;1774kJ 1046kJ (13%);4.8;null;null;20.7;null;null;0.73;
265391781;Cadbury Flake Cake;£7.75;£7.75/each;Cakes & Pies;Birthday & Celebration Cakes;null;4.4;null;null;15.4;null;2.0;null;
287418430;Mars Bar Cake Chocolate Cake;£15.00;£15.00/each;Cakes & Pies;Birthday & Celebration Cakes;1721kJ 768kJ (9%);4.23;null;null;16.1;null;null;0.6;
282391916;M&M's Chocolate Sponge Celebration Cake;£11.00;£11.00/each;Cakes & Pies;Birthday & Celebration Cakes;1673kJ 903kJ (11%);4.0;null;null;13.2;null;null;0.42;
262778692;Disney Fairies Celebration Cake;£10.00;£10.00/each;Cakes & Pies;Birthday & Celebration Cakes;1668kJ 836kJ;2.2;69.5;null;12.0;null;null;0.4;
273000904;Haribo Traybake;£5.50;£5.50/each;Cakes & Pies;Birthday & Celebration Cakes;1812kJ 870kJ;4.8;55.4;null;20.7;null;2.8;null;
276047159;Disney Princess Tray Bake Each;£6.00;£6.00/each;Cakes & Pies;Birthday & Celebration Cakes;1570 kJ 839 kJ 8400 kJ;3.1;null;null;11.2;null;1.9;0.45;
287313824;Mr Men Little Miss Mr Bump Celebration Cake;£12.00;£12.00/each;Cakes & Pies;Birthday & Celebration Cakes;null;null;null;null;null;null;null;null;
277662932;Me To You Party Cake;£6.50;£6.50/each;Cakes & Pies;Birthday & Celebration Cakes;1710kJ 940kJ;2.6;null;null;14.0;null;null;0.28;
251786791;Tesco Chocolate Party Tray Bake;£4.00;£4.00/each;Cakes & Pies;Birthday & Celebration Cakes;454;4.0;null;41.0;24.4;9.4;2.2;0.4;
282430192;Princess Carriage Celebration Cake;£20.00;£20.00/each;Cakes & Pies;Birthday & Celebration Cakes;1877kJ 931kJ;2.0;null;null;19.6;null;null;0.33;
261084765;Spongebob Square Pants Cake;£10.00;£10.00/each;Cakes & Pies;Birthday & Celebration Cakes;1705kJ 887kJ;2.4;67.5;null;13.8;null;null;0.31;
267691941;Spiderman Celebration Cake;£10.00;£10.00/each;Cakes & Pies;Birthday & Celebration Cakes;1679kJ 954kJ;2.5;null;null;12.8;null;null;0.36;
261143713;Peppa Pig Celebration Cake;£12.00;£12.00/each;Cakes & Pies;Birthday & Celebration Cakes;1702kJ 1005kJ;2.5;null;null;14.2;null;null;0.41;
260738484;Smarties Little Gift Cake;£3.00;£3.00/each;Cakes & Pies;Birthday & Celebration Cakes;1926 kJ 1024 kJ - -;5.5;null;null;24.5;null;2.1;null;
283590184;Minnie Mouse Celebration Cake;£10.00;£10.00/each;Cakes & Pies;Birthday & Celebration Cakes;1669kJ 986kJ;2.2;69.5;null;12.0;null;null;0.39;
284387061;Peppa Pig Large Cake;£20.00;£20.00/each;Cakes & Pies;Birthday & Celebration Cakes;1706kJ 873kJ;2.0;72.2;null;11.9;null;null;0.29;
265810655;Star Wars Celebration Cake;£10.00;£10.00/each;Cakes & Pies;Birthday & Celebration Cakes;1667kJ 912kJ;2.0;71.2;null;11.3;null;null;0.4;
284515383;Tesco Chocolate Cubes Celebration Cake;£9.00;£0.60/each;Cakes & Pies;Birthday & Celebration Cakes;427;5.2;null;48.6;18.8;12.2;4.2;0.5;
282430232;Mickey Mouse Celebration Cake;£9.00;£9.00/each;Cakes & Pies;Birthday & Celebration Cakes;1666kJ 875kJ;2.3;null;null;12.1;null;0.6;0.45;
279563084;Tesco Burger Celebration Cake;£10.00;£10.00/each;Cakes & Pies;Birthday & Celebration Cakes;419;2.2;null;46.7;12.2;2.9;0.8;0.3;
256057310;Nestle Funtastic Traybake;£6.00;£6.00/each;Cakes & Pies;Birthday & Celebration Cakes;1729 kJ 432 kJ 8400 kJ -;4.4;null;null;17.6;null;3.4;0.45;
258388082;Tesco Big Chocolate Cake;£6.00;£6.00/each;Cakes & Pies;Birthday & Celebration Cakes;405;5.1;null;31.1;20.4;4.3;2.0;0.5;
285313326;Tesco Chocolate Stuffed Crust Cake;£10.00;£10.00/each;Cakes & Pies;Birthday & Celebration Cakes;439;4.6;null;33.8;21.6;10.4;2.5;0.5;
257373377;Tesco Celebrate Bar Celebration Cake;£9.00;£9.00/each;Cakes & Pies;Birthday & Celebration Cakes;427;2.6;null;60.0;15.0;2.7;0.6;0.4;
259405113;Tesco Curly The Caterpillar Cake;£5.00;£5.00/each;Cakes & Pies;Birthday & Celebration Cakes;410;4.8;null;43.7;17.1;10.5;2.6;0.5;
284387118;Tesco 18 Pack Cupcakes;null;null;Cakes & Pies;Birthday & Celebration Cakes;489;3.2;null;46.2;27.8;6.3;2.5;0.5;
285398708;Tesco Felix The Fox Cake;£8.00;£8.00/each;Cakes & Pies;Birthday & Celebration Cakes;416;1.3;null;55.7;12.3;3.5;0.5;0.3;
273350403;Tesco Racing Car Cake;£12.00;£12.00/each;Cakes & Pies;Birthday & Celebration Cakes;401;2.2;null;50.8;12.5;3.2;0.9;0.4;
250315487;Tesco Football Cake;£6.00;£6.00/each;Cakes & Pies;Birthday & Celebration Cakes;420;2.4;null;48.5;13.6;2.6;1.3;0.4;
274270219;Tesco My Tunes Bar Cake;£9.00;£9.00/each;Cakes & Pies;Birthday & Celebration Cakes;406;2.5;null;55.6;11.7;2.5;0.7;0.4;
282470316;Tesco Hidden Sweetie Cake;£11.00;£11.00/each;Cakes & Pies;Birthday & Celebration Cakes;451;2.9;null;45.7;19.3;7.3;0.6;0.3;
279667250;Tesco Finest Red Velvet Cake;£10.00;£10.00/each;Cakes & Pies;Birthday & Celebration Cakes;418;3.0;null;46.6;19.8;7.0;1.9;0.5;
264983216;Tesco Shooting Stars Party Cake;£8.00;£8.00/each;Cakes & Pies;Birthday & Celebration Cakes;425;2.0;null;50.3;13.9;2.4;0.6;0.4;
285312794;Tesco Princess Tiara Cake;£9.00;£9.00/each;Cakes & Pies;Birthday & Celebration Cakes;384;2.8;null;48.0;11.2;4.1;1.9;0.4;
251414374;Tesco Medium Rich Fruit Celebration Cake;£10.00;£10.00/each;Cakes & Pies;Birthday & Celebration Cakes;370;3.5;null;59.8;8.4;3.6;4.2;0.1;
259404984;Tesco Small Celebration Cake;£5.00;£5.00/each;Cakes & Pies;Birthday & Celebration Cakes;445;2.1;null;52.0;17.1;3.1;1.0;0.3;
285313044;Tesco Swiss Gateau Cake;£8.00;£8.00/each;Cakes & Pies;Birthday & Celebration Cakes;440;3.6;null;38.9;19.3;9.2;2.0;0.5;
265217995;Tesco Madeira Party Cake;£6.00;£6.00/each;Cakes & Pies;Birthday & Celebration Cakes;415;3.5;null;38.4;17.7;4.3;1.0;0.5;
287335542;Tesco Penny The Piggy Bank Cake;£10.00;£10.00/each;Cakes & Pies;Birthday & Celebration Cakes;416;2.3;null;52.2;14.5;3.5;1.3;0.4;
258300895;Tesco Large Chocolate Celebration Cake;£7.00;£7.00/each;Cakes & Pies;Birthday & Celebration Cakes;430;5.0;null;33.8;21.9;6.5;2.5;0.5;
253035448;Tesco Large White Chocolate Celebration Cake;£10.00;£10.00/each;Cakes & Pies;Birthday & Celebration Cakes;485;2.8;null;42.4;25.9;10.1;0.8;0.3;
268776598;Tesco Everyday Value Party Cake;£4.00;£4.00/each;Cakes & Pies;Birthday & Celebration Cakes;431;2.2;null;54.5;15.0;2.9;1.6;0.5;
285313228;Tesco Rose Bouquet Cake;£10.00;£10.00/each;Cakes & Pies;Birthday & Celebration Cakes;431;3.3;null;41.4;19.7;7.6;2.0;0.5;
287335435;Tesco Loom Party Cake;£12.00;£12.00/each;Cakes & Pies;Birthday & Celebration Cakes;388;3.6;null;50.6;13.1;3.4;1.8;0.3;
285398858;Tesco Kimmi Doll Cake;£8.00;£8.00/each;Cakes & Pies;Birthday & Celebration Cakes;419;1.7;null;55.7;12.9;3.4;1.5;0.3;
257617038;Tesco Small Chocolate Celebration Cake;£5.00;£5.00/each;Cakes & Pies;Birthday & Celebration Cakes;421;5.0;null;34.3;21.7;7.1;2.7;0.5;
258106457;Tesco Vanilla Party Tray Bake;£4.00;£4.00/each;Cakes & Pies;Birthday & Celebration Cakes;446;2.7;null;41.5;21.0;7.1;1.5;0.4;
272080844;Thorntons Celebration Cake;£10.00;£10.00/each;Cakes & Pies;Birthday & Celebration Cakes;1779 kJ 1026 kJ;4.3;null;null;24.1;null;null;0.4;
259180878;Thomas And Friends Party Cake;£10.00;£10.00/each;Cakes & Pies;Birthday & Celebration Cakes;397 ;2.6;null;null;10.8;null;0.9;0.37;
273913049;Thornton's Toffee Cake;£8.00;£8.00/each;Cakes & Pies;Birthday & Celebration Cakes;1778 kJ 1013 kJ;3.2;null;null;20.6;null;null;0.5;
274738382;Tesco Giant Cupcake;£10.00;£10.00/each;Cakes & Pies;Birthday & Celebration Cakes;434;2.1;null;50.1;15.3;5.2;0.5;0.4;
261722967;Tesco Triple Layer Chocolate Cake;£10.00;£10.00/each;Cakes & Pies;Birthday & Celebration Cakes;427;5.0;null;30.5;23.4;6.1;2.8;0.5;
278064878;Tesco Giant Chocolate Cupcake;£6.00;£6.00/each;Cakes & Pies;Birthday & Celebration Cakes;401;5.0;null;28.6;19.8;4.6;2.2;0.5;
273343176;Tesco Party Cupcakes 12 Pack;£6.50;£0.54/each;Cakes & Pies;Birthday & Celebration Cakes;499;2.7;null;52.6;28.6;10.7;1.0;0.3;
282481136;Turtles Celebration Cake;£10.00;£10.00/each;Cakes & Pies;Birthday & Celebration Cakes;1865kJ 822kJ;2.2;null;null;17.5;null;null;0.36;
279563263;Tesco Chocolate Cupcake Celebration;£10.00;£10.00/each;Cakes & Pies;Birthday & Celebration Cakes;458;3.6;null;35.3;27.2;7.5;2.3;0.3;
279532369;Tesco White Chocolate Cake;£9.00;£9.00/each;Cakes & Pies;Birthday & Celebration Cakes;460;3.1;null;42.4;22.2;8.1;1.4;0.4;
277492862;Fab Bakin' Boys Chunky Choccy Flapjacks 5 Pack;£1.50;£0.30/each;Cakes & Pies;Flapjacks & Traybakes;null;5.7;59.3;null;23.4;null;null;0.30;
258228059;Mcvities Chocolate Hobnob Flapjacks 5 Pack;£1.30;£0.26/each;Cakes & Pies;Flapjacks & Traybakes;null;6.3;null;null;17.4;null;5.0;0.5;
261663986;Tesco Chocolate Brownie Traybake;£1.40;£1.40/each;Cakes & Pies;Flapjacks & Traybakes;428;5.5;null;46.4;18.4;9.1;5.7;0.3;
278298031;Tesco 9 Chocolate Chunk Brownie Bites;£1.00;£0.11/each;Cakes & Pies;Flapjacks & Traybakes;428;5.5;null;43.9;18.8;11.3;2.7;0.2;
262095203;Tesco Caramel Shortcake Traybake;£1.40;£1.40/each;Cakes & Pies;Flapjacks & Traybakes;527;3.8;null;36.5;27.9;17.0;1.2;0.4;
258193605;Tesco Everyday Value Flapjack Traybake 360G;£0.80;£0.22/100g;Cakes & Pies;Flapjacks & Traybakes;401;6.8;null;30.6;14.3;5.1;3.8;0.1;
277486121;Fab Bakin' Boys Chunky Berry 5 Pack Flapjacks;£1.50;£0.30/each;Cakes & Pies;Flapjacks & Traybakes;null;5.7;58.2;null;22.2;null;null;0.20;
278129584;Tesco 8 Cornflake Clusters;£1.00;£0.13/each;Cakes & Pies;Flapjacks & Traybakes;476;6.2;null;33.6;19.3;11.6;3.3;0.4;
264901555;Mcvities Original Hobnobs Flapjack 5 Pack;£1.30;£0.26/each;Cakes & Pies;Flapjacks & Traybakes;null;6.3;null;null;16.5;null;5.3;0.6;
278130529;Tesco 10 Mini Gingerbread Men;£1.00;£1.00/each;Cakes & Pies;Flapjacks & Traybakes;429;6.0;null;44.5;10.5;4.2;1.8;0.5;
261663950;Tesco Granola Traybake;£1.40;£0.51/100g;Cakes & Pies;Flapjacks & Traybakes;404;5.9;null;36.6;15.0;4.9;5.3;0.1;
278129371;Tesco Rocky Road;£1.00;£1.00/each;Cakes & Pies;Flapjacks & Traybakes;480;6.0;null;45.7;21.7;12.9;2.6;0.4;
261663967;Tesco Rocky Road Traybake;£1.40;£1.40/each;Cakes & Pies;Flapjacks & Traybakes;508;5.1;null;42.1;25.4;16.5;2.4;0.4;
278329278;Tesco Mini Shortbread Bites;£1.00;£0.11/each;Cakes & Pies;Flapjacks & Traybakes;528;7.2;null;25.8;29.3;13.1;1.3;0.5;
277486109;Fab Bakin' Boys Chunky Buttery 5 Pack Flapjacks;£1.50;£0.30/each;Cakes & Pies;Flapjacks & Traybakes;466;5.7;null;null;22.0;null;4.9;0.50;
279737254;Bonne Maman Lemon Tartelette 125G;£1.50;£1.20/100g;Cakes & Pies;Fruit Pies & Tarts;1844 kJ 256 kJ;5;null;null;17;null;null;0.30;
255503493;Tesco Lemon Curd Tarts 6 Pack;£0.70;£0.12/each;Cakes & Pies;Fruit Pies & Tarts;428;3.4;null;41.7;15.8;5.9;2.0;0.2;
279532254;Everyday Value Cherry Bakewells 6 Pack;£0.75;£0.13/each;Cakes & Pies;Fruit Pies & Tarts;null;null;null;null;null;null;null;null;
282482772;Tesco Double Chocolate Layer Cake;£1.20;£1.20/each;Cakes & Pies;Fruit Pies & Tarts;405;4.3;null;28.2;18.4;7.4;2.5;0.3;
287839862;Brompton House Strawberry Tart 300G;null;null;Cakes & Pies;Fruit Pies & Tarts;1607 kJ -;4.1;null;null;21;null;0.7;0.4;
277391388;Mr Kipling Mississippi Mud Pies 6 Pack;£1.49;£0.25/each;Cakes & Pies;Fruit Pies & Tarts;1667kJ 850kJ;3.6;null;null;15.8;null;1.6;0.33;
254947821;Mr Kipling Bakewell Tart;£1.49;£1.49/each;Cakes & Pies;Fruit Pies & Tarts;1739kJ 872kJ;3.7;null;null;16.7;null;1.0;0.33;
282482728;Tesco Mini Lemon Meringues 6 Pack;£1.00;£0.17/each;Cakes & Pies;Fruit Pies & Tarts;414;3.4;null;43.5;15.0;7.5;3.1;0.1;
282482400;Tesco Mini Apple Crumbles 6 Pack;£1.00;£0.17/each;Cakes & Pies;Fruit Pies & Tarts;386;3.4;null;36.1;13.4;6.5;3.3;0.1;
254947867;Mr Kipling Jam Tarts 6 Pack;£1.45;£0.24/each;Cakes & Pies;Fruit Pies & Tarts;1658kJ 580kJ;3.5;null;null;13.0;null;1.4;0.10;
254948250;Mr Kipling Apple And Blackcurrant Pies 6 Pack;£1.45;£0.24/each;Cakes & Pies;Fruit Pies & Tarts;1517kJ 901kJ;3.5;null;null;13.2;null;1.7;0.33;
254948273;Mr Kipling Bramley Apple Pies 6 Pack;£1.45;£0.24/each;Cakes & Pies;Fruit Pies & Tarts;1465kJ 876kJ;3.4;null;null;13.1;null;1.5;0.30;
268405088;Tesco Cherry Bakewell Tarts 6 Pack;£1.00;£0.17/each;Cakes & Pies;Fruit Pies & Tarts;417;3.5;null;39.3;15.9;5.2;3.1;0.1;
254948307;Mr Kipling Fruit Pie Selection 6 Pack;£1.45;£0.24/each;Cakes & Pies;Fruit Pies & Tarts;1518kJ 901kJ;3.5;null;null;13.2;null;1.5;0.31;
267984779;Mr Kipling Trifle Bakewells 6 Pack;£1.45;£0.24/each;Cakes & Pies;Fruit Pies & Tarts;1771kJ 806kJ;3.7;null;null;17.3;null;0.9;0.31;
279737323;Bonne Maman Milk Chocolate And Caramel Tartelette 135G;£1.50;£1.12/100g;Cakes & Pies;Fruit Pies & Tarts;2053 kJ 308 kJ;6;null;null;23;null;null;0.6;
287839902;Brompton House Triple Chocolate Tart 300G;null;null;Cakes & Pies;Fruit Pies & Tarts;2084 kJ -;4;null;null;28;null;7;0.52;
254947936;Tesco Assorted Jam Tarts 6 Pack;£0.70;£0.12/each;Cakes & Pies;Fruit Pies & Tarts;408;3.4;null;37.2;13.6;6.4;1.5;0.2;
282482642;Tesco Mini Blackcurrant Sundaes 6 Pack;£0.85;£0.28/100ml;Cakes & Pies;Fruit Pies & Tarts;395;3.0;null;40.8;14.8;8.0;3.0;0.1;
254947838;Mr Kipling Cherry Bakewells 6 Pack;£1.45;£0.24/each;Cakes & Pies;Fruit Pies & Tarts;1775kJ 842kJ;3.7;null;null;17.1;null;1.1;0.35;
257313927;Tesco Bramley Apple Pies 6 Pack;£1.00;£0.17/each;Cakes & Pies;Fruit Pies & Tarts;362;4.0;null;27.3;12.5;3.8;1.9;0.2;
261674482;Tesco 6 Apple And Blackcurrant Pies;£1.00;£0.17/each;Cakes & Pies;Fruit Pies & Tarts;366;3.9;null;28.0;12.6;3.9;1.9;0.3;
258484578;Tesco Everyday Value Apple Pies 6 Pack;£0.50;£0.08/each;Cakes & Pies;Fruit Pies & Tarts;393;4.0;null;27.8;14.4;3.3;1.6;0.1;
268940565;Weight Watchers 5 Belgian Chocolate Slices;£1.30;£0.26/each;Cakes & Pies;Healthier & Organic Cakes;null;6.1;null;null;6.3;null;2.6;0.4;
268997895;Weight Watchers Jaffa Mini Rolls 5 Pack;£1.30;£0.26/each;Cakes & Pies;Healthier & Organic Cakes;null;5.4;null;null;14.9;null;13.5;0.50;
268941869;Weight Watchers 5 Chocolate Mini Rolls;£1.30;£0.26/each;Cakes & Pies;Healthier & Organic Cakes;null;4.6;null;null;13.9;null;2.3;0.44;
268403401;Weight Watchers Lemon Slices 5 Pack;£1.30;£1.30/each;Cakes & Pies;Healthier & Organic Cakes;null;4.3;null;null;5.5;null;2.5;0.4;
273600004;Weight Watchers Bakewell Slices;£1.30;£0.26/each;Cakes & Pies;Healthier & Organic Cakes;null;3.9;null;null;4.3;null;1.7;0.3;
268403551;Weight Watchers Coconut Slices 5 Pack;£1.30;£1.30/each;Cakes & Pies;Healthier & Organic Cakes;null;5.0;null;null;6.5;null;2.0;0.4;
268403706;Weight Watchers Carrot Slices 5 Pack;£1.30;£1.30/each;Cakes & Pies;Healthier & Organic Cakes;null;3.5;null;null;5.6;null;2.8;0.3;
254946839;Mcvities Jamaica Ginger Cake;£1.30;£1.30/each;Cakes & Pies;Large Sharing Cakes;null;3.7;null;null;10.4;null;1.6;0.61;
255538215;Tesco Chocolate Sponge Cake;£1.00;£1.00/each;Cakes & Pies;Large Sharing Cakes;358;5.1;null;42.2;10.1;5.0;1.7;0.5;
285226723;Tesco Finest Purple Velvet Cake;£2.65;£2.65/each;Cakes & Pies;Large Sharing Cakes;437;3.7;null;37.7;21.3;4.4;1.1;0.5;
268064818;Tesco Finest Lemon Drizzle Cake;£2.00;£2.00/each;Cakes & Pies;Large Sharing Cakes;391;3.6;null;39.1;16.5;4.6;1.6;0.4;
253046846;Tesco Finest Carrot Cake;£2.00;£2.00/each;Cakes & Pies;Large Sharing Cakes;385;4.0;null;34.6;17.9;2.6;2.5;0.4;
252388840;Tesco Everyday Value Raspberry Flavoured Sponge Cake;£0.58;£0.58/each;Cakes & Pies;Large Sharing Cakes;353;4.1;null;36.9;10.4;3.0;2.1;0.5;
255538238;Tesco Raspberry Sponge Cake;£1.00;£1.00/each;Cakes & Pies;Large Sharing Cakes;348;4.1;null;44.5;9.2;4.0;1.3;0.5;
272565600;Norfolk Cake Co. Cherry And Almond Cake;£2.19;£0.55/100g;Cakes & Pies;Large Sharing Cakes;null;3.93;null;null;7.75;null;1.23;null;
253018385;Tesco Finest Chocolate Cake;£2.00;£2.00/each;Cakes & Pies;Large Sharing Cakes;422;4.2;null;38.4;22.3;6.4;2.6;0.4;
255538198;Tesco Coconut Sponge Cake;£1.00;£1.00/each;Cakes & Pies;Large Sharing Cakes;400;3.7;null;42.4;17.2;7.3;2.0;0.4;
254946632;Mr Kipling Manor House Cake;£1.49;£1.49/each;Cakes & Pies;Large Sharing Cakes;1688kJ 1194kJ;5.3;null;null;20.2;null;1.5;0.30;
253140037;Tesco Finest Coffee And Walnut Cake;£2.00;£2.00/each;Cakes & Pies;Large Sharing Cakes;460;3.5;null;39.8;24.9;7.7;1.8;0.4;
257246995;Tesco Lemon Half Moon Cake;£1.50;£1.50/each;Cakes & Pies;Large Sharing Cakes;429;4.4;null;44.8;18.9;1.5;1.1;0.5;
285226619;Tesco Finest Red Velvet Cake;£2.65;£2.65/each;Cakes & Pies;Large Sharing Cakes;431;4.0;null;41.5;20.4;3.7;1.9;0.4;
264982901;Tesco Finest White Chocolate And Strawberry Cake;£2.00;£2.00/each;Cakes & Pies;Large Sharing Cakes;422;3.2;null;39.5;20.8;6.9;2.2;0.3;
261672017;Tesco Lemon Sponge;£1.00;£1.00/each;Cakes & Pies;Large Sharing Cakes;352;4.1;null;40.5;9.8;4.4;2.1;0.5;
260595486;Tesco Finest Victoria Sponge Cake;£2.00;£2.00/each;Cakes & Pies;Large Sharing Cakes;403;4.6;null;32.6;17.6;10.5;2.1;0.4;
258240591;Tesco Everyday Value Lightly Fruited Slab Cake;£1.00;£1.00/each;Cakes & Pies;Large Sharing Cakes;332;4.6;null;30.9;9.0;4.0;1.4;0.3;
285226769;Tesco Finest Pink Velvet Cake;£6.00;£6.00/each;Cakes & Pies;Large Sharing Cakes;437;2.7;null;45.3;21.3;7.5;1.1;0.3;
287505192;Tesco Finest Lemon Meringue Cake;null;null;Cakes & Pies;Large Sharing Cakes;368;3.0;null;36.7;14.8;3.9;1.6;0.5;
277408169;Norfolk Cake Co. Cherry And Sultana Loaf Cake;£2.19;£2.19/each;Cakes & Pies;Large Sharing Cakes;null;3.7;null;null;6;null;2.65;null;
267534397;Tesco Battenberg Cake 320G;£1.30;£0.41/100g;Cakes & Pies;Large Sharing Cakes;375;5.4;null;46.0;11.3;2.7;1.5;0.4;
279769613;Tesco Toffee Loaf Cake;£2.00;£2.00/each;Cakes & Pies;Large Sharing Cakes;384;4.8;null;29.1;16.1;1.5;0.6;0.4;
265913996;Tesco Madeira Cake;£1.20;£1.20/each;Cakes & Pies;Large Sharing Cakes;386;5.3;null;34.2;15.2;9.2;1.1;0.7;
279769659;Tesco Chocolate Loaf Cake;£2.00;£2.00/each;Cakes & Pies;Large Sharing Cakes;381;5.8;null;22.5;18.9;2.0;4.3;0.2;
256180635;Tesco Lemon Iced Madeira Cake;£1.20;£1.20/each;Cakes & Pies;Large Sharing Cakes;418;4.9;null;39.5;18.2;8.0;1.1;0.5;
254946995;Tesco Angel Layer Cake;£1.20;£1.20/each;Cakes & Pies;Large Sharing Cakes;387;5.0;null;34.6;14.8;4.8;1.1;0.6;
285159088;Tesco Red Velvet Slab Cake;£1.20;£1.20/each;Cakes & Pies;Large Sharing Cakes;432;5.2;null;30.2;24.2;6.8;1.9;0.4;
268588187;Mcvities Carrot Cake;£1.30;£1.30/each;Cakes & Pies;Large Sharing Cakes;null;5.8;null;null;14.2;null;1.8;0.4;
252657128;Mr Kipling Battenberg Cake;£1.49;£1.49/each;Cakes & Pies;Large Sharing Cakes;1752kJ 749kJ;6.0;null;null;11.9;null;1.3;0.56;
254947124;Tesco Walnut Buttercream Cake;£1.20;£1.20/each;Cakes & Pies;Large Sharing Cakes;403;5.5;null;33.9;17.3;6.2;1.1;0.5;
282797097;Tesco Chocolate Chip Cake;£1.20;£1.20/each;Cakes & Pies;Large Sharing Cakes;370;5.4;null;31.0;13.0;6.1;1.9;0.5;
256186519;Tesco Iced Madeira Cake;£1.20;£1.20/each;Cakes & Pies;Large Sharing Cakes;393;3.8;null;37.7;14.6;8.8;1.7;0.6;
287806262;Yorkshire Baking Co. Cherry Mega Loaf;£2.00;£2.00/each;Cakes & Pies;Large Sharing Cakes;null;null;null;null;null;null;null;null;
287376858;Yorkshire Baking Co. Madeira Mega Loaf;£2.00;£2.00/each;Cakes & Pies;Large Sharing Cakes;null;null;null;null;null;null;null;null;
279769573;Tesco Banana Loaf Cake;£2.00;£2.00/each;Cakes & Pies;Large Sharing Cakes;377;4.3;null;44.8;17.2;1.7;1.1;0.3;
279782683;Tesco Lemon Loaf Cake;£2.00;£2.00/each;Cakes & Pies;Large Sharing Cakes;392;5.4;null;21.8;18.7;2.1;1.9;0.4;
254946534;Tesco Marble Madeira Cake;£1.30;£1.30/each;Cakes & Pies;Large Sharing Cakes;409;4.5;null;36.6;18.7;1.6;1.5;0.5;
254946816;Mcvitie's Original Lyle's Golden Syrup Cake;£1.30;£1.30/each;Cakes & Pies;Large Sharing Cakes;null;3.8;null;null;11.0;null;1.6;0.92;
254947026;Tesco Genoa Cake;£1.20;£1.20/each;Cakes & Pies;Large Sharing Cakes;349;4.1;null;42.5;9.0;4.2;2.5;0.3;
273245528;Tesco Everyday Value Chocolate And Vanilla Swiss Roll;£0.25;£0.25/each;Cakes & Pies;Large Sharing Cakes;383;5.5;null;31.4;13.4;6.4;1.7;0.6;
255757192;Tesco Chocolate And Vanilla Jumbo Swiss Roll;£1.00;£1.00/each;Cakes & Pies;Large Sharing Cakes;381;3.9;null;28.6;13.8;5.9;1.4;0.6;
255757226;Tesco Strawberry And Vanilla Jumbo Swiss Roll;£1.00;£1.00/each;Cakes & Pies;Large Sharing Cakes;377;3.7;null;38.4;12.6;5.5;0.8;0.3;
252388517;Tesco Raspberry Swiss Roll;£0.68;£0.68/each;Cakes & Pies;Large Sharing Cakes;303;4.4;null;47.4;2.4;0.9;1.7;0.6;
287357121;Yorkshire Baking Co. Sultana Mega Loaf;£2.00;£2.00/each;Cakes & Pies;Large Sharing Cakes;null;null;null;null;null;null;null;null;
260438126;Tesco Double Chocolate Swiss Roll;£0.68;£0.68/each;Cakes & Pies;Large Sharing Cakes;396;5.1;null;32.4;13.3;6.4;1.5;0.6;
282744949;Hoppers Assorted Jam Tarts 9Pk;£1.00;£0.11/each;Cakes & Pies;Small Cakes, Bites & Slices;405;3.8;null;null;13.8;null;1.6;null;
283393008;Cadburys Jam Mini Rolls 5 Pack;£1.40;£0.28/each;Cakes & Pies;Small Cakes, Bites & Slices;1820kJ/ 520kJ/ 6% 8400kJ/;4.4;null;null;19.5;null;1.9;0.53;
285132592;Kates Cakes 5 Chocolate Sponge Slices;£2.00;£0.40/each;Cakes & Pies;Small Cakes, Bites & Slices;null;null;null;null;null;null;null;null;
250221275;Galaxy Caramel Cake Bars 5 Pack;£1.30;£0.26/each;Cakes & Pies;Small Cakes, Bites & Slices;1842kJ 521kJ (6%);5.7;null;null;20.5;null;null;0.7;
268764007;Cadbury Boost Cake Bar 5 Pack;£1.45;£0.29/each;Cakes & Pies;Small Cakes, Bites & Slices;2015kJ/ 800kJ/;5.3;null;null;26.8;null;1.9;0.50;
262915296;Galaxy Cake Bar 10 Pack;£2.00;£0.20/each;Cakes & Pies;Small Cakes, Bites & Slices;null;4.8;null;null;28.1;null;1.1;null;
282051974;Hoppers Chocolate Mini Rolls 10 Pack;£1.00;£0.10/each;Cakes & Pies;Small Cakes, Bites & Slices;455 ;5.2;null;null;21.4;null;1.8;null;
279737254;Bonne Maman Lemon Tartelette 125G;£1.50;£1.20/100g;Cakes & Pies;Small Cakes, Bites & Slices;1844 kJ 256 kJ;5;null;null;17;null;null;0.30;
251558848;Galaxy Cake Bars 5 Pack;£1.30;£0.26/each;Cakes & Pies;Small Cakes, Bites & Slices;2028kJ 635kJ (8%);4.9;null;null;26.8;null;null;0.5;
277032411;Balconi Trancetto Strawberry;£1.00;£0.36/100g;Cakes & Pies;Small Cakes, Bites & Slices;1660kJ 465kJ - -;4.7;null;null;18.2;null;null;null;
279737323;Bonne Maman Milk Chocolate And Caramel Tartelette 135G;£1.50;£1.12/100g;Cakes & Pies;Small Cakes, Bites & Slices;2053 kJ 308 kJ;6;null;null;23;null;null;0.6;
277007839;Balconi Trancetto Chocolate;£1.00;£0.36/100g;Cakes & Pies;Small Cakes, Bites & Slices;1638kJ 459kJ - -;5.2;null;null;17.7;null;null;null;
259238028;Cadburys Milk Chocolate Cake Bars 5 Pack;£1.45;£0.29/each;Cakes & Pies;Small Cakes, Bites & Slices;1885kJ/ 575kJ/;4.7;null;null;24.1;null;2.4;0.63;
264567604;Cadbury Fudge Cake Bars 5 Pack;£1.45;£0.29/each;Cakes & Pies;Small Cakes, Bites & Slices;1810kJ/ 585kJ/ 7% 8400kJ/;4.2;null;null;17.4;null;2.3;0.43;
254576286;Cadburys Caramel Cake Bars 5 Pack;£1.45;£0.29/each;Cakes & Pies;Small Cakes, Bites & Slices;1825kJ/ 555kJ/ 7% 8400kJ/;5.4;null;null;19.5;null;2.3;0.78;
262601199;Cadbury Mini Rolls Selection 12 Pack;£2.75;£0.23/each;Cakes & Pies;Small Cakes, Bites & Slices;1890kJ/ 8400kJ/;4.7;null;null;23.0;null;2.3;0.68;
283393256;Cadburys Chocolate Mini Rolls 12 Pack;£2.00;£0.17/each;Cakes & Pies;Small Cakes, Bites & Slices;1890kJ/ 510kJ/ 6% 8400kJ/;4.7;null;null;23.0;null;2.3;0.68;
287505298;Cadburys Chocolate Mini Rolls 5 Pack;£1.40;£0.28/each;Cakes & Pies;Small Cakes, Bites & Slices;1890kJ/ 510kJ/ 6% 8400kJ/;4.7;null;null;23.0;null;2.3;0.68;
267984779;Mr Kipling Trifle Bakewells 6 Pack;£1.45;£0.24/each;Cakes & Pies;Small Cakes, Bites & Slices;1771kJ 806kJ;3.7;null;null;17.3;null;0.9;0.31;
274730488;Tesco Mini Gingerbread Men 270G;£1.60;£0.59/100g;Cakes & Pies;Small Cakes, Bites & Slices;429;6.0;null;44.5;10.5;4.2;1.8;0.5;
285132572;Kates Cakes 5 Lemon Sponge Slices;£2.00;£0.40/each;Cakes & Pies;Small Cakes, Bites & Slices;null;null;null;null;null;null;null;null;
285159468;Peppa Pig Gingerbread Biscuit;£1.00;£1.00/each;Cakes & Pies;Small Cakes, Bites & Slices;null;null;null;null;null;null;null;null;
268308629;Mcvities Jaffa Cake Bars 5 Pack;£1.30;£0.19/each;Cakes & Pies;Small Cakes, Bites & Slices;null;3.1;null;null;14.5;null;2.5;0.5;
285248562;Tesco Bagged Jaffa Cake Bars 15Pk;£2.00;£0.13/each;Cakes & Pies;Small Cakes, Bites & Slices;405;5.2;null;45.7;15.0;9.4;1.8;0.4;
278702176;Bonne Maman La Madeleine 7Pk;£2.00;£0.29/each;Cakes & Pies;Small Cakes, Bites & Slices;1891 kJ 473 kJ;6.3;46.2;null;26.8;null;0.8;0.63;
285248294;Tesco Bagged Chocolate Cake Bars 15Pk;£2.00;£0.13/each;Cakes & Pies;Small Cakes, Bites & Slices;433;5.5;null;46.1;19.2;12.0;1.7;0.2;
284508478;Mcvities Jaffa Cake Bars 10 Pack;£2.00;£0.20/each;Cakes & Pies;Small Cakes, Bites & Slices;null;3.1;null;null;14.5;null;2.5;null;
273420937;Soreen Banana Lunchbox Loaves 5 Pack;£1.35;£0.27/each;Cakes & Pies;Small Cakes, Bites & Slices;1321kJ 3961kJ;7.8;null;null;5.3;null;5.5;0.7;
258289026;Tesco Everyday Value Jam And Vanilla Mini Rolls 6 Pack;£0.40;£0.07/each;Cakes & Pies;Small Cakes, Bites & Slices;354;4.2;null;38.5;7.9;2.8;0.8;0.3;
261651463;Tesco Everyday Value Chocolate Chip Cake Bars 5 Pack;£0.50;£0.10/each;Cakes & Pies;Small Cakes, Bites & Slices;435;5.9;null;23.4;21.4;2.5;1.8;0.3;
253806558;Mcvities Jaffa Cake Mini Rolls 6 Pack;£1.45;£0.24/each;Cakes & Pies;Small Cakes, Bites & Slices;null;3.5;null;null;10.1;null;2.3;null;
279422851;Bonne Maman Chocolate Madeleines 210G;£2.00;£0.29/each;Cakes & Pies;Small Cakes, Bites & Slices;1960 kJ 588 kJ;6.2;48.5;null;27.6;null;1.1;0.57;
255144393;Tesco Milk Chocolate Mini Rolls 12 Pack;£1.65;£0.14/each;Cakes & Pies;Small Cakes, Bites & Slices;451;5.6;null;42.2;21.5;13.6;3.3;0.5;
251558802;Milky Way Cake Bars 5 Pack;£1.30;£0.26/each;Cakes & Pies;Small Cakes, Bites & Slices;null;5.3;null;null;23.9;null;0.8;null;
260643682;Mars Mini Rolls 6 Pack;£1.45;£0.24/each;Cakes & Pies;Small Cakes, Bites & Slices;null;5.1;null;null;18.5;null;1.2;null;
254948019;Tesco Milk Chocolate Mini Rolls 6 Pack;£1.00;£0.17/each;Cakes & Pies;Small Cakes, Bites & Slices;451;5.6;null;42.2;21.5;13.6;3.3;0.5;
273421003;Soreen Malt Lunchbox Loaves 5 Pack;£1.35;£0.27/each;Cakes & Pies;Small Cakes, Bites & Slices;1324kJ 397kJ;9.2;null;null;2.8;null;4.4;0.6;
282924898;Bonne Maman Lemon And Poppy Seed Cake 175G;£2.00;£1.15/100g;Cakes & Pies;Small Cakes, Bites & Slices;1837 kJ/ 459 kJ/;7.1;null;null;22;null;1.2;0.48;
285247600;Yorkshire Baking Co. Cake Bars Tub 16Pk;null;null;Cakes & Pies;Small Cakes, Bites & Slices;null;null;null;null;null;null;null;null;
285118342;Mars Cake Bar 5 Pack;£1.60;£0.32/each;Cakes & Pies;Small Cakes, Bites & Slices;1912kJ 562kJ (7%);5.3;null;null;22.9;null;null;0.6;
287839712;Brompton House All Butter Sweet Hearts 18 Pack;null;null;Cakes & Pies;Small Cakes, Bites & Slices;null;null;null;null;null;null;null;null;
282949270;Peppa Pig Chocolate Biscuits 20 Pack;£2.00;£0.10/each;Cakes & Pies;Small Cakes, Bites & Slices;null;null;null;null;null;null;null;null;
287839559;Brompton House Apple Puffs 14 Pack;null;null;Cakes & Pies;Small Cakes, Bites & Slices;null;null;null;null;null;null;null;null;
285130496;Tesco 2 Pack Apple And Blackcurrant Cake Slices;null;null;Cakes & Pies;Small Cakes, Bites & Slices;481;3.9;null;36.2;29.8;3.8;2.2;0.3;
284998081;Daelmans Mini Stroopwafels 150G;£1.99;£1.33/100g;Cakes & Pies;Small Cakes, Bites & Slices;457 ;3,5;null;null;21;null;1;0,6;
252479773;Real Lancashire Eccles Cakes;£1.55;£0.39/each;Cakes & Pies;Small Cakes, Bites & Slices;401;3.9;null;null;17.6;null;null;0.40;
282592569;Chocolate Fudge 2 Pack Cupcakes;£1.50;£0.75/each;Cakes & Pies;Small Cakes, Bites & Slices;466;4.1;null;43.3;25.3;10.0;2.4;0.3;
254947412;Mr Kipling French Fancies 8 Pack;£1.89;£0.24/each;Cakes & Pies;Small Cakes, Bites & Slices;1597kJ 446kJ;2.7;null;null;9.8;null;0.6;0.5;
252958742;Mr Kipling Viennese Whirls 6 Pack;£1.30;£0.22/each;Cakes & Pies;Small Cakes, Bites & Slices;2147kJ 605kJ;3.8;null;null;30.2;null;1.3;0.59;
251816699;Mr Kipling Mini Battenberg Cakes 5 Pack;£1.49;£0.30/each;Cakes & Pies;Small Cakes, Bites & Slices;1729kJ 566kJ;4.2;null;null;10.4;null;1.2;0.41;
282614401;Salted Caramel Cupcakes 2 Pack;£1.50;£0.75/each;Cakes & Pies;Small Cakes, Bites & Slices;450;2.4;null;46.3;24.0;7.9;1.6;1.0;
287839300;Brompton House Chocolate Brownies 12 Pack;£2.00;£0.17/each;Cakes & Pies;Small Cakes, Bites & Slices;1982.2 kJ -;5.5;null;null;25.2;null;2.1;0.4;
285159324;Tesco 15 White Chocolate Rocky Road Clusters 135G;£1.60;£1.19/100g;Cakes & Pies;Small Cakes, Bites & Slices;468;4.2;null;45.9;20.0;15.5;1.1;0.4;
284998236;Daelmans Caramel Stroopwafels;£1.99;£1.99/each;Cakes & Pies;Small Cakes, Bites & Slices;457 ;3,5;null;null;21;null;1;0,6;
252958805;Mr Kipling Lemon Viennese Whirls 6 Pack;£1.00;£0.17/each;Cakes & Pies;Small Cakes, Bites & Slices;2106kJ 584kJ;3.8;null;null;27.8;null;1.2;0.57;
279423090;Bonne Maman Petit Chocolate 7Pk;£2.00;£0.29/each;Cakes & Pies;Small Cakes, Bites & Slices;1932 kJ 531 kJ;5.3;47.5;null;27.3;null;3;0.33;
286930953;Disney Frozen Cupcakes 6 Pack;£1.00;£0.17/each;Cakes & Pies;Small Cakes, Bites & Slices;null;3.3;null;null;28.7;null;1.4;0.5;
283111862;Nestle Smarties Mini Cookies 18 Pack;£2.00;£0.11/each;Cakes & Pies;Small Cakes, Bites & Slices;null;null;null;null;null;null;null;null;
266373790;Dina Assorted Baklawa 240G;£2.49;£1.04/100g;Cakes & Pies;Small Cakes, Bites & Slices;502;7;52;null;30;null;3;0;
282925102;Bonne Maman Petit Loaf Cake 210G;£2.00;£0.95/100g;Cakes & Pies;Small Cakes, Bites & Slices;1854 kJ/ 556 kJ/;5.4;null;null;25;null;0.5;0.43;
285131247;Tesco 2 Pack Sticky Toffee Cake Slices;null;null;Cakes & Pies;Small Cakes, Bites & Slices;341;3.6;null;42.6;10.4;3.6;1.2;0.5;
268322208;Tesco Mini Chocolate Cornflake Bites 15Pk;£1.60;£0.11/each;Cakes & Pies;Small Cakes, Bites & Slices;467;6.5;null;36.0;18.2;11.0;3.2;0.4;
283111706;Tesco Finest Millionaire Shortbread 5 Pack;£2.00;£0.40/each;Cakes & Pies;Small Cakes, Bites & Slices;509;3.7;null;36.1;28.1;15.8;1.3;0.4;
268394928;Tesco Mini Chocolate Brownie Bites 20 Pack;£1.60;£0.08/each;Cakes & Pies;Small Cakes, Bites & Slices;394;5.3;null;36.8;15.0;6.6;3.1;0.4;
268394986;Tesco Mini Flapjack Bites 20 Pack;£1.60;£0.08/each;Cakes & Pies;Small Cakes, Bites & Slices;458;5.9;null;37.0;21.9;9.6;2.6;0.4;
282979202;Tesco Chocolate Chip Madeleines 400G;£2.50;£0.63/100g;Cakes & Pies;Small Cakes, Bites & Slices;457;5.9;null;25.0;25.0;4.3;2.3;0.9;
283111608;Tesco Finest Nutty Caramel 5 Pack;£2.00;£0.40/each;Cakes & Pies;Small Cakes, Bites & Slices;509;5.7;null;29.4;29.3;14.8;1.4;0.6;
268770593;Tesco Crispy Caramel Bites 20 Pack;£1.60;£0.08/each;Cakes & Pies;Small Cakes, Bites & Slices;434;5.0;null;36.0;12.2;7.2;1.4;0.3;
268770627;Tesco Millionaire Bites 22Pk;£1.60;£0.07/each;Cakes & Pies;Small Cakes, Bites & Slices;500;5.1;null;36.6;28.0;15.2;2.5;0.5;
274684882;Tesco 5 Decorate Your Own G/Bread Men 270G;£1.60;£0.59/100g;Cakes & Pies;Small Cakes, Bites & Slices;431;6.1;null;45.9;13.1;6.0;2.4;0.5;
254947251;Tesco Coconut Macaroons 6 Pack;£1.00;£0.17/each;Cakes & Pies;Small Cakes, Bites & Slices;424;4.5;null;54.0;18.0;15.5;6.0;0.1;
268394786;Tesco Mini Shortbread Bites 20 Pack;£1.60;£0.08/each;Cakes & Pies;Small Cakes, Bites & Slices;528;7.2;null;25.8;29.3;13.1;1.3;0.5;
282977982;Tesco Chocolate Salted Caramel Cake Wedges 2 Pack;£2.00;£1.00/each;Cakes & Pies;Small Cakes, Bites & Slices;446;3.4;null;49.3;22.8;7.7;1.7;0.5;
282979274;Tesco Madeleines 400G;£2.50;£0.63/100g;Cakes & Pies;Small Cakes, Bites & Slices;477;5.1;null;22.0;28.0;3.4;0.5;0.9;
255015840;Tesco Frangipanes 3 Pack;£1.10;£0.37/each;Cakes & Pies;Small Cakes, Bites & Slices;444;4.5;null;33.4;21.1;9.9;1.4;0.5;
282926654;Tesco Mr Or Mrs Gingerbread People;£1.00;£1.00/each;Cakes & Pies;Small Cakes, Bites & Slices;447;6.2;null;34.1;14.3;6.2;1.6;0.6;
268437827;Tesco Mini Snowball Cakes 12 Pack;£1.60;£0.13/each;Cakes & Pies;Small Cakes, Bites & Slices;473;3.7;null;37.4;22.1;16.2;2.6;0.3;
268395167;Tesco Mini Milk Chocolate Cookie Bites 20 Pack;£1.60;£0.08/each;Cakes & Pies;Small Cakes, Bites & Slices;482;6.4;null;41.1;21.6;7.2;1.2;0.7;
261660671;Tesco 6 Viennese Whirls;£1.00;£0.17/each;Cakes & Pies;Small Cakes, Bites & Slices;538;3.7;null;29.0;33.4;22.4;1.6;0.2;
264369712;Tesco Almond Fingers 5 Pack;£1.10;£0.22/each;Cakes & Pies;Small Cakes, Bites & Slices;405;6.7;null;37.7;14.9;5.9;2.3;0.5;
277391181;Mr Kipling Banoffee Snap Pack 6 Pack;£0.95;£0.16/each;Cakes & Pies;Small Cakes, Bites & Slices;1729kJ 582kJ;3.0;null;null;18.2;null;0.6;0.57;
277391215;Mr Kipling Chocolate Slices 6 Pack;£0.95;£0.16/each;Cakes & Pies;Small Cakes, Bites & Slices;1730kJ 583kJ;3.2;null;null;18.6;null;1.5;0.57;
254947337;Mr Kipling Bakewell Slices 6 Pack;£0.95;£0.16/each;Cakes & Pies;Small Cakes, Bites & Slices;1714kJ 606kJ;4.1;null;null;17.4;null;1.0;0.45;
276674044;Mcvities Chocolate Digestives Slices 6 Pack;£1.38;£0.23/each;Cakes & Pies;Small Cakes, Bites & Slices;null;4.4;null;null;26.8;null;1.9;null;
253165518;Mr Kipling Victoria Slices 6 Pack;£0.95;£0.16/each;Cakes & Pies;Small Cakes, Bites & Slices;1857kJ 495kJ;4.7;null;null;16.0;null;1.2;0.60;
282614637;Vanilla Bean Cupcakes 2 Pack;£1.50;£0.75/each;Cakes & Pies;Small Cakes, Bites & Slices;499;2.6;null;48.6;28.8;10.5;1.6;0.4;
282614787;Victoria Sponge Cupcakes 2 Pack;£1.50;£0.75/each;Cakes & Pies;Small Cakes, Bites & Slices;461;2.3;null;47.0;23.7;8.3;1.3;0.4;
283355826;Thorntons Triple Chocolate Bites 10 Pack;£1.40;£0.14/each;Cakes & Pies;Small Cakes, Bites & Slices;1862 kJ 260 kJ;4.6;null;null;22.7;null;null;0.54;
281921004;Mcvitie's Hobnob Slice 6 Pack;£1.45;£0.24/each;Cakes & Pies;Small Cakes, Bites & Slices;null;4.9;null;null;25.5;null;3.2;0.7;
268321492;Tesco Rocky Road Cluster;£1.60;£0.11/each;Cakes & Pies;Small Cakes, Bites & Slices;470;5.6;null;49.7;20.3;12.1;2.1;0.3;
281921079;Mcvitie's Caramel Slice 6 Pack;£1.45;£0.24/each;Cakes & Pies;Small Cakes, Bites & Slices;null;4.2;null;null;25.8;null;1.6;0.7;
254947389;Mr Kipling Country Slices 6 Pack;£0.95;£0.16/each;Cakes & Pies;Small Cakes, Bites & Slices;1614kJ 492kJ;4.5;null;null;15.1;null;1.5;0.39;
253729344;Mr Kipling Angel Slices 6 Pack;£0.95;£0.16/each;Cakes & Pies;Small Cakes, Bites & Slices;1716kJ 578kJ;2.9;null;null;18.1;null;0.6;0.57;
254947308;Mr Kipling Almond Slices 6 Pack;£0.95;£0.16/each;Cakes & Pies;Small Cakes, Bites & Slices;1725kJ 607kJ;6.0;null;null;18.6;null;1.8;0.25;
284360017;Galaxy Cookie Crumble Slice 6 Pack;£1.38;£0.23/each;Cakes & Pies;Small Cakes, Bites & Slices;2057kJ 555kJ (7%);4.8;null;null;24.7;null;null;0.6;
277486173;Mr Kipling Lemon Layer Slices Snap Pack 6 Pack;£0.95;£0.16/each;Cakes & Pies;Small Cakes, Bites & Slices;1670kJ 562kJ;2.7;null;null;15.0;null;0.7;0.56;
276378873;Mcvities Gingernut Slices 6 Pack;£1.38;£0.23/each;Cakes & Pies;Small Cakes, Bites & Slices;null;4.2;null;null;21.8;null;1.5;0.8;
277391250;Mr Kipling Caramel Slices 6 Pack;£0.95;£0.16/each;Cakes & Pies;Small Cakes, Bites & Slices;1844kJ 605kJ;3.5;null;null;22.9;null;0.8;0.55;
253035258;Tesco Plain Teatime Selection 6 Pack;£1.20;£0.20/each;Cakes & Pies;Small Cakes, Bites & Slices;438;5.0;null;30.0;23.9;5.6;2.9;0.4;
276377056;Thornton's Caramel Shortcake 10 Pack;£1.40;£0.14/each;Cakes & Pies;Small Cakes, Bites & Slices;2119 kJ 297 kJ;4.0;null;null;30.8;null;null;0.72;
279563263;Tesco Chocolate Cupcake Celebration;£10.00;£10.00/each;Cakes & Pies;Small Cakes, Bites & Slices;458;3.6;null;35.3;27.2;7.5;2.3;0.3;
283294304;Thorntons Chocolate Slice;£1.50;£1.50/each;Cakes & Pies;Small Cakes, Bites & Slices;1682 kJ 454 kJ;3.9;null;null;21.2;null;null;0.23;
281694698;Tesco 6 Carrot Slices;£0.89;£0.15/each;Cakes & Pies;Small Cakes, Bites & Slices;431;3.3;null;39.0;21.7;4.2;1.8;0.2;
280303507;Fabulous Baker Boys Mini Mix Choccy Cupcakes 12 Pack;£1.50;£0.13/each;Cakes & Pies;Small Cakes, Bites & Slices;494;3.2;null;null;28.9;null;0.5;0.50;
268780402;Tesco 6 Angel Slices;£0.89;£0.15/each;Cakes & Pies;Small Cakes, Bites & Slices;419;3.1;null;39.6;19.6;4.4;1.8;0.3;
261669483;Tesco 6 Chocolate Slices;£0.89;£0.15/each;Cakes & Pies;Small Cakes, Bites & Slices;439;5.0;null;36.2;22.5;3.8;2.0;0.3;
268793773;Tesco 6 Country Slices;£0.89;£0.15/each;Cakes & Pies;Small Cakes, Bites & Slices;397;3.8;null;39.2;17.2;1.5;2.7;0.4;
250116855;Fabulous Bakin' Boys 6 Chocolate Flavoured Cup Cakes;£1.50;£0.25/each;Cakes & Pies;Small Cakes, Bites & Slices;null;3.5;53.7;null;25.8;null;null;0.80;
278148463;Nestle Smarties Cupcake 6 Pack;£1.00;£0.17/each;Cakes & Pies;Small Cakes, Bites & Slices;1967 kJ 417 kJ 8400 kJ -;4.8;null;null;25.4;null;2.0;0.45;
261669876;Tesco 6 Iced Bakewell Slices;£0.89;£0.15/each;Cakes & Pies;Small Cakes, Bites & Slices;419;3.1;null;44.5;18.2;5.4;1.8;0.4;
272453807;Tesco 2 Strawberries &Cream Cupcakes;£1.50;£0.75/each;Cakes & Pies;Small Cakes, Bites & Slices;468;2.4;null;57.8;24.3;9.6;1.9;0.4;
274436572;Tesco Chocolate Mini Cupcakes 9 Pack;null;null;Cakes & Pies;Small Cakes, Bites & Slices;503;3.1;null;56.8;28.0;7.7;2.0;0.3;
277375039;Haribo Iced Cupcakes 6 Pack;£1.50;£0.25/each;Cakes & Pies;Small Cakes, Bites & Slices;403 ;4.2;null;null;12.5;null;null;0.17;
284359792;Twix Caramel Slices 6 Pack;£1.38;£0.23/each;Cakes & Pies;Small Cakes, Bites & Slices;2059kJ 537kJ (6%);4.6;null;null;26.4;null;null;0.55;
283112400;Tesco Latte Slices 6 Pack;£1.45;£0.24/each;Cakes & Pies;Small Cakes, Bites & Slices;424;3.5;null;40.0;20.5;4.8;3.0;0.3;
285174478;One Direction Chocolate Slices 5 Pack;£1.00;£0.20/each;Cakes & Pies;Small Cakes, Bites & Slices;1834kJ 385kJ;4.8;54.5;null;21.8;null;null;0.32;
285248000;Tesco 6 Butterscotch And Pecan Cake Slices;£1.45;£0.24/each;Cakes & Pies;Small Cakes, Bites & Slices;417;4.6;null;29.6;21.5;2.3;1.9;0.4;
283111073;Tesco Red Velvet Slices 6 Pack;£1.45;£0.24/each;Cakes & Pies;Small Cakes, Bites & Slices;427;4.3;null;39.3;18.2;3.6;1.3;0.3;
261668186;Tesco 6 Lemon Slices;£0.89;£0.15/each;Cakes & Pies;Small Cakes, Bites & Slices;394;3.0;null;39.0;17.1;3.8;2.0;0.3;
268780391;Tesco 6 Almond Slices;£0.89;£0.15/each;Cakes & Pies;Small Cakes, Bites & Slices;404;4.8;null;37.5;17.6;3.4;2.9;0.5;
267305951;Tesco Lemon Swirly Cupcakes 4 Pack;null;null;Cakes & Pies;Small Cakes, Bites & Slices;476;2.7;null;46.9;27.1;8.2;2.4;0.6;
267305916;Tesco Chocolate Swirly Cupcakes 4 Pack;£1.00;£0.25/each;Cakes & Pies;Small Cakes, Bites & Slices;489;3.2;null;46.2;27.8;6.3;2.5;0.5;
282821294;Haribo Starmix Fairy Cakes 6 Pack;£1.00;£0.17/each;Cakes & Pies;Small Cakes, Bites & Slices;405 ;5.0;null;null;15.8;null;0.6;0.32;
253672409;Tesco 12 Iced Fairy Cakes;£1.00;£0.08/each;Cakes & Pies;Small Cakes, Bites & Slices;436;4.8;null;34.6;21.3;2.8;0.3;0.5;
279667146;Tesco Chocolate Fairy Cakes 12 Pack;£1.00;£0.08/each;Cakes & Pies;Small Cakes, Bites & Slices;444;6.0;null;28.6;25.1;2.5;2.1;0.5;
267207059;Tesco 12 Assorted Party Selection;£1.80;£0.15/each;Cakes & Pies;Small Cakes, Bites & Slices;430;4.2;null;38.9;20.2;3.5;1.4;0.4;
274445428;Tesco Vanilla Mini Cupcakes 9Pk;null;null;Cakes & Pies;Small Cakes, Bites & Slices;503;3.1;null;56.7;28.1;11.2;1.1;0.3;
253343172;Tesco Everyday Value 12 Fairy Cakes;£0.60;£0.05/each;Cakes & Pies;Small Cakes, Bites & Slices;415;5.5;null;24.7;22.8;2.0;1.6;0.4;
267279301;Tesco Red Velvet Cupcake 2 Pack;£1.50;£0.75/each;Cakes & Pies;Small Cakes, Bites & Slices;489;2.6;null;51.9;27.7;9.1;2.4;0.4;
273343176;Tesco Party Cupcakes 12 Pack;£6.50;£0.54/each;Cakes & Pies;Small Cakes, Bites & Slices;499;2.7;null;52.6;28.6;10.7;1.0;0.3;
274738382;Tesco Giant Cupcake;£10.00;£10.00/each;Cakes & Pies;Small Cakes, Bites & Slices;434;2.1;null;50.1;15.3;5.2;0.5;0.4;
278064878;Tesco Giant Chocolate Cupcake;£6.00;£6.00/each;Cakes & Pies;Small Cakes, Bites & Slices;401;5.0;null;28.6;19.8;4.6;2.2;0.5;
253672277;Tesco 12 Fairy Cakes;£1.00;£0.08/each;Cakes & Pies;Small Cakes, Bites & Slices;442;5.3;null;29.1;24.1;2.2;0.8;0.5;
257169389;Cadbury 6 Mini Egg Easter Cakes;£2.00;£0.33/each;Cakes & Pies;Seasonal Cakes;1880kJ / 505kJ / 6% 8400kJ /;4.5;null;null;22.9;null;2.3;0.52;
286616675;Tesco Twin Pack Mother's Day Cupcakes;£1.50;£0.75/each;Cakes & Pies;Seasonal Cakes;468;2.4;null;57.8;24.3;9.6;1.9;0.4;
287150526;Irwins Joeys Lemon Buns 4 Pack;£1.00;£0.25/each;Cakes & Pies;Seasonal Cakes;1704 kJ -;4.1;null;null;21.0;null;1.6;0.4;
257983824;Mr Kipling Easter Lemon Bakewells 6 Pack;£1.00;£0.17/each;Cakes & Pies;Seasonal Cakes;1805kJ 776kJ;3.6;null;null;17.3;null;1.0;0.40;
276793801;Tesco Easter Chocolate Log 270G;£1.00;£0.37/100g;Cakes & Pies;Seasonal Cakes;425;4.8;null;35.0;20.8;12.7;2.7;0.3;
286715932;Tesco 15 Easter Cubes Celebration Cake;£9.00;£0.60/each;Cakes & Pies;Seasonal Cakes;437;5.0;null;42.7;19.9;12.7;4.5;0.5;
276493085;Tesco 12 Mini Easter Teacakes;£1.65;£0.14/each;Cakes & Pies;Seasonal Cakes;429;3.4;null;43.6;15.8;11.1;1.4;0.3;
282243563;Me To You Seasonal Cupcake;null;null;Cakes & Pies;Seasonal Cakes;1800kJ 988kJ;2.9;null;null;20.1;null;null;0.46;
254949329;Cadbury Mini Egg Nests 5 Pack;£2.00;£0.40/each;Cakes & Pies;Seasonal Cakes;2005kJ / 675kJ / 8% 8400kJ /;4.8;null;null;25.4;null;2.1;0.46;
276143500;Cadbury Cake Bar Lemon 5 Pack;£1.00;£0.20/each;Cakes & Pies;Seasonal Cakes;2000kJ / 620kJ / 8% 8400kJ /;4.2;null;null;26.0;null;2.0;0.85;
286672296;Tesco Easter Chocolate Chip Shortbread 168G;£1.65;£0.98/100g;Cakes & Pies;Seasonal Cakes;519;6.1;null;25.3;28.0;12.1;2.1;0.5;
276605323;Tesco Easter Chocolate Nest Cake;£6.00;£6.00/each;Cakes & Pies;Seasonal Cakes;437;4.5;null;40.3;22.5;6.9;2.1;0.3;
276492921;Cadbury Easter 10 Cake Selection;null;null;Cakes & Pies;Seasonal Cakes;1840kJ / 8400kJ /;5.3;null;null;19.0;null;2.1;0.75;
264439083;Mr Kipling Lemon Fancies.;£1.00;£0.13/each;Cakes & Pies;Seasonal Cakes;1599kJ 446kJ;2.6;null;null;9.8;null;0.5;0.50;
276674314;Tesco Easter Cupcake Platter 12 Pack;£6.50;£0.54/each;Cakes & Pies;Seasonal Cakes;457;3.8;null;23.4;24.0;9.4;2.3;0.4;
287150428;Irwins Joeys Chocy Buns 4 Pack;£1.00;£0.25/each;Cakes & Pies;Seasonal Cakes;1729 kJ -;4.4;null;null;16.9;null;1.9;0.5;
287040645;Thorntons Chocolate Orange Bites 10 Pack;£1.00;£0.10/each;Cakes & Pies;Seasonal Cakes;1995 kJ 308 kJ;5.7;51.3;null;27.2;null;null;0.23;
254949335;Cadbury Mini Eggs Chocolate Gateau;£3.00;£3.00/each;Cakes & Pies;Seasonal Cakes;1935kJ / 1345kJ / 16% 8400kJ/;5.3;null;null;23.1;null;2.1;0.51;
276400980;Mr Kipling St.Clements Slices 6 Pack;£1.00;£0.17/each;Cakes & Pies;Seasonal Cakes;1730kJ 467kJ;4.1;null;null;16.7;null;0.8;0.57;
287691352;Cadbury Orange Mini Roll 5 Pack;£1.00;£0.20/each;Cakes & Pies;Seasonal Cakes;1900kJ/ 515kJ/ 6% 8400kJ/;4.8;null;null;23.1;null;2.3;0.68;
282317799;The Cake Academy Simnel Cake;£10.00;£10.00/each;Cakes & Pies;Seasonal Cakes;1635kJ 1100kJ -;5.2;null;null;12.8;null;2.8;0.28;
287173862;Tesco Rabbit In The Hole Cake;£8.00;£8.00/each;Cakes & Pies;Seasonal Cakes;433;2.2;null;63.8;15.9;2.6;0.5;0.3;
282318055;The Cake Academy Simnel Slab;£4.00;£4.00/each;Cakes & Pies;Seasonal Cakes;1569kJ -;4.8;null;null;12.4;null;3.0;0.32;
273942054;Genius Brown Sliced Bread 535G;£2.90;£0.54/100g;Free From Bakery;Free From Bread;null;1.2;null;null;2.7;null;2.3;0.3;
278508366;Genius Brown Bread 350G;£2.30;£0.66/100g;Free From Bakery;Free From Bread;null;3.3;null;null;7.4;null;6.4;0.8;
260954890;Tesco Free From Multiseed Slice Bread 400G;£2.00;£0.50/100g;Free From Bakery;Free From Bread;294;6.7;null;2.7;11.8;1.1;10.7;0.7;
266196573;Genius Brown Free From Rolls 4 Pack;£2.40;£0.60/each;Free From Bakery;Free From Bread;null;7.7;null;null;10.4;null;3.2;0.9;
266528959;Dietary Specials Brown Ciabatta Rolls 200G;£1.50;£0.75/100g;Free From Bakery;Free From Bread;1150kJ 575kJ;5.8;40;null;8.1;null;8.9;1.0;
285885996;Newburnbakehouse Free From White Loaf 560G;£3.00;£0.54/100g;Free From Bakery;Free From Bread;1007kJ 352kJ 8400kJ;8.2;null;null;6.1;null;5.8;0.83;
276605133;Tesco Free From Fresh White 550G;£2.40;£0.44/100g;Free From Bakery;Free From Bread;262;3.8;null;3.5;5.0;0.4;4.9;1.0;
260954924;Tesco Free From White Sliced Bread 400G;£2.00;£0.50/100g;Free From Bakery;Free From Bread;269;3.3;null;8.2;5.6;0.5;4.9;0.9;
278508435;Genius White Bread 350G;£2.30;£0.66/100g;Free From Bakery;Free From Bread;null;3.1;null;null;8.2;null;8.2;0.9;
282088199;Kelkin Sourdough Multiseed 200G;£3.00;£1.50/100g;Free From Bakery;Free From Bread;277;7.8;null;null;11;null;6.7;1.1;
266197065;Genius White Free From Rolls 4 Pack;£2.29;£0.57/each;Free From Bakery;Free From Bread;null;3.1;null;null;9.6;null;7.3;0.9;
280031984;Udi's Wholegrain Loaf 400G;£1.10;£0.28/100g;Free From Bakery;Free From Bread;1119 kJ 425 kJ;3.6;null;null;5.0;null;4.6;0.7;
285886177;Newburnbakehouse Free From Seeded Loaf 560G;£3.00;£0.54/100g;Free From Bakery;Free From Bread;1005kJ 352kJ 8400kJ;8.2;null;null;7.2;null;8.3;0.80;
276606161;Tesco Free From Sliced Seeded Bread 550G;£2.40;£0.44/100g;Free From Bakery;Free From Bread;283;4.4;null;4.7;8.6;1.2;7.8;0.8;
280516054;Ds Wholesome Seeded Sliced Loaf 300G;£2.50;£0.83/100g;Free From Bakery;Free From Bread;248;4.3;40;null;6.2;null;7.4;0.85;
280010237;Udi's White Loaf 400G;£1.10;£0.28/100g;Free From Bakery;Free From Bread;1123 kJ 408 kJ;3.7;null;null;5.0;null;4.0;0.7;
266528886;Dietary Specials White Ciabatta Rolls 200G;£1.50;£0.75/100g;Free From Bakery;Free From Bread;900kJ 458kJ;4.1;41;null;1.8;null;8.3;1.0;
268530238;Genius Multi Seeded Bread 560G;£3.00;£0.54/100g;Free From Bakery;Free From Bread;1175 / 280 435 / 104 2000 kcal;5.7;null;null;12.1;null;10.4;0.9;
273949444;Genius Sliced White Bread 535G;£2.90;£0.54/100g;Free From Bakery;Free From Bread;null;3.1;null;null;8.2;null;8.2;0.9;
285886131;Newburnbakehouse Free From Brown Loaf 560G;£3.00;£0.54/100g;Free From Bakery;Free From Bread;927kJ 340kJ 8400kJ;7.7;null;null;5.0;null;6.2;0.80;
282059286;Warburtons Free From Seeded Sandwich Thins 4 Pack;£2.00;£0.50/each;Free From Bakery;Free From Bread;1235kJ 741kJ 8400kJ;4.7;null;null;11.2;null;4.0;0.75;
277182549;Warburtons White Baguettes 2 Pack;£2.35;£1.18/each;Free From Bakery;Free From Bread;1170kJ 930kJ 8400kJ;2.8;null;null;2.2;null;3.2;1.00;
281974396;Warburtons Free From White Sandwich Thins 4 Pack;£2.00;£0.50/each;Free From Bakery;Free From Bread;1227kJ 712kJ 8400kJ;4.3;null;null;10.3;null;4.6;0.75;
282059263;Warburtons Free From Fruity Thins With Orange 4 Pack;£2.00;£0.50/each;Free From Bakery;Free From Bread;1180kJ 708kJ 8400kJ;3.7;null;null;7.5;null;3.5;0.75;
255965968;Tesco Free From 4 White Rolls;£1.60;£0.40/each;Free From Bakery;Free From Bread;266;3.7;null;6.9;4.6;0.4;5.5;0.9;
280108347;Udis Classic Finger Rolls 340G;£2.50;£0.74/100g;Free From Bakery;Free From Bread;1093 kJ 929 kJ;3.3;null;null;4.9;null;4.7;0.7;
283840995;Udi's Seeded Rolls 300G;£2.50;£0.83/100g;Free From Bakery;Free From Bread;1119 kJ 839 kJ;5.1;null;null;7.7;null;8.9;0.7;
285885777;Newburnbakehouse Free From White Rolls 4 Pack;£2.50;£0.63/each;Free From Bakery;Free From Bread;1028kJ 720kJ 8400kJ;7.3;null;null;5.7;null;5.9;0.90;
280572752;Udis 4 Tasty White Rolls 340G;£2.50;£0.74/100g;Free From Bakery;Free From Bread;1079 kJ 863 kJ;2.6;null;null;3.0;null;5.8;0.7;
284157230;Tesco Free From Bakewell Slices 5 Pack;£1.80;£0.36/each;Free From Bakery;Free From Cakes & Cookies;409;4.2;null;28.2;17.8;1.6;1.1;0.5;
280568781;Mrs Crimble's Chocolate Rings 200G;null;null;Free From Bakery;Free From Cakes & Cookies;2076 kJ 691 kJ;3.7;62.3;null;24.6;null;5.5;0.05;
266712960;Tesco Free From Jam Tarts 6 Pack;£2.00;£0.33/each;Free From Bakery;Free From Cakes & Cookies;401;1.4;null;26.4;15.0;7.0;1.8;0.2;
266712608;Tesco Free From 4 Cherry Bakewell Tarts;£2.00;£0.50/each;Free From Bakery;Free From Cakes & Cookies;445;2.6;null;35.2;17.4;4.9;2.2;null;
283819751;Udi's Chocolate Chip Bagels 350G;£2.30;£0.66/100g;Free From Bakery;Free From Cakes & Cookies;1246 kJ 1090 kJ;6.7;null;null;8.6;null;5.0;0.7;
284215611;Bfree Fajita Kit Allergen Free 412G;£5.50;£1.34/100g;Free From Bakery;Free From Cakes & Cookies;743kJ 534kJ -;4.2;32.8;null;1.2;null;8.6;null;
284325976;Udi's Double Chocolate Muffins 140G;£1.90;£1.36/100g;Free From Bakery;Free From Cakes & Cookies;1685 kJ 1180 kJ;4.3;51.2;null;19.5;null;2.5;0.7;
252959303;Mrs Crimble's Coconut Macaroons 6 Pack;£1.35;£0.23/each;Free From Bakery;Free From Cakes & Cookies;1912 kJ 637 kJ;3.3;63.0;null;20.2;null;4.7;0.08;
264155470;Mrs Crimble's Bakewell Slices 4 Pack;£1.15;£0.29/each;Free From Bakery;Free From Cakes & Cookies;1946 kJ 973 kJ;2.8;58.9;null;23.8;null;2.1;0.4;
284157178;Tesco Free From Angel Slices 5 Pack;£1.80;£0.36/each;Free From Bakery;Free From Cakes & Cookies;421;3.1;null;36.6;18.1;2.5;0.5;0.5;
284157299;Tesco Free From Lemon Slices 5 Pack;£1.80;£0.95/100g;Free From Bakery;Free From Cakes & Cookies;410;3.0;null;34.2;17.5;2.5;1.0;0.5;
284325924;Udi's Blueberry Muffins 160G;£1.90;£1.19/100g;Free From Bakery;Free From Cakes & Cookies;1449 kJ 1159 kJ;3.1;48.2;null;15.6;null;1.2;0.8;
268805219;Tesco Free From Chocolate Sponge Cake 560G;£3.50;£0.63/100g;Free From Bakery;Free From Cakes & Cookies;458;3.7;null;38.6;22.8;4.1;1.9;0.6;
252958984;Mrs Crimble's Chocolate Macaroons 6 Pack;£1.35;£0.23/each;Free From Bakery;Free From Cakes & Cookies;1971 kJ 755 kJ;3.3;61.0;null;22.7;null;4.7;0.08;
256682675;Tesco Free From Bramley Apple Pies 4 Pack;£2.00;£0.50/each;Free From Bakery;Free From Cakes & Cookies;376;1.7;null;27.9;12.5;5.9;0.8;0.2;
274147482;Mrs Crimble's Large Coconut Jam Rings 6 Pack;£1.40;£0.23/each;Free From Bakery;Free From Cakes & Cookies;1807 kJ 723 kJ;3.8;51;null;21;null;11;0.09;
286069135;Genius Blueberry Muffin 2 Pack;£2.00;£1.00/each;Free From Bakery;Free From Cakes & Cookies;370;3.6;null;null;17.1;null;1.6;0.38;
256688352;Tesco Free From Chocolate Brownie Cake Bars 4 Pack;£1.50;£0.38/each;Free From Bakery;Free From Cakes & Cookies;430;4.2;null;34.8;20.3;4.1;4.1;0.8;
284157112;Tesco Free From Coffee And Walnut Slices 5 Pack;£1.80;£0.36/each;Free From Bakery;Free From Cakes & Cookies;418;3.5;null;30.9;19.2;2.6;1.2;0.5;
256682358;Tesco Free From Chocolate Muffins 2 Pack;£0.70;£0.35/each;Free From Bakery;Free From Cakes & Cookies;434;4.1;null;33.4;20.8;5.1;4.3;0.7;
278418034;Tesco Finest Free From Chocolate And Cranberry Cookies 150G;£2.00;£1.34/100g;Free From Bakery;Free From Cakes & Cookies;497;5.4;null;35.2;24.0;14.5;2.9;0.6;
282513054;Free From Shortbread 200G;£1.50;£0.75/100g;Free From Bakery;Free From Cakes & Cookies;525;5.5;null;30.1;28.9;17.0;2.7;0.6;
281977335;Warburtons Chilli Cracker Thins 135G;£2.30;£1.71/100g;Free From Bakery;Free From Cakes & Cookies;1746kJ 105kJ 8400kJ;1.7;null;null;11.8;null;6.8;2.10;
280621050;Udi's Strawberry Bars 200G;£3.00;£2.50/100g;Free From Bakery;Free From Cakes & Cookies;1533 kJ 613 kJ;4.8;null;null;5.6;null;4.7;0.2;
279570916;Nakd Selection 4 X 35G Pack;£2.75;£0.69/each;Free From Bakery;Free From Cakes & Cookies;1736kJ 607kJ;11;45;null;20;null;6;trace;
278437236;Tesco Finest Free From Dark Chocolate Ginger Cookies 150G;£2.00;£1.34/100g;Free From Bakery;Free From Cakes & Cookies;485;4.6;null;37.1;22.0;13.0;2.1;0.4;
280108172;Udi's Mixed Muffins 2Pack;£1.90;£0.95/each;Free From Bakery;Free From Cakes & Cookies;1693 kJ 1270 kJ;3.5;null;null;20.4;null;1.7;0.7;
285964459;Nakd Bakewell Tart 35G Bar;£0.75;£2.15/100g;Free From Bakery;Free From Cakes & Cookies;1637kJ 573kJ;7.5;null;null;17.0;null;4.9;0.1;
274194592;Warburtons Lemon And Poppyseed Muffins 2 Pack;£2.00;£1.00/each;Free From Bakery;Free From Cakes & Cookies;1680kJ 1512kJ 8400kJ;3.9;null;null;21.7;null;2.5;0.78;
281977548;Warburtons Cheese Cracker Thins 135G;£2.30;£1.71/100g;Free From Bakery;Free From Cakes & Cookies;1725kJ 104kJ 8400kJ;2.5;null;null;11.8;null;6.3;2.13;
283840966;Udi's Sundried Bagels 350G;£2.30;£0.66/100g;Free From Bakery;Free From Cakes & Cookies;1119 kJ 979 kJ;6.5;null;null;6.4;null;6.2;1.1;
274214351;Warburtons Blueberry & Cranberry Muffins 2 Pack;£2.00;£1.00/each;Free From Bakery;Free From Cakes & Cookies;1530kJ 1377kJ 8400kJ;2.9;null;null;18.3;null;1.6;0.60;
283840880;Udi's Seeded Bagels 350G;£2.30;£0.66/100g;Free From Bakery;Free From Cakes & Cookies;1218 kJ 1066 kJ;8.3;null;null;9.5;null;6.7;0.8;
283841493;Udi's Tiger Bloomer 400G;£2.50;£0.63/100g;Free From Bakery;Free From Cakes & Cookies;1108 kJ 277 kJ;3.3;null;null;5.2;null;4.2;0.7;
278434838;Tesco Finest Free From Triple Chocolate Cookies 150G;£2.00;£1.34/100g;Free From Bakery;Free From Cakes & Cookies;508;5.8;null;40.4;26.2;15.8;3.5;0.8;
262327869;Tesco Free From 4 Crumpets;£2.00;£0.50/each;Free From Bakery;Free From Crumpets, Breakfast Muffins & Pancakes;194;5.6;null;1.9;4.3;0.5;0.8;1.3;
285886309;Newburnbakehouse Free From Seeded Wraps 4Pack;£2.99;£0.75/each;Free From Bakery;Free From Wraps, Bagels, Pitta & Crumpets;1270kJ 762kJ 8400kJ;5.5;null;null;8.4;null;9.5;1.13;
280069703;Udi's Cinnamon And Raisin Bagels 350G;£2.30;£0.66/100g;Free From Bakery;Free From Wraps, Bagels, Pitta & Crumpets;1151kJ 1093kJ;6.3;null;null;6.2;null;5.7;0.8;
258121012;Tesco Free From 4 Pitta Bread;£2.00;£0.50/each;Free From Bakery;Free From Wraps, Bagels, Pitta & Crumpets;266;4.4;null;2.5;5.2;0.4;3.5;0.8;
278701753;B Free Multigrain Wrap 6 X 46 G;null;null;Free From Bakery;Free From Wraps, Bagels, Pitta & Crumpets;905kJ 416kJ;5.4;null;null;1.6;null;12.5;null;
284275907;Genius Crumpet 220G;£2.00;£0.91/100g;Free From Bakery;Free From Wraps, Bagels, Pitta & Crumpets;209;4.8;29;2.6;7.4;0.6;2.7;1.17;
285886246;Newburnbakehouse Free From White Wraps 4Pack;null;null;Free From Bakery;Free From Wraps, Bagels, Pitta & Crumpets;1165kJ 699kJ 8400kJ;4.5;null;null;5.7;null;7.3;1.13;
280047770;Udi's Plain Bagels 350G;£2.30;£0.66/100g;Free From Bakery;Free From Wraps, Bagels, Pitta & Crumpets;1114kJ 1058kJ;6.4;null;null;6.2;null;3.7;0.8;
258798458;Tesco Free From Pizza Bases 2 Pack;£2.00;£1.00/each;Free From Bakery;Free From Wraps, Bagels, Pitta & Crumpets;242;3.9;null;10.4;3.8;0.3;2.9;0.7;
257640764;Kelkin Gluten Free Tea Cakes 168G;£3.70;£22.03/kg;Free From Bakery;Free From Tea Cakes, Fruit Loaves & Scones;407;1.2;61;null;16;null;0;0.38;
282073090;Genius Fruit Loaf 400G;£2.50;£0.63/100g;Free From Bakery;Free From Tea Cakes, Fruit Loaves & Scones;null;4.1;null;null;8;null;6;0.5;
286671239;Tesco Finest Apple And Cinnamon Hot Cross Buns 4 Pack;£1.50;£0.38/each;Easter Cakes & Treats;Hot Cross Buns;269;7.6;null;16.4;4.5;2.2;2.8;0.5;
261331312;Tesco Finest White Hot Cross Buns 4 Pack;£1.50;£0.38/each;Easter Cakes & Treats;Hot Cross Buns;283;8.9;null;25.1;5.4;2.8;3.1;0.6;
286866551;Hot Cross Sharing Bun;£2.50;£2.50/each;Easter Cakes & Treats;Hot Cross Buns;292;7.2;null;15.3;7.0;3.5;2.8;0.5;
286748942;6 Beautifully Balanced Hot Cross Buns;£1.00;£0.17/each;Easter Cakes & Treats;Hot Cross Buns;265;6.7;null;21.1;3.3;1.0;5.1;0.4;
286672002;Tesco Finest Fudge And Belgian White Chocolate Hot Cross Buns 4Pack;£1.50;£0.38/each;Easter Cakes & Treats;Hot Cross Buns;328;8.4;null;13.8;11.1;5.8;2.4;0.7;
254946119;Tesco 6 White Hot Cross Buns;£1.00;£0.17/each;Easter Cakes & Treats;Hot Cross Buns;284;7.4;null;21.3;4.7;1.0;3.4;0.5;
258510116;Tesco Baked Beans In Tomato Sauce 420G;£0.32;£0.76/kg;Tins, Cans & Packets;Baked Beans;87;4.3;null;5.5;0.5;0.1;4.1;0.6;
273724002;Heinz Five Beanz In Tomato Sauce 415G;£0.90;£2.17/kg;Tins, Cans & Packets;Baked Beans;null;5.4;null;null;0.2;null;4.3;null;
253034146;Heinz Baked Beans In Tomato Sauce 6 Pack 2490G;null;null;Tins, Cans & Packets;Baked Beans;329kJ 682kJ -;4.7;null;null;0.2;null;3.7;0.6;
275205660;Branston Beans And Sausages 405G;£0.85;£2.10/kg;Tins, Cans & Packets;Baked Beans;null;null;null;null;null;null;null;null;
259992862;Oaktree Estate Baked Beans In Tomato Sauce420;£0.60;£1.43/kg;Tins, Cans & Packets;Baked Beans;88;4.1;null;5.8;0.7;0.2;4.7;0.6;
254876305;Tesco Baked Beans In Tomato Sauce 220G;£0.20;£0.91/kg;Tins, Cans & Packets;Baked Beans;87;4.3;null;5.5;0.5;0.1;4.1;0.6;
252632995;Heinz Baked Beans And Pork Sausages 200G;£0.65;£3.25/kg;Tins, Cans & Packets;Baked Beans;null;5.3;null;null;2.6;null;2.9;null;
275205441;Branston Beans In Tomato Sauce 220G;£0.50;£2.28/kg;Tins, Cans & Packets;Baked Beans;null;null;null;null;null;null;null;null;
275206221;Hunger Breaks All Day Breakfast Beans 395G;£1.75;£4.44/kg;Tins, Cans & Packets;Baked Beans;114;5.8;null;null;3.8;null;3.4;null;
262229847;Heinz Baked Beans 3X200g;£1.55;£2.59/kg;Tins, Cans & Packets;Baked Beans;329kJ 659kJ -;4.7;null;null;0.2;null;3.7;0.6;
275205504;Branston Beans In Tomato Sauce 410G;£0.50;£1.22/kg;Tins, Cans & Packets;Baked Beans;null;null;null;null;null;null;null;null;
252633026;Heinz Baked Beans And Pork Sausages 415G;£1.00;£2.41/kg;Tins, Cans & Packets;Baked Beans;null;5.0;null;null;2.5;null;2.8;null;
252261477;Heinz Baked Beans In Tomato Sauce 415G;£0.75;£1.81/kg;Tins, Cans & Packets;Baked Beans;null;4.7;null;null;0.2;null;3.7;null;
259051507;Tesco Baked Beans & Pork Sausages In Tom Sauce 395G;£0.70;£1.78/kg;Tins, Cans & Packets;Baked Beans;115;6.2;null;4.6;3.2;1.1;3.8;null;
261507831;Oaktree Estate Beans And Sausages 405G;£0.70;£1.73/kg;Tins, Cans & Packets;Baked Beans;126;6.8;null;4.2;4.6;1.8;3.1;0.6;
252004443;Heinz Baked Beans In Tomato Sauce 415G X 4 Pack;£2.00;£1.21/kg;Tins, Cans & Packets;Baked Beans;329kJ 682kJ -;4.7;null;null;0.2;null;3.7;0.6;
250993529;Heinz Baked Beans In Tomato Sauce 200G;£0.60;£3.00/kg;Tins, Cans & Packets;Baked Beans;null;4.7;null;null;0.2;null;3.7;null;
254876547;Tesco Baked Beans & Pork Sausages In Tom Sauce 220G;£0.50;£2.28/kg;Tins, Cans & Packets;Baked Beans;115;6.0;null;4.4;3.8;1.4;3.7;0.7;
276414013;Geo Organics Fair Trade Baked Beans 400G;£1.00;£2.50/kg;Tins, Cans & Packets;Baked Beans;88 Kcal;5.1;null;null;0.4;null;null;null;
275205579;Branston Beans In Tomato Sauce 4 X 410G;£2.55;£1.56/kg;Tins, Cans & Packets;Baked Beans;null;null;null;null;null;null;null;null;
256947789;Tesco Baked Beans In Tomato Sauce 420G X 4 Pack;£1.20;£0.71/kg;Tins, Cans & Packets;Baked Beans;87;4.3;null;5.5;0.5;0.1;4.1;0.6;
279173436;Hunger Breaks The Mixed Grill 395G;£1.75;£4.44/kg;Tins, Cans & Packets;Baked Beans;120;7.6;null;null;4.9;null;2.5;0.60;
276778394;Tesco Organic Baked Beans In Tomato Sauce 420G;£0.60;£1.43/kg;Tins, Cans & Packets;Baked Beans;94;4.8;null;5.3;0.6;0.1;5.5;0.5;
273290358;Tesco The Works In Tomato Sauce 392G;£1.50;£3.83/kg;Tins, Cans & Packets;Baked Beans;110;5.4;null;4.2;3.1;1.2;0.9;0.6;
281205182;Tesco Healthy Living Baked Beans In Tomato Sauce 420G;£0.32;£0.76/kg;Tins, Cans & Packets;Baked Beans;82;4.3;null;3.8;0.5;0.1;3.4;0.4;
281205265;Tesco Healthy Living Baked Beans In Tomato Sauce 4X420g;£1.20;£0.71/kg;Tins, Cans & Packets;Baked Beans;78;4.3;null;3.5;0.5;0.1;4.1;0.4;
281205069;Tesco Healthy Living Baked Beans In Tomato Sauce 220G;£0.25;£1.14/kg;Tins, Cans & Packets;Baked Beans;82;4.3;null;3.8;0.5;0.1;3.4;0.4;
267325161;Heinz Baked Beans Fridge Pack 1Kg;£1.44;£1.44/kg;Tins, Cans & Packets;Baked Beans;335kJ 670kJ;4.6;null;null;0.2;null;3.6;null;
280933907;Tesco Smoky Bacon Beans 390G;£0.85;£2.18/kg;Tins, Cans & Packets;Baked Beans;99;6.8;null;4.9;1.5;0.6;2.7;0.7;
258290127;Tesco Everyday Value Baked Beans In Tomato Sauce 420G;£0.24;£0.57/kg;Tins, Cans & Packets;Baked Beans;87;3.7;null;4.5;0.5;0.1;4.4;0.6;
262713166;Heinz Baked Beans Snap Pots 4X200g;null;null;Tins, Cans & Packets;Baked Beans;null;4.7;null;null;0.2;null;3.7;null;
250372297;Tesco Vegetarian Beans Sausages 395G;£0.70;£1.78/kg;Tins, Cans & Packets;Baked Beans;91;7.4;null;2.7;2.2;0.3;3.5;0.8;
275215884;Hunger Breaks The Full Monty 395G;£1.75;£4.44/kg;Tins, Cans & Packets;Baked Beans;115;6.7;null;null;3.5;null;3.5;null;
273290266;Tesco All Day Breakfast In Tomato Sauce 392G;£1.50;£3.83/kg;Tins, Cans & Packets;Baked Beans;108;6.1;null;4.8;3.1;1.0;1.0;0.6;
276975828;Tesco Mixed Baked Beans 415G;£0.40;£0.96/kg;Tins, Cans & Packets;Baked Beans;95;5.2;null;5.8;0.4;0.1;4.9;0.6;
267557168;Tesco Everyday Value Beans And Sausages 405G;£0.39;£0.96/kg;Tins, Cans & Packets;Baked Beans;114;6.2;null;4.5;3.5;1.4;3.3;0.5;
264852746;Heinz Snap Pots Reduced Salt & Sugar Baked Beans 4X200g;£2.00;£2.50/kg;Tins, Cans & Packets;Baked Beans;null;4.7;null;null;0.2;null;3.7;null;
279174412;Hunger Breaks The Spicy One 395G;£1.75;£4.44/kg;Tins, Cans & Packets;Baked Beans;123;8.0;null;null;4.4;null;3.2;null;
282844779;Tesco Oak Tree Estate Baked Beans 4 X 420G;£2.50;£1.49/kg;Tins, Cans & Packets;Baked Beans;88;4.1;null;5.8;0.7;0.2;4.7;0.6;
253923880;Tesco Baked Beans In Tomato Sauce 420G X 6 Pack;£1.75;£0.69/kg;Tins, Cans & Packets;Baked Beans;87;4.3;null;5.5;0.5;0.1;4.1;0.6;
276604059;Westlers Baked Beans And Meatballs 400G;null;null;Tins, Cans & Packets;Baked Beans;113;5.1;null;null;2.9;null;2.7;0.8;
261118623;Heinz Baked Beans Reduced Sugar And Salt 4X415g;£2.00;£1.21/kg;Tins, Cans & Packets;Baked Beans;null;4.6;null;null;0.2;null;3.6;null;
281035362;Tesco Barbecue Baked Beans In Tomato Sauce 420G;£0.40;£0.95/kg;Tins, Cans & Packets;Baked Beans;93;4.5;null;5.0;0.6;0.1;5.0;0.7;
258040482;Heinz Reduced Sugar And Salt Baked Beans 415G;£0.75;£1.81/kg;Tins, Cans & Packets;Baked Beans;297kJ 614kJ;4.6;null;null;0.2;null;3.6;0.4;
276448174;On The Pulse Mexican Chipotle Bean Bag 250G;£1.40;£5.60/kg;Tins, Cans & Packets;Baked Beans;null;4.6;null;null;null;null;null;null;
250998812;Heinz Weight Watchers Baked Beans 200G;£0.60;£3.00/kg;Tins, Cans & Packets;Baked Beans;309kJ 617kJ;4.7;null;null;0.2;null;3.7;null;
281317789;Tesco Curried Baked Beans 420G;£0.40;£0.95/kg;Tins, Cans & Packets;Baked Beans;95;4.6;null;5.7;0.6;0.1;5.1;0.6;
252483911;Heinz Weight Watchers Baked Beans 415G;£0.75;£1.81/kg;Tins, Cans & Packets;Baked Beans;302kJ 625kJ;4.5;null;null;0.2;null;3.6;null;
276447999;On The Pulse Tomato And Habanero Chilli 250G;£1.40;£5.60/kg;Tins, Cans & Packets;Baked Beans;null;4.5;null;null;null;null;null;null;
276430546;On The Pulse Thai Curry Bean Bag 250G;£1.40;£5.60/kg;Tins, Cans & Packets;Baked Beans;null;4.6;null;null;null;null;null;null;
284754053;Batchelors Spic Chicken Couscous 98G;£1.19;£12.15/kg;Tins, Cans & Packets;Packet Snack Meals;119;4.7;null;null;1.1;null;1.6;0.40;
284862719;Batch Pasta 'N' Sauce Cheese Leek And Ham 110G;£0.99;£9.00/kg;Tins, Cans & Packets;Packet Snack Meals;null;5.2;null;null;2.0;null;0.8;0.43;
284741523;Naked Noodle Stir Fry Hoisin 120G;£1.20;£10.00/kg;Tins, Cans & Packets;Packet Snack Meals;592kJ 875kJ;4.3;null;null;0.7;null;2.3;0.83;
255577698;Tesco Everyday Value Tomato And Onion Pasta'n'sce 110G;£0.20;£1.82/kg;Tins, Cans & Packets;Packet Snack Meals;97;3.3;null;3.6;0.3;0.1;1.4;0.3;
254104166;Tesco Pasta In Sauce Cheese And Broccoli 120G;£0.65;£5.42/kg;Tins, Cans & Packets;Packet Snack Meals;112;4.6;null;2.7;1.6;1.0;1.4;0.3;
284754174;Batchelors Roast Vegetable Couscous 98G;£1.19;£12.15/kg;Tins, Cans & Packets;Packet Snack Meals;116;4.0;null;null;0.9;null;1.7;0.20;
266376337;Tesco Macaroni Cheese Pasta And Sauce 120G;£0.65;£5.42/kg;Tins, Cans & Packets;Packet Snack Meals;139;5.7;null;2.6;1.8;1.1;1.4;0.3;
284741834;Naked Noodle Stir Fry Teriyaki 120G;£1.20;£10.00/kg;Tins, Cans & Packets;Packet Snack Meals;571kJ 821kJ;4.3;null;null;0.7;null;1.4;0.78;
284862725;Batch Pasta 'N' Sauce Cheese And Broccoli 123G;£0.99;£9.00/kg;Tins, Cans & Packets;Packet Snack Meals;null;4.9;null;null;1.8;null;0.9;0.38;
284776712;Batchelor's Super Rice Chinese 100G;£0.81;£8.10/kg;Tins, Cans & Packets;Packet Snack Meals;157;3.9;null;null;1.0;null;1.1;0.19;
284591786;Batchelors Super Pasta And Sauce Cheese And Broccoli 200G;£1.59;£7.95/kg;Tins, Cans & Packets;Packet Snack Meals;127;4.8;null;null;1.7;null;1.0;0.37;
258436291;Batchelors Pasta 'N' Sauce Macaroni Cheese 108G;£0.99;£9.17/kg;Tins, Cans & Packets;Packet Snack Meals;null;5.6;null;null;2.3;null;0.7;0.37;
284590136;Tesco Tomato And Herb Pasta And Sauce 120G;£0.70;£5.84/kg;Tins, Cans & Packets;Packet Snack Meals;110;3.9;null;4.3;0.4;0.2;1.5;0.3;
284776856;Batchelor's Super Rice Chicken 100G;£0.81;£8.10/kg;Tins, Cans & Packets;Packet Snack Meals;155;4.3;null;null;0.9;null;1.3;0.38;
284604266;Batchelors Super Pasta And Sauce Chicken And Mushroom 200G;£1.59;£7.95/kg;Tins, Cans & Packets;Packet Snack Meals;123;4.5;null;null;0.9;null;0.8;0.41;
284738044;Naked Noodle Stir Fry Chow Mein 120G;£1.20;£10.00/kg;Tins, Cans & Packets;Packet Snack Meals;649kJ 857kJ;4.8;null;null;0.8;null;1.5;0.77;
258841951;Tesco Pasta In Sauce Chicken And Mushroom 120G;£0.65;£5.42/kg;Tins, Cans & Packets;Packet Snack Meals;118;4.8;null;2.1;0.8;0.3;1.4;0.3;
284604370;Batchelors Super Rice Golden Vegetable 215G;£1.49;£6.94/kg;Tins, Cans & Packets;Packet Snack Meals;148;4.2;null;null;0.9;null;1.2;0.40;
284862731;Batch Pasta 'N' Sauce Chicken And Mushroom 122G;£0.99;£9.00/kg;Tins, Cans & Packets;Packet Snack Meals;null;4.6;null;null;1.0;null;0.8;0.40;
284776833;Batchelor's Super Rice Beef 100G;£0.81;£8.10/kg;Tins, Cans & Packets;Packet Snack Meals;156;5.0;null;null;1.1;null;1.5;0.47;
284776919;Batchelor's Super Rice Golden 100G;£0.81;£8.10/kg;Tins, Cans & Packets;Packet Snack Meals;155;4.5;null;null;0.9;null;1.3;0.42;
255577744;Tesco Everyday Value Golden Vegetable Savoury Rice 120G;£0.25;£2.09/kg;Tins, Cans & Packets;Packet Snack Meals;116;2.6;null;1.4;0.4;0.2;1.9;0.4;
284717616;Blue Dragon Chinese Barbecue 55G;£1.19;£21.64/kg;Tins, Cans & Packets;Packet Snack Meals;109;2.2;null;null;3.4;null;0.5;0.58;
284713125;Blue Dragon Thai Red Curry 55G;£1.19;£21.64/kg;Tins, Cans & Packets;Packet Snack Meals;108;2.5;null;null;4.1;null;1.3;0.54;
284712909;Blue Dragon Chow Mein 55G;£1.19;£21.64/kg;Tins, Cans & Packets;Packet Snack Meals;109;2.5;null;null;3.4;null;0.8;0.68;
284776758;Batchelor's Super Rice Curry 100G;£0.81;£8.10/kg;Tins, Cans & Packets;Packet Snack Meals;156;4.3;null;null;0.9;null;0.9;0.47;
284754208;Batchelors Bolognese Past Deli Box 75G;£1.19;£15.87/kg;Tins, Cans & Packets;Packet Snack Meals;100;3.3;null;null;0.5;null;1.0;0.40;
273144193;Batchelors Deli Box Chow Mein Noodles 75G;£1.19;£15.87/kg;Tins, Cans & Packets;Packet Snack Meals;110;4.0;null;null;0.9;null;0.9;null;
284604491;Batchelors Super Rice Chicken 215G;£1.49;£6.94/kg;Tins, Cans & Packets;Packet Snack Meals;148;4.1;null;null;0.8;null;1.2;0.36;
284713177;Blue Dragon Chinese Curry 55G;null;null;Tins, Cans & Packets;Packet Snack Meals;111;2.5;null;null;3.7;null;0.5;0.73;
284475285;Itsu Noodle Cup Chicken Classic 63G;£2.29;£36.35/kg;Tins, Cans & Packets;Packet Snack Meals;null;null;null;null;null;null;null;null;
273127876;Batchelors Deli Box Barbecue Beef Noodles 75G;£1.19;£1.59/100g;Tins, Cans & Packets;Packet Snack Meals;109;4.0;null;null;2.2;null;1.0;null;
284627901;Blue Dragon Beef And Black Bean 55G;£1.19;£21.64/kg;Tins, Cans & Packets;Packet Snack Meals;108;2.4;null;null;3.6;null;0.9;0.57;
273127939;Batchelors Deli Box Cheese &Broc Pasta 75G;£1.19;£15.87/kg;Tins, Cans & Packets;Packet Snack Meals;106;3.5;null;null;1.8;null;1.0;null;
273144498;Batchelors Deli Box Curry Noodles 75G;£1.19;£15.87/kg;Tins, Cans & Packets;Packet Snack Meals;108;3.9;null;null;0.9;null;1.5;null;
284717484;Blue Dragon Sweet Chilli Chicken 55G;£1.19;£21.64/kg;Tins, Cans & Packets;Packet Snack Meals;103;2.5;null;null;3.7;null;3.1;0.66;
273144141;Batchelors Deli Box Chicken Noodles 75G;£1.19;£15.87/kg;Tins, Cans & Packets;Packet Snack Meals;null;3.8;null;null;1.0;null;1.0;0.37;
284475544;Itsu Noodle Cup Chicken Jaipur 58G;£2.29;£39.49/kg;Tins, Cans & Packets;Packet Snack Meals;null;null;null;null;null;null;null;null;
284627861;Blue Dragon Hoisin And Garlic 55G;£1.19;£21.64/kg;Tins, Cans & Packets;Packet Snack Meals;117;2.4;null;null;4.1;null;0.9;0.63;
284713062;Blue Dragon Szechuan And Tomato 55G;£1.19;£21.64/kg;Tins, Cans & Packets;Packet Snack Meals;100;2.6;null;null;3.2;null;1.4;0.74;
262562476;Pot Noodle King Beef And Tomato 114G;£1.00;£8.78/kg;Tins, Cans & Packets;Packet Snack Meals;143;3.5;null;null;5.4;null;1.2;0.58;
260187386;Pot Noodle Original Curry 90G;£1.00;£11.12/kg;Tins, Cans & Packets;Packet Snack Meals;45;2.8;null;null;5.4;null;1.2;0.48;
260188496;Pot Noodle Bombay Bad Boy 90G;£1.00;£11.12/kg;Tins, Cans & Packets;Packet Snack Meals;143;3.2;null;null;5.5;null;1.3;0.4;
250105350;Batchelors Bolognese Style 120G;£0.99;£8.25/kg;Tins, Cans & Packets;Packet Snack Meals;310;25.6;null;null;6.1;null;13.5;null;
261058342;Pot Noodle Original Curry 4 X 90G;£3.00;£8.34/kg;Tins, Cans & Packets;Packet Snack Meals;145;2.8;null;null;5.4;null;1.2;0.48;
260188598;Pot Noodle King Bombay Bad Boy 114G;£1.00;£8.78/kg;Tins, Cans & Packets;Packet Snack Meals;143;3.2;null;null;5.5;null;1.3;0.4;
262624569;Tesco Everyday Value Noodles Spice Curry Flavoured 70G;£0.35;£5.00/kg;Tins, Cans & Packets;Packet Snack Meals;119;2.6;null;1.5;4.5;2.5;1.0;0.4;
260182796;Pot Noodle King Original Curry 114G;£1.00;£8.78/kg;Tins, Cans & Packets;Packet Snack Meals;145;2.8;null;null;5.4;null;1.2;0.45;
260183154;Pot Noodle Sweet And Sour 90G;£1.00;£11.12/kg;Tins, Cans & Packets;Packet Snack Meals;144;2.5;null;null;5.3;null;1.3;0.48;
260187357;Pot Noodle Chinese Chow Mein 90G;£1.00;£11.12/kg;Tins, Cans & Packets;Packet Snack Meals;141;3.2;null;null;5.3;null;1.4;0.63;
284459719;Kabuto Noodles Prawn Tom Yum 85G;£1.99;£23.42/kg;Tins, Cans & Packets;Packet Snack Meals;null;2.6;null;null;0.5;null;0.8;null;
272970379;Pot Noodle Chilli Beef 90G;£1.00;£11.12/kg;Tins, Cans & Packets;Packet Snack Meals;142;3.5;null;null;5.4;null;1.2;0.53;
260187524;Pot Noodle Beef And Tomato 4 X 90G;£3.00;£8.34/kg;Tins, Cans & Packets;Packet Snack Meals;143;3.5;null;null;5.4;null;1.2;0.6;
266751792;Pot Noodle Sticky Rib 90G;£1.00;£11.12/kg;Tins, Cans & Packets;Packet Snack Meals;142;3;null;null;5.1;null;1.2;0.6;
284476071;Itsu Noodle Cup Vegetable Fest 63G;£2.29;£36.35/kg;Tins, Cans & Packets;Packet Snack Meals;null;null;null;null;null;null;null;null;
260135097;Pot Noodle King Chicken And Mushroom 114G;£1.00;£8.78/kg;Tins, Cans & Packets;Packet Snack Meals;142;3.2;null;null;5.4;null;1.2;0.63;
260188876;Pot Noodle Chicken And Mushroom 90G;£1.00;£11.12/kg;Tins, Cans & Packets;Packet Snack Meals;142;3.2;null;null;5.4;null;1.2;0.68;
260187553;Pot Noodle Beef And Tomato 90G;£1.00;£11.12/kg;Tins, Cans & Packets;Packet Snack Meals;143;3.5;null;null;5.4;null;1.2;0.6;
262624638;Tesco Everyday Value Noodles Chicken And Mushroom Flavoured 70G;£0.35;£5.00/kg;Tins, Cans & Packets;Packet Snack Meals;133;2.8;null;1.1;4.3;1.9;0.9;0.4;
260187806;Pot Noodle Chicken And Mushroom 4 X 90G;£3.00;£8.34/kg;Tins, Cans & Packets;Packet Snack Meals;142;3.2;null;null;5.4;null;1.2;0.68;
270965464;Dolmio Pasta Vita Tomato And Basil 300G;£0.99;£3.30/kg;Tins, Cans & Packets;Packet Snack Meals;95;4.0;null;null;1.3;null;1.2;0.40;
270965798;Dolmio Pasta Vita Sweet Pepper 300G;£0.99;£3.30/kg;Tins, Cans & Packets;Packet Snack Meals;95;4.0;null;null;1.3;null;1.2;0.40;
284775080;Baxters Tuscan Bean And Italian Sausages Stew 250G;£2.49;£9.96/kg;Tins, Cans & Packets;Packet Snack Meals;346kJ 865kJ -;4.1;null;null;2.2;null;2.9;0.6;
284884964;Baxters Chipotle Chicken,Beans And Quinoa 250G;£2.49;£9.96/kg;Tins, Cans & Packets;Packet Snack Meals;328kJ 820kJ -;5.1;null;null;0.7;null;3.2;0.6;
270965752;Dolmio Pasta Vita Tomato And Chilli 300G;£0.99;£3.30/kg;Tins, Cans & Packets;Packet Snack Meals;98;4.0;null;null;1.3;null;1.3;0.52;
277340530;Dolmio Pasta Vita Carbonara 270G;£0.99;£3.67/kg;Tins, Cans & Packets;Packet Snack Meals;116;4.3;null;null;3.6;null;0.8;0.49;
282149082;Kabuto Noodles Chicken Ramen 85G;£1.99;£23.42/kg;Tins, Cans & Packets;Packet Snack Meals;null;2.6;null;null;0.9;null;0.7;0.9;
284883692;Batchelors Super Noodle Steak And Ale Pie 100G;£0.81;£8.10/kg;Tins, Cans & Packets;Packet Snack Meals;176;3.1;null;null;7.8;null;0.5;0.51;
284717081;Diet Chef Thai Laksa Noodles 50G;£1.19;£23.80/kg;Tins, Cans & Packets;Packet Snack Meals;333 kJ 832 kJ;2.7;null;null;1.5;null;1.5;0.60;
282149220;Kabuto Noodles Beef Pho 85G;£1.99;£23.42/kg;Tins, Cans & Packets;Packet Snack Meals;null;2.9;null;null;0.8;null;0.8;0.6;
278910269;Batchelors Cup A Noodle Chicken 48G;£0.81;£16.88/kg;Tins, Cans & Packets;Packet Snack Meals;78;2.3;null;null;1.2;null;0.5;0.36;
267731872;Batchelors Cup A Pasta Roast Chicken 46G;£0.81;£17.61/kg;Tins, Cans & Packets;Packet Snack Meals;73;2.2;null;null;0.7;null;0.5;0.38;
284756333;Baxters Vegetarian Chipotle Chilli Beans 250G;£2.49;£9.96/kg;Tins, Cans & Packets;Packet Snack Meals;303kJ 758kJ -;3.8;null;null;0.4;null;3.2;0.6;
284714562;Diet Chef Creamy Mediterranean Pasta 50G;£1.19;£23.80/kg;Tins, Cans & Packets;Packet Snack Meals;324 kJ 809 kJ;2.0;null;null;1.1;null;2.2;0.62;
284716813;Diet Chef Chicken And Thyme Pasta 50G;£1.19;£23.80/kg;Tins, Cans & Packets;Packet Snack Meals;369 kJ 923 kJ;2.8;null;null;1.1;null;0.9;0.55;
278910661;Batchelors Cup A Noodle Curry 46G;£0.81;£17.61/kg;Tins, Cans & Packets;Packet Snack Meals;73;2.2;null;null;0.6;null;0.5;0.37;
270964632;Dolmio Pasta Vita Bolognese 300G;£0.99;£3.30/kg;Tins, Cans & Packets;Packet Snack Meals;96;4.8;null;null;1.4;null;1.1;0.40;
284756235;Baxters Malaysian Chicken Laksa 250G;£2.49;£9.96/kg;Tins, Cans & Packets;Packet Snack Meals;299kJ 748kJ -;3.2;null;null;2.3;null;1.5;0.6;
284717023;Diet Chef Morrocan Bulgar Wheat And Cous Cous 70G;£1.19;£17.00/kg;Tins, Cans & Packets;Packet Snack Meals;559 kJ 1118 kJ;4.8;null;null;0.9;null;2.6;0.65;
270964874;Dolmio Pasta Vita Garlic And Tomato 300G;£0.99;£3.30/kg;Tins, Cans & Packets;Packet Snack Meals;97;4.1;null;null;1.4;null;1.2;0.44;
282149306;Kabuto Noodles Miso Ramen 85G;£1.99;£23.42/kg;Tins, Cans & Packets;Packet Snack Meals;null;2.6;null;null;0.9;null;1.0;0.8;
282149427;Kabuto Noodles Chilli Chicken 85G;£1.99;£23.42/kg;Tins, Cans & Packets;Packet Snack Meals;null;2.6;null;null;0.8;null;0.7;1.0;
282372945;Naked Noodle Malasian Laksa Ramen Noodle 50G;£1.20;£24.00/kg;Tins, Cans & Packets;Packet Snack Meals;115;2.8;null;null;4.5;null;0.5;null;
273445292;Mug Shot On The Go Sweet And Spicy Noodle 67G;£0.95;£14.18/kg;Tins, Cans & Packets;Packet Snack Meals;102;2.8;null;null;0.5;null;1.1;0.53;
275532871;Uncle Bens Rice Time Korma 300G;£0.99;£3.30/kg;Tins, Cans & Packets;Packet Snack Meals;129;2.1;null;null;2.8;null;1.2;0.36;
277340484;Uncle Bens Rice Time Hot Mexican Chilli 300G;£0.99;£3.30/kg;Tins, Cans & Packets;Packet Snack Meals;112;2.6;null;null;0.5;null;1.4;0.34;
282012629;Naked Noodle Teriyaki Ramen Noodle 50G;£1.20;£24.00/kg;Tins, Cans & Packets;Packet Snack Meals;117;2.9;null;null;4.0;null;0.6;null;
282373155;Naked Noodle Hot And Sour Ramen Noodle 50G;£1.20;£24.00/kg;Tins, Cans & Packets;Packet Snack Meals;86;2.2;null;null;2.8;null;1.4;null;
270964488;Uncle Bens Rice Time Medium Curry 300G;£0.99;£3.30/kg;Tins, Cans & Packets;Packet Snack Meals;120;2.2;null;null;1.9;null;1.1;0.54;
277903078;Pot Noodle Piri-Piri Chicken 90G;£1.00;£11.12/kg;Tins, Cans & Packets;Packet Snack Meals;142;2.9;null;null;5.3;null;1.6;0.33;
283088007;Pot Noodle Brazilian Barbecue Steak 90G;£1.00;£11.12/kg;Tins, Cans & Packets;Packet Snack Meals;142;3.3;null;null;5.3;null;1.2;0.43;
282152682;Naked Noodle Penang Shrimp Ramen Noodle 50G;£1.20;£24.00/kg;Tins, Cans & Packets;Packet Snack Meals;95;2.4;null;null;3.0;null;0.5;null;
277340501;Uncle Bens Rice Time Chilli Con Carne 300G;null;null;Tins, Cans & Packets;Packet Snack Meals;112;3.3;null;null;0.7;null;1.2;0.45;
277911189;Uncle Bens Rice Time Green Thai Curry 285G;£0.99;£3.48/kg;Tins, Cans & Packets;Packet Snack Meals;113;2.2;null;null;1.4;null;0.9;0.49;
282027831;Naked Noodle Sweet And Sour Ramen Noodle 50G;£1.20;£24.00/kg;Tins, Cans & Packets;Packet Snack Meals;103;2.3;null;null;3.1;null;0.5;null;
282027802;Naked Noodle Hoisin Duck Ramen Noodle 50G;£1.20;£24.00/kg;Tins, Cans & Packets;Packet Snack Meals;110;2.4;null;null;3.6;null;0.5;0.51;
273445021;Mug Shot On The Go Chicken Noodle 54G;£0.95;£17.60/kg;Tins, Cans & Packets;Packet Snack Meals;85;2.6;null;null;0.6;null;1.0;0.65;
273445205;Mug Shot On The Go Pasta Creamy Cheese 68G;£0.95;£13.98/kg;Tins, Cans & Packets;Packet Snack Meals;114;3.3;null;null;2.0;null;0.5;0.58;
273445136;Mug Shot On The Go Tomato And Herb Pasta Snack Pot 64G;£0.95;£14.85/kg;Tins, Cans & Packets;Packet Snack Meals;94;2.8;null;null;0.8;null;0.7;0.65;
277018434;Uncle Bens Rice Time Cantonese 300G;£0.99;£3.30/kg;Tins, Cans & Packets;Packet Snack Meals;121;2.0;null;null;0.4;null;0.8;0.40;
270966238;Uncle Bens Rice Time Sweet And Sour 300G;£0.99;£3.30/kg;Tins, Cans & Packets;Packet Snack Meals;116;1.9;null;null;0.4;null;0.7;0.19;
270966630;Uncle Bens Rice Time Spicy Tikka Masala 300G;£0.99;£3.30/kg;Tins, Cans & Packets;Packet Snack Meals;113;2.1;null;null;1.6;null;0.9;0.47;
270966100;Uncle Bens Rice Time Mexican Chilli 300G;£0.99;£3.30/kg;Tins, Cans & Packets;Packet Snack Meals;111;2.5;null;null;0.5;null;1.4;0.43;
255447829;Batchelors Super Noodles Bacon 100G;£0.81;£8.10/kg;Tins, Cans & Packets;Packet Snack Meals;176;3.2;null;null;7.9;null;0.5;0.44;
253748586;Tesco Coriander And Lemon Cous Cous 110G;£0.50;£4.55/kg;Tins, Cans & Packets;Packet Snack Meals;147;5.1;null;1.6;1.1;0.4;2.0;0.4;
257550162;Vesta Chow Mein 152G;£1.65;£10.86/kg;Tins, Cans & Packets;Packet Snack Meals;137;4.8;null;null;4.0;null;3.3;null;
277733296;Ainsley Harriott Lime And Coriander Couscous 100G;£0.74;£7.40/kg;Tins, Cans & Packets;Packet Snack Meals;603kJ 784kJ;4.9;null;null;1.2;null;1.8;null;
277909763;Uncle Bens Rice Time Red Thai Curry 285G;£0.99;£3.48/kg;Tins, Cans & Packets;Packet Snack Meals;114;2.1;null;null;1.6;null;0.7;0.50;
254718874;Ainsley Harriott Roasted Vegetable Cous Cous 100G;£0.74;£7.40/kg;Tins, Cans & Packets;Packet Snack Meals;611kJ 798kJ;5.3;null;null;1.2;null;1.5;null;
254666652;Ainsley Harriott Spice Sensation Cous Cous 100G;£0.74;£7.40/kg;Tins, Cans & Packets;Packet Snack Meals;581kJ 753kJ;5.1;null;null;1.1;null;2.7;null;
253748557;Tesco Mediterranean Cous Cous 110G;£0.50;£4.55/kg;Tins, Cans & Packets;Packet Snack Meals;125;3.6;null;1.3;1.7;0.8;4.2;0.6;
275532836;Uncle Bens Rice Time Sweet Thai Chilli 300G;£0.99;£3.30/kg;Tins, Cans & Packets;Packet Snack Meals;119;2.0;null;null;0.4;null;0.8;0.25;
254643414;A/Harriott Sun Dried Tomato And Garlic Cous Cous 100G;£0.74;£7.40/kg;Tins, Cans & Packets;Packet Snack Meals;595kJ 774kJ;5.1;null;null;0.9;null;2.2;0.67;
264130326;Tesco Roasted Vegetable Cous Cous 110G;£0.50;£4.55/kg;Tins, Cans & Packets;Packet Snack Meals;149;6.1;null;2.1;1.4;0.7;0.9;0.5;
254848702;Ainsley Harriott Moroccan Medley Cous Cous 100G;£0.74;£7.40/kg;Tins, Cans & Packets;Packet Snack Meals;579kJ 754kJ;5.4;null;null;1.5;null;2.2;null;
267074318;Ainsley Harriott Aromatic Thai Cous Cous 100G;£0.74;£7.40/kg;Tins, Cans & Packets;Packet Snack Meals;570kJ 741kJ;5.5;null;null;1.6;null;1.5;null;
255438869;Batchelors Super Noodles Barbecue 100G;£0.81;£8.10/kg;Tins, Cans & Packets;Packet Snack Meals;176;3.2;null;null;7.9;null;0.5;0.44;
253748603;Tesco Wild Mushroom Cous Cous 110G;£0.50;£4.55/kg;Tins, Cans & Packets;Packet Snack Meals;139;4.3;null;1.9;0.9;0.4;1.4;0.4;
257727052;Batchelors Super Noodles 98% F/Free Sweet Thai Chilli 85G;£0.81;£9.53/kg;Tins, Cans & Packets;Packet Snack Meals;null;11.5;null;null;1.5;null;0.3;1.43;
273422117;Ainsley Harriott Chilli Couc Cous 100G;£0.74;£7.40/kg;Tins, Cans & Packets;Packet Snack Meals;615kJ 800kJ;5.1;null;null;1.0;null;1.3;0.64;
255630848;Tesco Everyday Value Chicken Flavour Instant Noodles 65G;£0.20;£3.08/kg;Tins, Cans & Packets;Packet Snack Meals;152;3.8;null;0.5;5.9;1.7;3.2;0.4;
278727849;Batchelors Supernoodles Chicken Herb 85G;£0.81;£9.53/kg;Tins, Cans & Packets;Packet Snack Meals;null;3.6;null;null;0.4;null;0.1;0.51;
255630710;Tesco Everyday Value Curry Flavour Instant Noodles 65G;£0.20;£3.08/kg;Tins, Cans & Packets;Packet Snack Meals;145;3.2;null;0.6;5.7;2.8;1.2;null;
267536562;Vifon Chicken Curry Instant Noodles 70G;£0.45;£0.64/100g;Tins, Cans & Packets;Packet Snack Meals;6 ;1.3;null;null;3.3;null;null;null;
278721591;Batchelors Super Noodles Peppered Steak 100G;£0.81;£8.10/kg;Tins, Cans & Packets;Packet Snack Meals;178;3.2;null;null;7.9;null;0.5;0.44;
264788135;Batchelors Supernoodles Low Fat Chilli Chicken 85G;£0.81;£9.53/kg;Tins, Cans & Packets;Packet Snack Meals;null;3.5;null;null;0.4;null;0.1;0.51;
255005760;Batchelors Super Noodles Southern Fried Chicken 100G;£0.81;£8.10/kg;Tins, Cans & Packets;Packet Snack Meals;177;3.2;null;null;7.9;null;0.5;0.43;
255447806;Batchelors Super Noodles Chinese Style 100G;£0.81;£8.10/kg;Tins, Cans & Packets;Packet Snack Meals;177;3.1;null;null;7.9;null;0.4;0.43;
267536032;Vifon Golden Chicken Instant Noodles 70G;£0.45;£0.64/100g;Tins, Cans & Packets;Packet Snack Meals;6 ;1.3;null;null;3.3;null;null;null;
255631300;Tesco Chow Mein Flavoured Instant Noddles 85G;£0.30;£3.53/kg;Tins, Cans & Packets;Packet Snack Meals;110;2.6;null;0.4;4.1;1.9;0.8;null;
278722175;Batchelors Supernoodles Roast Beef 100G;£0.81;£8.10/kg;Tins, Cans & Packets;Packet Snack Meals;178;3.2;null;null;7.9;null;0.4;0.44;
255447864;Batchelors Super Noodles Mild Curry 100G;£0.81;£8.10/kg;Tins, Cans & Packets;Packet Snack Meals;176;3.2;null;null;7.9;null;0.4;0.43;
255631231;Tesco Chicken Flavour Instant Noodles 85G;£0.30;£3.53/kg;Tins, Cans & Packets;Packet Snack Meals;166;3.8;null;0.6;4.8;1.6;3.3;0.4;
278721372;Batchelors Super Noodles Chicken Mushroom 100G;£0.81;£8.10/kg;Tins, Cans & Packets;Packet Snack Meals;178;3.2;null;null;8.0;null;0.5;0.44;
255438282;Batchelors Super Noodles Chicken 100G;£0.81;£8.10/kg;Tins, Cans & Packets;Packet Snack Meals;176;3.1;null;null;7.9;null;0.5;0.43;
273988553;Merchant Gourmet Whole Wheat Giant Couscous 300G;£2.30;£7.67/kg;Tins, Cans & Packets;Pulses, Lentils & Beans;1380KJ 690KJ;12.0;70.0;null;1.5;null;7.3;null;
273986814;Crazy Jack Organic Red Split Lentils 250G;£1.00;£4.00/kg;Tins, Cans & Packets;Pulses, Lentils & Beans;342 ;24;null;null;1.3;null;4.9;null;
266386187;Merchant Gourmet Puy Lentils Ready To Eat250g;£2.00;£8.00/kg;Tins, Cans & Packets;Pulses, Lentils & Beans;579KJ 724KJ -;11.0;null;null;1.4;null;7.1;null;
276416155;Tesco Wholefoods Lentil Mix 300G;£2.00;£6.67/kg;Tins, Cans & Packets;Pulses, Lentils & Beans;109;9.1;null;0.7;0.3;0.1;10.1;0.1;
276416057;Tesco Mix Of Bulgur Wheat, Quinoa And Red Quinoa 300G;£2.00;£6.67/kg;Tins, Cans & Packets;Pulses, Lentils & Beans;85;3.3;null;0.3;0.9;0.2;3.3;0.1;
265795038;Ah Amazing Grain Wild Mushroom Bulgar Wheat150g;£1.25;£8.34/kg;Tins, Cans & Packets;Pulses, Lentils & Beans;535kJ 1124kJ;4.7;null;null;0.8;null;1.8;null;
273986751;Crazy Jack Organic Couscous 250G;£1.00;£4.00/kg;Tins, Cans & Packets;Pulses, Lentils & Beans;368 ;12;null;null;2;null;7.2;null;
256533144;Tesco Bulgar Wheat 500G;£1.15;£2.30/kg;Tins, Cans & Packets;Pulses, Lentils & Beans;80;3.1;null;0.1;0.3;0.1;4.5;0.1;
262200986;Tesco Wholefoods Buckwheat 500G;£1.90;£3.80/kg;Tins, Cans & Packets;Pulses, Lentils & Beans;82;3.0;null;0.1;0.8;0.1;1.2;0.1;
276732892;Great Scot Roasted Vegetable Cous Cous 225G;£1.40;£6.23/kg;Tins, Cans & Packets;Pulses, Lentils & Beans;1095 kJ 550 kJ;9.1;null;null;1.3;null;4.9;null;
256535758;Tesco Lentilles Vertes 500G;£1.15;£2.30/kg;Tins, Cans & Packets;Pulses, Lentils & Beans;111;8.8;null;0.4;0.7;0.1;3.8;0.01;
271085772;Food Doctor Tomato Pepper Cumin &Cous Lentils 70G;£1.20;£17.15/kg;Tins, Cans & Packets;Pulses, Lentils & Beans;492 kJ 1132 kJ;5.5;null;null;1.0;null;3.3;null;
266385787;Merchant Gourmet Puy Lentels Sun Dried Toms 250G;£2.00;£8.00/kg;Tins, Cans & Packets;Pulses, Lentils & Beans;545kJ 681kJ;6.3;14.0;null;4.1;null;6.0;1.3;
276493603;Merchant Gourmet Ready To Eat Beluga 250G;£2.00;£8.00/kg;Tins, Cans & Packets;Pulses, Lentils & Beans;619KJ 774KJ;10.9;20.5;null;1.2;null;5.2;null;
281361096;Tesco Healthy Living Bulgar Wheat And Couscous 70G;£1.30;£18.58/kg;Tins, Cans & Packets;Pulses, Lentils & Beans;125;4.4;null;3.5;1.4;0.4;2.4;0.5;
256534728;Tesco Red Split Lentils 500G;£1.15;£2.30/kg;Tins, Cans & Packets;Pulses, Lentils & Beans;102;7.6;null;0.8;0.4;0;1.9;0.1;
276415611;Tesco Wholefoods Bulgur Wheat And Cous Cous 300G;£2.00;£6.67/kg;Tins, Cans & Packets;Pulses, Lentils & Beans;88;3.3;null;0.1;0.2;0.1;3.6;0.1;
281361424;Tesco Healthy Living Bulgar Wheat And Lentil Pot 70G;£1.30;£18.58/kg;Tins, Cans & Packets;Pulses, Lentils & Beans;155;6.1;null;5.8;1.7;0.5;3.6;0.2;
265795257;Ah Amazing Grains Lentil Dahl 150G;£1.25;£8.34/kg;Tins, Cans & Packets;Pulses, Lentils & Beans;382kJ 1017kJ;6.7;null;null;0.4;null;3.2;null;
276355595;Merchant Gourmet Moroccan Cous Cous 250G;£2.00;£8.00/kg;Tins, Cans & Packets;Pulses, Lentils & Beans;706kJ 883kJ;5.7;27.6;null;2.8;null;4.6;null;
273986774;Crazy Jack Organic Chick Peas 250G;£1.00;£4.00/kg;Tins, Cans & Packets;Pulses, Lentils & Beans;357 ;21;null;null;5.4;null;12.0;null;
256533772;Tesco Yellow Split Peas 500G;£0.53;£1.06/kg;Tins, Cans & Packets;Pulses, Lentils & Beans;105;8.3;null;2.9;0.4;0.1;8.3;0.01;
281282828;Merchant Gourmet Spelt And Sunblush 250G;£2.00;£8.00/kg;Tins, Cans & Packets;Pulses, Lentils & Beans;799kJ 999kJ -;5.2;29.3;null;4.8;null;4.3;0.68;
280711370;Artisan Grains Nut Roast Sundried Medium Tomato 200G;£2.50;£12.50/kg;Tins, Cans & Packets;Pulses, Lentils & Beans;null;18;null;null;23.6;null;9.2;null;
256538611;Tesco Chick Peas 500G;£1.15;£2.30/kg;Tins, Cans & Packets;Pulses, Lentils & Beans;128;8.4;null;1.0;2.1;0.2;4.3;0.1;
271085841;Food Doctor Tom Olivebasil Wheat Quinoa 70G;£1.20;£17.15/kg;Tins, Cans & Packets;Pulses, Lentils & Beans;554 kJ 1276 kJ;4.7;null;null;2.2;null;3.4;null;
285986024;Merchant Gourmet Lentils Porcini Thyme 250G;£2.00;£8.00/kg;Tins, Cans & Packets;Pulses, Lentils & Beans;504kJ 630kJ -;7.8;15.5;null;1.7;null;5.6;1.04;
285986174;Merchant Gourmet Freekeh 250G;£2.00;£8.00/kg;Tins, Cans & Packets;Pulses, Lentils & Beans;759kJ 949kJ -;5.9;29.5;null;2.9;null;6.2;0.35;
267275887;Whitworths Popping Corn 500G;£1.90;£3.80/kg;Tins, Cans & Packets;Pulses, Lentils & Beans;780kJ 1560kJ;6.9;null;null;5.3;null;7.6;null;
273988455;Merchant Gourmet Mixed Grains 250G;£2.00;£8.00/kg;Tins, Cans & Packets;Pulses, Lentils & Beans;853KJ 1066KJ;8.4;24.6;null;7.2;null;3.2;null;
278370786;T.W/Foods Bulgar White Green Lentils And Barley 250G;£1.90;£7.60/kg;Tins, Cans & Packets;Pulses, Lentils & Beans;175;7.7;null;0.6;2.4;0.3;6.7;null;
262876719;Tesco Wholefoods Red Split Lentils 1Kg;£1.80;£1.80/kg;Tins, Cans & Packets;Pulses, Lentils & Beans;102;7.6;null;0.8;0.4;0;1.9;0.1;
282411877;Merchant Gourmet Red Rice And Quinoa Mix 250G;£2.00;£8.00/kg;Tins, Cans & Packets;Pulses, Lentils & Beans;780 kJ 975 kJ 12%;6.4;31.2;null;3.0;null;3.7;0.39;
278370613;T.W/Foods Red And White Quinoa Bulgar White 250G;£1.90;£7.60/kg;Tins, Cans & Packets;Pulses, Lentils & Beans;190;6.7;null;1.1;3.9;0.5;4.6;null;
281282794;Merchant Gourmet Spelt 250G;£2.00;£8.00/kg;Tins, Cans & Packets;Pulses, Lentils & Beans;781kJ 976kJ 12%;5.3;32.3;null;3.0;null;3.8;0.35;
256530717;Tesco Wholefood Adzuki Beans 500G;£1.80;£3.60/kg;Tins, Cans & Packets;Pulses, Lentils & Beans;132;9.3;null;0.4;0.2;0;5.5;0.01;
280711335;Artisan Grains Greenwheat Freekeh 200G;£1.29;£6.45/kg;Tins, Cans & Packets;Pulses, Lentils & Beans;null;18.5;null;null;4.3;null;10.9;null;
256532750;Tesco Cannellini Beans 500G;£1.15;£2.30/kg;Tins, Cans & Packets;Pulses, Lentils & Beans;98;6.9;null;0.5;0.5;0.2;12.4;0.01;
280711358;Artisan Grains Nut Roast Country Vegetable And Cashew 200G;£2.50;£12.50/kg;Tins, Cans & Packets;Pulses, Lentils & Beans;null;17.5;null;null;22.3;null;7.5;null;
280663627;Artisan Grains Tri-Colour Couscous 200G;£1.09;£5.45/kg;Tins, Cans & Packets;Pulses, Lentils & Beans;null;14;null;null;1;null;5;null;
256530928;Tesco Wholefood Soya Beans 500G;£1.60;£3.20/kg;Tins, Cans & Packets;Pulses, Lentils & Beans;154;14.0;null;2.1;7.3;0.9;6.1;0.01;
281122443;Tesco Wholefoods Quick Cook 7 Grains 250G;£2.00;£8.00/kg;Tins, Cans & Packets;Pulses, Lentils & Beans;351;11.0;null;0.8;2.8;0.7;7.0;0.01;
281124049;Tesco Wholefoods Quick Cook Farro Dicocco 250G;£1.60;£6.40/kg;Tins, Cans & Packets;Pulses, Lentils & Beans;361;11.9;null;1.0;2.0;0.4;5.6;0.01;
276603129;The Food Doctor Easy Grains Spelt 225G;£2.70;£12.00/kg;Tins, Cans & Packets;Pulses, Lentils & Beans;809 kJ 719 kJ;6.1;null;null;1.9;null;null;0.01;
256530738;Tesco Wholefood Mung Beans 500G;£1.60;£3.20/kg;Tins, Cans & Packets;Pulses, Lentils & Beans;96;7.6;null;0.5;0.4;0.1;3.0;0.01;
260261027;Tesco Wholefood Soya Mince 375G;£1.90;£5.07/kg;Tins, Cans & Packets;Pulses, Lentils & Beans;98;14.9;null;2.2;0.2;0.1;4.3;0.1;
260261321;Tesco Wholefood Pinto Beans 500G;£1.15;£2.30/kg;Tins, Cans & Packets;Pulses, Lentils & Beans;129;9.0;null;0.3;0.7;0.1;9.0;0.01;
277419824;Tesco Wholefoods Kidney Beans 500G;£1.15;£2.30/kg;Tins, Cans & Packets;Pulses, Lentils & Beans;108;8.4;null;0.9;0.5;0.1;6.7;0.01;
276415352;Tesco Wholefoods Marrow Fat Peas 500G;£0.70;£1.40/kg;Tins, Cans & Packets;Pulses, Lentils & Beans;105;8.3;null;2.9;0.4;0.1;8.3;0.01;
277419749;Tesco Wholefoods Butter Beans 375G;£1.00;£2.67/kg;Tins, Cans & Packets;Pulses, Lentils & Beans;114;6.8;null;1.6;0.3;0.1;5.3;0.1;
276416190;Tesco Wholefoods Mexican Style Bean Mix 300G;£2.00;£6.67/kg;Tins, Cans & Packets;Pulses, Lentils & Beans;123;8.6;null;0.3;0.5;0.1;8.7;0.01;
281124162;Tesco Wholefoods Quick Cook Minestrone Soup 250G;£1.60;£6.40/kg;Tins, Cans & Packets;Pulses, Lentils & Beans;344;15.9;null;1.0;2.0;0.5;9.5;0.01;
276416132;Tesco Wholefoods Salad Bean Mix 300G;£2.00;£6.67/kg;Tins, Cans & Packets;Pulses, Lentils & Beans;114;8.5;null;0.4;0.3;0.1;4.3;0.01;
256538041;Tesco Pearl Barley 500G;£0.55;£1.10/kg;Tins, Cans & Packets;Pulses, Lentils & Beans;118;2.3;null;0.3;0.4;0.1;3.8;0.01;
281122702;Tesco Wholefoods Quick Cook Barley 250G;£1.60;£6.40/kg;Tins, Cans & Packets;Pulses, Lentils & Beans;351;8.0;null;0.5;1.4;0.5;11.6;0;
276415277;Tesco Wholefoods Green Split Peas 500G;£0.70;£1.40/kg;Tins, Cans & Packets;Pulses, Lentils & Beans;105;8.3;null;2.9;0.4;0.1;8.3;0.01;
262201004;Tesco Wholefoods Black Eye Beans 500G;£1.15;£2.30/kg;Tins, Cans & Packets;Pulses, Lentils & Beans;118;8.8;null;1.0;0.7;0.2;3.5;0.1;
281137760;Tesco Wholefoods Quick Cook Kamut 250G;£2.20;£8.80/kg;Tins, Cans & Packets;Pulses, Lentils & Beans;343;13.9;null;0.5;2.0;0.5;7.6;0.1;
256530942;Tesco Wholefood Black Turtle Beans 500G;£1.80;£3.60/kg;Tins, Cans & Packets;Pulses, Lentils & Beans;123;8.2;null;0.3;0.4;0.1;5.3;0.01;
273988374;Merchant Gourmet Red And White Quinoa 250G;£2.00;£8.00/kg;Tins, Cans & Packets;Pulses, Lentils & Beans;852KJ 1065KJ;6.1;30.7;null;6.1;null;3.9;null;
256532675;Tesco Cous Cous 1Kg;£1.35;£1.35/kg;Tins, Cans & Packets;Pulses, Lentils & Beans;107;3.8;null;0.1;0.2;0.1;1.4;0.1;
262365915;Tesco Wholefoods Whole Wheat Cous Cous 500G;£0.70;£1.40/kg;Tins, Cans & Packets;Pulses, Lentils & Beans;99;3.3;null;0.3;0.5;0.1;1.5;0.1;
256538133;Tesco Soup And Broth Mix 500G;£1.15;£2.30/kg;Tins, Cans & Packets;Pulses, Lentils & Beans;100;4.3;null;0.3;0.4;0.2;4.2;0.1;
256532598;Tesco Cous Cous 500G;£0.70;£1.40/kg;Tins, Cans & Packets;Pulses, Lentils & Beans;107;3.8;null;0.1;0.2;0.1;1.4;0.1;
267751652;Indus Red Split Lentils 2Kg;£2.99;£1.50/kg;Tins, Cans & Packets;Pulses, Lentils & Beans;318;23.8;56.3;null;1.3;null;null;0.1;
259669825;Pillsbury Chakki Fresh Atta 5Kg;£6.50;£1.30/kg;Tins, Cans & Packets;Pulses, Lentils & Beans;407kJ 1355kJ;3.6;null;null;null;null;null;null;
258057975;John West Red Salmon 105G;£2.49;£2.38/100g;Tins, Cans & Packets;Tinned Fish & Seafood;151;20.4;null;null;7.8;null;null;0.9;
280504736;John West Pink Salmon Skinless And Boneless 170G;£2.00;£1.18/100g;Tins, Cans & Packets;Tinned Fish & Seafood;100;20.4;null;null;2.0;null;null;0.9;
258098062;Tesco Wild Pacific Pink Salmon 212G;£1.00;£0.47/100g;Tins, Cans & Packets;Tinned Fish & Seafood;120;20.2;null;0.1;4.3;0.9;0.1;null;
283248942;Kingfisher Pink Salmon 213G;£1.30;£0.61/100g;Tins, Cans & Packets;Tinned Fish & Seafood;153;23.5;null;null;6.6;null;nil;null;
271181393;John West Red Salmon Boneless And Skinless 170G;£3.50;£2.06/100g;Tins, Cans & Packets;Tinned Fish & Seafood;131 ;20.4;null;null;5.4;null;null;0.9;
283562546;Pure Salmon Fillet In Olive Oil 110G;£2.59;£3.37/100g;Tins, Cans & Packets;Tinned Fish & Seafood;null;null;null;null;null;null;null;null;
258341356;John West Red Salmon 213G;£3.50;£1.65/100g;Tins, Cans & Packets;Tinned Fish & Seafood;151 ;20.4;null;null;7.8;null;null;0.9;
274769713;Tesco Finest Skinless And Boneless Red Salmon 170G;£3.49;£2.06/100g;Tins, Cans & Packets;Tinned Fish & Seafood;135;19.5;null;0.1;6.3;1.5;0.1;null;
268049549;Tesco Wild Pacific Pink Salmon 105G;£1.10;£1.05/100g;Tins, Cans & Packets;Tinned Fish & Seafood;120;20.2;null;0.1;4.3;0.9;0.1;null;
271810295;Tesco W/Pacific Skinless And Boneless Pink Salmon 170G;£1.50;£0.88/100g;Tins, Cans & Packets;Tinned Fish & Seafood;119;20.2;null;0.1;4.3;0.9;0.1;null;
265869506;John West Red Salmon Boneless And Skinless 105G;£2.79;£2.66/100g;Tins, Cans & Packets;Tinned Fish & Seafood;131;20.4;null;null;5.4;null;null;0.9;
277973869;Princes Atlantic Salmon Steak Lemon Black Pepper 160G;£3.00;£2.89/100g;Tins, Cans & Packets;Tinned Fish & Seafood;183;19.6;null;null;11.0;null;0.1;null;
283248781;Kingfisher Red Salmon 213G;£3.50;£1.65/100g;Tins, Cans & Packets;Tinned Fish & Seafood;153;23.5;null;null;6.6;null;nil;null;
259256824;Princes Red Salmon 213G;£3.99;£1.88/100g;Tins, Cans & Packets;Tinned Fish & Seafood;null;22.8;null;null;5.8;null;null;0.90;
268285551;Princes Pink Salmon 213G;£1.35;£0.63/100g;Tins, Cans & Packets;Tinned Fish & Seafood;null;22.3;null;null;4.6;null;null;0.09;
277974044;Princes Atlantic Salmon Steak In Brine 160G;£3.00;£2.68/100g;Tins, Cans & Packets;Tinned Fish & Seafood;174;19.7;null;null;10.1;null;nil;null;
275461107;Princes Red Salmon 105G;£2.29;£2.19/100g;Tins, Cans & Packets;Tinned Fish & Seafood;143;22.8;null;null;5.8;null;null;1.00;
254160069;John West Pink Salmon 213G;£3.00;£1.41/100g;Tins, Cans & Packets;Tinned Fish & Seafood;131 ;20.4;null;null;5.4;null;null;0.9;
280502393;John West Salmon Sweet And Sour 140G;null;null;Tins, Cans & Packets;Tinned Fish & Seafood;128 ;18.3;null;null;1.9;null;null;1.0;
280487156;John West Salmon Stir And Serve Tandoori 140G;£2.50;£1.79/100g;Tins, Cans & Packets;Tinned Fish & Seafood;127 ;18.5;null;null;2.1;null;null;1.0;
278255399;Charles Basset White Tuna In Extra Virgin Olive Oil 160G;£3.99;£3.84/100g;Tins, Cans & Packets;Tinned Fish & Seafood;null;null;null;null;null;null;null;null;
271183304;John West Limited No Drain Tuna Steaks In Oil 3 X 60G;£2.49;£1.39/100g;Tins, Cans & Packets;Tinned Fish & Seafood;199 ;25.2;null;null;10.9;null;Trace;null;
283672237;John West No Drain Tuna Steak In Oil 120G;£2.00;£1.67/100g;Tins, Cans & Packets;Tinned Fish & Seafood;177 ;26.4;null;null;6.8;null;null;1.0;
283292364;John West Foods Tuna Chunks Oil 3X160g;£4.00;£1.20/100g;Tins, Cans & Packets;Tinned Fish & Seafood;180 ;27.0;null;null;8.0;null;null;1.0;
277867811;John West No Drain Steak S/Wat 3X60g;£2.49;£1.39/100g;Tins, Cans & Packets;Tinned Fish & Seafood;113 ;26.6;null;null;0.8;null;Trace;null;
283672295;John West No Drain Tuna Steak In Olive Oil 120G;£2.00;£1.67/100g;Tins, Cans & Packets;Tinned Fish & Seafood;177 ;26.4;null;null;6.8;null;null;1.0;
258098027;Tesco Wild Pacific Pink Salmon 418G;£2.00;£0.48/100g;Tins, Cans & Packets;Tinned Fish & Seafood;120;20.2;null;0.1;4.3;0.9;0.1;null;
258098091;Tesco Wild Pacific Red Salmon 418G;£4.99;£1.20/100g;Tins, Cans & Packets;Tinned Fish & Seafood;135;19.5;null;0.1;6.3;1.5;0.1;1.0;
283672433;John West No Drain Tuna Steak In Springwtr 120;£2.00;£1.67/100g;Tins, Cans & Packets;Tinned Fish & Seafood;114 ;26.4;null;null;0.9;null;null;1.0;
260461038;John West Light Lunch French Style 220G;£1.98;£0.90/100g;Tins, Cans & Packets;Tinned Fish & Seafood;418kJ 920kJ;7.5;null;null;2.8;null;2.5;0.8;
283197074;John West Foods Tuna Chunks Brine 160G;£1.00;£0.89/100g;Tins, Cans & Packets;Tinned Fish & Seafood;113 ;27.0;null;null;0.5;null;Trace;null;
283292174;John West Foods Tuna Chunks Brine 3X160g;£4.00;£1.20/100g;Tins, Cans & Packets;Tinned Fish & Seafood;113;27.0;null;null;0.5;null;null;1.0;
283672560;John West No Drain Tuna Steak In Brine 3X120g;£5.00;£1.39/100g;Tins, Cans & Packets;Tinned Fish & Seafood;114 ;26.4;null;null;0.9;null;null;1.0;
262331092;John West Light Lunch Mediterranean 220G;£1.98;£0.90/100g;Tins, Cans & Packets;Tinned Fish & Seafood;96 ;8.5;null;null;1.9;null;2.4;null;
271183494;John West Limited No Drain Tuna Steaks In Brine 3X60g;£2.49;£1.39/100g;Tins, Cans & Packets;Tinned Fish & Seafood;113 ;26.6;null;null;0.8;null;Trace;null;
283196547;John West Foods Tuna Chunks In Sunflower Oil 160G;£1.00;£0.89/100g;Tins, Cans & Packets;Tinned Fish & Seafood;180 ;27.0;null;null;8.0;null;Trace;null;
283672721;John West No Drain Tuna Steak In Oil 3X120g;£5.00;£1.39/100g;Tins, Cans & Packets;Tinned Fish & Seafood;177 ;26.4;null;null;6.8;null;null;1.0;
258098125;Tesco Wild Pacific Red Salmon 212G;£2.60;£1.23/100g;Tins, Cans & Packets;Tinned Fish & Seafood;135;19.5;null;0.1;6.3;1.5;0.1;1.0;
283589002;John West No Drain Tuna Steak In Brine 120G;£2.00;£1.67/100g;Tins, Cans & Packets;Tinned Fish & Seafood;114 ;26.4;null;null;0.9;null;null;1.0;
279685280;John West Foods Limited Tuna Chunk Oil 2X160g;£3.00;£1.34/100g;Tins, Cans & Packets;Tinned Fish & Seafood;180 ;27.0;null;null;8.0;null;null;1.0;
260574417;John West Smoked Tuna Slices In Olive Oil 120G;£2.50;£3.21/100g;Tins, Cans & Packets;Tinned Fish & Seafood;191 ;27.0;null;null;9.0;null;Trace;null;
277884174;John West Tuna Basil Infusions 130G;£2.19;£1.69/100g;Tins, Cans & Packets;Tinned Fish & Seafood;231 ;24.0;null;null;14.9;null;0.1;null;
276616460;John West Tuna Mexican Light Lunch 220G;£1.98;£0.90/100g;Tins, Cans & Packets;Tinned Fish & Seafood;490kJ 1078kJ;9.7;null;null;2.2;null;2.0;0.8;
274858798;John West Tuna Chunks In Spring/Wtr4x160;£5.00;£1.12/100g;Tins, Cans & Packets;Tinned Fish & Seafood;113 ;27.0;null;null;0.5;null;Trace;null;
259431381;John West Tuna Chunks In Spring Water 3 X 80G;£2.25;£1.34/100g;Tins, Cans & Packets;Tinned Fish & Seafood;113;27.0;null;null;0.5;null;Trace;null;
252748461;John West Tuna Chunks In Brine 400G;£2.99;£1.07/100g;Tins, Cans & Packets;Tinned Fish & Seafood;113 ;27.0;null;null;0.5;null;Trace;null;
253809428;John West Weight Watchers In Tomato And Herb Dressing 3X80g;£2.00;£0.83/100g;Tins, Cans & Packets;Tinned Fish & Seafood;null;11.6;null;null;3.6;null;0.5;1.0;
277884053;John West Tuna Chilli And Garlic Infusions 80G;£1.50;£1.88/100g;Tins, Cans & Packets;Tinned Fish & Seafood;202;24.2;null;null;11.5;null;null;1.0;
252763649;John West Tuna Chunks In Sunflower Oil 3X80g;£2.25;£1.34/100g;Tins, Cans & Packets;Tinned Fish & Seafood;180 ;27.0;null;null;8.0;null;Trace;null;
283292592;John West Tuna Chunks Spring Water 3X160g;£4.00;£1.20/100g;Tins, Cans & Packets;Tinned Fish & Seafood;113 ;27.0;null;null;0.5;null;null;0.8;
276616293;John West Tuna Italian Light Lunch 220G;£1.98;£0.90/100g;Tins, Cans & Packets;Tinned Fish & Seafood;93 ;7.3;null;null;2.6;null;0.5;null;
277884312;John West Tuna Chilli And Garlic Infusions 130G;£2.19;£1.69/100g;Tins, Cans & Packets;Tinned Fish & Seafood;202 ;24.2;null;null;11.5;null;0.3;null;
252775416;John West Weight Watchers Tuna Mayonnaise And Sweetcorn 3X80g;£2.00;£0.83/100g;Tins, Cans & Packets;Tinned Fish & Seafood;null;9.3;null;null;3.7;null;0.2;1.0;
274858619;John West Tuna Chunks Sunflower Oil4x160g;£5.00;£1.12/100g;Tins, Cans & Packets;Tinned Fish & Seafood;180 ;27.0;null;null;8.0;null;Trace;null;
277883814;John West Tuna Basil In Fusions 80G;£1.50;£1.88/100g;Tins, Cans & Packets;Tinned Fish & Seafood;231 ;24.0;null;null;14.9;null;0.1;null;
283196426;John West Tuna Chunks Springwater 160G;£1.00;£0.89/100g;Tins, Cans & Packets;Tinned Fish & Seafood;113 ;27.0;null;null;0.5;null;Trace;null;
274885552;John West Tuna Chunks In Brine 4X160g;£5.00;£1.12/100g;Tins, Cans & Packets;Tinned Fish & Seafood;113;27.0;null;null;0.5;null;Trace;null;
252763027;John West Tuna Chunks In Brine 3X80g;£2.25;£1.34/100g;Tins, Cans & Packets;Tinned Fish & Seafood;113;27.0;null;null;0.5;null;Trace;null;
252748518;John West Tuna Chunks In Oil 400G;£2.99;£1.07/100g;Tins, Cans & Packets;Tinned Fish & Seafood;180 ;27.0;null;null;8.0;null;Trace;null;
283673052;John West No Drain Tuna Steak In Springwtr 3X120g;£5.00;£1.39/100g;Tins, Cans & Packets;Tinned Fish & Seafood;114 ;26.4;null;null;0.9;null;null;1.0;
283251033;O&P Sandwich Tuna In Spring Water 2 Pack 160G;£1.50;£1.34/100g;Tins, Cans & Packets;Tinned Fish & Seafood;413kJ 230kJ - 8400kJ;23.0;null;null;0.6;null;0.1;1.00;
275967293;Princes Tuna Chunks In Brine 3X160g;£5.00;£1.49/100g;Tins, Cans & Packets;Tinned Fish & Seafood;105;25.0;null;null;0.5;null;nil;null;
263143896;Princes Tuna Chunks In Oil 3 X 80G;£2.25;£1.34/100g;Tins, Cans & Packets;Tinned Fish & Seafood;197;25.0;null;null;10.8;null;nil;null;
275967534;Princes Tuna Chunks In Oil 3X160g;£5.00;£1.49/100g;Tins, Cans & Packets;Tinned Fish & Seafood;197;25.0;null;null;10.8;null;nil;null;
275967615;Princes Tuna Chunks In Spring Water 3X160g;£5.00;£1.49/100g;Tins, Cans & Packets;Tinned Fish & Seafood;105;25.0;null;null;0.5;null;nil;null;
275975496;Princes Tuna Chunks In Brine 4X160g;£3.50;£0.78/100g;Tins, Cans & Packets;Tinned Fish & Seafood;105;25.0;null;null;0.5;null;nil;null;
275974854;Princes Tuna Chunks Spring Water 4X160g;£3.50;£0.78/100g;Tins, Cans & Packets;Tinned Fish & Seafood;105;25.0;null;null;0.5;null;nil;null;
276045616;Princes Tuna Chunks In Brine 160G;£1.99;£1.78/100g;Tins, Cans & Packets;Tinned Fish & Seafood;100;23.5;null;trace;0.6;0.2;trace;null;
275975438;Princes Tuna Chunks In Sunflower Oil 4X160g;£3.50;£0.78/100g;Tins, Cans & Packets;Tinned Fish & Seafood;197;25.0;null;null;10.8;null;nil;null;
276046045;Princes Tuna Chunks In Spring Water 160G;£1.99;£1.78/100g;Tins, Cans & Packets;Tinned Fish & Seafood;105;25.0;null;null;0.5;null;nil;null;
279684275;Oriental And Pacific Tuna Chunks In Oil 4 X 160G;£3.50;£0.78/100g;Tins, Cans & Packets;Tinned Fish & Seafood;101;15.1;null;null;4.5;null;trace;0.56;
276045962;Princes Tuna Chunks In Sunflower Oil 160G;£1.99;£1.78/100g;Tins, Cans & Packets;Tinned Fish & Seafood;190;27.1;null;trace;9.0;1.5;trace;null;
279683938;Oriental And Pacific Tuna Chunks In Brine 4 Pack X 160G;£3.50;£0.78/100g;Tins, Cans & Packets;Tinned Fish & Seafood;63;15.1;null;null;0.3;null;trace;0.56;
278295760;K.Fisher Ylwfin Tuna Steak In Springwater 198G;£1.95;£1.30/100g;Tins, Cans & Packets;Tinned Fish & Seafood;108;26.6;null;null;0.2;null;nil;null;
279684321;Oriental And Pacific Tuna Chunks In Spring Wtr4x160g;£3.50;£0.78/100g;Tins, Cans & Packets;Tinned Fish & Seafood;63;15.1;null;null;0.3;null;trace;0.42;
263604488;Princes Tuna Chunk Spring Water 3X80g Foil Lid;£2.25;£1.34/100g;Tins, Cans & Packets;Tinned Fish & Seafood;105;25.0;null;null;0.5;null;nil;null;
277911270;Princes Tuna Chunks In Tomato Sauce 160G;£1.79;£1.12/100g;Tins, Cans & Packets;Tinned Fish & Seafood;102;13.9;null;null;1.8;null;1.1;null;
263143301;Princes Tuna Chunks In Brine 3 X 80G;£2.25;£1.34/100g;Tins, Cans & Packets;Tinned Fish & Seafood;105;25.0;null;null;0.5;null;nil;null;
283251131;O&P Sandwich Tuna In Oil Twin Pack 160G;£1.50;£1.34/100g;Tins, Cans & Packets;Tinned Fish & Seafood;724kJ 404kJ - 8400kJ;23.0;null;null;9.0;null;0;1.0;
283250783;O&P Sandwich Tuna In Brine Twin Pack 160G;£1.50;£0.94/100g;Tins, Cans & Packets;Tinned Fish & Seafood;413kJ 230kJ - 8400kJ;23.0;null;null;0.6;null;0.1;1.00;
267670868;John West Foods Limited Steamed Mackerel Fillets Natural 110G;£1.69;£1.54/100g;Tins, Cans & Packets;Tinned Fish & Seafood;948 kJ 1042 kJ;20.4;null;null;16.0;null;null;1.0;
266837576;Tesco Pole And Line Tuna Chunks In Oil 3*80G;£1.75;£1.05/100g;Tins, Cans & Packets;Tinned Fish & Seafood;189;27.1;null;0.1;9.0;1.5;0.1;0.8;
252525794;Tesco Tuna Chunks Pole And Line In Brine 400G;£2.49;£0.83/100g;Tins, Cans & Packets;Tinned Fish & Seafood;99;23.5;null;0.1;0.6;0.2;0.1;0.8;
282845127;Tesco Tuna Chunks Pole And Line In Sunflower Oil 4 Pack;£3.40;£0.71/100g;Tins, Cans & Packets;Tinned Fish & Seafood;189;27.1;null;0.1;9.0;1.5;0.1;0.8;
273988052;Tesco Finest Albacore Tuna Steak In Spring Water 200G;£2.00;£1.34/100g;Tins, Cans & Packets;Tinned Fish & Seafood;139;27.8;null;0.1;3.0;1.0;0.4;0.9;
252525990;Tesco Tuna Chunks Pole And Line In Sunflower Oil 400G;£2.49;£0.83/100g;Tins, Cans & Packets;Tinned Fish & Seafood;189;27.1;null;0.1;9.0;1.5;0.1;0.8;
255523238;Princes Tuna Steak In Brine 200G;£1.99;£1.43/100g;Tins, Cans & Packets;Tinned Fish & Seafood;100;23.5;null;trace;0.6;0.2;trace;null;
283723541;Tesco Everyday Value Tuna Chunks Pole And Line Brine 160G;£0.74;£0.66/100g;Tins, Cans & Packets;Tinned Fish & Seafood;99;23.5;null;0.1;0.6;0.2;0.1;0.8;
277586740;Glenryck Mackerl Fillet In Tomato Sauce 125G;£0.95;£0.76/100g;Tins, Cans & Packets;Tinned Fish & Seafood;801kJ 500kJ - 8400kJ;14.1;null;null;13.6;null;0;0.75;
266841259;Tesco Pole And Line Tuna Chunks In Brine 3*80G;£1.75;£1.05/100g;Tins, Cans & Packets;Tinned Fish & Seafood;99;23.5;null;0.1;0.6;0.2;0.1;0.8;
281464913;Tesco Tuna Chunks In Spring Water 3X80g;£1.75;£1.05/100g;Tins, Cans & Packets;Tinned Fish & Seafood;99;23.5;null;0.1;0.6;0.2;0.1;0.8;
281840134;Tesco Tuna And Mixed Bean Salad 160G;£1.00;£0.63/100g;Tins, Cans & Packets;Tinned Fish & Seafood;236;11.0;null;0.9;16.6;2.0;4.0;0.9;
272781827;Tesco Tuna Steaks Pole And Line In Springwater 198G;£1.29;£0.87/100g;Tins, Cans & Packets;Tinned Fish & Seafood;99;23.5;null;0.1;0.6;0.2;0.1;0.8;
282845006;Tesco Tuna Chunks Pole And Line In Spring Water 4X160g;£3.40;£0.71/100g;Tins, Cans & Packets;Tinned Fish & Seafood;99;23.5;null;0.1;0.6;0.2;0.1;0.8;
281840192;Tesco Tuna And Sweetcorn Salad 160G;£1.00;£0.63/100g;Tins, Cans & Packets;Tinned Fish & Seafood;216;9.0;null;3.1;17.2;2.1;2.5;1.0;
258028019;Tesco Tuna Steaks Pole And Line In Brine 198G;£1.29;£0.87/100g;Tins, Cans & Packets;Tinned Fish & Seafood;99;23.5;null;0.1;0.6;0.2;0.1;0.8;
259215658;John West Light Lunch Salmon 220G;£1.98;£0.90/100g;Tins, Cans & Packets;Tinned Fish & Seafood;568kJ 1245kJ;11.7;null;null;5.3;null;3.4;1.0;
278352543;Glenryck Mackerel In Spicy Tomato Sauce 125G;£0.95;£0.76/100g;Tins, Cans & Packets;Tinned Fish & Seafood;204;14.0;null;null;14.1;4.6;1.2;0.58;
277586705;Glenryck Mackerel In Sunflower Oil 125G;£0.95;£1.06/100g;Tins, Cans & Packets;Tinned Fish & Seafood;1105kJ 499kJ - 8400kJ;19.7;null;null;20.8;null;0;0.75;
282844848;Tesco Tuna Chunks Pole And Line In Brine 4 Pack;£3.40;£0.71/100g;Tins, Cans & Packets;Tinned Fish & Seafood;99;23.5;null;0.1;0.6;0.2;0.1;0.8;
252753327;John West Mackerel In Sunflower 125Gm;null;null;Tins, Cans & Packets;Tinned Fish & Seafood;260 ;20.0;null;null;20.0;null;Trace;null;
273297224;John West Foods Mackerel Olive Oil 125G;null;null;Tins, Cans & Packets;Tinned Fish & Seafood;260;20.0;null;null;20.0;null;Trace;null;
283562327;Pure Smoked Peppered Mackerel Fillets 100G;£1.69;£2.60/100g;Tins, Cans & Packets;Tinned Fish & Seafood;null;null;null;null;null;null;null;null;
283562857;Pure Mackerel Fillets In Vegetable Oil 125G;£1.29;£1.60/100g;Tins, Cans & Packets;Tinned Fish & Seafood;null;null;null;null;null;null;null;null;
277911166;Princes Mackerel Moroccan 125G;£1.40;£1.12/100g;Tins, Cans & Packets;Tinned Fish & Seafood;null;11.7;null;null;9.9;null;null;1.77;
252753229;John West Mackerel Tomato 125G;null;null;Tins, Cans & Packets;Tinned Fish & Seafood;143 ;13.8;null;null;6.2;null;null;1.0;
259395428;Princes Mackerel Fillets In Mustard Sce125g;£1.40;£1.12/100g;Tins, Cans & Packets;Tinned Fish & Seafood;207;13.6;4.3;null;15.0;null;trace;null;
263553311;Princes Peppered Mackerel Wood Smoked Fillets 190G;£1.69;£1.30/100g;Tins, Cans & Packets;Tinned Fish & Seafood;250;17.5;0.8;null;19.6;null;0.1;1.15;
255737763;Princes Mackerel Fillets Spicy Tomato 125G;£1.40;£1.12/100g;Tins, Cans & Packets;Tinned Fish & Seafood;200;13.6;null;null;14.1;null;0.0;0.75;
274840657;John West Grilled Mackerel 110G;£1.69;£1.54/100g;Tins, Cans & Packets;Tinned Fish & Seafood;1020 kJ 1122 kJ;23.0;null;null;17.0;null;null;1.0;
254864066;Princes Mackerel Fillets In Tomato 125G;£1.40;£1.12/100g;Tins, Cans & Packets;Tinned Fish & Seafood;181;13.6;null;null;13.0;null;0.4;0.75;
274841034;John West Peppered Mackerel 110G;£1.69;£1.54/100g;Tins, Cans & Packets;Tinned Fish & Seafood;226 ;20.4;null;null;16.0;null;Trace;null;
288408106;Princes Mackerel Indian 125G;£1.40;£1.12/100g;Tins, Cans & Packets;Tinned Fish & Seafood;null;12.2;null;null;10.0;null;null;0.98;
274841264;John West Smoked Mackerel 110G;£1.69;£1.54/100g;Tins, Cans & Packets;Tinned Fish & Seafood;1003 kJ 1103 kJ;22.0;null;null;17.0;null;null;1.0;
252757041;Princes Mackerel Fillets Hot Chilli 125G;£1.40;£1.12/100g;Tins, Cans & Packets;Tinned Fish & Seafood;296;13.3;null;null;27.0;null;0.0;0.88;
253397764;Princes Mackerel Fillets Olive Oil 125G;£1.40;£1.56/100g;Tins, Cans & Packets;Tinned Fish & Seafood;271;19.7;trace;null;21.3;null;nil;null;
254864008;Princes Mackerel Fillets Sfl/Veg Oil 125G;£1.40;£1.56/100g;Tins, Cans & Packets;Tinned Fish & Seafood;271;19.7;null;null;21.3;null;0.0;0.65;
283562722;Pure Mackerel Fillets In Tomato Sauce 125G;£1.29;£1.04/100g;Tins, Cans & Packets;Tinned Fish & Seafood;null;null;null;null;null;null;null;null;
277910680;Princes Smoked Mackerel Italian Tomato And Herb 190G;£1.69;£0.89/100g;Tins, Cans & Packets;Tinned Fish & Seafood;304;17.0;null;null;25.3;null;3.0;null;
252753287;John West Foods Mackerel Spicy Tomato 125G;£0.69;£0.55/100g;Tins, Cans & Packets;Tinned Fish & Seafood;165 ;12.9;null;null;10.0;null;0.3;null;
253951621;Tesco Mackerel Fillets Sunflower Oil 125G;£0.66;£0.75/100g;Tins, Cans & Packets;Tinned Fish & Seafood;266;19.7;null;0.1;20.8;4.8;0.1;0.7;
258059218;Princes Sardines In Sunflower Oil 120G;£0.81;£0.90/100g;Tins, Cans & Packets;Tinned Fish & Seafood;null;22.0;null;null;13.6;null;null;0.93;
253331480;Princes Sardines In Extra Virgin Olive Oil 120G;£0.81;£0.90/100g;Tins, Cans & Packets;Tinned Fish & Seafood;null;24.2;null;null;13.9;null;null;0.93;
251433282;John West Boneless Sardine Tomato Sauce 95G;£0.99;£1.05/100g;Tins, Cans & Packets;Tinned Fish & Seafood;142 ;17.0;null;null;7.5;null;null;1.0;
262824413;John West Sardines Spicy Tomato Sauce 120G;£0.99;£1.18/100g;Tins, Cans & Packets;Tinned Fish & Seafood;170 ;17.0;null;null;10.0;null;Trace;null;
258574760;Tesco Mackerel Fillets In Brine 125G;£0.66;£0.75/100g;Tins, Cans & Packets;Tinned Fish & Seafood;241;20.4;null;0.1;17.7;4.1;0.1;0.7;
252748144;John West Sardines Tomato 120G;£0.99;£1.18/100g;Tins, Cans & Packets;Tinned Fish & Seafood;164 ;17.0;null;null;10.0;null;0.0;1.0;
267145667;Tesco Mackerel In Spicy Tomato Sauce 125G;£0.66;£0.53/100g;Tins, Cans & Packets;Tinned Fish & Seafood;221;12.1;null;4.6;16.9;5.6;0.8;null;
251433190;John West Boneless Sardine Sunflower Oil 95G;£0.99;£1.48/100g;Tins, Cans & Packets;Tinned Fish & Seafood;225;21.7;null;null;15.4;null;Trace;null;
258059282;Princes Sardines In Tomato 120G;null;null;Tins, Cans & Packets;Tinned Fish & Seafood;null;19.0;null;null;11.9;null;null;0.93;
271184021;Tesco Mackerel In Teriyaki Sauce 125G;£0.66;£0.53/100g;Tins, Cans & Packets;Tinned Fish & Seafood;254;12.6;null;13.2;16.2;3.9;2.0;null;
252737883;John West Sardines Olive Oil 120Gm;£0.99;£1.10/100g;Tins, Cans & Packets;Tinned Fish & Seafood;218 ;23.0;null;null;14.0;null;Trace;null;
267668808;John West Foods Limited Boneless Sardines In Olive Oil 95G;£0.99;£1.48/100g;Tins, Cans & Packets;Tinned Fish & Seafood;225 ;21.7;null;null;15.4;null;Trace;null;
252748167;John West Sardines Sunflower Oil 120Gm;£0.99;£1.10/100g;Tins, Cans & Packets;Tinned Fish & Seafood;218 ;23.0;null;null;14.0;null;Trace;null;
267145892;Tesco Mackerel In Curry Sauce 125G;£0.66;£0.53/100g;Tins, Cans & Packets;Tinned Fish & Seafood;292;11.4;null;1.7;26.1;7.0;0.7;null;
275548651;Tesco Mackerel With Sweet Chilli 125G;£0.66;£0.53/100g;Tins, Cans & Packets;Tinned Fish & Seafood;198;13.0;null;4.6;14.0;3.6;0.7;null;
271184067;Tesco Mackerel In Evo Skinless And Boneless 125G;£0.66;£0.75/100g;Tins, Cans & Packets;Tinned Fish & Seafood;302;19.3;null;0.1;24.8;5.7;0.6;null;
258574702;Tesco Mackerel Fillets In Tomato 125G;£0.66;£0.53/100g;Tins, Cans & Packets;Tinned Fish & Seafood;192;14.1;null;3.4;13.6;3.1;0.1;0.7;
275548524;Tesco Finest Hot Smoked Mackerel In Sunflower Oil 110G;£1.49;£1.87/100g;Tins, Cans & Packets;Tinned Fish & Seafood;null;null;null;null;null;null;null;null;
258059783;John West Sardines In Brine 120G;£0.99;£1.10/100g;Tins, Cans & Packets;Tinned Fish & Seafood;173 ;23.0;null;null;9.0;null;0.0;1.0;
254863672;Glenryck Pilchards In Tomato Sauce 155G;£0.49;£0.32/100g;Tins, Cans & Packets;Tinned Fish & Seafood;550 kJ - 8400 kJ;13.2;null;null;6.9;null;1.1;1.0;
259556740;John West Caviar 50G;£2.48;£4.96/100g;Tins, Cans & Packets;Tinned Fish & Seafood;90 ;11.0;null;null;4.0;null;Trace;null;
275062355;Tesco Everyday Value Sardines In Tomato Sauce 120G;£0.34;£0.28/100g;Tins, Cans & Packets;Tinned Fish & Seafood;159;18.2;null;0.1;9.4;2.0;0.1;0.8;
283022817;Delicius Anchovy Fillets In Olive Oil 80G;£2.89;£6.73/100g;Tins, Cans & Packets;Tinned Fish & Seafood;null;null;null;null;null;null;null;null;
258574345;Tesco Sardines In Tomato Sauce 120G;£0.40;£0.33/100g;Tins, Cans & Packets;Tinned Fish & Seafood;163;17.0;null;1.4;9.9;2.7;0.1;null;
255222001;John West Dressed Crab 43G;£1.00;£2.33/100g;Tins, Cans & Packets;Tinned Fish & Seafood;142 ;16.0;null;null;7.0;null;null;1.2;
283022832;Delicius Anchovy Rolled Fillets With Capers 90G;£3.49;£3.88/100g;Tins, Cans & Packets;Tinned Fish & Seafood;null;null;null;null;null;null;null;null;
254864573;John West Sild In Sunflower Oil 110G;£1.30;£1.74/100g;Tins, Cans & Packets;Tinned Fish & Seafood;255 ;21.0;null;null;19.0;null;Trace;null;
259169870;Princes Pilchards In Tomato 155G;£0.59;£0.38/100g;Tins, Cans & Packets;Tinned Fish & Seafood;134;13.0;null;null;8.0;null;0.1;null;
254864567;John West Sild In Tomato Sauce 110G;£1.30;£1.19/100g;Tins, Cans & Packets;Tinned Fish & Seafood;221 ;21.0;null;null;13.0;null;Trace;null;
284119262;Pure Larsen Msc Smoked Kippers In Tomato 106G;£1.15;£1.09/100g;Tins, Cans & Packets;Tinned Fish & Seafood;761 kJ -;12,7;5,5;null;null;null;0,1;1,3;
281973506;Glenryck Pilchards In Tomato Sauce 400G;£1.09;£0.27/100g;Tins, Cans & Packets;Tinned Fish & Seafood;125 ;13.2;null;null;6.9;null;1.1;1.0;
258574414;Tesco Sardines In Brine 120G;£0.40;£0.48/100g;Tins, Cans & Packets;Tinned Fish & Seafood;172;21.5;null;0.1;9.6;3.2;0.1;null;
252812834;John West Anchovies In Olive Oil 100G;£2.39;£3.99/100g;Tins, Cans & Packets;Tinned Fish & Seafood;226 ;25.0;null;null;14.0;null;Trace;null;
284118882;Pure Larsen Msc Kippers In Oil 160G;£1.39;£1.28/100g;Tins, Cans & Packets;Tinned Fish & Seafood;1100 kJ -;20;0,1;null;null;null;0;1,3;
252066956;John West Dressed Lobster 43G;£0.98;£2.28/100g;Tins, Cans & Packets;Tinned Fish & Seafood;105 ;13.0;null;null;5.0;null;null;1.2;
284118703;Pure Larsen Msc Kippers In Brine 160G;£1.29;£1.19/100g;Tins, Cans & Packets;Tinned Fish & Seafood;989 kJ -;18;0;null;null;null;0,1;1,0;
254864550;John West Smoked Skippers In Tomato 106G;£1.19;£1.13/100g;Tins, Cans & Packets;Tinned Fish & Seafood;189 ;15.0;null;null;13.0;null;Trace;null;
258574380;Tesco Sardines In Sunflower Oil 120G;£0.40;£0.48/100g;Tins, Cans & Packets;Tinned Fish & Seafood;220;23.3;null;0.1;14.1;2.8;0.1;null;
282301380;Glenryck Pilchards In Brine 400G;£1.09;£0.39/100g;Tins, Cans & Packets;Tinned Fish & Seafood;180 ;19.7;null;null;11.2;null;trace;1.0;
277868142;John West Herrings Mustard And Dill 160G;£1.49;£0.93/100g;Tins, Cans & Packets;Tinned Fish & Seafood;259 ;13.8;null;null;20.6;null;Trace;null;
283197863;John West Foods Tuna Infusions Lemon And Thyme 80G;£1.49;£1.87/100g;Tins, Cans & Packets;Tinned Fish & Seafood;222 ;24.1;null;null;13.9;null;0.1;null;
283197949;John West Foods Tuna Infusions Coriander And Cumin 80G;£1.49;£1.87/100g;Tins, Cans & Packets;Tinned Fish & Seafood;222 ;24.1;null;null;13.9;null;0.1;null;
271013311;La Mongasque Anchovy Fillets A La Prvnle 100G;£2.39;£2.39/100g;Tins, Cans & Packets;Tinned Fish & Seafood;null;null;null;null;null;null;null;null;
277883590;John West Kippers Brine 160G;£1.49;£1.30/100g;Tins, Cans & Packets;Tinned Fish & Seafood;192 ;18.0;null;null;16.0;null;Trace;null;
250318449;John West Smoked Mussels In Oil 85G;£1.49;£2.49/100g;Tins, Cans & Packets;Tinned Fish & Seafood;196 ;19.9;null;null;12.2;null;0;1.5;
278340091;La Monegasque Anchovy Paste 100G;£1.45;£1.45/100g;Tins, Cans & Packets;Tinned Fish & Seafood;null;null;null;null;null;null;null;null;
254864193;Princes Crab Meat 170Gm;£1.39;£1.15/100g;Tins, Cans & Packets;Tinned Fish & Seafood;73;16.7;null;null;0.1;null;0.0;null;
278295662;Kingfisher Jumbo Crab 170G;£2.89;£2.41/100g;Tins, Cans & Packets;Tinned Fish & Seafood;80;17.1;null;null;0.5;null;Nil;null;
277868211;John West Herrings Tomato 160G;£1.49;£0.93/100g;Tins, Cans & Packets;Tinned Fish & Seafood;779 kJ -;12.6;null;null;12.8;null;null;1.2;
283230594;Kingfisher Shredded Crab Meat 170G;£1.49;£1.25/100g;Tins, Cans & Packets;Tinned Fish & Seafood;45;9.2;null;null;0.6;null;0;1.3;
259677602;Princes Anchovies Fillet In Olive Oil 50G;£1.07;£3.57/100g;Tins, Cans & Packets;Tinned Fish & Seafood;198;21.9;null;null;12.3;null;null;null;
255024869;John West Finest Crab 170G;£2.68;£2.22/100g;Tins, Cans & Packets;Tinned Fish & Seafood;72 ;17.0;null;null;0.1;null;Trace;null;
283197840;John West Foods Tuna Infusions Soy And Ginger 80G;£1.49;£1.87/100g;Tins, Cans & Packets;Tinned Fish & Seafood;204 ;24.5;null;null;10.9;null;0.2;null;
283761368;Princes Finest Crab Meat Brine 170G;£2.10;£1.24/100g;Tins, Cans & Packets;Tinned Fish & Seafood;73;16.7;null;null;0.1;null;nil;null;
271050122;La Monegasque Salt Packed Anchovies 100G;£2.39;£3.42/100g;Tins, Cans & Packets;Tinned Fish & Seafood;null;null;null;null;null;null;null;null;
277883682;John West Kippers Oil 160G;£1.49;£1.30/100g;Tins, Cans & Packets;Tinned Fish & Seafood;238 ;19.1;null;null;17.9;null;Trace;null;
250319990;John West Smoked Oysters Sunflower Oil 85G;£1.99;£3.07/100g;Tins, Cans & Packets;Tinned Fish & Seafood;230 ;16.0;null;null;14.0;null;0;1.0;
255026815;Princes Pressed Cod Roe 600G;£2.28;£0.38/100g;Tins, Cans & Packets;Tinned Fish & Seafood;null;null;null;null;null;null;null;null;
283023079;Launis Caviar Lumpfish (Black) 100G;£2.50;£2.50/100g;Tins, Cans & Packets;Tinned Fish & Seafood;90 ;11;null;null;4;null;null;5,5;
271049384;Tesco Anchovy Fillets In Olive Oil 100G;£1.69;£2.82/100g;Tins, Cans & Packets;Tinned Fish & Seafood;210;25.2;null;0.1;12.1;1.9;0.1;15.3;
283562483;Pure Smoked Mussels Vegetable Oil 110G;£1.65;£2.33/100g;Tins, Cans & Packets;Tinned Fish & Seafood;null;null;null;null;null;null;null;null;
271030031;Tesco Finest Anchovy Fillets Extra Virgin Olive Oil 114G;£2.29;£3.82/100g;Tins, Cans & Packets;Tinned Fish & Seafood;210;25.2;null;0.1;12.1;1.9;0.1;15.3;
258452081;Tesco Anchovy Fillets In Olive Oil 50G;£0.69;£2.30/100g;Tins, Cans & Packets;Tinned Fish & Seafood;210;25.2;null;0.1;12.1;1.9;0.1;15.3;
278635589;Tesco Finest Squid Pieces In Salsa Picante 111G;null;null;Tins, Cans & Packets;Tinned Fish & Seafood;300;16.9;null;0.1;24.8;2.7;0.8;0.8;
264456880;Van Smirren Mussels In Vinegar 205G;£1.48;£1.65/100g;Tins, Cans & Packets;Tinned Fish & Seafood;102 ;19;null;null;2;null;null;null;
262314090;Tesco White Crab Meat In Brine 170G;£2.65;£2.21/100g;Tins, Cans & Packets;Tinned Fish & Seafood;72;14.4;null;1.2;0.7;0.2;0.4;1.7;
281823685;Tesco Mussels In Brine 115G;£1.35;£1.99/100g;Tins, Cans & Packets;Tinned Fish & Seafood;107;17.2;null;0.1;3.3;1.1;0.1;2.7;
283561985;Pure Smoked Trout 110G;£2.59;£3.46/100g;Tins, Cans & Packets;Tinned Fish & Seafood;null;null;null;null;null;null;null;null;
284119443;Pure Larsen Smoked Mussels In Rape Seed Oil 110G;£1.39;£1.95/100g;Tins, Cans & Packets;Tinned Fish & Seafood;678 kJ -;18,8;1,7;null;null;null;0,5;1,6;
268243941;Princes Soft Cod Roe 100G;£1.19;£1.19/100g;Tins, Cans & Packets;Tinned Fish & Seafood;84;12.0;null;null;4.0;null;0.1;null;
264456874;Van Smirren Cockles In Vinegar 205G;£1.88;£2.09/100g;Tins, Cans & Packets;Tinned Fish & Seafood;81 ;12;null;null;1;null;null;null;
277183076;Tesco Finest Silver Anchovy Fillets 155G;£2.99;£3.74/100g;Tins, Cans & Packets;Tinned Fish & Seafood;210;25.2;null;0.1;12.1;1.9;0.1;15.3;
282488238;Del Monte Grapefruit Segments In Juice 411G;£1.10;£2.68/kg;Tins, Cans & Packets;Tinned Fruit;48 ;0.6;null;null;0.1;null;null;null;
254901582;Del Monte Fruit Cocktail In Juice 415G;£0.80;£3.20/kg;Tins, Cans & Packets;Tinned Fruit;49 ;0.4;null;null;0.1;null;null;null;
282338935;Dole Tropical Gold Tropical Mix 3X227g;£1.49;£3.58/kg;Tins, Cans & Packets;Tinned Fruit;56;0.6;13;null;0.2;null;1.3;0.1;
258755546;Tesco Ruby Red Grapefruit Segments In Juice 538G;£0.65;£2.25/kg;Tins, Cans & Packets;Tinned Fruit;32;0.6;null;7.3;0.1;0.1;0.4;0.1;
255073902;Tesco Everyday Value Broken Mandarins Light Syrup 312;£0.35;£2.00/kg;Tins, Cans & Packets;Tinned Fruit;66;0.5;null;14.4;0.1;0.1;0.5;0.1;
278412507;Del Monte Light Fruit Cocktail 400G;£0.80;£2.00/kg;Tins, Cans & Packets;Tinned Fruit;null;null;null;null;null;null;null;null;
256362490;Del Monte Fruit Cocktail In Syrup 227G;£0.80;£5.72/kg;Tins, Cans & Packets;Tinned Fruit;63 ;0.4;null;null;0.1;null;null;null;
273446803;Princes Mandarins In Juice 298G;£1.00;£5.72/kg;Tins, Cans & Packets;Tinned Fruit;null;0.7;null;null;trace;null;null;trace;
267554033;Princes Grapefruit In Juice 411G;£1.00;£4.66/kg;Tins, Cans & Packets;Tinned Fruit;39;0.4;null;null;trace;null;0.7;null;
279880630;Tesco Everyday Value Broken Grapefruit In Light Syrup 538G;£0.34;£1.18/kg;Tins, Cans & Packets;Tinned Fruit;65;0.5;null;15.5;0.1;0.1;0.6;0.1;
256528738;Tesco Breakfast Apricots In Juice 300G;£1.00;£5.56/kg;Tins, Cans & Packets;Tinned Fruit;86;1.8;null;17.3;0.3;0.1;3.2;0.01;
254900894;Tesco Apricot Halves In Juice 411G;£0.65;£2.78/kg;Tins, Cans & Packets;Tinned Fruit;44;0.6;null;10.0;0.1;0.1;1.0;0.1;
254901242;Tesco Grapefruit Segments In Light Syrup 538G;£0.60;£2.07/kg;Tins, Cans & Packets;Tinned Fruit;65;0.5;null;15.5;0.1;0.1;0.6;0.1;
274808766;Natures Finest Mandarins In Juice 390G;£1.50;£6.25/kg;Tins, Cans & Packets;Tinned Fruit;361kJ 289kJ;1.4;19.8;null;0.1;null;0.6;null;
254901150;Tesco Grapefruit Segments In Juice 538G;£0.60;£2.07/kg;Tins, Cans & Packets;Tinned Fruit;32;0.6;null;7.3;0.1;0.1;0.4;0.1;
254901478;Del Monte Fruit Cocktail In Syrup 420G;£0.80;£3.20/kg;Tins, Cans & Packets;Tinned Fruit;63 ;0.4;null;null;0.1;null;null;null;
250940247;Del Monte Apricot Halves In Syrup 410G;£1.00;£4.17/kg;Tins, Cans & Packets;Tinned Fruit;68 ;0.4;null;null;0.2;null;null;null;
256432822;Del Monte Mandarins In Juice 298G;£0.80;£4.58/kg;Tins, Cans & Packets;Tinned Fruit;45 ;0.6;null;null;0.1;null;null;null;
254901000;Tesco Mandarin Segments In Juice 298G;£0.60;£3.43/kg;Tins, Cans & Packets;Tinned Fruit;34;0.7;null;7.7;0.1;0.1;0.3;0.1;
252859709;Del Monte Fruit In Syrup Variety Pack 3 X 227G;£2.00;£2.94/kg;Tins, Cans & Packets;Tinned Fruit;null;0.2;null;null;0.1;null;null;null;
284349372;Princes Fruit Cocktail In Juice 410G;£1.00;£4.05/kg;Tins, Cans & Packets;Tinned Fruit;null;0.4;null;null;0.1;null;0.7;0.01;
284349222;Princes Peach Slices In Juice 410G;£1.00;£4.05/kg;Tins, Cans & Packets;Tinned Fruit;null;0.5;null;null;trace;null;0.8;null;
282648257;Del Monte Light Peach Slices 400G;£0.80;£3.20/kg;Tins, Cans & Packets;Tinned Fruit;null;null;null;null;null;null;null;null;
254899877;Tesco Peach Slices In Light Syrup 410G;£0.50;£2.00/kg;Tins, Cans & Packets;Tinned Fruit;60;0.5;null;14.0;0.1;0.1;0.9;0.01;
275014684;Natures Finest Pear Slices In Juice 400G;£1.50;£0.68/100g;Tins, Cans & Packets;Tinned Fruit;319kJ 255kJ;0.3;18;null;0.1;null;1.3;null;
282489122;Del Monte Chef Peach Slices With Cinnamon In Syrup 825G;£2.00;£4.00/kg;Tins, Cans & Packets;Tinned Fruit;null;null;null;null;null;null;null;null;
267930982;Tesco Chunky Fruit Medley In Juice 410G;null;null;Tins, Cans & Packets;Tinned Fruit;54;0.3;null;11.8;0.1;0.1;0.9;0.1;
254900145;Del Monte Peach Halves In Juice 415G;£0.80;£3.41/kg;Tins, Cans & Packets;Tinned Fruit;55 ;0.5;null;null;0.1;null;null;null;
254900082;Del Monte Peach Halves In Syrup 420G;£0.80;£3.41/kg;Tins, Cans & Packets;Tinned Fruit;65 ;0.4;null;null;0.1;null;null;null;
284349406;Princes Peach Slices In Light Syrup 410G;£1.00;£4.05/kg;Tins, Cans & Packets;Tinned Fruit;null;0.5;null;null;0.0;null;1.0;0.01;
258383818;Tesco Everyday Value Sliced Peaches Light Syrup 410G;£0.40;£1.60/kg;Tins, Cans & Packets;Tinned Fruit;60;0.5;null;14.0;0.1;0.1;0.9;0.01;
254900122;Tesco Peach Halves In Juice 410G;£0.50;£2.00/kg;Tins, Cans & Packets;Tinned Fruit;43;0.6;null;9.7;0.1;0.1;0.8;0.01;
279722755;Tesco Tropical Cocktail In Juice 400G;null;null;Tins, Cans & Packets;Tinned Fruit;53;0.2;null;10.5;0.1;0.1;0.7;0.1;
254900018;Tesco Peach Slices In Juice 410G;£0.50;£2.00/kg;Tins, Cans & Packets;Tinned Fruit;48;0.3;null;11.0;0.1;0.1;0.9;0.1;
254900709;Del Monte Pear Halves In Juice 415G;£1.00;£4.35/kg;Tins, Cans & Packets;Tinned Fruit;45 ;0.3;null;null;0.1;null;null;null;
254899981;Del Monte Peach Slices In Syrup 420G;£0.80;£3.20/kg;Tins, Cans & Packets;Tinned Fruit;65 ;0.4;null;null;0.1;null;null;null;
254900030;Del Monte Peach Slices In Juice 415G;£0.80;£3.20/kg;Tins, Cans & Packets;Tinned Fruit;49 ;0.5;null;null;0.1;null;null;null;
254899998;Del Monte Peach Slices In Syrup 227G;£0.75;£5.36/kg;Tins, Cans & Packets;Tinned Fruit;65 ;0.4;null;null;0.1;null;null;null;
254900750;Del Monte Pear Halves In Syrup 420G;£0.80;£3.48/kg;Tins, Cans & Packets;Tinned Fruit;58 ;0.2;null;null;0.1;null;null;null;
284349395;Princes Fruit Cocktail In Syrup 410G;£1.00;£4.05/kg;Tins, Cans & Packets;Tinned Fruit;null;0.3;null;null;0.1;null;1.1;0.01;
284349352;Princes Pear Halves In Syrup 410G;£1.00;£4.35/kg;Tins, Cans & Packets;Tinned Fruit;null;0.4;null;null;0.1;null;1.7;0.01;
254900681;Tesco Pear Halves In Juice 410G;£0.75;£3.34/kg;Tins, Cans & Packets;Tinned Fruit;38;0.3;null;8.5;0.1;0.1;1.4;0.01;
254900387;Del Monte Sliced Pineapple In Juice 220G;£0.75;£5.36/kg;Tins, Cans & Packets;Tinned Fruit;69 ;0.4;null;null;0.1;null;null;null;
284349343;Princes Pear Halves In Juice 410G;£1.00;£2.44/kg;Tins, Cans & Packets;Tinned Fruit;45;0.5;null;null;trace;null;1.7;null;
280803676;Dole Tropical Gold Pineapple Slices In Juice 432G;£1.00;£3.68/kg;Tins, Cans & Packets;Tinned Fruit;53 ;0.4;null;null;0.1;null;1.1;0.1;
250042763;Del Monte Sliced Pineapple In Syrup 425G;£0.80;£2.88/kg;Tins, Cans & Packets;Tinned Fruit;null;null;null;null;null;null;null;null;
256265858;Del Monte Crushed Pineapple In Juice 435G;£0.80;£2.88/kg;Tins, Cans & Packets;Tinned Fruit;null;null;null;null;null;null;null;null;
282488895;Del Monte Pineapple Chunks In Coconut Syrup 235G;£0.50;£3.58/kg;Tins, Cans & Packets;Tinned Fruit;null;null;null;null;null;null;null;null;
254900721;Tesco Pear Halves In Syrup 410G;£0.75;£3.34/kg;Tins, Cans & Packets;Tinned Fruit;56;0.2;null;13.2;0.1;0.1;1.1;0.01;
282339076;Dole Tropical Gold Slices In Juice 3X227g;£1.49;£2.19/kg;Tins, Cans & Packets;Tinned Fruit;272 kj -;0.4;null;null;0.1;null;null;null;
264096585;Dole Tropical Gold Chunks In Juice 227G;£0.75;£5.40/kg;Tins, Cans & Packets;Tinned Fruit;null;null;null;null;null;null;null;null;
254900364;Del Monte Sliced Pineapple In Juice 435G;£0.80;£3.08/kg;Tins, Cans & Packets;Tinned Fruit;null;null;null;null;null;null;null;null;
278412450;Del Monte Light Pineapple Slices 420G;£0.80;£1.91/kg;Tins, Cans & Packets;Tinned Fruit;null;null;null;null;null;null;null;null;
282488820;Del Monte Pineapple Chunks In Mango Syrup 235G;£0.50;£3.58/kg;Tins, Cans & Packets;Tinned Fruit;null;null;null;null;null;null;null;null;
257977129;Del Monte Pineapple Chunks In Juice 435G;£0.80;£3.08/kg;Tins, Cans & Packets;Tinned Fruit;null;null;null;null;null;null;null;null;
280803561;Dole Tropical Gold Pineapple Chunks In Juice 432G;£1.00;£3.68/kg;Tins, Cans & Packets;Tinned Fruit;53 ;0.4;null;null;0.1;null;1.1;0.1;
254900560;Del Monte Pineapple Chunks In Juice 227G;£0.75;£5.36/kg;Tins, Cans & Packets;Tinned Fruit;69 ;0.4;null;null;0.1;null;null;null;
254900600;Tesco Pear Quarters In Natural Juice 410G;£0.75;£3.34/kg;Tins, Cans & Packets;Tinned Fruit;38;0.3;null;8.5;0.1;0.1;1.4;0.01;
282488647;Del Monte Pineapple Chunks Vanilla Syrup 235G;null;null;Tins, Cans & Packets;Tinned Fruit;null;null;null;null;null;null;null;null;
263871464;Dole Tropical Pineapple Slices In Juice 227G;£0.75;£5.40/kg;Tins, Cans & Packets;Tinned Fruit;null;null;null;null;null;null;null;null;
258600768;Tesco Everyday Value Pineapple Pieces Light Syrup 540G;£0.35;£1.53/kg;Tins, Cans & Packets;Tinned Fruit;75;0.5;null;15.2;trace;trace;0.8;null;
276809883;Dole Tropical Gold Tropical Mix 432G;£1.00;£3.81/kg;Tins, Cans & Packets;Tinned Fruit;56;0.6;13;null;0.2;null;1.3;0.1;
283868292;Natures Finest Pitted Prunes In Juice 700G;£2.40;£6.40/kg;Tins, Cans & Packets;Tinned Fruit;666kJ 533kJ;1.8;36;null;0.1;null;4;null;
284590234;Princes Prunes In Syrup 420G;£1.00;£4.26/kg;Tins, Cans & Packets;Tinned Fruit;82;0.8;null;null;0.1;null;2.8;null;
282648073;Del Monte Fruit Chef Apple Chunks 765G;£2.00;£2.62/kg;Tins, Cans & Packets;Tinned Fruit;null;null;null;null;null;null;null;null;
258830181;Tesco Peaches In Grape Juice 400G Pot;£1.20;£5.22/kg;Tins, Cans & Packets;Tinned Fruit;55;0.4;null;11.1;0.1;0.1;1.3;0.1;
259062039;Tesco Prunes In Natural Juice 410G;£0.75;£3.20/kg;Tins, Cans & Packets;Tinned Fruit;88;0.7;null;19.7;0.2;0.1;2.4;0.1;
283996545;Spc Natures Finest Peach Slics In Jce700g;£2.25;£0.58/100g;Tins, Cans & Packets;Tinned Fruit;274kJ 219kJ;0.45;15;null;0.1;null;1.8;0.1;
265636736;Princes Pineapple Slices In Juice 432G;£1.00;£3.85/kg;Tins, Cans & Packets;Tinned Fruit;null;0.4;null;null;trace;null;null;0.00;
265636815;Princes Pineapple Chunks In Juice 432G;£1.00;£3.85/kg;Tins, Cans & Packets;Tinned Fruit;null;0.4;null;null;0.0;null;null;0.00;
276809969;Dole Tropical Gold Breakfast Mix 432G;£1.00;£3.81/kg;Tins, Cans & Packets;Tinned Fruit;52;0.4;15;null;0.1;null;0.8;0.1;
264094266;Natures Finest Peach Slices 400G;£1.50;£6.53/kg;Tins, Cans & Packets;Tinned Fruit;313kJ 250kJ;0.8;16.9;null;0.1;null;1.2;null;
285970440;Spc Natures Finest Pear Slices Juice 700G;£2.25;£6.17/kg;Tins, Cans & Packets;Tinned Fruit;311kJ 249kJ;0.45;18;null;0.1;null;1.6;0.1;
264095908;Natures Finest Mango In Juice 400G;£1.50;£7.15/kg;Tins, Cans & Packets;Tinned Fruit;296kJ 237kJ;0.6;15.4;null;0.3;null;1.9;null;
256220232;Tesco Californian Prunes Natural Juice 290G;£0.80;£4.58/kg;Tins, Cans & Packets;Tinned Fruit;123;1.2;null;19.0;0.5;0.2;2.3;0.1;
276807228;Dole Tropical Gold Pina Colada Mix 432G;£1.00;£3.81/kg;Tins, Cans & Packets;Tinned Fruit;53;0.5;14;null;0.1;null;0.9;0.1;
259062304;Tesco Prunes In Syrup 420G;null;null;Tins, Cans & Packets;Tinned Fruit;102;0.6;null;23.0;0.2;0.1;2.8;0.1;
282617006;Del Monte Mango Slices In Syrup 425G;£1.00;£4.35/kg;Tins, Cans & Packets;Tinned Fruit;64;0,3;null;null;0,1;null;1,0;null;
274709486;Natures Finest Pineapple Chunks In Juice 400G;£1.50;£6.53/kg;Tins, Cans & Packets;Tinned Fruit;325kJ 260kJ;0.8;18.0;null;0.1;null;0.8;null;
280134920;Tesco Prunes In Juice 220G;£0.75;£6.25/kg;Tins, Cans & Packets;Tinned Fruit;88;0.7;null;19.7;0.2;0.1;2.4;0.1;
275882294;Princes Lychees In Syrup 425G;£1.00;£5.56/kg;Tins, Cans & Packets;Tinned Fruit;null;0.7;null;null;0.2;null;1.3;0.05;
273446953;Princes Strawberries In Syrup 420G;£1.00;£6.67/kg;Tins, Cans & Packets;Tinned Fruit;null;0.5;null;null;0.1;null;0.9;0.02;
279457631;Tesco Guava Halves In Syrup 410G;£0.90;£3.75/kg;Tins, Cans & Packets;Tinned Fruit;76;2.6;null;14.7;0.1;0;2.7;0.1;
275882334;Princes Mango Slices In Light Syrup 425G;£1.00;£4.00/kg;Tins, Cans & Packets;Tinned Fruit;78;1.2;null;null;trace;null;1.9;null;
254902166;Tesco Rhubarb In Light Syrup 539G;£0.70;£2.86/kg;Tins, Cans & Packets;Tinned Fruit;42;0.5;null;8.7;0.2;0.1;0.7;0.1;
271640576;Tesco British Blackcurrant In Lt Syrup 290G;£1.00;£8.70/kg;Tins, Cans & Packets;Tinned Fruit;49;0.5;null;10.4;0.1;0.1;2.1;0.1;
280738269;Tesco Red Plums In Light Syrup 570G;£0.95;£3.17/kg;Tins, Cans & Packets;Tinned Fruit;62;0.3;null;12.3;0.1;0.1;0.7;0.1;
260631736;Tesco Mango Slices In Light Syrup 425G;£0.80;£3.14/kg;Tins, Cans & Packets;Tinned Fruit;66;0.3;null;16.0;0.1;0.1;0.3;0.1;
285970578;Natures Finest Peach, Pear And Pineapple 700G;£2.25;£6.09/kg;Tins, Cans & Packets;Tinned Fruit;356kJ 285kJ;0.5;19.4;null;0.1;null;1.8;0.1;
271367986;Tesco British Gooseberries 290G;£1.00;£8.70/kg;Tins, Cans & Packets;Tinned Fruit;46;0.7;null;8.7;0.3;0.1;1.5;0.1;
260599872;Tesco Summer Fruits In Light Syrup 290G;£0.95;£8.64/kg;Tins, Cans & Packets;Tinned Fruit;60;0.8;null;9.4;0.5;0.1;1.6;0.1;
278855386;Summer Pride Lychee In Light Syrup 425G;£0.80;£4.00/kg;Tins, Cans & Packets;Tinned Fruit;203kJ 253kJ;0.3;null;null;trace;null;0.5;trace;
271273411;Tesco Tropical Fruit Salad In Syrup 425G;£0.70;£2.80/kg;Tins, Cans & Packets;Tinned Fruit;64;0.5;null;14.7;0;0;0.4;0;
264094702;Natures Finest Peach/Pear And Pineapple Juice 400G;£1.50;£6.53/kg;Tins, Cans & Packets;Tinned Fruit;348kJ 278kJ;0.4;19.1;null;0.1;null;1.4;null;
260470436;Tesco Sliced Apples 385G;£0.75;£1.95/kg;Tins, Cans & Packets;Tinned Fruit;25;0.1;null;5.0;0.1;0.1;2.4;0.1;
264071580;Natures Finest Tropical Fruit Salad Juice 400G;£1.50;£6.53/kg;Tins, Cans & Packets;Tinned Fruit;313kJ 250kJ;3.1;14.9;null;0.1;null;0.8;null;
260599964;Tesco Raspberries In Light Syrup 300G;£1.00;£8.70/kg;Tins, Cans & Packets;Tinned Fruit;63;0.6;null;14.2;0.1;0.1;1.5;0.01;
271368271;Tesco British Blackberries 290G;£1.00;£10.00/kg;Tins, Cans & Packets;Tinned Fruit;48;0.5;null;10.6;0.1;0.1;1.5;0.1;
263569258;Natures Finest Peach And Pear In Juice 400G;£1.50;£6.53/kg;Tins, Cans & Packets;Tinned Fruit;301kJ 241kJ;0.1;17;null;0.1;null;1.5;null;
280754785;Tesco Black Cherries In Light Syrup 425G;£1.15;£4.43/kg;Tins, Cans & Packets;Tinned Fruit;65;0.7;null;11.6;0.1;0.1;0.5;0.1;
283996378;Natures Finest Tropical Fruit Salad Juice 700G;£2.40;£6.40/kg;Tins, Cans & Packets;Tinned Fruit;666kJ 533kJ;4.0;36.4;null;0.1;null;1.8;0.1;
258859585;Princes Corned Beef 200G;£1.99;£1.00/100g;Tins, Cans & Packets;Tinned Meat;null;24.8;null;null;13.5;null;null;2.2;
267855719;Pampeano Corned Beef 340G;£2.49;£0.73/100g;Tins, Cans & Packets;Tinned Meat;230;25.0;null;null;14.0;null;Nil;2.3;
277974436;Spam Chopped Pork With Ham Plastic 200G;£1.69;£0.85/100g;Tins, Cans & Packets;Tinned Meat;null;null;null;null;null;null;null;null;
266705174;Pek Chopped Pork 300G Can;£1.85;£0.62/100g;Tins, Cans & Packets;Tinned Meat;null;null;null;null;null;null;null;null;
259818189;Spam Chopped Pork And Ham 200G;£1.69;£0.68/100g;Tins, Cans & Packets;Tinned Meat;null;null;null;null;null;null;null;null;
263138302;Pek Chopped Pork Gold 200G;£1.49;£0.75/100g;Tins, Cans & Packets;Tinned Meat;null;null;null;null;null;null;null;null;
252494466;Princes Lean Corned Beef 200G;£2.49;£1.25/100g;Tins, Cans & Packets;Tinned Meat;null;25.0;null;null;9.0;null;null;1.30;
263138878;Pek Chopped Pork 200G Can;£1.49;£0.75/100g;Tins, Cans & Packets;Tinned Meat;null;null;null;null;null;null;null;null;
268313029;Pampeano Corned Beef 200G;£1.89;£0.96/100g;Tins, Cans & Packets;Tinned Meat;940 kJ -;24.8;null;null;13.5;null;0;1.9;
282622593;Princes Corned Beef With Onion 200G;£1.99;£1.00/100g;Tins, Cans & Packets;Tinned Meat;223;23.0;null;null;14.0;null;0.3;null;
263536171;Princes Reduced Salt Corned Beef 340G;£2.49;£0.73/100g;Tins, Cans & Packets;Tinned Meat;null;24.8;null;null;13.0;null;null;1.40;
255206418;Spam Chopped Pork And Ham 340G;£1.50;£0.44/100g;Tins, Cans & Packets;Tinned Meat;null;null;null;null;null;null;null;null;
277975003;Princes Cured Ham 325G;£2.49;£0.77/100g;Tins, Cans & Packets;Tinned Meat;161;12.0;null;null;11.0;null;0.1;2.25;
273939284;Tesco Corned Beef Hash 400G;£0.74;£0.19/100g;Tins, Cans & Packets;Tinned Meat;175;12.0;null;1.0 (1% of NRV);10.0;4.6;1.5;1.8 (30% of NRV);
282622760;Princes Corned Beef With Chilli 200G;£1.99;£1.00/100g;Tins, Cans & Packets;Tinned Meat;222;23.0;null;null;14.0;null;trace;null;
282622466;Princes Corned Beef With Mustard 200G;£1.99;£1.00/100g;Tins, Cans & Packets;Tinned Meat;204;23.0;null;null;12.0;null;trace;null;
273341633;Spam Bacon 200G;£1.69;£0.85/100g;Tins, Cans & Packets;Tinned Meat;null;null;null;null;null;null;null;null;
282628016;Pampeano Chunky Corned Beef 340G;£2.69;£0.79/100g;Tins, Cans & Packets;Tinned Meat;928 kJ -;25;null;null;13;null;0;1.9;
273939214;Tesco Chunky Corned Beef 340G;£2.35;£0.69/100g;Tins, Cans & Packets;Tinned Meat;221;25.0;null;1.0;13.0;5.9;0;1.9;
259200234;Princes Corned Beef 340G;£2.00;£0.59/100g;Tins, Cans & Packets;Tinned Meat;null;24.8;null;null;13.5;null;null;2.20;
273341679;Spam Garlic 200G;£1.69;£0.85/100g;Tins, Cans & Packets;Tinned Meat;null;null;null;null;null;null;null;null;
284884739;Spam Lite Chopped Pork And Ham 200G;£1.69;£0.68/100g;Tins, Cans & Packets;Tinned Meat;227;16.3;null;null;17.0;null;0.1;null;
271703174;Tesco Everyday Value Chopped Ham And Pork 170G;£0.67;£0.39/100g;Tins, Cans & Packets;Tinned Meat;250;13.5;null;0.2;20.0;7.5;0.2;2.7;
280469086;Tulip Premium Cured Chicken Breast 200G;£1.79;£0.90/100g;Tins, Cans & Packets;Tinned Meat;81;18;null;null;1;null;null;2.5;
280468862;Tulip Pork Luncheon Meat 200G;£1.49;£0.75/100g;Tins, Cans & Packets;Tinned Meat;334;14;null;null;30;null;null;2.8;
271703439;Tesco Everyday Value Ham 200G;£0.99;£0.50/100g;Tins, Cans & Packets;Tinned Meat;91;16.2;null;NaN.0;2.8;1.0;NaN.0;2.4;
251223409;Princes Lunch Tongue 184G;£2.69;£1.47/100g;Tins, Cans & Packets;Tinned Meat;null;null;null;null;null;null;null;null;
268180866;Tesco Ox Tongue 184G;£2.69;£1.47/100g;Tins, Cans & Packets;Tinned Meat;185;17.0;null;1.0;12.5;5.0;0.1;2.5;
271737174;Tesco Pear Shaped Ham 340G;£2.39;£0.70/100g;Tins, Cans & Packets;Tinned Meat;105;18.2;null;0.2;3.0;1.3;0.1;null;
280467779;Tulip Premium Lean Ham 340G;£2.00;£0.59/100g;Tins, Cans & Packets;Tinned Meat;101;18;null;null;3;null;null;2.8;
259388817;Princes Round Ham 200G;£1.00;£0.42/100g;Tins, Cans & Packets;Tinned Meat;164;12.0;null;null;12.0;null;0.1;2.50;
280467589;Tulip Premium Lean Ham 200G;£1.79;£0.90/100g;Tins, Cans & Packets;Tinned Meat;101;18;null;null;3;null;null;2.8;
280468317;Tulip Pear Shaped Ham 340G;£1.99;£0.59/100g;Tins, Cans & Packets;Tinned Meat;95;14;null;null;3;null;null;2.3;
280520336;Tulip Ham 200G;£1.00;£0.50/100g;Tins, Cans & Packets;Tinned Meat;95;14;null;null;3;null;null;2.3;
280468663;Tulip Pork Bacon Grill 200G;£1.49;£0.75/100g;Tins, Cans & Packets;Tinned Meat;300;13;null;null;24;null;null;3.0;
268350176;Tesco Chopped Ham And Pork 200G;£1.35;£0.68/100g;Tins, Cans & Packets;Tinned Meat;250;15.6;null;0;20.3;7.7;0;2.1;
254838392;Tesco Danish Ham 200G;£1.35;£0.68/100g;Tins, Cans & Packets;Tinned Meat;105;18.2;null;0.2;3.0;1.3;0.1;null;
255076853;Fray Bentos Chicken/Mushroom Pie 475G;£2.49;£5.25/kg;Tins, Cans & Packets;Tinned Meat Pies;692kJ/ 1661kJ/;6.3;null;null;9.7;null;0.5;0.9;
255076830;Fray Bentos Steak And Ale Pie 475G;£2.49;£5.25/kg;Tins, Cans & Packets;Tinned Meat Pies;653kJ/ 1567kJ/;7.1;null;null;8.0;null;0.5;0.9;
283657878;Fray Bentos Just Steak Pudding 200G;£1.49;£7.45/kg;Tins, Cans & Packets;Tinned Meat Pies;213;7.6;null;null;10.7;null;0.7;1.2;
255077132;Fray Bentos Steak And Kidney Pie 213G;£1.49;£7.00/kg;Tins, Cans & Packets;Tinned Meat Pies;142 ;7.1;null;null;6.3;null;0.5;0.9;
280502030;Fray Bentos Minced Beef And Vegetable Pie 425G;£2.19;£5.16/kg;Tins, Cans & Packets;Tinned Meat Pies;935kJ/ 1987kJ/;5.7;null;null;16.0;null;0.9;null;
277597842;Fray Bentos Steak And Kidney Pie 425G;£2.19;£5.16/kg;Tins, Cans & Packets;Tinned Meat Pies;550kJ/ 1183kJ/;6.0;null;null;4.4;null;0.6;0.9;
279818769;Fray Bentos Steak And Kidney Pudding 200G;£1.49;£7.45/kg;Tins, Cans & Packets;Tinned Meat Pies;217;7.4;null;null;10.9;null;0.7;1.3;
279833704;Fray Bentos Steak And Kidney Pudding 400G;£2.19;£5.48/kg;Tins, Cans & Packets;Tinned Meat Pies;217;7.4;null;null;10.9;null;0.7;1.3;
268019574;Goblin Steak And Kidney Pudding 155G;£0.79;£5.10/kg;Tins, Cans & Packets;Tinned Meat Pies;152;6.2;null;null;6.8;null;0.8;1.0;
265860791;Fray Bentos Just Steak Pie 475G;£2.49;£5.25/kg;Tins, Cans & Packets;Tinned Meat Pies;680kJ/ 1632kJ/;8.6;null;null;8.6;null;0.5;0.8;
277588185;Fray Bentos Just Chicken Pie 425G;£2.19;£5.16/kg;Tins, Cans & Packets;Tinned Meat Pies;520kJ/ 1118kJ/;5.6;null;null;3.4;null;0.6;0.8;
283657360;Fray Bentos Just Steak Pudding 400G;£2.19;£5.48/kg;Tins, Cans & Packets;Tinned Meat Pies;213;7.6;null;null;10.7;null;0.7;1.2;
255076939;Fray Bentos Mince Beef And Onion Pie 425G;£2.19;£5.16/kg;Tins, Cans & Packets;Tinned Meat Pies;859kJ/ 2148kJ/;5.4;null;null;12.6;null;0.9;1.0;
268019378;Goblin Meat Pudding 155G;£0.79;£5.10/kg;Tins, Cans & Packets;Tinned Meat Pies;156;5.7;null;null;7.5;null;0.8;0.9;
266478902;Stagg Chili Classic Chili Con Carne 400G;£1.79;£4.48/kg;Tins, Cans & Packets;Tinned Ready Meals;130 ;7.0;null;null;5.0;null;4.5;0.90;
260725107;Stagg Vegetable Chili 99% Fat Free 400G;£1.79;£2.19/kg;Tins, Cans & Packets;Tinned Ready Meals;70 ;3.5;null;null;0.5;null;3.0;0.90;
272385294;Look What We Found! Chilli Con Carne 270G;£1.99;£7.38/kg;Tins, Cans & Packets;Tinned Ready Meals;300/72 810/194;7.6;null;null;2.8;null;2.3;null;
267713174;Princes Mild Chicken Curry 400G;£1.49;£3.73/kg;Tins, Cans & Packets;Tinned Ready Meals;null;10.2;null;null;3.6;null;null;0.55;
277969339;Crosse And Blackwell Kids Meatballs In Gravy 370G;£0.89;£2.41/kg;Tins, Cans & Packets;Tinned Ready Meals;93;5.2;null;null;4.4;null;0.9;null;
272385110;Look What We Found! Chicken Tikka 250G;£1.99;£7.96/kg;Tins, Cans & Packets;Tinned Ready Meals;null;9.7;null;null;8.7;null;2.5;null;
277973846;Crosse And Blackwell 4 Kids Meatballs Bolognese Sauce 370G;£0.89;£2.41/kg;Tins, Cans & Packets;Tinned Ready Meals;103;5.3;null;null;4.5;null;0.4;null;
277975061;Stagg Dynamite Chilli With Rice 370G;£1.99;£5.38/kg;Tins, Cans & Packets;Tinned Ready Meals;117 ;7.3;null;null;4.5;null;2.6;0.8;
255155178;Tesco Chicken Tikka Masala 400G;£1.49;£3.73/kg;Tins, Cans & Packets;Tinned Ready Meals;133;9.9;null;2.0;7.8;1.9;2.3;0.9;
254845446;Tesco Chicken Curry 400G;£1.49;£3.73/kg;Tins, Cans & Packets;Tinned Ready Meals;90;11.0;null;0.5;3.7;0.4;2.5;0.6;
277974655;Crosse And Blackwell 4 Kids Meatballs In Tomato Sauce 370G;£0.89;£2.41/kg;Tins, Cans & Packets;Tinned Ready Meals;94;5.2;null;null;4.3;null;0.6;null;
266478879;Stagg Silverado 400G;£1.79;£4.48/kg;Tins, Cans & Packets;Tinned Ready Meals;110 ;7.5;null;null;3.0;null;4.5;1.0;
277969374;Crosse And Blackwell 4 Kids Meatballs In Onion Gravy 370G;£0.89;£2.41/kg;Tins, Cans & Packets;Tinned Ready Meals;93;5.0;null;null;5.0;null;1.1;null;
255369046;Tesco Beef Curry 400G;£1.49;£3.73/kg;Tins, Cans & Packets;Tinned Ready Meals;132;9.5;null;1.4;7.9;1.9;2.8;0.6;
268180761;Tesco Chicken Korma 400G;£1.49;£3.73/kg;Tins, Cans & Packets;Tinned Ready Meals;164;13.0;null;2.2;10.3;6.1;1.5;0.6;
284743538;Tesco Chicken Rendang Curry 400G;£1.50;£3.75/kg;Tins, Cans & Packets;Tinned Ready Meals;137;10.4;null;4.5;7.4;4.8;3.2;1.3;
254845331;Tesco Chilli Con Carne 400G;£1.49;£3.73/kg;Tins, Cans & Packets;Tinned Ready Meals;99;7.2;null;2.4;4.0;1.3;4.3;0.6;
268180634;Tesco Chicken Jalfrezi 400G;£1.49;£3.73/kg;Tins, Cans & Packets;Tinned Ready Meals;97;11.7;null;2.8;3.4;0.3;1.4;0.6;
271988216;Tesco Everyday Value Chilli Con Carne 392G;£0.55;£1.41/kg;Tins, Cans & Packets;Tinned Ready Meals;130;6.9;null;3.7;5.0;2.5;0.6;null;
255552203;Stagg Chili Dynamite Hot Chili 400G;£1.79;£4.37/kg;Tins, Cans & Packets;Tinned Ready Meals;130 ;7.0;null;null;5.0;null;4.5;0.90;
285681972;Princes 6 Hotdogs 520G;£1.49;£0.55/100g;Tins, Cans & Packets;Tinned Ready Meals;138;10.0;null;null;9.0;null;0.5;2.50;
285972651;Tesco Meatballs In Tomato Sauce 395G;£0.68;£1.73/kg;Tins, Cans & Packets;Tinned Ready Meals;119;4.7;null;3.8 (4% of NRV);6.0;1.7;0.5;0.9 (15% of NRV);
284743665;Tesco Spanish Chicken 400G;£1.50;£3.75/kg;Tins, Cans & Packets;Tinned Ready Meals;83;7.4;null;3.3;2.8;0.8;3.2;0.8;
268221800;Westler Burgers In Onion Gravy 4 Pack 425G;£0.99;£2.33/kg;Tins, Cans & Packets;Tinned Ready Meals;110;4.7;null;null;5.5;null;0.5;0.6;
274925293;Tesco Everyday Value Chicken In White Sauce 392G;£0.90;£2.30/kg;Tins, Cans & Packets;Tinned Ready Meals;102;9.5;null;0.1;5.8;1.4;0.5;0.6;
254845417;Tesco Vegetable Curry 400G;£0.95;£2.38/kg;Tins, Cans & Packets;Tinned Ready Meals;77;2.0;null;2.3;2.8;0.2;2.4;0.6;
284743417;Tesco Jerk Chicken 400G;£1.50;£3.75/kg;Tins, Cans & Packets;Tinned Ready Meals;85;9.1;null;6.5;0.7;0.2;1.2;0.8;
271625508;Princes Stewed Steak In Gravy 400G;£2.45;£6.13/kg;Tins, Cans & Packets;Tinned Ready Meals;null;14.6;null;null;5.5;null;null;0.73;
257440217;Tesco Chicken In White Sauce 400G;£1.49;£3.73/kg;Tins, Cans & Packets;Tinned Ready Meals;127;12.2;null;0.6;7.5;4.0;3.2;0.5;
256613977;Princes Jumbo Hot Dogs In Brine 560G;£2.10;£0.70/100g;Tins, Cans & Packets;Tinned Ready Meals;198;10.0;null;null;16.0;null;0.1;2.25;
257090711;Princes Minced Beef And Onion;£1.49;£3.81/kg;Tins, Cans & Packets;Tinned Ready Meals;null;7.7;null;null;5.1;null;null;0.83;
272384981;Look What We Found! Beef Bolognese 270G;£1.99;£7.38/kg;Tins, Cans & Packets;Tinned Ready Meals;null;17.3;null;null;8.1;null;5.1;null;
256371605;Princes Mini Party Hot Dogs 400G;£1.99;£1.25/100g;Tins, Cans & Packets;Tinned Ready Meals;198;10.0;null;null;16.0;null;0.1;2.25;
268228879;Tesco Lamb Rogan Josh 400G;£1.49;£3.73/kg;Tins, Cans & Packets;Tinned Ready Meals;129;8.6;null;2.0;7.6;2.8;2.9;0.7;
271671061;Tesco Everyday Value Stewed Steak And Gravy 400G;£1.40;£3.50/kg;Tins, Cans & Packets;Tinned Ready Meals;117;14.1;null;0.3;4.8;2.4;0.1;0.7;
252900373;Tesco Sweet And Sour Chicken 400G;£1.49;£3.73/kg;Tins, Cans & Packets;Tinned Ready Meals;89;10.8;null;8.2;1.0;0.2;2.2;0.8;
272385398;Look What We Found! Beef Meatballs 270G;£1.99;£7.38/kg;Tins, Cans & Packets;Tinned Ready Meals;null;9.3;null;null;3.8;null;2.7;null;
257350462;Kingsfood/ Lancaster 8 Hot Dogs In Brn 400G;£0.49;£0.27/100g;Tins, Cans & Packets;Tinned Ready Meals;189 ;11.8;null;null;12.9;null;0.2;null;
254826233;Tesco Everyday Value Chicken Curry 392G;£0.53;£1.36/kg;Tins, Cans & Packets;Tinned Ready Meals;67;4.5;null;2.3;1.4;0.3;2.3;0.6;
282247795;Tesco Everyday Value Chicken Meatballs In Tomato Sauce 380G;£0.40;£1.06/kg;Tins, Cans & Packets;Tinned Ready Meals;110;5.5;null;4.1;5.5;1.1;0.9;0.8;
285681874;Princes Original Hot Dogs 400G;£1.00;£0.73/100g;Tins, Cans & Packets;Tinned Ready Meals;138;10.0;null;null;9.0;null;0.5;2.50;
268218690;Wikinger Hot Dogs 1030G;£1.99;£0.28/100g;Tins, Cans & Packets;Tinned Ready Meals;853 kJ -;12.0;null;null;17.0;null;0.6;null;
280403003;Ye Olde Oak American Hot Dogs Pack 350G;£1.79;£0.51/100g;Tins, Cans & Packets;Tinned Ready Meals;305;14.5;null;null;27;null;0.5;null;
272877824;Ye Olde Oak Yoo American Jumbo Hot Dogs 560G;£1.00;£0.33/100g;Tins, Cans & Packets;Tinned Ready Meals;150;12.1;null;null;8.5;null;0.2;null;
261037799;Ye Old Oak American Style Hot Dogs 400G;£1.29;£0.65/100g;Tins, Cans & Packets;Tinned Ready Meals;146;13.5;null;null;7.9;null;0.2;null;
265846578;Ye Old Oak Finest Frankfurter 470G;£1.50;£0.60/100g;Tins, Cans & Packets;Tinned Ready Meals;255 ;11.0;null;null;23.0;null;0.0;null;
280197349;Ye Olde Oak Smoked Sausage 227G;£1.49;£0.66/100g;Tins, Cans & Packets;Tinned Ready Meals;305;14.5;null;null;27;null;0.5;null;
277341310;Ye Olde Oak Giant Brockwurst 1200G;£2.00;£0.28/100g;Tins, Cans & Packets;Tinned Ready Meals;143;11.8;null;null;8.6;null;0.1;null;
260530320;Ye Old Oak 8 Hot Dogs 400G;£0.79;£0.43/100g;Tins, Cans & Packets;Tinned Ready Meals;618 kJ/ 142 kJ/;10.6;null;null;10.5;null;null;1.65;
272878086;Ye Olde Oak Yoo Premium Jumbo Hot Dogs 560G;£1.98;£0.66/100g;Tins, Cans & Packets;Tinned Ready Meals;163;12.5;null;null;10.5;null;0.2;null;
273298010;Wikinger Hot Dogs 200G;£1.00;£0.50/100g;Tins, Cans & Packets;Tinned Ready Meals;853kJ;12.0;null;null;17.0;null;0.6;null;
265846653;Ye Old Oak Jumbo Hot Dogs 560G;£1.00;£0.33/100g;Tins, Cans & Packets;Tinned Ready Meals;147;13.0;null;null;7.6;null;0.1;null;
265846630;Ye Old Oak Premium Hot Dogs 400G;£0.64;£0.35/100g;Tins, Cans & Packets;Tinned Ready Meals;110;8.3;null;null;7.1;null;null;1.63;
284741696;Baxters Favourite Cream Of Mushroom 400G;£0.60;£0.15/100g;Tins, Cans & Packets;Tinned Soup;61;1.1;null;null;3.8;null;0.2;0.7;
260625963;Baxters Favourites Oxtail Soup400g;£0.60;£0.15/100g;Tins, Cans & Packets;Tinned Soup;49;1.8;null;null;1.2;null;0.5;0.7;
288499348;Batchelors Condensed Cream Of Tomato Soup 295G;£0.69;£0.23/100g;Tins, Cans & Packets;Tinned Soup;128;1.4;16.5;null;6.2;null;0.4;1.10;
284775431;Baxters Healthy Spicy Tomato And Rice 400G;£0.60;£0.15/100g;Tins, Cans & Packets;Tinned Soup;53;1.8;null;null;0.3;null;0.9;0.6;
252511810;Baxters Favourite Scotch Broth Soup 400G;£0.60;£0.15/100g;Tins, Cans & Packets;Tinned Soup;49;1.9;null;null;1.6;null;1.5;0.7;
267193908;Baxters Favourite Highlander Broth Soup 400G;£0.60;£0.15/100g;Tins, Cans & Packets;Tinned Soup;45;1.8;null;null;1.2;null;0.9;0.6;
288484498;Batchelors Condensed Cream Of Mushroom Soup 295G;£0.69;£0.23/100g;Tins, Cans & Packets;Tinned Soup;108;1.4;4.4;null;9.3;null;0.7;1.30;
284737742;Baxters Hearty Beef And Red Wine 400G;£1.49;£0.37/100g;Tins, Cans & Packets;Tinned Soup;47;2.4;null;null;0.5;null;0.9;0.6;
252511983;Baxters Favourite French Onion Soup 400G;£0.60;£0.15/100g;Tins, Cans & Packets;Tinned Soup;33;0.7;null;null;0.6;null;0.6;0.6;
260625940;Baxters Favourites Pea And Ham Soup 400G;£0.60;£0.15/100g;Tins, Cans & Packets;Tinned Soup;54;3.4;null;null;0.8;null;2.0;0.6;
288484112;Batchelors Condensed Cream Of Chicken Soup 295G;£0.69;£0.23/100g;Tins, Cans & Packets;Tinned Soup;92;2.1;7.0;null;6.2;null;0.1;1.28;
252414303;Baxters Favourite Lentil And Bacon Soup 400G;£0.60;£0.15/100g;Tins, Cans & Packets;Tinned Soup;52;3.4;null;null;0.7;null;0.8;0.6;
252511948;Baxters Favourite Cock A Leekie Soup 400G;£0.60;£0.15/100g;Tins, Cans & Packets;Tinned Soup;31;1.2;null;null;0.6;null;0.3;0.6;
252511142;Baxters Favourite Cream Of Tomato Soup 400G;£0.60;£0.15/100g;Tins, Cans & Packets;Tinned Soup;66;1.1;null;null;2.7;null;0.4;0.7;
252606595;Baxters Favourites Cream Chicken Soup 400G;£0.60;£0.15/100g;Tins, Cans & Packets;Tinned Soup;58;2.1;null;null;2.9;null;0.1;0.7;
284742764;Baxters Favourite Chicken And Vegetable 400G;£0.60;£0.15/100g;Tins, Cans & Packets;Tinned Soup;41;1.9;null;null;0.5;null;1.8;0.7;
252517049;Baxters Favourite Potato And Leek Soup 400G;£0.60;£0.15/100g;Tins, Cans & Packets;Tinned Soup;52;1.4;null;null;1.8;null;0.9;0.6;
252512400;Baxters Favourite Royal Game Soup 400G;£0.60;£0.15/100g;Tins, Cans & Packets;Tinned Soup;38;2.2;null;null;0.2;null;0.3;0.6;
252512377;Baxters Favourite Minestrone Soup 400G;£0.60;£0.15/100g;Tins, Cans & Packets;Tinned Soup;42;1.6;null;null;0.6;null;1.2;0.6;
252511931;Baxters Favourite Chicken Broth Soup 400G;£0.60;£0.15/100g;Tins, Cans & Packets;Tinned Soup;35;1.7;null;null;0.3;null;1.0;0.6;
284737448;Baxters Hearty Country Vegetable 400G;£1.49;£0.37/100g;Tins, Cans & Packets;Tinned Soup;48;1.9;null;null;0.6;null;1.9;0.6;
284742712;Baxters Hearty Chunky Chicken And Vegetable 400G;£1.49;£0.37/100g;Tins, Cans & Packets;Tinned Soup;46;2.3;null;null;0.4;null;1.4;0.6;
284738188;Baxters Hearty Tuscan Bean And Pecorino 400G;£1.49;£0.37/100g;Tins, Cans & Packets;Tinned Soup;61;3.4;null;null;1.0;null;2.5;0.6;
284742292;Baxters Hearty Curried Red Lentil And Smoked Bacon 400G;£1.49;£0.37/100g;Tins, Cans & Packets;Tinned Soup;68;3.7;null;null;1.7;null;1.0;0.5;
267195653;Baxters Vegetarian Carrot And Butter Bean Soup 400G;£0.60;£0.15/100g;Tins, Cans & Packets;Tinned Soup;58;1.7;null;null;1.9;null;2.2;0.7;
284742643;Baxters Hearty Italian Wedding Soup 400G;£1.49;£0.37/100g;Tins, Cans & Packets;Tinned Soup;49;2.3;null;null;0.9;null;1.1;0.6;
284737022;Baxters Hearty Smoked Bacon And Three Bean 400G;£1.49;£0.37/100g;Tins, Cans & Packets;Tinned Soup;52;2.5;null;null;0.7;null;1.8;0.6;
284742770;Baxters Vegetable Lentil And Vegetable 400G;£0.60;£0.15/100g;Tins, Cans & Packets;Tinned Soup;43;2.1;null;null;0.3;null;1.3;0.6;
284742695;Baxters Hearty Butternut Squash Potato Soup 400G;£1.49;£0.37/100g;Tins, Cans & Packets;Tinned Soup;58;2.6;null;null;0.7;null;3.0;0.6;
267196502;Baxters Vegetarian Country Garden Soup 400G;£0.60;£0.15/100g;Tins, Cans & Packets;Tinned Soup;36;1.0;null;null;0.6;null;0.9;0.6;
284741926;Baxters Vegetarian Tomato And Basil 400G;£0.60;£0.15/100g;Tins, Cans & Packets;Tinned Soup;43;1.7;null;null;0.9;null;0.6;0.9;
252411709;Baxters Vegetarian Spicy Parsnip Soup 400G;£0.60;£0.15/100g;Tins, Cans & Packets;Tinned Soup;54;1.2;null;null;2.5;null;1.7;0.8;
270900985;Campbell's Cream Of Chicken Soup 294G;£1.00;£0.34/100g;Tins, Cans & Packets;Tinned Soup;96;1.8;null;null;6.8;null;0.2;null;
284742113;Baxters Vegetarian Puy Lentil And Tomato 400G;£0.60;£0.15/100g;Tins, Cans & Packets;Tinned Soup;59;2.9;null;null;0.3;null;2.1;0.6;
267196596;Baxters Vegetarian Mediterranean Tomato Soup 400G;£0.60;£0.15/100g;Tins, Cans & Packets;Tinned Soup;32;0.9;null;null;0.2;null;0.8;0.6;
267196446;Baxters Vegetarian Carrot And Coriander Soup 400G;£0.60;£0.15/100g;Tins, Cans & Packets;Tinned Soup;42;0.7;null;null;1.4;null;1.1;0.8;
284737990;Baxters Hearty Chicken And Black Eyed Peas Bacon Gumbo 400G;£1.49;£0.37/100g;Tins, Cans & Packets;Tinned Soup;46;2.6;null;null;0.5;null;1.5;0.7;
284775609;Baxters Vegetarian Minestrone Pasta Wholemeal 400G;£0.60;£0.15/100g;Tins, Cans & Packets;Tinned Soup;40;1.3;null;null;0.2;null;1.5;0.6;
284737912;Baxters Hearty Chicken Sweetcorn And Thyme Chowder 400G;£1.49;£0.37/100g;Tins, Cans & Packets;Tinned Soup;74;2.5;null;null;2.7;null;1.1;0.7;
284742666;Baxters Hearty Tomato Chorizo And Mexn Bean 400G;£1.49;£0.37/100g;Tins, Cans & Packets;Tinned Soup;57;3.0;null;null;1.1;null;2.7;0.6;
270978950;Campbell's Cream Of Tomato Soup 294G;£1.00;£0.34/100g;Tins, Cans & Packets;Tinned Soup;159;3.0;null;null;6.7;null;3.4;null;
270900737;Campbells Cream Of Celery Condensed Soup 295G;£1.00;£0.34/100g;Tins, Cans & Packets;Tinned Soup;95;1.3;null;null;6.8;null;0.5;null;
268699793;Heinz Classic Soup Carrot And Coriander 400G;£0.95;£0.24/100g;Tins, Cans & Packets;Tinned Soup;null;0.4;null;null;1.6;null;0.9;null;
258147581;Heinz Beef Broth Soup 400G;£0.95;£0.24/100g;Tins, Cans & Packets;Tinned Soup;null;1.5;null;null;0.5;null;0.8;null;
279627511;Campbells Beef And Vegetable Condensed Soup 295G;£1.00;£0.34/100g;Tins, Cans & Packets;Tinned Soup;19;0.4;null;null;0.2;null;0.4;0.50;
270978921;Campbell's Cream Of Mushroom Soup 294G;£1.00;£0.34/100g;Tins, Cans & Packets;Tinned Soup;89;1.1;null;null;6.7;null;0.2;null;
274247144;Crosse And Blackwell British Pea And Ham Soup 400G;£1.09;£0.27/100g;Tins, Cans & Packets;Tinned Soup;null;4.2;null;null;1.9;null;2.2;0.65;
274259597;Crosse And Blackwell Cream Of Tomato Soup 400G;£0.50;£0.13/100g;Tins, Cans & Packets;Tinned Soup;null;0.9;null;null;2.5;null;0.8;null;
274246877;Crosse And Blackwell British Roast Chicken And Vegetable Soup 400G;£1.09;£0.27/100g;Tins, Cans & Packets;Tinned Soup;null;2.3;null;null;1.2;null;0.4;null;
274245498;Crosse And Blackwell Hearty Vegetable Soup 400G;£0.50;£0.13/100g;Tins, Cans & Packets;Tinned Soup;null;1.2;null;null;0.6;null;1.4;null;
274246952;Crosse And Blackwell Best Of British Leek And Potato Soup 400G;£1.09;£0.27/100g;Tins, Cans & Packets;Tinned Soup;null;1.1;null;null;1.8;null;2.1;0.38;
288458432;Crosse And Blackwell Best Of British Winter Vegetable 400G;£1.09;£0.27/100g;Tins, Cans & Packets;Tinned Soup;null;1.9;null;null;1.7;null;1.3;0.45;
256639288;Heinz Chicken Noodle 400G;£0.95;£0.24/100g;Tins, Cans & Packets;Tinned Soup;null;1.2;null;null;0.3;null;0.2;null;
274246024;Crosse And Blackwell British Brocoli &Stilton Soup 400G;£1.09;£0.27/100g;Tins, Cans & Packets;Tinned Soup;null;1.9;null;null;2.7;null;0.5;null;
274247352;Crosse And Blackwell Cream Of Chicken Soup 400G;£0.50;£0.13/100g;Tins, Cans & Packets;Tinned Soup;null;1.9;null;null;2.5;null;0.5;null;
258296962;Heinz Cream Of Mushroom Soup 400G;£0.95;£0.24/100g;Tins, Cans & Packets;Tinned Soup;null;1.6;null;null;2.8;null;0.1;null;
274259165;Crosse And Blackwell Cream Of Tomato Soup 4X400g;£1.49;£0.09/100g;Tins, Cans & Packets;Tinned Soup;null;0.9;null;null;2.5;null;0.8;null;
258147293;Heinz Cream Of Chicken Soup 400G;£0.95;£0.24/100g;Tins, Cans & Packets;Tinned Soup;null;1.5;null;null;2.9;null;0.1;null;
258148597;Heinz Cream Of Mushroom Mug Size Soup 290G;null;null;Tins, Cans & Packets;Tinned Soup;null;1.6;null;null;2.8;null;0.1;null;
270979062;Campbells Low Fa Mushroom Condensed Soup 295G;£1.00;£0.34/100g;Tins, Cans & Packets;Tinned Soup;48;1.1;null;null;1.8;null;0.2;null;
260748253;Heinz Cream Of Tomato And Basil Soup 400G;£0.95;£0.24/100g;Tins, Cans & Packets;Tinned Soup;null;0.9;null;null;3.0;null;0.4;null;
258147425;Heinz Minestrone Soup 400G;£0.95;£0.24/100g;Tins, Cans & Packets;Tinned Soup;null;1.0;null;null;0.2;null;0.8;null;
258147402;Heinz Lentil Soup 400G;£0.95;£0.24/100g;Tins, Cans & Packets;Tinned Soup;null;2.3;null;null;0.2;null;0.8;null;
274925615;Tesco Everyday Value Chicken Soup 400G;£0.25;£0.06/100g;Tins, Cans & Packets;Tinned Soup;42;1.4;null;0.6;2.4;0.5;0.3;0.5;
253732529;Tesco Everyday Value Vegetable Soup 400G;£0.25;£0.06/100g;Tins, Cans & Packets;Tinned Soup;43;1.5;null;2.2;0.5;0.1;1.3;0.5;
250412579;Tesco Cream Of Mushroom Soup 400G;£0.45;£0.11/100g;Tins, Cans & Packets;Tinned Soup;47;1.3;null;0.8;2.5;0.3;0.1;0.6;
255884599;Tesco Cream Of Tomato Soup 4X400g;£1.75;£0.11/100g;Tins, Cans & Packets;Tinned Soup;57;0.9;null;5.9;2.5;0.2;0.8;0.6;
250411816;Tesco Chicken And Mushroom Soup 400G;£0.45;£0.11/100g;Tins, Cans & Packets;Tinned Soup;65;1.8;null;1.0;4.0;0.4;0.2;0.5;
258147454;Heinz Mulligatawny Soup 400G;£0.95;£0.24/100g;Tins, Cans & Packets;Tinned Soup;null;1.9;null;null;1.8;null;0.5;null;
258148741;Heinz Cream Of Tomato Soup Mug Size 300G;£0.74;£0.25/100g;Tins, Cans & Packets;Tinned Soup;null;0.9;null;null;3.0;null;0.4;null;
258148983;Heinz Vegetable Mug Size Soup 300G;null;null;Tins, Cans & Packets;Tinned Soup;null;1.1;null;null;0.7;null;0.9;null;
267152936;Tesco Cream Of Chicken Soup 4 X 400G;£1.75;£0.11/100g;Tins, Cans & Packets;Tinned Soup;48;2.5;null;0.3;3.0;0.5;0.1;0.5;
251108973;Tesco Broccoli And Stilton Soup 400G;£0.45;£0.11/100g;Tins, Cans & Packets;Tinned Soup;50;1.9;null;0.9;2.6;1.2;1.2;0.6;
258156783;Heinz Cream Of Tomato Soup 4 X 400G;£3.29;£0.21/100g;Tins, Cans & Packets;Tinned Soup;null;0.9;null;null;3.0;null;0.4;null;
258147794;Heinz Vegetable Soup 400G;£0.95;£0.24/100g;Tins, Cans & Packets;Tinned Soup;null;1.1;null;null;0.8;null;0.9;null;
258147523;Heinz Oxtail Soup 400G;£0.95;£0.24/100g;Tins, Cans & Packets;Tinned Soup;null;1.9;null;null;0.5;null;0.3;null;
250412245;Tesco Cream Of Tomato Soup 400G;£0.45;£0.11/100g;Tins, Cans & Packets;Tinned Soup;57;0.9;null;5.9;2.5;0.2;0.8;0.6;
253732466;Tesco Everyday Value Tomato Soup 400G;£0.25;£0.06/100g;Tins, Cans & Packets;Tinned Soup;48;0.5;null;4.2;1.9;0.2;0.7;0.6;
258147391;Heinz Cream Of Tomato Soup 400G;£0.95;£0.24/100g;Tins, Cans & Packets;Tinned Soup;null;0.9;null;null;3.0;null;0.4;null;
250412533;Tesco Cream Of Chicken Soup 400G;£0.45;£0.11/100g;Tins, Cans & Packets;Tinned Soup;48;2.5;null;0.3;3.0;0.5;0.1;0.5;
267153496;Tesco Muligatawny Soup 400G;£0.45;£0.11/100g;Tins, Cans & Packets;Tinned Soup;65;4.2;null;1.9;1.2;0.5;2.0;0.5;
285132396;Tesco Lentil And Bacon Soup 400G;£0.45;£0.11/100g;Tins, Cans & Packets;Tinned Soup;null;null;null;null;null;null;null;null;
279628556;Ainsley Harriott Malaysian Lentil Soup 465G;£1.49;£0.32/100g;Tins, Cans & Packets;Tinned Soup;205kJ;1.2;null;null;2.0;null;0.9;0.56;
250412470;Tesco Minestrone Soup 400G;£0.45;£0.11/100g;Tins, Cans & Packets;Tinned Soup;40;1.3;null;2.1;0.4;0.1;1.1;0.6;
250412660;Tesco Oxtail Soup 400G;£0.45;£0.11/100g;Tins, Cans & Packets;Tinned Soup;48;2.1;null;1.5;1.2;0.6;0.8;0.6;
274068863;Heinz Big Soup Chicken And Bacon 500G;£1.00;£0.20/100g;Tins, Cans & Packets;Tinned Soup;271kJ 678kJ -;3.1;null;null;2.6;null;0.7;0.6;
263725811;Tesco Chunky Beef And Vegetable Soup 400G;£0.75;£0.19/100g;Tins, Cans & Packets;Tinned Soup;55;4.2;null;1.5;1.8;0.8;1.9;0.4;
274068990;Heinz Big Soup Sausage And Vegetable 500G;£1.00;£0.20/100g;Tins, Cans & Packets;Tinned Soup;null;2.5;null;null;2.3;null;0.8;null;
274068949;Heinz Big Soup Roast Chicken 500G;£1.00;£0.20/100g;Tins, Cans & Packets;Tinned Soup;null;3.3;null;null;1.2;null;0.8;null;
267173178;Tesco Potato And Leek Soup 400G;£0.45;£0.11/100g;Tins, Cans & Packets;Tinned Soup;33;1.0;null;1.4;1.3;0.7;0.6;0.5;
279666775;Heinz Big Soup Fiery Chicken And Chorizo 500G;£1.00;£0.20/100g;Tins, Cans & Packets;Tinned Soup;null;3.4;null;null;2.5;null;0.7;null;
255951566;Tesco Tuscan Bean Soup 400G;£0.45;£0.11/100g;Tins, Cans & Packets;Tinned Soup;70;3.5;null;1.5;0.9;0.2;1.3;0.4;
274068759;Heinz Big Soup Angus Steak And Onion 500G;£1.00;£0.20/100g;Tins, Cans & Packets;Tinned Soup;218kJ 546kJ -;3.3;null;null;0.9;null;1.0;0.5;
253732351;Tesco Chicken And Vegetable Meal Soup 400G;£0.75;£0.19/100g;Tins, Cans & Packets;Tinned Soup;50;4.5;null;1.8;0.9;0.2;0.7;0.5;
274068811;Heinz Big Soup Angus Steak And Vegetable 500G;£1.00;£0.20/100g;Tins, Cans & Packets;Tinned Soup;225kJ 563kJ -;3.6;null;null;1.0;null;1.1;0.5;
250412487;Tesco Vegetable Soup 400G;£0.45;£0.11/100g;Tins, Cans & Packets;Tinned Soup;35;1.1;null;1.8;0.5;0.1;1.0;0.6;
274068771;Heinz Big Soup Angus Steak And Potato 500G;£1.00;£0.20/100g;Tins, Cans & Packets;Tinned Soup;207kJ 516kJ -;3.1;null;null;0.8;null;0.4;0.6;
250411920;Tesco Pea And Ham Soup 400G;£0.45;£0.11/100g;Tins, Cans & Packets;Tinned Soup;46;3.1;null;2.2;0.5;0.1;2.1;0.5;
267152290;Tesco Vegetable Soup 4X400g;£1.75;£0.11/100g;Tins, Cans & Packets;Tinned Soup;35;1.1;null;1.8;0.5;0.1;1.0;0.6;
255952298;Tesco Chunky Beef Chilli Meal Soup 400G;£0.75;£0.19/100g;Tins, Cans & Packets;Tinned Soup;51;2.1;null;3.5;1.1;0.5;0.6;0.5;
279628994;Ainsley Harriott Red Thai Chicken Soup 465G;£1.49;£0.30/100g;Tins, Cans & Packets;Tinned Soup;266kJ;1.2;null;null;4.2;null;0.5;0.49;
254406500;Baxters Luxury Mushroom Potage Soup 400G;£1.69;£0.42/100g;Tins, Cans & Packets;Tinned Soup;77;1.8;null;null;4.9;null;0.4;0.6;
279645973;Ainsley Harriott Yorkshire Carrot And Rocket Soup 465G;£1.49;£0.30/100g;Tins, Cans & Packets;Tinned Soup;157kJ;0.4;null;null;1.7;null;1.1;0.50;
267292002;Baxters Deli Bowls Potato Chana Dahl Lentils Chk Pea400;£1.99;£0.50/100g;Tins, Cans & Packets;Tinned Soup;77;3.5;null;null;1.8;null;1.6;null;
267194546;Baxters Luxury Brocoli&Stilton Smoked Bacon Soup 400G;£1.69;£0.42/100g;Tins, Cans & Packets;Tinned Soup;78;2.4;null;null;5.0;null;0.6;0.7;
279468537;Tesco Finest Roast Chicken Soup 400G;£1.00;£0.25/100g;Tins, Cans & Packets;Tinned Soup;62;4.2;null;0.6;2.6;1.0;0.5;0.5;
254407038;Baxters Luxury Lobster Bisque Soup 400G;£1.69;£0.42/100g;Tins, Cans & Packets;Tinned Soup;75;3.3;null;null;4.3;null;0.2;0.6;
255009669;Baxters Luxury Beef Consome Soup 400G;£1.69;£0.42/100g;Tins, Cans & Packets;Tinned Soup;17;3.0;null;null;0.0;null;0.1;0.7;
279628717;Ainsley Harriott Mediterranean Red Pepper Soup 465G;£1.49;£0.32/100g;Tins, Cans & Packets;Tinned Soup;356kJ;0.8;null;null;6.7;null;0.6;0.58;
267291683;Baxters Deli Bowls Butternut Squash And Giant Baked Bean 400G;null;null;Tins, Cans & Packets;Tinned Soup;59;2.3;null;null;1.4;null;2.3;null;
271383868;Amy's Kitchen Chunky Tomato Soup 400G;£1.70;£0.43/100g;Tins, Cans & Packets;Tinned Soup;53 ;1.2;null;null;1.4;null;1.2;null;
271383908;Amy's Kitchen Lentil Soup 400G;£1.70;£0.43/100g;Tins, Cans & Packets;Tinned Soup;74 ;3.3;null;null;2.0;null;2.4;null;
267291942;Baxters Deli Bowls Tomato And Parmesan Orzo Pasta 400G;null;null;Tins, Cans & Packets;Tinned Soup;71;2.4;null;null;2.7;null;2.1;null;
284685952;Heinz Cream Of Tomato With Spanish Chorizo 400G;£1.19;£0.30/100g;Tins, Cans & Packets;Tinned Soup;255kJ 510kJ -;1.4;null;null;3.0;null;0.4;0.6;
274244885;Amy's Kitchen Mushroom Soup 400G;£1.70;£0.43/100g;Tins, Cans & Packets;Tinned Soup;195 kJ 778 kJ 8400 kJ;1.0;null;null;2.5;null;0.5;0.7;
279667169;Heinz Cream Of Tomato With Fiery Mexican Spices 400G;£1.19;£0.30/100g;Tins, Cans & Packets;Tinned Soup;253kJ 506kJ;1.0;null;null;3.0;null;0.5;0.6;
279695930;Heinz Cream Of Tomato With A Kick Of Chilli 400G;£1.19;£0.30/100g;Tins, Cans & Packets;Tinned Soup;240kJ 480kJ;0.9;null;null;3.0;null;0.4;0.6;
284683862;Heinz Carrot And Coriander With Moroccan Spices 400G;£1.19;£0.30/100g;Tins, Cans & Packets;Tinned Soup;203kJ 407kJ -;0.5;null;null;1.9;null;1.2;0.6;
267194602;Baxters Luxury Cream Of Asparagus Soup 400G;£1.69;£0.42/100g;Tins, Cans & Packets;Tinned Soup;59;1.1;null;null;3.1;null;0.4;0.8;
279629117;Ainsley Harriott Spanish Chorizo And Paprika Soup 465G;£1.49;£0.32/100g;Tins, Cans & Packets;Tinned Soup;198kJ;1.7;null;null;1.2;null;1.3;0.53;
279468641;Tesco Finest Tomato And Mascarpone Soup 400G;£1.00;£0.25/100g;Tins, Cans & Packets;Tinned Soup;56;1.0;null;4.8;3.0;1.5;1.6;0.6;
264782585;Ainsley Harriott Aromatic Thai Chicken Lemongrass 92G;£1.25;£1.36/100g;Tins, Cans & Packets;Tinned Soup;177kJ 395kJ;0.8;null;null;1.3;null;0.4;null;
279468059;Tesco Finest Wild Mushroom Soup 400G;£1.00;£0.25/100g;Tins, Cans & Packets;Tinned Soup;181kJ 365kJ;0.7;null;null;2.2;null;0.9;0.6;
260748161;Ainsley Harriott Premium Vegetable Chowder Csoup 100G;£1.25;£1.25/100g;Tins, Cans & Packets;Tinned Soup;180kJ 405kJ;0.5;null;null;1.2;null;1.2;null;
262586636;Ainsley Harriott Premium Cup Soup Mushroom 88G;£1.25;£1.43/100g;Tins, Cans & Packets;Tinned Soup;163kJ 362kJ;0.4;null;null;1.6;null;0.8;null;
267290908;Ainsley Harriott Brocolli And Stilton Soup 94G;£1.25;£1.33/100g;Tins, Cans & Packets;Tinned Soup;170kJ 380kJ;1.0;null;null;0.8;null;0.6;null;
256832738;Ainsley Harriott Casserole Scottish Style Chicken And Leek 80G;£1.25;£1.57/100g;Tins, Cans & Packets;Tinned Soup;140kJ 308kJ;0.5;null;null;0.2;null;0.4;null;
270974142;Batchelors Cup A Soup Chicken 81G;£1.19;£1.47/100g;Tins, Cans & Packets;Tinned Soup;40;0.6;null;null;2.1;null;0.2;null;
268108476;Ainsley Harriott Indian Curry And Lentils 96G;£1.25;£1.31/100g;Tins, Cans & Packets;Tinned Soup;159kJ 377kJ;0.5;null;null;0.7;null;0.4;null;
270978973;Batchelors Cup A Soup Beef And Tomato 4 Pack 88G;£1.19;£1.36/100g;Tins, Cans & Packets;Tinned Soup;34;0.5;null;null;0.7;null;0.2;null;
266309977;Ainsley Harriot Classic Soup Minestrone 96G;£1.25;£1.31/100g;Tins, Cans & Packets;Tinned Soup;160kJ 358kJ;0.7;null;null;0.2;null;0.4;null;
270978823;Batchelors Cup A Soup Golden Vegetable 82G;£1.19;£1.46/100g;Tins, Cans & Packets;Tinned Soup;33;0.4;null;null;0.9;null;0.5;null;
256835188;Ainsley Harriott Casserole French Onion 108G;£1.25;£1.16/100g;Tins, Cans & Packets;Tinned Soup;181kJ 411kJ;0.8;null;null;0.6;null;0.7;null;
268108751;Ainsley Harriott Tomato And Peppers Cup Soup 96G;£1.25;£1.31/100g;Tins, Cans & Packets;Tinned Soup;163kJ 366kJ;0.5;null;null;0.6;null;0.5;null;
264782546;Ainsley Harriott East Indian Mulligatawny 116;£1.25;£1.08/100g;Tins, Cans & Packets;Tinned Soup;203kJ 465kJ;0.7;null;null;0.6;null;0.7;null;
256768198;Batchelors Cup A Soup Creamy Potato And Leek 4S 107.4G;£1.19;£1.11/100g;Tins, Cans & Packets;Tinned Soup;44;0.8;null;null;1.7;null;0.8;null;
259353006;Ainsley Harriott Oriental Hot And Sour Cup Soup80g;£1.25;£1.57/100g;Tins, Cans & Packets;Tinned Soup;125kJ 278kJ;0.4;null;null;Trace;null;0.4;null;
263155638;Ainsley Harriott Premium Cup Soup Chicken And Vegetable 104G;£1.25;£1.21/100g;Tins, Cans & Packets;Tinned Soup;186kJ 420kJ;0.5;null;null;1.5;null;0.6;null;
270996277;Batchelors Cup A Soup Chicken And Leek 86G;£1.19;£1.39/100g;Tins, Cans & Packets;Tinned Soup;37;0.4;null;null;1.6;null;0.4;null;
268108912;Ainsley Harriott Cauliflower Cheese Cup Soup 104G;£1.25;£1.21/100g;Tins, Cans & Packets;Tinned Soup;187kJ 423kJ;1.0;null;null;0.9;null;0.3;null;
254210351;Batchelors Cup A Soup Granules Cream Of Vegetable 4S 120G;£1.19;£0.99/100g;Tins, Cans & Packets;Tinned Soup;54;0.7;null;null;2.5;null;1.0;null;
254204301;Batchelors Cup A Soup Minestrone Granules 4 Sachet;£1.19;£1.27/100g;Tins, Cans & Packets;Tinned Soup;36;0.7;null;null;0.7;null;0.5;null;
254202983;Batchelors Cup A Soup Special Granules Chicken Noodle 4S 98G;£1.19;£1.22/100g;Tins, Cans & Packets;Tinned Soup;37;1.4;null;null;0.5;null;0.2;null;
254202948;Batchelors Cup A Soup Special Granules Creamed Asparagus 123G;£1.19;£0.97/100g;Tins, Cans & Packets;Tinned Soup;53;0.4;null;null;2.5;null;0.6;null;
254213682;Batchelors Slim-A-Soup Minestrone 4S 61G;£1.19;£1.96/100g;Tins, Cans & Packets;Tinned Soup;29;0.8;null;null;0.6;null;0.6;null;
284478224;Heinz Carrot And Coriander Soup 70G;£0.59;£0.84/100g;Tins, Cans & Packets;Tinned Soup;28;0.3;null;null;1.2;null;Trace;0.6;
270978898;Batchelors Cup A Soup Tomato 93G;£1.19;£1.28/100g;Tins, Cans & Packets;Tinned Soup;35;0.4;null;null;0.8;null;0.3;null;
284851992;Batchelors Cup A Soup Variety Chicken And Tomato 82G;£1.19;£1.46/100g;Tins, Cans & Packets;Tinned Soup;37;0.5;null;null;0.9;null;0.5;0.49;
277820095;Heinz Cracked Black Pepper Soup Crouton 40G;£0.40;£1.00/100g;Tins, Cans & Packets;Tinned Soup;429;12.9;null;null;11.2;null;2.2;1.7;
254209601;Batchelors Cup A Soup Special Granules Cream Tom And Vegetable 4S 109G;£1.19;£1.10/100g;Tins, Cans & Packets;Tinned Soup;43;1.1;null;null;1.0;null;0.6;null;
254212677;Batchelors Thick And Creamy Tom And Basil Soup Granules 108G;£1.19;£1.11/100g;Tins, Cans & Packets;Tinned Soup;36;0.6;null;null;0.7;null;0.4;null;
254203210;Batchelors Cup A Soup Special Granules Creamy Chicken And Vegetable 110G;£1.19;£1.09/100g;Tins, Cans & Packets;Tinned Soup;51;0.5;null;null;2.4;null;0.6;null;
284478339;Heinz Cream Of Tomato Cup Soup 88G;£1.19;£1.36/100g;Tins, Cans & Packets;Tinned Soup;153kJ 387kJ -;0.5;null;null;0.6;null;0.2;0.5;
284478495;Heinz Cream Of Chicken Cup Soup 68G;£1.19;£1.75/100g;Tins, Cans & Packets;Tinned Soup;135kJ 336kJ -;0.6;null;null;1.1;null;0.1;0.5;
277820331;Heinz Multi Grain Soup Crouton 40G;£0.40;£1.00/100g;Tins, Cans & Packets;Tinned Soup;439;13.2;null;null;12.0;null;3.9;1.6;
277820244;Heinz Mixed Herb Soup Crouton 40G;£0.40;£1.00/100g;Tins, Cans & Packets;Tinned Soup;426;10.5;null;null;11.4;null;3.0;1.9;
284478103;Heinz Cream Of Mushroom Soup 70G;£0.59;£0.84/100g;Tins, Cans & Packets;Tinned Soup;45;0.6;null;null;2.6;null;0.2;0.5;
284478034;Heinz Cream Of Chicken Soup 70G;£0.59;£0.84/100g;Tins, Cans & Packets;Tinned Soup;45;1.0;null;null;2.6;null;0.1;0.6;
254205064;Batchelors Cup A Soup Special Mushroom Granules 4S 99G;£1.19;£1.21/100g;Tins, Cans & Packets;Tinned Soup;47;0.4;null;null;2.5;null;0.2;null;
270978731;Batchelors Cup A Soup Oxtail 78G;£1.19;£1.53/100g;Tins, Cans & Packets;Tinned Soup;33;0.6;null;null;1.1;null;0.2;null;
283981597;Itsu Miso Soup Original 3 X 25G;£2.00;£2.67/100g;Tins, Cans & Packets;Tinned Soup;null;null;null;null;null;null;null;null;
277820400;Heinz Tangy Chilli Soup Crouton 40G;£0.40;£1.00/100g;Tins, Cans & Packets;Tinned Soup;428;11.6;null;null;11.5;null;3.2;1.8;
284718673;Mugshot Mexican Style Rice 70G;£0.80;£1.15/100g;Tins, Cans & Packets;Tinned Soup;97;2.5;null;null;0.9;null;0.8;0.79;
279600675;Mugshot Mediterranean Style Pasta 60G;£0.80;£1.34/100g;Tins, Cans & Packets;Tinned Soup;80;2.7;null;null;0.4;null;0.8;0.45;
253426005;Mugshot Chicken And Sweetcorn Noodles Packet Soup 54G;£0.80;£1.49/100g;Tins, Cans & Packets;Tinned Soup;101;2.7;null;null;0.5;null;1.0;0.65;
266585337;Mugshot Minestrone Pasta Packet Soup 60G;£0.80;£1.34/100g;Tins, Cans & Packets;Tinned Soup;87;3.1;null;null;0.3;null;1.4;null;
284478719;Heinz Vegetable Cup Soup 76G;£1.19;£1.57/100g;Tins, Cans & Packets;Tinned Soup;129kJ 325kJ -;0.5;null;null;0.3;null;0.3;0.5;
266584914;Mugshot Roast Chicken Pasta Packet Soup 55G;£0.80;£1.46/100g;Tins, Cans & Packets;Tinned Soup;79;1.4;null;null;1.0;null;0.8;null;
278196382;Mugshot Thai Style Noodle Cup Soup 42G;£0.99;£2.36/100g;Tins, Cans & Packets;Tinned Soup;25;0.5;null;null;0.7;null;0.3;0.51;
268690727;Mugshot Spicy Tomato Pasta 60G;£0.80;£1.34/100g;Tins, Cans & Packets;Tinned Soup;81;2.8;null;null;0.3;null;1.4;null;
284718615;Mugshot Macaroni And Cheese 68G;£0.80;£1.18/100g;Tins, Cans & Packets;Tinned Soup;103;4.2;null;null;1.3;null;1.1;0.64;
279600364;Mugshot Mediterranean Style Cup Soup 45G;£0.99;£2.20/100g;Tins, Cans & Packets;Tinned Soup;23;0.6;null;null;0.1;null;0.6;0.40;
283981652;Itsu Miso Soup Vegetarian 3 X 25G;£2.00;£2.67/100g;Tins, Cans & Packets;Tinned Soup;null;null;null;null;null;null;null;null;
278196261;Mugshot Chicken Noodle Cup Soup 45G;£0.99;£2.20/100g;Tins, Cans & Packets;Tinned Soup;23;0.5;null;null;0.1;null;0.2;0.63;
284718713;Mugshot Red Thai Curry Rice 70G;£0.80;£1.15/100g;Tins, Cans & Packets;Tinned Soup;110;2.2;null;null;1.6;null;0.5;0.81;
253440258;Mugshot Sweet And Sour Pasta Packet Soup 67G;£0.80;£1.20/100g;Tins, Cans & Packets;Tinned Soup;95;2.1;null;null;0.6;null;1.2;null;
278196111;Mugshot Peri Peri Noodles 56G;£0.80;£1.43/100g;Tins, Cans & Packets;Tinned Soup;86;2.9;null;null;0.3;null;1.4;0.50;
251171815;Mugshot Creamy Cheese Pasta Packet Soup 68G;£0.80;£1.18/100g;Tins, Cans & Packets;Tinned Soup;113;3.7;null;null;2.2;null;1.0;null;
278195377;Mugshot Barbecue Beef 56G;£0.80;£1.43/100g;Tins, Cans & Packets;Tinned Soup;82;2.7;null;null;0.2;null;0.9;0.45;
268691070;Mugshot Chinese Noodle 45G;£0.80;£1.78/100g;Tins, Cans & Packets;Tinned Soup;60;2.4;null;null;0.2;null;0.9;null;
260636986;Mugshot Thai Style Noodles Packet Soup 55G;£0.80;£1.46/100g;Tins, Cans & Packets;Tinned Soup;79;1.4;null;null;1.3;null;0.9;null;
274149785;Tesco Chicken And Vegetable Soup In A Mug 6 Pack 132G;£0.90;£0.68/100g;Tins, Cans & Packets;Tinned Soup;43;0.8;null;0.5;1.6;0.8;0.4;0.6;
267139652;Tesco Broccoli And Stilton Soup In A Mug 4 Pack 94G;£0.70;£0.75/100g;Tins, Cans & Packets;Tinned Soup;40;0.8;null;1.2;0.7;0.4;0.4;0.6;
257908691;Tesco Everyday Value Chicken And Vegetable Soup In A Mug 4 Pack;£0.30;£0.34/100g;Tins, Cans & Packets;Tinned Soup;39;0.3;null;0.9;1.0;0.3;0.4;0.6;
281424725;Tesco Healthy Living Vegetable Soup In Mug 6 Pack 108G;£0.90;£0.83/100g;Tins, Cans & Packets;Tinned Soup;30;0.7;null;1.5;0.5;0.3;0.4;0.3;
251171838;Mugshot Tomato And Herb Pasta Packet Soup 64G;£0.80;£1.25/100g;Tins, Cans & Packets;Tinned Soup;103;2.3;null;null;0.8;null;1.2;null;
274149670;Tesco Minestrone Soup In A Mug 6 Pack 138G;£0.90;£0.65/100g;Tins, Cans & Packets;Tinned Soup;36;0.7;null;2.2;0.4;0.2;0.5;0.6;
273626694;Tesco Red Thai Soup In A Mug - 4 Pack;£0.70;£0.73/100g;Tins, Cans & Packets;Tinned Soup;45;0.7;null;1.2;1.7;1.4;0.8;0.5;
271367076;Naked Noodle Chilli Beef Noodle Soup 50G;£1.20;£2.40/100g;Tins, Cans & Packets;Tinned Soup;87;2.3;null;null;2.8;null;1.1;null;
281348124;Tesco Healthy Living Lentil And Bacon Soup In A Mug 6 Pack 99G;£0.90;£0.91/100g;Tins, Cans & Packets;Tinned Soup;26;1.3;null;1.0;0.1;0.1;0.5;0.4;
267139329;Tesco Carrot And Lentil Soup In A Mug 4 Pack 92G;£0.70;£0.76/100g;Tins, Cans & Packets;Tinned Soup;37;0.8;null;1.6;0.4;0.2;0.5;0.5;
281424760;Tesco Healthy Living Asparagus Soup In A Mug 6 Pack 90G;£0.90;£1.00/100g;Tins, Cans & Packets;Tinned Soup;26;0.5;null;0.8;0.6;0.3;0.7;0.4;
281348049;Tesco Healthy Living Leek And Potato Soup In A Mug 6 Pack 96G;£0.90;£0.94/100g;Tins, Cans & Packets;Tinned Soup;26;0.6;null;1.2;0.4;0.3;0.5;0.4;
279600525;Mugshot Vegetable Noodle Cup Soup 45G;null;null;Tins, Cans & Packets;Tinned Soup;25;0.5;null;null;0.4;null;0.4;0.55;
268690896;Mugshot Tikka Pasta 60G;£0.80;£1.34/100g;Tins, Cans & Packets;Tinned Soup;85;2.5;null;null;1.0;null;1.1;null;
257908846;Tesco Everyday Value Vegetable Soup In A Mug 4 Pack 104G;£0.20;£0.28/100g;Tins, Cans & Packets;Tinned Soup;31;0.4;null;1.3;0.7;0.4;0.8;0.6;
274149733;Tesco Mushroom Soup In A Mug 6 Pack 156G;£0.90;£0.58/100g;Tins, Cans & Packets;Tinned Soup;51;1.0;null;0.9;2.1;1.1;0.4;0.6;
281424846;Tesco Healthy Living Chicken Noodle Soup In A Mug 6 Pack 78G;£0.90;£1.16/100g;Tins, Cans & Packets;Tinned Soup;21;0.7;null;0.6;0.1;0.1;0.1;0.4;
281359831;Tesco Healthy Living Thai Chicken Soup In A Mug 6 Pack 90G;£0.90;£1.00/100g;Tins, Cans & Packets;Tinned Soup;27;0.6;null;0.5;0.7;0.4;0.4;0.4;
259498629;Tesco Roast Chicken Soup In A Mug - 4 Pack;£0.70;£0.67/100g;Tins, Cans & Packets;Tinned Soup;46;0.7;null;0.9;1.5;0.7;0.4;0.5;
267140344;Tesco Tomato And Basil Soup In A Mug 4 Pack 94G;£0.70;£0.75/100g;Tins, Cans & Packets;Tinned Soup;36;0.8;null;3.9;0.2;0.1;0.5;0.5;
283086856;Tesco Spiced Butternut Squash Cup Soup 92G;£0.70;£0.76/100g;Tins, Cans & Packets;Tinned Soup;40;0.5;null;2.2;1.0;0.5;0.5;0.6;
268597216;Knorr Thick Vegetable Dry Soup 75G;£0.75;£1.00/100g;Tins, Cans & Packets;Tinned Soup;30 ;0.9;null;null;0.8;null;0.6;0.68;
281317449;Tesco Healthy Living Tomato Soup 400G;£0.49;£0.12/100g;Tins, Cans & Packets;Tinned Soup;33;0.5;null;4.4;0.5;0.1;0.9;0.5;
260749154;Heinz Weight Watchers Tomato Soup 4 X 295G Pack;£2.85;£0.24/100g;Tins, Cans & Packets;Tinned Soup;109kJ 323kJ;0.7;null;null;0.5;null;0.3;null;
281319462;Tesco Healthy Living Three Bean And Vegetable Soup 400G;£0.49;£0.12/100g;Tins, Cans & Packets;Tinned Soup;45;2.1;null;2.4;0.3;0.1;1.9;0.4;
268597222;Knorr Super Chicken Noodle Dry Soup 51G;£0.75;£1.48/100g;Tins, Cans & Packets;Tinned Soup;20 ;0.8;null;null;0.5;null;0.5;0.53;
254998397;Heinz Weight Watchers Carrot And Lentil Soup 295G;£0.89;£0.30/100g;Tins, Cans & Packets;Tinned Soup;125kJ 368kJ;1.3;null;null;0.1;null;0.7;null;
260029426;Knorr Minestrone Dry Soup 62G;£0.75;£1.21/100g;Tins, Cans & Packets;Tinned Soup;22 ;0.8;null;null;0.5;null;0.5;0.58;
281317956;Tesco Healthy Living Chicken And Sweetcorn Soup 400G;£0.49;£0.12/100g;Tins, Cans & Packets;Tinned Soup;37;1.7;null;0.6;0.3;0.2;1.2;0.5;
256678122;Heinz Weight Watchers Chicken Soup 295G;£0.89;£0.30/100g;Tins, Cans & Packets;Tinned Soup;132kJ 388kJ;1.6;null;null;0.8;null;Trace;null;
274149848;Tesco Tomato Soup In A Mug 6 Pack 144G;£0.90;£0.63/100g;Tins, Cans & Packets;Tinned Soup;41;0.6;null;3.9;1.1;0.5;0.3;0.4;
254872131;Heinz Weight Watchers Tomato Soup 295G;£0.89;£0.30/100g;Tins, Cans & Packets;Tinned Soup;109kJ 323kJ;0.7;null;null;0.5;null;0.3;null;
268579532;Knorr Chicken And Leek Dry Soup 60G;£0.75;£1.25/100g;Tins, Cans & Packets;Tinned Soup;31 ;0.6;null;null;1.9;null;0.5;0.58;
267790956;Tesco Variety Soup In A Mug 8Pk 184G;£1.30;£0.71/100g;Tins, Cans & Packets;Tinned Soup;36;0.7;null;2.2;0.4;0.2;0.5;0.6;
274182859;Tesco Vegetable Soup In A Mug 6 Pack 138G;£0.90;£0.65/100g;Tins, Cans & Packets;Tinned Soup;43;0.5;null;1.4;1.5;0.7;0.4;0.6;
281341722;Tesco Healthy Living Lentil And Vegetable Soup 400G;£0.49;£0.12/100g;Tins, Cans & Packets;Tinned Soup;39;1.9;null;1.5;0.2;0.1;1.4;0.6;
268579002;Knorr Spring Vegetable Dry Soup 48G;£0.75;£1.57/100g;Tins, Cans & Packets;Tinned Soup;16 ;0.5;null;null;0.5;null;0.5;0.6;
268739316;Tesco Sweet And Spicy Noodle Soup In A Mug 4 Pack;£0.70;£0.76/100g;Tins, Cans & Packets;Tinned Soup;37;0.8;null;3.0;0.1;0.1;0.5;0.6;
275205216;Branston Spaghetti 4 X 395G;£2.55;£1.62/kg;Tins, Cans & Packets;Tinned Spaghetti & Pasta;null;null;null;null;null;null;null;null;
278940947;Heinz Spaghetti Hoops 3 X 205G;£1.40;£2.28/kg;Tins, Cans & Packets;Tinned Spaghetti & Pasta;224kJ 460kJ;1.7;null;null;0.3;null;0.6;0.4;
275185630;Crosse And Blackwell 4 Kids In The Night Garden 213G;£0.45;£2.12/kg;Tins, Cans & Packets;Tinned Spaghetti & Pasta;61;1.6;null;null;0.2;null;0.9;null;
275185578;Branston Spaghetti Bolognaise 395G;£0.90;£2.28/kg;Tins, Cans & Packets;Tinned Spaghetti & Pasta;null;null;null;null;null;null;null;null;
264641885;Tesco Spaghetti In Tomato Sauce 4 X 410G;£1.35;£0.82/kg;Tins, Cans & Packets;Tinned Spaghetti & Pasta;135;5.2;null;7.8;0.6;0;1.0;null;
258940649;Tesco Spaghetti Rings 215G;£0.30;£1.40/kg;Tins, Cans & Packets;Tinned Spaghetti & Pasta;60;1.5;null;4.2;0.2;0.1;1.1;0.4;
275184354;Branston Spaghetti In Tomato Sauce 395G;£0.50;£1.27/kg;Tins, Cans & Packets;Tinned Spaghetti & Pasta;null;null;null;null;null;null;null;null;
258306226;Heinz Spaghetti In Tomato Sauce 400G Can;£0.70;£1.75/kg;Tins, Cans & Packets;Tinned Spaghetti & Pasta;255kJ 510kJ -;1.7;null;null;0.2;null;0.5;0.3;
280302186;Tesco Spaghetti Rings In Tomato Sauce 385G;£0.40;£1.04/kg;Tins, Cans & Packets;Tinned Spaghetti & Pasta;55;1.5;null;4.0;0.3;0.1;0.9;0.4;
268338109;Tesco Long Cut Spaghetti In Tomato Sauce 410G;£0.40;£0.98/kg;Tins, Cans & Packets;Tinned Spaghetti & Pasta;69;1.6;null;5.6;0.2;0.1;0.8;0.3;
264641879;Tesco Short Cut Spaghetti In Tomato Sauce 410G;£0.40;£0.98/kg;Tins, Cans & Packets;Tinned Spaghetti & Pasta;67;1.8;null;3.9;0.6;0.1;1.0;0.3;
252750146;Heinz Spaghetti Hoops In Tomato Sauce 205G;£0.50;£2.44/kg;Tins, Cans & Packets;Tinned Spaghetti & Pasta;225kJ 461kJ;1.7;null;null;0.2;null;0.5;0.4;
252681688;Heinz Spaghetti In Tomato Sauce 200G;£0.50;£2.50/kg;Tins, Cans & Packets;Tinned Spaghetti & Pasta;263kJ 526kJ -;1.7;null;null;0.2;null;0.5;0.3;
258290058;Tesco Everyday Value Spaghetti In Tomato Sauce 410G;£0.20;£0.49/kg;Tins, Cans & Packets;Tinned Spaghetti & Pasta;48;1.4;null;4.0;0.3;0.1;0.7;null;
275185964;Cr&B Tom And Jerry Pasta Shape Mini Pork Sausage 213;£0.75;£3.53/kg;Tins, Cans & Packets;Tinned Spaghetti & Pasta;86;3.5;null;null;2.7;null;0.4;0.5;
255391750;Heinz Spaghetti In Tomato Sauce 4 X 400G;£2.00;£1.25/kg;Tins, Cans & Packets;Tinned Spaghetti & Pasta;255kJ 510kJ -;1.7;null;null;0.2;null;0.5;0.3;
287613642;Branston Beef Ravioli 395G;£0.85;£2.16/kg;Tins, Cans & Packets;Tinned Spaghetti & Pasta;null;2.1;14.3;null;1.4;null;1.0;0.63;
274965814;Tesco Everyday Value Spaghetti Hoops 410G;£0.20;£0.49/kg;Tins, Cans & Packets;Tinned Spaghetti & Pasta;50;1.4;null;4.0;0.3;0.1;0.7;null;
267882826;Heinz Spaghetti Hoops In Tomato Sauce 400G;£0.70;£1.75/kg;Tins, Cans & Packets;Tinned Spaghetti & Pasta;226kJ 452kJ;1.7;null;null;0.2;null;0.5;0.4;
279174683;Crosse And Blackwell Disney Pasta And Sausage 213G;£0.75;£3.53/kg;Tins, Cans & Packets;Tinned Spaghetti & Pasta;86;3.5;null;null;2.7;null;0.4;0.5;
252750031;Heinz Macaroni Cheese 400G;£0.95;£2.38/kg;Tins, Cans & Packets;Tinned Spaghetti & Pasta;358kJ 717kJ -;3.7;null;null;2.9;null;0.3;0.7;
250891385;Heinz Ravioli In Tomato Sauce 200G;£0.70;£3.50/kg;Tins, Cans & Packets;Tinned Spaghetti & Pasta;305kJ 609kJ -;2.5;null;null;1.5;null;0.8;0.6;
258479395;Heinz Spaghetti And Sausages 400G Can;£1.00;£2.50/kg;Tins, Cans & Packets;Tinned Spaghetti & Pasta;351kJ 702kJ -;3.0;null;null;2.6;null;0.4;0.7;
280877167;Tesco Spicy Fusilli In Tomato Sauce 400G;£0.75;£1.88/kg;Tins, Cans & Packets;Tinned Spaghetti & Pasta;62;2.0;null;3.8;1.0;0.2;2.8;0.5;
274747434;Tesco Everyday Value Spaghetti Bolognese 410G;£0.20;£0.49/kg;Tins, Cans & Packets;Tinned Spaghetti & Pasta;73;3.2;null;3.3;1.7;0.4;1.1;0.6;
250372274;Tesco Macaroni Cheese In Sauce 385G;£0.50;£1.30/kg;Tins, Cans & Packets;Tinned Spaghetti & Pasta;95;2.0;null;1.3;3.9;1.2;1.3;1.0;
255110600;Tesco Beef Ravioli In Tomato And Beef Sauce 400G;£0.50;£1.25/kg;Tins, Cans & Packets;Tinned Spaghetti & Pasta;90;3.7;null;1.9;2.7;0.6;1.1;0.5;
255402848;Tesco Spaghetti Rings And Pork Sausages 385G;£0.70;£1.82/kg;Tins, Cans & Packets;Tinned Spaghetti & Pasta;94;3.4;null;3.4;3.6;1.3;0.5;0.7;
287000774;Hunger Breaks Sweet And Sour With Pasta 395G;£1.75;£4.44/kg;Tins, Cans & Packets;Tinned Spaghetti & Pasta;92;3.0;null;null;1.7;null;2.1;0.25;
264771074;Heinz Ravioli In Tomato Sauce 400G;£1.00;£2.50/kg;Tins, Cans & Packets;Tinned Spaghetti & Pasta;311kJ 623kJ -;2.5;null;null;1.6;null;0.8;0.6;
258318609;Tesco Cheese Ravioli In Tomato Sauce 410G;£0.50;£1.22/kg;Tins, Cans & Packets;Tinned Spaghetti & Pasta;78;2.8;null;3.5;1.7;0.4;1.1;0.7;
275184562;Crosse And Blackwell 4 Kids Disney Cars 213;£0.45;£2.12/kg;Tins, Cans & Packets;Tinned Spaghetti & Pasta;50;1.4;null;null;0.5;null;1.5;null;
274905697;Tesco Everyday Value Macaroni Cheese 395G;£0.40;£1.02/kg;Tins, Cans & Packets;Tinned Spaghetti & Pasta;80;2.5;null;2.1;2.5;1.2;0.5;0.7;
287000676;Hunger Breaks Meatball Bolognese With Pasta 395G;£1.75;£4.44/kg;Tins, Cans & Packets;Tinned Spaghetti & Pasta;91;5.6;null;null;3.3;null;3.0;0.69;
252749984;Heinz Spaghetti Bolognese 400G;£0.95;£2.38/kg;Tins, Cans & Packets;Tinned Spaghetti & Pasta;339kJ 678kJ -;3.2;null;null;1.5;null;0.5;0.7;
280905014;Tesco Spaghetti Meatballs In Tomato Sauce 400G;£0.75;£1.83/kg;Tins, Cans & Packets;Tinned Spaghetti & Pasta;80;3.0;null;4.4;2.8;0.3;1.7;0.9;
274738934;Tesco Everyday Value Ravioli In Tomato Sauce 400G;£0.39;£0.98/kg;Tins, Cans & Packets;Tinned Spaghetti & Pasta;88;3.0;null;4.9;1.1;0.4;1.1;0.6;
259051634;Tesco Spaghetti Bolognese 410G;£0.50;£1.22/kg;Tins, Cans & Packets;Tinned Spaghetti & Pasta;94;4.5;null;2.8;3.8;1.2;0.8;0.9;
275184994;Crosse And Blackwell 4 Kids Fairies Pasta Shapes 213G;£0.45;£2.12/kg;Tins, Cans & Packets;Tinned Spaghetti & Pasta;50;1.4;null;null;0.5;null;1.5;null;
252877215;Heinz Spaghetti And Sausages 200G;£0.70;£3.50/kg;Tins, Cans & Packets;Tinned Spaghetti & Pasta;344kJ 688kJ -;2.9;null;null;2.6;null;0.4;0.7;
276046903;Tesco Goodness Macaroni Cheese 215G;£0.45;£2.10/kg;Tins, Cans & Packets;Tinned Spaghetti & Pasta;78;2.3;null;1.2;3.0;1.5;0.6;0.4;
276047113;Tesco Goodness Vegetable Ravioli 205G;£0.45;£2.20/kg;Tins, Cans & Packets;Tinned Spaghetti & Pasta;71;2.3;null;2.2;0.9;0.3;1.4;0.4;
276055564;Tesco Spaghetti Letters In Tomato Sauce 385G;£0.40;£1.04/kg;Tins, Cans & Packets;Tinned Spaghetti & Pasta;61;2.0;null;4.2;0.2;0.1;1.1;0.4;
275185146;Crosse And Blackwell 4 Kids Princess Pasta Shapes 213G;£0.45;£2.12/kg;Tins, Cans & Packets;Tinned Spaghetti & Pasta;50;1.4;null;null;0.5;null;1.5;null;
276056309;Tesco Goodness Spaghetti Numbers 213G;£0.45;£2.20/kg;Tins, Cans & Packets;Tinned Spaghetti & Pasta;54;1.9;null;1.7;1.2;0.3;0.6;0.2;
275185837;Crosse And Blackwell 4 Kids Scooby Doo Pasta Shapes 213G;£0.45;£2.12/kg;Tins, Cans & Packets;Tinned Spaghetti & Pasta;50;1.4;null;null;0.5;null;1.5;null;
275185906;Crosse And Blackwell Spongebob Pasta Shapes 213G;£0.45;£2.12/kg;Tins, Cans & Packets;Tinned Spaghetti & Pasta;50;1.4;null;null;0.5;null;1.5;null;
276054127;Tesco Goodness Pizza Tortellini 205G;£0.45;£2.20/kg;Tins, Cans & Packets;Tinned Spaghetti & Pasta;79;2.6;null;2.2;2.2;0.8;0.8;0.3;
276055691;Tesco Goodness Beans With Sausages 200G;£0.45;£2.25/kg;Tins, Cans & Packets;Tinned Spaghetti & Pasta;110;6.0;null;1.8;3.3;1.0;2.4;0.3;
275186001;Crosse And Blackwell 4 Kids Winnie Pooh Pasta 213G;£0.45;£2.12/kg;Tins, Cans & Packets;Tinned Spaghetti & Pasta;50;1.4;null;null;0.5;null;1.5;null;
267747957;Cirio Chopped Tomatoes 4X400g;£2.00;£1.25/kg;Tins, Cans & Packets;Tinned Tomatoes & Puree;29 ;1,3;null;null;0,1;null;null;null;
255159934;Cirio Chopped Tomatoes 400G;£1.00;£2.50/kg;Tins, Cans & Packets;Tinned Tomatoes & Puree;29 ;1.3;null;null;0.1;null;1.4;null;
268125557;Cook Italian Chopped Tomatoes 400G;£0.95;£2.38/kg;Tins, Cans & Packets;Tinned Tomatoes & Puree;106kJ 213kJ - 8400kJ;1.4;null;null;0.2;null;0.9;0.01;
281359733;Cirio La Napoletana 540G;£1.35;£2.50/kg;Tins, Cans & Packets;Tinned Tomatoes & Puree;47 ;1,6;null;null;0,2;null;null;null;
281975746;Cook Italian Chopped Tomatoes With Basil 390G;£1.00;£2.57/kg;Tins, Cans & Packets;Tinned Tomatoes & Puree;111kJ 215kJ - 8400kJ;1.2;null;null;0.2;null;1.2;0.30;
281424823;Cirio Classica 540G;£1.35;£2.50/kg;Tins, Cans & Packets;Tinned Tomatoes & Puree;147 ;1,2;null;null;0,1;null;null;null;
278297562;Bakoma Mikus Vanilla Milk Sandwich 28G;£0.45;£1.61/100g;Tins, Cans & Packets;Tinned Tomatoes & Puree;417;7.8;54.6;null;19.9;null;null;0.35;
275086851;Tesco Everyday Value Chopped Tomato With Herbs 400G;£0.45;£1.13/kg;Tins, Cans & Packets;Tinned Tomatoes & Puree;27;1.2;null;4.3;0.1;0.1;0.9;0.3;
271800226;Napolina Chopped Tomatoes 3X400g;£3.05;£2.55/kg;Tins, Cans & Packets;Tinned Tomatoes & Puree;null;null;null;null;null;null;null;null;
268125563;Cook Italian Chopped Tomatoes 4 Pack 4X400g;£3.50;£2.19/kg;Tins, Cans & Packets;Tinned Tomatoes & Puree;106kJ 213kJ - 8400kJ;1.4;null;null;0.2;null;0.9;0.01;
281348090;Cirio Passata Rustica 2 Pack 2X350g;£1.55;£2.22/kg;Tins, Cans & Packets;Tinned Tomatoes & Puree;32 ;1,2;null;null;0,1;null;null;null;
251202170;Tesco Everyday Value Chopped Tomatoes 400G;£0.34;£0.85/kg;Tins, Cans & Packets;Tinned Tomatoes & Puree;18;1.0;null;2.8;0.1;0.1;0.7;0.01;
268700441;Parioli Chopped Tomatoes 4 X 400G;£3.50;£2.19/kg;Tins, Cans & Packets;Tinned Tomatoes & Puree;25;1.4;null;4.0;0.2;trace;0.9;null;
266601792;Napolina Chopped Tomatoes 4 X 400G;£4.00;£1.67/kg;Tins, Cans & Packets;Tinned Tomatoes & Puree;null;null;null;null;null;null;null;null;
278149744;Tesco Chunky Chopped Tomatoes 400G;£0.39;£0.98/kg;Tins, Cans & Packets;Tinned Tomatoes & Puree;25;1.4;null;4.0;0.2;0.1;0.9;0.1;
281975775;Cook Italian Chopped Tomatoes With Chilli 390G;£1.00;£2.57/kg;Tins, Cans & Packets;Tinned Tomatoes & Puree;117kJ 230kJ - 8400kJ;1.1;null;null;0.3;null;2.4;0.3;
254874209;Napolina Chopped Tomatoes 400G;£1.05;£2.63/kg;Tins, Cans & Packets;Tinned Tomatoes & Puree;null;null;null;null;null;null;null;null;
281722107;Parioli Chopped Tomatoes 6X400g;£2.00;£0.83/kg;Tins, Cans & Packets;Tinned Tomatoes & Puree;null;null;null;null;null;null;null;null;
281975631;Cook Italian Chopped Tomatoes Olive Oil Garlic 390G;£1.00;£2.57/kg;Tins, Cans & Packets;Tinned Tomatoes & Puree;176kJ 343kJ - 8400kJ;1.3;null;null;2.1;null;1.0;0.3;
268700314;Parioli Chopped Tomatoes 400G;£1.00;£2.50/kg;Tins, Cans & Packets;Tinned Tomatoes & Puree;25;1.4;null;4.0;0.2;trace;0.9;null;
278584435;Tesco Finest Traditional Passata 680G;£1.75;£2.58/kg;Tins, Cans & Packets;Tinned Tomatoes & Puree;32;1.4;null;5.5;0.3;0.1;0.9;0.8;
271529663;Tesco Organic Italian Passata 500G;£0.80;£1.60/kg;Tins, Cans & Packets;Tinned Tomatoes & Puree;25;1.4;null;4.0;0.2;0.1;0.9;0.8;
254051665;Tesco Italian Chopped Tomatoes 227G;£0.35;£1.55/kg;Tins, Cans & Packets;Tinned Tomatoes & Puree;25;1.4;null;4.0;0.2;0.1;0.9;0.01;
255836513;Cirio Peeled Plum Tomatoes 4X400g;£2.00;£2.00/kg;Tins, Cans & Packets;Tinned Tomatoes & Puree;27 ;1,1;null;null;0,2;null;null;null;
255950573;Napolina Peeled Plum Tomatoes 400G;£1.05;£2.63/kg;Tins, Cans & Packets;Tinned Tomatoes & Puree;22;1.3;null;null;0.2;null;0.9;0.13;
268125534;Cook Italian Peeled Plum Tomatoes 4X400g;£3.50;£2.19/kg;Tins, Cans & Packets;Tinned Tomatoes & Puree;106kJ 213kJ - 8400kJ;1.4;null;null;0.2;null;0.9;0.01;
254757959;Tesco Finely Chopped Tomatoes 400G;£0.39;£0.98/kg;Tins, Cans & Packets;Tinned Tomatoes & Puree;25;1.4;null;4.0;0.2;0.1;0.9;0.1;
260691606;Tesco Finest Cherry Tomatoes 400G;£0.90;£2.25/kg;Tins, Cans & Packets;Tinned Tomatoes & Puree;39;1.8;null;4.1;1.1;0.3;2.6;0.1;
268702364;Parioli Peeled Plum Tomatoes 400G;£1.00;£2.50/kg;Tins, Cans & Packets;Tinned Tomatoes & Puree;25;1.3;null;4.0;0.2;trace;0.9;null;
268123127;Cook Italian Peeled Plum Tomatoes 400G;£0.95;£2.38/kg;Tins, Cans & Packets;Tinned Tomatoes & Puree;106kJ 213kJ - 8400kJ;1.4;null;null;0.2;null;0.9;0.01;
275095074;Tesco Everyday Value Passata 500G;£0.35;£0.70/kg;Tins, Cans & Packets;Tinned Tomatoes & Puree;24;1.1;null;4.2;0.1;0.1;0.2;0.5;
255098527;Cirio Plum Peeled Tomatoes 400G;£1.00;£4.00/kg;Tins, Cans & Packets;Tinned Tomatoes & Puree;27 ;1.1;null;null;0.2;null;1.1;null;
278584118;Tesco Finest Traditional Passata With Herbs 680G;£1.75;£2.58/kg;Tins, Cans & Packets;Tinned Tomatoes & Puree;22;1.1;null;3.0;0.1;0.1;2.1;0.7;
252888323;Tesco Italian Chopped Tomatoes 4 X 400G;£1.50;£0.94/kg;Tins, Cans & Packets;Tinned Tomatoes & Puree;25;1.4;null;4.0;0.2;0.1;0.9;0.01;
252514974;Tesco Italian Peeled Plum Tomatoes 4X400g;£1.50;£0.94/kg;Tins, Cans & Packets;Tinned Tomatoes & Puree;23;1.3;null;4.0;0.2;trace;0.9;null;
268702427;Parioli Peeled Plum Tomatoes 4X400g;£3.50;£2.19/kg;Tins, Cans & Packets;Tinned Tomatoes & Puree;25;1.3;null;4.0;0.2;trace;0.9;null;
251825037;Tesco Plum Peeled Tomatoes 400G;£0.39;£0.98/kg;Tins, Cans & Packets;Tinned Tomatoes & Puree;25;1.3;null;4.0;0.2;0.1;0.9;0.1;
251825089;Tesco Italian Chopped Tomatoes 400G;£0.39;£0.98/kg;Tins, Cans & Packets;Tinned Tomatoes & Puree;25;1.4;null;4.0;0.2;0.1;0.9;0.01;
259279814;Tesco Everyday Value Plum Tomatoes 400G;£0.34;£0.85/kg;Tins, Cans & Packets;Tinned Tomatoes & Puree;18;1.0;null;2.8;0.1;0.1;0.7;0.1;
266601763;Napolina Plum Tomatoes 4 X 400G;£4.00;£1.67/kg;Tins, Cans & Packets;Tinned Tomatoes & Puree;null;null;null;null;null;null;null;null;
268149327;Pizza Express Passata 400G;£1.00;£2.50/kg;Tins, Cans & Packets;Tinned Tomatoes & Puree;null;null;null;null;null;null;null;null;
266643851;Cirio Tomato Puree 140G;£1.10;£7.86/kg;Tins, Cans & Packets;Tinned Tomatoes & Puree;109 ;4.3;null;null;0.3;null;null;null;
271596150;Cook Italian Passata 680G;£1.00;£1.48/kg;Tins, Cans & Packets;Tinned Tomatoes & Puree;131kJ 224kJ - 8400kJ;1.1;null;null;0.1;null;0.8;0.5;
263741025;Napolina Passata 500G;£1.05;£2.10/kg;Tins, Cans & Packets;Tinned Tomatoes & Puree;28 ;1.7;null;null;0.2;null;1.1;0.12;
274992010;Tesco Everyday Value Tomato Puree 200G;£0.40;£0.20/100g;Tins, Cans & Packets;Tinned Tomatoes & Puree;null;null;null;null;null;null;null;null;
251509239;Tesco Italian Passata With Basil 500G;£0.75;£1.50/kg;Tins, Cans & Packets;Tinned Tomatoes & Puree;34;1.1;null;6.0;0.2;0.1;1.0;0.5;
254879475;Tesco Tomato Puree Tube 200G;£0.50;£2.50/kg;Tins, Cans & Packets;Tinned Tomatoes & Puree;97;4.8;null;18.1;0.1;0.1;2.5;0.5;
251505353;Gia Sun Dried Tomato Puree And Olive Oil 80G;£0.75;£9.38/kg;Tins, Cans & Packets;Tinned Tomatoes & Puree;204 Kcal;2.56;null;null;21.6;null;null;null;
272706953;Parioli Smooth Passata 680G;£1.50;£2.21/kg;Tins, Cans & Packets;Tinned Tomatoes & Puree;30;1.6;null;3.6;0.2;trace;0.5;null;
271662642;Cook Italian Tomato Puree 140G;£0.75;£5.36/kg;Tins, Cans & Packets;Tinned Tomatoes & Puree;null;0.7;null;null;trace;null;0.4;null;
266989316;Tesco Organic Chopped Tomatoes 390G;£0.75;£1.93/kg;Tins, Cans & Packets;Tinned Tomatoes & Puree;25;1.4;null;4.0;0.2;0.1;0.9;0.1;
259319117;Tesco Chopped Tom With Chilli 390G;£0.60;£1.54/kg;Tins, Cans & Packets;Tinned Tomatoes & Puree;28;1.1;null;4.0;0.3;0.1;2.4;0.4;
254874296;Tesco Sieved Tomatoes Passata 500G;£0.50;£1.00/kg;Tins, Cans & Packets;Tinned Tomatoes & Puree;34;1.1;null;6.0;0.2;0.1;1.0;0.5;
259319002;Tesco Chopped Tom With Basil 390G;£0.60;£1.54/kg;Tins, Cans & Packets;Tinned Tomatoes & Puree;26;1.2;null;3.9;0.2;0.1;1.2;0.5;
259318844;Tesco Chopped Tom With Garlic And Olive Oil 390G;£0.60;£1.54/kg;Tins, Cans & Packets;Tinned Tomatoes & Puree;48;1.3;null;5.2;1.9;0.3;1.0;0.5;
271947225;Tesco Garlic And Herb Passata 500G;£0.75;£1.50/kg;Tins, Cans & Packets;Tinned Tomatoes & Puree;33;1.6;null;5.5;0.5;0.1;0.9;null;
263740372;Napolina Chopped Tomatoes And Garlic 400G;£1.35;£3.38/kg;Tins, Cans & Packets;Tinned Tomatoes & Puree;null;null;null;null;null;null;null;null;
272706671;Parioli Purea Di Pomodoro 140G;£1.00;£7.15/kg;Tins, Cans & Packets;Tinned Tomatoes & Puree;94;4.8;null;13.4;0.4;0.1;4.1;0.1;
254879400;Tesco Tomato Puree 142G;£0.36;£2.54/kg;Tins, Cans & Packets;Tinned Tomatoes & Puree;97;4.8;null;18.1;0.1;0.1;2.5;0.5;
252193252;Napolina Tomato Puree Tube 142G;£0.75;£5.29/kg;Tins, Cans & Packets;Tinned Tomatoes & Puree;73;4.7;12.6;null;0.4;null;null;null;
267141579;East End Chopped Tomatoes 400G;£0.39;£0.98/kg;Tins, Cans & Packets;Tinned Tomatoes & Puree;22;1.2;null;null;0.3;null;1.0;0.12;
267141677;East End Peeled Plum Tomatoes 400G;£0.39;£0.98/kg;Tins, Cans & Packets;Tinned Tomatoes & Puree;20;1.1;null;null;0.2;null;0.8;trace;
254875871;Batchelors Quick Soak Dried Peas 250G;£0.50;£2.00/kg;Tins, Cans & Packets;Tinned Vegetables;121 ;10.9;null;null;1.0;null;7.5;null;
284552499;Heinz Vegetable Chilli Beanz 390G;£1.30;£3.34/kg;Tins, Cans & Packets;Tinned Vegetables;337kJ 658kJ -;4.7;null;null;0.9;null;3.7;0.5;
281722234;Garden Pride Borlotti Beans In Water 400G;£0.50;£2.14/kg;Tins, Cans & Packets;Tinned Vegetables;465kJ 371kJ - 8400kJ;6.9;null;null;0.4;null;6.8;trace;
263778419;Smash Original Tub 280G;£1.95;£6.97/kg;Tins, Cans & Packets;Tinned Vegetables;324;8.3;null;null;0.9;null;7.7;null;
273939255;Mash Up Instant Mash 240G;£1.00;£4.17/kg;Tins, Cans & Packets;Tinned Vegetables;145;1.9;null;null;0.9;null;3.1;null;
264449186;Napolina Cannellini Beans 400G;£0.85;£3.55/kg;Tins, Cans & Packets;Tinned Vegetables;null;null;null;null;null;null;null;null;
267937410;Tesco Everyday Value Mash 120G;£0.28;£2.34/kg;Tins, Cans & Packets;Tinned Vegetables;72;1.0;null;1.4;0.4;0.2;1.5;0.1;
264449140;Napolina Butter Beans 400G;£0.85;£3.55/kg;Tins, Cans & Packets;Tinned Vegetables;null;null;null;null;null;null;null;null;
284552418;Heinz Fajita Beanz 390G;£1.30;£3.34/kg;Tins, Cans & Packets;Tinned Vegetables;334kJ 650kJ -;4.0;null;null;0.8;null;4.5;0.5;
275131320;Napolina Borlotti Beans 400G;£0.85;£3.55/kg;Tins, Cans & Packets;Tinned Vegetables;null;null;null;null;null;null;null;null;
280933809;Freshcan Golden Wax Beans In Water 340G;£0.45;£2.44/kg;Tins, Cans & Packets;Tinned Vegetables;23 ;1.5;2.6;null;0.1;null;2.8;0.01;
279511613;Tesco Plain Instant Mash Potato 2 Pack 160G;£0.80;£5.00/kg;Tins, Cans & Packets;Tinned Vegetables;89;2.0;null;0.9;1.8;1.0;1.3;0.4;
266736868;Napolina Five Bean Salad 400G;£1.00;£4.17/kg;Tins, Cans & Packets;Tinned Vegetables;null;null;null;null;null;null;null;null;
280712602;Garden Pride Chick Peas In Water 400G;£0.50;£2.07/kg;Tins, Cans & Packets;Tinned Vegetables;521kJ 416kJ - 8400kJ;8.0;null;null;1.8;null;10.1;trace;
275014315;Green Giant Cut Green Beans 411G;£1.00;£4.88/kg;Tins, Cans & Packets;Tinned Vegetables;20;0.8;null;null;0.1;null;1.1;0.34;
284552240;Heinz Tuscan Beanz 390G;£1.30;£3.34/kg;Tins, Cans & Packets;Tinned Vegetables;384kJ 750kJ -;4.9;null;null;1.7;null;4.1;0.6;
280713828;Garden Pride Cannellini Beans In Water 400G;£0.50;£2.14/kg;Tins, Cans & Packets;Tinned Vegetables;386kJ 310kJ - 8400kJ;6.9;null;null;0.7;null;6.8;trace;
280713644;Garden Pride Red Kidney Beans In Water 400G;£0.50;£2.07/kg;Tins, Cans & Packets;Tinned Vegetables;411kJ 331kJ - 8400kJ;8.2;null;null;0.7;null;7.1;trace;
253107366;Smash Instant Mashed Potato 176G;£1.25;£7.11/kg;Tins, Cans & Packets;Tinned Vegetables;58;1.4;null;null;0.5;null;1.1;0.17;
254875859;Batchelors Bigga Dried Peas 250G;£0.50;£2.00/kg;Tins, Cans & Packets;Tinned Vegetables;null;6.3;null;null;0.7;null;3.8;1.00;
262489966;Tesco Borlotti Beans 400G;£0.55;£2.24/kg;Tins, Cans & Packets;Tinned Vegetables;94;7.3;null;0.5;0.5;0.1;6.3;0.1;
259061910;Tesco Taco Mix Beans And Mex Sauce 395G;£0.55;£1.40/kg;Tins, Cans & Packets;Tinned Vegetables;87;5.3;null;3.1;0.4;0.1;3.9;0.8;
259270789;Tesco Everyday Value Dark Red Kidney Beans 400G;£0.30;£1.25/kg;Tins, Cans & Packets;Tinned Vegetables;104;8.1;null;0.5;0.6;0.1;7.8;0.1;
262167712;Tesco Haricot Beans In Water 400G;£0.55;£2.35/kg;Tins, Cans & Packets;Tinned Vegetables;79;5.7;null;0.5;0.5;0.3;7.8;0.1;
263901608;Tesco Broad Beans 300G;£0.55;£2.83/kg;Tins, Cans & Packets;Tinned Vegetables;71;5.5;null;0.7;0.5;0.1;5.2;0.1;
262489348;Tesco Cannellini Beans 400G;£0.55;£2.24/kg;Tins, Cans & Packets;Tinned Vegetables;96;7.1;null;0.8;0.6;0.2;6.3;0.1;
254874601;Tesco Butter Beans 210G;£0.45;£3.60/kg;Tins, Cans & Packets;Tinned Vegetables;89;5.9;null;1.1;0.5;0.1;4.6;0.1;
252927566;Tesco Mix Beans Salad Vinaigrette 400G;£0.65;£1.63/kg;Tins, Cans & Packets;Tinned Vegetables;104;4.3;null;6.1;1.7;0.6;4.2;0.5;
255579805;Tesco Kidney Beans In Chilli Sauce 205;£0.45;£2.20/kg;Tins, Cans & Packets;Tinned Vegetables;92;5.3;null;4.2;0.5;0.1;4.9;0.6;
264448861;Napolina Red Kidney Beans 400G;£0.85;£3.55/kg;Tins, Cans & Packets;Tinned Vegetables;null;null;null;null;null;null;null;null;
262490708;Tesco Butter Beans 400G;£0.55;£2.35/kg;Tins, Cans & Packets;Tinned Vegetables;89;5.9;null;1.1;0.5;0.1;4.6;0.1;
259061829;Tesco Red Kidney Beans 400G;£0.55;£2.30/kg;Tins, Cans & Packets;Tinned Vegetables;117;6.9;null;3.6;0.6;0.1;6.2;0.1;
254874745;Tesco Red Kidney Beans Chilli Sauce 395G;£0.65;£1.65/kg;Tins, Cans & Packets;Tinned Vegetables;92;5.3;null;4.2;0.5;0.1;4.9;0.6;
266610280;Tesco Organic Cannellini Beans 380G;£0.65;£2.83/kg;Tins, Cans & Packets;Tinned Vegetables;93;5.9;null;0.5;0.7;0.1;6.4;0.1;
257108831;Tesco Hot And Spicy Mixed Beans 290G;£0.75;£2.59/kg;Tins, Cans & Packets;Tinned Vegetables;77;4.6;null;2.5;0.6;0.3;4.9;0.6;
266610752;Tesco Organic Red Kidney Beans 380G;£0.65;£2.83/kg;Tins, Cans & Packets;Tinned Vegetables;117;6.9;null;3.6;0.6;0.1;6.2;0.1;
275166175;Tesco Pinto Beans 390G;£0.55;£2.35/kg;Tins, Cans & Packets;Tinned Vegetables;100;7.0;null;0.8;0.1;0.1;6.0;0.1;
256976777;Tesco Red Kidney Beans No Added Sugar Or Salt 210G;£0.45;£3.47/kg;Tins, Cans & Packets;Tinned Vegetables;117;6.9;null;3.6;0.6;0.1;6.2;0.1;
262489469;Tesco Black Eye Beans 400G;£0.55;£2.24/kg;Tins, Cans & Packets;Tinned Vegetables;127;8.8;null;1.0;0.7;0.2;6.5;0.1;
273008096;Napolina Red Kidney Beans 220G;£0.60;£5.46/kg;Tins, Cans & Packets;Tinned Vegetables;null;null;null;null;null;null;null;null;
262489095;Tesco Wholefood Three Bean Salad In Water 400G;£0.75;£3.05/kg;Tins, Cans & Packets;Tinned Vegetables;96;7.8;null;0.1;0.6;0.1;8.6;0.1;
275037927;Crosse & Blackwell Sliced Carrots 300G;£0.70;£4.38/kg;Tins, Cans & Packets;Tinned Vegetables;null;0.5;null;null;0.3;null;1.8;null;
263903514;Tesco Everyday Value Garden Peas In Water 300G;£0.21;£1.14/kg;Tins, Cans & Packets;Tinned Vegetables;96;6.9;null;2.3;1.5;0.3;4.7;0.01;
266818490;Tesco Everyday Value Sliced Mushrooms 285G;null;null;Tins, Cans & Packets;Tinned Vegetables;18;2.1;null;0.1;0.4;0.1;2.8;0.1;
263487016;Tesco New Potatoes 567G;£0.60;£1.74/kg;Tins, Cans & Packets;Tinned Vegetables;69;1.5;null;0.7;0.1;0.1;0.8;0.1;
263486442;Tesco Everyday Value New Potatoes 567G;£0.20;£0.58/kg;Tins, Cans & Packets;Tinned Vegetables;69;1.5;null;0.7;0.1;0.1;0.8;0.1;
264165659;Tesco Petits Pois Garden Peas In Water 200G;£0.40;£2.86/kg;Tins, Cans & Packets;Tinned Vegetables;71;4.4;null;0.4;0.6;0.1;5.4;0.1;
263903301;Tesco Jersey New Potatoes 300G;£0.65;£3.83/kg;Tins, Cans & Packets;Tinned Vegetables;69;1.5;null;0.7;0.1;0.1;0.8;0.1;
259453337;Tesco Baby Carrots In Water 300G;£0.40;£2.06/kg;Tins, Cans & Packets;Tinned Vegetables;28;0.6;null;4.2;0.4;0.1;2.3;0.1;
263902976;Tesco Garden Peas In Water 140G;£0.30;£3.75/kg;Tins, Cans & Packets;Tinned Vegetables;96;6.9;null;2.3;1.5;0.3;4.7;0.01;
263903480;Tesco Maris Peer Potatoes 300G;£0.50;£3.04/kg;Tins, Cans & Packets;Tinned Vegetables;69;1.5;null;0.7;0.1;0.1;0.8;0.1;
256229044;Tesco Whole Carrots In Water 300G;£0.30;£1.58/kg;Tins, Cans & Packets;Tinned Vegetables;27;0.5;null;3.0;0.3;0.1;2.0;0.01;
263901476;Tesco Whole Carrots In Water 538G;£0.50;£1.52/kg;Tins, Cans & Packets;Tinned Vegetables;27;0.5;null;3.0;0.3;0.1;2.0;0.01;
275038097;Crosse & Blackwell Garden Peas 290G;£0.70;£4.00/kg;Tins, Cans & Packets;Tinned Vegetables;null;5.7;null;null;0.8;null;6.4;null;
256789198;Tesco Garden Peas In Water 290G;£0.40;£2.29/kg;Tins, Cans & Packets;Tinned Vegetables;96;6.9;null;2.3;1.5;0.3;4.7;0.01;
266819805;Tesco Whole Button Can Mushrooms 285G;£0.70;£4.49/kg;Tins, Cans & Packets;Tinned Vegetables;18;2.1;null;0.1;0.4;0.1;2.8;0.1;
259510224;Tesco Everyday Value Sliced Carrots 300G;£0.19;£1.19/kg;Tins, Cans & Packets;Tinned Vegetables;31;0.6;null;4.6;0.4;0.1;2.5;null;
263902982;Tesco Garden Peas In Water 538G;£0.55;£1.62/kg;Tins, Cans & Packets;Tinned Vegetables;96;6.9;null;2.3;1.5;0.3;4.7;0.01;
256228356;Tesco Sliced Carrots In Water 300G;£0.30;£1.88/kg;Tins, Cans & Packets;Tinned Vegetables;31;0.6;null;4.6;0.4;0.1;2.5;0.1;
264166140;Tesco Petits Pois Garden Peas In Water 400G;£0.55;£1.97/kg;Tins, Cans & Packets;Tinned Vegetables;71;4.4;null;0.4;0.6;0.1;5.4;0.1;
263489370;Tesco New Potatoes 800G;£0.80;£1.51/kg;Tins, Cans & Packets;Tinned Vegetables;69;1.5;null;0.7;0.1;0.1;0.8;0.1;
263486471;Tesco New Potatoes In Water 300G;£0.45;£2.50/kg;Tins, Cans & Packets;Tinned Vegetables;69;1.5;null;0.7;0.1;0.1;0.8;0.1;
275206273;Farrow's Giant Marrow Fat Processed Peas 300G;£0.55;£3.06/kg;Tins, Cans & Packets;Tinned Vegetables;448kJ 402kJ;7.2;null;null;0.6;null;6.2;0.47;
257236834;Green Giant Creamed Style Sweetcorn 418G;£1.15;£2.76/kg;Tins, Cans & Packets;Tinned Vegetables;76;1.4;null;null;0.4;null;0.5;0.75;
264166324;Tesco Petits Pois And Baby Carrots200g;£0.50;£3.85/kg;Tins, Cans & Packets;Tinned Vegetables;49;3.0;null;1.8;0.5;0.1;5.2;0.1;
253347801;Tesco Everyday Value Mushy Peas 300G;£0.16;£0.53/kg;Tins, Cans & Packets;Tinned Vegetables;82;5.1;null;1.1;0.4;0.2;2.8;0.2;
263903641;Tesco Mushy Peas 300G;£0.30;£1.00/kg;Tins, Cans & Packets;Tinned Vegetables;76;5.4;null;1.1;0.5;0.1;3.2;0.4;
258290162;Tesco Everyday Value Marrow Fat Processed Peas 300G;£0.22;£1.23/kg;Tins, Cans & Packets;Tinned Vegetables;94;6.4;null;0.7;0.7;0.1;5.0;0.2;
259453182;Tesco Petit Pois And Baby Carrots 340G Jar;£0.60;£2.73/kg;Tins, Cans & Packets;Tinned Vegetables;43;3.0;null;2.0;0.5;0.1;4.2;0.1;
263903670;Tesco Marrow Fat Peas 140G;£0.30;£3.34/kg;Tins, Cans & Packets;Tinned Vegetables;82;6.2;null;0.4;0.5;0.1;4.9;0.4;
254873677;Tesco Marrow Fat Processed Peas 539G;£0.50;£1.52/kg;Tins, Cans & Packets;Tinned Vegetables;82;6.2;null;0.4;0.5;0.1;4.9;0.4;
275205412;Batchelors Mushy Processed Peas 300G;£0.50;£1.67/kg;Tins, Cans & Packets;Tinned Vegetables;369kJ -;5.9;null;null;0.4;null;3.9;0.45;
281680032;Green Giant Mexican Style Corn 311G;£1.20;£4.66/kg;Tins, Cans & Packets;Tinned Vegetables;84;2.9;null;null;0.9;null;4.3;0.47;
286067673;Green Giant No Added Salt Express Sweetcorn 205G;£0.75;£4.69/kg;Tins, Cans & Packets;Tinned Vegetables;77;2.4;null;null;1.7;null;2.5;0.00;
263903497;Tesco Mixed Vegetables 300G;£0.40;£2.06/kg;Tins, Cans & Packets;Tinned Vegetables;58;2.6;null;3.7;0.6;0.1;2.7;0.1;
275206336;Farrow's Giant Marrow Fat Processed Peas 538G;£0.85;£2.58/kg;Tins, Cans & Packets;Tinned Vegetables;100;6.7;null;null;0.7;null;5.9;null;
254873660;Tesco Marrow Fat Processed Peas 300G;£0.40;£2.23/kg;Tins, Cans & Packets;Tinned Vegetables;82;6.2;null;0.4;0.5;0.1;4.9;0.4;
275205320;Batchelors Bigga Marrow Fat Processed Peas 300G;£0.50;£2.78/kg;Tins, Cans & Packets;Tinned Vegetables;358kJ 320kJ;5.6;null;null;0.6;null;5.0;0.45;
275206123;Harry Ramsdens Mushy Peas 300G;£0.50;£1.67/kg;Tins, Cans & Packets;Tinned Vegetables;87;5.9;null;null;0.4;null;3.9;0.45;
275205372;Batchelors Mushy Chip Shop Style Processed Peas 300G;£0.50;£1.67/kg;Tins, Cans & Packets;Tinned Vegetables;369kJ -;5.9;null;null;0.4;null;3.9;0.45;
254875329;Green Giant No Added Salt Sweet Corn 198G;£0.65;£3.94/kg;Tins, Cans & Packets;Tinned Vegetables;77;2.4;null;null;1.7;null;2.5;0.00;
281679319;Green Giant Organic Sweet Sweetcorn Salt Free 150G;£0.65;£4.65/kg;Tins, Cans & Packets;Tinned Vegetables;77;2.4;null;null;1.7;null;2.5;0.00;
271766214;Green Giant No Added Salt Sweet Corn 4X198g;£2.45;£3.72/kg;Tins, Cans & Packets;Tinned Vegetables;77;2.4;null;null;1.7;null;2.5;0.00;
271253936;Green Giant Original Sweet Corn 2X198g;£1.25;£3.79/kg;Tins, Cans & Packets;Tinned Vegetables;77;2.4;null;null;1.7;null;2.5;0.40;
256556324;Tesco Everyday Value Sweetcorn 325G;£0.35;£1.35/kg;Tins, Cans & Packets;Tinned Vegetables;110;2.6;null;2.3;1.2;0.2;2.5;0.3;
251528677;Green Giant Original Sweet Corn 3X340g;£2.00;£2.34/kg;Tins, Cans & Packets;Tinned Vegetables;77;2.4;null;null;1.7;null;2.5;0.40;
251528510;Green Giant Whole Baby Cobs 410G;£1.55;£7.05/kg;Tins, Cans & Packets;Tinned Vegetables;23;1.5;null;null;0.1;null;2.1;0.83;
257659570;Green Giant Salad Crisp Sweet Corn 2X150g;£1.15;£4.11/kg;Tins, Cans & Packets;Tinned Vegetables;77;2.4;null;null;1.7;null;2.5;0.40;
286067532;Green Giant Original Express Sweetcorn 205G;£0.75;£4.69/kg;Tins, Cans & Packets;Tinned Vegetables;77;2.4;null;null;1.7;null;2.5;0.40;
258250999;Green Giant Original Sweetcorn 4X198g;£2.45;£3.72/kg;Tins, Cans & Packets;Tinned Vegetables;77;2.4;null;null;1.7;null;2.5;0.40;
275014091;Green Giant Sweetcorn And Peas 3X198g 594G;£2.00;£4.05/kg;Tins, Cans & Packets;Tinned Vegetables;81;4.2;null;null;1.1;null;3.8;0.40;
254875341;Tesco Natural Sweet Sweetcorn In Water 325G;£0.50;£1.93/kg;Tins, Cans & Packets;Tinned Vegetables;92;2.8;null;6.8;1.9;0.4;2.9;0.01;
268031063;Green Giant Salad Crisp Sweetcorn 6X150g;£3.00;£3.58/kg;Tins, Cans & Packets;Tinned Vegetables;77;2.4;null;null;1.7;null;2.5;0.40;
254875197;Green Giant Original Sweet Corn 340G;£0.85;£2.99/kg;Tins, Cans & Packets;Tinned Vegetables;77;2.4;null;null;1.7;null;2.5;0.40;
254875335;Green Giant No Added Salt Sweet Corn 340G;£0.85;£2.99/kg;Tins, Cans & Packets;Tinned Vegetables;77;2.4;null;null;1.7;null;2.5;0.00;
275014194;Green Giant Sweetcorn And Peas 198G;£0.70;£4.25/kg;Tins, Cans & Packets;Tinned Vegetables;81;4.2;null;null;1.1;null;3.8;0.40;
254875272;Green Giant Sweet Corn With Peppers 198G;£0.70;£4.25/kg;Tins, Cans & Packets;Tinned Vegetables;70;2.2;null;null;1.3;null;2.5;0.40;
252695430;Tesco Natural Sweet Sweetcorn In Water 200G;£0.40;£2.50/kg;Tins, Cans & Packets;Tinned Vegetables;92;2.8;null;6.8;1.9;0.4;2.9;0.01;
272748880;Green Giant No Added Salt Sweetcorn 3X340g;£2.00;£2.34/kg;Tins, Cans & Packets;Tinned Vegetables;77;2.4;null;null;1.7;null;2.5;0.00;
254875174;Green Giant Original Sweet Corn 198G;£0.65;£3.94/kg;Tins, Cans & Packets;Tinned Vegetables;77;2.4;null;null;1.7;null;2.5;0.40;
271752017;Green Giant Artichoke Hearts 400G;£2.35;£9.80/kg;Tins, Cans & Packets;Tinned Vegetables;26;1.8;null;null;0.1;null;2.9;0.70;
258437779;La Doria Ratatouille Provencale 390G;£0.65;£1.67/kg;Tins, Cans & Packets;Tinned Vegetables;43;1.1;null;3.0;2.0;0.3;1.9;null;
264129006;Tesco Green Lentils In Water 390G;£0.55;£2.35/kg;Tins, Cans & Packets;Tinned Vegetables;95;6.2;null;0.8;0.7;0.4;5.8;0.1;
267141206;East End Red Kidney Beans 400G;£0.39;£1.63/kg;Tins, Cans & Packets;Tinned Vegetables;null;null;null;null;null;null;null;null;
258503217;Green Giant Hearts Of Palm 410G;£2.35;£10.69/kg;Tins, Cans & Packets;Tinned Vegetables;27;2.4;null;null;0.1;null;2.4;0.83;
266610602;Tesco Organic Chick Peas 380G;£0.65;£2.83/kg;Tins, Cans & Packets;Tinned Vegetables;128;7.2;null;0.4;2.9;0.3;4.1;0.1;
272893107;Napolina Chick Peas 220G;£0.60;£5.46/kg;Tins, Cans & Packets;Tinned Vegetables;null;null;null;null;null;null;null;null;
266957330;La Doria Artichokes In Salted Water 390G;£0.82;£3.42/kg;Tins, Cans & Packets;Tinned Vegetables;149kJ -;1.8;6.0;null;trace;null;2.0;0.38;
273716594;Tesco Artichokes In Water 390G;£1.60;£6.67/kg;Tins, Cans & Packets;Tinned Vegetables;37;1.5;null;1.4;0.1;0.1;1.6;0.1;
275206492;Foresight Pease Pudding 410G;£0.75;£1.83/kg;Tins, Cans & Packets;Tinned Vegetables;97;6.0;15.9;null;0.7;null;1.7;0.50;
264209442;Tesco Whole Green Beans In Water 400G;£0.80;£3.64/kg;Tins, Cans & Packets;Tinned Vegetables;29;1.1;null;2.9;0.1;0.1;1.6;0.1;
262490668;Tesco Chickpea In Water 210G;£0.45;£3.47/kg;Tins, Cans & Packets;Tinned Vegetables;128;7.2;null;0.4;2.9;0.3;4.1;0.1;
252434072;Bijoux Organic Verts Lentils 400G;£1.00;£4.17/kg;Tins, Cans & Packets;Tinned Vegetables;54;4;6.8;null;0.3;null;4;0.08;
264209718;Tesco Leaf Spinach 380G;£0.50;£1.89/kg;Tins, Cans & Packets;Tinned Vegetables;33;3.4;null;0.4;0.6;0.1;2.3;0.1;
264447977;Napolina Chick Peas 400G;£0.85;£3.55/kg;Tins, Cans & Packets;Tinned Vegetables;null;null;null;null;null;null;null;null;
275013967;Green Giant White Asparagus 190G;£1.50;£1.37/100g;Tins, Cans & Packets;Tinned Vegetables;17 ;1.0;null;null;0.3;null;1.1;0.73;
262490576;Tesco Chickpea 400G;£0.55;£2.30/kg;Tins, Cans & Packets;Tinned Vegetables;120;7.2;null;0.4;2.9;0.3;4.1;null;
267141268;East End Chick Peas 400G;£0.39;£0.98/kg;Tins, Cans & Packets;Tinned Vegetables;null;null;null;null;null;null;null;null;
280136336;Green Giant Asparagus 330G;£2.60;£13.69/kg;Tins, Cans & Packets;Tinned Vegetables;20 ;1.9;null;null;0.3;null;1.5;0.78;
252212104;Tesco Naturally Sweet Sweetcorn 3X200g;£1.20;£2.50/kg;Tins, Cans & Packets;Tinned Vegetables;92;2.8;null;6.8;1.9;0.4;2.9;0.01;
279320361;Comvita Manuka Honey Bar Boost 40G;null;null;Tins, Cans & Packets;Wholefood bread, dried fruits, nuts & seeds;null;4.4;null;null;9.3;null;2.5;null;
262144054;Biona Organic Rye Pumpkin Seed Bread 500G;£1.65;£3.30/kg;Tins, Cans & Packets;Wholefood bread, dried fruits, nuts & seeds;196;5.8;null;null;3.5;null;11.6;1.15;
284605829;Jumble Bee Raisins And Cashews 175G;£1.99;£11.38/kg;Tins, Cans & Packets;Wholefood bread, dried fruits, nuts & seeds;1576;6.6;56.5;null;13.1;null;2.3;0.05;
271074203;T.Wholefoods Sweetened Cranberries 200G;£3.00;£15.00/kg;Tins, Cans & Packets;Wholefood bread, dried fruits, nuts & seeds;332;0.1;null;67.4;1.3;0.2;2.0;0.1;
260764233;Biona Organic Golden Linseed Bread 500G;£1.65;£3.30/kg;Tins, Cans & Packets;Wholefood bread, dried fruits, nuts & seeds;207;5.6;null;null;3.1;null;11.2;1.2;
271664369;Tesco Wholefood Dried Apple Slices 300G;£2.10;£7.00/kg;Tins, Cans & Packets;Wholefood bread, dried fruits, nuts & seeds;253;0.9;null;57.2;0.3;0.1;8.7;0.2;
284626539;Jumble Bee Tropical 175G;£1.99;£11.38/kg;Tins, Cans & Packets;Wholefood bread, dried fruits, nuts & seeds;1828;4.7;57.7;null;19.9;null;3.9;0.2;
284605697;Jumble Bee Raisins And Sultanas 175G;£1.99;£11.38/kg;Tins, Cans & Packets;Wholefood bread, dried fruits, nuts & seeds;293;2.25;69.1;null;0.4;null;2;0.05;
284626516;Jumble Bee Trail Mix 175G;£1.99;£11.38/kg;Tins, Cans & Packets;Wholefood bread, dried fruits, nuts & seeds;1833;8.2;46.2;null;23.6;null;4.4;0.1;
284605904;Jumble Bee Mixed Nuts 175G;£2.39;£13.66/kg;Tins, Cans & Packets;Wholefood bread, dried fruits, nuts & seeds;2679;17;8.4;null;59.3;null;6.6;0.04;
256506618;Tesco Wholefood Apricots 500G;£3.25;£6.50/kg;Tins, Cans & Packets;Wholefood bread, dried fruits, nuts & seeds;178;4.0;null;36.0;0.6;0.2;6.3;0.1;
268478231;Tesco Sun Grown Cranberries 150G;£1.50;£10.00/kg;Tins, Cans & Packets;Wholefood bread, dried fruits, nuts & seeds;331;0.1;null;65.0;1.4;0.1;5.7;0.01;
256505691;Tesco Wholefood Blanched Prunes 500G;£3.69;£7.38/kg;Tins, Cans & Packets;Wholefood bread, dried fruits, nuts & seeds;160;2.5;null;33.8;0.4;0.1;5.7;0.1;
284626574;Jumble Bee Banana Chips 350G;£2.29;£6.55/kg;Tins, Cans & Packets;Wholefood bread, dried fruits, nuts & seeds;553;1.0;60.4;null;32.5;null;7.6;0.02;
279320096;Comvita Manuka Honey Bars Energy 40G;null;null;Tins, Cans & Packets;Wholefood bread, dried fruits, nuts & seeds;null;4.7;null;null;10.7;null;2.8;null;
284605887;Jumble Bee Raisins And Almonds 175G;£1.99;£11.38/kg;Tins, Cans & Packets;Wholefood bread, dried fruits, nuts & seeds;1552;6.8;53.9;null;13.1;null;4.4;0.05;
284626424;Jumble Bee Fruit And Nut Mix With Pecans 175G;£1.99;£11.38/kg;Tins, Cans & Packets;Wholefood bread, dried fruits, nuts & seeds;425;7;48;null;21.6;null;5.4;0.04;
262346986;Tesco Wholefood Chewy Banana 300G;£2.99;£9.97/kg;Tins, Cans & Packets;Wholefood bread, dried fruits, nuts & seeds;297;4.5;null;61.3;1.1;0.5;0.6;0.5;
271072453;Tesco Berries Raisins 225G;£3.00;£12.00/kg;Tins, Cans & Packets;Wholefood bread, dried fruits, nuts & seeds;301;1.5;null;65.2;0.9;0.2;2.3;0.1;
260764377;Biona Organic Amaranth/Quinoa Rye Bread 500G;£1.65;£3.30/kg;Tins, Cans & Packets;Wholefood bread, dried fruits, nuts & seeds;195;4.9;null;null;0.7;null;10.1;0.98;
271074445;Tesco Wholefood Ready To Eat Figs 440G;£2.39;£5.44/kg;Tins, Cans & Packets;Wholefood bread, dried fruits, nuts & seeds;234;3.3;null;48.4;1.5;0;6.9;0.1;
276090734;Tesco Wholefoods Apr,C/Berry&Chry 250G;£3.10;£12.40/kg;Tins, Cans & Packets;Wholefood bread, dried fruits, nuts & seeds;292;1.4;null;49.6;0.6;0.1;4.9;null;
286061063;Trek Berry Burst 55G;£1.00;£0.00/g;Tins, Cans & Packets;Wholefood bread, dried fruits, nuts & seeds;322;18.2;null;null;2.9;null;6.0;0.5;
282482890;The Chia Co Chia Shots 10 Pack 80G;£4.79;£59.88/kg;Tins, Cans & Packets;Wholefood bread, dried fruits, nuts & seeds;88;6.1;0.7;null;null;null;null;Trace;
271082631;Tesco Wholefoods Deglet Nour Dates 250G;£1.90;£7.60/kg;Tins, Cans & Packets;Wholefood bread, dried fruits, nuts & seeds;297;2.5;null;63.4;0.4;0.1;8.0;0.01;
282483362;The Chia Co Chia Seed White 150G Pouch;£4.00;£26.67/kg;Tins, Cans & Packets;Wholefood bread, dried fruits, nuts & seeds;280.5kJ 1870kJ;3.1;0.7;Less Than 1.0;null;null;null;null;
281934939;Tesco Wholefood Sunflower Seeds 500G;£3.20;£0.64/100g;Tins, Cans & Packets;Wholefood bread, dried fruits, nuts & seeds;601;23.4;null;1.6;47.5;4.5;6.0;0.01;
286061149;Trek Protein Cocoa Chaos 55G;£1.00;£1.82/100g;Tins, Cans & Packets;Wholefood bread, dried fruits, nuts & seeds;338;18.2;null;null;6.3;null;6.5;0.5;
271063268;Tesco Wholefoods Raisins 500G;£2.50;£5.00/kg;Tins, Cans & Packets;Wholefood bread, dried fruits, nuts & seeds;293;2.1;null;69.3;0.4;0.1;2.0;0.2;
262874330;Tesco Wholefood Ready To Eat Prunes 1Kg;£5.39;£5.39/kg;Tins, Cans & Packets;Wholefood bread, dried fruits, nuts & seeds;160;2.5;null;33.8;0.4;0.1;5.7;0.1;
276447584;Tesco Wholefood Pineapple 170G;£3.00;£17.65/kg;Tins, Cans & Packets;Wholefood bread, dried fruits, nuts & seeds;293;2.1;null;49.3;0.9;0.2;3.3;0.3;
282173138;Tesco Wholefoods Golden Fruit And Nut Mix 250G;£3.20;£12.80/kg;Tins, Cans & Packets;Wholefood bread, dried fruits, nuts & seeds;434;8.4;null;35.9;27.6;4.5;3.6;0.1;
262925518;Urban Fruit Dried Black Cherry 90G;£1.97;£21.89/kg;Tins, Cans & Packets;Wholefood bread, dried fruits, nuts & seeds;null;2.0;67.3;null;0.3;null;8.3;trace;
271072948;Tesco Wholefoods Mango 200G;£4.00;£20.00/kg;Tins, Cans & Packets;Wholefood bread, dried fruits, nuts & seeds;315;2.8;null;45.1;0.4;0.2;4.0;0.5;
262925720;Urban Fruit Dried Pineapple 100G;£1.97;£19.70/kg;Tins, Cans & Packets;Wholefood bread, dried fruits, nuts & seeds;null;2.0;69.3;null;0.2;null;8.0;null;
282484778;The Chia Co Chia Seed Black 150G Pouch;£4.00;£26.67/kg;Tins, Cans & Packets;Wholefood bread, dried fruits, nuts & seeds;280.5kJ 1870kJ;3.1kcal;0.7;Less Than 1.0;null;null;null;null;
262929382;Urban Fruit Dried Mango Slices 100G;£1.97;£19.70/kg;Tins, Cans & Packets;Wholefood bread, dried fruits, nuts & seeds;null;2.9;68.2;null;0.3;null;9.0;trace;
281934916;Tesco Wholefoods Roasted Mixed Nuts 250G;£3.50;£1.40/100g;Tins, Cans & Packets;Wholefood bread, dried fruits, nuts & seeds;622;18.8;null;4.8;51.8;6.4;7.5;null;
286061184;Trek Protein Peanut Power 55G;£1.00;£1.82/100g;Tins, Cans & Packets;Wholefood bread, dried fruits, nuts & seeds;369;18.5;null;null;10.9;null;5.5;0.8;
275602921;Tesco Wholefood Stoned Dates 450G;£3.25;£7.23/kg;Tins, Cans & Packets;Wholefood bread, dried fruits, nuts & seeds;297;2.5;null;63.4;0.4;0.1;8.0;0.01;
271073423;T.Wholefood Cranberry And Macademiamix300g;£4.45;£14.84/kg;Tins, Cans & Packets;Wholefood bread, dried fruits, nuts & seeds;500;3.2;null;42.3;31.1;4.9;4.6;0.1;
276603826;Food Doctor Crispthins Spicy Chipotle 23G;£0.75;£32.61/kg;Tins, Cans & Packets;Wholefood bread, dried fruits, nuts & seeds;398 kJ 1729 kJ;5.7;null;null;3.1;null;1.8;null;
260763954;The Food Doctor Spelt Crackers 200G;£2.34;£1.17/100g;Tins, Cans & Packets;Wholefood bread, dried fruits, nuts & seeds;1516 kJ 190 kJ;15.9;null;null;1.5;null;9.4;0.1;
276447814;Tesco Discounter Sun Grown Peanut And Raisin Mix 300G;£1.19;£3.97/kg;Tins, Cans & Packets;Wholefood bread, dried fruits, nuts & seeds;472;18.6;null;31.3;27.8;5.3;4.5;0.1;
276377275;Tesco Fruit, Nut And Seed Sprinkle 200G;£2.19;£10.95/kg;Tins, Cans & Packets;Wholefood bread, dried fruits, nuts & seeds;405;8.5;null;48.2;17.1;1.9;3.6;0.1;
276603982;Food Doctor Crisp Thins Sweet Chilli 23G;£0.75;£32.61/kg;Tins, Cans & Packets;Wholefood bread, dried fruits, nuts & seeds;416 kJ 1810 kJ;6.1;null;null;2.9;null;2.0;0.54;
276414710;Tesco Fruit And Seed Sprinkle 200G;£2.00;£10.00/kg;Tins, Cans & Packets;Wholefood bread, dried fruits, nuts & seeds;409;13.0;null;29.0;22.3;3.0;4.9;0.1;
276602994;The Food Doctor Crisp Thins 5 Grains Natural 85G;£1.89;£22.24/kg;Tins, Cans & Packets;Wholefood bread, dried fruits, nuts & seeds;410 kJ 1649 kJ;2.6;null;null;0.7;null;1.3;0.28;
271240560;Whitworths Wholefoods Banana Chips350g;£2.50;£7.15/kg;Tins, Cans & Packets;Wholefood bread, dried fruits, nuts & seeds;550kJ 2190kJ;0.5;null;null;7.4;null;0.9;null;
276090826;Wholefoods Goji Berry 200G;£3.20;£16.00/kg;Tins, Cans & Packets;Wholefood bread, dried fruits, nuts & seeds;297;11.2;null;48.8;2.4;0.4;13.4;null;
268478035;Tesco Sun Grown Island Mix 300G;£1.29;£4.30/kg;Tins, Cans & Packets;Wholefood bread, dried fruits, nuts & seeds;320;1.9;null;64.4;0.5;0.2;1.1;0.2;
276977319;Food Dr Roasted Bean Mix 200G;£2.99;£14.95/kg;Tins, Cans & Packets;Wholefood bread, dried fruits, nuts & seeds;1822 kJ 456 kJ;33.6;null;null;20.2;null;18.2;0.58;
276603573;Food Doctor Crisp Thins Hot Wasabi 23G;£0.75;£32.61/kg;Tins, Cans & Packets;Wholefood bread, dried fruits, nuts & seeds;412 kJ 1793 kJ;6.2;null;null;2.8;null;1.9;0.68;
283169908;Urban Fruit Superberry 90G;£1.97;£21.89/kg;Tins, Cans & Packets;Wholefood bread, dried fruits, nuts & seeds;null;2.0;67.3;null;0.2;null;6.1;null;
271072378;Tesco Chashew Nuts And Raisins 200G;£2.10;£10.50/kg;Tins, Cans & Packets;Wholefood bread, dried fruits, nuts & seeds;438;10.2;null;37.6;22.1;3.9;2.7;0.1;
262925566;Urban Fruit Dried Strawberries 90G;£1.97;£21.89/kg;Tins, Cans & Packets;Wholefood bread, dried fruits, nuts & seeds;null;2.0;67.3;null;0.2;null;6.1;trace;
268477802;Tesco Sun Grown Trail Mix 300G;£1.29;£4.30/kg;Tins, Cans & Packets;Wholefood bread, dried fruits, nuts & seeds;423;5.5;null;34.2;24.6;12.5;4.6;0.1;
276603728;Food Doctor Crisp Thins Mild Korma 23G;£0.75;£32.61/kg;Tins, Cans & Packets;Wholefood bread, dried fruits, nuts & seeds;414 kJ 1801 kJ;6.2;null;null;3.1;null;2.0;0.62;
276977475;Food Doctor Roasted Soya 175G;£2.99;£17.09/kg;Tins, Cans & Packets;Wholefood bread, dried fruits, nuts & seeds;1740 kJ 435 kJ;40.9;null;null;20.3;null;22.6;0.59;
271063389;Tesco Whole Foods Raisin Cranberry Mix300g;£3.00;£10.00/kg;Tins, Cans & Packets;Wholefood bread, dried fruits, nuts & seeds;306;1.4;null;68.7;0.7;0.1;2.0;0.1;
271074589;Tesco Wholefoods Fruit And Nut Mix With Cranberry 300G;£3.30;£11.00/kg;Tins, Cans & Packets;Wholefood bread, dried fruits, nuts & seeds;388;7.1;null;49.7;14.5;1.8;3.8;0.1;
276447567;Tesco Wholefood Tropical Fruit And Nut Crunch 250G;£4.00;£16.00/kg;Tins, Cans & Packets;Wholefood bread, dried fruits, nuts & seeds;396;6.9;null;37.7;20.8;5.0;4.0;0.2;
276091007;Tesco Wholefoods Rhubarb Fruit And Nut Mix 250G;£3.29;£13.16/kg;Tins, Cans & Packets;Wholefood bread, dried fruits, nuts & seeds;392;4.1;null;52.8;16.3;1.8;8.2;null;
271074635;Tesco Wholefoods Fruit And Nut Mix Apricots 300G;£3.30;£11.00/kg;Tins, Cans & Packets;Wholefood bread, dried fruits, nuts & seeds;351;7.7;null;46.3;13.4;1.1;5.0;0.1;
271666995;Tesco Wholefood Cashew Nuts 250G;£2.55;£10.20/kg;Tins, Cans & Packets;Wholefood bread, dried fruits, nuts & seeds;582;18.2;null;5.9;43.9;7.8;3.3;0.1;
271667055;Tesco Mixed Nuts 250G;£2.86;£11.44/kg;Tins, Cans & Packets;Wholefood bread, dried fruits, nuts & seeds;668;17.7;null;3.2;62.5;8.7;6.8;0.1;
273812249;Tesco Sun Grown Pistachio Nuts In Shell 150G;£1.29;£8.60/kg;Tins, Cans & Packets;Wholefood bread, dried fruits, nuts & seeds;585;21.0;null;7.7;44.8;5.5;9.9;0.1;
273811999;Tesco Sun Grown Cashew Nuts 150G;£1.29;£8.60/kg;Tins, Cans & Packets;Wholefood bread, dried fruits, nuts & seeds;582;18.2;null;5.9;43.9;7.8;3.3;0.1;
271666804;Tesco Pistachio Nuts 250G;£4.99;£19.96/kg;Tins, Cans & Packets;Wholefood bread, dried fruits, nuts & seeds;579;20.3;null;7.7;45.4;5.6;10.3;0.01;
271074543;Tesco Wholefoods Raisin And Sultana Mix 400G;£3.30;£8.25/kg;Tins, Cans & Packets;Wholefood bread, dried fruits, nuts & seeds;294;2.2;null;69.3;0.4;0.1;2.0;0.1;
276977066;The Food Dr Whole Grains Oriental Spice 150G;£2.69;£17.94/kg;Tins, Cans & Packets;Wholefood bread, dried fruits, nuts & seeds;2173 kJ 543 kJ;20.1;null;null;32.2;null;7.2;1.40;
276977135;The Food D Whole Grains Rustic Herb 150G;£2.69;£17.94/kg;Tins, Cans & Packets;Wholefood bread, dried fruits, nuts & seeds;1876 kJ 469 kJ;12.4;null;null;22.3;null;8.5;0.84;
262291161;Tesco Wholefood Luxury Fruit And Nut Mix 300G;£3.69;£12.30/kg;Tins, Cans & Packets;Wholefood bread, dried fruits, nuts & seeds;452;10.1;null;33.7;26.0;3.5;7.7;0.1;
271666972;Tesco Wholefood Pistachio Nuts In Shell 250G;£3.10;£12.40/kg;Tins, Cans & Packets;Wholefood bread, dried fruits, nuts & seeds;585;21.0;null;7.7;44.8;5.5;9.9;0.1;
276377384;Tesco Wholefoods Tropical Sunshine 200G;£4.00;£20.00/kg;Tins, Cans & Packets;Wholefood bread, dried fruits, nuts & seeds;256;2.7;null;51.3;0.4;0.2;3.7;0.5;
276976378;The Food Dr Whole Grains Chipotle Chilli 150G;£2.69;£17.94/kg;Tins, Cans & Packets;Wholefood bread, dried fruits, nuts & seeds;2055kJ 514kJ;19.6;null;null;30.6;null;10.4;1.57;
276416276;T.W/F Jumbo Peanuts 300G;£2.00;£6.67/kg;Tins, Cans & Packets;Wholefood bread, dried fruits, nuts & seeds;591;29.6;null;5.9;46.0;8.7;6.2;0.01;
276377586;Tesco Wholefoods Peanut And Flame Raisins 300G;£1.00;£3.34/kg;Tins, Cans & Packets;Wholefood bread, dried fruits, nuts & seeds;472;18.6;null;31.3;27.8;5.3;4.5;0.1;
271074330;Tesco Whole Food Sweet Almonds 250G;£3.40;£13.60/kg;Tins, Cans & Packets;Wholefood bread, dried fruits, nuts & seeds;595;21.2;null;4.2;49.9;3.8;12.5;0.01;
271667182;Tesco Walnut Halves 250G;£3.50;£14.00/kg;Tins, Cans & Packets;Wholefood bread, dried fruits, nuts & seeds;705;17.3;null;2.5;68.5;5.6;3.5;0.1;
271073878;Tesco Wholefoods Pecans Nuts 250G;£3.80;£15.20/kg;Tins, Cans & Packets;Wholefood bread, dried fruits, nuts & seeds;706;10.9;null;4.1;70.1;5.7;4.7;0.01;
271074693;Tesco Wholefoods Macadamia Nuts 250G;£3.80;£15.20/kg;Tins, Cans & Packets;Wholefood bread, dried fruits, nuts & seeds;752;7.9;null;4.6;75.8;12.1;8.6;0.1;
271239021;Whitworths Wholefoods Fruit And Nut Seed Mix200g;£1.88;£9.40/kg;Tins, Cans & Packets;Wholefood bread, dried fruits, nuts & seeds;2006kJ 501kJ;13.0;null;null;28.6;null;5.9;Trace;
271072758;Tesco Wholefoods Toasted 3 Seed Mix 250G;£2.49;£9.96/kg;Tins, Cans & Packets;Wholefood bread, dried fruits, nuts & seeds;527;18.0;null;0.5;39.5;4.4;19.1;0.1;
276977446;Food Doctor Seed Blend 250G;£2.99;£11.96/kg;Tins, Cans & Packets;Wholefood bread, dried fruits, nuts & seeds;2460 kJ 615 kJ;26.4;null;null;49.2;null;8.9;0.94;
260259912;Tesco Wholefood Brown Linseeds 250G;£1.00;£4.00/kg;Tins, Cans & Packets;Wholefood bread, dried fruits, nuts & seeds;514;18.3;null;1.6;42.2;3.7;27.3;0.1;
271254094;Nakd Banana Bread Bar 120G;£2.49;£20.75/kg;Tins, Cans & Packets;Wholefood bread, dried fruits, nuts & seeds;1315kJ 395kJ;4.9;55.3;null;7.2;null;5.2;0.1;
262925357;Munchy Seeds Wholefoods Omega Sprinkle 125G;£2.20;£17.60/kg;Tins, Cans & Packets;Wholefood bread, dried fruits, nuts & seeds;612;26.7;null;null;51.4;null;null;null;
256517423;Tesco Quinoa 300G;£2.35;£7.84/kg;Tins, Cans & Packets;Wholefood bread, dried fruits, nuts & seeds;114;4.4;null;0.9;1.9;0.1;2.8;0.1;
271063176;Tesco Wholefoods Pine Nuts 150G;£3.85;£25.67/kg;Tins, Cans & Packets;Wholefood bread, dried fruits, nuts & seeds;702;16.5;null;3.7;68.6;4.6;1.9;0.01;
271072620;Tesco Wholefoods 4 Seed Mix 300G;£2.00;£6.67/kg;Tins, Cans & Packets;Wholefood bread, dried fruits, nuts & seeds;588;24.7;null;1.3;48.8;6.4;9.5;0.1;
271667078;Tesco Wholefoods Brazil Nuts 250G;£3.10;£12.40/kg;Tins, Cans & Packets;Wholefood bread, dried fruits, nuts & seeds;699;16.3;null;2.3;68.2;16.4;4.3;0.01;
256515195;Tesco Sunflower Seeds 300G;£1.99;£6.64/kg;Tins, Cans & Packets;Wholefood bread, dried fruits, nuts & seeds;601;23.4;null;1.6;47.5;4.5;6.0;0.01;
262925455;Munchy Seeds Wholefoods Chilli Mix 125G;£2.20;£17.60/kg;Tins, Cans & Packets;Wholefood bread, dried fruits, nuts & seeds;646;26.9;null;null;53.9;null;null;null;
273812128;Tesco Wholefoods Pumpkin Seeds 250G;£2.20;£8.80/kg;Tins, Cans & Packets;Wholefood bread, dried fruits, nuts & seeds;593;30.2;null;1.4;49.1;8.7;6.0;0.1;
260259682;Tesco Wholefood Sesame Seeds 300G;£1.96;£6.54/kg;Tins, Cans & Packets;Wholefood bread, dried fruits, nuts & seeds;627;21.5;null;0.4;58.0;8.3;7.9;0.1;
276377684;Tesco Wholefoods Golden Linseed 250G;£1.00;£4.00/kg;Tins, Cans & Packets;Wholefood bread, dried fruits, nuts & seeds;514;18.3;null;1.6;42.2;3.7;27.3;0.1;
271254048;Nakd Apple Pie Bars Multi-Pack 120G;£2.49;£2.08/100g;Tins, Cans & Packets;Wholefood bread, dried fruits, nuts & seeds;1460kJ 438kJ;6.4;60.4;null;7.9;null;6.5;0.1;
271074088;Tesco Wholefoods Hazelnuts 250G;£3.40;£13.60/kg;Tins, Cans & Packets;Wholefood bread, dried fruits, nuts & seeds;674;16.6;null;3.8;63.5;4.7;6.5;0.2;
276977285;Food Doctor Raw Seeds And Nuts 250G;£2.99;£11.96/kg;Tins, Cans & Packets;Wholefood bread, dried fruits, nuts & seeds;2533 kJ 633 kJ;24.0;null;null;49.5;null;8.6;0.00;
271254175;Nakd Berry Cheeky Bar 120G;£2.49;£20.75/kg;Tins, Cans & Packets;Wholefood bread, dried fruits, nuts & seeds;1480kJ 444kJ;7.2;58.1;null;9.0;null;6.6;0.1;
271254221;Nakd Cocoa Loco Bar Frt, Oat And Nut Multi Pk120g;£2.49;£20.75/kg;Tins, Cans & Packets;Wholefood bread, dried fruits, nuts & seeds;1483kJ 445kJ;7.9;55.4;null;9.8;null;7.5;0.2;
286185947;Mega Marshmallows Fat Free 700G;£4.00;£0.57/100g;Tins, Cans & Packets;Wholefood bread, dried fruits, nuts & seeds;1420 kJ 355 kJ -;3.6;79;null;0;null;null;0.02;
266318557;Belvita Milk And Cereal Biscuits 300G;£2.59;£0.86/100g;Biscuits;Cereal Bars & Breakfast Biscuits;1840 kJ 230 kJ -;7.6;null;null;14;null;4.2;0.98;
268067268;Belvita Crunchy Oats Biscuits 300G;£2.59;£0.86/100g;Biscuits;Cereal Bars & Breakfast Biscuits;1845 kJ 230 kJ -;7.6;null;null;14.5;null;5.5;1.38;
283230473;Belvita Crunchy Hazelnuts 300G;£2.79;£0.93/100g;Biscuits;Cereal Bars & Breakfast Biscuits;1770 kJ 295 kJ -;8.8;null;null;12.0;null;12.0;0.57;
268067591;Belvita Honey And Nuts Biscuits 300G;£2.59;£0.86/100g;Biscuits;Cereal Bars & Breakfast Biscuits;1880 kJ 235 kJ -;7.4;null;null;15.5;null;4.3;0.90;
281865986;Belvita Cocoa Sandwich 253G;£1.39;£0.55/100g;Biscuits;Cereal Bars & Breakfast Biscuits;450 ;7.4;null;null;15.0;null;4.4;0.60;
283419619;Go Ahead Raspberry Yoghurt Breaks Cereal Bars 5 Pack 177G;£1.00;£0.56/100g;Biscuits;Cereal Bars & Breakfast Biscuits;null;5.2;null;null;10.2;null;2.2;0.4;
286416094;Belvita Tops Choco Hazelnut 250G;£2.79;£1.12/100g;Biscuits;Cereal Bars & Breakfast Biscuits;455 ;7.2;null;null;16.0;null;4.9;0.55;
286415976;Belvita Tops Strawberry Jam 250G;£2.79;£1.12/100g;Biscuits;Cereal Bars & Breakfast Biscuits;420 ;6.6;null;null;12.0;null;4.1;0.68;
285513124;Belvita Crunchy Chocolate Chips 300G;£2.79;£0.93/100g;Biscuits;Cereal Bars & Breakfast Biscuits;1765 kJ 295 kJ -;8.1;null;null;12.0;null;12.0;0.57;
276353643;Belvita Cranberry Biscuits 300G;£2.59;£0.86/100g;Biscuits;Cereal Bars & Breakfast Biscuits;1815 kJ 227 kJ -;8.0;null;null;13.5;null;6.3;0.83;
283230634;Belvita Crunch Apricot 300G;£2.79;£0.93/100g;Biscuits;Cereal Bars & Breakfast Biscuits;1675 kJ 280 kJ -;7.6;null;null;9.1;null;12.0;0.63;
272121918;Belvita Honey Yoghurt Crunch 253G;£1.39;£0.55/100g;Biscuits;Cereal Bars & Breakfast Biscuits;450 ;7.4;null;null;16.0;null;3.9;0.55;
271099738;Belvita Plain Yoghurt Crunch 253G;£1.39;£0.55/100g;Biscuits;Cereal Bars & Breakfast Biscuits;450 ;7.3;null;null;16.5;null;3.9;0.55;
266318822;Belvita Fruit And Fibre Biscuits 300G;£2.59;£0.86/100g;Biscuits;Cereal Bars & Breakfast Biscuits;1830 kJ 229 kJ 11 % -;7.4;null;null;14.0;null;8.7;0.38;
273691045;Belvita Milk And Cereal Biscuits 600G;£3.99;£0.67/100g;Biscuits;Cereal Bars & Breakfast Biscuits;1840 kJ 230 kJ -;7.6;null;null;14;null;4.2;0.98;
271935907;Kelloggs Nutri Grain Crunchy Oat&Chocchip210g;£2.29;£1.10/100g;Biscuits;Cereal Bars & Breakfast Biscuits;468 ;7;null;null;19;null;4.5;0.88;
271935809;Kelloggs Nutri Grain Crunchy Oat And Honey 210G;£2.29;£1.10/100g;Biscuits;Cereal Bars & Breakfast Biscuits;463 ;7;null;null;18;null;4.5;0.85;
273686870;Belvita Strawberry And Yoghurt Crunch 253G;£1.39;£0.55/100g;Biscuits;Cereal Bars & Breakfast Biscuits;445 ;6.9;null;null;15.0;null;4.3;0.55;
280679309;Belvita Cocoa Chocolate Chip 300G;£2.59;£8.64/kg;Biscuits;Cereal Bars & Breakfast Biscuits;1845 kJ 230 kJ -;7.5;null;null;14.5;null;6.5;0.63;
273690904;Belvita Honey And Nuts Biscuits 600G;£3.99;£0.67/100g;Biscuits;Cereal Bars & Breakfast Biscuits;1880 kJ 235 kJ -;7.4;null;null;15.5;null;4.3;0.90;
287489108;Kelloggs Nutri Grain Sandwich Biscuit Yoghurt 5X40g;£2.49;£1.25/100g;Biscuits;Cereal Bars & Breakfast Biscuits;471 ;7;null;null;21;null;7.2;0.55;
287489137;Kelloggs Nutri Grain Sandwich Chocolate Nut 5X40g;£2.49;£2.08/100g;Biscuits;Cereal Bars & Breakfast Biscuits;470 ;6.2;null;null;21;null;7.9;0.53;
275279813;Mcvities Breakfast Red Berries 300G;£1.24;£4.14/kg;Biscuits;Cereal Bars & Breakfast Biscuits;null;9.6;null;null;13.8;null;5.1;1.0;
262103875;Kelloggs Elevenses Chocolate Chip 6X45g;£2.29;£0.85/100g;Biscuits;Cereal Bars & Breakfast Biscuits;404 ;4.5;null;null;13;null;2.5;0.53;
261582803;Mcvitie Go Ahead Strawberry Bakes 6X35g;£1.00;£0.48/100g;Biscuits;Cereal Bars & Breakfast Biscuits;null;3.5;null;null;8.4;null;4.1;0.6;
255007867;Go Ahead Crispy Apple Slices 5 Pack 195G;£1.69;£0.87/100g;Biscuits;Cereal Bars & Breakfast Biscuits;null;5.4;null;null;7.2;null;2.4;0.5;
251232560;Go Ahead Apple Bakes 6X35g;£1.00;£0.48/100g;Biscuits;Cereal Bars & Breakfast Biscuits;null;3.4;null;null;8.3;null;3.9;0.6;
281865721;Mcvitie's Breakfast Sandwich Raspberry And Yoghurt 253G;£2.49;£0.98/100g;Biscuits;Cereal Bars & Breakfast Biscuits;null;9.1;null;null;21.1;null;3.2;0.7;
275279911;Mcvities Breakfast Oats And Honey 300G;£1.24;£4.14/kg;Biscuits;Cereal Bars & Breakfast Biscuits;null;9.6;null;null;14.0;null;4.6;1.0;
275712998;Tesco 6 Apple Fruity Bakes 222G;£1.19;£0.54/100g;Biscuits;Cereal Bars & Breakfast Biscuits;386;4.1;null;42.5;7.4;3.7;1.5;0.6;
275505190;Tesco 5 Strawberry And Yoghurt Flavoured 145G;£1.19;£0.82/100g;Biscuits;Cereal Bars & Breakfast Biscuits;425;7.0;null;29.9;12.3;9.6;4.9;null;
275713219;Tesco 6 Strawberry Fruity Bakes 222G;£1.19;£0.54/100g;Biscuits;Cereal Bars & Breakfast Biscuits;386;4.1;null;43.5;7.4;3.7;1.5;0.6;
283418762;Go Ahead Tropical Yoghurt Breaks Cereal Bars 5 Pack 177G;£1.00;£0.56/100g;Biscuits;Cereal Bars & Breakfast Biscuits;null;5.1;null;null;10.1;null;2.2;0.4;
275279583;Mcvities Breakfast Apple And Sultana 300G;£1.24;£0.41/100g;Biscuits;Cereal Bars & Breakfast Biscuits;null;9.2;null;null;13.3;null;5.3;1;
266304867;Go Ahead Crispy Slices Cherry 5 Pack 195G;£1.69;£0.87/100g;Biscuits;Cereal Bars & Breakfast Biscuits;null;5.3;null;null;7.0;null;2.5;0.5;
283420185;Go Ahead Forest Fruit Yoghurt Breaks Bars 5 Pack 177G;£1.00;£0.56/100g;Biscuits;Cereal Bars & Breakfast Biscuits;null;5.1;null;null;10.1;null;2.2;0.4;
254982110;Go Ahead Crispy Orange Slices 5 Pack 195G;£1.69;£0.87/100g;Biscuits;Cereal Bars & Breakfast Biscuits;null;5.4;null;null;7.0;null;2.3;0.6;
264902295;Go Ahead Crispy Fruit Slices Raspberry 195G;£1.69;£0.87/100g;Biscuits;Cereal Bars & Breakfast Biscuits;null;5.3;null;null;7.0;null;2.5;0.6;
283419320;Go Ahead Cherry Yoghurt Breaks Cereal Bars 5 Pack 177G;£1.00;£0.56/100g;Biscuits;Cereal Bars & Breakfast Biscuits;null;5.2;null;null;10.2;null;2.2;0.4;
281865744;Mcvitie's Breakfast Sandwich Oat And Yoghurt 253G;£2.49;£0.98/100g;Biscuits;Cereal Bars & Breakfast Biscuits;null;9.0;null;null;21.3;null;2.9;0.8;
283273116;Kelloggs Special K Biscuit Moments Caramel 5X25;£1.99;£15.92/kg;Biscuits;Cereal Bars & Breakfast Biscuits;382 ;4.8;null;null;9;null;1.6;0.75;
263230002;Tesco Standard Cranberry Crispy Slices 218G;£1.19;£0.55/100g;Biscuits;Cereal Bars & Breakfast Biscuits;380;6.0;null;33.5;3.9;1.1;5.5;0.7;
283634807;Alpen Light Bar Cherry Bakewell 5 Pack;£1.69;£1.47/100g;Biscuits;Cereal Bars & Breakfast Biscuits;273kJ 1435kJ;1.0;null;null;1.1;null;4.3;null;
260402680;Kelloggs Special K Raspberry/Choc Bars 5 X 22G;£1.85;£1.69/100g;Biscuits;Cereal Bars & Breakfast Biscuits;411 ;4;null;null;10;null;4;0.63;
259364348;Kelloggs Nutrigrain Strawberry 12X37g;£3.79;£0.85/100g;Biscuits;Cereal Bars & Breakfast Biscuits;354 ;4;null;null;7.7;null;3.5;0.78;
267952731;Kelloggs Nutrigrain Apple 6 Pack;£1.00;£0.45/100g;Biscuits;Cereal Bars & Breakfast Biscuits;353 ;4;null;null;7.7;null;3.5;0.78;
272228804;Kelloggs Special K Milk Chocolate Chewy Delight 4X24g;£1.85;£1.93/100g;Biscuits;Cereal Bars & Breakfast Biscuits;398 ;5.2;null;null;13;null;17;0.43;
287614756;Alpen Light Jaffa Cake 5 Pack 95G;£1.69;£1.78/100g;Biscuits;Cereal Bars & Breakfast Biscuits;null;null;null;null;null;null;null;null;
283273237;Kelloggs Special K Biscuit Moments Raspberry 5X25g;£1.99;£15.92/kg;Biscuits;Cereal Bars & Breakfast Biscuits;383 ;4.6;null;null;8.7;null;1.8;0.88;
264351180;Alpen Strawberry With Yoghurt Cereal Bar 5X29g;£1.69;£1.17/100g;Biscuits;Cereal Bars & Breakfast Biscuits;1748kJ/ 507kJ/;4.8;75;null;10;null;2.7;0.18;
263229863;Tesco Standard Raisin Crispy Slices 218G;£1.19;£0.55/100g;Biscuits;Cereal Bars & Breakfast Biscuits;380;6.0;null;33.5;3.9;1.1;5.5;0.7;
254982202;Mcvitie Go Ahead Crispy F/Frt Slices 5X43.5G;£1.69;£0.78/100g;Biscuits;Cereal Bars & Breakfast Biscuits;null;5.3;null;null;7.0;null;2.5;0.6;
283634062;Alpen Light Chocolate And Fudge Bar 5X21g;£1.69;£1.47/100g;Biscuits;Cereal Bars & Breakfast Biscuits;1435kJ/ 273kJ/;4.9;55;null;6.5;null;22;0.17;
287614255;Alpen Caramel And Chocolate Bars 5 Pack 145G;£1.69;£1.17/100g;Biscuits;Cereal Bars & Breakfast Biscuits;1817kJ/ 527kJ/;6.0;69;null;14;null;3.0;0.18;
287614376;Alpen Double Chocolate Bars 5 Pack 145G;£1.69;£1.17/100g;Biscuits;Cereal Bars & Breakfast Biscuits;1823kJ/ 529kJ/;6.1;69;null;14;null;3.5;0.15;
284371972;Bounce Almond Protein Energy Ball 49G;null;null;Biscuits;Cereal Bars & Breakfast Biscuits;440;24;null;null;18;null;7.1;0.65;
283635305;Alpen Light Bars Double Chocolate 5 Pack 105G;£1.69;£1.61/100g;Biscuits;Cereal Bars & Breakfast Biscuits;1442kJ/ 274kJ/;5.0;56;null;6.2;null;22;0.21;
283636016;Alpen Light Summer Fruits Bars 5 Pack 105G;£1.69;£1.61/100g;Biscuits;Cereal Bars & Breakfast Biscuits;1406kJ/ 267kJ/;4.4;59;null;4.1;null;22;0.20;
264350440;Alpen Fruit And Nut With Chocolate Cereal Bar 5X29g;£1.69;£1.17/100g;Biscuits;Cereal Bars & Breakfast Biscuits;1814kJ/ 526kJ/;6.4;71;null;13;null;2.2;0.20;
267952414;Kelloggs Nutrigrain Strawberry 6 Pack;£1.00;£0.45/100g;Biscuits;Cereal Bars & Breakfast Biscuits;354 ;4;null;null;7.7;null;3.5;0.78;
252961432;Eat Natural Brazil Sultana Almond Bar 50G;£0.85;£1.70/100g;Biscuits;Cereal Bars & Breakfast Biscuits;462;11.2;null;null;22.8;null;4.5;0.02;
287089069;Eat Natural Protein Bar 45G;£0.85;£1.89/100g;Biscuits;Cereal Bars & Breakfast Biscuits;477;22.0;null;null;29.5;null;6.4;0.5;
252882312;Kelloggs Frosties Cereal Bars 6 X 25G;£1.69;£1.13/100g;Biscuits;Cereal Bars & Breakfast Biscuits;411 ;6.4;null;null;11;null;1.4;0.75;
277181850;Nakd Banana Crunch Bar 30G;£0.75;£2.50/100g;Biscuits;Cereal Bars & Breakfast Biscuits;1439kJ 432kJ;18.4;null;null;8.1;null;4.3;0.6;
252861844;Kelloggs Coco Pops Cereal Bar 6 X 20G;£1.69;£1.41/100g;Biscuits;Cereal Bars & Breakfast Biscuits;419 ;5.6;null;null;12;null;1.5;0.53;
254176022;Eat Natural Gold Cranberry And Macadamia Fruit Bar 45G;£0.85;£1.89/100g;Biscuits;Cereal Bars & Breakfast Biscuits;478;4.7;null;null;24.6;null;5.9;0.07;
285964459;Nakd Bakewell Tart 35G Bar;£0.75;£2.15/100g;Biscuits;Cereal Bars & Breakfast Biscuits;1637kJ 573kJ;7.5;null;null;17.0;null;4.9;0.1;
287378977;Geobar Trail Cocoa Crunch 45G;£0.99;£2.20/100g;Biscuits;Cereal Bars & Breakfast Biscuits;1424kJ 641kJ;16;null;null;2;null;4;1.6;
287489080;Kelloggs Crunchy Nut Peanut Bar 4X35g;£2.49;£1.78/100g;Biscuits;Cereal Bars & Breakfast Biscuits;485;14;null;null;25;null;5;0.88;
252961461;Eat Natural Almond And Apricot Yoghurt Coated Bar 50G;£0.85;£1.70/100g;Biscuits;Cereal Bars & Breakfast Biscuits;462;7.0;null;null;25.6;null;5.0;0.08;
250202649;Kelloggs Rice Krispie Squares 4 X 28G;£1.69;£1.51/100g;Biscuits;Cereal Bars & Breakfast Biscuits;424 ;3;null;null;12;null;0.9;0.75;
276929343;Nakd Cafe Mocha Bar 35G;£0.75;£2.15/100g;Biscuits;Cereal Bars & Breakfast Biscuits;1549kJ 542kJ;8.1;null;null;13.4;null;7.1;0.1;
284372032;Bounce Spirulina And Energy Ball 42G;£2.00;£4.77/100g;Biscuits;Cereal Bars & Breakfast Biscuits;180;5;null;null;9;null;3;null;
272614382;Mcvities Medley Double Chocolate 6X30g;£1.60;£0.89/100g;Biscuits;Cereal Bars & Breakfast Biscuits;null;5.7;null;null;14.1;null;3.4;0.7;
279569164;Eat Natural Cashew And Blueberry Bar 45G;£0.85;£1.89/100g;Biscuits;Cereal Bars & Breakfast Biscuits;486;6.4;null;null;25.4;null;3.6;0.02;
278464105;Nakd Apple Crunch Bar 30G;£0.75;£2.50/100g;Biscuits;Cereal Bars & Breakfast Biscuits;1489kJ 447kJ;18.4;null;null;8.0;null;5.0;0.6;
269068755;Nakd Berry Delight 35G;£0.75;£2.15/100g;Biscuits;Cereal Bars & Breakfast Biscuits;1616kJ 566kJ;8.6;null;null;14.8;null;6.4;0.1;
250202816;Kelloggs Chocolate Caramel Krispie Square 4 X 36G;£1.69;£1.18/100g;Biscuits;Cereal Bars & Breakfast Biscuits;1784 kJ 642 kJ;4.5;null;null;12;null;2;0.75;
252040802;Kellogg's Rice Krispies Cereal Milk Bars 6X20g;£1.69;£1.41/100g;Biscuits;Cereal Bars & Breakfast Biscuits;411 ;6;null;null;11;null;0.3;0.63;
284371799;Bounce Cacao Mint Pro Energy Ball 42G;£2.00;£4.77/100g;Biscuits;Cereal Bars & Breakfast Biscuits;422;23;null;null;17;null;6.4;0.82;
266255763;Nakd Cashew Gluten Free Cookie Bar 35G;£0.75;£2.15/100g;Biscuits;Cereal Bars & Breakfast Biscuits;1725kJ 604kJ;10.0;null;null;23.4;null;4.7;0.1;
283054785;Tesco 4 Popcorn Bar Cranberry And Cashew Nut 4X34g;£1.19;£0.88/100g;Biscuits;Cereal Bars & Breakfast Biscuits;392;4.8;null;41.4;10.4;1.4;3.3;0.1;
283355423;9Bar Cocoa Raspberry 4X40g Pack;£1.99;£1.25/100g;Biscuits;Cereal Bars & Breakfast Biscuits;null;15.0;null;null;38.1;null;6.6;0.25;
283023367;Tesco Vanilla Kube 4 X 28G;£1.19;£1.07/100g;Biscuits;Cereal Bars & Breakfast Biscuits;null;null;null;null;null;null;null;null;
283355319;9Bar Peanut 4X40g Pack;£1.99;£1.25/100g;Biscuits;Cereal Bars & Breakfast Biscuits;null;8.1;null;null;17.2;null;2.5;null;
283023119;Tesco Chocolate Kubes 4 X 36G;£1.19;£0.83/100g;Biscuits;Cereal Bars & Breakfast Biscuits;422;4.5;null;33.5;11.8;6.8;1.9;0.4;
275153870;Tesco Everyday Value Chocolate And Coconut Cereal Bar 125G;£0.74;£0.59/100g;Biscuits;Cereal Bars & Breakfast Biscuits;433;6.2;null;25.0;15.5;9.2;5.2;0.3;
275153944;Tesco Everyday Value Hazelnut &Rsncereal Bar 6 Pack 125G;£0.74;£0.10/100g;Biscuits;Cereal Bars & Breakfast Biscuits;422;7.9;null;20.2;16.3;3.2;4.9;0.2;
283355360;9Bar Cocoa Hazelnut 4X40g Pack;£1.99;£1.25/100g;Biscuits;Cereal Bars & Breakfast Biscuits;null;14.6;null;null;40.4;null;5.8;0.25;
252851390;Kelloggs Nutrigrain Strawberry 37G;£0.60;£1.63/100g;Biscuits;Cereal Bars & Breakfast Biscuits;354 ;4;null;null;7.7;null;3.5;0.78;
277181781;Nakd Strawberry Crunch Bar 30G;£0.75;£2.50/100g;Biscuits;Cereal Bars & Breakfast Biscuits;1498kJ 449kJ;18.4;null;null;9.1;null;4.5;0.6;
277182843;Trek Original Oat Flapjack 50G;£0.90;£1.80/100g;Biscuits;Cereal Bars & Breakfast Biscuits;1903.0kJ 951.5kJ;18.4;null;null;22.0;null;3.9;0.9;
284408882;Belvita Breakfast Strawberry Duo Crunch 50.6G;£0.62;£1.10/100g;Biscuits;Cereal Bars & Breakfast Biscuits;445 ;6.9;null;null;15.0;null;4.3;0.55;
266255423;Nakd Cocoa Orange Gluten Free Bar 35G;£0.75;£2.15/100g;Biscuits;Cereal Bars & Breakfast Biscuits;1736kJ 607kJ;11.0;null;null;20.0;null;6.4;0.1;
284215876;Trek Flapjacks Original Oat 50G;£0.90;£1.80/100g;Biscuits;Cereal Bars & Breakfast Biscuits;1819kJ 909.9kJ;20.4;null;null;19.6;null;4.5;1.0;
262206074;Kelloggs Crunchy Nut Bar Peanut And Chocolate 35G;£0.50;£1.43/100g;Biscuits;Cereal Bars & Breakfast Biscuits;485 ;14;null;null;25;null;5;0.88;
268895065;Nakd Ginger Bread 35G;£0.75;£2.15/100g;Biscuits;Cereal Bars & Breakfast Biscuits;1878kJ 657kJ;10.0;null;null;30.8;null;9.4;0.1;
278339174;Nakd Cocoa Delight Bars 4 Pack;£2.75;£0.69/each;Biscuits;Cereal Bars & Breakfast Biscuits;1621kJ 567kJ;9.4;null;null;15.1;null;6.8;0.1;
275435306;Nakd Rhubarb And Custard 35G;£0.75;£2.15/100g;Biscuits;Cereal Bars & Breakfast Biscuits;1525kJ 534kJ;6.6;null;null;12.1;null;5.0;0.1;
284215847;Trek Flapjacks Banana Bread 50G;£0.90;£1.80/100g;Biscuits;Cereal Bars & Breakfast Biscuits;1743.0kJ 871.5kJ;20.3;null;null;18.9;null;4.0;1.0;
252109924;Kelloggs Special K Cereal Bar 23G;£0.50;£2.18/100g;Biscuits;Cereal Bars & Breakfast Biscuits;383;8;null;null;5;null;2;0.65;
283356883;Nakd Cocoa Crunch 4X30g;£2.49;£2.08/100g;Biscuits;Cereal Bars & Breakfast Biscuits;1469kJ 440kJ;18.4;47.2;null;8.8;null;6.3;0.6;
283357012;Nakd Strawberry Crunch 4X30g;£2.49;£2.08/100g;Biscuits;Cereal Bars & Breakfast Biscuits;1498kJ 449kJ;18.4;49.2;null;9.1;null;4.5;0.6;
251487540;Kelloggs Rice Krispies Squares 28G;£0.60;£2.15/100g;Biscuits;Cereal Bars & Breakfast Biscuits;424 ;3;null;null;12;null;0.9;0.75;
287508243;Nature Valley Peanuts Pumpkin Sunflower 150G;null;null;Biscuits;Cereal Bars & Breakfast Biscuits;1946 kJ 584 kJ 7%;27.4;null;null;23.3;null;6.0;0.77;
254894744;Tracker Cereal Bar Chocolate Chip 37G (Pfs);£0.60;£1.63/100g;Biscuits;Cereal Bars & Breakfast Biscuits;2022kJ 748kJ (9%);6.7;null;null;23.7;null;null;0.43;
283668018;Quaker Oats So Simple Maple And Pecan Crunchy Bars150g;null;null;Biscuits;Cereal Bars & Breakfast Biscuits;2004 kJ/ 601 kJ/;8.7;null;null;17.5;null;7.1;0.22;
286767806;Tesco Mini Chocolate Breakfast Biscuit 180G;£1.19;£0.66/100g;Biscuits;Cereal Bars & Breakfast Biscuits;473;8.0;null;29.0;20.0;9.5;6.5;0.8;
283357559;Nakd Banana Crunch 4X30g;£2.49;£2.08/100g;Biscuits;Cereal Bars & Breakfast Biscuits;1439kJ 432kJ;18.4;47.9;null;8.1;null;4.3;0.6;
283971540;Nature Valley Oats And Choco Bites 126G;£1.99;£1.58/100g;Biscuits;Cereal Bars & Breakfast Biscuits;1953kJ 605kJ -;7.7;null;null;19.4;null;6.4;0.60;
278942300;Nakd Banana Bread 30G;£0.60;£2.00/100g;Biscuits;Cereal Bars & Breakfast Biscuits;1315kJ 395kJ;4.9;null;null;7.2;null;5.2;0.1;
283357628;Nakd Apple Crunch 4X30g;£2.49;£2.08/100g;Biscuits;Cereal Bars & Breakfast Biscuits;1489kJ 447kJ;18.4;50.7;null;8.0;null;5.0;0.6;
285355063;Tesco Berry And Almond Bakewell Cereal Bars 135G;£1.19;£0.88/100g;Biscuits;Cereal Bars & Breakfast Biscuits;427;5.3;null;33.3;14.5;6.8;3.7;0.1;
285355149;Tesco Apple Crumble Cereal Bars 135G;£1.19;£0.88/100g;Biscuits;Cereal Bars & Breakfast Biscuits;418;4.6;null;30.9;12.8;6.7;2.6;0.1;
283971033;Nature Valley Oats And Honey Bites 126G;£1.99;£1.58/100g;Biscuits;Cereal Bars & Breakfast Biscuits;1916kJ 594kJ -;8.1;null;null;17.2;null;5.6;0.80;
272122065;Belvita Forest Fruits Biscuits 300G;£2.59;£0.86/100g;Biscuits;Cereal Bars & Breakfast Biscuits;1895 kJ 237 kJ -;7.4;null;null;15;null;4;0.33;
287507889;Nature Valley Protein Peanut And Chocolate 150G;£2.00;£13.34/kg;Biscuits;Cereal Bars & Breakfast Biscuits;1950 kJ 585 kJ 7%;28.3;null;null;22.9;null;5.7;0.55;
283668364;Quaker Oats So Simple Crunchy Bars Golden Syrup150g;null;null;Biscuits;Cereal Bars & Breakfast Biscuits;1970 kJ/ 591 kJ/;8.4;null;null;16.2;null;6.9;0.36;
283667647;Quaker Oats So Simple Crunchy Bars Ginger 5 Pack 150G;£1.00;£0.67/100g;Biscuits;Cereal Bars & Breakfast Biscuits;1974 kJ/ 592 kJ/;8.6;null;null;16.1;null;7.2;0.39;
285355028;T.Sticky Toffee Cereal Bars 135G;£1.19;£0.88/100g;Biscuits;Cereal Bars & Breakfast Biscuits;429;4.6;null;34.1;13.6;7.5;2.6;0.1;
267953350;Kelloggs Nutrigrain Blueberry 6 Pack;£1.00;£0.45/100g;Biscuits;Cereal Bars & Breakfast Biscuits;353 ;4;null;null;7.7;null;3.5;0.78;
262103796;Kelloggs Elevenses Raisin 6 X 45G;£2.29;£0.85/100g;Biscuits;Cereal Bars & Breakfast Biscuits;372 ;4.5;null;null;9;null;2.5;0.45;
282664669;Nakd Choco Crunch 30G;null;null;Biscuits;Cereal Bars & Breakfast Biscuits;1469kJ 440kJ;18.4;null;null;8.8;null;6.3;0.6;
267953027;Kelloggs Nutrigrain Blkberry And Apple 6X37g;£1.00;£0.45/100g;Biscuits;Cereal Bars & Breakfast Biscuits;354 ;4;null;null;7.7;null;3.5;0.88;
262103823;Kelloggs Elevenses Ginger 6 X 45G;£2.29;£0.85/100g;Biscuits;Cereal Bars & Breakfast Biscuits;377 ;4.5;null;null;10;null;2.5;0.43;
272417984;Tesco Breakfast Biscuits Milk And Cereal 6 Pack 300G;£1.19;£0.40/100g;Biscuits;Cereal Bars & Breakfast Biscuits;451;7.5;null;18.5;16.0;6.7;4.5;1.3;
284184341;Foxs Rocky Big Eat Chocolate 4 Pack;£1.49;£0.37/each;Biscuits;Lunchbox Biscuits;2123kJ 913kJ 8400kJ -;5.7;null;null;26;null;2.3;0.83;
287650257;Fox's Rocky Caramel 10 Bar 210G;£1.00;£0.48/100g;Biscuits;Lunchbox Biscuits;2044kJ 429kJ 8400kJ -;5.1;null;null;23;null;1.6;0.67;
272619964;Aero Mint Chocolate Biscuit 7 Pack 125.3G;£1.00;£0.80/100g;Biscuits;Lunchbox Biscuits;2231kJ 414kJ 8400kJ -;6.0;null;null;29.3;null;1.7;0.30;
283629132;Kit Kat 2 Finger Milk Chocolate Biscuit 16Pk 332.8G;£2.69;£0.81/100g;Biscuits;Lunchbox Biscuits;2129 kJ 447 kJ 8400 kJ -;5.8;null;null;24.5;null;2.0;0.20;
277587802;Bahlsen Pick Up! Biscuit 5 Pack 140G;£1.69;£1.21/100g;Biscuits;Lunchbox Biscuits;511;6.9;null;null;26;null;null;0.49;
272707140;Kit Kat 2 Finger Dark Chocolate Biscuit 8 Pack 166.4G;£1.00;£0.60/100g;Biscuits;Lunchbox Biscuits;2100 kJ 441 kJ 8400 kJ 5%;5.5;null;null;25.0;null;5.7;0.07;
284184404;Foxs Rocky Big Eat Caramel 4 Pack;£1.49;£0.37/each;Biscuits;Lunchbox Biscuits;2023kJ 870kJ 8400kJ -;4.8;null;null;23;null;1.4;0.64;
268318744;Aero Milk Chocolate Biscuit 7 Pack 125.3G;£1.00;£0.80/100g;Biscuits;Lunchbox Biscuits;2232kJ 416kJ 8400kJ -;6.4;null;null;29.6;null;2.1;0.23;
266308903;Burtons Wagon Wheels Original Biscuit 6 Pack 220G;£0.99;£0.45/100g;Biscuits;Lunchbox Biscuits;null;null;null;null;null;null;null;null;
272719650;Blue Riband Biscuit 8 Pack 154.4G;£1.69;£1.10/100g;Biscuits;Lunchbox Biscuits;2152 kJ 415 kJ 8400 kJ 5%;5.5;null;null;24.6;null;2.0;0.13;
263826146;Fox's Classic Biscuit 7 Pack 179G;£1.00;£0.49/100g;Biscuits;Lunchbox Biscuits;null;5.7;null;null;27.2;null;2.2;null;
272706740;Blue Riband Biscuit 16 Pack 308.8G;£2.00;£0.65/100g;Biscuits;Lunchbox Biscuits;2152 kJ 415 kJ 8400 kJ -;5.5;null;null;24.6;null;2.0;0.13;
264352426;Drifter Biscuit 8 Pack 157.6G;£1.00;£0.64/100g;Biscuits;Lunchbox Biscuits;2023kJ 415kJ 8400kJ -;4.0;null;null;20.5;null;1.2;0.28;
255102368;Cadbury Snack Shortcake Biscuit 6 Pack 120G;£1.39;£1.16/100g;Biscuits;Lunchbox Biscuits;null;7.3;null;null;27.0;null;1.8;null;
257595546;Burtons Wagon Wheels Jammie Biscuit 6 Pack 229G;£0.99;£0.17/each;Biscuits;Lunchbox Biscuits;null;null;66.7;null;null;null;null;null;
278452125;Cadburys Time Out 8 Pack;£1.59;£0.20/each;Biscuits;Lunchbox Biscuits;2225 kJ 356 kJ 8400 kJ/;7.1;null;null;30.0;null;1.1;0.20;
287650015;Fox's Rocky Chocolate 10 Bar 210G;£1.00;£0.48/100g;Biscuits;Lunchbox Biscuits;2123kJ 446kJ 8400kJ -;5.7;null;null;26;null;2.3;0.83;
263908169;Fox's Triple Biscuit 10 Pack 178G;£1.00;£0.56/100g;Biscuits;Lunchbox Biscuits;2162kJ 384kJ -;5.1;null;null;26;null;3.1;0.77;
276343937;Breakaway Orange Chocolate Biscuit 8 Pack 153G;£1.69;£1.11/100g;Biscuits;Lunchbox Biscuits;2133kJ 414kJ 8400kJ -;6.1;null;null;25.1;null;3.0;0.28;
273759871;Kit Kat 2 Finger Cookies And Cream 8 Pack 166.4G;£1.00;£0.60/100g;Biscuits;Lunchbox Biscuits;2137 kJ 449 kJ 8400 kJ -;6.2;null;null;25.0;null;1.5;0.25;
287173827;Nestle Blue Riband Coffee Cream 8Pk 154.4G;£1.69;£1.10/100g;Biscuits;Lunchbox Biscuits;2152kJ 415kJ 8400kJ -;5.5;null;null;24.6;null;2.0;0.13;
264443152;Tesco Everyday Value Milk Chocolate Digestive Biscuit Bars 18 Pack;£1.20;£0.07/each;Biscuits;Lunchbox Biscuits;504;6.5;null;32.8;24.1;12.8;2.7;0.8;
267460731;Tesco Milk Chocolate Crunch Biscuit 9 Pack;£0.95;£0.11/each;Biscuits;Lunchbox Biscuits;507;5.7;null;42.1;25.5;14.8;2.3;0.8;
260877284;Mcvitie's Club Mint Chocolate Biscuit 8 Pack 176G;£1.39;£0.79/100g;Biscuits;Lunchbox Biscuits;null;5.7;null;null;26.4;null;2.3;0.7;
274089210;Tesco Orange Chocolate Biscuit 9 Pack 230G;£0.95;£0.05/100g;Biscuits;Lunchbox Biscuits;519;4.9;null;37.8;27.3;15.6;2.5;0.4;
287173885;Nestle Breakaway Chocolate Shortcake 8 Pack 152.8G;£1.69;£1.11/100g;Biscuits;Lunchbox Biscuits;2138kJ 413kJ 8400kJ -;5.6;null;null;24.2;null;1.5;0.30;
272708283;Kit Kat 2 Finger Milk Chocolate Biscuit 21 Pack 436.8G;£2.00;£0.46/100g;Biscuits;Lunchbox Biscuits;2129kJ 447kJ 8400kJ -;5.8;null;null;24.5;null;2.0;0.20;
272707399;Kit Kat 2 Finger Mint Chocolate Biscuit 8 Pack 166.4G;£1.00;£0.60/100g;Biscuits;Lunchbox Biscuits;2129 kJ 447 kJ 8400 kJ -;5.8;null;null;24.5;null;2.0;0.20;
260876688;Mcvities Club Orange Chocolate Biscuit 8 Pack 181G;£1.39;£0.77/100g;Biscuits;Lunchbox Biscuits;null;5.7;null;null;26.6;null;2.3;0.75;
285117697;Mcvities Penguin Milk Chocolate Biscuit 9 Pack 182.7G;£1.39;£0.37/100g;Biscuits;Lunchbox Biscuits;null;5.1;null;null;27.1;null;2.4;0.23;
275216658;Lyons Viscount Mint Chocolate Biscuit 7 Pack 98G;£0.69;£0.70/100g;Biscuits;Lunchbox Biscuits;null;null;null;null;null;null;null;null;
272707514;Kit Kat 2 Finger Orange Chocolate Biscuit 8 Pack 166.4G;£1.00;£0.60/100g;Biscuits;Lunchbox Biscuits;2129 kJ 447 kJ 8400 kJ -;5.8;null;null;24.5;null;2.0;0.20;
265352655;Mcvities Penguin Orange Chocolate Biscuit 9 Pack 187G;£1.39;£0.08/100g;Biscuits;Lunchbox Biscuits;null;null;null;null;null;null;null;null;
254353588;Mcvities Penguin Milk Chocolate Biscuit 27 Pack 560G;£3.99;£0.00/g;Biscuits;Lunchbox Biscuits;null;5.1;null;null;27.1;null;2.4;0.23;
256639238;Tesco Chewy Caramel Wafer Biscuit 8Pk 224G;£1.29;£0.58/100g;Biscuits;Lunchbox Biscuits;472;5.0;null;49.8;20.0;12.5;2.6;0.3;
272719581;Nestle Breakaway 16 Pack;£2.00;£0.13/each;Biscuits;Lunchbox Biscuits;2140kJ 413kJ 8400kJ -;6.1;null;null;25.2;null;3.0;0.28;
267469347;Tesco Caramel Crunch 9 Pack 189G;£0.95;£0.50/100g;Biscuits;Lunchbox Biscuits;495;5.3;null;45.3;23.4;13.8;1.6;0.7;
272708450;Nestle Breakaway Milk Chocolate Biscuit 8 Pack 152.8G;£1.69;£1.11/100g;Biscuits;Lunchbox Biscuits;2140 kJ 413 kJ 8400 kJ -;6.1;null;null;25.2;null;3.0;0.28;
272707290;Kit Kat 2 Finger Milk Chocolate Biscuit 8 Pack 166.4G;£1.00;£0.60/100g;Biscuits;Lunchbox Biscuits;2129 kJ 447 kJ 8400 kJ -;5.8;null;null;24.5;null;2.0;0.20;
263001809;Tesco Everyday Value Caramel Wafer Biscuit 5 Pack 89G;£0.40;£0.45/100g;Biscuits;Lunchbox Biscuits;489;6.2;null;44.7;21.6;13.2;2.0;0.3;
255762801;Tesco Snappy Milk Chocolate Finger Biscuit 8Pk 172G;£0.95;£0.55/100g;Biscuits;Lunchbox Biscuits;528;6.5;null;46.2;28.3;17.8;2.0;0.2;
267085795;Fox's Mini Moos Chocolate Chip 150G 6 Pack;£1.49;£0.99/100g;Biscuits;Lunchbox Biscuits;null;6.7;null;null;22.0;null;2.9;null;
267388379;Foxs Mini Party Rings 6 Pack;£1.49;£0.99/100g;Biscuits;Lunchbox Biscuits;1879kJ 470kJ 8400kJ -;5.0;null;null;12;null;1.9;0.54;
263538128;Yorkie Biscuit 7 Pack 171.5G;£1.00;£0.59/100g;Biscuits;Lunchbox Biscuits;2115kJ 527kJ 8400kJ -;6.1;null;null;24.8;null;3.2;0.13;
255762219;Maryland Mini Chocolate Chip Cookie 6 Pack;£1.00;£0.67/100g;Biscuits;Lunchbox Biscuits;null;null;null;null;null;null;null;null;
276371667;Mcvitie's Mini Gingerbread Men 6X25g;£1.69;£1.13/100g;Biscuits;Lunchbox Biscuits;null;5.7;null;null;16.9;null;2.2;0.9;
254923832;Tunnocks Milk Chocolate Teacakes 6X24g;£0.81;£0.56/100g;Biscuits;Lunchbox Biscuits;1840 kJ 442 kJ 8400 kJ -;4.9;61.9;null;19.2;null;2.4;0.70;
262810696;Mcvities Iced Gems 6 X 25G;£1.69;£1.13/100g;Biscuits;Lunchbox Biscuits;null;5.0;null;null;3.1;null;2.0;0.7;
255526609;Tunnocks Milk Chocolate Caramel Wafer 8X248g;£1.34;£0.54/100g;Biscuits;Lunchbox Biscuits;1873 kJ 562 kJ 8400 kJ -;3.6;null;34.7;17.4;12.7;2.5;0.67;
264503272;Twix Biscuit 9 Pack 207G;£1.00;£0.11/each;Biscuits;Lunchbox Biscuits;2072kJ 477kJ (6%);4.5;null;null;23.9;null;null;0.44;
287508306;Kallo Kids Mini Milk Chocolate Rice Cakes 84G;£1.99;£2.37/100g;Biscuits;Lunchbox Biscuits;496;6.6;null;null;23.8;null;null;0.1;
254802532;Cadburys Animals Mini Snack Packs 6 X 22G;null;null;Biscuits;Lunchbox Biscuits;null;7.3;null;null;19.8;null;2.3;null;
255377558;Jammie Dodgers Mini Snack Pack 7Pk;£1.00;£0.71/100g;Biscuits;Lunchbox Biscuits;null;null;null;null;null;null;null;null;
276776966;Maryland Big And Chunky Milk Dark Chocolate Packs 150G;£1.39;£0.93/100g;Biscuits;Lunchbox Biscuits;null;null;null;null;null;null;null;null;
259410890;Mcvities Mini Jaffa Cakes Portion Pack;£1.69;£0.05/each;Biscuits;Lunchbox Biscuits;null;4.3;null;null;10.3;null;2.1;0.2;
284552764;Berry Dodgers Mini Snack Packs 6 Pack;£1.29;£0.92/100g;Biscuits;Lunchbox Biscuits;null;null;null;null;null;null;null;null;
255379351;Cadbury Mini Fingers Snack Pack 5X22g;£1.29;£1.18/100g;Biscuits;Lunchbox Biscuits;null;6.8;null;null;27.1;null;1.7;null;
277532580;Bn Mini Chocolate 210G;£1.69;£0.81/100g;Biscuits;Lunchbox Biscuits;null;6.2;null;null;21.6;null;3.2;0.7;
258693843;Toffee Crisp Biscuit 7 Pack 130.9;£1.00;£0.76/100g;Biscuits;Lunchbox Biscuits;2171kJ 412kJ 8400kJ -;3.9;null;null;27.8;null;1.4;0.26;
257805985;Twix Biscuit 16Pk 368G;£2.89;£0.18/each;Biscuits;Lunchbox Biscuits;2072kJ 477kJ (6%);4.5;null;null;23.9;null;null;0.44;
277064626;Tesco Mini Malted Milk 5 Pack 125G;£0.89;£0.18/each;Biscuits;Lunchbox Biscuits;478;6.8;null;19.2;20.5;9.5;2.7;0.9;
267079739;Mini Oreo Snack Packs 6 Pack 150G;£1.69;£1.13/100g;Biscuits;Lunchbox Biscuits;2010 kJ 500 kJ -;5.0;null;null;20;null;2.5;0.90;
260642602;Mcvities Mini Milk Chocolate Digestives 6X25g;£1.69;£1.13/100g;Biscuits;Lunchbox Biscuits;null;6.8;null;null;23.2;null;3.4;0.8;
273687402;Oreo Chocolate Creme Snack Pack 220G;null;null;Biscuits;Lunchbox Biscuits;475;5.4;null;null;19.5;null;2.8;0.90;
286457119;Kit Kat 2 Finger Toffee Treat 8 Pack 166.4G;£1.00;£0.60/100g;Biscuits;Lunchbox Biscuits;2151kJ 452kJ 8400kJ -;6.4;null;null;25.4;null;1.5;0.27;
263845830;Maryland Mini Double Chocolate Cookies 150G 6 Pack;£1.29;£0.86/100g;Biscuits;Lunchbox Biscuits;null;null;null;null;null;null;null;null;
273687569;Oreo Vanilla Snack Pack 220G;£1.00;£0.46/100g;Biscuits;Lunchbox Biscuits;480;5.0;null;null;20;null;2.5;0.90;
281840917;Jacobs Chive Crisp Bread 190G;£1.00;£0.53/100g;Biscuits;Savoury Biscuits;null;9.0;null;null;14.3;null;4.2;1.1;
281841254;Jacobs Mixed Grain Crisp Bread 190G;£1.00;£0.53/100g;Biscuits;Savoury Biscuits;null;9.0;null;null;14.0;null;4.2;1.1;
261212413;Ryvita Fruit Crunch Crisp Bread 200G;£1.59;£0.80/100g;Biscuits;Savoury Biscuits;358;8.3;null;null;5.4;null;14.9;0.03;
266319153;Ryvita Cracked Black Pepper Crisp Bread 200G;£1.59;£0.80/100g;Biscuits;Savoury Biscuits;344;8.8;null;null;1.6;null;14.5;0.56;
254592139;Pogen Wholegrain Krisprolls 225G;£1.19;£0.53/100g;Biscuits;Savoury Biscuits;1650 kJ 215 kJ 8400 kJ -;12;null;null;6,5;null;8,5;1,5;
251107559;Ryvita Multigrain Crisp Bread 250G;£1.39;£0.56/100g;Biscuits;Savoury Biscuits;370;11.2;null;null;7.2;null;18.3;0.61;
255269055;Ryvita Pumpkin And Oats Crisp Bread 200G;£1.59;£0.80/100g;Biscuits;Savoury Biscuits;370;11.2;null;null;7.2;null;18.3;0.61;
265424640;Ryvita Minis Sweet Chilli 6 Pack 144G;£1.89;£1.32/100g;Biscuits;Savoury Biscuits;1585kJ 380kJ;8.5;null;null;7.4;null;10.3;null;
256001296;Ryvita Original Crisp Bread 250G;£0.99;£0.40/100g;Biscuits;Savoury Biscuits;350;8.5;null;null;1.7;null;16.5;0.50;
256001031;Ryvita Dark Rye Crisp Bread 250G;£0.99;£0.40/100g;Biscuits;Savoury Biscuits;342;8.5;null;null;1.2;null;15.2;0.74;
260391973;Dr Karg Organic Cheese And Pumpkin Seed Crisp Bread 200G;£2.09;£1.05/100g;Biscuits;Savoury Biscuits;null;null;null;null;null;null;null;null;
265424300;Ryvita Minis Cream Cheese And Chive 6 Pack 144G;£1.89;£1.32/100g;Biscuits;Savoury Biscuits;1639kJ 394kJ -;8.9;null;null;9.9;null;14.9;1.34;
254926420;Ryvita Sesame Crisp Bread 250G;£1.39;£0.56/100g;Biscuits;Savoury Biscuits;373;10.5;null;null;7.0;null;17.5;0.86;
281841409;Jacobs Mixed Seed Crisp Bread 190G;£1.00;£0.53/100g;Biscuits;Savoury Biscuits;null;9.9;null;null;16.8;null;3.8;1.0;
255230628;Ryvita Sunflower And Oat Crisp Bread 200G;£1.59;£0.80/100g;Biscuits;Savoury Biscuits;384;9.7;null;null;9.0;null;15.3;0.76;
266319546;Ryvita Minis Salt And Vinegar 6 Pack 144G;£1.89;£1.32/100g;Biscuits;Savoury Biscuits;1583kJ 380kJ;8.2;null;null;7.8;null;11.4;null;
254926368;Ryvita Crackerbread 200G;£1.19;£0.60/100g;Biscuits;Savoury Biscuits;378;10.8;null;null;2.8;null;4.8;1.05;
254926506;Finn Crisp Original Slims 200G;£1.19;£0.60/100g;Biscuits;Savoury Biscuits;1429 kJ 91 kJ;10;null;null;2,6;null;null;1,6;
272615588;Ryvita Hint Of Chilli Crisp Bread 200G;£1.59;£0.80/100g;Biscuits;Savoury Biscuits;349;8.6;null;null;1.9;null;16.8;0.57;
272615686;Ryvita Mediterranean Herb Crisp Bread 200G;£1.59;£0.80/100g;Biscuits;Savoury Biscuits;401;9.5;null;null;1.6;null;11.8;0.98;
266319343;Ryvita Sweet Onion Crisp Bread 200G;£1.59;£0.80/100g;Biscuits;Savoury Biscuits;356;9.0;null;null;1.4;null;12.6;0.69;
276173055;Tesco Dutch Crisp Bakes 125G;£0.99;£0.79/100g;Biscuits;Savoury Biscuits;397;13.6;null;9.2;5.3;1.9;4.2;0.7;
252476845;Kallo Organic Milk Chocolate Thin Rice Cakes 90G;£1.69;£1.88/100g;Biscuits;Savoury Biscuits;495;7.8;null;null;23.0;null;3.5;trace;
255922273;Kallo Low Fat Rice Cakes 130G;£1.00;£0.39/100g;Biscuits;Savoury Biscuits;386;8.2;null;null;2.8;null;3.1;0.25;
251085128;Kallo Thick Organic Rice Cakes 130G;£1.00;£0.77/100g;Biscuits;Savoury Biscuits;386;8.2;null;null;2.8;null;3.1;0.25;
252476868;Kallo Organic Dark Chocolate Ricecakes 90G;£1.69;£1.88/100g;Biscuits;Savoury Biscuits;488;6.8;null;null;24.1;null;7.4;trace;
285650306;Nairn's Astro Bites 5 Pack 115G;£1.65;£1.44/100g;Biscuits;Savoury Biscuits;434kJ 1888kJ;1.9;null;null;3.9;null;1.4;0.21;
272600185;Kallo Corn Cakes 130G;£1.00;£0.77/100g;Biscuits;Savoury Biscuits;379;9.5;null;null;1.9;null;7.2;0.3;
266291362;Tesco French Toast 200G;£1.29;£0.65/100g;Biscuits;Savoury Biscuits;440;7.8;null;18.0;11.7;5.0;2.8;0.4;
281903055;Nairn's Oatcakes Limited Edition Cracked Black Pepper 160G;£1.09;£0.68/100g;Biscuits;Savoury Biscuits;194kJ 1942kJ -;1.1;null;null;1.9;null;0.8;0.13;
283964704;Kallo Milk Chocolate & Carmel Thin Rice Cake 84G;£1.69;£2.02/100g;Biscuits;Savoury Biscuits;485;6.2;null;null;21.8;null;1.9;0.1;
283964802;Kallo Yoghurt And Muesli Thin Rice Cake 80G;£1.69;£2.12/100g;Biscuits;Savoury Biscuits;491;7.9;null;null;23.0;null;2.7;0.1;
287756432;Kallo Ft Sesame Rice Cake 130G;£1.49;£1.15/100g;Biscuits;Savoury Biscuits;369;8.1;null;null;5.3;null;3.3;trace;
287756582;Kallo Buckwheat Rice Cake 130G;£1.49;£1.15/100g;Biscuits;Savoury Biscuits;377;8.7;null;null;2.9;null;4.3;trace;
271768961;Nairns Fine Oatcakes 250G;£0.99;£0.40/100g;Biscuits;Savoury Biscuits;155kJ 1993kJ -;0.9;null;null;1.6;null;0.7;0.13;
285865605;Vdm Multigrain Melba Toast 200G;£1.29;£0.65/100g;Biscuits;Savoury Biscuits;1649 kJ 330 kJ;null;null;null;null;null;9,0;2,1;
250283448;Nairns Organic Rough Oatcakes 250G;£0.99;£0.40/100g;Biscuits;Savoury Biscuits;192kJ 1847kJ -;1.0;null;null;1.7;null;0.8;0.17;
287041391;Van Der Meulen Melba Thin Original 200G;£1.29;£0.65/100g;Biscuits;Savoury Biscuits;1628 kJ 326 kJ;null;null;null;null;null;3,9;2,1;
263232582;Ryvita Whole- Grain Cracker- Bread 125G;£1.19;£0.95/100g;Biscuits;Savoury Biscuits;379;11.3;null;null;3.9;null;7.3;1.13;
259469618;Nairns Cheese Oatcake 200G;£1.39;£0.70/100g;Biscuits;Savoury Biscuits;164kJ 1975kJ -;1.1;null;null;2.2;null;0.6;0.23;
272434652;Nairns Rough Oatcakes 291G;£0.99;£0.34/100g;Biscuits;Savoury Biscuits;188kJ 1810kJ -;1.1;null;null;1.8;null;0.8;0.16;
250137778;Real Foods Original Corn Thins 150G;£1.19;£0.79/100g;Biscuits;Savoury Biscuits;192 kJ (46 Cal) 1599 kJ (382 Cal);1.2;null;null;0.4;null;null;null;
264786241;Quaker Jumbo Snack-A-Jacks Salt And Vinegar 126G;£1.79;£1.43/100g;Biscuits;Savoury Biscuits;171kJ 1631kJ;0.8;null;null;0.6(1%*);null;0.2;0.37(6%*);
283250178;Tesco Rice Cakes Barbecue Flavour 145G;£1.29;£0.89/100g;Biscuits;Savoury Biscuits;393;7.0;null;1.5;5.9;0.8;1.9;1.4;
283251079;Tesco Rice Cakes S&V Flavoured 145G;£1.29;£0.89/100g;Biscuits;Savoury Biscuits;392;6.3;null;2.2;5.7;0.8;1.8;1.5;
283250558;Tesco Rice Cakes Milk Chocolate 70G;£0.75;£1.08/100g;Biscuits;Savoury Biscuits;480;7.2;null;23.2;21.4;13.0;3.1;0.1;
284477219;Tesco Lightly Salted Rice Cakes 130G;£0.90;£0.69/100g;Biscuits;Savoury Biscuits;382;7.3;null;1.2;3.1;0.7;3.9;0.3;
287733802;Snack Organic Sweet Chilli Cracker 100G;£1.00;£1.00/100g;Biscuits;Savoury Biscuits;null;null;null;null;null;null;null;null;
287733661;Snack Organic Rice Crackers Lightly Salted 100G;£1.00;£1.00/100g;Biscuits;Savoury Biscuits;null;null;null;null;null;null;null;null;
284409117;Tesco Finest Smoked Apple Oatcakes 200G;£1.20;£0.60/100g;Biscuits;Savoury Biscuits;442;10.0;null;5.3;18.6;7.6;8.6;2.1;
264786206;Snack A Jacks Jumbo Cheese 120G;£1.79;£1.50/100g;Biscuits;Savoury Biscuits;163kJ 1628kJ;0.9;null;null;0.3(1%*);null;0.2;0.15(3%*);
277731344;Ardens Cheddar And Spring Onion Bites 100G;£1.69;£1.69/100g;Biscuits;Savoury Biscuits;2235 kJ 167 kJ;16.4;null;null;29.0;null;2.5;2.4;
283971684;Ardens Garlic And Parsley Swirl 60G;£1.69;£2.82/100g;Biscuits;Savoury Biscuits;2215 KJ 177 KJ;13.5;null;null;30.5;null;1.9;2.4;
283971465;Ardens Gruyere And Spinach Twist 100G;£1.69;£1.69/100g;Biscuits;Savoury Biscuits;1995 KJ 120 KJ;13.0;null;null;22.0;null;5.0;2.3;
259876568;Stockan's Original Thin Oatcakes 100G;£0.54;£0.54/100g;Biscuits;Savoury Biscuits;481;10.7;58.4;null;22.7;null;7.6;1.5;
264786143;Snack A Jacks Jumbo Caramel 159G;£1.79;£1.13/100g;Biscuits;Savoury Biscuits;216kJ 1661kJ;0.7;null;null;0.3(1%*);null;0.2;0.07(1%*);
283250437;Tesco Rice Cakes Caramel Flavour 145G;£1.29;£0.89/100g;Biscuits;Savoury Biscuits;397;5.1;null;25.9;3.9;0.6;1.5;0.01;
251373824;Tesco Scottish Rough Oatcakes 250G;£0.89;£0.36/100g;Biscuits;Savoury Biscuits;448;11.4;null;0.7;18.4;7.4;8.0;2.0;
264786293;Snack A Jacks Jumbo Chocolate Chip 180G;£1.79;£0.99/100g;Biscuits;Savoury Biscuits;263kJ 1752kJ;0.9;null;null;1.1(2%*);null;0.3;0.00(1%*);
284409132;Tesco Finest Tomato And Sweet Chilli Oatcakes 200G;£1.20;£0.60/100g;Biscuits;Savoury Biscuits;442;10.6;null;2.6;18.7;7.4;8.9;2.4;
277731954;Crosta And Mollica Torines Breadsticks 120G;£1.09;£0.91/100g;Biscuits;Savoury Biscuits;390;10.9;null;null;6.1;null;3.7;2.3;
277732216;Crosta And Mollica Crostini Chilli 150G;£1.89;£1.26/100g;Biscuits;Savoury Biscuits;484;11.7;null;null;14.1;null;6.4;2.4;
267461616;Tesco Finestall Butter Cheese Straws 100G;£1.59;£1.59/100g;Biscuits;Savoury Biscuits;566;12.2;null;0.8;38.1;23.8;2.5;2.0;
268348368;Ryvita Cheddar And Crack Black Pepper Thins 125G;£1.00;£0.80/100g;Biscuits;Savoury Biscuits;1763kJ 106kJ -;18.2;null;null;9.8;null;4.6;2.18;
265940149;Tesco Sesame Breadsticks 125G;null;null;Biscuits;Savoury Biscuits;439;11.9;null;1.8;12.7;2.0;6.1;null;
256487699;Tesco Savoury Twists And Sticks Assortment 115G;£1.39;£1.21/100g;Biscuits;Savoury Biscuits;500;12.4;null;3.6;26.2;15.2;4.0;1.8;
252140119;Tesco Breadstick Assortment 120G;£1.29;£1.08/100g;Biscuits;Savoury Biscuits;442;10.7;null;5.0;14.7;9.2;3.7;1.9;
280467710;Tesco Italian Original Breadsticks 125G;£0.69;£0.55/100g;Biscuits;Savoury Biscuits;null;null;null;null;null;null;null;null;
280845332;Mcvities Jacob's Flatbread Multi Grain 150G;£1.00;£0.67/100g;Biscuits;Savoury Biscuits;null;11.0;null;null;6.8;null;5.3;1.1;
251697723;Tesco Original Mini Breadsticks 100G;£1.00;£1.00/100g;Biscuits;Savoury Biscuits;412;11.1;null;2.9;7.7;1.4;2.9;1.8;
267077511;Jacobs Flatbread Salt And Cracked Black Pepper 150G;£1.00;£0.67/100g;Biscuits;Savoury Biscuits;null;11.3;null;null;8.8;null;5.1;1.1;
256491394;Tesco Chive And Onion Twists 125G;£1.09;£0.87/100g;Biscuits;Savoury Biscuits;489;12.4;null;4.3;24.4;15.5;4.3;1.8;
272653605;Tesco Finest Gruyeye And Poppy Seed Twists 125G;£1.59;£1.28/100g;Biscuits;Savoury Biscuits;505;10.2;null;4.0;28.6;19.5;5.1;1.6;
267077275;Jacobs Flatbread Mixed Seeds 150G;£1.00;£0.67/100g;Biscuits;Savoury Biscuits;null;11.8;null;null;9.6;null;5.3;1.1;
258083897;Tesco Italian Original Breadstick 125G;£0.69;£0.55/100g;Biscuits;Savoury Biscuits;414;11.2;null;2.8;7.9;1.4;2.8;1.8;
263309106;Tesco Cheese Twists 125G;£1.09;£0.73/100g;Biscuits;Savoury Biscuits;500;12.4;null;3.6;26.2;15.2;4.0;1.8;
282775048;Tesco Mini Twist Salted Cups 72G;£1.19;£1.66/100g;Biscuits;Savoury Biscuits;501;10.6;null;6.0;26.8;18.3;3.4;1.6;
283971943;Ardens Pesto Bakes 170G;£1.69;£0.99/100g;Biscuits;Savoury Biscuits;1864 KJ 168 KJ;10.1;null;null;12.1;null;3.6;2.0;
282774922;Tesco Mini Twist Cheese Cups 72G;£1.19;£1.66/100g;Biscuits;Savoury Biscuits;500;12.4;null;3.6;26.2;15.2;4.0;1.8;
281919457;Peppa Pig Breadsticks Cheddar Chse110g;£1.00;£0.91/100g;Biscuits;Savoury Biscuits;1820 kJ -;14.5;null;null;11.5;null;4.1;1.3;
263831587;Ryvita Multiseed Thins 125G;£1.00;£0.80/100g;Biscuits;Savoury Biscuits;1821kJ 164kJ -;16.4;null;null;14.1;null;8.1;1.54;
279379591;Tesco Finest Italian Flatbread 150G;£1.89;£1.26/100g;Biscuits;Savoury Biscuits;439;10.1;null;3.3;13.4;2.1;4.2;1.8;
280714551;Ryvita Cheddar And Pepper Thins Bites 115G;£1.00;£8.70/kg;Biscuits;Savoury Biscuits;422;17.5;null;null;10.0;null;3.3;null;
254925421;Ritz Crackers 200G;£1.39;£0.70/100g;Biscuits;Savoury Biscuits;2090 kJ 522 kJ 6%;7.7;null;null;23;null;2.2;1.38;
250972094;Roka Cheese Crispies 100G;£1.50;£1.50/100g;Biscuits;Savoury Biscuits;570 ;15;38;null;40;null;null;2.3;
266318914;Ryvita Thins Sweet Chilli 125G;£1.00;£0.80/100g;Biscuits;Savoury Biscuits;1710kJ 137kJ -;12.2;null;null;5.7;null;4.8;1.68;
261913505;Jacobs Savours Salt And Black Pepper Bakes 200G;£1.00;£0.50/100g;Biscuits;Savoury Biscuits;null;9.2;null;null;16.6;null;4.0;1.4;
268745203;Jacobs Cheddars 185G Carton;£1.29;£0.70/100g;Biscuits;Savoury Biscuits;null;11.2;null;null;31.4;null;3.0;1.6;
266305048;Carrs Table Water Cracked Black Pepper 125G;£0.99;£0.79/100g;Biscuits;Savoury Biscuits;null;10.1;null;null;7.6;null;4.2;1.5;
251969609;Carrs Cheese Melts 150G;£1.39;£0.93/100g;Biscuits;Savoury Biscuits;null;10.8;null;null;22.9;null;2.5;2.2;
263799855;Milton's Garlic And Herb Crackers 170G;£1.29;£0.76/100g;Biscuits;Savoury Biscuits;1699kJ 272kJ - -;7.2;null;null;15.4;null;4.3;null;
262050026;Milton's Multigrain Crackers 170G;£1.29;£0.76/100g;Biscuits;Savoury Biscuits;1735kJ 278kJ - -;7.3;null;null;16.6;null;3.7;null;
273698746;Jacob's Crispy Baked Cheddars Cripsy Bacon150g;£1.00;£0.67/100g;Biscuits;Savoury Biscuits;null;10.8;null;null;31.8;null;3.0;1.6;
259699138;Jacobs Savours Sweet Chilli Thins 150G;£1.00;£0.67/100g;Biscuits;Savoury Biscuits;null;7.4;null;null;21.7;null;2.2;2.0;
251969483;Carrs Melts 150G;£1.39;£0.93/100g;Biscuits;Savoury Biscuits;null;9.6;null;null;21.7;null;5.2;2.5;
254925444;Ritz Cheese Crackers 200G;£1.39;£0.70/100g;Biscuits;Savoury Biscuits;2125kJ 531kJ 6%;10;null;null;24.5;null;2.2;1.38;
254925467;Jacobs Baked Cheddar Biscuits Cheese 150G;£1.00;£0.67/100g;Biscuits;Savoury Biscuits;null;10.8;null;null;31.8;null;2.9;1.6;
273699284;Jacobs Savours Cheese 150G;£1.00;£0.67/100g;Biscuits;Savoury Biscuits;null;10.3;null;null;21.7;null;3.3;1.3;
281466813;Tesco Multiseed Fbread 6 Pack;£1.00;£1.00/100g;Biscuits;Savoury Biscuits;440;14.8;null;2.2;14.7;1.3;7.2;1.5;
280302399;Fiery Jalapeno Wafers;£2.50;£2.50/each;Biscuits;Savoury Biscuits;null;12.8;null;null;30.0;null;null;3.45;
276885416;Tesco Salt And Pepper Cracker 185G;null;null;Biscuits;Savoury Biscuits;489;7.1;null;2.3;19.8;1.6;2.6;1.3;
252928732;Doria Doriano Cracker 240G;£1.19;£0.50/100g;Biscuits;Savoury Biscuits;1862 kJ 577 kJ 7%;10;66;null;null;null;null;2,5;
274813431;Tuc Snack Cracker 150G;£1.29;£1.29/100g;Biscuits;Savoury Biscuits;2050kJ 74kJ;7.8;null;null;22.0;null;3.0;null;
280713863;Ryvita Cheese Cracker Bread 125G;£1.19;£9.52/kg;Biscuits;Savoury Biscuits;386;12.3;null;null;3.7;null;3.3;1.32;
254925496;Tuc Cheese Sandwich 150G;£1.29;£0.86/100g;Biscuits;Savoury Biscuits;null;7.8;null;null;29.4;null;2.2;1.4;
276885451;Tesco Wheat Cracker 170G;£0.99;£0.58/100g;Biscuits;Savoury Biscuits;490;9.6;null;4.8;19.5;1.7;6.2;2.2;
276879551;Tesco Garlic Cracker 200G;£0.99;£0.50/100g;Biscuits;Savoury Biscuits;511;6.8;null;1.8;23.6;1.8;3.5;1.1;
254925219;Jacobs Butter Puffs 200G;£0.95;£0.48/100g;Biscuits;Savoury Biscuits;null;9.3;null;null;24.8;null;3.1;0.93;
265201247;Tesco Cheese Thins 150G;£0.89;£0.59/100g;Biscuits;Savoury Biscuits;527;11.3;null;4.8;32.3;16.0;2.3;2.0;
276879764;Tesco Multigrain Cracker 170G;£0.99;£0.58/100g;Biscuits;Savoury Biscuits;493;7.9;null;3.6;19.9;1.7;5.5;1.9;
275389556;Jacobs Biscuits For Cheese 250G;£2.00;£0.80/100g;Biscuits;Savoury Biscuits;null;9.2;null;null;16.9;null;4.2;1.4;
280302439;Thomas J. Fudges Flaky Cheddar Wafers;£2.50;£2.50/each;Biscuits;Savoury Biscuits;null;15.3;null;null;35.3;null;null;2.92;
268313179;Carrs Selection Carton 200G;£2.79;£1.40/100g;Biscuits;Savoury Biscuits;null;9.1;null;null;17.2;null;4.8;1.8;
254548358;Tesco Crak'n'snak 150G;null;null;Biscuits;Savoury Biscuits;486;7.0;null;4.9;20.0;4.9;2.3;1.4;
254922706;Jacob's Hovis Digestives 250G;£0.89;£0.36/100g;Biscuits;Savoury Biscuits;null;8.0;null;null;20.1;null;3.0;1.1;
280714312;Ryvita Pepper Crackerbread 125G;£1.19;£9.52/kg;Biscuits;Savoury Biscuits;385;11.4;null;null;3.6;null;3.5;1.46;
254925346;Tesco Sesame And Poppy Thins 150G;£0.89;£0.59/100g;Biscuits;Savoury Biscuits;482;9.5;null;2.8;23.0;9.1;4.2;1.8;
254925070;Carrs Table Water Biscuits 200G;£0.99;£0.50/100g;Biscuits;Savoury Biscuits;1741 kJ 132 kJ;10.0;null;null;7.6;null;4.2;1.5;
254548168;Tesco Snackers 200G;null;null;Biscuits;Savoury Biscuits;488;7.3;null;7.3;21.5;5.2;2.4;2.1;
254925087;Carrs Table Water 125 G;£0.99;£0.79/100g;Biscuits;Savoury Biscuits;null;10.1;null;null;7.7;null;4.2;1.5;
254960205;Jacobs Choice Grain Crackers 200G;£0.95;£0.48/100g;Biscuits;Savoury Biscuits;null;8.8;null;null;14.1;null;5.5;1.8;
254925277;Jacobs Cornish Wafers 150G;£0.95;£0.63/100g;Biscuits;Savoury Biscuits;null;8.9;null;null;28.8;null;3.0;0.83;
267227876;Jacobs Savoury Favourites 200G;£2.19;£1.10/100g;Biscuits;Savoury Biscuits;null;null;null;null;null;null;null;null;
259031923;Jacobs High Fibre Cream Crackers 200G;£0.95;£0.48/100g;Biscuits;Savoury Biscuits;null;9.3;null;null;18.3;null;7.4;1.7;
258334478;Mcvities Krackawheat 200G;£0.95;£0.48/100g;Biscuits;Savoury Biscuits;null;10.0;null;null;18.7;null;5.9;1.6;
254925058;Tesco High Baked Water Biscuits 200G;£0.75;£0.38/100g;Biscuits;Savoury Biscuits;415;10.2;null;1.8;7.2;3.0;4.2;1.1;
259009761;Jacobs Cream Crackers 300G;£0.97;£0.32/100g;Biscuits;Savoury Biscuits;1816kJ 145kJ;10.0;null;null;13.5;null;3.8;null;
264902491;Jacobs Cream Cracker Snackpack 8Pk;£1.59;£0.83/100g;Biscuits;Savoury Biscuits;null;10.0;null;null;13.5;null;3.8;1.3;
276866670;Tesco Biscuits For Cheese 170G;£1.19;£0.70/100g;Biscuits;Savoury Biscuits;442;10.0;null;1.4;13.6;6.2;3.9;1.2;
275503572;Tesco Everyday Value Multigrain Cracker 150G;£0.69;£0.46/100g;Biscuits;Savoury Biscuits;446;6.7;null;12.9;18.0;1.4;3.4;2.0;
257998352;Tesco Finest Assorted Cracker For Cheese 250G;£1.75;£0.70/100g;Biscuits;Savoury Biscuits;456;9.2;null;6.8;13.7;1.3;5.3;1.5;
280823721;Cathedral City Baked Bites 22G X 5 Pack;£1.00;£0.91/100g;Biscuits;Savoury Biscuits;null;null;null;null;null;null;null;null;
281839494;Burtons Fish And Chips 125G;£1.00;£0.80/100g;Biscuits;Savoury Biscuits;null;null;null;null;null;null;null;null;
254925012;Jacobs Cream Crackers 200G (C);£0.89;£0.45/100g;Biscuits;Savoury Biscuits;null;10.0;null;null;13.5;null;3.8;1.3;
260420393;Tesco Finest West Country Biscuits For Cheese 300G;£2.99;£1.00/100g;Biscuits;Savoury Biscuits;459;9.3;null;0.7;22.6;11.9;3.8;2.3;
254924998;Tesco Cream Crackers 200G;£0.27;£0.14/100g;Biscuits;Savoury Biscuits;440;9.9;null;1.4;13.4;6.1;3.8;null;
281839382;Burtons Fish And Chips 5X25g;£1.59;£1.28/100g;Biscuits;Savoury Biscuits;null;null;null;null;null;null;null;null;
256314058;Tesco Biscuits For Cheese 500G;£2.99;£0.60/100g;Biscuits;Savoury Biscuits;482;9.5;null;2.8;23.0;9.1;4.2;1.8;
255140996;Jacobs Cream Crackers 2X200g;£1.25;£0.31/100g;Biscuits;Savoury Biscuits;null;10.0;null;null;13.5;null;3.8;1.3;
254925191;Jacobs Hovis Crackers 150G;£1.49;£0.99/100g;Biscuits;Savoury Biscuits;null;10.2;null;null;18.5;null;4.4;null;
272694366;Jacob's Cheeselets Sharing 125G;£1.00;£0.80/100g;Biscuits;Savoury Biscuits;null;9.7;null;null;25.6;null;3.6;null;
284212326;Jacobs Oddities Cheese And Onion 125G;£1.59;£1.28/100g;Biscuits;Savoury Biscuits;null;9.4;null;null;14.8;null;3.6;null;
281919273;Kingsmill Mini Toast Mature Cheddar 110G;£1.59;£1.45/100g;Biscuits;Savoury Biscuits;423;12.0;null;null;9.6;null;5.6;1.23;
287525026;Sunbites Multigrain Sweet Chilli Crackers 5X24g;£1.89;£1.58/100g;Biscuits;Savoury Biscuits;460kJ 1915kJ;1.7;null;null;4.0(6%*);null;0.8;0.34(6%*);
272614733;Jacobs Oddities Smoky Bacon Multipack 5X25g;£1.59;£1.28/100g;Biscuits;Savoury Biscuits;null;9.5;null;null;14.7;null;3.2;1.6;
272232142;Llamas Sweet Chilli Baked Bites 150G;£1.00;£0.67/100g;Biscuits;Savoury Biscuits;484;8.8;null;15.6;17.1;1.5;5.6;1.1;
287570150;Sunbites Lightly Salted Multigrain Crackers 5 X 24G;£1.89;£1.58/100g;Biscuits;Savoury Biscuits;463kJ 1930kJ;1.7;null;null;4.1(6%*);null;0.9;0.33(5%*);
281919394;Kingsmill Mini Toast Salt And Vinegar 110G;£1.59;£1.45/100g;Biscuits;Savoury Biscuits;425;12.5;null;null;10.7;null;3.8;2.00;
287570196;Sunbites Cheddar And Onion Pitta Bread Crisps 5X24g;£1.89;£1.58/100g;Biscuits;Savoury Biscuits;465kJ 1937kJ;2.8;null;null;4.0(6%*);0.4(2%*);1.0;0.36(6%*);
272614917;Jacobs Oddities Cheese Multipack 5X25g;£1.59;£1.28/100g;Biscuits;Savoury Biscuits;null;9.2;null;null;15.0;null;3.2;1.3;
272231932;Llamas Barbecue Baked Bites 150G;£1.00;£0.67/100g;Biscuits;Savoury Biscuits;468;8.9;null;15.6;14.7;1.4;6.0;1.6;
287479982;Sunbites Cream Cheese And Chive Multigrain Crackers 5X24g;£1.89;£1.58/100g;Biscuits;Savoury Biscuits;462kJ 1925kJ;1.7;null;null;4.1(6%*);null;0.9;0.36(6%*);
283249852;Ritz Breaks Rosemary And Olive Oil 190G;£1.89;£1.00/100g;Biscuits;Savoury Biscuits;1940 kJ 613 kJ -;8.7;null;null;18.5;null;3.9;2.42;
287570455;Sunbites Multigrain Cracker Onion & Chutney Dip 116G;£1.00;£0.86/100g;Biscuits;Savoury Biscuits;940 kJ 1237 kJ;2.7;null;null;6.4  (9%*);null;1.6;0.79  (13%*);
287570069;Sunbites Onion And Rosemary Multigrain Crackers 5 X 24G;£1.89;£1.58/100g;Biscuits;Savoury Biscuits;462kJ 1927kJ;1.7;null;null;4.1(6%*);null;0.9;0.35(6%*);
272232044;Llamas Steak Baked Bites 150G;£1.00;£0.67/100g;Biscuits;Savoury Biscuits;478;9.5;null;15.0;16.3;1.4;7.2;2.4;
287570530;Sunbites Cracker Tomato & Red Pepper Cracker&Dip 116G;£1.00;£0.86/100g;Biscuits;Savoury Biscuits;782 kJ 1028 kJ;3.1;null;null;6.7  (10%*);null;2.0;1.02  (17%*);
283249434;Ritz Breaks Original 190G;£1.89;£1.00/100g;Biscuits;Savoury Biscuits;1940 kJ 613 kJ -;8.4;null;null;18;null;3.5;2.23;
276372073;Jacobs Oddities Salt And Vinegar 5 Pack 125G;£1.59;£1.28/100g;Biscuits;Savoury Biscuits;null;8.8;null;null;14.6;null;3.1;1.9;
268347716;Ritz Mini Crackers 150G;£1.00;£0.67/100g;Biscuits;Savoury Biscuits;2055kJ 513kJ -;7.9;null;null;23;null;2.6;1.38;
286690245;Tesco Crackerbread 125G;£0.79;£0.63/100g;Biscuits;Savoury Biscuits;380;13.0;null;5.2;3.5;0.7;4.2;1.6;
276810333;Tesco Sweet Chilli Mini Bruschetta 90G;£1.00;£1.12/100g;Biscuits;Savoury Biscuits;425;13.8;null;11.3;10.8;0.8;4.6;1.8;
276879257;Tesco Bacon And Cheese Snackers 190G;£1.29;£0.68/100g;Biscuits;Savoury Biscuits;512;10.5;null;3.6;24.0;2.3;3.6;1.8;
276810431;Tesco Sun Dried Tomato And Olive Breadsticks 100G;£1.00;£1.00/100g;Biscuits;Savoury Biscuits;455;12.1;null;4.2;15.8;1.2;6.3;1.4;
272651665;Tesco 6 Pack Mini Breadsticks 120G;£1.19;£0.99/100g;Biscuits;Savoury Biscuits;401;11.3;null;3.2;7.7;1.1;4.3;1.3;
279506303;Tesco Finest Black Olive Grissini Rubata 140G;£1.69;£1.21/100g;Biscuits;Savoury Biscuits;369;9.4;null;2.0;8.9;1.4;3.0;1.8;
287570363;Sunbites Roasted Red Pepper And Chilli Pitta Chips 120G;£1.89;£1.58/100g;Biscuits;Savoury Biscuits;465kJ 1938kJ;2.9;null;null;4.1(6%*);0.4(2%*);1.0;0.35(6%*);
278995444;Tesco Finest Extra Mature Cheddar Oat Nibbles 125G;£1.99;£1.60/100g;Biscuits;Savoury Biscuits;563;13.1;null;2.5;36.9;21.6;2.9;1.4;
274306882;Tesco Teddy Bear Biscuits 100G;£1.00;£1.00/100g;Biscuits;Seasonal Biscuits;505;5.7;null;31.1;21.8;14.9;1.6;null;
257911663;Tesco Finest Scottish Shortbread Assortment 400G;£2.79;£0.70/100g;Biscuits;Seasonal Biscuits;515;5.1;null;13.7;25.8;16.6;1.2;0.7;
256089410;Tesco Finest Shortbread Fingers 165G;£1.29;£0.78/100g;Biscuits;Seasonal Biscuits;515;5.1;null;13.7;25.8;16.6;1.2;0.7;
278437236;Tesco Finest Free From Dark Chocolate Ginger Cookies 150G;£2.00;£1.34/100g;Biscuits;Sweet Biscuits;485;4.6;null;37.1;22.0;13.0;2.1;0.4;
278434838;Tesco Finest Free From Triple Chocolate Cookies 150G;£2.00;£1.34/100g;Biscuits;Sweet Biscuits;508;5.8;null;40.4;26.2;15.8;3.5;0.8;
260208236;Fox's Jam Sandwich Creams 150G;£1.09;£0.73/100g;Biscuits;Sweet Biscuits;2095kJ 325kJ 8400kJ -;5.0;null;null;23;null;2.0;0.45;
271737658;Foxs Crinkle Crunch Butter 200G;£0.64;£0.32/100g;Biscuits;Sweet Biscuits;1964kJ 208kJ -;5.4;null;null;18;null;2.4;0.96;
253249261;Mcvitie's Digestives 500G;£1.09;£0.22/100g;Biscuits;Sweet Biscuits;null;7.2;null;null;21.3;null;3.6;1.3;
271737998;Fox's Crinkles Ginger 200G;£0.64;£0.32/100g;Biscuits;Sweet Biscuits;1856kJ 197kJ -;5.3;null;null;13;null;2.1;1.00;
257205791;Bahlsen Deloba 100G;£1.39;£1.39/100g;Biscuits;Sweet Biscuits;485 ;5,4;null;null;23;null;null;0,98;
271182207;Jacobs Lemon Puff 200G;£1.69;£0.85/100g;Biscuits;Sweet Biscuits;2105kJ 295kJ;6.1;null;null;25.6;null;2.0;null;
271738191;Foxs Golden Crunch Creams 168G;£1.09;£0.65/100g;Biscuits;Sweet Biscuits;2121kJ 328kJ -;4.6;null;null;24;null;1.7;0.58;
283447205;Bahlsen Hit Cocoa Creme Biscuits 220G;£1.00;£0.46/100g;Biscuits;Sweet Biscuits;508 ;6,7;null;null;25;null;null;0,51;
254922522;Mcvitie Rich Tea Biscuits 300G;£1.09;£0.36/100g;Biscuits;Sweet Biscuits;null;7.0;null;null;15.5;null;2.9;0.8;
271738064;Foxs Ginger Crunch Creams 168G;£1.09;£0.65/100g;Biscuits;Sweet Biscuits;2099kJ 324kJ -;4.1;null;null;23;null;1.6;0.85;
277685864;Mcvitie's Hobnob Chocolate Chip 300G;£1.19;£0.40/100g;Biscuits;Sweet Biscuits;null;1.1;null;null;3.2;null;1.1;null;
255350102;Mcvitie's Digestives Twin Pack 2 X 500G;£1.89;£0.19/100g;Biscuits;Sweet Biscuits;null;7.2;null;null;21.3;null;3.6;1.3;
259874271;Lotus Biscoff 250G;£0.99;£0.40/100g;Biscuits;Sweet Biscuits;484 ;4.9;null;null;19.0;null;1.3;0.92;
271738415;Foxs Rich Tea Finger Creams 200G;£1.09;£0.62/100g;Biscuits;Sweet Biscuits;2051kJ 243kJ 8400kJ -;6.0;null;null;20;null;2.3;0.57;
273581164;Lees 6 Snowballs 110G;£0.59;£0.54/100g;Biscuits;Sweet Biscuits;432;3.4;null;null;16.6;null;3.9;0.2;
278418034;Tesco Finest Free From Chocolate And Cranberry Cookies 150G;£2.00;£1.34/100g;Biscuits;Sweet Biscuits;497;5.4;null;35.2;24.0;14.5;2.9;0.6;
273581291;Lees 6 Teacakes 110G;£0.59;£0.54/100g;Biscuits;Sweet Biscuits;449;3.2;null;null;15.8;null;2.7;0.23;
286540896;Fox's Chocolate Fudge Crunch Creams 168G;£1.09;£0.65/100g;Biscuits;Sweet Biscuits;2138kJ 330kJ -;4.7;null;null;25;null;2.7;0.95;
253199935;Mcvities Digestive/Hobnob /Richtea 750G;£2.50;£0.33/100g;Biscuits;Sweet Biscuits;null;7.0;null;null;15.5;null;2.9;0.8;
254190465;Tesco Everyday Value Ginger Nuts 300G;£0.25;£0.08/100g;Biscuits;Sweet Biscuits;456;5.8;null;28.3;16.2;7.6;2.3;1.0;
254412158;Tesco Everyday Value Digestive Biscuits 400G;£0.31;£0.08/100g;Biscuits;Sweet Biscuits;493;6.7;null;18.8;22.3;10.0;3.5;1.0;
274464906;Mcvities Fig Rolls 200G;£1.29;£0.65/100g;Biscuits;Sweet Biscuits;null;3.4;null;null;8.6;null;3.0;0.6;
254921206;Tesco Bourbon Creams Biscuits 200G;£0.49;£0.25/100g;Biscuits;Sweet Biscuits;490;5.4;null;30.3;21.6;13.1;3.4;0.3;
265273276;Tesco Chocolate Chip Digestives 400G;£0.69;£0.17/100g;Biscuits;Sweet Biscuits;488;6.2;null;24.2;21.6;8.8;3.1;1.0;
254327806;Tesco Everyday Value Rich Tea 300G;£0.23;£0.08/100g;Biscuits;Sweet Biscuits;449;7.6;null;18.3;13.6;5.4;3.7;0.6;
268313899;Mcvities Ginger Nuts 250G;£1.09;£0.44/100g;Biscuits;Sweet Biscuits;null;5.5;null;null;16.6;null;2.2;0.9;
254327432;Tesco Everyday Value Bourbon Creams 400G;£0.43;£0.11/100g;Biscuits;Sweet Biscuits;490;5.5;null;29.6;21.4;12.8;3.4;0.3;
255352138;Mcvities Rich Tea Twin Pack 2 X 300G;£1.89;£0.32/100g;Biscuits;Sweet Biscuits;null;7.0;null;null;15.5;null;2.9;0.8;
254921258;Tesco Custard Cream Biscuits 400G;£0.65;£0.16/100g;Biscuits;Sweet Biscuits;493;5.6;null;28.5;20.9;10.8;1.7;0.5;
268313398;Mcvities Fruit Shortcake 200G;£1.09;£0.55/100g;Biscuits;Sweet Biscuits;null;5.6;null;null;18.9;null;3.1;0.9;
257859333;Nairns Stem Ginger Oat Biscuits 200G;£1.35;£0.68/100g;Biscuits;Sweet Biscuits;184kJ 1839kJ -;0.8;null;null;1.4;null;0.6;0.09;
273331841;Tesco Digestives 400G;£0.59;£0.15/100g;Biscuits;Sweet Biscuits;491;6.7;null;18.5;22.4;10.1;4.1;0.9;
254922666;Mcvities Digestive 250G;£0.89;£0.36/100g;Biscuits;Sweet Biscuits;null;7.2;null;null;21.3;null;3.6;1.3;
254378209;Tesco Everyday Value Custard Cream Biscuits 400G;£0.35;£0.09/100g;Biscuits;Sweet Biscuits;493;5.6;null;28.5;20.9;10.7;1.7;0.5;
254190505;Tesco Everyday Value Nice Biscuits 400G;£0.45;£0.11/100g;Biscuits;Sweet Biscuits;488;6.2;null;23.2;20.4;9.3;2.3;0.7;
262610666;Mcvities Hobnob 300G;£1.19;£0.40/100g;Biscuits;Sweet Biscuits;null;7.3;null;null;20.3;null;6.1;0.8;
254922614;Mcvities Crawford Thin Arrowroot Biscuits 200G;£1.49;£0.75/100g;Biscuits;Sweet Biscuits;null;6.9;null;null;15.2;null;2.8;1.1;
260466626;Tesco Everyday Value Biscuit Barrell 900G;£1.29;£0.14/100g;Biscuits;Sweet Biscuits;500;5.5;null;31.2;22.9;12.7;2.9;0.3;
275288261;Tesco Everyday Value Shortbread Fingers 125G;£0.35;£0.28/100g;Biscuits;Sweet Biscuits;500;6.2;null;18.9;24.1;10.2;2.8;0.5;
255220251;Tesco Malted Milk Biscuits 200G;£0.39;£0.20/100g;Biscuits;Sweet Biscuits;494;6.6;null;19.1;21.8;10.0;2.0;0.9;
265201408;Tesco Jam Sandwich Creams 150G;£0.49;£0.33/100g;Biscuits;Sweet Biscuits;496;5.0;null;31.2;22.5;12.1;2.0;0.5;
277486392;Borders Biscuits Sharing Pack 300G;£2.00;£0.67/100g;Biscuits;Sweet Biscuits;null;null;null;null;null;null;null;null;
254921673;Tesco Garibaldi Biscuits 200G;£0.89;£0.45/100g;Biscuits;Sweet Biscuits;388;4.4;null;35.8;8.9;4.1;2.1;0.3;
254922142;Tesco Shortcake Biscuits 200G;£0.45;£0.23/100g;Biscuits;Sweet Biscuits;509;6.2;null;17.9;24.8;11.3;1.9;0.6;
254922228;Tesco Nice 200G;£0.40;£0.20/100g;Biscuits;Sweet Biscuits;497;6.0;null;22.0;22.2;10.2;2.7;0.6;
254921788;Tesco Fruit Shortcake Biscuits 250G;£0.59;£0.24/100g;Biscuits;Sweet Biscuits;465;5.6;null;25.6;19.4;8.1;3.1;1.0;
268369625;Fox's Favourites Selection 400G;£2.48;£0.62/100g;Biscuits;Sweet Biscuits;null;null;null;null;null;null;null;null;
258034553;Tesco Triple Pack Nice/Custard And Malted Crms 500G;£1.10;£0.22/100g;Biscuits;Sweet Biscuits;505;5.4;null;28.4;22.5;11.6;1.6;0.5;
254922390;Tesco Ginger Nuts 200G;£0.39;£0.20/100g;Biscuits;Sweet Biscuits;450;5.3;null;33.5;14.7;6.9;2.2;1.0;
274048708;Cadburysignature Selection Box 300G;£3.79;£1.27/100g;Biscuits;Sweet Biscuits;null;6.4;null;null;24.4;null;1.5;null;
265067987;Crawfords Teatime Assortment Biscuits 275G;£1.29;£0.47/100g;Biscuits;Sweet Biscuits;null;6.5;null;null;21.5;null;2.8;0.9;
254922107;Tesco Rich Shorties Biscuits 300G;£0.69;£0.23/100g;Biscuits;Sweet Biscuits;499;6.1;null;23.6;23.2;10.6;2.0;0.8;
273161598;Tesco Rich Tea 400G;£0.69;£0.17/100g;Biscuits;Sweet Biscuits;null;null;null;null;null;null;null;null;
261856250;Tesco Oaties 300G;£0.59;£0.20/100g;Biscuits;Sweet Biscuits;483;6.6;null;25.8;20.6;8.6;4.5;0.8;
260169385;Tesco Fig Rolls 200G;£0.49;£0.25/100g;Biscuits;Sweet Biscuits;377;4.2;null;38.9;10.0;4.7;2.6;0.3;
254922545;Tesco Rich Tea Finger Biscuits 250G;£0.50;£0.20/100g;Biscuits;Sweet Biscuits;455;7.2;null;20.7;14.4;6.7;3.0;1.0;
271396755;Cadbury Animals Pouch 125G;£1.29;£1.04/100g;Biscuits;Sweet Biscuits;null;6.5;null;null;17.7;null;2.0;null;
268318410;Foxs Marvellous Selection 400G;£3.99;£1.00/100g;Biscuits;Sweet Biscuits;null;null;null;null;null;null;null;null;
277886212;Tesco Finest White Chocolate Cookie 200G;£1.69;£0.85/100g;Biscuits;Sweet Biscuits;2140kJ 535kJ;6.0;null;null;27.7;null;1.5;0.9;
284215657;Mcvities Family Circle 400G;£2.00;£0.50/100g;Biscuits;Sweet Biscuits;null;5.9;null;null;23.2;null;2.8;0.7;
284045339;Cadbury Biscuits Wispa 124G;£0.99;£0.80/100g;Biscuits;Sweet Biscuits;2113 kJ 328 kJ 4% 8400 kJ/;7.6;59.1;null;26.0;null;2.6;0.4;
284514545;Cadbury Fingers Milk Chocolate 171G;£1.19;£0.70/100g;Biscuits;Sweet Biscuits;2159 kJ 453 kJ 8400 kJ;7.3;null;null;27.1;null;1.5;0.4;
282094289;Cadbury Biscuits Creme Egg 106G;null;null;Biscuits;Sweet Biscuits;1818 kJ 324 kJ 8400 kJ/;5.0;null;null;20.1;null;1.3;0.4;
271396818;Cadbury Fabulous Fingers 110G;£1.00;£0.91/100g;Biscuits;Sweet Biscuits;null;6.1;null;null;28.6;null;0.8;null;
285139509;Mcvities Victoria 300G;£3.99;£1.33/100g;Biscuits;Sweet Biscuits;null;6.0;null;null;25.9;null;2.6;0.7;
257510953;Bahlsen Milk Choco Leibniz 125G;£1.79;£1.44/100g;Biscuits;Sweet Biscuits;505 ;7,5;null;null;25;null;null;0,64;
276939538;Tesco Chocolate And Viennese Biscuit Selection 300G;£2.99;£1.00/100g;Biscuits;Sweet Biscuits;540;5.9;null;33.9;29.6;16.9;2.9;null;
266295191;Cadbury Caramel Biscuits 130G;£0.99;£0.76/100g;Biscuits;Sweet Biscuits;null;5.2;null;null;23.5;null;1.0;null;
276811430;Tesco Shortbread Assortment 375G;£2.49;£0.66/100g;Biscuits;Sweet Biscuits;522;6.1;null;16.3;29.1;18.5;2.5;0.6;
276782895;Cadbury Fabulous Fingers Honeycomb 110G;£1.00;£0.91/100g;Biscuits;Sweet Biscuits;null;5.6;null;null;28.6;null;0.7;null;
276866445;T.Continental Biscuit Assortment 500G;£3.99;£0.80/100g;Biscuits;Sweet Biscuits;524;6.4;null;35.0;28.0;17.0;3.0;0.4;
276865918;Tesco Sweet Biscuit Assortment 400G;£1.99;£0.50/100g;Biscuits;Sweet Biscuits;496;6.2;null;22.7;22.8;10.9;2.5;0.8;
267543756;Cadbury Dairy Milk Biscuits 100G;£0.99;£0.99/100g;Biscuits;Sweet Biscuits;null;6.7;null;null;25.7;null;1.6;null;
284384444;Cadbury Fingers Milk Chocolate 114G;£0.80;£0.70/100g;Biscuits;Sweet Biscuits;2159kJ 453kJ 8400 kJ;7.3;null;null;27.1;null;1.5;0.4;
256587483;Bahlsen Messino Chocolate Orange Biscuits 125G;£0.89;£0.71/100g;Biscuits;Sweet Biscuits;407 ;4,0;null;null;15;null;null;0,14;
276783295;Cadbury Fabulous Fingers Praline 110G;£1.49;£1.36/100g;Biscuits;Sweet Biscuits;null;6.0;null;null;29.4;null;0.8;null;
254920979;Bahlsen Dark Choco Leibniz 125G;£1.79;£1.44/100g;Biscuits;Sweet Biscuits;498 ;7,2;null;null;25;null;null;0,53;
266295628;Cadbury Crunchie Biscuits 130G;£0.99;£0.76/100g;Biscuits;Sweet Biscuits;null;4.8;null;null;23.6;null;0.9;null;
276687115;Jammie Dodgers Jam And Custard 140G;£0.45;£0.32/100g;Biscuits;Sweet Biscuits;null;null;null;null;null;null;null;null;
278371399;Mcvities Milk Chocolate Digestives Twin Pack 2X300g;£1.50;£0.25/100g;Biscuits;Sweet Biscuits;null;6.7;null;null;23.6;null;3.0;1.0;
268543534;Mcvities Milk Chocolate Caramel Digestives 300G;£1.59;£0.53/100g;Biscuits;Sweet Biscuits;null;5.6;null;null;21.7;null;2.3;0.9;
278371514;Mcvities Milk Chocolate Hobnobs 262G;£1.59;£0.61/100g;Biscuits;Sweet Biscuits;null;7.1;null;null;23.3;null;5.1;0.7;
278370924;Mcvities Dark Chocolate Hobnob 262G;£1.59;£0.61/100g;Biscuits;Sweet Biscuits;null;6.5;null;null;23.8;null;6.2;0.7;
276371333;Mcvitie's Double Chocolate Digestives 300G;£1.59;£0.53/100g;Biscuits;Sweet Biscuits;null;6.5;null;null;24.3;null;3.6;1.0;
278371042;Mcvities Milk Chocolate Hobnob Twin Pack2x242g;£1.50;£0.31/100g;Biscuits;Sweet Biscuits;null;7.1;null;null;23.3;null;5.1;0.7;
287186599;Mcvities Deli Chocolate Dark 150G;£1.00;£0.67/100g;Biscuits;Sweet Biscuits;null;5.3;null;null;22.3;null;4.5;0.29;
284212672;De Beukelaer Chocole Milk 75G;£1.39;£1.86/100g;Biscuits;Sweet Biscuits;486 ;6,2;null;null;20;null;2,8;0,63;
266045712;Tesco Chocolate Coated Malted Milk 250G;£0.69;£0.28/100g;Biscuits;Sweet Biscuits;506;6.4;null;29.6;24.2;12.4;2.1;0.7;
283610565;Mikado King 51G;£1.00;£1.97/100g;Biscuits;Sweet Biscuits;2105kJ 535kJ -;5.8;null;null;26;null;5.2;0.4;
287186530;Mcvities Deli Chocolate Milk 150G;£1.00;£0.67/100g;Biscuits;Sweet Biscuits;null;5.2;null;null;18.6;null;1.9;0.37;
278370774;Mcvities Dark Chocolate Digestives 332G;£1.59;£0.48/100g;Biscuits;Sweet Biscuits;null;6.0;null;null;24.2;null;4.2;0.9;
278362824;Mcvities Dark Chocolate Digestives Twin Pack 2X300g;£1.50;£0.25/100g;Biscuits;Sweet Biscuits;null;6.0;null;null;24.2;null;4.2;0.9;
287186680;Mcvities Deli Chocolate White 150G;£1.00;£0.67/100g;Biscuits;Sweet Biscuits;null;5.1;null;null;23.3;null;1.1;0.41;
281735081;Mcvities Chocolate Orange Digestives 300G;£1.59;£0.53/100g;Biscuits;Sweet Biscuits;null;6.5;null;null;24.7;null;2.9;1.1;
281762727;Cadbury Fingers Portion Honeycomb 140G;£1.39;£0.99/100g;Biscuits;Sweet Biscuits;null;6.3;null;null;22.9;null;1.3;null;
281762756;Cadbury Fingers Portion Pack Milk Chocolate 140G;£1.39;£0.99/100g;Biscuits;Sweet Biscuits;null;6.7;null;null;25.3;null;1.5;null;
284514620;Cadbury Fingers White Chocolate 114G;£0.80;£0.70/100g;Biscuits;Sweet Biscuits;2165 kJ 455 kJ 8400 kJ;6.1;null;null;27.9;null;1.9;0.6;
278371186;Mcvities Milk Chocolate Digestives 332G;£1.59;£0.48/100g;Biscuits;Sweet Biscuits;null;6.7;null;null;23.6;null;3.0;1.0;
261356876;Tesco Dark Chocolate Coated Biscuits125g;£0.87;£0.70/100g;Biscuits;Sweet Biscuits;495;6.6;null;37.0;25.0;16.0;3.5;null;
254308893;Tesco Everyday Value Milk Chocolate Digestives 300G;£0.44;£0.15/100g;Biscuits;Sweet Biscuits;494;7.2;null;39.2;22.3;11.1;1.7;1.0;
273626527;Wagon Wheels Wheelies Jammie 10 Pack;£0.99;£0.10/each;Biscuits;Sweet Biscuits;null;null;null;null;null;null;null;null;
273614887;Wagon Wheels Wheelies 10 Pack;£0.99;£0.10/each;Biscuits;Sweet Biscuits;null;null;null;null;null;null;null;null;
284212447;De Beukelaer Cookies Bakery Brownie 168G;£1.49;£0.89/100g;Biscuits;Sweet Biscuits;474 ;5,8;null;null;23;null;4,0;0,45;
285512952;Chips Ahoy! Crisp Chocolate Caramel 168G;£1.00;£0.60/100g;Biscuits;Sweet Biscuits;495 ;5.0;null;null;24;null;2.7;1.38;
273949462;Fox's Dark Chocolate Chunkie Cookies 200G;£1.89;£1.05/100g;Biscuits;Sweet Biscuits;2081kJ 479kJ 8400kJ -;4.9;null;null;25;null;3.5;0.49;
261356853;Tesco Milk Chocolate Butter Biscuits125g;£0.87;£0.70/100g;Biscuits;Sweet Biscuits;510;7.0;null;39.0;26.0;16.0;2.6;null;
286679507;Maryland Big And Chunky Milk And Dark Chocolate 180G;£1.00;£0.56/100g;Biscuits;Sweet Biscuits;null;null;null;null;null;null;null;null;
285512908;Chips Ahoy Candy Pop 168G;£1.00;£0.60/100g;Biscuits;Sweet Biscuits;505 ;4.5;null;null;25;null;2.2;1.27;
284212522;Foxs White Chocolate Chunkie 180G;£1.00;£0.56/100g;Biscuits;Sweet Biscuits;2133kJ 491kJ 8400kJ -;5.0;null;null;25;null;2.1;0.57;
273420511;Tesco Plain Chocolate Digestives 300G;£0.69;£0.23/100g;Biscuits;Sweet Biscuits;498;6.2;null;28.0;24.1;12.4;4.2;1.0;
284211419;De Beukelaer Cookies Bakery Creamy 168G;£1.49;£0.89/100g;Biscuits;Sweet Biscuits;481 ;6,4;null;null;23;null;2,4;0,68;
286679605;Maryland Big And Chunky Hazelnut Crunch 180G;£1.79;£0.99/100g;Biscuits;Sweet Biscuits;null;null;null;null;null;null;null;null;
273814086;Foxs Chocolatey Fruit And Nut Chunkies 180G;£1.00;£0.56/100g;Biscuits;Sweet Biscuits;2062kJ 474kJ 8400kJ 6%;5.7;null;null;24;null;3.2;0.37;
268307705;Maryland Big And Chunky Chocolate And Flap Jack Biscuit 200G;£1.79;£0.90/100g;Biscuits;Sweet Biscuits;null;null;null;null;null;null;null;null;
254924572;Tesco Milk Chocolate Digestives 300G;£0.69;£0.23/100g;Biscuits;Sweet Biscuits;498;6.6;null;29.7;23.9;12.3;3.1;1.1;
273942043;Fox's Extremely Milk Chocolate Chunkie Cookies 175G;null;null;Biscuits;Sweet Biscuits;null;5.9;null;null;25.8;null;2.6;null;
273949410;Fox's Milk Chocolate Chunk Cookies 180G;£1.00;£0.56/100g;Biscuits;Sweet Biscuits;2100kJ 483kJ 8400kJ -;5.5;null;null;25;null;2.8;0.57;
259312326;Tesco Milk Chocolate Oaties 300G;£0.69;£0.23/100g;Biscuits;Sweet Biscuits;495;6.5;null;33.3;22.9;10.9;4.0;0.7;
268307671;Maryland Chocolate Chip And Hazelnut 250 Grams;£1.00;£0.40/100g;Biscuits;Sweet Biscuits;null;null;null;null;null;null;null;null;
268725469;Maryland Double Chocolate Cookies 250G;£1.00;£0.44/100g;Biscuits;Sweet Biscuits;null;null;null;null;2.5;null;null;null;
283273442;Maryland Chocolate Chip Cookies 145G;£0.80;£0.55/100g;Biscuits;Sweet Biscuits;null;null;null;null;null;null;null;null;
282720920;Tesco 5 Soft Cookies Sticky Toffee 5X45g;£1.49;£0.66/100g;Biscuits;Sweet Biscuits;438;5.0;null;33.1;18.1;7.9;3.0;0.4;
283273554;Maryland Double Chocolate Chip Cookies 145G;£0.80;£0.55/100g;Biscuits;Sweet Biscuits;null;null;null;null;null;null;null;null;
287661768;Maryland Soft Double Chocolate Chunk 200G;£1.00;£0.50/100g;Biscuits;Sweet Biscuits;null;null;null;null;null;null;null;null;
277804984;Maryland Gooeys Chocolate 160G;£0.99;£0.62/100g;Biscuits;Sweet Biscuits;null;null;null;null;null;null;null;null;
263845830;Maryland Mini Double Chocolate Cookies 150G 6 Pack;£1.29;£0.86/100g;Biscuits;Sweet Biscuits;null;null;null;null;null;null;null;null;
266294710;Maryland Big And Chunky White Chocolate Brownie 200G;£1.00;£0.50/100g;Biscuits;Sweet Biscuits;null;null;null;null;null;null;null;null;
276845401;Tesco Dark Chocolate And Hazelnut Cookies 150G;£0.89;£0.59/100g;Biscuits;Sweet Biscuits;530;6.0;null;29.5;30.9;12.6;3.7;null;
287661935;Maryland Soft Chocolate Caramel 200G;£1.00;£0.50/100g;Biscuits;Sweet Biscuits;null;null;null;null;null;null;null;null;
259481332;Tesco Everyday Value Chocolate Chip Cookie 250G;£0.40;£0.16/100g;Biscuits;Sweet Biscuits;495;6.3;null;31.3;22.7;11.3;1.2;0.6;
282720528;Tesco 5 Soft Cookies Chocolate Brownie 5X45g;£1.49;£0.66/100g;Biscuits;Sweet Biscuits;445;5.9;null;37.3;18.5;9.0;1.4;0.6;
258025719;Tesco Chocolate Chip Cookies 250G;£0.74;£0.30/100g;Biscuits;Sweet Biscuits;505;5.4;null;30.1;25.2;12.8;3.0;null;
256564003;Tesco Chunky Chocolate Cookies 200G;£1.39;£0.70/100g;Biscuits;Sweet Biscuits;499;6.0;null;39.3;25.0;13.4;2.4;0.5;
268725170;Maryland Chocolate Chip Cookies 230G;£1.00;£0.44/100g;Biscuits;Sweet Biscuits;null;null;null;null;2.4;null;null;null;
277805062;Maryland Gooey Triple Chocolate 160G;£0.99;£0.62/100g;Biscuits;Sweet Biscuits;null;null;null;null;null;null;null;null;
282720845;Tesco 5 Soft Cookies Milk Chocolate 5X45g;£1.49;£0.66/100g;Biscuits;Sweet Biscuits;473;6.4;null;32.3;22.7;10.7;1.5;0.5;
272652606;Maryland Chocolate Chip Cookie 460G;£1.89;£0.41/100g;Biscuits;Sweet Biscuits;null;null;null;null;null;null;null;null;
277805004;Maryland Gooey Hazelnut 160G;£0.99;£0.62/100g;Biscuits;Sweet Biscuits;null;null;null;null;null;null;null;null;
282720724;Tesco Soft Cookies Rainbow 5X41g;£1.49;£0.73/100g;Biscuits;Sweet Biscuits;457;5.6;null;31.4;20.1;8.7;2.6;0.4;
260932213;Bahlsen Zoo 125G;£1.29;£1.04/100g;Biscuits;Sweet Biscuits;null;null;null;null;null;null;null;null;
284212741;Fox's Party Fairytales 130G;£1.29;£0.99/100g;Biscuits;Sweet Biscuits;1869kJ 122kJ 8400kJ -;4.8;null;null;12;null;1.8;0.52;
276846141;Tesco Peanut Cookies 200G;£0.89;£0.45/100g;Biscuits;Sweet Biscuits;539;12.0;null;24.5;29.0;10.0;3.0;0.5;
280144637;Burtons Biscuits Jammie Dodgers 12S 210G;£0.67;£0.32/100g;Biscuits;Sweet Biscuits;null;null;null;null;null;null;null;null;
284045253;Dodgers Berry Blast 140G;£0.45;£0.32/100g;Biscuits;Sweet Biscuits;null;null;null;null;null;null;null;null;
276534204;The Biscuit Collection Rainbow Cookies 225G;£1.00;£0.44/100g;Biscuits;Sweet Biscuits;2085 kJ 391 kJ;4.6;null;null;24.6;null;2.7;0.63;
273949370;Fox's Raspberry And Cream Viennese Melts 120G;£1.00;£0.83/100g;Biscuits;Sweet Biscuits;2161kJ 350kJ 8400kJ -;4.9;null;null;28;null;1.6;0.67;
254921644;Foxs Party Rings 125G;£1.29;£1.04/100g;Biscuits;Sweet Biscuits;1868kJ 118kJ 8400kJ -;4.8;null;null;11;null;1.8;0.52;
282720626;Tesco Soft Cookies Flapjack 5X37g;£1.49;£0.78/100g;Biscuits;Sweet Biscuits;457;5.0;null;30.6;20.9;11.1;1.8;0.4;
286542102;Foxs Dark Chocolate Ginger Biscuits 130G;£1.79;£1.38/100g;Biscuits;Sweet Biscuits;512;5.4;null;null;28;null;5.8;0.46;
266349975;Foxs Moos Malted Milk Biscuit 200G;£1.29;£0.65/100g;Biscuits;Sweet Biscuits;null;6.6;null;null;21.8;null;2.0;null;
273813761;Foxs Chocolaty Chocolate Shortcake Rings 130G;£1.79;£1.38/100g;Biscuits;Sweet Biscuits;null;7.3;null;null;26.7;null;2.0;null;
277662886;Bn Vanilla 295G;£1.29;£0.44/100g;Biscuits;Sweet Biscuits;null;5.7;null;null;18.1;null;2.4;null;
273949341;Foxs Chocolate Viennese Melts 150G;£1.00;£0.83/100g;Biscuits;Sweet Biscuits;null;6.1;null;null;28.3;null;2.4;null;
277513384;Bn Chocolate 295G;£1.29;£0.44/100g;Biscuits;Sweet Biscuits;null;6.5;null;null;16.8;null;3.5;null;
284212614;Fox's Party Footballs 130G;£1.29;£0.99/100g;Biscuits;Sweet Biscuits;null;4.8;null;null;11.5;null;1.8;null;
268734625;Foxs Jam Sandwich Creams Big Value Twin Pack 2X150g;£1.00;£0.33/100g;Biscuits;Sweet Biscuits;null;6.1;null;null;23.3;null;2.0;null;
281865807;Barny Strawberry 5 Pack 150G;£1.69;£1.13/100g;Biscuits;Sweet Biscuits;1500 kJ 450 kJ -;4.6;null;null;11;null;1.3;0.78;
250139776;Caxton Pink And White Wafers 6 Pack;£0.50;£0.59/100g;Biscuits;Sweet Biscuits;null;5.7;null;null;0.8;null;2.1;0.18;
277474596;Little Treats Co 20 Chocolate Mini Men Biscuits 200G;£1.00;£0.50/100g;Biscuits;Sweet Biscuits;51;1.0;null;null;1.7;null;0.5;null;
254926253;Mcvities Jaffa Cakes Triple Pack 36S;£3.19;£0.09/each;Biscuits;Sweet Biscuits;null;4.9;null;null;8.0;null;2.2;0.24;
256328157;Tesco Buttery Viennese Fingers 150G;£1.39;£0.93/100g;Biscuits;Sweet Biscuits;533;6.5;null;31.4;29.4;16.4;2.1;0.6;
254924514;Tesco Jaffa Cakes 12 Pack;£0.83;£0.07/each;Biscuits;Sweet Biscuits;378;2.8;null;53.0;10.3;6.1;2.8;0.2;
254924537;Mcvities Jaffa Cakes 150G;£1.29;£0.00/g;Biscuits;Sweet Biscuits;null;4.9;null;null;8.0;null;2.2;0.24;
264923310;Oreo Chocolate Cookies 154G;£0.59;£0.38/100g;Biscuits;Sweet Biscuits;1955 kJ 215 kJ 3%;5.0;null;null;19;null;2.5;0.90;
255066698;Mcvities Jaffa Cakes Twin Pack 2X150g 24 Pack;£1.14;£0.05/each;Biscuits;Sweet Biscuits;null;4.9;null;null;8.0;null;2.2;0.24;
276776908;Lyons Toffypops 120G;£0.69;£0.58/100g;Biscuits;Sweet Biscuits;null;null;null;null;null;null;null;null;
268347830;Oreo Double Stuff 157G;null;null;Biscuits;Sweet Biscuits;2092kJ 297kJ;3.8;null;null;23;null;3.5;null;
281735046;Mcvities Bn Raspberry 295G;£1.29;£0.44/100g;Biscuits;Sweet Biscuits;null;5.5;null;null;8.6;null;2.6;null;
278003053;Jammie Dodgers 140G;£0.45;£0.32/100g;Biscuits;Sweet Biscuits;null;null;null;null;null;null;null;null;
264396691;Mikado Milk 75G;£1.00;£1.34/100g;Biscuits;Sweet Biscuits;2000 kJ 46 kJ <1%;7.80;null;null;19.0;null;3.0;null;
266045067;Tesco Chunky Chocolate Shortcakes 175G;£1.39;£0.79/100g;Biscuits;Sweet Biscuits;527;7.4;null;47.3;28.4;16.9;2.2;0.4;
264375347;Oreo Vanilla 154G;£0.59;£0.38/100g;Biscuits;Sweet Biscuits;2010 kJ 220 kJ 3%;5.0;null;null;20;null;2.5;0.90;
253908835;Tesco Everyday Value Jaffa Cakes 24 Pack;£0.95;£0.04/each;Biscuits;Sweet Biscuits;394;3.4;null;52.0;12.0;7.1;2.4;0.2;
252108977;Pink Panther Wafers 200G;£0.68;£0.34/100g;Biscuits;Sweet Biscuits;null;3.4;null;null;35.6;null;0.9;null;
286457119;Kit Kat 2 Finger Toffee Treat 8 Pack 166.4G;£1.00;£0.60/100g;Biscuits;Sweet Biscuits;2151kJ 452kJ 8400kJ -;6.4;null;null;25.4;null;1.5;0.27;
277474757;Little Treats Co 20 Gingerbread Mini Biscuit 200G;£1.00;£0.50/100g;Biscuits;Sweet Biscuits;44;0.6;null;null;1.1;null;0.2;null;
272616604;Oreo Vanilla 2 X 154G;£1.85;£0.60/100g;Biscuits;Sweet Biscuits;2010 kJ 220 kJ 3%;5,0;null;null;20;null;2,5;0,90;
283884672;Tesco Hippo Chalk Board Tin 125G;£5.00;£4.00/100g;Biscuits;Sweet Biscuits;480;7.0;null;20.5;16.5;7.5;1.5;0.7;
257605790;Mcvitie Light Digestive 400G;£1.09;£0.27/100g;Biscuits;Sweet Biscuits;null;7.3;null;null;14.4;null;3.6;1.2;
277493475;Arden And Amici Soft Amaretti 150G;£2.49;£1.66/100g;Biscuits;Sweet Biscuits;1962kJ 196kJ;13.2;null;null;24.8;null;5.0;0.10;
254802215;Tesco Reduced Fat Digestive Biscuits 400G;£0.69;£0.17/100g;Biscuits;Sweet Biscuits;460;6.6;null;21.0;15.6;6.9;3.4;1.0;
264379602;Deans All Butter Shortbread Fingers 125G;£0.99;£0.79/100g;Biscuits;Sweet Biscuits;514;5.1;null;null;25.8;null;1.4;0.6;
255404777;Mcvities Light Rich Tea 300G;£1.09;£0.36/100g;Biscuits;Sweet Biscuits;null;7.6;null;null;10.8;null;3.1;0.9;
280472254;Fox Cafe Hazlenut Slices 135G;£1.89;£1.40/100g;Biscuits;Sweet Biscuits;null;6.0;null;null;29.8;null;1.9;null;
255404760;Mcvities Light Milk Chocolate Digestives 300G;£1.75;£0.58/100g;Biscuits;Sweet Biscuits;null;7.3;null;null;15.8;null;3.3;1.0;
254766453;Tesco Reduced Fat Rich Tea Biscuits 300G;£0.69;£0.23/100g;Biscuits;Sweet Biscuits;425;8.1;null;20.1;8.7;3.3;3.4;0.7;
284685595;Ardens And Amici Catucci Virginia Pouch 120G;£1.69;£1.36/100g;Biscuits;Sweet Biscuits;2051kJ 103kJ;5.7;null;null;21.9;null;2.7;0.1;
253908213;Tesco Jaffa Cakes 36 Pack;£1.90;£0.05/each;Biscuits;Sweet Biscuits;378;2.8;null;53.0;10.3;6.1;2.8;0.2;
278856310;Fox Cafe Caramel Snaps 145G;£1.19;£0.82/100g;Biscuits;Sweet Biscuits;null;6.7;null;null;21.2;null;2.6;null;
264379619;Deans All Butter Shortbread Rounds 150G;£1.19;£0.79/100g;Biscuits;Sweet Biscuits;514;5.1;null;null;25.8;null;1.4;0.6;
280472087;Fox Caf Caramel Waffles 230G;£1.99;£0.87/100g;Biscuits;Sweet Biscuits;457 ;3.5;null;null;21.0;null;1.0;null;
267922773;Border Dark Chocolate Ginger Crunch 175G;£1.49;£0.85/100g;Biscuits;Sweet Biscuits;null;4.4;null;null;22.3;null;null;0.8;
261386569;Tesco Jammy Rings 140G;£0.59;£0.42/100g;Biscuits;Sweet Biscuits;438;4.6;null;38.2;14.3;6.4;2.1;0.4;
271999687;Dean's Shortbread Assortment 360G;£4.00;£1.12/100g;Biscuits;Sweet Biscuits;null;4.8;null;null;26.4;null;1.8;0.6;
264379591;Deans All Butter Petticoat Tails 125G;£0.99;£0.79/100g;Biscuits;Sweet Biscuits;null;5.1;null;null;25.8;null;1.4;0.6;
257206594;Doria Amaretti 250G;£1.99;£0.80/100g;Biscuits;Sweet Biscuits;414 ;6,3;79;null;7,5;null;null;0,32;
277511870;Arden And Amici Cantuccini 180G;£2.49;£1.39/100g;Biscuits;Sweet Biscuits;1922kJ 577kJ;11.8;null;null;17.6;null;2.9;0.20;
277511576;Arden And Amici Biscotti 180G;£2.49;£1.39/100g;Biscuits;Sweet Biscuits;1794kJ 538kJ;10.2;null;null;13.1;null;3.0;0.18;
264712256;Fudges Decandent Dark Chocolate Florentines 140G;£2.99;£2.14/100g;Biscuits;Sweet Biscuits;null;8.0;null;null;37.3;null;null;0.22;
280470982;Fox Caff Caramel Slices 135G;£1.89;£1.40/100g;Biscuits;Sweet Biscuits;null;5.6;null;null;24.6;null;1.5;null;
285769760;Kambly Eclats Noisettes Chocolate 100G;£2.00;£2.00/100g;Biscuits;Sweet Biscuits;548 ;9.6;null;null;40;null;null;0.23;
270916621;Tesco Finest Dark Chocolate Ginger Cookies 200G;£1.69;£0.85/100g;Biscuits;Sweet Biscuits;493;5.2;null;39.9;24.2;14.9;4.4;0.9;
285769345;Kambly Coeur Noissette Milk Chocolate 100G;£2.00;£2.00/100g;Biscuits;Sweet Biscuits;2094 kJ -;6.0;null;null;26;null;null;0.23;
285769466;Kambly Intense Orange Dark Chocolate 100G;£2.00;£2.00/100g;Biscuits;Sweet Biscuits;548 ;6.1;null;null;33;null;null;0.25;
258199403;Paterson's Shortbread Fingers 380G;£1.00;£0.26/100g;Biscuits;Sweet Biscuits;null;6.3;null;null;24.5;null;null;0.8;
276503979;Fudgesdelectable Dark Chocolate Flapjacks 250G;£2.99;£1.20/100g;Biscuits;Sweet Biscuits;null;5.5;null;null;20.6;null;null;0.42;
277018354;Tesco Finest Butterscotch Shortbread Thin 160G;£1.69;£1.06/100g;Biscuits;Sweet Biscuits;null;null;null;null;null;null;null;null;
285769938;Kambly Butterfly Almond Thin 100G;£1.49;£1.49/100g;Biscuits;Sweet Biscuits;2006 kJ -;7.3;null;null;18;null;null;0.47;
277473793;Lotus Biscoff Belgian Chocolate 154G;£1.49;£0.97/100g;Biscuits;Sweet Biscuits;496 ;5.4;null;null;22.0;null;2.0;0.80;
268347323;Jules Destrooper Butter Crisp 75 G;£1.19;£1.59/100g;Biscuits;Sweet Biscuits;null;5,9;74,7;null;16,3;null;null;0,5;
277552613;Fudges Belgian Milk Chocolate Florentines 140G;£2.99;£2.14/100g;Biscuits;Sweet Biscuits;null;7.2;null;null;33.8;null;null;0.28;
277473954;Lotus Biscoff Pocket Pack 180G;£1.09;£0.61/100g;Biscuits;Sweet Biscuits;484 ;4.9;null;null;19.0;null;1.3;0.92;
277552596;Loacker Napolitaner Wafer 90G;£0.99;£1.10/100g;Biscuits;Sweet Biscuits;519 ;8,1;59;null;27;null;null;0,33;
272621684;Fudges Dipped Ginger Biscuits 130G;£1.99;£1.54/100g;Biscuits;Sweet Biscuits;null;5.3;null;null;28.3;null;null;0.61;
277552573;Loacker Chocolate Wafer 90G;£0.99;£1.10/100g;Biscuits;Sweet Biscuits;511 ;7,7;59;null;26;null;null;0,31;
285768876;Kambly Coeur Truffle Dark Chocolate 100G;£2.00;£2.00/100g;Biscuits;Sweet Biscuits;532 ;5.1;null;null;30;null;null;0.13;
278636951;Tesco Finest Belgian Assortment Tin 400G;£5.99;£1.50/100g;Biscuits;Sweet Biscuits;524;5.8;null;40.4;27.4;16.2;2.5;0.3;
268347352;Jules Destrooper Chocolate Delight 98 G;£2.49;£2.55/100g;Biscuits;Sweet Biscuits;507kJ -;6,6;65,7;null;24,3;null;null;0,5;
277018624;Tesco Finest Lemon Shortbread Thins 160G;£1.69;£1.06/100g;Biscuits;Sweet Biscuits;526;4.6;null;8.7;27.5;18.7;2.0;0.7;
256089410;Tesco Finest Shortbread Fingers 165G;£1.29;£0.78/100g;Biscuits;Sweet Biscuits;515;5.1;null;13.7;25.8;16.6;1.2;0.7;
279506504;Tesco Finest Rose Shortbread 150G;£1.99;£1.33/100g;Biscuits;Sweet Biscuits;526;5.1;null;32.3;26.6;16.5;2.1;0.5;
257757776;Tesco Scottish All Butter Chocolate Chip Shortbread 160G;null;null;Biscuits;Sweet Biscuits;522;7.1;null;19.0;29.1;18.1;2.6;0.5;
257911663;Tesco Finest Scottish Shortbread Assortment 400G;£2.79;£0.70/100g;Biscuits;Sweet Biscuits;515;5.1;null;13.7;25.8;16.6;1.2;0.7;
270916765;Tesco Finest Fruit And Oat Cookies 200G;£1.69;£0.85/100g;Biscuits;Sweet Biscuits;454;5.4;null;31.8;20.2;13.9;4.5;0.9;
259850754;Tesco Thick All Butter Shortbread Fingers 250G;£0.89;£0.36/100g;Biscuits;Sweet Biscuits;507;5.7;null;14.6;26.4;16.2;3.2;0.7;
267478555;Tesco Finest Stem Ginger Cookies 200G;£1.69;£0.85/100g;Biscuits;Sweet Biscuits;469;4.2;null;32.4;19.9;11.3;2.5;1.1;
284478982;Tesco Finest Cantuccini Biscuits 170G;£2.00;£1.18/100g;Biscuits;Sweet Biscuits;457;10.0;null;30.0;19.0;3.2;3.2;0.2;
277018711;Tesco Finest Treacle Oat Biscuits 200G;£1.69;£0.85/100g;Biscuits;Sweet Biscuits;2115kJ 425kJ;4.5;null;null;23.4;null;1.0;1.2;
262109206;Jutrzenka Familijne Hazelnut Wafers 180G;£0.50;£0.28/100g;Biscuits;Sweet Biscuits;null;2;null;7;null;null;0;null;
279506430;Tesco Finest Earl Grey Shortbread 150G;£1.99;£1.33/100g;Biscuits;Sweet Biscuits;537;5.9;null;24.2;30.4;18.9;3.5;0.5;
255418640;Tesco Finest Quadruple Chocolate Cookie 200G;£1.69;£0.85/100g;Biscuits;Sweet Biscuits;485;6.4;null;34.1;23.9;14.6;2.8;0.7;
282248189;Big Hoops Barbecue 96G;£1.00;£0.00/g;Crisps, Snacks & Nuts;Crisps & Snacks;2109kJ 506kJ;3.7;null;null;27;null;2.6;1.8;
277289971;Golden Wonder Onion Rings 8 For 6 Pack;£1.00;£0.69/100g;Crisps, Snacks & Nuts;Crisps & Snacks;null;null;null;null;null;null;null;null;
285499445;Golden Cross Party Mix Jalepeno 150G;£1.00;£0.67/100g;Crisps, Snacks & Nuts;Crisps & Snacks;1941 kJ -;4,4;null;null;19,4;null;null;3,7;
283445449;Jacobs Crinklys Cheese Onion 7Pk;£1.00;£0.57/100g;Crisps, Snacks & Nuts;Crisps & Snacks;null;8.5;null;null;22.1;null;2.9;1.6;
287247502;Hula Hoops Puft Salt And Vinegar 6X15g;£1.75;£1.95/100g;Crisps, Snacks & Nuts;Crisps & Snacks;2006kJ 301kJ;8.1;null;null;20;null;3.9;2.0;
261600265;Doritos Variety 12 Pack;£2.95;£0.82/100g;Crisps, Snacks & Nuts;Crisps & Snacks;619kJ 2064kJ;2.0;null;null;7.6(11%*);null;2.0;0.41(7%*);
287662600;Golden Wonder Bacon Grills;£1.00;£1.00/each;Crisps, Snacks & Nuts;Crisps & Snacks;null;null;null;null;null;null;null;null;
258238738;Doritos Chilli Heatwave 6 Pack;£1.50;£0.83/100g;Crisps, Snacks & Nuts;Crisps & Snacks;619kJ 2064kJ;2.0;null;null;7.6(11%*);null;2.0;0.41(7%*);
287318531;Jacobs Crinklys Bacon 7 X 25G;£1.00;£0.57/100g;Crisps, Snacks & Nuts;Crisps & Snacks;null;8.1;null;null;22.0;null;2.6;1.4;
285385539;Branston Cheese And Pickle Peanuts 150G;£1.00;£0.00/g;Crisps, Snacks & Nuts;Crisps & Snacks;2133kJ 533kJ;17.2;null;null;31.2;null;6.1;1.77;
287662525;Golden Wonder Transforma Saucy Barbecue;£1.00;£1.00/each;Crisps, Snacks & Nuts;Crisps & Snacks;null;null;null;null;null;null;null;null;
283447286;Golden Wonder Ringos Beef Flavour 6 Pack 84G;£1.48;£1.77/100g;Crisps, Snacks & Nuts;Crisps & Snacks;null;4.4;null;null;23.4;null;2.2;3.6;
272878397;Golden Wonder Ringos Salt And Vinegarcrisps6pk;£1.48;£1.55/100g;Crisps, Snacks & Nuts;Crisps & Snacks;null;null;null;null;null;null;null;null;
272878149;Golden Wonder Ringos Cheese And Onion 6 Pack;£1.48;£1.55/100g;Crisps, Snacks & Nuts;Crisps & Snacks;null;null;null;null;null;null;null;null;
287233550;Hula Hoops Puft Cheese 6X15g;£1.75;£1.95/100g;Crisps, Snacks & Nuts;Crisps & Snacks;1975kJ 296kJ;8.8;null;null;20;null;4.1;2.0;
251672476;Doritos Tangy Cheese 6 Pack;£1.50;£0.83/100g;Crisps, Snacks & Nuts;Crisps & Snacks;625kJ 2084kJ;2.0;null;null;7.9(11%*);null;2.0;0.38(6%*);
259009369;Doritos Cool Original 6X30g;£1.50;£0.83/100g;Crisps, Snacks & Nuts;Crisps & Snacks;623kJ 2077kJ;2.1;null;null;7.9(11%*);null;2.0;0.57(10%*);
287233596;Hula Hoops Puft Salted 6X15g;£1.75;£1.95/100g;Crisps, Snacks & Nuts;Crisps & Snacks;2023kJ 303kJ;8.3;null;null;21;null;4.0;1.8;
276928920;Butterkist Toffee Popcorn 6X25g;£1.00;£0.67/100g;Crisps, Snacks & Nuts;Crisps & Snacks;1767 kJ 442 kJ - (8400kJ);1.8;null;null;9.3;null;3.4;1.42;
287318410;Jacobs Crinklys Salt And Vinegar 7 X 25G;£1.00;£0.57/100g;Crisps, Snacks & Nuts;Crisps & Snacks;null;8.1;null;null;22.0;null;2.6;1.7;
272652658;Jacobs Mini Cheddar Original 15X25g;£3.39;£0.90/100g;Crisps, Snacks & Nuts;Crisps & Snacks;null;10.7;null;null;29.5;null;2.5;2.4;
251228859;Jacobs Mini Cheddars 12 Pack;£2.75;£0.92/100g;Crisps, Snacks & Nuts;Crisps & Snacks;null;10.7;null;null;29.5;null;2.5;2.4;
274246923;Kp Discos Assorted 6X28g;£1.88;£0.84/100g;Crisps, Snacks & Nuts;Crisps & Snacks;null;3.6;null;null;28.2;null;2.0;null;
288015482;Kp Frisps Assorted 6 Pack;£1.00;£1.00/each;Crisps, Snacks & Nuts;Crisps & Snacks;null;6.5;null;null;33.1;null;2.4;null;
258442634;Jacobs Mini Cheddars Variety 7 Pack;£1.00;£0.57/100g;Crisps, Snacks & Nuts;Crisps & Snacks;null;9.3;null;null;30.3;null;2.6;1.8;
282762910;Kp Hula Hoops Family 7 X 24G;£1.75;£1.05/100g;Crisps, Snacks & Nuts;Crisps & Snacks;2137kJ 513kJ;3.7;null;null;27;null;2.5;1.8;
268574825;Kettle Matr/Ched And R/Onion Crisp 5X30g;£1.79;£1.20/100g;Crisps, Snacks & Nuts;Crisps & Snacks;505 ;7.1;null;null;28.9;null;6.2;1.1;
267485108;Kettle Variety Crisps 5 Pack 5 Pack;£1.79;£1.20/100g;Crisps, Snacks & Nuts;Crisps & Snacks;2139 kJ -;5.8;null;null;30.1;null;6.5;0.9;
282763863;Kp Hula Hoops Classic 12X24g;£2.75;£0.96/100g;Crisps, Snacks & Nuts;Crisps & Snacks;2137kJ 513kJ;3.7;null;null;27;null;2.5;1.8;
282763045;Kp Hula Hoops Meaty 7 X 24G;£1.75;£1.05/100g;Crisps, Snacks & Nuts;Crisps & Snacks;2127kJ 510kJ;3.8;null;null;27;null;2.2;1.8;
253677957;Jacobs Twiglets Snacks 6X24g;£0.98;£0.68/100g;Crisps, Snacks & Nuts;Crisps & Snacks;null;12.6;null;null;11.4;null;10.8;2.0;
272782832;Kp Discos Assorted 12X28g;£2.99;£0.89/100g;Crisps, Snacks & Nuts;Crisps & Snacks;null;3.6;null;null;28.2;null;2.0;null;
267485362;Kettle Lightly Salted Crisps 5X30g;£1.79;£1.20/100g;Crisps, Snacks & Nuts;Crisps & Snacks;513 ;5.8;null;null;30.1;null;6.5;0.9;
282763765;Kp Hula Hoops Original 12X24g;£2.75;£0.96/100g;Crisps, Snacks & Nuts;Crisps & Snacks;2121kJ 509kJ;3.3;null;null;26;null;2.2;1.8;
282763114;Kp Hula Hoops Barbecue Beef 7 X 24G;£1.75;£1.05/100g;Crisps, Snacks & Nuts;Crisps & Snacks;2111kJ 507kJ;3.7;null;null;26;null;2.2;2.3;
282746659;Kp Hula Hoops Original Snacks 7X24g;£1.75;£1.05/100g;Crisps, Snacks & Nuts;Crisps & Snacks;2121kJ 509kJ;3.3;null;null;26;null;2.2;1.8;
268574819;Kettle Sea Salt & Balsamic Vinegar 5X30g;£1.79;£1.20/100g;Crisps, Snacks & Nuts;Crisps & Snacks;2094 kJ -;5.4;null;null;28.4;null;6.1;1.9;
282246992;Jacobs Mini Cheddars Cheese And Onion 7 Pack;£1.00;£0.57/100g;Crisps, Snacks & Nuts;Crisps & Snacks;null;9.2;null;null;29.9;null;3.0;1.8;
260089681;Jacobs Mini Cheddars Original 7 Pack;£1.00;£0.29/100g;Crisps, Snacks & Nuts;Crisps & Snacks;null;10.6;null;null;29.2;null;2.5;2.5;
282247259;Jacobs Mini Cheddars Variety 12 Pack;£2.75;£0.23/each;Crisps, Snacks & Nuts;Crisps & Snacks;null;9.3;null;null;30.3;null;2.6;1.8;
272783174;Kp Skips Prawn Cocktail 12X14.4G;£2.99;£1.74/100g;Crisps, Snacks & Nuts;Crisps & Snacks;2272kJ 327kJ;4.9;null;null;32;null;0.7;2.3;
272783330;Kp Wheat Crunchies Assorted 12X25g;£2.99;£1.00/100g;Crisps, Snacks & Nuts;Crisps & Snacks;2081kJ 520kJ;9.0;null;null;25;null;3.3;1.3;
276373204;Mccoys Classic Crisps 6X30g;£1.00;£0.56/100g;Crisps, Snacks & Nuts;Crisps & Snacks;2187kJ 656kJ;6.8;null;null;30;null;4.1;1.5;
287134431;Kp Nik Naks Assorted 7X25g;£1.00;£0.57/100g;Crisps, Snacks & Nuts;Crisps & Snacks;2363kJ 591kJ;6.2;null;null;36;null;0.5;1.8;
282763609;Kp Hula Hoops Salt And Vinegar 7X24g;£1.75;£1.05/100g;Crisps, Snacks & Nuts;Crisps & Snacks;2118kJ 508kJ;3.2;null;null;27;null;2.2;2.5;
276534343;Marmite Crisps 6Pack;£1.70;£0.28/each;Crisps, Snacks & Nuts;Crisps & Snacks;null;null;null;null;null;null;null;null;
287128560;Kp Skips Prawn Cocktail 7X14.4G;null;null;Crisps, Snacks & Nuts;Crisps & Snacks;2272kJ 327kJ;4.9;null;null;32;null;0.7;2.3;
287187114;Pom Bear Cheese 6X19g;£1.00;£0.88/100g;Crisps, Snacks & Nuts;Crisps & Snacks;2149 kJ 408 kJ;3.9;null;null;29;null;2.8;1.5;
282764009;Kp Hula Hoops Variety 16X24g;£3.70;£0.96/100g;Crisps, Snacks & Nuts;Crisps & Snacks;2137kJ 513kJ;3.7;null;null;27;null;2.5;1.8;
282764263;Mccoys Classic Crisps 14X30g;null;null;Crisps, Snacks & Nuts;Crisps & Snacks;2187kJ 656kJ;6.8;null;null;30;null;4.1;1.5;
279818844;Mccoys Salt And Vinegar Crisps 6 X 30G;£1.00;£0.56/100g;Crisps, Snacks & Nuts;Crisps & Snacks;2187kJ 656kJ;6.4;null;null;31;null;3.9;2;
280137963;Mini Cheddars £1Pm Sharing Bag 125G;£1.00;£0.80/100g;Crisps, Snacks & Nuts;Crisps & Snacks;null;null;null;null;null;null;null;null;
273926276;Kp Wheat Crunchies Crispy Bacon 6X25g;£1.88;£1.26/100g;Crisps, Snacks & Nuts;Crisps & Snacks;2070kJ 518kJ;9.3;null;null;25;null;3.3;1.8;
282764355;Mccoy's Meaty Crisps 14X30g;£3.89;£0.93/100g;Crisps, Snacks & Nuts;Crisps & Snacks;2193kJ 658kJ;6.7;null;null;31;null;4.0;1.5;
287134912;Kp Nik Naks Nice And Spicy 7X25g;£1.00;£0.57/100g;Crisps, Snacks & Nuts;Crisps & Snacks;2361kJ 590kJ;6.1;null;null;36;null;0.5;1.8;
273912275;Mr Porky Pork Crackles 6 Pack;£1.69;£1.41/100g;Crisps, Snacks & Nuts;Crisps & Snacks;null;8.7;null;null;8.2;null;0.3;null;
279797694;Mccoys Flame Grilled Crisps 6 X 30G;£1.00;£0.56/100g;Crisps, Snacks & Nuts;Crisps & Snacks;2197kJ 659kJ;6.9;null;null;31;null;3.9;1.5;
279817920;Mccoys Mighty Meat Crisps 6 Pack 30G;£1.00;£0.00/100g;Crisps, Snacks & Nuts;Crisps & Snacks;2193kJ 658kJ;6.7;null;null;31;null;4.0;1.5;
272783059;Kp Nik Naks Assorted 12X25g;£2.99;£1.00/100g;Crisps, Snacks & Nuts;Crisps & Snacks;null;4.9;null;null;37.7;null;1.6;null;
279738086;Mccoys Cheese And Onion Crisps 6 X 30G;£1.00;£0.56/100g;Crisps, Snacks & Nuts;Crisps & Snacks;2187kJ 656kJ;6.8;null;null;30;null;4.1;1.5;
263082712;Pom Bear Cheese And Onion Snacks 6X19g;£1.00;£0.88/100g;Crisps, Snacks & Nuts;Crisps & Snacks;2090 kJ 397 kJ;4.3;null;null;25;null;2.0;1.4;
275594831;Seabrook Variety Crisps 6 Pack;£1.00;£0.67/100g;Crisps, Snacks & Nuts;Crisps & Snacks;524kJ 2095kJ;1.5;null;0.1;7.2;0.6;null;0.5;
263082666;Pom Bear Original Snacks 6X19g;£1.00;£0.88/100g;Crisps, Snacks & Nuts;Crisps & Snacks;2094 kJ 398 kJ;3.3;null;null;25;null;1.7;1.4;
275594819;Seabrook Cut Sea Salted Crisps 6 Pack;£1.00;£0.56/100g;Crisps, Snacks & Nuts;Crisps & Snacks;539kJ 2157kJ;1.4;null;0.1;7.8;0.9;null;0.3;
279749695;Tesco Crunchy Claws 6 X 20G Snack;£0.99;£0.83/100g;Crisps, Snacks & Nuts;Crisps & Snacks;517;6.5;null;4.7;26.3;2.1;0.8;1.7;
276601788;Space Raiders Pickled Onion 10X13g;£1.56;£1.20/100g;Crisps, Snacks & Nuts;Crisps & Snacks;2047kJ 266kJ;6.0;null;null;23;null;1.2;3.3;
277803300;Space Raiders Beef 10X13g;£1.56;£5.20/100g;Crisps, Snacks & Nuts;Crisps & Snacks;2065kJ 268kJ;6.6;null;null;23;null;1.0;2.3;
275576755;Seabrook Prawn Cocktail Crisps 6 Pack;£1.00;£0.67/100g;Crisps, Snacks & Nuts;Crisps & Snacks;560kJ 2241kJ;1.3;null;0.9;8.6;0.9;null;0.4;
257429508;Tesco Everyday Value Snack Assortment 12 Pack;£0.59;£0.30/100g;Crisps, Snacks & Nuts;Crisps & Snacks;505;6.1;null;6.7;25.3;2.5;2.7;1.5;
262198986;Tesco Everyday Value Potato Rings Snacks 8X20g;£0.79;£0.49/100g;Crisps, Snacks & Nuts;Crisps & Snacks;484;4.5;null;0.5;21.5;1.9;1.6;1.2;
266992346;Tesco Cheese Puffs Snacks 6X20g;£0.99;£0.83/100g;Crisps, Snacks & Nuts;Crisps & Snacks;550;4.9;null;0.5;34.6;3.9;1.6;1.7;
284863148;Pom Bear Original 14X19g;£3.00;£1.13/100g;Crisps, Snacks & Nuts;Crisps & Snacks;2094 kJ 398 kJ;3.3;null;null;25;null;1.7;1.4;
266992402;Tesco Bacon Rashers Snacks 6X25g;£0.99;£0.66/100g;Crisps, Snacks & Nuts;Crisps & Snacks;478;8.7;null;2.6;22.4;2.2;3.0;2.2;
266992362;Tesco Cheese Curls Snacks 6X17g;£0.99;£0.97/100g;Crisps, Snacks & Nuts;Crisps & Snacks;530;3.5;null;3.0;32.0;3.3;1.9;2.5;
284539965;T.Snakes And Ladders Prawn Cocktail 6X20g;£1.00;£0.83/100g;Crisps, Snacks & Nuts;Crisps & Snacks;491;6.1;null;2.4;21.7;1.6;1.9;1.3;
254926725;Tesco Cheese And Onion Crisps 6X25g;£0.99;£0.66/100g;Crisps, Snacks & Nuts;Crisps & Snacks;533;5.4;null;2.3;31.8;2.7;3.2;1.3;
266992460;Tesco Crispy Fries 6X19g;£0.99;£0.87/100g;Crisps, Snacks & Nuts;Crisps & Snacks;479;5.5;null;2.0;22.9;2.1;3.1;1.7;
257178862;Tesco Everyday Value Ready Salted Crisps 12 Pack;£0.66;£0.31/100g;Crisps, Snacks & Nuts;Crisps & Snacks;533;5.0;null;0.7;32.7;3.3;3.8;1.0;
275603776;Seabrook Cut Cheese And Onion Crisps 6 Pack;£1.00;£0.67/100g;Crisps, Snacks & Nuts;Crisps & Snacks;559kJ 2235kJ;1.5;null;0.4;8.3;0.9;null;0.4;
275575946;Seabrook Beefy Crisps 6 Pack;£1.00;£0.67/100g;Crisps, Snacks & Nuts;Crisps & Snacks;538kJ 2150kJ;1.9;null;0.3;7.2;0.7;null;0.4;
268502733;Tesco Everyday Value Variety Crisps 12X18g;£0.66;£0.31/100g;Crisps, Snacks & Nuts;Crisps & Snacks;529;5.0;null;2.4;31.7;3.2;3.7;3.5;
286730579;Tesco Onion Rings 6 Pack;£0.99;£0.17/each;Crisps, Snacks & Nuts;Crisps & Snacks;500;6.3;null;6.1;24.6;2.0;1.5;2.3;
286789187;Tesco Finest Variety Hand Cooked Crisps 6X25g;£1.99;£1.33/100g;Crisps, Snacks & Nuts;Crisps & Snacks;519;5.1;null;2.5;28.8;2.4;2.5;2.1;
282997338;Tyrrells Lightly Salted 6X25g;£1.79;£1.20/100g;Crisps, Snacks & Nuts;Crisps & Snacks;493;7.7;58.9;null;null;null;2.6;null;
254926662;Tesco Ready Salted Crisps 6X25g;£0.99;£0.66/100g;Crisps, Snacks & Nuts;Crisps & Snacks;544;5.0;null;0.4;33.2;2.8;1.8;1.2;
286788948;Tfin* Crisps Sea Salt And Vinegar Hand Cooked6x25g;£1.99;£1.33/100g;Crisps, Snacks & Nuts;Crisps & Snacks;519;5.1;null;2.5;28.8;2.4;2.5;2.1;
284539913;Tesco Snakes And Ladders Salt And Vinegar 6X20g;£1.00;£0.83/100g;Crisps, Snacks & Nuts;Crisps & Snacks;488;5.4;null;2.1;20.5;1.6;1.3;1.3;
286717417;Tesco Variety Crisps 30Pk;£2.99;£0.10/each;Crisps, Snacks & Nuts;Crisps & Snacks;524;4.8;null;0.7;31.0;2.6;3.8;2.1;
282665294;Tesco Variety Snacks 18X17g;£1.49;£0.49/100g;Crisps, Snacks & Nuts;Crisps & Snacks;500;6.3;null;6.1;24.6;2.0;1.5;2.3;
253746528;Tesco Shake To Salt Crisps 6X24g;£0.99;£0.69/100g;Crisps, Snacks & Nuts;Crisps & Snacks;527;5.0;null;0.7;32.3;3.2;3.7;2.2;
268396229;Tesco Ridge Meaty Crisps 6X30g;£0.99;£0.55/100g;Crisps, Snacks & Nuts;Crisps & Snacks;520;7.0;null;2.2;29.3;2.9;4.2;1.1;
254926691;Tesco Salt And Vinegar Crisps 6X25g;£0.99;£0.66/100g;Crisps, Snacks & Nuts;Crisps & Snacks;524;4.8;null;0.7;31.0;2.6;3.8;2.1;
272708087;Tesco Variety Crisps 16X25g Pack;£1.99;£0.50/100g;Crisps, Snacks & Nuts;Crisps & Snacks;524;4.8;null;0.7;31.0;2.6;3.8;2.1;
268396241;Tesco Meaty Variety Crisps 6X25g;£0.99;£0.66/100g;Crisps, Snacks & Nuts;Crisps & Snacks;529;5.5;null;1.7;31.1;2.6;3.5;1.2;
272707819;Tesco Meaty Variety Crisps 16X25g;£1.99;£0.50/100g;Crisps, Snacks & Nuts;Crisps & Snacks;529;5.5;null;1.7;31.1;2.6;3.5;1.2;
286730510;Tesco Variety Snacks 30Pk;£2.99;£0.10/each;Crisps, Snacks & Nuts;Crisps & Snacks;null;null;null;null;null;null;null;null;
284349487;Tesco Prawn Shells 6 Pack;£0.99;£0.17/each;Crisps, Snacks & Nuts;Crisps & Snacks;531;6.1;null;8.9;29.3;2.7;1.0;2.3;
286717509;Tesco Meaty Variety Crisps 30Pk;£2.99;£0.10/each;Crisps, Snacks & Nuts;Crisps & Snacks;533;5.4;null;2.3;31.8;2.7;3.2;1.3;
268414935;Tesco Ridge Variety Crisps 6X30g;£0.99;£0.55/100g;Crisps, Snacks & Nuts;Crisps & Snacks;505;6.7;null;0.6;27.6;2.8;6.6;1.9;
254927010;Tesco Variety Crisps 6X25g;£0.99;£0.66/100g;Crisps, Snacks & Nuts;Crisps & Snacks;524;4.8;null;0.7;31.0;2.6;3.8;2.1;
277744110;Walkers Baked Stars Orignal 6 Pack 23G;£1.00;£0.73/100g;Crisps, Snacks & Nuts;Crisps & Snacks;397kJ 1724kJ;1.6;null;null;1.8(3%*);null;1.1;0.25(4%*);
280771551;Walkers Deep Ridged Mature Cheddar &Onion Crisps 5 Pack;£1.50;£1.08/100g;Crisps, Snacks & Nuts;Crisps & Snacks;605 kJ 2162 kJ;1.8;null;null;8.6(12%*);null;1.2;0.46(8%*);
282512251;Walkers Crinkles Sea Salted 5 Pack;£1.50;£1.08/100g;Crisps, Snacks & Nuts;Crisps & Snacks;636kJ 2272kJ;1.6;null;null;9.7 (14%*);null;1.0;0.34 (6%*);
287413660;Walkers French Fries Crisps 24X18g;£4.00;£0.93/100g;Crisps, Snacks & Nuts;Crisps & Snacks;331 kJ 1839 kJ;0.9;null;null;2.9  (4%*);null;0.9;0.41  (7%*);
280771885;Walkers Deep Ridged Ready Salted Crisps 5 Pack;£1.50;£1.08/100g;Crisps, Snacks & Nuts;Crisps & Snacks;617kJ 2202kJ;1.8;null;null;9.0(13%*);null;1.3;0.35(6%*);
262057290;Walkers Baked Sour Cream And Chive 6X25g;£1.00;£0.67/100g;Crisps, Snacks & Nuts;Crisps & Snacks;433 kJ 1733 kJ;1.8;null;null;2.1  (3%*);null;1.2;0.28  (5%*);
280771919;Walkers Deep Ridged Salt And Malt Vinegar Crisps 5 Pack;£1.50;£1.08/100g;Crisps, Snacks & Nuts;Crisps & Snacks;598 kJ 2136 kJ;1.7;null;null;8.4(12%*);null;1.2;0.49(8%*);
283467095;Walkers Baked Stars Pepperoni 6 Pack;£1.00;£0.17/each;Crisps, Snacks & Nuts;Crisps & Snacks;398kJ 1729kJ;1.6;null;null;1.9(3%*);null;1.1;0.25(4%*);
272898874;Walkers Baked Stars Cheese And Onion Crisps 6 Pack;£1.00;£0.73/100g;Crisps, Snacks & Nuts;Crisps & Snacks;398kJ 1729kJ;1.6;null;null;1.9(3%*);null;1.1;0.25(4%*);
264351491;Walkers Frazzles Bacon Snacks 8 Pack;£1.00;£0.54/100g;Crisps, Snacks & Nuts;Crisps & Snacks;464kJ 2016kJ;1.5;null;null;5.2(7%*);null;0.3;0.63(11%*);
259738773;Walkers Cheese And Onion Crisps 6X25g;£1.50;£1.00/100g;Crisps, Snacks & Nuts;Crisps & Snacks;542kJ 2168kJ;1.6;null;null;7.7(11%*);null;1.1;0.31(5%*);
264356330;Walkers Cheese And Onion Crisps 12X25g;£2.95;£0.98/100g;Crisps, Snacks & Nuts;Crisps & Snacks;542kJ 2168kJ;1.6;null;null;7.7(11%*);null;1.1;0.31(5%*);
282512049;Walkers Crinkles Sour Cream And Onion Crisps 5 Pack;£1.50;£1.08/100g;Crisps, Snacks & Nuts;Crisps & Snacks;627kJ 2241kJ;1.6;null;null;9.4 (13%*);null;1.0;0.32 (5%*);
260733374;Walkers Baked Salt And Vinegar 6X25g;£1.00;£0.67/100g;Crisps, Snacks & Nuts;Crisps & Snacks;429 kJ 1714 kJ;1.7;null;null;2.0  (3%*);null;1.2;0.23  (4%*);
260733380;Walkers Baked Variety Crisps 6X25g;£1.00;£0.67/100g;Crisps, Snacks & Nuts;Crisps & Snacks;429 kJ 1714 kJ;1.7;null;null;2.0  (3%*);null;1.2;0.23  (4%*);
268427528;Walkers Crinkles Salt And Malt Vinegar 5X28g;£1.50;£0.89/100g;Crisps, Snacks & Nuts;Crisps & Snacks;621kJ 2217kJ;1.5;null;null;9.3 (13%*);null;1.0;0.43 (7%*);
264351715;Walkers Chipsticks Salt And Vinegar Snacks 8 Pack;£1.00;£0.56/100g;Crisps, Snacks & Nuts;Crisps & Snacks;458 kJ 2036 kJ;1.3;null;null;5.2 (7%*);null;0.3;0.57 (10%*);
280771706;Walkers Deep Ridged Flamegrilled Steak Crisps 5 Pack;£1.50;£1.08/100g;Crisps, Snacks & Nuts;Crisps & Snacks;603 kJ 2152 kJ;1.8;null;null;8.4(12%*);null;1.2;0.43(7%*);
282511908;Walkers Crinkles Cheddar And Onion 5X28g;£1.50;£1.08/100g;Crisps, Snacks & Nuts;Crisps & Snacks;626kJ 2234kJ;1.6;null;null;9.3 (13%*);null;1.0;0.34 (6%*);
272898690;Walkers Baked Stars Salt And Vinegar Crisps 6X23g;£1.00;£0.73/100g;Crisps, Snacks & Nuts;Crisps & Snacks;397kJ 1726kJ;1.5;null;null;1.8(3%*);null;1.1;0.25(4%*);
278583995;Walkers French Fries Ready Salted 6 Pack 19G;£1.50;£0.25/each;Crisps, Snacks & Nuts;Crisps & Snacks;328 kJ 1822 kJ;0.9;null;null;2.9  (4%*);null;0.9;0.45  (8%*);
266205587;Walkers French Fries Worcester Sauce 6X19g;£1.50;£1.32/100g;Crisps, Snacks & Nuts;Crisps & Snacks;333 kJ 1850 kJ;1.1;null;null;3.0  (4%*);null;0.9;0.36  (6%*);
278637731;Walkers Hoops And Crosses Roast Beef 6X18g;£1.00;£0.93/100g;Crisps, Snacks & Nuts;Crisps & Snacks;358kJ 1987kJ;1.3;null;null;3.8(5%*);null;1.1;0.27(4%*);
261601189;Walkers Monster Munch Variety Snacks 12 Pack;£2.95;£0.98/100g;Crisps, Snacks & Nuts;Crisps & Snacks;453 kJ 2059 kJ;1.5;null;null;5.5  (8%*);null;0.3;0.37  (6%*);
282149433;Walkers Pops Meltd Cheese And Bacon 6 Pack 19G;£1.16;£10.18/kg;Crisps, Snacks & Nuts;Crisps & Snacks;355kJ 1867kJ;0.8;null;null;2.7 (4%*);null;0.6;0.38 (6%*);
279362950;Walkers Mighty Lightly Salted Crisps 6 Pack 150G;£1.00;£0.67/100g;Crisps, Snacks & Nuts;Crisps & Snacks;477kJ 1907kJ;2.1;null;null;4.7 (7%*);null;1.2;0.28 (5%*);
279819134;Walkers Mighty Lights Roast Chicken Crisps 6X25g;£1.00;£0.67/100g;Crisps, Snacks & Nuts;Crisps & Snacks;477kJ 1906kJ;2.1;null;null;4.7 (7%*);null;1.2;0.28 (5%*);
259916948;Walkers Monster Munch Pickled Onion Snacks 6 Pack;£1.50;£1.14/100g;Crisps, Snacks & Nuts;Crisps & Snacks;453 kJ 2061 kJ;1.3;null;null;5.5 (8%*);null;0.4;0.34 (6%*);
268352996;Walkers French Fries Variety 12X19g;£2.95;£1.30/100g;Crisps, Snacks & Nuts;Crisps & Snacks;328 kJ 1822 kJ;0.9;null;null;2.9  (4%*);null;0.9;0.45  (8%*);
278651638;Walkers Hoops And Crosses Prawn Cocktail 6 Pack 18G;£1.00;£0.93/100g;Crisps, Snacks & Nuts;Crisps & Snacks;356kJ 1976kJ;1.2;null;null;3.8(5%*);null;1.0;0.30(5%*);
254928412;Walkers French Fries Variety 6X19g;£1.50;£1.32/100g;Crisps, Snacks & Nuts;Crisps & Snacks;331 kJ 1839 kJ;0.9;null;null;2.9  (4%*);null;0.9;0.41  (7%*);
287417990;Walkers Monster Munch Crisps 24X22g;£4.00;£0.76/100g;Crisps, Snacks & Nuts;Crisps & Snacks;453 kJ 2059 kJ;1.5;null;null;5.5  (8%*);null;0.3;0.37  (6%*);
282149502;Walkers Pops Original 6 Pack 19G;£1.16;£10.18/kg;Crisps, Snacks & Nuts;Crisps & Snacks;355kJ 1868kJ;0.8;null;null;2.7 (4%*);null;0.6;0.38 (6%*);
272407218;Walkers Meaty Crisps 12X25g;£2.95;£0.59/100g;Crisps, Snacks & Nuts;Crisps & Snacks;542kJ 2169kJ;1.5;null;null;7.6(11%*);null;1.0;0.33(5%*);
287418482;Walkers Meaty Crisps 24X25g;£3.00;£0.50/100g;Crisps, Snacks & Nuts;Crisps & Snacks;543kJ 2171kJ;1.6;null;null;7.7 (11%*);null;1.1;0.32 (5%*);
287418522;Walkers Meaty Crisps 18X25g;£3.50;£0.78/100g;Crisps, Snacks & Nuts;Crisps & Snacks;540kJ 2159kJ;1.6;null;null;7.6(11%*);null;1.1;0.32(5%*);
266203330;Walkers Meaty Crisps 6X25g;£1.50;£1.00/100g;Crisps, Snacks & Nuts;Crisps & Snacks;542kJ 2169kJ;1.5;null;null;7.6(11%*);null;1.1;0.33(5%*);
279362570;Walkers Mighty Lights Cheese And Onion Crisp 150G;£1.00;£0.67/100g;Crisps, Snacks & Nuts;Crisps & Snacks;476kJ 1904kJ;2.3;null;null;4.8 (7%*);null;1.3;0.28 (5%*);
265049554;Walkers Monster Munch Roast Beef Snacks 6 Pack;£1.50;£1.00/100g;Crisps, Snacks & Nuts;Crisps & Snacks;453 kJ 2061 kJ;1.5;null;null;5.5 (8%*);null;0.4;0.38 (6%*);
282149617;Walkers Pops Prawn Cocktail 6 Pack 19G;£1.16;£10.18/kg;Crisps, Snacks & Nuts;Crisps & Snacks;355kJ 1869kJ;0.8;null;null;2.6 (4%*);null;0.6;0.38 (6%*);
282149646;Walkers Pops Sour Cream And Onion 6 Pack 19G;£1.16;£10.18/kg;Crisps, Snacks & Nuts;Crisps & Snacks;355kJ 1869kJ;0.8;null;null;2.6 (4%*);null;0.6;0.38 (6%*);
287418545;Walkers Variety Crisps 18X25g;£3.50;£0.78/100g;Crisps, Snacks & Nuts;Crisps & Snacks;542kJ 2168kJ;1.5;null;null;7.7(11%*);null;1.1;0.41(7%*);
256644773;Walkers Prawn Cocktail Crisps 6X25g;£1.50;£1.00/100g;Crisps, Snacks & Nuts;Crisps & Snacks;542kJ 2169kJ;1.5;null;null;7.6(11%*);null;1.1;0.33(5%*);
287413562;Walkers Quavers Cheese Crisps 24X16g;£3.00;£0.78/100g;Crisps, Snacks & Nuts;Crisps & Snacks;357 kJ 2231 kJ;0.4;null;null;4.8  (7%*);null;0.2;0.35  (6%*);
254926800;Walkers Ready Salted Crisps 6X25g;£1.50;£1.00/100g;Crisps, Snacks & Nuts;Crisps & Snacks;548kJ 2194kJ;1.5;null;null;8.0(11%*);null;1.1;0.35(6%*);
252302349;Walkers Tomato Ketchup Crisps 6 Pack;£1.50;£1.00/100g;Crisps, Snacks & Nuts;Crisps & Snacks;537kJ 2147kJ;1.5;null;null;7.6(11%*);null;1.0;0.32(5%*);
287418015;Walkers Variety Crisps 24X25g;null;null;Crisps, Snacks & Nuts;Crisps & Snacks;538kJ 2152kJ;1.6;null;null;7.6 (11%*);null;1.1;0.33 (5%*);
264356468;Walkers Ready Salted Crisps 12X25g;£2.95;£0.98/100g;Crisps, Snacks & Nuts;Crisps & Snacks;548kJ 2194kJ;1.5;null;null;8.0(11%*);null;1.1;0.35(6%*);
264924240;Walkers Squares Salt And Vinegar Snacks 6 Pack;£1.50;£1.14/100g;Crisps, Snacks & Nuts;Crisps & Snacks;409 kJ 1858 kJ;1.4;null;null;4.0 (6%*);null;1.2;0.48 (8%*);
250580505;Walkers Roast Chicken Crisps 6X25g;£1.50;£1.00/100g;Crisps, Snacks & Nuts;Crisps & Snacks;540kJ 2159kJ;1.6;null;null;7.6(11%*);null;1.1;0.32(5%*);
266205316;Walkers Squares Variety Snacks 6 Pack;£1.50;£1.14/100g;Crisps, Snacks & Nuts;Crisps & Snacks;409 kJ 1858 kJ;1.4;null;null;4.0  (6%*);null;1.2;0.40  (7%*);
277438951;Walkers Quavers Cheese 18 Pack 16.4G;£3.50;£1.19/100g;Crisps, Snacks & Nuts;Crisps & Snacks;357 kJ 2231 kJ;0.4;null;null;4.8  (7%*);null;0.2;0.35  (6%*);
254926817;Walkers Salt And Shake Crisps 6X24g;£1.50;£1.05/100g;Crisps, Snacks & Nuts;Crisps & Snacks;534 kJ 2223 kJ;1.5;null;null;7.8 (11%*);null;1.1;0.00 (0%*);
258442444;Walkers Salt And Shake Crisps 12X24g;£2.95;£1.03/100g;Crisps, Snacks & Nuts;Crisps & Snacks;534 kJ 2223 kJ;1.5;null;null;7.8 (11%*);null;1.1;0.00 (0%*);
260553650;Walkers Smokey Bacon Crisps 6X25g;£1.50;£1.00/100g;Crisps, Snacks & Nuts;Crisps & Snacks;542kJ 2169kJ;1.5;null;null;7.6(11%*);null;1.0;0.33(5%*);
272406692;Walkers Variety Crisps 12 X 25G;£2.95;£5.90/kg;Crisps, Snacks & Nuts;Crisps & Snacks;542kJ 2169kJ;1.5;null;null;7.6(11%*);null;1.1;0.33(5%*);
278416273;Walkers Quavers Cheese 6X16g;£1.50;£1.57/100g;Crisps, Snacks & Nuts;Crisps & Snacks;357 kJ 2231 kJ;0.4;null;null;4.8  (7%*);null;0.2;0.35  (6%*);
268282433;Walkers Squares Variety Snacks 12 Pack;£2.95;£0.96/100g;Crisps, Snacks & Nuts;Crisps & Snacks;409 kJ 1858 kJ;1.4;null;null;4.0  (6%*);null;1.2;0.40  (7%*);
261495152;Walkers Quavers Cheese 12X16.4G;£2.95;£1.50/100g;Crisps, Snacks & Nuts;Crisps & Snacks;357 kJ 2231 kJ;0.4;null;null;4.8  (7%*);null;0.2;0.35  (6%*);
259738992;Walkers Salt And Vinegar Crisps 6X25g;£1.50;£1.00/100g;Crisps, Snacks & Nuts;Crisps & Snacks;542kJ 2168kJ;1.5;null;null;7.7(11%*);null;1.1;0.41(7%*);
285634925;Kp Velvet Crunch Cheddar And Onion Gourmet Bites20g;£0.59;£2.95/100g;Crisps, Snacks & Nuts;Crisps & Snacks;1809kJ 362kJ;1.6;null;null;10;null;1.9;1.5;
254423859;Walkers Wotsits Cheese Snacks 6 Pack 16.5G;£1.50;£1.52/100g;Crisps, Snacks & Nuts;Crisps & Snacks;376 kJ 2277 kJ;0.9;null;null;5.4  (8%*);null;0.2;0.32  (5%*);
262523683;Walkers Worcester Sauce 6X25g;£1.50;£1.00/100g;Crisps, Snacks & Nuts;Crisps & Snacks;538kJ 2152kJ;1.6;null;null;7.6(11%*);null;1.1;0.33(5%*);
261495181;Walkers Wotsits Cheese 12X16.5G;£2.95;£1.49/100g;Crisps, Snacks & Nuts;Crisps & Snacks;376 kJ 2277 kJ;0.9;null;null;5.4  (8%*);null;0.2;0.32  (5%*);
285397698;Kettle Baked Potato Sweet Chilli 25G;£0.79;£3.16/100g;Crisps, Snacks & Nuts;Crisps & Snacks;1669 kJ -;8.3;null;null;8.7;null;7.6;1.4;
272941909;Kp Hula Hoop Original Snack Grab Bag 50G;£0.79;£1.58/100g;Crisps, Snacks & Nuts;Crisps & Snacks;2137kJ 534kJ;3.3;null;null;26;null;2.8;1.8;
285397592;Kettle Baked Potato Cream Cheese Chive 25G;£0.79;£3.16/100g;Crisps, Snacks & Nuts;Crisps & Snacks;1635 kJ -;8.9;null;null;8.9;null;7.2;1.0;
255789188;Doritos Cool Original 40G;£0.55;£1.38/100g;Crisps, Snacks & Nuts;Crisps & Snacks;831kJ 2077kJ;2.8;null;null;10.5(15%*);null;2.7;0.76(13%*);
258376695;Kp Mini Cheddars Original 50G;£0.69;£1.38/100g;Crisps, Snacks & Nuts;Crisps & Snacks;null;10.7;null;null;29.5;null;2.5;2.4;
277438179;Walkers Wotsits Cheese 18X16.5G;£3.50;£1.18/100g;Crisps, Snacks & Nuts;Crisps & Snacks;376 kJ 2277 kJ;0.9;null;null;5.4  (8%*);null;0.2;0.32  (5%*);
254927131;Walkers Variety Crisps 6X25g;£1.50;£1.00/100g;Crisps, Snacks & Nuts;Crisps & Snacks;542kJ 2168kJ;1.5;null;null;7.7(11%*);null;1.1;0.41(7%*);
272941662;Kp Hula Hoop Barbecue Snack Grab Bag 50G;£0.79;£1.58/100g;Crisps, Snacks & Nuts;Crisps & Snacks;null;null;null;null;null;null;null;null;
252056997;Kp Hula Hoops Barbecue Snack 34G;£0.55;£1.62/100g;Crisps, Snacks & Nuts;Crisps & Snacks;2111kJ 718kJ;3.7;null;null;26;null;2.2;2.3;
258755425;Kettle Sea Salt And Balsamic Vinegarcrisps40g;£0.75;£1.88/100g;Crisps, Snacks & Nuts;Crisps & Snacks;2094 kJ -;5.4;null;null;28.4;null;6.1;1.9;
252330557;Mccoys Cheddar And Onion Crisps 50G;£0.75;£1.50/100g;Crisps, Snacks & Nuts;Crisps & Snacks;2187kJ 1094kJ;6.8;null;null;30;null;4.1;1.5;
259743392;Kettle Lightly Salted Crisps 40G;£0.75;£1.50/100g;Crisps, Snacks & Nuts;Crisps & Snacks;2139 kJ -;5.8;null;null;30.1;null;6.5;0.9;
256540279;Kp Hula Hoops Original Snack 34G;£0.55;£1.62/100g;Crisps, Snacks & Nuts;Crisps & Snacks;null;3.3;null;null;26.4;null;2.2;null;
254252767;Mccoys Flame Grilled Steak Crisps 50G;£0.75;£1.50/100g;Crisps, Snacks & Nuts;Crisps & Snacks;2197kJ 1099kJ;6.9;null;null;31;null;3.9;1.5;
255789332;Doritos Tangy Cheese 40G;£0.55;£1.38/100g;Crisps, Snacks & Nuts;Crisps & Snacks;834kJ 2084kJ;2.7;null;null;10.5(15%*);null;2.7;0.51(8%*);
287413619;Walkers Wotsits Cheese Crisps 24X16.5G;£4.00;£1.02/100g;Crisps, Snacks & Nuts;Crisps & Snacks;376 kJ 2277 kJ;0.9;null;null;5.4  (8%*);null;0.2;0.32  (5%*);
283229591;Propercorn Sweet Coconut And Vanila Popcorn 25G;£0.75;£3.00/100g;Crisps, Snacks & Nuts;Crisps & Snacks;2033kJ 508kJ;null;null;null;null;null;null;null;
275236507;Popchips Barbecue Popped Potato Chips 23G;£0.75;£3.27/100g;Crisps, Snacks & Nuts;Crisps & Snacks;1759kj 405kj;5.7;61;null;15;null;3.8;2.3;
254982467;Sensations Sweet Chilli Crisps 40G;£0.80;£2.00/100g;Crisps, Snacks & Nuts;Crisps & Snacks;842kJ 2105kJ;2.3;null;null;10.5(15%*);null;1.6;0.63(10%*);
280772008;Walkers Monster Munch Mega Pickled Onion Snack48g;£0.80;£1.67/100g;Crisps, Snacks & Nuts;Crisps & Snacks;989kJ 2061 kJ;2.9;null;null;12.0(17%*);null;0.8;0.74(12%*);
260774250;Walkers Baked Cheese And Onion 37.5G;£0.55;£1.47/100g;Crisps, Snacks & Nuts;Crisps & Snacks;650 kJ 1733 kJ;2.7;null;null;3.1  (4%*);null;1.8;0.35  (6%*);
274269660;Walkers Deep Ridge Flame Grilled Steak 50G;£0.80;£1.60/100g;Crisps, Snacks & Nuts;Crisps & Snacks;646 kJ 2152 kJ;1.9;null;null;9.0(13%*);null;1.3;0.46(8%*);
260774296;Walkers Baked Ready Salted Crisps 37.5G;£0.55;£2.20/100g;Crisps, Snacks & Nuts;Crisps & Snacks;648 kJ 1728 kJ;2.6;null;null;3.0  (4%*);null;1.8;0.44  (7%*);
260774175;Walkers Baked Salt And Vinegar Crisps 37.5G;£0.55;£1.47/100g;Crisps, Snacks & Nuts;Crisps & Snacks;643 kJ 1714 kJ;2.6;null;null;3.0 (4%*);null;1.8;0.34 (6%*);
274270110;Walkers Deep Ridged Salt And Malt Vinegar 50G;£0.80;£1.60/100g;Crisps, Snacks & Nuts;Crisps & Snacks;641kJ 2136 kJ;1.8;null;null;9.0(13%*);null;1.3;0.53(9%*);
263719208;Walkers French Fries Salt And Vinegar 21G (C);£0.55;£2.62/100g;Crisps, Snacks & Nuts;Crisps & Snacks;386 kJ 1839 kJ;1.1;null;null;3.4  (5%*);null;1.1;0.48  (8%*);
274110433;Propercorn Sweet And Salty 30G;£0.75;£2.50/100g;Crisps, Snacks & Nuts;Crisps & Snacks;1797kJ 539kJ;null;null;null;null;null;null;null;
274110214;Propercorn Fiery Worcester Sauce And Sun Dried Tomato 20G;£0.75;£3.75/100g;Crisps, Snacks & Nuts;Crisps & Snacks;1957kJ 391kJ;null;null;null;null;null;null;null;
274269809;Walkers Deep Ridge Mat Cheddar And Onion 50G;£0.80;£1.60/100g;Crisps, Snacks & Nuts;Crisps & Snacks;649 kJ 2162 kJ;1.9;null;null;9.2(13%*);null;1.3;0.50(8%*);
267379465;Tesco Finest Sea Salt And Vinegar Crisps 40G;£0.60;£1.50/100g;Crisps, Snacks & Nuts;Crisps & Snacks;519;5.1;null;2.5;28.8;2.4;2.5;2.1;
275318405;Tesco Unsalted Fruit And Nut Mix 50G;£0.49;£0.98/100g;Crisps, Snacks & Nuts;Crisps & Snacks;497;18.7;null;24.1;33.5;6.7;6.7;0.1;
267379442;Tesco Finest Cheese And Onion Crisps 40G;£0.60;£1.50/100g;Crisps, Snacks & Nuts;Crisps & Snacks;519;5.1;null;2.6;28.8;2.4;2.5;1.4;
274110329;Propercorn Lightly Sea Salted 20G;£0.75;£3.75/100g;Crisps, Snacks & Nuts;Crisps & Snacks;1838kJ 368kJ;null;null;null;14.5;null;null;null;
254618439;Mccoys Salt And Vinegar Crisps 50G;£0.75;£1.50/100g;Crisps, Snacks & Nuts;Crisps & Snacks;2187kJ 1094kJ;6.4;null;null;31;null;3.9;2.0;
267379407;Tesco Finest Lightly Salted Crisps 40G;£0.60;£1.50/100g;Crisps, Snacks & Nuts;Crisps & Snacks;519;5.1;null;0.2;28.8;2.4;2.5;1.2;
257382124;Walkers Cheese And Onion Crisps 32.5G;£0.55;£1.60/100g;Crisps, Snacks & Nuts;Crisps & Snacks;705kJ 2168kJ;2.0;null;null;9.9(14%*);null;1.4;0.40(7%*);
282149698;Walkers Pops Melted Cheese And Bacon 23G;£0.75;£32.61/kg;Crisps, Snacks & Nuts;Crisps & Snacks;429kJ 1867kJ;1.0;null;null;3.2(5%*);null;0.7;0.46(8%*);
271349144;Snack A Jacks Salt And Vinegar 4X22g;£1.65;£1.88/100g;Crisps, Snacks & Nuts;Crisps & Snacks;377kJ 1715kJ;1.5;null;null;1.6(2%*);null;0.2;0.61(10%*);
272757362;Walkers Worcester Sauce Crisps 32.5G;£0.55;£1.70/100g;Crisps, Snacks & Nuts;Crisps & Snacks;699kJ 2152kJ;2.0;null;null;9.9(14%*);null;1.4;0.42(7%*);
282149738;Walkers Pops Orginal 23G;£0.75;£32.61/kg;Crisps, Snacks & Nuts;Crisps & Snacks;430kJ 1868kJ;1.0;null;null;3.2 (5%*);null;0.7;0.46 (8%*);
271349363;Snack A Jacks Sweet Chilli 4 Pack;£1.65;£1.88/100g;Crisps, Snacks & Nuts;Crisps & Snacks;385kJ 1752kJ;1.6;null;null;1.7(2%*);null;0.2;0.50(8%*);
255789355;Walkers Quavers Cheese Snack 20G;£0.55;£2.75/100g;Crisps, Snacks & Nuts;Crisps & Snacks;446kJ 2231kJ;0.5;null;null;6.0 (9%*);0.5 (3%*);0.2;0.44 (7%*);
271348974;Snack A Jacks Sour Cream And Chive 4X22g;£1.65;£1.88/100g;Crisps, Snacks & Nuts;Crisps & Snacks;387kJ 1757kJ;1.7;null;null;1.7(2%*);null;0.3;0.61(10%*);
272757523;Walkers Smokey Bacon Crisps 32.5G;£0.55;£1.70/100g;Crisps, Snacks & Nuts;Crisps & Snacks;705kJ 2169kJ;1.9;null;null;9.9(14%*);null;1.3;0.42(7%*);
262691436;Walkers Sunbites Sour Cream And Black Pepper 28G;£0.55;£1.97/100g;Crisps, Snacks & Nuts;Crisps & Snacks;563kJ 2010kJ;2.1;null;null;6.1 (9%*);null;1.8;0.36 (6%*);
260733408;Walkers Baked Ready Salted 6X25g;£1.00;£0.67/100g;Crisps, Snacks & Nuts;Crisps & Snacks;432 kJ 1728 kJ;1.8;null;null;2.0  (3%*);null;1.2;0.29  (5%*);
272757494;Walkers Salt And Vinegar Crisps 32.5G;£0.55;£1.70/100g;Crisps, Snacks & Nuts;Crisps & Snacks;705kJ 2168kJ;1.9;null;null;10.0(14%*);null;1.4;0.54(9%*);
265711755;Velvet Crunch Thai Sweet Chilli 6X20g;£1.00;£0.83/100g;Crisps, Snacks & Nuts;Crisps & Snacks;1827kJ 365kJ;1.8;null;null;11;null;1.5;1.5;
272757477;Walkers Ready Salted Crisps 32.5G;£0.55;£1.70/100g;Crisps, Snacks & Nuts;Crisps & Snacks;713kJ 2194kJ;2.0;null;null;10.4(15%*);null;1.4;0.46(8%*);
264610968;Walkers Squares Salt And Vinegar Crisps 25G (C);£0.55;£2.20/100g;Crisps, Snacks & Nuts;Crisps & Snacks;511 kJ 1858 kJ;1.8;null;null;5.0  (7%*);null;1.5;0.61  (10%*);
254835821;Velvet Crunch Cheddar And Spring Onion 6X20g;£1.00;£0.83/100g;Crisps, Snacks & Nuts;Crisps & Snacks;1809kJ 362kJ;1.6;null;null;10;null;1.9;1.5;
260733397;Walkers Baked Cheese And Onion 6X25g;£1.00;£0.67/100g;Crisps, Snacks & Nuts;Crisps & Snacks;433 kJ 1733 kJ;1.8;null;null;2.1 (3%*);null;1.2;0.23 (4%*);
271315708;Velvet Crunch Salt And Vinegar 6X20g;£1.00;£0.83/100g;Crisps, Snacks & Nuts;Crisps & Snacks;1812kJ 362kJ;1.0;null;null;10;null;1.3;2.0;
268172016;Walkers Wotsits Cheese Snack 22.5G;£0.55;£2.45/100g;Crisps, Snacks & Nuts;Crisps & Snacks;512 kJ 2277 kJ;1.2;null;null;7.4  (11%*);null;0.2;0.44  (7%*);
271349311;Snack A Jacks Caramel 4 Pack 25G;£1.65;£1.65/100g;Crisps, Snacks & Nuts;Crisps & Snacks;429kJ 1715kJ;1.5;null;null;0.8(1%*);null;0.2;0.13(2%*);
272757454;Walkers Prawn Cocktail Crisps 32.5G;£0.55;£1.70/100g;Crisps, Snacks & Nuts;Crisps & Snacks;705kJ 2169kJ;2.0;null;null;9.9(14%*);null;1.4;0.42(7%*);
266156926;Jack Pots Thai Sweet Chilli Crisps 150G;£1.99;£1.33/100g;Crisps, Snacks & Nuts;Crisps & Snacks;1925kJ;5.3;null;null;23.5;null;5.8;1.5;
252370601;Walkers Lights Variety Crisps 6 Pack;£1.65;£1.15/100g;Crisps, Snacks & Nuts;Crisps & Snacks;483 kJ 2014 kJ;1.8;null;null;5.3 (8%*);null;1.1;0.19 (3%*);
266239881;Jack Pots Seasonal Crisps 150G;£1.99;£1.33/100g;Crisps, Snacks & Nuts;Crisps & Snacks;1905kJ;6.1;null;null;23.4;null;5.9;1.8;
287522951;Jackpots Crisps Sour Cream Flavour 150G Bag;£1.99;£1.33/100g;Crisps, Snacks & Nuts;Crisps & Snacks;null;null;null;null;null;null;null;null;
266156863;Jack Pots Mature Cheddar And Onion Crisp 150G;£1.99;£1.33/100g;Crisps, Snacks & Nuts;Crisps & Snacks;1917kJ;5.3;null;null;23.4;null;5.7;1.4;
286471954;Walkers Baked Variety 12 Pack;£2.95;£0.25/each;Crisps, Snacks & Nuts;Crisps & Snacks;429kJ 1714kJ;1.7;null;null;2.0(3%*);null;1.2;0.23(4%*);
264127014;Walkers Sunbites Lightly Sea Salted 6X25g;£1.65;£1.10/100g;Crisps, Snacks & Nuts;Crisps & Snacks;503kJ 2011kJ;1.9;null;null;5.4(8%*);null;1.7;0.24(4%*);
264127141;Walkers Sunbites Sour Cream And Black Pepper 6 Pack;£1.65;£1.10/100g;Crisps, Snacks & Nuts;Crisps & Snacks;502kJ 2010kJ;1.9;null;null;5.4(8%*);null;1.7;0.33(5%*);
266157086;Jack Pots Sea Salt And Cyder Vinegar Crisps 150G;£1.99;£1.33/100g;Crisps, Snacks & Nuts;Crisps & Snacks;1905kJ;4.9;null;null;23.3;null;5.6;2.0;
270954235;Eastmans Salt And Vinegar Twirls Snacks 125G;£0.69;£0.55/100g;Crisps, Snacks & Nuts;Crisps & Snacks;484;3.7;null;0.2;21.2;2.1;3.4;2.9;
256463468;Kettle Chips Lightly Salted 150G;£1.99;£1.33/100g;Crisps, Snacks & Nuts;Crisps & Snacks;2139 kJ -;5.8;null;null;30.1;null;6.5;0.9;
281541367;Weight Watchers Cheddar& Onion Crinkles 6X16g;£1.89;£1.97/100g;Crisps, Snacks & Nuts;Crisps & Snacks;2008kJ/ 321kJ/ 8400kJ -;8.0;null;null;21.2;null;3.6;1.0;
281512235;Weight Watchers Sour Cream And Black Pepper Squares 6X16g;£1.89;£1.97/100g;Crisps, Snacks & Nuts;Crisps & Snacks;null;7.4;null;null;19.8;null;3.9;1.5;
266156955;Jack Pots Lightly Salted Crisps 150G;£1.99;£1.33/100g;Crisps, Snacks & Nuts;Crisps & Snacks;1981kJ;5.1;null;null;25.3;null;6.1;0.90;
278582506;Darling Spuds Salt And Vinegar Crisps 140G;null;null;Crisps, Snacks & Nuts;Crisps & Snacks;null;null;null;null;null;null;null;null;
252370526;Walkers Lights Simply Salted 6X24g;£1.65;£1.15/100g;Crisps, Snacks & Nuts;Crisps & Snacks;482 kJ 2010 kJ;1.7;null;null;5.3 (8%*);null;1.2;0.36 (6%*);
264441321;Walkers Sunbites Sun Ripened Sweet Chilli 6 Pack;£1.65;£11.00/kg;Crisps, Snacks & Nuts;Crisps & Snacks;503kJ 2011kJ;1.8;null;null;5.4(8%*);null;1.7;0.17(3%*);
276329362;Burts Guinness Hand Cooked Potato Chips 150G;£1.99;£1.33/100g;Crisps, Snacks & Nuts;Crisps & Snacks;519;5.1;null;null;28.8;null;2.5;1.5;
268425415;Walkers Sunbites Cheddar And Onion Crisps 6 Pack;£1.65;£11.00/kg;Crisps, Snacks & Nuts;Crisps & Snacks;503kJ 2011kJ;1.9;null;null;5.4(8%*);null;1.7;0.24(4%*);
256638717;Jacobs Twiglets 150G;£1.50;£1.00/100g;Crisps, Snacks & Nuts;Crisps & Snacks;null;12.8;null;null;12.2;null;11.4;2.0;
281447681;Kettle Chips Mozzarella And Pesto 150G;£1.99;£1.33/100g;Crisps, Snacks & Nuts;Crisps & Snacks;2113 kJ -;6.6;null;null;29.2;null;6.2;1.4;
281343982;Mccoys Ultimate Steak&Peri Peri Crisps 150G;£1.00;£0.67/100g;Crisps, Snacks & Nuts;Crisps & Snacks;2207kJ 662kJ;7.0;null;null;30;null;4.3;1.5;
287417794;Metcalfes Skinny Sweet Cinnamon Spice 75G;£1.49;£1.99/100g;Crisps, Snacks & Nuts;Crisps & Snacks;null;null;null;null;null;null;null;null;
283274023;Kettle Select Vegetable 100G;£2.19;£1.76/100g;Crisps, Snacks & Nuts;Crisps & Snacks;532 ;5.3;null;null;38.7;null;12.1;1.0;
266402336;Kettle Chips Smoky Barbecue 150G;£1.99;£1.33/100g;Crisps, Snacks & Nuts;Crisps & Snacks;2087 kJ -;5.9;null;null;28.0;null;6.3;1.4;
254169215;Penn State Sour Cream And Chive Pretzels 175G;£1.59;£0.91/100g;Crisps, Snacks & Nuts;Crisps & Snacks;1782kJ 535kJ;9.2;null;null;11;null;3.4;1.7;
278453343;Kettle Ridge Cut Chips Sea Salted 150G;£1.00;£0.67/100g;Crisps, Snacks & Nuts;Crisps & Snacks;2094kJ -;6.1;null;null;27.6;null;5.8;1.4;
281024611;Kettle Chips Salt With Hint Of Rosemary 150G;£1.99;£1.33/100g;Crisps, Snacks & Nuts;Crisps & Snacks;2133 kJ -;5.7;null;null;30;null;6.4;1.2;
277717811;Phileas Fogg Bubble Chip Smokey Barbecue 150G;£1.99;£1.33/100g;Crisps, Snacks & Nuts;Crisps & Snacks;null;5.1;null;null;32.3;null;3.0;null;
276353124;Kettle Chips Seasonal 150G;£1.99;£1.33/100g;Crisps, Snacks & Nuts;Crisps & Snacks;2160 kJ;5.7;null;null;30.5;null;5.0;1.1;
254935150;Kettle Chips Sea Salt And Balsamic Vinegar 150G;£1.99;£1.33/100g;Crisps, Snacks & Nuts;Crisps & Snacks;2094 kJ -;5.4;null;null;28.4;null;6.1;1.9;
266210920;Kettle Ridge Chips Slt& Malt Vinegar 150G;£1.00;£0.67/100g;Crisps, Snacks & Nuts;Crisps & Snacks;2050 kJ -;5.8;null;null;26.5;null;5.6;2.3;
254168775;Penn State Salted Pretzels 175G;£1.59;£0.91/100g;Crisps, Snacks & Nuts;Crisps & Snacks;1662kJ 499kJ;10;null;null;4.6;null;3.6;2.5;
281344007;Mccoys Ultimate Sizzling Barbecue Chicken Crisps 150G;£1.00;£0.67/100g;Crisps, Snacks & Nuts;Crisps & Snacks;2205kJ 662kJ;6.6;null;null;30;null;4.0;1.5;
262447623;Kettle Chips Sweet Chilli 150G;£1.99;£1.33/100g;Crisps, Snacks & Nuts;Crisps & Snacks;2106 kJ -;6.3;null;null;28.4;null;6.2;1.1;
259610296;Kettle Chips Matr/Ched And R/Onion 150G;£1.99;£1.33/100g;Crisps, Snacks & Nuts;Crisps & Snacks;2106 kJ -;7.1;null;null;28.9;null;6.2;1.1;
256304289;Kettle Chips Sea Salt And Black Pepper Corns 150G;£1.99;£1.33/100g;Crisps, Snacks & Nuts;Crisps & Snacks;2097 kJ -;5.7;null;null;28.6;null;6.2;1.5;
266206217;Kettle Ridge Chips Cheese And Onion 150G;£1.00;£0.67/100g;Crisps, Snacks & Nuts;Crisps & Snacks;2063 kJ -;7.6;null;null;26.4;null;5.5;1.3;
281343953;Mccoys Ultimate Sea Salt And Black Pepper Crisps 150G;£1.00;£0.67/100g;Crisps, Snacks & Nuts;Crisps & Snacks;2204kJ 661kJ;6.5;null;null;30;null;3.9;1.5;
279343495;Phileas Fogg Bubble Chip Cheese And Deli Relish 150G;£1.99;£1.33/100g;Crisps, Snacks & Nuts;Crisps & Snacks;2264kJ 679kJ;5.2;null;null;32;null;2.9;1.5;
279343834;Phileas Fogg Taco Rolls Nacho Cheese And Jalapeno 190G;£1.99;£1.05/100g;Crisps, Snacks & Nuts;Crisps & Snacks;2149kJ 645kJ;6.1;null;null;28;null;5.2;1.0;
268283426;Pringles Original 190G;£2.48;£1.31/100g;Crisps, Snacks & Nuts;Crisps & Snacks;null;null;null;null;null;null;null;null;
287425231;Popchips Popped Potato Chips Thai Sweet Chili 85G;£1.79;£2.11/100g;Crisps, Snacks & Nuts;Crisps & Snacks;1720kj 396kj;5.8;62;null;14;null;4.2;2.3;
271671458;Pringles Cheese And Onion 190G;£2.48;£1.31/100g;Crisps, Snacks & Nuts;Crisps & Snacks;null;null;null;null;null;null;null;null;
275237264;Popchips Barbecue Popped Chips 85G;£1.79;£2.11/100g;Crisps, Snacks & Nuts;Crisps & Snacks;1747kj 402kj;6.2;62.3;null;14.1;null;3.9;null;
272308278;Pringles Hot And Spicy 190G;£2.48;£1.31/100g;Crisps, Snacks & Nuts;Crisps & Snacks;null;null;null;null;null;null;null;null;
268280591;Pringles Texas Barbecue 190G;£2.48;£1.31/100g;Crisps, Snacks & Nuts;Crisps & Snacks;null;null;null;null;null;null;null;null;
287451429;Phileas Fogg Spanish Corn Chip 150G;£1.99;£1.33/100g;Crisps, Snacks & Nuts;Crisps & Snacks;2087kJ 626kJ;6.6;null;null;25;null;4.9;1.7;
275236864;Popchips Original Popped Chips 85G;£1.79;£2.11/100g;Crisps, Snacks & Nuts;Crisps & Snacks;1735kj 399kj;6.0;61.8;null;13.9;null;4.3;null;
275236784;Popchips Sour Cream And Onion Chips 85G;£1.79;£2.11/100g;Crisps, Snacks & Nuts;Crisps & Snacks;1741kj 400kj;6.5;62.6;null;14;null;4.1;null;
277717650;Phileas Fogg Taco Rolls Sour Cream And Onion 190G;£1.99;£1.05/100g;Crisps, Snacks & Nuts;Crisps & Snacks;2125kJ 638kJ;6.3;null;null;27;null;5.2;1.3;
277290761;Pringles Xtra Cheesy Nacho Cheese 175G;£2.48;£1.42/100g;Crisps, Snacks & Nuts;Crisps & Snacks;null;null;null;null;null;null;null;null;
273960764;Pringles Sour Cream And Onion 190G;£2.48;£1.31/100g;Crisps, Snacks & Nuts;Crisps & Snacks;null;null;null;null;null;null;null;null;
271671591;Pringles Prawn Cocktail 190G;£2.48;£1.31/100g;Crisps, Snacks & Nuts;Crisps & Snacks;null;null;null;null;null;null;null;null;
277290882;Pringles Xtra Kickin Sour Crm& Chilli Onion 175G;£2.48;£1.42/100g;Crisps, Snacks & Nuts;Crisps & Snacks;null;null;null;null;null;null;null;null;
271671274;Pringles Smokey Bacon 190G;£2.48;£1.31/100g;Crisps, Snacks & Nuts;Crisps & Snacks;null;null;null;null;null;null;null;null;
272308013;Pringles Paprika 190G;£2.48;£1.31/100g;Crisps, Snacks & Nuts;Crisps & Snacks;null;null;null;null;null;null;null;null;
287391557;Pringles Cheesy Cheese 190G;£1.24;£0.65/100g;Crisps, Snacks & Nuts;Crisps & Snacks;null;null;null;null;null;null;null;null;
268282174;Pringles Salt And Vinegar 190G;£2.48;£1.31/100g;Crisps, Snacks & Nuts;Crisps & Snacks;null;null;null;null;null;null;null;null;
277717914;Phileas Fogg Indonesian Cracker 100G;£1.99;£1.99/100g;Crisps, Snacks & Nuts;Crisps & Snacks;2106kJ 632kJ;1.5;null;null;26;null;2.0;2.0;
277302259;Pringles Xtra Saucy Barbecue 175G;£2.48;£1.42/100g;Crisps, Snacks & Nuts;Crisps & Snacks;null;null;null;null;null;null;null;null;
264340436;Sensations Peking Spare Rib 110G;£1.00;£0.91/100g;Crisps, Snacks & Nuts;Crisps & Snacks;603kJ 2009kJ;0.4;null;null;6.6(9%*);null;1.3;1.04(17%*);
270934109;Sensations Mexican Fiery Chipotle 150G;£1.00;£0.67/100g;Crisps, Snacks & Nuts;Crisps & Snacks;629kJ 2096kJ;1.7;null;null;7.8(11%*);null;1.2;0.47(8%*);
267308166;Sensations Southern Style Barbecue 150G;£1.00;£0.67/100g;Crisps, Snacks & Nuts;Crisps & Snacks;633kJ 2109kJ;1.8;null;null;7.9(11%*);null;1.2;0.46(8%*);
270934017;Sensations Monterrey Chilli /Goats Cheese 150G;£1.00;£0.67/100g;Crisps, Snacks & Nuts;Crisps & Snacks;631kJ 2104kJ;1.7;null;null;7.9(11%*);null;1.2;0.49(8%*);
267349622;Sensations Onion And Balsamic Vinegar Crisps 150G;£1.00;£0.67/100g;Crisps, Snacks & Nuts;Crisps & Snacks;629kJ 2096kJ;1.7;null;null;7.9(11%*);null;1.3;0.50(8%*);
264339339;Sensations Lime/Coriander Chutney Poppadoms 82.5G;£1.00;£1.22/100g;Crisps, Snacks & Nuts;Crisps & Snacks;591kJ 1971kJ;2.1;null;null;6.6(9%*);null;1.3;0.92(15%*);
283441382;Seabrook Lattice Sea Salted 120G;null;null;Crisps, Snacks & Nuts;Crisps & Snacks;683kJ 2275kJ;2.1;null;0.1;10.7;1.0;null;0.4;
267308049;Sensations Thai Sweet Chilli 150G;£1.00;£0.67/100g;Crisps, Snacks & Nuts;Crisps & Snacks;632kJ 2105kJ;1.7;null;null;7.9(11%*);null;1.2;0.47(8%*);
286975681;T.Hand Cooked Crisps Sea Salt And Black Pepper 150G;£0.89;£0.59/100g;Crisps, Snacks & Nuts;Crisps & Snacks;503;7.3;null;1.0;28.4;2.2;4.7;1.3;
268176876;T.Hand Cooked Crisps Sea Salt 150G;£0.89;£0.59/100g;Crisps, Snacks & Nuts;Crisps & Snacks;522;8.1;null;0.9;30.2;3.0;3.3;1.4;
283441649;Seabrook Lattice Sea Salted And Black Pepper 120G;null;null;Crisps, Snacks & Nuts;Crisps & Snacks;670kJ 2232kJ;2.1;null;0.6;10.1;1.0;null;0.4;
268176997;T.Hand Cooked Crisps Cheese And Onion 150G;£0.89;£0.59/100g;Crisps, Snacks & Nuts;Crisps & Snacks;509;8.5;null;3.1;28.6;3.1;3.2;1.4;
288016201;Sensations Oven Roast Chicken And Thyme 150G;£1.00;£0.67/100g;Crisps, Snacks & Nuts;Crisps & Snacks;631kJ 2103kJ;1.8;null;null;7.9(11%*);null;1.2;0.50(8%*);
268176726;T.Hand Cooked Crisps Sea Salt And Vinegar 150G;£0.89;£0.59/100g;Crisps, Snacks & Nuts;Crisps & Snacks;503;7.7;null;2.1;28.2;2.9;3.2;2.1;
260085646;T.Crunchy Sticks Salt And Vinegar Snack 150G;£0.99;£0.66/100g;Crisps, Snacks & Nuts;Crisps & Snacks;505;5.0;null;2.2;25.4;2.0;1.6;2.2;
267308268;Sensation V/Ched R/Onion Chutney Crisps 150G;£1.00;£0.67/100g;Crisps, Snacks & Nuts;Crisps & Snacks;622kJ 2073kJ;1.8;null;null;7.5(11%*);null;1.2;0.50(8%*);
277302271;Pringles Xtra Spicy Chilli Sauce 175G;£2.48;£1.42/100g;Crisps, Snacks & Nuts;Crisps & Snacks;null;null;null;null;null;null;null;null;
283441125;Seabrook Lattice Mature Cheddar And Red Onion 120G;null;null;Crisps, Snacks & Nuts;Crisps & Snacks;668kJ 2225kJ;2.2;null;1.0;10.1;1.0;null;0.4;
283441511;Seabrook Lattice Sea Salted And Red Wine Vinegar 120G;null;null;Crisps, Snacks & Nuts;Crisps & Snacks;668kJ 2228kJ;2.0;null;-;10.1;1.0;null;0.6;
271681567;Tesco Barbecue Chipz Crisps 165G;£1.00;£0.61/100g;Crisps, Snacks & Nuts;Crisps & Snacks;550;3.4;null;3.2;35.2;3.2;2.6;null;
260085915;Tesco Cheese Puff Snacks 150G;£0.99;£0.66/100g;Crisps, Snacks & Nuts;Crisps & Snacks;550;4.9;null;0.5;34.6;3.9;1.6;1.7;
286810370;Tesco Finest Feature Ginger And Chilli Crisps 150G;£1.59;£1.06/100g;Crisps, Snacks & Nuts;Crisps & Snacks;519;5.1;null;3.6;28.8;2.4;2.5;1.0;
270953979;Tesco Finest Goats Cheese And Chilli Crisps 150G;£1.59;£1.06/100g;Crisps, Snacks & Nuts;Crisps & Snacks;519;5.1;null;4.5;28.8;2.4;2.5;1.2;
271686464;Tesco Chipz Original 165G;£1.00;£0.61/100g;Crisps, Snacks & Nuts;Crisps & Snacks;555;4.0;null;0.5;35.8;3.0;2.5;null;
286789659;Tesco Finest Crinkle Cut Sea Slt&Vngr Crisps 150G;£1.59;£1.06/100g;Crisps, Snacks & Nuts;Crisps & Snacks;519;5.1;null;2.6;28.8;2.4;2.5;2.3;
286840702;Tesco Cheese Curls Sharing Bag 90G;£0.99;£1.10/100g;Crisps, Snacks & Nuts;Crisps & Snacks;530;3.5;null;3.0;32.0;3.3;1.9;2.5;
260085351;Tesco Cheese Balls Snacks 150G;£0.99;£0.66/100g;Crisps, Snacks & Nuts;Crisps & Snacks;545;5.1;null;0.6;32.8;3.8;2.0;1.6;
287149039;Tesco Finest Feature Flavour Ribs And Chilli Crisp 150G;£1.59;£1.06/100g;Crisps, Snacks & Nuts;Crisps & Snacks;519;5.1;null;1.9;28.8;2.4;2.5;1.2;
255160730;Tesco Finest Mature Cheddar And Onion Crisps 150G;£1.59;£1.06/100g;Crisps, Snacks & Nuts;Crisps & Snacks;519;5.1;null;2.6;28.8;2.4;2.5;1.4;
286810289;Tesco Finest Crinkle Cut Cream Cheese And Herb 150G;£1.59;£1.06/100g;Crisps, Snacks & Nuts;Crisps & Snacks;519;5.1;null;0.7;28.8;2.4;2.5;1.3;
271686510;Tesco Chipz Salt And Vinegar 165G;£1.00;£0.61/100g;Crisps, Snacks & Nuts;Crisps & Snacks;535;3.4;null;1.2;32.7;2.7;2.4;null;
286810243;Tesco Finest Crinkle Crisps Smoky Habanero 150G;£1.59;£1.06/100g;Crisps, Snacks & Nuts;Crisps & Snacks;519;5.1;null;1.1;28.8;2.4;2.5;1.3;
272573659;Tesco Finest Hot Chilli Crisps 150G;£1.59;£1.06/100g;Crisps, Snacks & Nuts;Crisps & Snacks;519;5.1;null;1.3;28.8;2.4;2.5;1.2;
271686781;Tesco Chipz Sour Cream And Onion 165G;£1.00;£0.61/100g;Crisps, Snacks & Nuts;Crisps & Snacks;550;3.3;null;2.3;34.2;2.9;2.6;null;
286809833;Tesco Finest Crinkle Cut Steak&Ale Crisps 150G;null;null;Crisps, Snacks & Nuts;Crisps & Snacks;519;5.1;null;1.5;28.8;2.4;2.5;1.1;
252688220;Tesco Finest Lightly Salted Crisps 150G;£1.59;£1.06/100g;Crisps, Snacks & Nuts;Crisps & Snacks;519;5.1;null;0.2;28.8;2.4;2.5;1.2;
270954195;Tesco Finest Hoisin Duck Crisps 150G;£1.59;£1.06/100g;Crisps, Snacks & Nuts;Crisps & Snacks;520;5.1;null;4.1;28.8;4.1;2.5;1.2;
260085541;Tesco Bacon Rashers Snacks 150G;£0.99;£0.66/100g;Crisps, Snacks & Nuts;Crisps & Snacks;478;8.7;null;2.6;22.4;2.2;3.0;2.2;
250089080;Tesco Cheese Savouries Snacks 250G;£0.99;£0.40/100g;Crisps, Snacks & Nuts;Crisps & Snacks;523;10.8;null;4.0;30.9;12.2;3.0;1.5;
252369918;Tesco Finest Root Vegetable Crisps 100G;£1.59;£1.59/100g;Crisps, Snacks & Nuts;Crisps & Snacks;513;5.6;null;21.6;33.4;3.8;11.8;0.8;
262167672;Tesco Finest Sweet Chilli Crisps 150G;£1.59;£1.06/100g;Crisps, Snacks & Nuts;Crisps & Snacks;519;5.1;null;3.2;28.8;2.4;2.5;1.0;
271208882;Tyrrells Crisps Lightly Sea Saltd Crisps150g;£1.00;£0.67/100g;Crisps, Snacks & Nuts;Crisps & Snacks;501;5.9;null;null;null;null;null;0.5;
282997309;Tyrrells Salt And Vin Furr 150G;£1.00;£0.67/100g;Crisps, Snacks & Nuts;Crisps & Snacks;447;5.6;null;null;null;null;3.8;null;
254973150;Tesco Potato Chips 150G;£0.99;£0.66/100g;Crisps, Snacks & Nuts;Crisps & Snacks;542;6.5;null;0.4;33.2;2.9;4.0;1.1;
271208916;Tyrrells Crisps Sea Salted&Cider Vinegar150g;£1.00;£0.67/100g;Crisps, Snacks & Nuts;Crisps & Snacks;447;4.9;55.0;null;null;null;4.7;null;
260085754;Tesco Onion Rings Snacks 150G;£0.99;£0.66/100g;Crisps, Snacks & Nuts;Crisps & Snacks;500;6.3;null;6.1;24.6;2.0;1.5;2.3;
281447721;Tyrrells Swanky Orange Sweet Potato Vegetable Crisps 125G;£2.99;£2.40/100g;Crisps, Snacks & Nuts;Crisps & Snacks;507;5.0;39.7;null;null;null;12.5;null;
271208951;Tyrrells Crisps Mature Cheddar And Chive 150G;£1.00;£0.67/100g;Crisps, Snacks & Nuts;Crisps & Snacks;486;6.9;51.8;null;null;null;5.4;null;
256420312;Tesco Finest Sea Salt And Cider Vinegar Crisps 150G;£1.59;£1.06/100g;Crisps, Snacks & Nuts;Crisps & Snacks;519;5.1;null;2.5;28.8;2.4;2.5;2.1;
272331497;Tyrrells Crisps Sweet Chilli And Red Pepper Crisps 150G;£1.00;£0.67/100g;Crisps, Snacks & Nuts;Crisps & Snacks;490;5.9;54.5;null;null;null;5.7;null;
260085466;Tesco Twirls Salt And Vinegar Snacks 125G;£0.99;£0.79/100g;Crisps, Snacks & Nuts;Crisps & Snacks;484;3.7;null;0.2;21.2;2.1;3.4;2.9;
281083661;Tesco Sea Salt And Black Pepper Pretzel Mix 175G;£1.49;£0.85/100g;Crisps, Snacks & Nuts;Crisps & Snacks;442;9.5;null;4.9;11.5;0.9;2.4;1.0;
263869986;Tesco Snack Mix Sour Cream And Chive 150G;£1.39;£0.93/100g;Crisps, Snacks & Nuts;Crisps & Snacks;467;4.9;null;2.0;20.2;2.0;4.5;2.5;
271208997;Tyrrells Crisps Mixed Root Vegetable Crisps 150G;£2.99;£2.00/100g;Crisps, Snacks & Nuts;Crisps & Snacks;492;4.7;37.4;null;null;null;14.2;null;
258178526;Tesco Potato Rings Snacks 185G;£0.99;£0.54/100g;Crisps, Snacks & Nuts;Crisps & Snacks;515;3.3;null;0.6;26.4;2.5;2.3;1.9;
271153784;Tyrrells Crisps Sea Salted Furrows 150G;£1.00;£0.67/100g;Crisps, Snacks & Nuts;Crisps & Snacks;476;6.2;null;null;null;null;null;1.0;
282997275;Tyrrells Sea Salt &Pepper 150G;£1.00;£0.67/100g;Crisps, Snacks & Nuts;Crisps & Snacks;442;6.3;53.9;null;null;null;4.2;null;
255520921;Tesco Prawn Cocktail Snacks 85G;£0.99;£1.17/100g;Crisps, Snacks & Nuts;Crisps & Snacks;531;6.1;null;8.9;29.3;2.7;1.0;2.3;
267193252;Tesco Salted Pretzels 200G;£1.39;£0.70/100g;Crisps, Snacks & Nuts;Crisps & Snacks;399;12.7;null;4.9;4.2;0.4;2.5;1.6;
283770766;Walkers Deli Pepper And Tomato Pita Crisps 165G;£2.19;£1.33/100g;Crisps, Snacks & Nuts;Crisps & Snacks;609kJ 2031kJ;3.5;null;null;6.0(9%*);null;0.5;0.40(7%*);
287423976;Walkers Deli Ham And Chutney Crisps 150G;£2.19;£1.46/100g;Crisps, Snacks & Nuts;Crisps & Snacks;588kJ 1960kJ;2.1;null;null;6.3(9%*);null;1.5;0.35(6%*);
287354732;Walkers Sunbites Sun Ripened Sweet Chili Crisps 95G;£1.99;£2.10/100g;Crisps, Snacks & Nuts;Crisps & Snacks;603kJ 2011kJ;2.2;null;null;6.5(9%*);null;2.0;0.20(3%*);
287355296;Walkers Mix Ups Cheese Snacks 120G;null;null;Crisps, Snacks & Nuts;Crisps & Snacks;624kJ 2081kJ;1.8;null;null;7.4 (11%*);null;1.0;0.50 (8%*);
287419481;Walkers Deli Balsamic Vinegar Crisps 150G;£2.19;£1.46/100g;Crisps, Snacks & Nuts;Crisps & Snacks;587kJ 1956kJ;2.0;null;null;6.2(9%*);null;1.4;0.35(6%*);
267345563;Doritos Hint Of Lime 200G;£1.00;£0.50/100g;Crisps, Snacks & Nuts;Crisps & Snacks;624kJ 2080kJ;1.9;null;null;7.8(11%*);null;2.1;0.38(6%*);
283726198;Walkers Deli Garlic And Herb Pita Crisps 165G;£2.19;£1.33/100g;Crisps, Snacks & Nuts;Crisps & Snacks;608kJ 2026kJ;3.4;null;null;6.0(9%*);null;0.5;0.38(6%*);
287355428;Walkers Mix Ups Spicy Snacks 120G;null;null;Crisps, Snacks & Nuts;Crisps & Snacks;618kJ 2059kJ;1.9;null;null;7.3 (10%*);null;1.1;0.52 (9%*);
267345540;Doritos Cool Original 200G;£1.00;£0.50/100g;Crisps, Snacks & Nuts;Crisps & Snacks;623kJ 2077kJ;2.1;null;null;7.9(11%*);null;2.0;0.57(10%*);
287356116;Walkers Deli Sea Salt Crisps 150G;£2.19;£1.46/100g;Crisps, Snacks & Nuts;Crisps & Snacks;594kJ 1979kJ;2.0;null;null;6.5(9%*);null;1.5;0.37(6%*);
285047105;Walkers Extra Crunchy Simply Salted 150G;£1.50;£1.00/100g;Crisps, Snacks & Nuts;Crisps & Snacks;594 kJ 1980 kJ;2.0;null;null;6.5(9%*);null;1.5;0.37(6%*);
285047065;Walkers Extra Crunchy Cheese And Onion 150G;£1.50;£1.00/100g;Crisps, Snacks & Nuts;Crisps & Snacks;558 kJ 1860 kJ;2.0;null;null;5.9(8%*);null;1.4;0.35(6%*);
267031312;Doritos Hot Salsa Dip 300G;£1.00;£0.33/100g;Crisps, Snacks & Nuts;Crisps & Snacks;13;0.4;null;null;0.1 (1%*);null;0.4;0.56 (9%*);
280761232;Doritos Chilli Heatwave 200G;£1.00;£0.44/100g;Crisps, Snacks & Nuts;Crisps & Snacks;619kJ 2064kJ;2.0;null;null;7.6(11%);null;2.0;0.41(7%*);
287354660;Walkers Sunbites Sour Cream And Pepper Crisps 95G;£1.99;£2.10/100g;Crisps, Snacks & Nuts;Crisps & Snacks;603kJ 2010kJ;2.3;null;null;6.5(9%*);null;2.0;0.39(7%*);
267360509;Doritos Barbecue 200G;£1.00;£0.50/100g;Crisps, Snacks & Nuts;Crisps & Snacks;618kJ 2060kJ;1.9;null;null;7.7(11%*);null;2.1;0.53(9%*);
287424059;Walkers Potato Chips Mature Cheddar 150G;£2.19;£1.46/100g;Crisps, Snacks & Nuts;Crisps & Snacks;592kJ 1973kJ;2.1;null;null;6.2(9%*);null;1.4;0.35(6%*);
287424249;Walkers Deli Chorizo And Onion 150G;£2.19;£1.46/100g;Crisps, Snacks & Nuts;Crisps & Snacks;588kJ 1959kJ;2.1;null;null;6.3(9%*);null;1.5;0.35(6%*);
285047451;Walkers Extra Crunchy Salt And Vinegar 150G;£1.50;£1.00/100g;Crisps, Snacks & Nuts;Crisps & Snacks;582 kJ 1939 kJ;2.0;null;null;6.2(9%*);null;1.4;0.39(6%*);
285047543;Walkers Extra Crunchy Prawn Cocktail 150G;£1.50;£1.00/100g;Crisps, Snacks & Nuts;Crisps & Snacks;584 kJ 1947 kJ;2.0;null;null;6.2(9%*);null;1.4;0.37(6%*);
254954608;Doritos Sour Cream And Chive Dip 300G;£1.00;£0.33/100g;Crisps, Snacks & Nuts;Crisps & Snacks;98;1.0;null;null;9.2 (13%*);null;0.3;0.39 (7%*);
250057901;Tesco Lightly Salted Tortilla Chips 200G;£0.95;£0.48/100g;Crisps, Snacks & Nuts;Crisps & Snacks;500;5.9;null;1.2;24.6;2.3;5.2;0.8;
257412848;Tesco Hot Salsa Dip 300G;£0.95;£0.25/100g;Crisps, Snacks & Nuts;Crisps & Snacks;32;1.1;null;3.2;0.2;0.1;1.4;1.2;
278297245;Tesco Chilli Tortilla Chips 200G;£0.95;£0.48/100g;Crisps, Snacks & Nuts;Crisps & Snacks;491;6.1;null;3.8;23.3;2.2;5.2;1.3;
268743620;Tesco Everyday Value Ltly Salted Tortillas 200G;£0.46;£0.23/100g;Crisps, Snacks & Nuts;Crisps & Snacks;472;6.6;null;1.5;20.0;2.0;4.0;0.8;
284118093;Tesco Finest Beef Burrito 175G;£1.59;£0.91/100g;Crisps, Snacks & Nuts;Crisps & Snacks;494;6.2;null;1.1;25.5;2.4;6.5;0.9;
284118513;Tesco Finest Jalapeno And Cheese Tortilla Chips 175G;£1.59;£0.91/100g;Crisps, Snacks & Nuts;Crisps & Snacks;502;5.1;null;6.1;26.3;2.7;6.2;0.9;
250057930;Tesco Nacho Cheese Tortilla Chips 200G;£0.95;£0.48/100g;Crisps, Snacks & Nuts;Crisps & Snacks;497;6.5;null;2.9;24.6;3.0;5.0;1.3;
267031030;Doritos Mild Salsa Dip 300G;£1.00;£0.33/100g;Crisps, Snacks & Nuts;Crisps & Snacks;13;0.5;null;null;0.1 (1%*);null;0.4;0.55 (9%*);
264881976;Tesco Mini Poppadoms 70G;£0.99;£1.42/100g;Crisps, Snacks & Nuts;Crisps & Snacks;565;14.5;null;0.6;40.2;3.5;5.4;2.6;
257412580;Tesco Mild Salsa Dip 300G;£0.95;£0.25/100g;Crisps, Snacks & Nuts;Crisps & Snacks;32;1.3;null;3.2;0.2;0.1;1.3;1.1;
267345576;Doritos Tangy Cheese 200G;£1.00;£0.50/100g;Crisps, Snacks & Nuts;Crisps & Snacks;625kJ 2084kJ;2.0;null;null;7.9(11%*);null;2.0;0.38(6%*);
284118012;Tesco Finest Smoky Ancho Chilli And Paprika 175G;£1.59;£0.91/100g;Crisps, Snacks & Nuts;Crisps & Snacks;491;7.2;null;1.8;24.2;2.6;5.5;0.8;
277585827;Doritos Jalapeno Fire 200G;£1.00;£0.50/100g;Crisps, Snacks & Nuts;Crisps & Snacks;620kJ 2067kJ;1.8;null;null;7.7(11%*);null;2.0;0.37(6%*);
274401187;Tesco Everyday Value Salsa 300G;£0.69;£0.23/100g;Crisps, Snacks & Nuts;Crisps & Snacks;36;1.4;null;4.4;0.1;0.1;0.7;0.8;
276305344;Tesco Everyday Value Hot Salsa 300G;£0.69;£0.23/100g;Crisps, Snacks & Nuts;Crisps & Snacks;36;1.0;null;4.5;0.2;0;1.2;0.8;
284118162;Tesco Finest Lightly Sea Salt Tortilla Chips 175G;£1.59;£0.91/100g;Crisps, Snacks & Nuts;Crisps & Snacks;503;7.8;null;0.8;26.8;2.8;6.4;0.8;
250164359;Tesco Prawn Crackers 60G;£0.75;£1.25/100g;Crisps, Snacks & Nuts;Crisps & Snacks;543;2.4;null;7.6;32.4;2.8;0.1;1.9;
250057918;Tesco Cool Tortilla Chips 200G;£0.95;£0.48/100g;Crisps, Snacks & Nuts;Crisps & Snacks;493;6.5;null;3.0;23.6;2.4;5.1;1.3;
267345557;Doritos Lightly Salted 200G;£1.00;£0.50/100g;Crisps, Snacks & Nuts;Crisps & Snacks;610kJ 2035kJ;1.9;null;null;7.0(10%*);null;2.3;0.22(4%*);
253890427;Butchers Pork Crackling Snack 75G;£0.99;£1.32/100g;Crisps, Snacks & Nuts;Crisps & Snacks;2374kj/570kCal;55.0;null;null;37.2;null;null;null;
283357594;Metcalfe's Corners Chilli Tweet 120G;£1.99;£1.66/100g;Crisps, Snacks & Nuts;Crisps & Snacks;null;null;null;null;null;null;null;null;
274391145;Snyders Jalapeno Pretzel Pieces 125G;£1.50;£1.20/100g;Crisps, Snacks & Nuts;Crisps & Snacks;2176kj 2720kj;7.1;68;null;24.4;null;3.2;null;
280771096;Tesco Healthy Living Sour Cream And Black Pepper Popcorn 20G;£0.49;£0.25/10g;Crisps, Snacks & Nuts;Crisps & Snacks;438;11.4;null;4.8;16.0;1.5;13.2;1.4;
279602327;Jack Links Beef Jerky Original 25G;£1.70;£6.80/100g;Crisps, Snacks & Nuts;Crisps & Snacks;1227 kJ - 307 kJ;45.0;null;null;3.3;null;null;5.3;
279399371;Snyders Hot Buffalo Wing Pretzel Pces125g;£1.50;£1.20/100g;Crisps, Snacks & Nuts;Crisps & Snacks;2048.0kj 2560.0kj;7.6;58.6;null;24.5;null;2.4;null;
285019491;Wild West Honey Barbecue Beef Jerky 70G;£2.99;£4.28/100g;Crisps, Snacks & Nuts;Crisps & Snacks;null;34.2;null;null;4.8;null;0.5;2.7;
283357712;Metcalfe's Corners Cheese Louise 120G;£1.99;£1.66/100g;Crisps, Snacks & Nuts;Crisps & Snacks;null;null;null;null;null;null;null;null;
279319369;Cheetos Crunchy Cheese Flavoured Snacks 56.7G;£1.40;£2.47/100g;Crisps, Snacks & Nuts;Crisps & Snacks;null;3.5;null;null;21.2;null;1.8;0.5;
259546090;Mr Porky Pork Crackles Sharing Bag 70G;£0.85;£1.22/100g;Crisps, Snacks & Nuts;Crisps & Snacks;null;34.0;null;null;32.0;null;1.3;null;
285019393;Wild West Original Beef Jerky 70G;£2.99;£4.28/100g;Crisps, Snacks & Nuts;Crisps & Snacks;1225kJ;39.0;null;null;5.0;null;1.6;3.8;
280771067;Tesco Healthy Living Red Thai Curry Popcorn 20G;£0.49;£2.45/100g;Crisps, Snacks & Nuts;Crisps & Snacks;427;10.5;null;4.1;16.0;1.5;13.4;1.3;
285019623;Cruga Chilli Beef Biltong 70G;£2.99;£4.28/100g;Crisps, Snacks & Nuts;Crisps & Snacks;1031kJ;46.0;null;null;5.2;null;0.9;null;
274391180;Snyders Honey Mustard And Onion Pretzel Pces125g;£1.50;£1.20/100g;Crisps, Snacks & Nuts;Crisps & Snacks;2017kj 2521kj;7.0;60.3;null;23.6;null;3.1;null;
279602425;Jack Links Beef Jerky Sweet And Hot 25G;£1.70;£6.80/100g;Crisps, Snacks & Nuts;Crisps & Snacks;1144 kJ - 286 kJ;38.8;null;null;3.3;null;null;4.6;
284982842;Bear Pure Fruit Yoyo Raspberry 5 X 20G;£2.29;£22.90/kg;Crisps, Snacks & Nuts;Kids Snacking;kJ 1151 kJ 115;1.9;null;null;0.2;null;8;0;
267775746;Frootz Strawberry Buttons 18G;£0.45;£25.00/kg;Crisps, Snacks & Nuts;Kids Snacking;1242 kJ 224 kJ;0.9;null;null;0.2;null;1.6;0.1;
255093475;Fruit Bowl Yoghurt Fruit Flakes Strawberry 25G;£0.45;£18.00/kg;Crisps, Snacks & Nuts;Kids Snacking;453;1.3;null;null;19;null;3.9;0.2;
284555916;Fruit Bowl Sours 4 Fruits 5X20g;£1.69;£1.69/100g;Crisps, Snacks & Nuts;Kids Snacking;1230kJ 246kJ;0.6;null;null;0.5;null;4.8;0.32;
278508239;Fruit Factory Fruit Gummies 80Grams;£1.85;£23.13/kg;Crisps, Snacks & Nuts;Kids Snacking;360;0.3;null;null;0.5;null;1.6;0.1;
284982669;Bear Pure Fruit Yoyo Mango 5 X 20G;£2.29;£22.90/kg;Crisps, Snacks & Nuts;Kids Snacking;kJ 1151 kJ 115;1.9;null;null;0.2;null;8;0;
279524892;Fruit Bowl Jungle Shapes 5X18g;£1.39;£15.45/kg;Crisps, Snacks & Nuts;Kids Snacking;1230kJ 221kJ;0.6;null;null;0.5;null;4.8;0.32;
260278336;Crazy Jack Organic Blueberries 100G;£3.99;£39.90/kg;Crisps, Snacks & Nuts;Kids Snacking;328 ;0.1;null;null;1.1;null;4.7;null;
286782799;Bear Pure Fruit Yoyo Stawberry 9X20g;null;null;Crisps, Snacks & Nuts;Kids Snacking;kJ 1151 kJ 115;1.9;63.4;null;0.2;null;8;0;
251434684;Forest Feast Exotic Dried Mango 130G;£2.00;£15.39/kg;Crisps, Snacks & Nuts;Kids Snacking;332Kcal;1.7;null;null;0.9;null;4.5;Trace;
271110311;Forest Feast Sensational Mango Sour 60G;£1.50;£25.00/kg;Crisps, Snacks & Nuts;Kids Snacking;358Kcal;1.05;null;null;0.3;null;0.5;Trace;
284737949;Fruit Factory Fruit Stars 20G;£0.40;£20.00/kg;Crisps, Snacks & Nuts;Kids Snacking;310;2.0;null;null;0.3;null;2.0;0.1;
272440074;Fruit Bowl Peelers Blackcurrant 60G;£1.50;£25.00/kg;Crisps, Snacks & Nuts;Kids Snacking;1356kJ 271kJ;1.5;null;null;1.0;null;7.5;0.25;
264919955;Fruit Bowl School Bars Raspberry 100G;£1.48;£14.80/kg;Crisps, Snacks & Nuts;Kids Snacking;337;1.0;null;null;3.6;null;7.1;0.5;
257228994;Fruit Bowl Yoghurt Coated Fruit Flakes Raisins 30G;£0.45;£15.00/kg;Crisps, Snacks & Nuts;Kids Snacking;455;2.0;null;null;19;null;3.0;0.2;
255622795;Crazy Jack Organic Cranberries 100G;£2.49;£24.90/kg;Crisps, Snacks & Nuts;Kids Snacking;339 ;0.1;null;null;1.6;null;4;null;
267773263;Frootz Raspberry Buttons 18G;£0.45;£25.00/kg;Crisps, Snacks & Nuts;Kids Snacking;1253 kJ 226 kJ;0.7;null;null;0.8;null;1.8;0.1;
271266950;Crazy Jack Organic Ready To Eat Dates 250G;null;null;Crisps, Snacks & Nuts;Kids Snacking;293 ;2.4;null;null;0.38;null;7.9;null;
279525453;Fruit Bowl Sea Shapes 5X18g;£1.39;£15.45/kg;Crisps, Snacks & Nuts;Kids Snacking;1230kJ 221kJ;0.6;null;null;0.5;null;4.8;0.32;
267774642;Frootz Orange Buttons 18G;£0.45;£25.00/kg;Crisps, Snacks & Nuts;Kids Snacking;1266 kJ 228 kJ;0.6;null;null;0.2;null;1.1;0.1;
284737805;Fruit Factory Fruit Wheels 15G;£0.40;£26.67/kg;Crisps, Snacks & Nuts;Kids Snacking;330;4.5;null;null;0.7;null;1.7;0.28;
278632022;Fruit Factory Fruit Wheels 75G;£1.85;£24.67/kg;Crisps, Snacks & Nuts;Kids Snacking;330;4.5;null;null;0.7;null;1.7;0.28;
278482020;Ocean Spray Craisins 150G;£1.80;£12.00/kg;Crisps, Snacks & Nuts;Kids Snacking;351;0;82;null;0.6;null;8.2;0;
286701009;Fruit Heroes Strawberry Multipack 5 Bars 100G;£1.00;£1.00/100g;Crisps, Snacks & Nuts;Kids Snacking;null;2,0;null;null;3,5;null;null;0,0;
272691093;Ocean Spray Dried Craisins Cranberry 150G;£1.80;£12.00/kg;Crisps, Snacks & Nuts;Kids Snacking;353;0;83;null;0.7;null;7.6;0;
278908209;Sunny Raisin Milk And White Chocolate Share Pack 100G;£1.49;£14.90/kg;Crisps, Snacks & Nuts;Kids Snacking;433;4.4;null;null;18.9;null;1.0;0.3;
278908716;Sunny Raisin Yoghurt Share Pack 100G;£1.49;£14.90/kg;Crisps, Snacks & Nuts;Kids Snacking;447;3.2;null;null;20.4;null;0.4;0.1;
278908100;Sunny Raisin Milk White Chocolate Coated Raisin Snack Pk 25G;£0.45;£1.80/100g;Crisps, Snacks & Nuts;Kids Snacking;433;4.4;null;null;18.9;null;1.0;0.3;
286748109;Fruit Heroes Blackcurrant 5 Pack 100G;£1.00;£1.00/100g;Crisps, Snacks & Nuts;Kids Snacking;null;2,0;null;null;3,5;null;null;0,0;
284741431;Ocean Spray Blueberry Cranberries Craisins 150G;£1.80;£12.00/kg;Crisps, Snacks & Nuts;Kids Snacking;349;0;82;null;0.6;null;7.2;0;
265285210;Fruit Factory Variety Strings 20G;£0.40;£20.00/kg;Crisps, Snacks & Nuts;Kids Snacking;325;7.5;null;null;0.4;null;1.8;0.1;
285549617;Sunny Raisin Yoghurt Multipack 5X25g;£1.89;£1.52/100g;Crisps, Snacks & Nuts;Kids Snacking;1875 kJ 469 kJ;3.2;null;null;20.4;null;0.5;0.1;
285549364;Sunny Raisin Chocolate Multipack 5X25g;£1.89;£1.52/100g;Crisps, Snacks & Nuts;Kids Snacking;1738 kJ 435 kJ;4.5;null;null;15.5;null;1.1;0.1;
278907942;Sunny Raisin Chocolate Share Pack 100G;£1.49;£14.90/kg;Crisps, Snacks & Nuts;Kids Snacking;414;4.5;null;null;15.5;null;1.1;0.1;
266412284;Humzingers Orchard Fruits Flavour 130G;£1.99;£15.31/kg;Crisps, Snacks & Nuts;Kids Snacking;280;2.5;null;null;0.6;null;12.2;0.1;
286748271;Fruit Heroes Apple And Raspberry 5 Pack 100G;£1.00;£1.00/100g;Crisps, Snacks & Nuts;Kids Snacking;1350 kJ/320 270/65;2,0;null;null;3,5;null;null;0,0;
286732888;Fruit Heroes Banana 5 Pack 100G;£1.00;£1.00/100g;Crisps, Snacks & Nuts;Kids Snacking;null;2,5;null;null;3,0;null;null;0,0;
278907700;Sunny Raisin Caramel Coated Raisin Snack Pk25g;£0.45;£18.00/kg;Crisps, Snacks & Nuts;Kids Snacking;429;4.6;null;null;19.8;null;2.4;Trace;
284738171;Ocean Spray Greek Yoghurt Cranberries 100G;£1.80;£18.00/kg;Crisps, Snacks & Nuts;Kids Snacking;469;1.8;68;null;21;null;1.4;0.16;
284738021;Fruit Factory Sports Mix Up 90G;£1.85;£20.56/kg;Crisps, Snacks & Nuts;Kids Snacking;327;0.4;null;null;0.1;null;0.2;0.18;
264778660;Tesco Everyday Value Prunes 250G;£1.19;£4.76/kg;Crisps, Snacks & Nuts;Kids Snacking;161;2.5;null;34.0;0.4;0.1;5.7;0.1;
285646531;Whitworths Apricots 30G;£0.45;£15.00/kg;Crisps, Snacks & Nuts;Kids Snacking;753kJ 226kJ;4.0;null;null;0.6;null;6.3;Trace;
253024285;Tesco Ready To Eat Figs 250G;£1.59;£6.36/kg;Crisps, Snacks & Nuts;Kids Snacking;234;3.3;null;48.4;1.5;0.5;6.9;0.3;
254809070;Tesco Ready To Eat Apricots 500G;£3.25;£6.50/kg;Crisps, Snacks & Nuts;Kids Snacking;209;2.4;null;37.7;0.1;0.1;6.2;0.1;
285694692;Whitworths Cranberries 25G;£0.45;£18.00/kg;Crisps, Snacks & Nuts;Kids Snacking;1401kJ 350kJ;0.1;null;null;1.4;null;5.7;Trace;
278653814;Whitworths Blueberry And Seed Shot 25G;£0.49;£19.60/kg;Crisps, Snacks & Nuts;Kids Snacking;382;9.3;null;null;16.1;null;2.9;0.1;
285514322;Whitworths Berry White Chocolate Shot 25G;£0.49;£1.96/100g;Crisps, Snacks & Nuts;Kids Snacking;540;14.5;null;31.5;34.7;2.7;7.0;0.1;
286783372;Whitworths Chopped Apricots 140G;£1.99;£1.43/100g;Crisps, Snacks & Nuts;Kids Snacking;178;4.0;null;null;0.6;null;6.3;Trace;
255732394;Sunsweet Stoned Prunes 500G;£3.39;£6.78/kg;Crisps, Snacks & Nuts;Kids Snacking;968kJ 387kJ;2.18;null;null;0.38;null;7.1;0.01;
275721359;Whitworths Cherries And Berries 70G;£1.99;£28.43/kg;Crisps, Snacks & Nuts;Kids Snacking;313;0.7;null;null;0.6;null;4.2;Trace;
255300888;Tesco Ready To Eat Prunes 500G;£1.99;£3.98/kg;Crisps, Snacks & Nuts;Kids Snacking;160;2.5;null;33.8;0.4;0.1;5.7;0.1;
254809058;Tesco Ready To Eat Apricots 250G;£2.50;£10.00/kg;Crisps, Snacks & Nuts;Kids Snacking;209;2.4;null;37.7;0.1;0.1;6.2;0.1;
267718819;Whitworths Banana Chips 175G;£1.99;£11.38/kg;Crisps, Snacks & Nuts;Kids Snacking;524;1.9;null;null;29.7;null;3.4;Trace;
285476363;Whitworths Cranberries Multipack 5X25g;£1.99;£1.60/100g;Crisps, Snacks & Nuts;Kids Snacking;1401kJ 350kJ;0.1;null;null;1.4;null;5.7;Trace;
285694663;Whitworths Dates 30G;£0.45;£15.00/kg;Crisps, Snacks & Nuts;Kids Snacking;1252kJ 376kJ;3.3;null;null;0.2;null;4.0;Trace;
271238241;Whitworths Cranberries 150G;£1.99;£13.27/kg;Crisps, Snacks & Nuts;Kids Snacking;331;0.1;null;null;1.4;null;5.7;Trace;
278653728;Whitworths Berry And Almond Shot 25G;£0.49;£19.60/kg;Crisps, Snacks & Nuts;Kids Snacking;387;6.1;null;null;13.7;null;5.5;0.1;
271238287;Whitworths Apple 25G;£0.45;£18.00/kg;Crisps, Snacks & Nuts;Kids Snacking;1349kJ 337kJ;0.2;null;null;0.1;null;0.4;null;
255300836;Tesco Ready To Eat Prunes 250G;£1.49;£5.96/kg;Crisps, Snacks & Nuts;Kids Snacking;161;2.5;null;34.0;0.4;0.1;5.7;0.1;
285694801;Whitworths Banana Chips 18G;£0.45;£25.00/kg;Crisps, Snacks & Nuts;Kids Snacking;1407kJ 253kJ;1.9;null;null;29.7;null;3.4;Trace;
271237893;Whitworths Frootz Apple Fruit Buttons18g;£0.45;£25.00/kg;Crisps, Snacks & Nuts;Kids Snacking;2192 kJ 395 kJ;0.3;null;null;0.2;null;1.3;0.1;
271238264;Whitworths Figs 175G;£1.99;£11.38/kg;Crisps, Snacks & Nuts;Kids Snacking;234;3.3;null;null;1.5;null;6.9;0.1;
285645872;Whitworths Pineapple 25G;£0.45;£18.00/kg;Crisps, Snacks & Nuts;Kids Snacking;1485kJ 371kJ;0.4;null;null;0.2;null;0.5;0.5;
280484770;Whitworths Soft Dates 300G;£1.99;£6.64/kg;Crisps, Snacks & Nuts;Kids Snacking;295;3.3;null;null;0.2;null;4.0;Trace;
280484977;Whitworths Juicy Large Prunes 200G;£1.99;£9.95/kg;Crisps, Snacks & Nuts;Kids Snacking;160;2.5;null;null;0.4;null;5.7;Trace;
285477212;Whitworths Raisin Multipack 5X30g;£1.99;£1.33/100g;Crisps, Snacks & Nuts;Kids Snacking;1245kJ 374kJ;2.1;null;null;0.4;null;2.0;0.2;
271237812;Whitworths Strawberry Buttons Multipack 5X18g;£2.25;£25.00/kg;Crisps, Snacks & Nuts;Kids Snacking;1242 kJ 224 kJ;0.9;null;null;0.2;null;1.6;0.1;
278653193;Whitworths Raisin And Choco Shot 25G;£0.49;£19.60/kg;Crisps, Snacks & Nuts;Kids Snacking;354;3.3;null;null;8.0;null;2.2;0.1;
285514002;Whitworths Pineapple Pieces Multipack 5X25g;£1.99;£1.60/100g;Crisps, Snacks & Nuts;Kids Snacking;1485kJ 371kJ;0.4;null;null;0.2;null;0.5;0.5;
271238206;Whitworths Mango 60G;£1.99;£33.17/kg;Crisps, Snacks & Nuts;Kids Snacking;303;1.8;null;null;0.3;null;2.8;0.2;
271237835;Whitworths Frootz Blackcurrant Buttons 18G;£0.45;£25.00/kg;Crisps, Snacks & Nuts;Kids Snacking;1199 kJ 216 kJ;0.6;null;null;0.2;null;2.3;0.1;
278905005;Whitworths Honey Apricot Flavours 140G;£1.99;£14.22/kg;Crisps, Snacks & Nuts;Kids Snacking;178;4.0;null;null;0.6;null;6.3;Trace;
285694847;Whitworths Mango 25G;£0.45;£18.00/kg;Crisps, Snacks & Nuts;Kids Snacking;1100kJ 275kJ;0.3;null;null;13;null;0.5;null;
285694732;Whitworths Prunes 30G;£0.45;£15.00/kg;Crisps, Snacks & Nuts;Kids Snacking;678kJ 203kJ;2.5;null;null;0.4;null;5.7;Trace;
280484706;Whitworths Extra Juicy Snacking Raisins 325G;£1.96;£6.04/kg;Crisps, Snacks & Nuts;Kids Snacking;293;2.1;null;null;0.4;null;2.0;0.1;
275947023;Whitworths Sunny Chocolate Coated Raisins 25G;£0.45;£18.00/kg;Crisps, Snacks & Nuts;Kids Snacking;105;1.1;null;null;3.9;null;0.3;null;
285514175;Whitworths Fruity Biscuit Shot 25G;£0.49;£1.96/100g;Crisps, Snacks & Nuts;Kids Snacking;251;1.7;null;null;9.5;null;1.8;0.1;
267773086;Whitworths Raisins 30G;£0.45;£15.00/kg;Crisps, Snacks & Nuts;Kids Snacking;430kJ 1225kJ;1.1;null;null;0.2;null;0.2;null;
285514282;Whitworths Orange Chocolate Seed Shot 25G;£0.49;£1.96/100g;Crisps, Snacks & Nuts;Kids Snacking;270;7.0;null;null;12.8;null;1.9;0.1;
280484188;Whitworths Extra Juicy Raisins 325G;£1.99;£6.13/kg;Crisps, Snacks & Nuts;Kids Snacking;293;2.1;null;null;0.4;null;2.0;0.1;
271254025;Yu Bar Strawberry With Yoghurt Coating 90G;£1.79;£19.89/kg;Crisps, Snacks & Nuts;Kids Snacking;1831 kJ 549 kJ;4.7;null;null;16.2;null;null;null;
277044512;Fruit Bowl Yoghurt Flakes Blackcurrant 4X25g;£1.69;£16.90/kg;Crisps, Snacks & Nuts;Kids Snacking;453;1.3;null;null;19;null;3.9;0.2;
278653659;Whitworths Apricot And Seed Shot 25G;£0.49;£19.60/kg;Crisps, Snacks & Nuts;Kids Snacking;322;7.0;null;null;10.4;null;6.0;Trace;
285508148;Yu! 100% Strawberry Mini Chews 5 Pack;£2.00;£0.40/each;Crisps, Snacks & Nuts;Kids Snacking;320;1.6;null;null;2.1;null;12.1;trace;
277160950;Fruit Bowl Yoghurt Flakes Strawberry 4X25grams;£1.69;£16.90/kg;Crisps, Snacks & Nuts;Kids Snacking;453;1.3;null;null;19;null;3.9;0.2;
285551118;Yu! 100% Mango Mini Chews 5 Pack;£2.00;£0.40/each;Crisps, Snacks & Nuts;Kids Snacking;316;1.6;null;null;2.0;null;11.8;trace;
285526725;Whitworths Toffee Pecan Shot 25G;£0.49;£1.96/100g;Crisps, Snacks & Nuts;Kids Snacking;323;3.7;null;null;17.4;null;2.5;0.3;
277160028;Fruit Bowl Yoghurt Flakes Raisin 4X25grams;£1.69;£16.90/kg;Crisps, Snacks & Nuts;Kids Snacking;455;2.0;null;null;19;null;3.0;0.2;
270934167;Tesco Yoghurt Coated Strawberry Fruit Bites 125G;£1.30;£10.40/kg;Crisps, Snacks & Nuts;Kids Snacking;485;3.2;null;70.1;21.0;18.0;0.5;0.3;
277160875;Fruit Bowl Yoghurt Flakes Raspberry 4X25grams;£1.69;£16.90/kg;Crisps, Snacks & Nuts;Kids Snacking;453;1.3;null;null;19;null;3.9;0.2;
286783732;Whitworths Whole Apricots 140G;£1.99;£1.43/100g;Crisps, Snacks & Nuts;Kids Snacking;178;4.0;null;null;0.6;null;6.3;Trace;
285551199;Yu! 100% Raspberry Mini Chews 5 Pack;£2.00;£0.40/each;Crisps, Snacks & Nuts;Kids Snacking;313;1.5;null;null;1.5;null;12;trace;
285508217;Yu! Mango Fruit Stars 5 Pack;£2.00;£0.40/each;Crisps, Snacks & Nuts;Kids Snacking;316;1.6;null;null;2.0;null;11.8;trace;
285551732;Yu! Strawberry Fruit Hearts 5 Pack;£2.00;£0.40/each;Crisps, Snacks & Nuts;Kids Snacking;320;1.6;null;null;2.1;null;12.1;trace;
275945647;Whitworths Sunny Yoghurt Coated Raisins 25G;£0.45;£18.00/kg;Crisps, Snacks & Nuts;Kids Snacking;115;0.8;null;null;5.1;null;0.1;null;
285508033;Yu! 100% Strawberry In Yoghurt Coating Multipack 5 Pack;£2.20;£0.44/each;Crisps, Snacks & Nuts;Kids Snacking;389;3.0;null;null;9.9;null;10.2;0.3;
259320838;Fruit Bowl Fruit Flakes Blackcurrant8x20;£3.25;£20.32/kg;Crisps, Snacks & Nuts;Kids Snacking;1400kJ 280kJ;1.0;null;null;2.0;null;3.0;null;
285549928;Yu! Mango Piece In Yoghurt Coating 5 Pack;£2.20;£0.44/each;Crisps, Snacks & Nuts;Kids Snacking;367;3.0;null;null;9.5;null;10.6;0.3;
285550004;Yu! Apple Piece In Yoghurt Coating 5 Pack;£2.20;£0.44/each;Crisps, Snacks & Nuts;Kids Snacking;370;3.0;null;null;9.7;null;10.5;0.3;
275951795;Whitworths Sunny Raisin Custard Coated Raisin 25G;£0.45;£18.00/kg;Crisps, Snacks & Nuts;Kids Snacking;125;1.1;null;null;5.2;null;0.2;null;
254930086;Sunmaid Raisin Snacks 250G;£2.79;£11.16/kg;Crisps, Snacks & Nuts;Kids Snacking;180 kJ 1285 kJ;0.4;10.0;null;0.0;null;0.8;null;
258141777;Whitworths Sunny Raisin 6X42.5G;£1.89;£7.42/kg;Crisps, Snacks & Nuts;Kids Snacking;294;2.6;null;null;0.4;null;5.3;null;
254915433;Sun-Maid Californian Raisins 500G;£2.79;£5.58/kg;Crisps, Snacks & Nuts;Kids Snacking;1,322 kJ -;3.0;76.9;null;0.7;null;5.8;0.02;
264920152;Fruit Bowl Yoghurt Flakes Raisin 8X30g;£3.25;£13.55/kg;Crisps, Snacks & Nuts;Kids Snacking;455;2.0;null;null;19;null;3.0;0.2;
251182877;Fruit Bowl School Bars Blackcurrant 100G;£1.48;£14.80/kg;Crisps, Snacks & Nuts;Kids Snacking;337;1.0;null;null;3.6;null;7.1;0.5;
265388463;Fruit Factory Fruit Stars 5X20g;£1.85;£18.50/kg;Crisps, Snacks & Nuts;Kids Snacking;310;2.0;null;null;0.3;null;2.0;0.1;
268615974;Tesco Goodness Raisins 168G;£1.29;£7.68/kg;Crisps, Snacks & Nuts;Kids Snacking;297;2.1;null;69.3;0.4;0.1;4.0;0.2;
275951858;Frootz Apple Multipack 5X18g;£2.25;£25.00/kg;Crisps, Snacks & Nuts;Kids Snacking;2192 kJ 395 kJ;0.3;null;null;0.2;null;1.3;0.1;
259320800;Fruit Bowl Fruit Flakes Strawberry 8X20g;£3.25;£20.32/kg;Crisps, Snacks & Nuts;Kids Snacking;320;1.5;null;null;1.0;null;7.5;0.25;
272440258;Fruit Bowl Peelers Strawberry 60G;£1.50;£25.00/kg;Crisps, Snacks & Nuts;Kids Snacking;1356kJ 271kJ;1.5;null;null;1.0;null;7.5;0.25;
282614122;Bear Blackcurrant Yoyo Multipack 5X20g;£2.29;£22.90/kg;Crisps, Snacks & Nuts;Kids Snacking;kJ 1151 kJ 115;1.9;63.4;null;0.2;null;8;0;
264920117;Fruit Bowl Yoghurt Flakes Raspberry 8X25g;£3.25;£16.25/kg;Crisps, Snacks & Nuts;Kids Snacking;453;1.3;null;null;19;null;3.9;0.2;
265388411;Fruit Factory Fruit Hearts Strawberry 5X20g;£1.85;£18.50/kg;Crisps, Snacks & Nuts;Kids Snacking;310;2.0;null;null;0.3;null;2.0;0.1;
251182819;Fruit Bowl School Bars Strawberry 100G;£1.48;£14.80/kg;Crisps, Snacks & Nuts;Kids Snacking;337;1.0;null;null;3.6;null;7.1;0.5;
271189177;Bear Strawberry Yoyo Multipack 5X20g;£2.29;£22.90/kg;Crisps, Snacks & Nuts;Kids Snacking;kJ 1151 kJ 115;1.9;63.4;null;0.2;null;8;0;
259320798;Fruit Bowl Yoghurt Flakes Strawberry 8X25g;£3.25;£16.25/kg;Crisps, Snacks & Nuts;Kids Snacking;449Kcal;1.7;null;null;20.6;null;2.0;null;
268597366;Whitworths Sunny Raisins 14X14g;£1.89;£7.50/kg;Crisps, Snacks & Nuts;Kids Snacking;294;2.6;null;null;0.4;null;5.3;null;
259320679;Fruit Bowl Yoghurt Flakes Blackcurrant8x25;£3.25;£16.25/kg;Crisps, Snacks & Nuts;Kids Snacking;1883kJ 471kJ;1.7;null;55.0;20.6;12.0;2.0;null;
255973160;Sunmaid Raisin Snacks 6 X 42.5G;£2.19;£8.59/kg;Crisps, Snacks & Nuts;Kids Snacking;1,322 kJ -;3.0;null;null;null;null;5.8;0.02;
276669609;Fruit Bowl Raspberry Peelers 60G;£1.50;£25.00/kg;Crisps, Snacks & Nuts;Kids Snacking;1356kJ 271kJ;1.5;null;null;1.0;null;7.5;0.25;
258182434;Humdinger Lunch Box Minis 12X14g;£1.49;£8.87/kg;Crisps, Snacks & Nuts;Kids Snacking;305;2.9;null;null;0.5;null;5.3;0.05;
255269147;Kelloggs Duo Fruit Winders Strawberry And Blackcurrant 6 Pack;£1.48;£14.51/kg;Crisps, Snacks & Nuts;Kids Snacking;393 ;0.2;null;null;8;null;2;0.13;
271237956;Whitworths Frootz Orange Buttons 5X18g;£2.25;£25.00/kg;Crisps, Snacks & Nuts;Kids Snacking;1266 kJ 228 kJ;0.6;null;null;0.2;null;1.1;0.1;
255355857;Kelloggs Duo Fruit Winders Strawberry 6 Pack;£1.48;£14.51/kg;Crisps, Snacks & Nuts;Kids Snacking;393 ;0.2;null;null;8;null;2;0.13;
271238137;Whitworths Sunny Raisinsi 8X14g;£1.00;£8.93/kg;Crisps, Snacks & Nuts;Kids Snacking;305;2.6;null;null;0.4;null;5.3;null;
271238108;Whitworths Sunny Raisins Fruits 6X28g;£1.89;£11.25/kg;Crisps, Snacks & Nuts;Kids Snacking;290;2.1;null;null;0.4;null;4.3;null;
266412779;Humzinger Summer Fruits 10X13g;£1.99;£15.31/kg;Crisps, Snacks & Nuts;Kids Snacking;275;2.4;null;null;0.3;null;11.6;0.1;
265285285;Fruit Factory Fruit Strings Strawberry 5X20g;£1.85;£18.50/kg;Crisps, Snacks & Nuts;Kids Snacking;335;7.1;null;null;0.2;null;2.0;0.1;
265285233;Fruit Factory Fruit Strings 5X20g;£1.85;£18.50/kg;Crisps, Snacks & Nuts;Kids Snacking;325;7.5;null;null;0.4;null;1.8;0.1;
272439664;Whitworths Frootz Raspberry Multipack 5X18g;£2.25;£25.00/kg;Crisps, Snacks & Nuts;Kids Snacking;1253 kJ 226 kJ;0.7;null;null;0.8;null;1.8;0.1;
271237858;Whitworths Frootz Blackcurrant Multipack Buttons 5X18g;£2.25;£25.00/kg;Crisps, Snacks & Nuts;Kids Snacking;1199 kJ 216 kJ;0.6;null;null;0.2;null;2.3;0.1;
255339802;Kelloggs Duo Fruit Winders Apple And Strawberry 6 Pack;£1.48;£14.51/kg;Crisps, Snacks & Nuts;Kids Snacking;393 ;0.2;null;null;8;null;2;0.13;
271554966;Centennial Roasted And Salted Peanuts 300G;£0.99;£3.30/kg;Crisps, Snacks & Nuts;Nuts;596;26.2;null;7.3;47.8;6.0;9.5;1.3;
268345256;Tesco Barbecue Flavoured Coated Peanuts 200G;£0.99;£4.95/kg;Crisps, Snacks & Nuts;Nuts;517;15.4;null;6.1;30.6;5.0;5.0;1.7;
268459093;Tesco Dry Roasted Peanuts 275G;£1.38;£5.02/kg;Crisps, Snacks & Nuts;Nuts;591;25.4;null;4.8;46.5;8.7;9.6;1.9;
250603288;Kp Dry Roasted Peanuts 500G;£2.99;£5.98/kg;Crisps, Snacks & Nuts;Nuts;null;28.3;null;null;46.0;null;9.1;null;
266183939;Kp Jumbo Salt And Vinegar Flavoured Peanuts 180G;£1.99;£11.06/kg;Crisps, Snacks & Nuts;Nuts;null;27.1;null;null;48.2;null;8.8;null;
262717212;Centennial Dry Roasted Peanuts 400G;£1.19;£2.98/kg;Crisps, Snacks & Nuts;Nuts;591;25.4;null;4.8;46.5;8.7;9.6;1.9;
272969733;Sensations Californian Hon& Salt Peanuts 145G;£1.00;£6.90/kg;Crisps, Snacks & Nuts;Nuts;704kJ 2348kJ;5.8;null;null;12.0(17%*);null;1.5;0.40 (7%*);
266183916;Kp Jumbo Spicy Chilli Peanuts 180G;£1.99;£11.06/kg;Crisps, Snacks & Nuts;Nuts;null;27.3;null;null;47.8;null;8.9;null;
268459611;Tesco Jumbo Dry Roasted Peanuts 550G;£2.19;£3.99/kg;Crisps, Snacks & Nuts;Nuts;591;25.4;null;4.8;46.5;8.7;9.6;1.9;
254929463;Kp Salted Peanuts 500G;£2.99;£5.98/kg;Crisps, Snacks & Nuts;Nuts;2544kJ 763kJ;30;null;null;51;null;8.5;1.3;
266183951;Kp Honey Roast Peanuts 180G;£1.99;£11.06/kg;Crisps, Snacks & Nuts;Nuts;null;23.7;null;null;42.8;null;7.7;null;
257142138;Tesco Jumbo Dry Roasted Peanuts 100G;£0.59;£5.90/kg;Crisps, Snacks & Nuts;Nuts;591;25.4;null;4.8;46.5;8.7;9.6;1.9;
274769863;Tesco Everyday Value Roasted Salted Peanut 200G;£0.48;£2.40/kg;Crisps, Snacks & Nuts;Nuts;596;26.2;null;7.3;47.8;6.0;9.5;1.0;
282800647;Sensations Chinese Szechuan Pepper Peanuts 140G;£1.00;£0.71/100g;Crisps, Snacks & Nuts;Nuts;602 kJ 2006 kJ;4.2;null;null;6.5  (9%*);null;0.8;0.60  (11%*);
254929371;Kp Salted Peanuts 300G;£1.99;£6.64/kg;Crisps, Snacks & Nuts;Nuts;null;27.4;null;null;50.8;null;8.5;null;
264925008;Kp Jumbo Salted Peanuts 200G;£1.99;£9.95/kg;Crisps, Snacks & Nuts;Nuts;null;27.5;null;null;49.0;null;9.0;null;
282800132;Sensations Mexican Smoked Chilli P/Nut150g;£1.00;£0.67/100g;Crisps, Snacks & Nuts;Nuts;676 kJ 2252 kJ;4.2;null;null;10.0  (14%*);null;0.8;1.10  (18%*);
281512460;Kp Jumbo Honey Roast Nuts Mix 140G;£2.00;£14.29/kg;Crisps, Snacks & Nuts;Nuts;2463kJ 862kJ;23;null;null;45;null;6.4;0.75;
254929590;Kp Dry Roasted Peanuts 300G;£1.99;£6.64/kg;Crisps, Snacks & Nuts;Nuts;null;28.3;null;null;46.0;null;9.1;null;
282799976;Sensations Nuts Thai Sweet Chilli 150G;£1.00;£0.67/100g;Crisps, Snacks & Nuts;Nuts;679 kJ 2263 kJ;4.2;null;null;10.0  (14%*);null;0.8;0.70  (12%*);
268420144;Tesco Roasted Salted Peanuts 550G;£2.19;£3.99/kg;Crisps, Snacks & Nuts;Nuts;599;25.2;null;6.4;46.4;5.5;4.9;1.0;
268285136;Tesco Everyday Value Roasted And Salted Cashew Nuts 125G;£0.75;£6.00/kg;Crisps, Snacks & Nuts;Nuts;616;19.6;null;8.6;48.3;9.3;3.3;1.0;
274777415;Tesco Wasabi Flavour Jumbo Peanuts 200G;£0.99;£4.95/kg;Crisps, Snacks & Nuts;Nuts;630;26.3;null;3.6;53.1;10.4;7.2;0.7;
262720023;Centennial Pistachio Nuts 200G;£1.59;£7.95/kg;Crisps, Snacks & Nuts;Nuts;612;26.0;null;7.6;49.3;6.2;7.3;1.2;
287488288;Tesco Finest Fruit Nut Mix 175G;£2.99;£17.09/kg;Crisps, Snacks & Nuts;Nuts;495;11.8;null;33.5;32.5;5.1;4.7;0.1;
262593316;Centennial Roasted Salted Cashew Nut 200G;£1.89;£9.45/kg;Crisps, Snacks & Nuts;Nuts;616;19.6;null;8.6;48.3;9.3;3.3;1.0;
268420328;Tesco Jumbo Roasted &Salted Peanuts 100G;£0.59;£5.90/kg;Crisps, Snacks & Nuts;Nuts;576;25.3;null;5.0;41.8;6.6;5.1;1.8;
287248642;Almond Krunchies Spicy Barbecue 70G;£1.39;£1.99/100g;Crisps, Snacks & Nuts;Nuts;537;12.9;39.5;null;34.9;null;6.6;1.86;
264338882;Marmite Cashew Nuts 90G;£1.59;£17.67/kg;Crisps, Snacks & Nuts;Nuts;588;21.7;null;null;45.4;null;5.4;1.02;
274891325;Tesco Salt And Vinegar Jumbo Peanuts 200G;£0.99;£4.95/kg;Crisps, Snacks & Nuts;Nuts;616;25.6;null;2.0;50.3;8.9;5.7;1.9;
274069188;Sweet Thai Chilli Peanut And Cashew 200G;£0.99;£4.95/kg;Crisps, Snacks & Nuts;Nuts;609;22.4;null;9.1;49.6;8.9;10.1;0.7;
276806310;Kp Jumbo Honey Roast Cashews 140G;£2.00;£14.29/kg;Crisps, Snacks & Nuts;Nuts;null;17.0;null;null;44.6;null;6.1;null;
283110258;Blue Diamond Wasabi And Soy Sauce Almonds70g;£1.49;£2.13/100g;Crisps, Snacks & Nuts;Nuts;null;19.6;null;null;54.5;null;9.7;1.1;
265879153;Tesco Sweet Chilli Coated Peanuts 200G;£0.99;£4.95/kg;Crisps, Snacks & Nuts;Nuts;533;12.6;null;2.8;33.6;8.2;3.7;3.0;
276810172;Kp Nuts Jumbo Salted Cashews 140G;£2.00;£1.43/100g;Crisps, Snacks & Nuts;Nuts;null;19.6;null;null;50.9;null;7.1;null;
282644532;Tesco Broad Beans 80G;£0.99;£12.38/kg;Crisps, Snacks & Nuts;Nuts;436;21.8;null;7.0;16.6;4.7;8.5;2.1;
282644601;Tesco Baked Cracker Mix 25G;£0.99;£39.60/kg;Crisps, Snacks & Nuts;Nuts;418;5.2;null;17.1;8.0;3.9;0.9;2.5;
268420294;Tesco Jumbo Roasted &Salted Peanuts 275G;£1.38;£5.02/kg;Crisps, Snacks & Nuts;Nuts;576;25.3;null;5.0;41.8;6.6;5.1;1.8;
287249036;Almond Krunchies Salt And Vinegar 70G;£1.39;£1.99/100g;Crisps, Snacks & Nuts;Nuts;548;11.6;null;null;36.6;null;5.3;2.69;
285752134;Tesco Piri Piri Coated Peanuts 200G;£0.99;£4.95/kg;Crisps, Snacks & Nuts;Nuts;513;17.2;null;5.3;31.1;5.4;6.3;1.6;
279547012;Tesco Finest Mixed Nuts With Halen Mon Sea Salt 175G;£2.99;£1.71/100g;Crisps, Snacks & Nuts;Nuts;623;20.2;null;6.4;53.0;6.8;7.0;1.8;
268344545;Tesco Honey Roasted Cashew Nuts 175G;£2.49;£14.23/kg;Crisps, Snacks & Nuts;Nuts;594;16.5;null;17.9;43.4;8.9;2.7;0.2;
282644492;Tesco Snack Pot Cranberry Mix 100G;£0.99;£9.00/kg;Crisps, Snacks & Nuts;Nuts;357;0.8;null;58.6;5.7;4.2;4.4;0.1;
257379526;Tesco Pistachio Nuts 300G;£3.49;£11.64/kg;Crisps, Snacks & Nuts;Nuts;612;26.0;null;7.6;49.3;6.2;7.3;1.2;
268345469;Tesco Sea Salt And Black Pepper Cashew Nuts 175G;£2.49;£14.23/kg;Crisps, Snacks & Nuts;Nuts;601;18.8;null;7.8;47.2;7.5;5.7;1.1;
256335966;Tesco Unsalted Roasted Monkey Nuts 300G;£1.19;£3.97/kg;Crisps, Snacks & Nuts;Nuts;604;28.2;null;5.7;48.1;8.6;8.4;0.1;
287426466;Wonderful Pistachios Roasted And Salted 115G;£1.99;£17.31/kg;Crisps, Snacks & Nuts;Nuts;2444 kJ/ -;21,4;null;null;46;null;null;1,3;
268500482;Tesco Rice Crackers 200G;null;null;Crisps, Snacks & Nuts;Nuts;402;8.2;null;5.1;5.9;2.0;1.2;1.2;
282644768;Tesco Mini Spicy Crackers 40G;£0.99;£24.75/kg;Crisps, Snacks & Nuts;Nuts;582;2.9;null;10.6;40.0;19.9;0.4;2.2;
268285021;Tesco Jumbo Roasted &Salted Cashew Nuts 175G;£2.49;£14.23/kg;Crisps, Snacks & Nuts;Nuts;616;19.6;null;8.6;48.3;9.3;3.3;1.0;
257795603;Tesco Jumbo Roasted And Salted Peanuts And Cashews 200G;£1.99;£9.95/kg;Crisps, Snacks & Nuts;Nuts;588;24.3;null;5.1;46.9;8.5;11.7;0.5;
268345020;Tesco Honey Roasted Jumbo Cashews And Peanuts 200G;£2.19;£10.95/kg;Crisps, Snacks & Nuts;Nuts;583;18.9;null;18.6;41.9;7.8;4.2;0.2;
279546445;Tesco Finest Sea Salt Black Pepper Colossal Cashews 175G;£2.99;£1.71/100g;Crisps, Snacks & Nuts;Nuts;601;20.4;null;8.6;46.0;8.2;4.2;1.1;
287426633;Wonderful Almonds Roasted And Salted 115G;£2.29;£19.92/kg;Crisps, Snacks & Nuts;Nuts;2549 kJ/ -;21,1;null;null;52,1;null;null;0,8;
251495069;Tesco Roasted Salted Pistachio Nuts 150G;£1.89;£12.60/kg;Crisps, Snacks & Nuts;Nuts;612;26.0;null;7.6;49.3;6.2;7.3;1.2;
268424825;Tesco Roasted And Salted Macadamia Nuts 100G;£2.19;£21.90/kg;Crisps, Snacks & Nuts;Nuts;741;8.4;null;5.6;73.6;12.0;6.6;0.9;
282644662;Tesco Peanut Cracker Mix 70G;£0.99;£14.15/kg;Crisps, Snacks & Nuts;Nuts;448;12.8;null;23.4;15.1;3.3;4.1;0.6;
268284955;Tesco Jumbo Roasted &Salted Cashew Nuts 100G;£1.49;£14.90/kg;Crisps, Snacks & Nuts;Nuts;616;19.6;null;8.6;48.3;9.3;3.3;1.0;
268285067;Tesco Jumbo Roasted &Salted Cashew Nuts 350G;£3.89;£11.12/kg;Crisps, Snacks & Nuts;Nuts;616;19.6;null;8.6;48.3;9.3;3.3;1.0;
263870701;Tesco Peanut Crackers 200G;£1.29;£6.45/kg;Crisps, Snacks & Nuts;Nuts;447;14.0;null;17.8;16.1;3.4;4.1;0.3;
281512385;Kp Grazing Mix Triple Nut 125G;£1.50;£12.00/kg;Crisps, Snacks & Nuts;Nuts;2195kJ 659kJ;19;null;null;36;null;9.2;0.10;
280864447;Tesco Fruit And Nut Boost Mix 100G;£0.99;£9.90/kg;Crisps, Snacks & Nuts;Nuts;519;15.5;null;26.0;36.5;5.4;5.9;0.1;
256479571;Tesco Roasted And Salted Nut Assortment 200G;£1.59;£7.95/kg;Crisps, Snacks & Nuts;Nuts;653;19.5;null;3.5;57.9;6.2;8.9;0.5;
287426489;Wonderful Pistachios Salt And Pepper 115G;£1.99;£17.31/kg;Crisps, Snacks & Nuts;Nuts;590 ;21,4;null;null;46,0;null;null;2,5;
272535803;Aasani Cashews 750G;£7.00;£0.93/100g;Crisps, Snacks & Nuts;Nuts;585;17.7;null;4.6;48.2;8.3;3.2;null;
281379862;Tesco Thai Spicy Mix 200G;£1.49;£7.45/kg;Crisps, Snacks & Nuts;Nuts;400;9.0;null;9.7;4.9;1.2;2.0;1.4;
262592058;Centennial Roasted And Salted Mixed Nuts 150G;£1.19;£7.94/kg;Crisps, Snacks & Nuts;Nuts;646;19.6;null;3.9;57.4;6.4;11.0;0.5;
287426529;Wonderful Pistachios Sweet Chili 115G;£1.99;£17.31/kg;Crisps, Snacks & Nuts;Nuts;2390 kJ/ -;20;null;null;45,2;null;null;2,4;
250218366;Tesco Unsalted Mixed Nuts And Raisins 500G;£1.89;£3.78/kg;Crisps, Snacks & Nuts;Nuts;509;14.4;null;24.2;36.6;6.6;9.7;0;
264807454;Tesco Unsalted Mixed Nuts And Raisins 250G;£0.99;£3.96/kg;Crisps, Snacks & Nuts;Nuts;509;14.4;null;24.2;36.6;6.6;9.7;0;
280864332;Tesco Seed Fruit And Nut Mix 100G;£0.99;£9.90/kg;Crisps, Snacks & Nuts;Nuts;557;24.2;null;14.5;40.7;5.4;3.8;0.1;
250163971;Tesco Bombay Mix 200G;£1.09;£5.45/kg;Crisps, Snacks & Nuts;Nuts;477;14.7;null;8.0;25.9;3.4;9.0;2.0;
281512448;Kp Grazing Mix Yoghurt And Raisin 125G;£1.50;£12.00/kg;Crisps, Snacks & Nuts;Nuts;2261kJ 678kJ;21;null;null;38;null;8.9;0.10;
268420340;Tesco Unsalted Peanut Raisin And Chocolate Peanut 350G;£1.49;£4.26/kg;Crisps, Snacks & Nuts;Nuts;492;17.1;null;32.2;29.2;7.1;7.2;0.1;
281512333;Kp Grazing Mix Red Berry 125G;£1.50;£12.00/kg;Crisps, Snacks & Nuts;Nuts;2124kJ 637kJ;18;null;null;32;null;8.5;0.05;
272535607;Aasani Almonds 750G;£7.50;£1.00/100g;Crisps, Snacks & Nuts;Nuts;640;23.6;null;4.8;56.4;4.4;7.2;1.0;
268419141;Tesco Unsalted Mixed Nuts 200G;£1.59;£7.95/kg;Crisps, Snacks & Nuts;Nuts;657;18.0;null;4.6;59.2;9.6;6.7;0.1;
277491615;Tesco Vindaloo Jumbo Peanuts And Cashews 200G;£1.49;£0.75/100g;Crisps, Snacks & Nuts;Nuts;628;25.5;null;6.4;51.5;9.0;6.3;0.8;
281380159;Tesco Wasabi Mix 175G;£1.49;£8.52/kg;Crisps, Snacks & Nuts;Nuts;472;7.7;null;14.8;19.7;7.9;2.1;1.5;
254999119;Butterkist Cinema Sweet Popcorn 120G;£1.49;£12.42/kg;Crisps, Snacks & Nuts;Popcorn;2104 kJ 420 kJ - 8400kJ;5.1;null;null;25.1;null;7.4;0.02;
285118016;Butterkist Butter Microwave Popcorn 3X70g;£1.99;£0.95/100g;Crisps, Snacks & Nuts;Popcorn;1846 kJ 369 kJ -;8.5;null;null;18.4;null;13.7;0.74;
278169795;Propercorn Fiery Worcester Sauce And Sun Dried Tomato 80G;£1.59;£1.99/100g;Crisps, Snacks & Nuts;Popcorn;1957kJ 391kJ;null;null;null;null;null;null;null;
278170199;Propercorn Lightly Sea Salted 70G;£1.59;£2.28/100g;Crisps, Snacks & Nuts;Popcorn;1838kJ 368kJ;null;null;null;null;null;null;null;
287425332;Propercorn Sweet Coconut And Vanilla 90G;£1.59;£1.77/100g;Crisps, Snacks & Nuts;Popcorn;2033kJ 508kJ;null;null;null;null;null;null;null;
278148169;Metcalfe's Skinny Topcorn Sea Salt 70G;£1.49;£2.13/100g;Crisps, Snacks & Nuts;Popcorn;null;null;null;null;null;null;null;null;
277786284;Tesco Popcorn Variety Multipack 6 Pack;£1.39;£0.23/each;Crisps, Snacks & Nuts;Popcorn;494;9.1;null;15.1;25.4;3.2;10.3;1.5;
277785988;Tesco Popcorn Salt And Vinegar 80G;£1.00;£1.25/100g;Crisps, Snacks & Nuts;Popcorn;492;10.4;null;0.8;27.5;2.1;8.2;2.8;
278170354;Propercorn Sweet And Salty 90G Sharing Bag;£1.59;£1.77/100g;Crisps, Snacks & Nuts;Popcorn;1797kJ 539kJ;null;null;null;null;null;null;null;
278148284;Metcalfe's Skinny Topcorn Sweet 'N Salt 80G;£1.49;£1.87/100g;Crisps, Snacks & Nuts;Popcorn;null;null;null;null;null;null;null;null;
283024542;Butterkist Variety Pack 6 Pack 100G;£1.69;£1.69/100g;Crisps, Snacks & Nuts;Popcorn;1767 kJ 442 kJ - (8400kJ/;1.8;null;null;9.3;null;3.4;1.42;
250055120;Butterkist Toffee Popcorn 200G;£1.49;£0.75/100g;Crisps, Snacks & Nuts;Popcorn;1767 kJ 442 kJ - 8400kJ;1.8;null;null;9.3;null;3.4;1.42;
280771096;Tesco Healthy Living Sour Cream And Black Pepper Popcorn 20G;£0.49;£0.25/10g;Crisps, Snacks & Nuts;Popcorn;438;11.4;null;4.8;16.0;1.5;13.2;1.4;
280771067;Tesco Healthy Living Red Thai Curry Popcorn 20G;£0.49;£2.45/100g;Crisps, Snacks & Nuts;Popcorn;427;10.5;null;4.1;16.0;1.5;13.4;1.3;
285117927;Butterkist Sweet Microwave Popcorn 3X70g;£1.99;£0.95/100g;Crisps, Snacks & Nuts;Popcorn;1856 kJ 371 kJ -;8.3;null;null;17.6;null;11.8;Trace;
285118039;Butterkist Sweet Salt Microwave Popcorn 3X70g;£1.99;£0.95/100g;Crisps, Snacks & Nuts;Popcorn;1662 kJ 333 kJ -;9.0;null;null;13.9;null;22.1;1.12;
282774683;Tesco Popcorn Sweet Variety 5 X 20G;£1.39;£1.39/100g;Crisps, Snacks & Nuts;Popcorn;369;2.7;null;58.2;8.0;2.5;2.8;1.6;
285117870;Butterkist Sweet And Salted Popcorn 100G;£1.49;£1.49/100g;Crisps, Snacks & Nuts;Popcorn;2100 kJ 422 kJ - (8400kJ);4.9;null;null;25.4;null;7.4;0.76;
285117991;Butterkist Salted Microwave Popcorn 3X70g;£1.99;£0.95/100g;Crisps, Snacks & Nuts;Popcorn;1913 kJ 380 kJ -;8.7;null;null;21.2;null;13.1;1.85;
283024654;Butterkist Limited Edition 150G;£1.49;£9.94/kg;Crisps, Snacks & Nuts;Popcorn;1749 kJ 438 kJ -;3.6;null;null;9.6;null;4.5;1.81;
280663792;Tesco Sweet And Salted Popcorn 110G;£1.00;£0.91/100g;Crisps, Snacks & Nuts;Popcorn;494;9.1;null;15.1;25.4;3.2;10.3;1.5;
281099994;Tyrrells Multipack Popcorn Sweet And Salty 6 Pack (C);£1.79;£0.30/each;Crisps, Snacks & Nuts;Popcorn;507;6.5;51.8;null;null;null;12.0;null;
268494292;Tesco Salted Popcorn 90G;£1.00;£11.12/kg;Crisps, Snacks & Nuts;Popcorn;527;9.4;null;0.5;31.1;2.3;8.8;1.9;
287418568;Walkers Mix Ups Sweet And Spicy Popcorn 110G;£1.00;£0.91/100g;Crisps, Snacks & Nuts;Popcorn;679kJ 2263kJ;2.3;null;null;8.1 (12%*);null;1.7;0.15 (3%*);
287910964;Tesco Toffee Popcorn 175G;£1.00;£0.57/100g;Crisps, Snacks & Nuts;Popcorn;411;2.8;null;51.0;7.2;1.6;3.9;1.3;
287347916;Tyrrells Lemon Cup Popcorn 75G;£1.00;£1.34/100g;Crisps, Snacks & Nuts;Popcorn;2197kJ/ -;5.9;null;null;null;null;null;0.2;
274509227;Tyrrells P/Corn Lightly Sea Salted 70G;£1.00;£14.29/kg;Crisps, Snacks & Nuts;Popcorn;508;8.9;58.6;null;null;null;12.0;null;
271745781;Tyrrells Crisps Sweet And Salty Popcorn 80G;£1.00;£12.50/kg;Crisps, Snacks & Nuts;Popcorn;507;6.5;51.8;null;null;null;12.0;null;
287418706;Walkers Mix Ups Sweet And Salty Popcorn 110G;£1.00;£0.91/100g;Crisps, Snacks & Nuts;Popcorn;694kJ 2312kJ;2.2;null;null;9.0 (9%*);null;1.5;0.33 (6%*);
287347974;Tyrrells Coconut &Caramel Popcorn 75G;£1.00;£1.34/100g;Crisps, Snacks & Nuts;Popcorn;2068kJ/ -;6.2;null;null;null;null;null;1.4;
287348028;Tyrrells Assorted Popcorn 6 Pack;£1.79;£2.50/100g;Crisps, Snacks & Nuts;Popcorn;2123kJ/ -;8.9;null;null;null;null;null;2.3;
268497375;Tesco Sweet Popcorn 110G;£1.00;£9.10/kg;Crisps, Snacks & Nuts;Popcorn;490;6.7;null;16.8;23.9;1.9;8.4;0.1;
275523317;Cadbury Dairy Milk Caramel Chocolate Bar 120G;£1.00;£0.83/100g;Chocolate;Block Chocolate;475 ;4.9;null;null;23.5;null;0.4;0.43;
275027686;Cadbury Dairy Milk Chocolate Bar 360G;£3.50;£0.97/100g;Chocolate;Block Chocolate;2210 kJ 664 kJ 8400 kJ/;7.5;null;null;30.5;null;0.7;0.23;
277746897;Cadbury Dairy Milk Marvls Jely Candy Bar 200G;£2.59;£1.30/100g;Chocolate;Block Chocolate;2125 kJ 530 kJ 8400 kJ/;6.5;null;null;26.5;null;0.7;0.23;
275237719;Cadbry Dairy Milk Biscuit Crunch Chocolate Bar 200G;£2.49;£1.25/100g;Chocolate;Block Chocolate;550;6.3;null;null;33.5;null;0.8;0.30;
278678169;Cadbury Dairy Milk Daim Chocolate Bar 120G;£1.00;£0.83/100g;Chocolate;Block Chocolate;525 ;6.4;null;null;30.5;null;0.7;0.43;
272136953;Cadbury Dairy Milk Bubbly Chocolate Bar 90G;£1.00;£1.12/100g;Chocolate;Block Chocolate;530 ;7.5;null;null;30.5;null;0.7;0.23;
277758917;Cadbury Dairy Milk Mrvls Cooke Nut Crunch 200G;£2.59;£1.30/100g;Chocolate;Block Chocolate;2190 kJ 545 kJ 8400 kJ/;7.2;null;null;29.0;null;0.9;0.43;
282485005;Aero Milk Chocolate Bar 120G;£1.00;£0.83/100g;Chocolate;Block Chocolate;2260 kJ 393 kJ 8400 kJ -;6.5;null;null;30.8;null;2.2;0.21;
276307440;Cadbury Dairy Milk Turkish Chocolate Bar 200G;£2.49;£1.25/100g;Chocolate;Block Chocolate;465 ;5.3;null;null;21;null;0.7;0.18;
276307359;Cadbury Dairy Milk Caramel Chocolate Bar 200G;£2.49;£1.25/100g;Chocolate;Block Chocolate;490 ;5.7;null;null;25.5;null;0.5;0.35;
275523254;Cadbury Dairy Milk Fruit And Nut Chocolate Bar 120G;£1.00;£0.83/100g;Chocolate;Block Chocolate;495 ;8.3;null;null;26;null;1.3;0.2;
273626838;Cadbury Dairy Milk Crunchie Bit Chocolate Bar 200G;£2.49;£1.25/100g;Chocolate;Block Chocolate;505 ;6.2;null;null;25.0;null;0.6;0.30;
275248021;Cadbury Dairy Milk Bubbly Mint Chocolate Bar 100G;£1.00;£1.00/100g;Chocolate;Block Chocolate;565 ;6.2;null;null;36.5;null;0.5;0.25;
273968548;Cadbury Dairy Milk Chocolate Bar 200G;£2.49;£1.25/100g;Chocolate;Block Chocolate;530 ;7.5;null;null;30.5;null;0.7;0.23;
275248124;Cadbury Dairy Milk Oreo Chocolate Bar 120G;£1.00;£0.83/100g;Chocolate;Block Chocolate;560 ;6.0;null;null;35.5;null;0.9;0.38;
273626533;Cadbury Dairy Milk Fruit And Nut Chocolate Bar 200G;£2.49;£1.25/100g;Chocolate;Block Chocolate;495 ;8.3;null;null;26;null;1.3;0.20;
275037150;Cadbury Dairy Milk Fruit And Nut Chocolate Bar 360G;£3.50;£0.97/100g;Chocolate;Block Chocolate;2060 kJ 620 kJ 8400 kJ/;8.3;null;null;26;null;1.3;0.20;
282484761;Aero Peppermint Chocolate Bar 120G;£1.00;£0.83/100g;Chocolate;Block Chocolate;2251 kJ 392 kJ 8400 kJ -;5.4;null;null;30.1;null;1.1;0.28;
284508305;Cadbury Chips Ahoy Cookie 120G;£1.00;£0.83/100g;Chocolate;Block Chocolate;565 ;5.9;null;null;36;null;0.7;0.38;
283787608;Aero White Chocolate Bar 120G;£1.00;£0.83/100g;Chocolate;Block Chocolate;2251 kJ 392 kJ 8400 kJ -;5.4;null;null;30.1;null;1.1;0.28;
273625804;Cadbury Dairy Milk Whole Nut Chocolate Bar 200G;£2.49;£1.25/100g;Chocolate;Block Chocolate;550 ;8.8;null;null;35.5;null;1.7;0.20;
284508000;Cadbury Marvellous Creations Banana Caramel 200G;£2.59;£1.30/100g;Chocolate;Block Chocolate;2140 kJ 535 kJ 8400 kJ/;6.8;null;null;26.5;null;0.8;0.25;
274856282;Green & Blacks Organic Sea Salt Milk Chocolate Bar 100G;£2.19;£2.19/100g;Chocolate;Block Chocolate;2335 kJ 465 kJ -;9.8;null;null;36.0;null;3.0;0.70;
277487667;Chokablok Rocky Road Of Love Bar Chocolate Bar 80G;£1.40;£1.75/100g;Chocolate;Block Chocolate;511;7.1;null;51.1;28.0;16.7;2.1;0.2;
281785746;Chokablok Utter Nutter Chocolate Bar 80G;£1.40;£1.75/100g;Chocolate;Block Chocolate;561;7.6;null;49.7;35.8;18.8;3.2;0.2;
265416771;Galaxy Caramel Chocolate Bar 135G;£1.40;£1.04/100g;Chocolate;Block Chocolate;2083kJ 527kJ (6%);5.4;null;null;25.7;null;null;0.36;
262860093;Galaxy Milk Chocolate Bar 390G;£3.50;£0.90/100g;Chocolate;Block Chocolate;2280kJ 616kJ (7%);6.7;null;null;32.4;null;null;0.25;
287853340;Green And Black Organic 70%Dark Thins 100G;£2.29;£2.29/100g;Chocolate;Block Chocolate;2405 kJ 600 kJ -;9.1;null;null;42.0;null;10.0;0.13;
275523231;Cadbury Dairy Milk Whole Nut Chocolate Bar 120G;£1.00;£0.83/100g;Chocolate;Block Chocolate;550 ;8.8;null;null;35.5;null;1.7;0.20;
271261828;Galaxy Caramel Chocolate Bar 204G;£2.00;£0.98/100g;Chocolate;Block Chocolate;2083kJ 512kJ (6%);5.4;null;null;25.7;null;null;0.36;
273884693;Galaxy Milk Chocolate Bar 114G;£1.40;£1.23/100g;Chocolate;Block Chocolate;2280kJ 520kJ (6%);6.7;null;null;32.4;null;null;0.25;
282485184;Crunch Milk Chocolate Bar 120G;£1.00;£0.83/100g;Chocolate;Block Chocolate;2145 kJ 429kJ 8400kJ 5%;6.9;null;null;25.9;null;1.7;null;
251580423;Green & Blacks Organic Milk Chocolate Bar 100G;£2.19;£2.19/100g;Chocolate;Block Chocolate;2345 kJ 470 kJ -;9.8;null;null;36.0;null;3.0;0.23;
262282195;G&B's Organic Butterscotch Milk Chocolate Bar 100G;£2.19;£2.19/100g;Chocolate;Block Chocolate;2310 kJ 460 kJ -;8.8;null;null;34.5;null;2.7;0.25;
278678624;Galaxy Honeycomb Crisp Chocolate Bar 114G;£1.40;£1.23/100g;Chocolate;Block Chocolate;2282kJ 520kJ (6%);5.8;null;null;32.0;null;null;0.25;
267532923;Galaxy Bubbles Chocolate Bar 100G;£1.40;£1.40/100g;Chocolate;Block Chocolate;2315kJ 579kJ (7%);6.5;null;null;34.1;null;null;0.25;
278678664;Galaxy Nut Crunch Chocolate Bar 114G;£1.40;£1.23/100g;Chocolate;Block Chocolate;2334kJ 532kJ (6%);7.1;null;null;35.3;null;null;0.29;
287853455;Green And Black Organic Milk Thins 100G;£2.29;£2.29/100g;Chocolate;Block Chocolate;2345 kJ 585 kJ -;9.8;null;null;36.0;null;3.0;0.23;
279934913;Galaxy Cookie Crumble Chocolate Bar 114G;£1.40;£1.23/100g;Chocolate;Block Chocolate;2293kJ 523kJ (6%);6.2;null;null;33.0;null;null;0.24;
268549827;Galaxy Milk Chocolate Bar 200G;£2.00;£1.00/100g;Chocolate;Block Chocolate;2280kJ 547kJ (7%);6.7;null;null;32.4;null;null;0.25;
285104205;Lindt Hello Nougat Crunch Bar 100G;£1.89;£1.89/100g;Chocolate;Block Chocolate;552 ;8.5;null;null;35;null;null;0.2;
258202199;Lindt Hazelnut Milk Chocolate Bar 150G;£2.19;£1.46/100g;Chocolate;Block Chocolate;null;null;null;null;null;null;null;null;
284831532;Hersheys Reeses Giant Peanut Butter Cup Bar 192G;£3.00;£1.57/100g;Chocolate;Block Chocolate;2280kJ -;8.3;null;null;30.9;null;null;0.5;
268370997;Lindt Lindor Milk Chocolate Bar 100G;£1.69;£1.69/100g;Chocolate;Block Chocolate;null;null;null;null;null;null;null;null;
287851814;Mars Galaxy Salted 135G;£1.40;£1.04/100g;Chocolate;Block Chocolate;2079kJ 526kJ (6%);5.4;null;null;25.7;null;null;0.57;
252263734;Milka Alpine Chocolate Bar 100G;£1.00;£1.00/100g;Chocolate;Block Chocolate;2220 kJ 370 kJ -;6,4;null;null;29,5;null;1,8;0,43;
254353423;Green And Black's Organic Almond Milk Chocolate Bar 100G;£2.19;£2.19/100g;Chocolate;Block Chocolate;2385 kJ 475 kJ -;12.0;null;null;39.5;null;5.1;0.18;
251277783;Lindt Excellence Extra Creamy Milk Chocolate Bar 100G;£1.89;£1.89/100g;Chocolate;Block Chocolate;567 ;6,4;null;null;37;null;null;0,28;
277820596;Maltesers Teasers Chocolate Bar 150G;£2.00;£1.34/100g;Chocolate;Block Chocolate;2226kJ 837kJ (10%);7.2;null;null;29.8;null;null;0.32;
285415465;Niederegger Marzipan Milk Bar 100G;£2.00;£2.00/100g;Chocolate;Block Chocolate;null;null;null;null;null;null;null;null;
285102956;Lindt Hello Strawberry Cheesecake Bar 100G;£1.89;£1.89/100g;Chocolate;Block Chocolate;549 ;7.5;null;null;34;null;null;0.25;
271225256;Niederegger Chocolate Marzipan Bar 100G;£2.00;£2.00/100g;Chocolate;Block Chocolate;513 ;8.6;null;null;34.4;null;null;0.03;
278656869;Milka Noisette Milk Chocolate Bar 100G;£1.40;£1.40/100g;Chocolate;Block Chocolate;550;7.5;null;null;33.5;null;1.9;0.38;
285104122;Lindt Hello Salted Caramel Bar 100G;£1.89;£1.89/100g;Chocolate;Block Chocolate;516 ;5.9;null;null;30;null;null;0.12;
285103448;Lindt Hello Caramel Brownie 100G;£1.89;£1.89/100g;Chocolate;Block Chocolate;549 ;6.6;null;null;35;null;null;0.13;
277490754;T.Chokablok Banoffee Pie Chocolate Bar 80G;£1.40;£1.75/100g;Chocolate;Block Chocolate;544;5.6;null;53.7;32.1;20.7;1.8;0.3;
285102553;Lindt Hello Cookies&Crm Chocolate 100G;£1.89;£1.89/100g;Chocolate;Block Chocolate;565 ;7.0;null;null;37;null;null;0.20;
287853602;Green And Black Organic Salted Caramel 100G;£2.29;£2.29/100g;Chocolate;Block Chocolate;2290 kJ 575 kJ -;8.4;null;null;33.5;null;2.6;0.70;
282480713;Smarties Milk Chocolate Bar 120G;£1.00;£0.83/100g;Chocolate;Block Chocolate;2220 kJ 444 kJ 8400 kJ -;5.7;null;null;28.8;null;1.6;0.20;
277487385;T.Chokablok Gold Dig Dynamite Chocolate Bar 80G;£1.40;£1.75/100g;Chocolate;Block Chocolate;542;6.3;null;52.7;32.2;19.3;1.6;0.2;
279302596;Tesco Finest Cocoa Peruvian 43% Milk Chocolate 100G;£1.50;£1.50/100g;Chocolate;Block Chocolate;608;7.7;null;36.8;45.5;27.6;2.5;0.2;
271531360;Tesco Rainforest Alliance Milk Chocolate Honeycomb Bar 150G;£0.75;£0.50/100g;Chocolate;Block Chocolate;529;6.3;null;58.5;28.2;17.2;1.2;0.2;
278857292;Tesco Rainforest Alliance Mint Crisp Dark Chocolate Bar 150G;£0.75;£0.50/100g;Chocolate;Block Chocolate;526;5.3;null;63.3;27.2;16.8;2.0;0.1;
277490651;Tesco Chokablok Eton Mess Bar Chocolate 80G;£1.40;£1.75/100g;Chocolate;Block Chocolate;540;5.4;null;62.2;29.8;18.2;0.1;0.2;
284185501;Tesco Milk Chocolate Bubbly Bar 100G;£1.00;£1.00/100g;Chocolate;Block Chocolate;550;7.7;null;54.4;32.8;19.9;2.1;0.3;
271536556;Tesco Rainforest Alliance Whole Nut Milk Chocolate Bar 150G;£0.75;£0.50/100g;Chocolate;Block Chocolate;579;9.5;null;44.5;39.3;18.0;2.7;0.2;
271536694;Tesco Rainforest Alliance Fruit And Nut Chocolate Bar 150G;£0.75;£0.50/100g;Chocolate;Block Chocolate;522;10.0;null;52.1;29.2;14.8;2.2;0.2;
284863422;Tesco Stevia Milk Chocolate Bar 80G;£1.50;£1.88/100g;Chocolate;Block Chocolate;588;8.4;null;20.7;41.3;25.4;2.8;0.3;
284185372;Tesco Peanut Butter Milk Chocolate 150G;£1.00;£0.67/100g;Chocolate;Block Chocolate;553;8.0;null;50.5;33.8;18.5;2.2;0.4;
262282051;Green & Blacks Organic Ginger Dark Chocolate Bar 100G;£2.19;£2.19/100g;Chocolate;Block Chocolate;2135 kJ 425 kJ -;6.1;null;null;29.5;null;7.0;0.10;
277487834;Tesco Chokablok Extremist Chocolate Bar 80G;£1.40;£1.75/100g;Chocolate;Block Chocolate;531;7.1;null;49.8;30.5;18.3;2.6;0.2;
254381873;Tesco Everyday Value Milk Chocolate Bar 100G;£0.30;£0.30/100g;Chocolate;Block Chocolate;541;5.8;null;57.1;29.0;18.8;2.4;0.2;
271646921;Tesco Rainforest Alliance Milk Chocolate Bar 150G;£0.75;£0.50/100g;Chocolate;Block Chocolate;542;7.8;null;54.6;31.4;19.4;2.1;0.3;
278857124;Tesco Milk Chocolate With Orange 150G;£0.75;£0.50/100g;Chocolate;Block Chocolate;539;7.4;null;56.2;30.7;18.8;1.7;0.2;
277490599;Tesco Chokablok Creme Brulee Chocolate Bar 80G;£1.40;£1.75/100g;Chocolate;Block Chocolate;544;6.2;null;58.2;31.0;19.1;0.7;0.3;
257805075;Tesco Finest Swiss Milk Chocolate Bar 100G;£1.50;£1.50/100g;Chocolate;Block Chocolate;558;8.5;null;49.5;35.2;20.4;2.3;0.3;
274856719;Green & Blacks Organic Spiced Chilli Dark Chocolate Bar 100G;£2.19;£2.19/100g;Chocolate;Block Chocolate;2325 kJ 465 kJ -;7.6;null;null;37.0;null;8.3;0.13;
285099544;Toffee Crisp Tablet 115G;£1.00;£0.87/100g;Chocolate;Block Chocolate;2250kJ 517kJ 8400kJ 6%;5.0;null;null;32.0;null;1.0;0.16;
278678313;Green & Blacks Organic Lemon Dark Chocolate Bar 100G;£2.19;£2.19/100g;Chocolate;Block Chocolate;2330 kJ 465 kJ;7.6;null;null;37.1;null;8.3;0.13;
286265409;Cadbury Bournville Dark Chocolate Bar 180G;£2.00;£1.12/100g;Chocolate;Block Chocolate;2205 kJ 496 kJ -;3.8;null;null;29.0;null;5.5;0.1;
261905066;Green And Blacks Organic 85% Dark Chocolate Bar 100G;£2.19;£2.19/100g;Chocolate;Block Chocolate;2610 kJ 520 kJ -;9.4;null;null;53.5;null;11.5;0.13;
278974066;Tesco Continental Dark Chocolate With Sea Salt Bar 100G;£1.00;£1.00/100g;Chocolate;Block Chocolate;535;7.2;null;50.0;30.0;18.0;7.9;0.5;
285415724;Lindt Excellence Cherry Intense 100G;£1.89;£1.89/100g;Chocolate;Block Chocolate;439 kJ 2194 kJ;1.3;null;null;null;null;null;null;
268730128;Lindt Excellence Dark Caramel With Sea Salt Bar 100G;£1.89;£1.89/100g;Chocolate;Block Chocolate;518 kJ 2070 kJ;1.3;null;null;null;null;null;null;
259301725;Lindt Excellence 70% Cocoa Chocolate Bar 100G;£1.89;£1.89/100g;Chocolate;Block Chocolate;566 ;9,5;null;null;41;null;null;0,10;
276615478;Lindt Excellence Dark Blueberry Chocolate Bar 100G;£1.89;£1.89/100g;Chocolate;Block Chocolate;840 kJ/ 2100 kJ/;2.4;null;null;null;null;null;null;
285104303;Lindt Excellence Toasted Sesame Dark Chocolate 100G;£1.89;£1.89/100g;Chocolate;Block Chocolate;534 ;7;null;null;33;null;null;0.07;
258202216;Lindt Dark Chocolate With Hazelnut Bar 150G;£2.19;£1.46/100g;Chocolate;Block Chocolate;null;null;null;null;null;null;null;null;
263748035;Lindt Excellence Dark Chocolate Chilli Bar 100G;£1.89;£1.89/100g;Chocolate;Block Chocolate;848 kJ 2120 kJ;2.2;null;null;null;null;null;null;
260670257;Lindt Excellence Mint Intense 100G;£1.73;£1.73/100g;Chocolate;Block Chocolate;null;null;null;null;null;null;null;null;
250986325;Lindt Excellence 85% Cocoa Dark Chocolate Bar 100G;£1.89;£1.89/100g;Chocolate;Block Chocolate;530 ;11;null;null;46;null;null;0,08;
264587407;Lindt Excellence 90% Cocoa Dark Chocolate Bar 100G;£1.89;£1.89/100g;Chocolate;Block Chocolate;592 ;10;null;null;55;null;null;0,03;
285104522;Lindt Excellence Lime Dark Chocolate 100G;£1.89;£1.89/100g;Chocolate;Block Chocolate;519 ;5;null;null;31;null;null;0,09;
272790799;Lindt Excellence Dark Chocolate Coconut Bar 100G;£1.89;£1.89/100g;Chocolate;Block Chocolate;null;null;null;null;null;null;null;null;
258754835;Green And Black's Organic 70% Dark Chocolate Bar 100G;£2.19;£2.19/100g;Chocolate;Block Chocolate;2405 kJ 485 kJ -;9.1;null;null;42.0;null;10.0;0.13;
266160990;Tesco 85% Cocoa Plain Chocolate Bar 100G;£1.00;£1.00/100g;Chocolate;Block Chocolate;585;11.2;null;15.0;47.0;29.0;14.7;0.1;
278974129;Tesco Continental 32% Milk Chocolate Bar 100G;£1.00;£1.00/100g;Chocolate;Block Chocolate;545;7.9;null;52.1;33.0;20.0;2.1;0.3;
266627306;T.Cont 74% Plain Chocolate Bar 100G;£1.00;£1.00/100g;Chocolate;Block Chocolate;561;9.7;null;27.0;41.0;25.0;12.7;0.1;
256363293;Lindt Excellence Dark Chocolate Orange Intense Bar 100G;£1.89;£1.89/100g;Chocolate;Block Chocolate;832 kJ/ 2080 kJ/;2.4;null;null;null;null;null;null;
276616419;Lindt Excellence Dark Strawberry Chocolate Bar 100G;£1.89;£1.89/100g;Chocolate;Block Chocolate;520 kJ 2080 kJ;1.3;null;null;null;null;null;null;
281684508;Tesco Finest Sao Tome 71% Dark Chocolate Bar 100G;£1.50;£1.50/100g;Chocolate;Block Chocolate;582;8.5;null;30.1;42.6;25.2;9.4;0.01;
271657142;Tesco Rainforest Alliance Rich Plain Chocolate Bar 150G;£0.75;£0.50/100g;Chocolate;Block Chocolate;544;5.8;null;51.0;30.4;18.5;3.5;0.1;
268730226;G&B's Organic Burnt Toffee Dark Chocolate Bar 100G;£2.19;£2.19/100g;Chocolate;Block Chocolate;2275 kJ 455 kJ -;6.5;null;null;34.5;null;7.1;0.18;
254381907;Tesco Everyday Value Plain Chocolate Bar 100G;£0.30;£0.30/100g;Chocolate;Block Chocolate;520;5.7;null;51.0;31.0;19.0;7.0;0.1;
284863534;Tesco Stevia Dark Chocolate Bar 80G;£1.50;£1.88/100g;Chocolate;Block Chocolate;539;7.0;null;3.2;34.9;21.0;11.9;0.1;
278678342;Green & Blacks Organic Orange Milk Chocolate Bar 100G;£2.19;£2.19/100g;Chocolate;Block Chocolate;2335 kJ 465 kJ -;9.8;null;null;36.0;null;3.0;0.23;
256217156;Green & Blacks Organic White Chocolate Bar 100G;£2.19;£2.19/100g;Chocolate;Block Chocolate;2420 kJ 485 kJ -;7.9;null;null;38.5;null;0.1;0.25;
272791907;Lindt Lindor White Chocolate Bar 100G;£1.69;£1.69/100g;Chocolate;Block Chocolate;null;null;null;null;null;null;null;null;
282485282;Milkybar White Chocolate Bar 120G;£1.00;£0.83/100g;Chocolate;Block Chocolate;2278 kJ 456 kJ 8400 kJ 5%;7.5;null;null;31.6;null;Nil;0.40;
265234381;Tesco Everyday Value White Chocolate Bar 100G;£0.30;£0.30/100g;Chocolate;Block Chocolate;551;4.4;null;61.1;31.4;20.5;0;0.2;
284276198;Tesco Finest Jasmine Ecuadorian Infusion 100G;£1.50;£1.50/100g;Chocolate;Block Chocolate;582;8.9;null;25.7;43.0;26.1;10.2;0.01;
268375030;Lindt Excellence White Vanilla Chocolate Bar 100G;£1.89;£1.89/100g;Chocolate;Block Chocolate;571 ;4,8;null;null;36;null;null;0;
279302302;Tesco Finest 70% Cocoa Peruvian Dark Chocolate Bar 100G;£1.50;£1.50/100g;Chocolate;Block Chocolate;577;8.1;null;30.0;41.9;24.7;9.7;0.01;
254353538;Green & Blacks Organic Mint Dark Chocolate Bar 100G;£2.19;£2.19/100g;Chocolate;Block Chocolate;2325 kJ 465 kJ -;7.6;null;null;37.0;null;8.3;0.13;
271531803;Tesco Rainforest Alliance White Chocolate Bar 150G;£0.75;£0.50/100g;Chocolate;Block Chocolate;559;6.9;null;55.2;33.7;20.7;0.5;0.4;
266726834;Lindt Excellence Touch Of Sea Salt Dark Chocolate Bar 100G;£1.89;£1.89/100g;Chocolate;Block Chocolate;848 kJ/ 2180 kJ/;2.0;null;null;null;null;null;null;
279302262;Tesco Finest 74% Cocoa Ecuadorian Dark Chocolate Bar 100G;£1.50;£1.50/100g;Chocolate;Block Chocolate;585;8.0;null;26.7;43.3;26.3;9.9;0.01;
279302360;Tesco Finest 71% Madagascar Dark Chocolate Bar 100G;£1.50;£1.50/100g;Chocolate;Block Chocolate;574;8.5;null;28.6;40.8;24.1;8.2;0.01;
272137024;Cadbury Dairy Milk Bubbly Whte Chocolate Bar 100G;£1.40;£1.40/100g;Chocolate;Block Chocolate;535 ;6.3;null;null;30.0;null;0.4;0.25;
277968628;Lindt Lindor Caramel Chocolate Bar 100G;£1.69;£1.69/100g;Chocolate;Block Chocolate;null;null;null;null;null;null;null;null;
284276152;Tesco Finest Mango And Passion Fruit Madagascan 100G;£1.50;£1.50/100g;Chocolate;Block Chocolate;571;8.2;null;31.7;40.0;23.8;9.3;0.01;
259613955;Tesco Finest Swiss Dark Chocolate With Mint Bar 100G;£1.50;£1.50/100g;Chocolate;Block Chocolate;543;6.3;null;43.7;34.4;20.4;8.7;0.1;
256175930;Tesco Finest Swiss Chocolate Orange And Almonds Bar 100G;£1.50;£1.50/100g;Chocolate;Block Chocolate;539;5.7;null;45.5;33.3;17.6;7.5;0.01;
256176290;Tesco Finest Swiss 72% Dark Chocolate Bar 100G;£1.50;£1.50/100g;Chocolate;Block Chocolate;591;7.9;null;26.8;45.8;27.6;10.6;0.1;
253115538;Tesco Finest Swiss Milk Chocolate With Caramel Bar 100G;£1.50;£1.50/100g;Chocolate;Block Chocolate;536;5.8;null;58.8;30.2;18.5;1.5;0.3;
279233562;Tesco Finest 85% Domaine Rep Dark Chocolate Bar 100G;£1.50;£1.50/100g;Chocolate;Block Chocolate;627;8.5;null;15.3;52.2;31.1;10.9;0.01;
259611243;Tesco Finest Swiss Vanilla And White Chocolate Bar 100G;£1.50;£1.50/100g;Chocolate;Block Chocolate;587;6.1;null;51.7;39.5;24.2;0.1;0.3;
259611427;Tesco Finest Swiss 85% Dark Chocolate Bar 100G;£1.50;£1.50/100g;Chocolate;Block Chocolate;604;10.6;null;12.9;50.7;30.4;15.5;0.1;
252204546;After Eight Mints Carton 300G;£3.50;£1.17/100g;Chocolate;Chocolate Boxes & Gifts;1779 kJ 149 kJ;2.0;null;null;12.9;null;null;null;
279818061;Bendicks Mint Crisp Boxed Chocolates 160G;£5.00;£3.13/100g;Chocolate;Chocolate Boxes & Gifts;2169 kJ -;4.2;null;null;30.2;null;null;0.09;
264104295;Cadbury Milk Tray Boxed Chocolates 200G;£4.00;£2.00/100g;Chocolate;Chocolate Boxes & Gifts;2075 kJ;4.2;null;null;24.5;null;1.5;0.35;
285365379;Baileys Chocolate Assortment 138G;£5.00;£3.63/100g;Chocolate;Chocolate Boxes & Gifts;null;null;null;null;null;null;null;null;
285508661;Cadburys Roses Carton 331G;£4.00;£1.25/100g;Chocolate;Chocolate Boxes & Gifts;2025 kJ 8400 kJ;3.7;null;null;23;null;0.8;0.35;
259442229;Cadbury Milk Tray Boxed Chocolates 400G;£7.00;£1.75/100g;Chocolate;Chocolate Boxes & Gifts;2075 kJ;4.2;null;null;24.5;null;1.5;0.35;
285209560;Bassetts Liquorice Allsorts 460G;£4.00;£0.87/100g;Chocolate;Chocolate Boxes & Gifts;1605 kJ 8400 kJ /;5.6;null;null;4.2;null;null;0.1;
280825108;Celebrations Carton 240G;£3.00;£1.25/100g;Chocolate;Chocolate Boxes & Gifts;2080kJ 568kJ (7%);5.6;null;null;25.0;null;null;0.39;
259263458;Cadbury Milk Tray 600G;£11.00;£1.84/100g;Chocolate;Chocolate Boxes & Gifts;2075 kJ;4.2;null;null;24.5;null;1.5;0.35;
255579074;Bendicks Bittermints Carton 200G;£5.00;£2.50/100g;Chocolate;Chocolate Boxes & Gifts;1794kJ -;3.5;null;null;16.8;null;null;0.01;
265261169;Bendicks Mint Collection Boxed Chocolates 200G;£5.00;£2.50/100g;Chocolate;Chocolate Boxes & Gifts;1912 kJ;3.1;null;null;19.7;null;null;0.02;
276805962;Cadbury Say It With Hearts 48G;null;null;Chocolate;Chocolate Boxes & Gifts;null;6.3;null;null;36.0;null;1.2;null;
285209485;Bassetts Jelly Babies 460G;£4.00;£0.87/100g;Chocolate;Chocolate Boxes & Gifts;1430 kJ 8400 kJ /;3.6;null;null;0;null;null;0.03;
277372722;Cadbury Say It With Flowers 48G;£1.25;£26.05/kg;Chocolate;Chocolate Boxes & Gifts;null;6.4;null;null;36.0;null;1.1;null;
287355630;Celebrations Standard Bottle 320G;£4.00;£1.25/100g;Chocolate;Chocolate Boxes & Gifts;2079kJ 568kJ (7%);5.6;null;null;24.9;null;null;0.39;
285753093;Black Magic Boxed Chocolates 188G;£4.00;£2.30/100g;Chocolate;Chocolate Boxes & Gifts;2051 kJ 399 kJ 8400 kJ 5%;4.1;null;null;23.5;null;4.4;0.05;
271074998;Cadbury Heroes Carton 350G;£4.00;£1.15/100g;Chocolate;Chocolate Boxes & Gifts;null;4.8;null;null;22.4;null;0.4;null;
285846375;Cadburys Roses Mini Carton 68G;£1.50;£2.18/100g;Chocolate;Chocolate Boxes & Gifts;2070 kJ 8400 kJ;4.3;null;null;25;null;0.9;0.33;
285209721;Cadbury Chocolate Eclairs 420G;£4.00;£0.95/100g;Chocolate;Chocolate Boxes & Gifts;1915 kJ 8400 kJ;4.2;null;null;17.5;null;null;0.48;
251082287;Celebrations Mini Carton 70G;£1.50;£2.15/100g;Chocolate;Chocolate Boxes & Gifts;2079kJ 568kJ (7%);5.6;null;null;24.9;null;null;0.39;
259909335;Continental Selection 200G;£2.00;£1.00/100g;Chocolate;Chocolate Boxes & Gifts;489;3.9;null;null;null;null;null;0.2;
274809696;Ferrero Collection T32 359G;£9.50;£2.65/100g;Chocolate;Chocolate Boxes & Gifts;2607/628 kJ/kcal -;7.5;null;null;48.6;null;null;0.3;
271645732;Elizabeth Shaw Mint Collection 200G;£6.00;£3.00/100g;Chocolate;Chocolate Boxes & Gifts;null;null;null;null;null;null;null;null;
279819935;Dairy Box Boxed Chocolates 360G;£7.50;£2.09/100g;Chocolate;Chocolate Boxes & Gifts;2294 kJ 420 kJ 8400 kJ 5%;6.8;null;null;33.2;null;1.5;0.23;
280134131;Ferrero Collection 15 Pieces Boxed Chocolates 168G;£4.00;£2.33/100g;Chocolate;Chocolate Boxes & Gifts;2607 / 628 kJ / kcal -;7.5;38.3;null;48.6;null;null;0.3;
265088606;Elizabeth Shaw Mint Crisp Boxed Chocolates 175G;£4.00;£2.29/100g;Chocolate;Chocolate Boxes & Gifts;490 31;null;null;null;null;null;null;null;
254896546;Ferrero Rocher 16 Pieces Boxed Chocolates 200G;£4.00;£2.00/100g;Chocolate;Chocolate Boxes & Gifts;null;null;null;null;null;null;null;null;
251827980;Ferrero Rocher Boxed Chocolates 375G;null;null;Chocolate;Chocolate Boxes & Gifts;null;null;null;null;null;null;null;null;
267257235;Ferrero Rocher 5 Pieces Boxed Chocolates 62.5G;£1.50;£2.40/100g;Chocolate;Chocolate Boxes & Gifts;2506 ;8.2;44.4;null;42.7;null;null;0.15;
285400880;Elizabeth Shaw Mint Thins 100G;£3.00;£3.00/100g;Chocolate;Chocolate Boxes & Gifts;null;null;null;null;null;null;null;null;
285117046;Ferrero Golden Gallery 216 G;£8.00;£3.71/100g;Chocolate;Chocolate Boxes & Gifts;2588/623 kJ/kcal -;8.6;null;null;47.7;null;null;0.25;
271651350;Elizabeth Shaw Mint Flutes Carton 105G;£2.50;£2.39/100g;Chocolate;Chocolate Boxes & Gifts;null;null;null;null;null;null;null;null;
274538492;Green And Black's Treat Collection Boxed Chocolates 90G;£3.00;£3.34/100g;Chocolate;Chocolate Boxes & Gifts;560 ;8.6;null;null;36.0;null;4.3;0.28;
270933859;Green & Blacks Organic Tasting Collection Boxed Chocolates 395G;£11.00;£2.79/100g;Chocolate;Chocolate Boxes & Gifts;2405 kJ 840 kJ -;9.1;null;null;42.0;null;10.0;0.13;
266256710;Green & Blacks Milk And White Mini Chocolate Bars 12 Pack 180G;null;null;Chocolate;Chocolate Boxes & Gifts;2345 kJ 350 kJ -;9.7;null;null;36.5;null;3.0;0.30;
271088688;Ferrero Rafaello 24 Pieces Boxed Chocolates 240G;£5.00;£2.09/100g;Chocolate;Chocolate Boxes & Gifts;null;null;null;null;null;null;null;null;
271645496;Elizabeth Shaw Assorted Chocolate Crisps Carton 250G;£4.00;£1.60/100g;Chocolate;Chocolate Boxes & Gifts;null;null;null;null;null;null;null;null;
279818032;Dairy Box Boxed Chocolates 180G;£4.00;£2.23/100g;Chocolate;Chocolate Boxes & Gifts;2294 kJ 420 kJ 8400 kJ 5%;6.8;null;null;33.2;null;1.5;0.23;
265088806;Elizabeth Shaw Famous Names Liqueurs 165G;£6.00;£3.64/100g;Chocolate;Chocolate Boxes & Gifts;null;null;null;null;null;null;null;null;
254897038;Ferrero Rocher 24 Pieces Boxed Chocolates 300G;£6.50;£2.17/100g;Chocolate;Chocolate Boxes & Gifts;null;null;null;null;null;null;null;null;
285131570;Green And Blacks The Miniature Bar Collect 180G;£5.50;£3.06/100g;Chocolate;Chocolate Boxes & Gifts;2305 kJ 345 kJ -;8.9;null;null;36.0;null;6.0;0.18;
263376808;Kinder Schokobon Milky Bites 200G;£2.50;£1.25/100g;Chocolate;Chocolate Boxes & Gifts;null;null;null;null;null;null;null;null;
279752189;Lindt Master Chocolatier Collection 144G;£7.00;£4.87/100g;Chocolate;Chocolate Boxes & Gifts;575;4.5;null;null;38;null;null;0.23;
278678549;Lindt Master Chocolate Collection Boxed Chocolate 305G;£14.00;£4.60/100g;Chocolate;Chocolate Boxes & Gifts;567;4.7;null;null;37;null;null;0.15;
285414627;Lindt Lindor Coconut 200G;£4.50;£22.50/kg;Chocolate;Chocolate Boxes & Gifts;null;null;null;null;null;null;null;null;
279784197;Lindt Lindor Caramel Milk Chocolate Trfls Carton 200G;£4.50;£2.25/100g;Chocolate;Chocolate Boxes & Gifts;null;null;null;null;null;null;null;null;
256870176;Guylian Seashells Boxed Chocolates 250G;£3.50;£1.40/100g;Chocolate;Chocolate Boxes & Gifts;2295 kJ -;7.6;null;null;34;null;null;0.19;
265059450;Lindt Lindor White Chocolate Truffles Carton 200G;£4.50;£2.25/100g;Chocolate;Chocolate Boxes & Gifts;637 ;3.7;null;null;49;null;null;0.20;
285450946;Guylian Chocolate Sea Horses 42G;£1.00;£2.39/100g;Chocolate;Chocolate Boxes & Gifts;2293 kJ -;7.6;null;null;34;null;null;0.21;
260740048;Lindt Lindor 60% Dark Chocolate Truffles Carton 200G;£4.50;£2.25/100g;Chocolate;Chocolate Boxes & Gifts;639 ;4.3;null;null;53;null;null;0.02;
282335253;Lily O'brien's Petit Dessert Gift Wrap 235G;£7.00;£2.98/100g;Chocolate;Chocolate Boxes & Gifts;null;null;null;null;null;null;null;null;
255359133;Lindt Lindor Assorted Chocolate Trfls Carton 200G;£4.50;£2.25/100g;Chocolate;Chocolate Boxes & Gifts;631 ;4.7;null;null;49;null;null;0.17;
259183944;Lindt Lindor Milk Chocolate Truffles Carton 337G;£7.00;£2.08/100g;Chocolate;Chocolate Boxes & Gifts;620 ;4,9;null;null;48;null;null;0,15;
258048871;Lindt Lindor Milk Chocolate Truffles Carton 50G;£1.25;£2.50/100g;Chocolate;Chocolate Boxes & Gifts;623 ;4.9;null;null;47;null;null;0.23;
285117121;Lindt Heart Milk Tin Chocolate 45G;£3.50;£7.78/100g;Chocolate;Chocolate Boxes & Gifts;559;6.2;null;null;35;null;null;0.22;
276142887;Kinder Chocolate 12 Pack 150G;null;null;Chocolate;Chocolate Boxes & Gifts;null;null;null;null;null;null;null;null;
256048880;Lindt Lindor Assorted Chocolate Truffle Carton 337G;£7.00;£2.08/100g;Chocolate;Chocolate Boxes & Gifts;634 ;4,6;null;null;50;null;null;0,11;
284852265;Lindt Mcc Truffles 83G;£4.00;£4.82/100g;Chocolate;Chocolate Boxes & Gifts;588;7.2;null;null;42;null;null;0,21;
285000627;Lilys Ultimate Chocolate Collection 220G;£6.00;£2.73/100g;Chocolate;Chocolate Boxes & Gifts;512;4.8;null;null;29.2;null;null;15m;
250265770;Lindt Lindor Milk Chocolate Truffles Carton 200G;£4.50;£2.25/100g;Chocolate;Chocolate Boxes & Gifts;620 ;4.9;null;null;48;null;null;0.15;
267203887;Lindt Swiss Luxury Selection Boxed Chocolates 215G;£8.00;£3.73/100g;Chocolate;Chocolate Boxes & Gifts;null;null;null;null;null;null;null;null;
267275524;Lindt Swiss Luxury Selection Boxed Chocolates 145G;£6.00;£4.14/100g;Chocolate;Chocolate Boxes & Gifts;975kJ 2360kJ;2.7;null;null;null;null;null;null;
285370787;Monty Bojangles Choccy Scoffy Truffles 200G;£4.00;£2.00/100g;Chocolate;Chocolate Boxes & Gifts;2497 kJ -;3.7;null;null;45.7;null;null;0.3;
284159032;Tesco Collection Milk, Dark And White Chocolate;£3.00;£3.00/each;Chocolate;Chocolate Boxes & Gifts;481;4.5;null;50.5;23.5;14.1;3.5;0.4;
258942169;Tesco All Butter Fudge Box 150G;£1.00;£0.67/100g;Chocolate;Chocolate Boxes & Gifts;435;1.3;null;67.7;15.9;10.7;0;0.4;
262319983;Tesco Dark Chocolate Mint Thins Carton 200G;£1.00;£0.50/100g;Chocolate;Chocolate Boxes & Gifts;478;4.9;null;67.0;19.9;12.5;4.6;0.1;
279967839;Quality Street Matchmakers Orange Chocolate Box 130G;£2.50;£1.93/100g;Chocolate;Chocolate Boxes & Gifts;2064 kJ 299 kJ 8400 kJ -;3.7;null;null;21.3;null;2.4;0.08;
279722997;Qs Matchmakers Honeycomb Chocolate Box 130G;£2.50;£1.93/100g;Chocolate;Chocolate Boxes & Gifts;2074 kJ 300 kJ 8400 kJ -;3.7;null;null;21.3;null;2.4;0.08;
267325380;Terry's Chocolate Orange Segsations Carton 330G;£4.00;£1.22/100g;Chocolate;Chocolate Boxes & Gifts;kJ/kcal kJ/kcal Calories;5.2;null;null;28.0;null;2.6;null;
285209370;Maynards Wine Gums 460G;£4.00;£0.87/100g;Chocolate;Chocolate Boxes & Gifts;1400 kJ 8400 kJ/;4.7;null;null;0.2;null;null;0.03;
264644179;Maltesers Box 120G;£1.50;£1.25/100g;Chocolate;Chocolate Boxes & Gifts;2115kJ 846kJ (10%);8.1;null;null;24.8;null;null;0.41;
275762080;Terry's Chocolate Orange Milk Chocolate Box 175G;£2.00;£1.15/100g;Chocolate;Chocolate Boxes & Gifts;2200 kJ 770 kJ;5.4;null;null;28.5;null;2.1;0.38;
274513757;Quality Street Carton 350G;£3.50;£1.00/100g;Chocolate;Chocolate Boxes & Gifts;1959 kJ 371 kJ 8400 kJ -;3.3;null;null;19.6;null;1.4;0.23;
264379435;Lindt Mini Pralines Boxed Choc 100G;£5.00;£5.00/100g;Chocolate;Chocolate Boxes & Gifts;null;null;null;null;null;null;null;null;
262315388;Lir Ultimate Gold Boxed Chocolates 300G;£9.00;£3.00/100g;Chocolate;Chocolate Boxes & Gifts;null;null;null;null;null;null;null;null;
259330609;Lir Luxury Hand Finished Boxed Chocolates 180G;£5.00;£2.78/100g;Chocolate;Chocolate Boxes & Gifts;null;null;null;null;null;null;null;null;
285371285;Monty Bojangles Flutter Scotch 200G;£4.00;£2.00/100g;Chocolate;Chocolate Boxes & Gifts;2462 kJ -;3.6;null;null;43.8;null;null;0.3;
278904179;Tesco Dark Chocolate Ginger Boxed Chocolate 200G;£5.00;£2.50/100g;Chocolate;Chocolate Boxes & Gifts;402;2.7;null;64.2;11.1;7.0;1.0;0;
264644438;Maltesers Gift Box 360G;£3.50;£0.97/100g;Chocolate;Chocolate Boxes & Gifts;2115kJ 952kJ (11%);8.1;null;null;24.8;null;null;0.41;
279965882;Quality Street Matchmakers Mint Chocolate Box 130G;£2.50;£1.93/100g;Chocolate;Chocolate Boxes & Gifts;2074 kJ 300 kJ 8400 kJ -;3.7;null;null;21.3;null;2.4;0.08;
284158782;Tesco Finest Gianduiotti 140G;£3.00;£2.15/100g;Chocolate;Chocolate Boxes & Gifts;572;7.5;null;42.5;38.6;14.7;5.4;0.01;
260508895;Tesco Turkish Delight Thins Carton 200G;£1.00;£0.50/100g;Chocolate;Chocolate Boxes & Gifts;485;3.6;null;68.1;21.6;13.6;1.7;0.3;
278543640;Tesco Finest Triple Layered Dessert Chocolate 354G;£10.00;£2.78/100g;Chocolate;Chocolate Boxes & Gifts;515;5.7;null;39.4;31.5;19.3;3.4;0.2;
274207953;Tesco Finest Butter Fudge With Cornish Salt 200G;£3.00;£1.50/100g;Chocolate;Chocolate Boxes & Gifts;451;1.0;null;70.6;16.1;9.8;0.6;0.8;
278543571;Tesco Jewellery Box Chocolate Assortment 460G;£7.00;£1.53/100g;Chocolate;Chocolate Boxes & Gifts;545;6.3;null;46.0;33.7;20.3;2.3;0.2;
278557727;Tesco Finest Salted Caramel Truffles 140G;£7.00;£5.00/100g;Chocolate;Chocolate Boxes & Gifts;460;6.6;null;32.0;26.7;16.9;11.3;0.6;
278558029;Tesco Finest Marc De Champagne Boxed Truffles 140G;£7.00;£5.00/100g;Chocolate;Chocolate Boxes & Gifts;526;5.7;null;52.4;32.3;19.8;0.5;0.5;
265735335;Thorntons Chocolate Praline Melts Carton 200G;£4.00;£2.00/100g;Chocolate;Chocolate Boxes & Gifts;null;6.3;null;null;40.2;null;1.9;null;
271131314;Tesco Finest Neapolitan Chocolates Assortment 245G;£3.50;£1.43/100g;Chocolate;Chocolate Boxes & Gifts;578;7.3;null;42.8;40.1;24.0;4.5;0.2;
278679600;Thorntons Chocolate Happy Birthday Plaque 110G;£4.00;£3.64/100g;Chocolate;Chocolate Boxes & Gifts;2260 kJ -;7.0;null;null;31.9;null;2.5;null;
286267396;Tesco Milk Chocolate Heart Lolly 50G;null;null;Chocolate;Chocolate Boxes & Gifts;520;5.7;null;58.9;25.9;15.5;1.8;0.4;
264491324;Tesco Finest Swiss Milk Chocolate Truffles 180G;£3.50;£1.95/100g;Chocolate;Chocolate Boxes & Gifts;619;4.0;null;46.2;45.8;26.3;1.4;0.1;
278904484;Tesco Irish Cream Boxed Truffles 150G;£2.00;£1.34/100g;Chocolate;Chocolate Boxes & Gifts;500;4.8;null;54.7;23.8;14.2;1.5;0.1;
271514703;Tesco Finest Swiss Chocolate Collection Boxed Chocolates 185G;£5.50;£2.98/100g;Chocolate;Chocolate Boxes & Gifts;550;6.2;null;45.7;36.0;18.8;2.9;0.1;
271510914;Tesco Mint Collection Boxed Chocolates 200G;£2.50;£1.25/100g;Chocolate;Chocolate Boxes & Gifts;467;5.4;null;46.8;19.7;12.0;3.9;0.1;
262319996;Tesco Orange Flavoured Milk Chocolate Segments 160G;£1.00;£0.63/100g;Chocolate;Chocolate Boxes & Gifts;549;5.1;null;59.4;31.9;20.0;1.2;0.1;
278904093;Tesco Rose And Lemon Boxed Turkish Delight 200G;£6.50;£3.25/100g;Chocolate;Chocolate Boxes & Gifts;351;0.1;null;75.6;0.2;0;0;0;
284069069;Tesco Finest Belgian Chocolate Assortment 400G;null;null;Chocolate;Chocolate Boxes & Gifts;538;4.9;null;47.1;34.8;19.6;3.6;0.1;
278557894;Tesco Finest Strawberry Boxed Truffles 140G;£7.00;£5.00/100g;Chocolate;Chocolate Boxes & Gifts;514;5.6;null;54.3;30.4;18.7;0.3;0.5;
262320018;Tesco Milk Chocolate Coated Brazils 140G;null;null;Chocolate;Chocolate Boxes & Gifts;579;8.1;null;46.7;38.9;18.8;3.4;0.1;
274512994;Thorntons Classics Chocolate Gift Box 274G;£6.00;£2.19/100g;Chocolate;Chocolate Boxes & Gifts;2108 kJ -;4.7;null;null;26.5;null;null;0.20;
257385386;Toblerone Milk Chocolate 400G;£4.00;£1.00/100g;Chocolate;Chocolate Boxes & Gifts;535 ;5.6;null;null;29.5;null;2.2;0.15;
285000529;Thorntons Premium Collection 383G;£6.00;£1.57/100g;Chocolate;Chocolate Boxes & Gifts;2212 kJ -;5.8;null;null;33;null;null;0.19;
263751556;Thorntons Moments Chocolates Carton 250G;£4.00;£1.60/100g;Chocolate;Chocolate Boxes & Gifts;2151 kJ -;5.3;null;null;27.9;null;null;0.19;
285453632;Thorntons Continental Gift 150G;£8.00;£5.34/100g;Chocolate;Chocolate Boxes & Gifts;2189 kJ -;5.8;null;null;31;null;null;0.18;
285897158;Thorntons Classics Milk Dark And White 357G;£5.00;£1.41/100g;Chocolate;Chocolate Boxes & Gifts;2068 kJ -;4.3;null;null;25;null;null;0.18;
268450396;Thorntons Original Toffee 300G;£3.00;£1.00/100g;Chocolate;Chocolate Boxes & Gifts;2098 kJ -;1.8;null;null;28;null;null;0.68;
279965421;Thorntons Premium Chocolate Box 200G;£7.00;£3.50/100g;Chocolate;Chocolate Boxes & Gifts;2215 kJ -;5.9;null;null;32;null;null;0.17;
271088417;Thorntons Premium Chocolates Treat Bag 86G;£1.50;£1.75/100g;Chocolate;Chocolate Boxes & Gifts;2233 kJ -;5.6;null;null;33;null;null;0.19;
285453851;Thorntons Just For You 60G;£4.00;£6.67/100g;Chocolate;Chocolate Boxes & Gifts;2334 kJ -;5.8;null;null;36;null;null;0.26;
280135882;Toffifee Box 100G;£0.98;£0.98/100g;Chocolate;Chocolate Boxes & Gifts;2153kJ/;5.9;null;null;28.7;null;null;0.22;
259489750;Toblerone Tinys Carton 330G;£4.00;£1.22/100g;Chocolate;Chocolate Boxes & Gifts;2180kJ 523kJ -;5.7;null;null;29.5;null;3.2;null;
274529422;Thorntons Classics Milk Chocolates Box 276G;£6.00;£2.18/100g;Chocolate;Chocolate Boxes & Gifts;2108 kJ -;4.7;null;null;26.4;null;null;0.20;
279965605;Thorntons Premium Chocolates Gift Box 200G;£8.00;£4.00/100g;Chocolate;Chocolate Boxes & Gifts;2215 kJ -;5.9;null;null;32;null;null;0.17;
267720205;Thorntons Milk Chocolate Champagne Bottle;£5.00;£2.50/100g;Chocolate;Chocolate Boxes & Gifts;2274 kJ;6.7;null;null;32.4;null;3.4;null;
254891275;Toblerone Milk Chocolate 100G;£1.40;£1.40/100g;Chocolate;Chocolate Boxes & Gifts;2235 kJ / 559 kJ / 7 %;5,6;null;null;29,5;null;2,2;0,15;
271088285;Thorntons Premium Chocolate Box 96G;£3.50;£3.65/100g;Chocolate;Chocolate Boxes & Gifts;2246 kJ -;5.9;null;null;34;null;null;0.19;
259189258;Thorntons Classics Chocolates Box 274G;£7.30;£2.09/100g;Chocolate;Chocolate Boxes & Gifts;2108 kJ -;4.7;null;null;26.5;null;null;0.20;
277967422;Thorntons Continental Chocolate Box 300G;£10.00;£3.34/100g;Chocolate;Chocolate Boxes & Gifts;2189 kJ 269 kJ - -;5.8;null;null;31.4;null;3.0;null;
281035080;Thorntons Mint Collection 180G;£4.19;£2.33/100g;Chocolate;Chocolate Boxes & Gifts;2094 kJ -;4.9;null;null;27.8;null;null;0.21;
271678831;E.Wedel Dark Chocolate Covered Vanilla Marshmallows 380G;£2.50;£0.66/100g;Chocolate;Chocolate Boxes & Gifts;2,4% 8400 kJ 1842 kJ 195 kJ;0,6%;null;null;3,3%;null;null;0,2%;
285332960;Cadbury Crunchie Rocks 110G;£2.00;£1.82/100g;Chocolate;Chocolate Pouches & Bags;2010 kJ 502 kJ 8400 kJ;5.1;null;null;19;null;2.0;0.70;
285333141;Cadbury Chocolate Popcorn Pouch 119G;£2.00;£1.69/100g;Chocolate;Chocolate Pouches & Bags;2055 kJ 514 kJ 8400 kJ;4.5;null;null;22.5;null;2.9;0.78;
278677924;Cadbury Dairy Milk Chocolate Pebbles Pouch 140G;£2.00;£1.43/100g;Chocolate;Chocolate Pouches & Bags;2070 kJ 725 kJ;5.5;null;null;22.0;null;0.5;0.17;
271114670;Galaxy Bites Chocolate Pouch 140G;£2.00;£1.43/100g;Chocolate;Chocolate Pouches & Bags;2062kJ 866kJ (10%);5.1;null;null;24.3;null;null;0.25;
285333170;Cadbury Crunchems Chocolate Pouch 105G;£2.00;£19.05/kg;Chocolate;Chocolate Pouches & Bags;2200 kJ 550 kJ 8400 kJ;4.9;null;null;29.5;null;2.5;0.90;
285383599;Cadbury Twirl Bites 109G;£2.00;£1.84/100g;Chocolate;Chocolate Pouches & Bags;2220 kJ 555 kJ 8400 kJ;7.7;null;null;30.5;null;0.8;0.25;
285383858;Cadbury Caramel Nibbles 120G;£2.00;£1.67/100g;Chocolate;Chocolate Pouches & Bags;2100 kJ 525 kJ 8400 kJ;5.9;null;null;26;null;0.5;0.33;
265427959;Daim Mini Chocolate Pouch 140G;£1.50;£1.08/100g;Chocolate;Chocolate Pouches & Bags;530 ;3;null;null;31;null;1.2;0.80;
283787568;Aero Bubbles White Chocolate Bag 113G;£1.59;£1.41/100g;Chocolate;Chocolate Pouches & Bags;2248 kJ 540 kJ 8400 kJ -;4.8;null;null;29.7;null;0.8;0.28;
283772142;Cadbury Marvellous Mix Ups Maynards Bag 124G;£2.00;£1.62/100g;Chocolate;Chocolate Pouches & Bags;1800 kJ 8400 kJ;2.4;null;null;14;null;0.5;0.28;
277614679;Cadbury Crispello Chocolate Pouch 120G;£2.00;£16.67/kg;Chocolate;Chocolate Pouches & Bags;null;7;null;null;36;null;1.9;null;
272082946;Aero Bubbles Peppermint Chocolate Pouch 113G;£1.59;£1.41/100g;Chocolate;Chocolate Pouches & Bags;2248kJ 540kJ 8400kJ -;4.8;null;null;29.7;null;0.8;0.28;
277857316;Cadbury Eclair Orange 180G;£1.00;£0.56/100g;Chocolate;Chocolate Pouches & Bags;1910 kJ 135 kJ;4.3;null;null;17.5;null;null;0.48;
283772292;Cadbury Marvells Mix Ups Oreo Bag 111G;£2.00;£1.81/100g;Chocolate;Chocolate Pouches & Bags;2115 kJ 8400 kJ;5.7;null;null;24.5;null;1.6;0.55;
285383271;Cadbury Bitsa Wispa Bag 110G;£2.00;£1.82/100g;Chocolate;Chocolate Pouches & Bags;2290 kJ 630 kJ 8400 kJ;7.3;null;null;34;null;1.0;0.23;
285333262;Cadbury Chocolate Pretzel Pouch 110G;£2.00;£1.82/100g;Chocolate;Chocolate Pouches & Bags;1995 kJ 549 kJ 8400 kJ;7.7;null;null;20.5;null;2.9;0.93;
271153346;Cadbury Chocolate Eclairs 180G;£1.99;£1.11/100g;Chocolate;Chocolate Pouches & Bags;null;4.2;null;null;17.5;null;0.4;null;
283739730;Cadbury Crispelo Vanilla Bag 120G;£2.00;£16.67/kg;Chocolate;Chocolate Pouches & Bags;2330 kJ 235 kJ 8400 kJ;6.2;null;null;35.5;null;1.4;0.23;
285383766;Cadbury Dairy Milk Giant Buttons 119G;£2.00;£1.69/100g;Chocolate;Chocolate Pouches & Bags;2215 kJ 555 kJ 8400 kJ;7.6;null;null;30.5;null;0.7;0.23;
282431317;Galaxy Counters Pouch 126G;£2.00;£1.59/100g;Chocolate;Chocolate Pouches & Bags;2208kJ 927kJ (11%);7.0;null;null;28.9;null;null;0.26;
282480385;Mars Milkyway Magic Stars Pouch 117G;null;null;Chocolate;Chocolate Pouches & Bags;2330kJ 909kJ (11%);6.4;null;null;34.7;null;null;0.20;
282480419;Maltesers Bag 121G;£1.00;£0.83/100g;Chocolate;Chocolate Pouches & Bags;2115kJ 852kJ (10%);8.1;null;null;24.8;null;null;0.41;
282469739;Mars Mix Chocolate Pouch 126G;£1.00;£0.79/100g;Chocolate;Chocolate Pouches & Bags;1997kJ 839kJ (10%);4.7;null;null;20.9;null;null;0.47;
272083790;Rolo Chocolate Pouch 126G;£1.59;£1.27/100g;Chocolate;Chocolate Pouches & Bags;2001kJ 520kJ 8400kJ -;4.4;null;null;20.4;null;1.2;0.30;
278678250;Reeses Mini Peanut Butter Cups Pouch 226G;£3.00;£1.33/100g;Chocolate;Chocolate Pouches & Bags;542 ;8.8;58.3;null;null;null;null;0.6;
282470846;M&Ms Peanut Bag 165G;£1.00;£0.54/100g;Chocolate;Chocolate Pouches & Bags;2139kJ 877kJ (11%);9.8;null;null;25.3;null;null;0.09;
273681437;Paynes Poppets Mint Chocolate Pouch 150G;£1.49;£0.99/100g;Chocolate;Chocolate Pouches & Bags;1882kJ;2.0;null;null;13.2;null;3.6;null;
287853023;Terrys Chocolate Orange 125G;£1.00;£8.00/kg;Chocolate;Chocolate Pouches & Bags;2180 kJ 615 kJ 8400 kJ;5.8;null;null;28;null;2.4;0.38;
272083605;Munchies Chocolate Pouch 126G;£1.59;£1.27/100g;Chocolate;Chocolate Pouches & Bags;2064 kJ 659 kJ;5.5;null;null;24.0;null;1.5;0.30;
255521079;Tesco Milk Chocolate Coated Raisins Pouch 200G;£0.90;£0.45/100g;Chocolate;Chocolate Pouches & Bags;432;4.8;null;60.3;15.4;9.2;2.7;0.1;
275741001;Quality Street Matchmakers Mint Chocolate Pouch 108G;£1.59;£1.48/100g;Chocolate;Chocolate Pouches & Bags;2074kJ 361kJ 8400kJ 4%;3.7;null;null;21.3;null;2.4;0.08;
282482066;Minstrels Bag 153G;£2.00;£1.18/100g;Chocolate;Chocolate Pouches & Bags;2116kJ 808kJ (10%);5.3;null;null;22.2;null;null;0.20;
275434716;Smarties Vice Versas Chocolate Pouch 126G;£1.59;£1.27/100g;Chocolate;Chocolate Pouches & Bags;2029 kJ 412 kJ 8400 kJ -;4.3;null;null;20.3;null;1.0;0.13;
272083294;Milkybar Giant White Chocolate Buttons Pouch 126G;£1.00;£0.79/100g;Chocolate;Chocolate Pouches & Bags;2279kJ 552kJ 8400kJ -;7.5;null;null;31.6;null;Nil;0.40;
282481842;Revels Bag 126G;null;null;Chocolate;Chocolate Pouches & Bags;2027kJ 851kJ (10%);5.2;null;null;21.0;null;null;0.29;
273679366;Paynes Poppets Toffee Chocolate Pouch 150G;£1.49;£0.99/100g;Chocolate;Chocolate Pouches & Bags;1997kJ;3.1;null;null;21.7;null;1.6;null;
282480598;M&M's Crispy Pouch 141G;null;null;Chocolate;Chocolate Pouches & Bags;2083kJ 979kJ (12%);4.3;null;null;24.2;null;null;0.35;
282470967;M And M's Chocolate Bag 165G;£1.00;£0.61/100g;Chocolate;Chocolate Pouches & Bags;2035kJ 838kJ (10%);4.8;null;null;20.5;null;null;0.12;
255521200;Tesco Milk Chocolate American Peanuts Pouch 200G;£0.90;£0.45/100g;Chocolate;Chocolate Pouches & Bags;563;17.2;null;29.9;37.8;12.4;4.7;0.1;
285116865;Lindt Hello Thank You Box 45G;£2.50;£5.56/100g;Chocolate;Chocolate Pouches & Bags;569 ;6.6;null;null;38;null;null;0.15;
264581241;Maltesers Large Chocolate Pouch 230G;£3.00;£1.31/100g;Chocolate;Chocolate Pouches & Bags;2115kJ 973kJ (12%);8.1;null;null;24.8;null;null;0.41;
275741295;Yorkie Man Size Chocolate Buttons Pouch 120G;£1.00;£0.83/100g;Chocolate;Chocolate Pouches & Bags;2268kJ 565kJ 8400kJ -;6.5;null;null;31.5;null;2.1;0.28;
272478801;Cadbury Dairy Milk Buttons Bag 40G;£0.60;£1.50/100g;Chocolate;Chocolate Pouches & Bags;2215kJ 885kJ 8400kJ/;7.6;null;null;30.5;null;0.7;0.23;
271086886;Tesco Milk Chocolate Eclairs 200G;null;null;Chocolate;Chocolate Pouches & Bags;478;5.3;null;51.7;21.0;12.2;0.7;1.3;
264582706;Minstrels Large Chocolate Pouch 290G;£3.00;£1.04/100g;Chocolate;Chocolate Pouches & Bags;2116kJ 1022kJ (12%);5.3;null;null;22.2;null;null;0.20;
265556656;Aero Peppermint Chocolate Bubbles Bag 36G;£0.60;£1.28/100g;Chocolate;Chocolate Pouches & Bags;2248 kJ 814 kJ 8400 kJ -;4.8;null;null;29.7;null;0.8;0.28;
273628104;Reeses Pieces 43G;£0.60;£1.40/100g;Chocolate;Chocolate Pouches & Bags;null;null;null;null;null;null;null;null;
252932542;M And M Chocolate Single 45G (C);null;null;Chocolate;Chocolate Pouches & Bags;2035kJ 916kJ (11%);4.8;null;null;20.5;null;null;0.12;
273700508;M&M's Peanut Standard Bag;£0.60;£1.34/100g;Chocolate;Chocolate Pouches & Bags;2139kJ 963kJ (12%);9.8;null;null;25.3;null;null;0.09;
278608795;Cadbury Freddo Faces Chocolate Single 35G;£0.60;£1.72/100g;Chocolate;Chocolate Pouches & Bags;530 ;7.6;null;null;30.5;null;0.7;0.23;
282470662;Twix Mix Pouch 126G;£1.00;£0.79/100g;Chocolate;Chocolate Pouches & Bags;2089kJ 877kJ (11%);6.0;null;null;23.8;null;null;0.42;
264581293;Revels Large Chocolate Pouch 240G;£3.00;£1.25/100g;Chocolate;Chocolate Pouches & Bags;2027kJ 973kJ (12%);5.2;null;null;21.0;null;null;0.29;
257245057;Milkybar White Chocolate Buttons Bag 30G;£0.60;£0.60/each;Chocolate;Chocolate Pouches & Bags;2279kJ 329kJ 8400kJ -;7.5;null;null;31.6;null;Nil;0.40;
252944332;Maltesers Kingsize 58.5G;£0.80;£1.37/100g;Chocolate;Chocolate Pouches & Bags;2115kJ 618kJ (7%) -;8.1;null;null;24.8;null;null;0.41;
251610320;Milky Way Magic Stars;£0.60;£1.82/100g;Chocolate;Chocolate Pouches & Bags;2330kJ 769kJ (9%);6.4;null;null;34.7;null;null;0.20;
284067146;Toffee Crisp Chocolate Bag 120G;£1.59;£1.33/100g;Chocolate;Chocolate Pouches & Bags;2166 kJ 422 kJ 8400 kJ -;3.8;null;null;27.6;null;1.3;0.25;
255613040;Galaxy Minstrels Standard Bag;£0.60;£1.43/100g;Chocolate;Chocolate Pouches & Bags;2116kJ 889kJ (11%);5.3;null;null;22.2;null;null;0.20;
285924945;M And M's Peanut Large Pouch 300G;£3.00;£1.00/100g;Chocolate;Chocolate Pouches & Bags;2144kJ 918kJ (11%);9.7;null;null;25.6;null;null;0.09;
278257898;Galaxy Counters Standard Bag 35G;£0.60;£1.72/100g;Chocolate;Chocolate Pouches & Bags;2208kJ 773kJ (9%);7.0;null;null;28.9;null;null;0.26;
258254246;Maltesers Bag 37G;£0.60;£1.63/100g;Chocolate;Chocolate Pouches & Bags;2115kJ 783kJ (9%);8.1;null;null;24.8;null;null;0.41;
254894934;Revels Chocolates Standard Bag;£0.60;£1.72/100g;Chocolate;Chocolate Pouches & Bags;2027kJ 709kJ (8%);5.2;null;null;21.0;null;null;0.29;
272083853;Aero Milk Chocolate 3 Pack 120G;£1.49;£1.25/100g;Chocolate;Multipack Chocolate;2257 kJ 925 kJ 8400 kJ 11%;6.5;null;null;30.8;null;2.2;0.21;
279344799;Cadbury Dairy Milk Picnic 145G;£1.20;£8.28/kg;Chocolate;Multipack Chocolate;2030 kJ 982 kJ 8400 kJ/;7.7;null;null;22.5;null;2.3;0.53;
272431350;Bounty 4 Pack 228G;£1.00;£0.44/100g;Chocolate;Multipack Chocolate;2040kJ 581kJ (7%);3.8;null;null;26.0;null;null;0.26;
287853144;Cadbury Flake 3 Pack 76G;£1.00;£1.32/100g;Chocolate;Multipack Chocolate;2230 kJ 571 kJ 8400 kJ/;8.1;null;null;31.0;null;0.7;0.28;
283771765;Cadbury Double Decker Chocolate 3 Pack 163.5G;£1.49;£0.91/100g;Chocolate;Multipack Chocolate;1925 kJ 1050 kJ 8400 kJ/;4.1;null;null;17.0;null;1.5;0.20;
287853109;Cadbury Oat Crunch 3 Pack 90G;£1.00;£1.12/100g;Chocolate;Multipack Chocolate;2100 kJ 630 kJ 8400 kJ/;7.4;null;null;24.5;null;1.6;0.50;
277968093;Cornetto Chocolates 4 Pack 80G;£2.00;£2.50/100g;Chocolate;Multipack Chocolate;566;5.8;null;null;37.3;null;null;0.25;
271631679;Cadbury Dairy Milk Caramel Chocolate 3 Pack 117G;£1.43;£1.23/100g;Chocolate;Multipack Chocolate;null;4.8;null;null;23.1;null;0.4;null;
276173429;Daim Bar 3 Pack;£1.00;£0.33/each;Chocolate;Multipack Chocolate;530 ;2.9;null;null;31.0;null;1.2;0.83;
272084414;Aero Mint Chocolate 3 Pack 120G;£1.49;£1.25/100g;Chocolate;Multipack Chocolate;2253 kJ 924 kJ 8400 kJ -;5.2;null;null;30.0;null;1.0;0.28;
284183250;Cadbury Twirl 7 Pack 238G;£2.75;£11.56/kg;Chocolate;Multipack Chocolate;2235 kJ 380 kJ 8400 kJ/;7.6;null;null;31.0;null;0.8;0.25;
284091709;Cadbury Dairy Milk Chocolate 4 Pack 144G;null;null;Chocolate;Multipack Chocolate;2210 kJ 796 kJ 8400 kJ/;7.5;null;null;30.5;null;0.7;0.23;
283787257;Cadbury Wispa 4 Pack 120G;£1.79;£1.50/100g;Chocolate;Multipack Chocolate;2290 kJ 699 kJ 8400 kJ/;7.3;null;null;34.0;null;1.0;0.23;
288040989;Drifter Multipack 3X48g;£1.00;£0.07/10g;Chocolate;Multipack Chocolate;2031kJ 504kJ 8400kJ -;3.9;null;null;20.5;null;1.2;0.33;
271630473;Cadbury Dairy Milk Chocolate 3 Pack 117G;£1.43;£1.23/100g;Chocolate;Multipack Chocolate;null;7.5;null;null;29.8;null;0.7;null;
274889714;Bounty 7 Pack 399G;£2.75;£0.69/100g;Chocolate;Multipack Chocolate;2040kJ 581kJ (7%);3.8;null;null;26.0;null;null;0.26;
287853265;Cadbury Boost Multipack 3 Pack 145G;£1.00;£0.68/100g;Chocolate;Multipack Chocolate;2155 kJ 1045 kJ 8400 kJ/;5.9;null;null;28.5;null;1.5;0.30;
267089641;Cadbury Flake 4 Pack 102G;null;null;Chocolate;Multipack Chocolate;null;8.1;null;null;31;null;0.7;null;
282431070;Cadbury Dairy Milk With Ritz 3 Pack 105G;£1.50;£1.43/100g;Chocolate;Multipack Chocolate;2185 kJ 764 kJ 8400 kJ/;7.4;null;null;29.0;null;1.0;0.63;
282431162;Cadbury Dairy Milk With Lu 3 Pack 105G;£1.50;£1.43/100g;Chocolate;Multipack Chocolate;2150 kJ 752 kJ 8400 kJ/;7.2;null;null;26.5;null;1.2;0.48;
280036005;Galaxy Chocolate Bar 4 Pack 168G;£1.79;£1.07/100g;Chocolate;Multipack Chocolate;2280kJ 958kJ (11%);6.7;null;null;32.4;null;null;0.25;
287613291;Kit Kat Chunky Milk Chocolate 4 Pack 160G;£1.75;£1.10/100g;Chocolate;Multipack Chocolate;2159kJ 868kJ 8400kJ -;5.4;null;null;25.6;null;1.7;0.18;
287853222;Frys Turkish Delight 3 Pack 153G;£1.00;£6.54/kg;Chocolate;Multipack Chocolate;1625 kJ 830 kJ 8400 kJ/;1.3;null;null;6.7;null;1.3;0.33;
272068555;Kit Kat 4 Finger Milk Chocolate 8 Pack 360G;£2.99;£0.83/100g;Chocolate;Multipack Chocolate;2135kJ 971kJ 8400kJ -;5.8;null;null;24.8;null;2.0;0.20;
287548402;Kit Kat Chunky 3 Pack 120G;£1.00;£0.00/g;Chocolate;Multipack Chocolate;2144kJ 1029kJ 8400kJ -;5.5;null;null;25.2;null;1.9;0.19;
272091077;Kit Kat 4 Finger Milk Chocolate 4 Pack 180G;£1.75;£0.97/100g;Chocolate;Multipack Chocolate;2135kJ 971kJ 8400kJ -;5.8;null;null;24.8;null;2.0;0.20;
262842604;Galaxy Ripple 4 Pack 132G;null;null;Chocolate;Multipack Chocolate;2213kJ 730kJ (9%);7.0;null;null;29.1;null;null;0.26;
255708297;Galaxy Minstrels 3 Pack 126G;£1.68;£1.00/100g;Chocolate;Multipack Chocolate;2116kJ 889kJ (11%);5.3;null;null;22.2;null;null;0.20;
275356745;Kinder Chocolate Cereal 4 Pack 94G;£1.30;£1.39/100g;Chocolate;Multipack Chocolate;null;8.6;54.9;null;33.8;null;null;0.28;
280238469;M And M Peanut Funsize 220G;£3.69;£1.68/100g;Chocolate;Multipack Chocolate;2144kJ 429kJ (5%);9.7;null;null;25.6;null;null;0.09;
284476036;Kit Kat Chunky Orange Multipack 144G;null;null;Chocolate;Multipack Chocolate;2136kJ 1025kJ 8400kJ -;5.5;null;null;25.1;null;1.9;0.19;
267221519;Maltesers 3X37g;£1.49;£1.35/100g;Chocolate;Multipack Chocolate;2115kJ 783kJ (9%);8.1;null;null;24.8;null;null;0.41;
266183110;Kinder Bueno White Chocolate 4 Pack 156G;£1.99;£1.28/100g;Chocolate;Multipack Chocolate;null;null;null;null;null;null;null;null;
277967848;Magnum Chocolates 4 Pack 132G;£2.00;£1.52/100g;Chocolate;Multipack Chocolate;2164 kJ 281 kJ;5.5;null;null;30.8;null;null;0.3;
257679200;Kinder Bueno Milk And Hazelnut 4 Pack 172G;£1.99;£1.16/100g;Chocolate;Multipack Chocolate;575;9.2;null;null;37.3;null;2;null;
284716986;Hersheys Reeses Peanut Butter Cups 4 Pack 170G;£1.99;£0.29/100g;Chocolate;Multipack Chocolate;null;10.8;51.8;null;null;null;null;0.7;
282720407;Kit Kat 4 Finger 3 Pack 135G;£1.00;£1.00/each;Chocolate;Multipack Chocolate;2135kJ 971kJ 8400kJ -;5.8;null;null;24.8;null;2.0;0.20;
272092600;Kit Kat Chunky Milk Chocolate 8 Pack 384G;£2.99;£0.88/100g;Chocolate;Multipack Chocolate;2144kJ 1029kJ 8400kJ -;5.5;null;null;25.2;null;1.9;0.19;
287853173;Frys Chocolate Cream 3 Pack 147G;£1.00;£6.81/kg;Chocolate;Multipack Chocolate;1800 kJ 882 kJ 8400 kJ/;2.2;null;null;14.5;null;3.2;0.01;
274700766;Galaxy Ripple 7 Pack 231G;£2.75;£1.20/100g;Chocolate;Multipack Chocolate;2213kJ 730kJ (9%);7.0;null;null;29.1;null;null;0.26;
278678722;Milky Way Crispy Roll 5 Pack 125G;£1.79;£1.44/100g;Chocolate;Multipack Chocolate;512;7.4;null;null;24.9;null;null;0.29;
273677593;Yorkie Raisin And Biscuit 3 Pack 159G;£1.75;£1.11/100g;Chocolate;Multipack Chocolate;513 ;5.7;null;null;26.2;null;1.9;null;
281443495;Snickers 3 Pack 144G;null;null;Chocolate;Multipack Chocolate;2134kJ 1024kJ (12%);9.4;null;null;28.0;null;null;0.44;
285710455;Snickers More Chocolate 3+1 Pack 192G;null;null;Chocolate;Multipack Chocolate;2096kJ 1006kJ (12%);9.7;null;null;27.3;null;null;0.45;
281026632;Snickers 7 Pack 336G;null;null;Chocolate;Multipack Chocolate;2134kJ 1024kJ (12%);9.4;null;null;28.0;null;null;0.44;
266627066;Walnut Whips Vanilla 3 Pack 98G;£1.75;£1.79/100g;Chocolate;Multipack Chocolate;2102 kJ 715 kJ 8400 KJ -;5.0;null;null;25.3;null;1.4;0.13;
279534344;Mars Bar 4X 33.8G;£1.00;£0.25/each;Chocolate;Multipack Chocolate;1890kJ 639kJ (8%);4.3;null;null;16.9;null;null;0.39;
277967635;Mini Milk Chocolate Lolly 4 Pack 64G;£1.50;£2.35/100g;Chocolate;Multipack Chocolate;563 ;5.4;null;null;37.7;null;0.6;null;
277513706;Twix 3 Pack 150G;£1.49;£0.99/100g;Chocolate;Multipack Chocolate;2074kJ 519kJ (6%);4.5;null;null;24.0;null;null;0.44;
277530858;Twix (Twin) Multi 7 Pack 350G;£2.75;£0.79/100g;Chocolate;Multipack Chocolate;2074kJ 519kJ (6%);4.5;null;null;24.0;null;null;0.44;
272103174;Rolo 4 Pack 208G;£1.75;£0.84/100g;Chocolate;Multipack Chocolate;2001kJ 520kJ 8400kJ 6%;4.4;null;null;20.4;null;1.2;0.30;
285709953;Twix Twin Multi 3+1 Pack 200G;£1.49;£0.75/100g;Chocolate;Multipack Chocolate;2070kJ 518kJ (6%);4.5;null;null;23.9;null;null;0.41;
272066822;Toffee Crisp 4 Pack 172G;£1.75;£1.02/100g;Chocolate;Multipack Chocolate;2175 kJ 957 kJ;3.6;null;null;27.7;null;1.4;null;
287547812;Toffee Crisp 8 Pack 345.6G;£2.99;£0.98/100g;Chocolate;Multipack Chocolate;2145kJ 819kJ 8400kJ -;3.6;null;null;26.8;null;1.3;0.35;
279534436;Snickers Bar 4X35.5G;£1.00;£0.25/each;Chocolate;Multipack Chocolate;null;9.4;null;null;27.9;null;null;null;
281613732;Twix Bar 4 Pack;£1.00;£0.25/each;Chocolate;Multipack Chocolate;null;null;null;null;null;null;null;null;
287548039;Toffee Crisp 3 Pack 129.6G;£1.00;£0.00/g;Chocolate;Multipack Chocolate;2145kJ 819kJ 8400kJ -;3.6;null;null;26.8;null;1.3;0.35;
272097278;Milkybar White Chocolate 4 Pack 100G;£1.75;£1.75/100g;Chocolate;Multipack Chocolate;2278kJ 570kJ 8400kJ -;7.5;null;null;31.6;null;Nil;0.40;
286616442;Yorkie Milk Multi Pack 138G;£1.75;£1.27/100g;Chocolate;Multipack Chocolate;2258kJ 1038kJ 8400kJ -;5.8;null;null;30.5;null;1.7;0.20;
253654103;Mars Topic 4 Pack 188G;£1.00;£0.53/100g;Chocolate;Multipack Chocolate;2042kJ 960kJ (11%);6.1;null;null;23.7;null;null;0.39;
285692803;Cadbury Dairy Milk Buttons Chocolate Treat Size Minis 13 Pack 187G;£2.79;£1.65/100g;Chocolate;Multipack Chocolate;2215 kJ 319 kJ 8400 kJ;7.6;null;null;30.5;null;0.7;0.23;
262641243;Milkybar White Chocolate Buttons 4 Pack 80G;£1.19;£1.49/100g;Chocolate;Multipack Chocolate;2279 kJ 456 kJ 8400 kJ -;7.5;null;null;31.6;null;Nil;0.40;
250283166;Cadbury Fair Trade Dairy Milk For Kids 6 Pack;£1.00;£0.81/100g;Chocolate;Multipack Chocolate;2210 kJ 465 kJ 8400 kJ/;7.5;null;null;30.5;null;0.7;0.23;
255912953;Tesco Nutty Nougat Caramel 8 Pack 320G;£1.50;£0.47/100g;Chocolate;Multipack Chocolate;495;8.6;null;42.2;26.0;10.4;3.0;0.7;
250171333;Cadburys Fudge 6 Pack 147G;£1.39;£0.95/100g;Chocolate;Multipack Chocolate;1880 kJ 480 kJ 8400 kJ/;2.5;null;null;15;null;0.5;0.38;
282553455;Mars Funsize Minis 13 Pack 250G;£2.79;£1.12/100g;Chocolate;Multipack Chocolate;1863kJ 335kJ (4%);3.9;null;null;15.7;null;null;0.43;
255912832;Tesco Crazy Caramel 8 Pack 320G;£1.50;£0.47/100g;Chocolate;Multipack Chocolate;468;3.9;null;55.7;19.7;11.4;1.4;0.6;
282553887;Maltesers Funsize Minis 9 Pack 195G;£2.79;£1.44/100g;Chocolate;Multipack Chocolate;2115kJ 412kJ (5%);8.1;null;null;24.8;null;null;0.41;
255913007;Tesco Crunchy Caramel 7X42g;£1.50;£0.51/100g;Chocolate;Multipack Chocolate;496;5.3;null;46.0;24.2;14.8;1.8;0.5;
284183359;Cadbury Flake 8 Pack 204G;£3.00;£14.71/kg;Chocolate;Multipack Chocolate;2230kJ 571kJ 8400 kJ/;8.1;null;null;31.0;null;0.7;0.28;
285692659;Cadbury Twirl Treat Size 154G;£2.79;£1.82/100g;Chocolate;Multipack Chocolate;2235 kJ 313 kJ 8400 kJ/;7.6;null;null;31.0;null;0.8;0.25;
255028099;Kinder Suprise 3 Pack 60G;£2.00;£3.34/100g;Chocolate;Multipack Chocolate;null;null;null;null;null;null;null;null;
252947317;Kinder Snack Bars 6 Pack 126G;£1.25;£0.99/100g;Chocolate;Multipack Chocolate;null;null;null;null;null;null;null;null;
264643140;Milky Way Snacktime 12 Pack 262.8G;£2.35;£0.89/100g;Chocolate;Multipack Chocolate;1884kJ 405kJ (5%*);4.0;null;null;15.9;null;null;0.53;
284196989;Cadbury Dairy Milk Chocolate 7Pk 252G;£2.40;£0.95/100g;Chocolate;Multipack Chocolate;2210 kJ 796 kJ 8400 kJ/;7.5;null;null;30.5;null;0.7;0.23;
264643071;Milkyway 6 Pack 131.4G;£1.19;£0.91/100g;Chocolate;Multipack Chocolate;1884kJ 405kJ (5%);4.0;null;null;15.9;null;null;0.53;
256584906;Kinder Mini Treats 16 Pack 200G;£2.00;£1.00/100g;Chocolate;Multipack Chocolate;2360/566 296/71 4%;null;null;null;null;null;null;null;
259949609;Animal Bar Milk Chocolate 4 Pack 76G;£0.89;£1.18/100g;Chocolate;Multipack Chocolate;2197kJ 419kJ 8400kJ -;5.3;null;null;27.8;null;1.1;0.15;
281761210;Tesco Wild And Whippy 10 Pack 220G;£1.50;£0.68/100g;Chocolate;Multipack Chocolate;452;3.6;null;64.2;16.3;9.6;0.8;0.7;
250172902;Cadburys Curly Wurly 5 Pack 130G;£1.39;£1.07/100g;Chocolate;Multipack Chocolate;1910 kJ 497 kJ 8400 kJ/;3.3;null;null;18.0;null;0.7;0.68;
264258567;Milkybar Buttons Minis 12 Pack 189G;£2.79;£1.48/100g;Chocolate;Multipack Chocolate;2279kJ 365kJ 8400kJ -;7.5;null;null;31.6;null;Nil;0.40;
281762172;Tesco Wild And Whippy Bars 256G;£1.35;£0.48/100g;Chocolate;Multipack Chocolate;452;3.6;null;64.2;16.3;9.6;0.8;0.7;
275341342;Cadbury Freddo Caramel 6 Pack 117G;£1.00;£0.86/100g;Chocolate;Multipack Chocolate;null;5.5;null;null;24.8;null;0.5;null;
279784888;Cadburys Chomp 6 Pack;£1.00;£0.17/each;Chocolate;Multipack Chocolate;1955 kJ 460 kJ;3.0;null;null;19.5;null;0.7;0.25;
282553602;Milky Way Funsize Minis 14 Pack 227G;£2.79;£1.23/100g;Chocolate;Multipack Chocolate;1875kJ 291kJ (3%);3.9;null;null;15.5;null;null;0.57;
275356601;Kinder Chocolate 4 Pack 50G;£0.60;£1.20/100g;Chocolate;Multipack Chocolate;null;8.7;null;null;null;null;null;null;
264258452;Smarties Minis 18 Pack 260G;£2.79;£1.08/100g;Chocolate;Multipack Chocolate;1976 kJ 285 kJ 8400 kJ -;5.0;null;null;19.6;null;1.0;0.15;
282553979;Milky Way Magic Stars Minis 10 Pack 120G;£2.79;£2.33/100g;Chocolate;Multipack Chocolate;2330kJ 280kJ (3%);6.4;null;null;34.7;null;null;0.20;
254891246;Kinder Chocolate 8 Pack 100G;£1.20;£1.20/100g;Chocolate;Multipack Chocolate;2360/566 296/71 4%;null;null;null;null;null;null;null;
271614896;Cadbury Dairy Milk Freddo 6 Bars 108G;£1.39;£1.29/100g;Chocolate;Multipack Chocolate;2210 kJ 398 kJ 8400 kJ/;7.5;null;null;30.5;null;0.7;0.23;
282553789;Twix Funsize 275G;£2.79;£1.02/100g;Chocolate;Multipack Chocolate;2072kJ 414kJ (5%);4.5;null;null;23.9;null;null;0.44;
255912481;Tesco Cool Coconut Mini Bars 11 Pack 275G;£1.35;£0.49/100g;Chocolate;Multipack Chocolate;485;3.7;null;46.8;27.7;23.2;5.4;0.4;
264319657;Nestle Treat Size Minis 22 Pack 310G;£3.00;£0.97/100g;Chocolate;Multipack Chocolate;2279kJ 365kJ - 8400kJ;1.2;null;null;31.6;null;Nil;0.40;
281762111;Tesco Crazy Caramel Bars 14 Pack 257G;£1.35;£0.53/100g;Chocolate;Multipack Chocolate;468;3.9;null;55.7;19.7;11.4;1.4;0.6;
281762508;Tesco Chocolate Fun Bar 388G;£2.50;£0.64/100g;Chocolate;Multipack Chocolate;495;8.6;null;42.2;26.0;10.4;3.0;0.7;
282553674;Mars Variety Funsize Minis 35 Pack 600G;null;null;Chocolate;Multipack Chocolate;2115kJ 412kJ (5%);8.1;null;null;24.8;null;null;0.41;
288030872;Cadbury 30G Oat Crunch 16Ca;£0.60;£2.00/100g;Chocolate;Single Chocolate Bars & Bags;2210 kJ 630 kJ 8400 kJ/;7.4;null;null;24.5;null;1.6;0.50;
261036306;Cadbury Caramel Bar Single;£0.60;£1.23/100g;Chocolate;Single Chocolate Bars & Bags;null;4.8;null;null;23.1;null;0.4;null;
258412209;Bounty Milk Chocolate Bar 57G;£0.60;£1.06/100g;Chocolate;Single Chocolate Bars & Bags;2040kJ 581kJ (7%);3.8;null;null;26.0;null;null;0.26;
277746822;Cadbury Dairy Milk Marvellous Creations Jelly Candy Bar 47G;£0.60;£1.28/100g;Chocolate;Single Chocolate Bars & Bags;2125 kJ 1000 kJ 8400 kJ/;6.5;null;null;26.5;null;0.7;0.23;
281839762;Cadbury Dairy Milk With Ritz Bar 35G;£0.50;£1.43/100g;Chocolate;Single Chocolate Bars & Bags;2185kJ 764kJ 8400kJ/;7.4;null;null;29.0;null;1.0;0.63;
250996169;Cadbury Fair Trade Dairy Milk Single 45G;£0.60;£1.34/100g;Chocolate;Single Chocolate Bars & Bags;null;7.5;null;null;29.8;null;0.7;null;
252519047;Cadbury Goldencrisp 50G;£0.89;£1.78/100g;Chocolate;Single Chocolate Bars & Bags;null;7.4;null;null;26.5;null;0.6;null;
284318138;Cadbury Marvellous Creations Banana Crunch 47G;£0.60;£1.28/100g;Chocolate;Single Chocolate Bars & Bags;2140 kJ 1005 kJ 8400 kJ/;6.8;null;null;26.5;null;0.8;0.25;
258143654;Cadbury Double Decker Bar 60G;£0.60;£1.00/100g;Chocolate;Single Chocolate Bars & Bags;460 ;4.1;null;null;17;null;1.5;0.20;
272946138;Aero Bubbly Peppermint Chocolate Bar 40G;£0.60;£1.50/100g;Chocolate;Single Chocolate Bars & Bags;2253kJ 924kJ 8400kJ -;5.2;null;null;30.0;null;1.0;0.28;
263218070;Cadbury Wispa Bar 39G;£0.60;£1.54/100g;Chocolate;Single Chocolate Bars & Bags;550 ;7.3;null;null;34.0;null;1.0;0.23;
252519099;Cadbury Picnic 48.4G;£0.60;£1.24/100g;Chocolate;Single Chocolate Bars & Bags;485 ;7.7;null;null;22.5;null;2.3;0.53;
265325803;Cadbury Wispa Gold Bar 52G;£0.60;£1.16/100g;Chocolate;Single Chocolate Bars & Bags;510 ;5.4;null;null;29.5;null;0.6;0.40;
250996181;Cadbury Fruit And Nut 49G;£0.60;£1.23/100g;Chocolate;Single Chocolate Bars & Bags;null;8.5;null;null;27.1;null;1.3;null;
281839816;Cadbury Dairy Milk With Lu Bar 35G;£0.50;£1.43/100g;Chocolate;Single Chocolate Bars & Bags;2150 kJ 752 kJ 8400 kJ/;7.2;null;null;26.5;null;1.2;0.48;
258289619;Cadbury Mint Crisp 49G;£0.89;£1.82/100g;Chocolate;Single Chocolate Bars & Bags;null;7.4;null;null;26.5;null;0.6;null;
254894669;Cadbury Twirl Bar 43G;£0.60;£1.40/100g;Chocolate;Single Chocolate Bars & Bags;535 ;7.6;null;null;31.0;null;0.8;0.25;
254894531;Cadbury Crunchie Bar 40G;£0.60;£1.50/100g;Chocolate;Single Chocolate Bars & Bags;465 ;3.5;null;null;17.5;null;1.3;0.73;
285097460;Cadbury Dairy Milk Oreo 41G;£0.60;£1.47/100g;Chocolate;Single Chocolate Bars & Bags;555 ;6.1;null;null;34;null;0.9;0.48;
278944534;Cadbury Boost Glucose 48.5G;£0.60;£1.24/100g;Chocolate;Single Chocolate Bars & Bags;515 ;5.9;null;null;28.5;null;1.5;0.30;
256921330;Caramac Bar 30G;£0.60;£2.00/100g;Chocolate;Single Chocolate Bars & Bags;2381kJ 726kJ 8400kJ -;5.9;null;null;36.1;null;Nil;0.30;
255727372;Daim Bar 28G;£0.60;£2.15/100g;Chocolate;Single Chocolate Bars & Bags;530 ;2.9;null;null;31;null;1.2;0.83;
285096812;Lindt Hello Salted Caramel Chocolate 39G;£0.80;£2.06/100g;Chocolate;Single Chocolate Bars & Bags;509 ;4.5;null;null;29;null;null;0.11;
254734606;Kinder Bueno Bar 43G;£0.70;£1.63/100g;Chocolate;Single Chocolate Bars & Bags;null;8.6;49.5;null;37.3;null;null;0.27;
281025973;Mars Bar Single Fa Flash 51G;£0.60;£1.18/100g;Chocolate;Single Chocolate Bars & Bags;1890kJ 964kJ (12%);4.3;null;null;16.9;null;null;0.39;
281026563;Mars Bar Single 51G;£0.60;£1.18/100g;Chocolate;Single Chocolate Bars & Bags;1890kJ 964kJ (12%);4.3;null;null;16.9;null;null;0.39;
276153908;Lindt Lindor Chocolate Treat Bar 38G;£0.80;£2.11/100g;Chocolate;Single Chocolate Bars & Bags;null;null;null;null;null;null;null;null;
262835515;Galaxy Milk Chocolate 42G;£0.60;£1.31/100g;Chocolate;Single Chocolate Bars & Bags;2280kJ 958kJ (11%);6.7;null;null;32.4;null;null;0.25;
255601872;Fry's Turkish Delight Chocolate Bar 51G;£0.60;£1.18/100g;Chocolate;Single Chocolate Bars & Bags;1625 kJ 830 kJ 8400 kJ/;1.3;null;null;6.7;null;1.3;0.33;
281025627;Mars Duo Bars 78.8G Fa Flash;£0.80;£1.02/100g;Chocolate;Single Chocolate Bars & Bags;1890kJ 745kJ (9%);4.3;null;null;16.9;null;null;0.39;
259102575;Galaxy Caramel Twin Bar (Pfs);null;null;Chocolate;Single Chocolate Bars & Bags;2022kJ 485kJ (6%);5.0;null;null;23.8;null;null;0.40;
264642884;Milky Way Twin Pack 43.8G;£0.60;£1.37/100g;Chocolate;Single Chocolate Bars & Bags;null;null;null;null;null;null;null;null;
277787364;Maltesers Teasers Bar 35G;£0.60;£1.72/100g;Chocolate;Single Chocolate Bars & Bags;2226kJ 779kJ (9%);7.2;null;null;29.8;null;null;0.32;
262843046;Galaxy Milk Chocolate 75G Kingsize;null;null;Chocolate;Single Chocolate Bars & Bags;2280kJ 570kJ (7%) -;6.7;null;null;32.4;null;null;0.25;
254895138;Kit Kat 4 Finger Milk Chocolate Bar 45G;£0.60;£1.34/100g;Chocolate;Single Chocolate Bars & Bags;2135kJ 971kJ 8400kJ -;5.8;null;null;24.8;null;2.0;0.20;
277941464;Magnum Chocolate Single 33G;£0.60;£1.82/100g;Chocolate;Single Chocolate Bars & Bags;519;5.5;null;null;30.8;null;null;0.30;
287509196;Kit Kat Chunky Milk Chocolate Bar 48G;£0.60;£1.50/100g;Chocolate;Single Chocolate Bars & Bags;2159kJ 868kJ 8400kJ -;5.4;null;null;25.6;null;1.7;0.18;
287509222;Kit Kat Chunky Peanut Butter Chocolate Bar 48G;£0.60;£1.43/100g;Chocolate;Single Chocolate Bars & Bags;2243kJ 944kJ 8400kJ 11%;9.7;null;null;30.9;null;2.1;0.55;
286616583;Lion Bar 50G;£0.60;£1.20/100g;Chocolate;Single Chocolate Bars & Bags;2014kJ 1008kJ 8400kJ -;5.4;null;null;21.8;null;1.5;0.47;
259089025;Galaxy Ripple Bar 33G;£0.60;£1.82/100g;Chocolate;Single Chocolate Bars & Bags;2213kJ 730kJ (9%);7.0;null;null;29.1;null;null;0.26;
258411343;Nestle Rolo Single (P);£0.60;£0.60/each;Chocolate;Single Chocolate Bars & Bags;477;4.4;null;null;20.4;null;1.2;0.30;
258052842;Munchies Tube 52G;£0.60;£1.16/100g;Chocolate;Single Chocolate Bars & Bags;2031kJ 556kJ 8400kJ -;5.4;null;null;22.4;null;1.5;0.30;
280048982;Tesco Finest 74% Cocoa Ecuadorian Dark Chocolate 35G;£0.50;£1.43/100g;Chocolate;Single Chocolate Bars & Bags;585;8.0;null;26.7;43.3;26.3;9.9;0.01;
283420755;Reeses Bar 51G;£0.60;£1.28/100g;Chocolate;Single Chocolate Bars & Bags;530 ;10.8;50.8;null;null;null;null;0.4;
250669684;Smarties Tube 38G;£0.60;£0.60/each;Chocolate;Single Chocolate Bars & Bags;1942 kJ 369 kJ;4.8;null;null;18.4;null;null;null;
284603630;Nutella And Go 48G;£0.84;£1.75/100g;Chocolate;Single Chocolate Bars & Bags;null;null;null;null;null;null;null;null;
280067302;Tesco Finest 43% Cocoa Peruvian Milk Chocolate 35G;£0.50;£1.43/100g;Chocolate;Single Chocolate Bars & Bags;608;7.7;null;36.8;45.5;27.6;2.5;0.2;
281026626;Snickers Duo 83.4G;£0.89;£1.07/100g;Chocolate;Single Chocolate Bars & Bags;2134kJ 890kJ (11%);9.4;null;null;28.0;null;null;0.44;
286633239;Nestle Yorkie Milk Bar 46G;£0.60;£1.31/100g;Chocolate;Single Chocolate Bars & Bags;2258kJ 1038kJ 8400kJ -;5.8;null;null;30.5;null;1.7;0.20;
279512727;Stevia Belgium Milk Chocolate 44G;£0.80;£1.82/100g;Chocolate;Single Chocolate Bars & Bags;null;null;null;null;null;null;null;null;
263759287;Reeses Peanut Butter Cups 3 Pack 51G;£0.60;£1.18/100g;Chocolate;Single Chocolate Bars & Bags;544 ;10.8;51.8;null;31.0;null;null;0.7;
258079160;Twix Twin 50G;£0.60;£1.20/100g;Chocolate;Single Chocolate Bars & Bags;2074kJ 519kJ (6%);4.5;null;null;24.0;null;null;0.44;
280990124;Swizzels Matlow Squashies Drumsticks 50G;£0.45;£0.90/100g;Chocolate;Single Chocolate Bars & Bags;355;3.4;null;null;0.1;null;null;0.1;
265556656;Aero Peppermint Chocolate Bubbles Bag 36G;£0.60;£1.28/100g;Chocolate;Single Chocolate Bars & Bags;2248 kJ 814 kJ 8400 kJ -;4.8;null;null;29.7;null;0.8;0.28;
284409662;Rowntrees Fruit Pastilles Froosions 52.5G;£0.60;£1.15/100g;Chocolate;Single Chocolate Bars & Bags;1490kJ 397kJ 8400 kJ -;4.1;null;null;Trace;null;0.1;0.30;
256070103;Yorkie Raisin And Biscuit Chocolate Bar 53G;£0.60;£1.14/100g;Chocolate;Single Chocolate Bars & Bags;2126kJ 936kJ 8400kJ -;5.3;null;null;25.4;null;1.7;0.23;
272478801;Cadbury Dairy Milk Buttons Bag 40G;£0.60;£1.50/100g;Chocolate;Single Chocolate Bars & Bags;2215kJ 885kJ 8400kJ/;7.6;null;null;30.5;null;0.7;0.23;
254895121;Nestle Toffee Crisp Single;£0.60;£0.60/each;Chocolate;Single Chocolate Bars & Bags;2175 kJ 957 kJ;3.6;null;null;27.7;null;null;null;
259094681;Twix Kingsize Bar 85G;£0.80;£0.94/100g;Chocolate;Single Chocolate Bars & Bags;2074kJ 881kJ (10%);4.5;null;null;24.0;null;null;0.44;
281025126;Snickers Single 48G;£0.60;£1.25/100g;Chocolate;Single Chocolate Bars & Bags;2134kJ 1024kJ (12%);9.4;null;null;28.0;null;null;0.44;
278608795;Cadbury Freddo Faces Chocolate Single 35G;£0.60;£1.72/100g;Chocolate;Single Chocolate Bars & Bags;530 ;7.6;null;null;30.5;null;0.7;0.23;
278257898;Galaxy Counters Standard Bag 35G;£0.60;£1.72/100g;Chocolate;Single Chocolate Bars & Bags;2208kJ 773kJ (9%);7.0;null;null;28.9;null;null;0.26;
251610320;Milky Way Magic Stars;£0.60;£1.82/100g;Chocolate;Single Chocolate Bars & Bags;2330kJ 769kJ (9%);6.4;null;null;34.7;null;null;0.20;
252944332;Maltesers Kingsize 58.5G;£0.80;£1.37/100g;Chocolate;Single Chocolate Bars & Bags;2115kJ 618kJ (7%) -;8.1;null;null;24.8;null;null;0.41;
268580846;Cadbury's Fudge Bar;£0.20;£0.20/each;Chocolate;Single Chocolate Bars & Bags;445 ;2.5;null;null;15;null;0.5;0.38;
254836175;Cadburys Curly Wurly 26G;£0.30;£1.16/100g;Chocolate;Single Chocolate Bars & Bags;455 ;3.3;null;null;18.0;null;0.7;0.68;
254894934;Revels Chocolates Standard Bag;£0.60;£1.72/100g;Chocolate;Single Chocolate Bars & Bags;2027kJ 709kJ (8%);5.2;null;null;21.0;null;null;0.29;
273628104;Reeses Pieces 43G;£0.60;£1.40/100g;Chocolate;Single Chocolate Bars & Bags;null;null;null;null;null;null;null;null;
252932542;M And M Chocolate Single 45G (C);null;null;Chocolate;Single Chocolate Bars & Bags;2035kJ 916kJ (11%);4.8;null;null;20.5;null;null;0.12;
258254246;Maltesers Bag 37G;£0.60;£1.63/100g;Chocolate;Single Chocolate Bars & Bags;2115kJ 783kJ (9%);8.1;null;null;24.8;null;null;0.41;
275341324;Cadbury Chomp 23.5G;£0.20;£0.85/100g;Chocolate;Single Chocolate Bars & Bags;null;3.0;null;null;19.0;null;0.7;null;
273700508;M&M's Peanut Standard Bag;£0.60;£1.34/100g;Chocolate;Single Chocolate Bars & Bags;2139kJ 963kJ (12%);9.8;null;null;25.3;null;null;0.09;
281157802;Hersheys Cookies & Creme Bar 43G;£0.70;£1.63/100g;Chocolate;Single Chocolate Bars & Bags;521 ;8.1;null;null;null;null;null;0.6;
255613040;Galaxy Minstrels Standard Bag;£0.60;£1.43/100g;Chocolate;Single Chocolate Bars & Bags;2116kJ 889kJ (11%);5.3;null;null;22.2;null;null;0.20;
275341411;Cadbury Freddo 18G;£0.20;£1.12/100g;Chocolate;Single Chocolate Bars & Bags;530 ;7.5;null;null;30.5;null;0.7;0.23;
274769575;3 Musketeers Chocolate Bar 54.4G;£1.20;£2.21/100g;Chocolate;Single Chocolate Bars & Bags;504;8.0;null;null;24;null;Less than 0.1;null;
283489702;Hersheys Cookies & Chocolate Bar 43G;£0.70;£1.63/100g;Chocolate;Single Chocolate Bars & Bags;477 ;7.3;46.6;null;null;null;null;0.2;
266724669;Animal Bar Milk Chocolate Pack 19G;£0.25;£0.25/each;Chocolate;Single Chocolate Bars & Bags;525;5.3;null;null;27.8;null;1.1;0.15;
257245057;Milkybar White Chocolate Buttons Bag 30G;£0.60;£0.60/each;Chocolate;Single Chocolate Bars & Bags;2279kJ 329kJ 8400kJ -;7.5;null;null;31.6;null;Nil;0.40;
250788220;Milkybar Medium White Chocolate Bar 25G;£0.49;£1.96/100g;Chocolate;Single Chocolate Bars & Bags;2278kJ 570kJ 8400kJ -;7.5;null;null;31.6;null;Nil;0.40;
273861933;Nestle Baby Ruth Candy Bar 59.5G;£1.00;£1.69/100g;Chocolate;Single Chocolate Bars & Bags;null;6.7;null;null;23.5;null;1.7;null;
283230732;Hersheys Creamy Milk Chocolate Bar 45G;£0.70;£1.56/100g;Chocolate;Single Chocolate Bars & Bags;null;8.7;55.5;null;null;null;null;0.25;
274391122;Hersheys Milk Duds Chocolate And Caramel 52G;£1.10;£2.12/100g;Chocolate;Single Chocolate Bars & Bags;null;1.9;null;null;15.4;null;null;0.6;
271631040;Goplana Grzeski Chocolate Wafer 36G;£0.45;£1.25/100g;Chocolate;Single Chocolate Bars & Bags;529 ;10.3;null;null;29.5;null;null;null;
274769552;Hersheys Payday Peanut Caramel Bar 52G;£1.20;£2.31/100g;Chocolate;Single Chocolate Bars & Bags;null;null;null;null;null;null;null;null;
279477716;M&Ms Peanut Butter Chocolate Candies 46.2G;£1.50;£3.25/100g;Chocolate;Single Chocolate Bars & Bags;null;8.7;null;null;30.3;null;2.2;0.2;
273862074;Nestle Butterfinger Candy Bar 53.8G;£1.20;£2.24/100g;Chocolate;Single Chocolate Bars & Bags;null;7.5;null;null;20.6;null;1.9;null;
267584861;Jutrzenka Jezyki Classic Bar 30G;£0.29;£0.97/100g;Chocolate;Single Chocolate Bars & Bags;null;null;null;null;null;null;null;null;
273881304;Tootsie Roll Bar 63.8G;£0.85;£1.34/100g;Chocolate;Single Chocolate Bars & Bags;null;0;null;16;null;null;null;null;
273924848;Reeses White 2 Peanut Butter Cups 42G;£2.00;£4.77/100g;Chocolate;Single Chocolate Bars & Bags;542;11.7;53.7;null;null;null;null;1.0;
279545544;Snickers Peanut Butter Squared Bar 50.5G;£1.80;£3.57/100g;Chocolate;Single Chocolate Bars & Bags;null;7.9;null;null;25.7;null;2.0;0.3;
284354578;Kelloggs Rice Krispies 510G;£2.79;£0.55/100g;Cereals;Childrens Cereals;383 ;6;null;null;1;null;1;1.13;
255020332;Tesco Rice Snaps Cereal 600G;£1.99;£0.33/100g;Cereals;Childrens Cereals;385;7.4;null;9.7;1.2;0.4;1.5;null;
256033626;Kelloggs Ricicles Cereal 450G;£2.79;£0.62/100g;Cereals;Childrens Cereals;383 ;4.5;null;null;0.8;null;0.8;0.88;
254852685;Tesco Frosted Flakes Cereal 500G;£1.55;£0.31/100g;Cereals;Childrens Cereals;386;5.2;null;34.9;0.8;0.2;2.2;null;
256455294;Tesco Multigrain Hoops Cereal 375G;£1.59;£0.42/100g;Cereals;Childrens Cereals;384;9.0;null;19.3;4.5;0.7;6.5;null;
258221504;Nestle Shreddies Cereal 500G;£2.49;£0.50/100g;Cereals;Childrens Cereals;1565 kJ 880 kJ - - -;10.4;null;null;2.1;null;10.3;0.75;
261370566;Nestle Cheerios Cereal 375G;£2.49;£0.66/100g;Cereals;Childrens Cereals;1599 kJ 733 kJ - - -;8.6;null;null;3.6;null;7.4;1.00;
256587304;Nestle Curiously Cinnamon Cereal 375G;£2.49;£0.66/100g;Cereals;Childrens Cereals;1765 kJ 783 kJ - - -;5.4;null;null;10.1;null;5.2;1.11;
254853183;Kelloggs Start Cereal 375G;£2.79;£0.74/100g;Cereals;Childrens Cereals;390 ;8;null;null;3.5;null;5;1;
252427392;Tesco Frosted Flakes Cereal 750G;£2.09;£0.28/100g;Cereals;Childrens Cereals;386;5.2;null;34.9;0.8;0.2;2.2;null;
253108152;Tesco Everyday Rice Snaps Cereal 440G;£0.77;£0.18/100g;Cereals;Childrens Cereals;391;7.0;null;10.0;1.0;0.2;1.0;0.1;
250106683;Nestle Cheerios Cereal 600G;£1.59;£0.27/100g;Cereals;Childrens Cereals;1599 kJ 733 kJ - - -;8.6;null;null;3.6;null;7.4;1.00;
277662074;Kelloggs Coco Pops Cocorocks 350G;£2.39;£0.68/100g;Cereals;Childrens Cereals;410 ;7;null;null;8;null;5;0.75;
256240133;Kelloggs Frosties Cereal 750G;£2.69;£0.36/100g;Cereals;Childrens Cereals;375 ;4.5;null;null;0.6;null;2;0.88;
256166198;Honey Monster Puffs Cereal 625G;£2.00;£0.32/100g;Cereals;Childrens Cereals;1607kJ 482kJ - 8400kJ;6.6;null;null;1.2;null;5.0;0.01;
271147861;Nestle Lion Cereal 400G;£2.49;£0.62/100g;Cereals;Childrens Cereals;1737 kJ 775 kJ - - -;7.3;null;null;7.6;null;5.0;0.50;
287318554;Nestle Oat Cheerios Low Sugar 325G;£2.49;£0.77/100g;Cereals;Childrens Cereals;1684 kJ 759 kJ - 505 kJ 6%;11.1;null;null;7.6;null;8.5;0.75;
268146388;Kelloggs Rice Krispies 340G;£2.09;£0.62/100g;Cereals;Childrens Cereals;383 ;6;null;null;1;null;1;1.13;
268586771;Neslte Curiously Cinnamon Cereal 565G;£3.49;£0.62/100g;Cereals;Childrens Cereals;1765kJ 783kJ - - -;5.4;null;null;10.1;null;5.2;1.11;
274117610;Kelloggs Froot Loops Cereal 350G;£2.79;£0.80/100g;Cereals;Childrens Cereals;391 ;8;null;null;3.5;null;3.5;1.13;
254811884;Tesco Multigrain Boulders Cereal 375G;£1.59;£0.42/100g;Cereals;Childrens Cereals;386;7.6;null;26.7;1.7;0.4;3.9;null;
274118603;Nestle Chocolate Cheerios Cereal 330G;£2.49;£0.76/100g;Cereals;Childrens Cereals;1625 kJ 741 kJ - - -;8.5;null;null;4.9;null;6.9;1.01;
271445767;Kelloggs Mini Max Original Cereal 560G;£2.69;£0.48/100g;Cereals;Childrens Cereals;370 ;11;null;null;2;null;8;0.03;
276668841;Kelloggs Coco Pops Copter/Mini Croc 350G;£2.39;£0.68/100g;Cereals;Childrens Cereals;377 ;9;null;null;2.5;null;7;0.45;
255012929;Kelloggs Variety Pack Cereal 8Pk;£2.00;£0.25/each;Cereals;Childrens Cereals;389 ;5.5;null;null;2.5;null;2;0.75;
266387946;Nestle Shreddies Cereal 1Kg;£3.89;£0.39/100g;Cereals;Childrens Cereals;1565 kJ 880 kJ - - -;10.4;null;null;2.1;null;10.3;0.75;
250181131;Tesco Malt Wheats Cereal 750G;£1.89;£0.25/100g;Cereals;Childrens Cereals;366;10.3;null;15.7;1.9;0.3;8.2;null;
276668697;Kelloggs Honey Loops Cereal 335G;£2.69;£0.80/100g;Cereals;Childrens Cereals;379 ;7;null;null;3;null;8;0.35;
276668576;Kelloggs Honey Pops Cereal 335G;£2.69;£0.80/100g;Cereals;Childrens Cereals;379;7;null;null;3;null;8;0.35;
288204042;Kelloggs Coco Pops 550G;£2.69;£0.49/100g;Cereals;Childrens Cereals;389 ;5.5;null;null;2.5;null;2;0.75;
274971876;Tesco Everyday Malt Wheats Cereal 750G;£1.49;£0.20/100g;Cereals;Childrens Cereals;375;10.3;null;15.0;2.0;0.3;8.2;null;
264696514;Nestle Cookie Crisp Cereal 565G;£2.68;£0.47/100g;Cereals;Childrens Cereals;1621 kJ 740 kJ - - -;6.9;null;null;3.2;null;5.2;0.84;
284851370;Tesco Choco Hoops 325G;£1.20;£0.37/100g;Cereals;Childrens Cereals;382;7.5;null;24.0;4.0;2.4;8.0;null;
251990122;Nestle Pic A Pac Variety Pack Cereal 8Pk;£1.79;£0.22/each;Cereals;Childrens Cereals;783kJ 1765kJ - - -;5.9;null;null;5.1;null;1.6;0.48;
256528531;Nestle Golden Grahams Cereal 375G;£2.49;£0.66/100g;Cereals;Childrens Cereals;1626 kJ 742 kJ - - -;6.8;null;null;3.1;null;4.3;1.07;
268132116;Kelloggs Coco Pops Cereal 800G;£3.75;£0.47/100g;Cereals;Childrens Cereals;389 ;5.5;null;null;2.5;null;2;0.75;
268137134;Kelloggs Coco Pops 295G;£2.09;£0.71/100g;Cereals;Childrens Cereals;389 ;5.5;null;null;2.5;null;2;0.75;
268586742;Nestle Coco Shreddies Cereal 750G;£3.39;£0.45/100g;Cereals;Childrens Cereals;1580 kJ 886 kJ - - -;8.8;null;null;2.2;null;9.0;0.62;
258221660;Nestle Shreddies Cereal 750G;£3.39;£0.45/100g;Cereals;Childrens Cereals;1565 kJ 880 kJ - - -;10.4;null;null;2.1;null;10.3;0.75;
284851410;Tesco Cinnamon Squares 325G;£1.30;£0.40/100g;Cereals;Childrens Cereals;406;7.0;null;26.0;8.0;4.0;7.0;null;
262386867;Honey Monster Puffs Cereal 320G;£2.29;£0.72/100g;Cereals;Childrens Cereals;1607kJ 482kJ - 8400kJ;6.6;null;null;1.2;null;5;0.01;
256240202;Kelloggs Frosties Cereal 500G;£2.29;£0.46/100g;Cereals;Childrens Cereals;375 ;4.5;null;null;0.6;null;2;0.88;
251785285;Tesco Choco Snaps Cereal 600G;£2.25;£0.38/100g;Cereals;Childrens Cereals;389;6.1;null;32.7;2.8;1.5;2.3;null;
257286175;Rice Krispies Multigrain Cereal 350G;£2.69;£0.77/100g;Cereals;Childrens Cereals;379 ;8;null;null;2.5;null;8;0.38;
274001954;Kelloggs Rice Krispies 700G;£1.84;£0.26/100g;Cereals;Childrens Cereals;383 ;6;null;null;1;null;1;1.13;
274971980;Tesco Everyday Multigrain Hoop Cereal 375G;£1.29;£0.34/100g;Cereals;Childrens Cereals;384;9.0;null;19.3;4.5;0.7;6.5;null;
273824949;General Mills Lucky Charms Cereal 453G;£5.00;£1.11/100g;Cereals;Childrens Cereals;1585kj -;7.4;null;null;3.7;null;3.7;null;
273824074;General Mills Lucky Charms Cereal Cup 49G;£1.50;£3.07/100g;Cereals;Childrens Cereals;null;8.2;null;null;4.1;null;4.1;null;
251938439;Weetabix Weetos Cereal 500G;£2.69;£0.54/100g;Cereals;Childrens Cereals;1649kJ/ 495kJ/ -;8.4;75;null;4.9;null;6.2;0.09;
285512350;Ready Brek Original Flavour 450G;£1.00;£0.22/100g;Cereals;Childrens Cereals;1575kJ/ 473kJ/ -;12;58;null;8.7;null;7.9;0.03;
254853914;Ready Brek Original Porridge 750G;£2.99;£0.40/100g;Cereals;Childrens Cereals;1575kJ/ 473kJ/ -;12;58;null;8.7;null;7.9;0.03;
285512367;Weetabix Ready Brek Chocolate 450G;£1.00;£0.22/100g;Cereals;Childrens Cereals;1610kJ/ 483kJ/ -;10;64;null;8.0;null;7.0;0.03;
284354578;Kelloggs Rice Krispies 510G;£2.79;£0.55/100g;Cereals;Family Favourite Cereals;383 ;6;null;null;1;null;1;1.13;
254852685;Tesco Frosted Flakes Cereal 500G;£1.55;£0.31/100g;Cereals;Family Favourite Cereals;386;5.2;null;34.9;0.8;0.2;2.2;null;
268146388;Kelloggs Rice Krispies 340G;£2.09;£0.62/100g;Cereals;Family Favourite Cereals;383 ;6;null;null;1;null;1;1.13;
273299936;Kelloggs Honey And Nut Clusters 450G;£2.79;£0.62/100g;Cereals;Family Favourite Cereals;447 ;8;null;null;15;null;4;0.95;
258221504;Nestle Shreddies Cereal 500G;£2.49;£0.50/100g;Cereals;Family Favourite Cereals;1565 kJ 880 kJ - - -;10.4;null;null;2.1;null;10.3;0.75;
274147464;Kelloggs Crunchy Nut Bites 360G;£2.79;£0.78/100g;Cereals;Family Favourite Cereals;450 ;6;null;null;15;null;3.5;1.13;
286545240;Kelloggs Crunchy Nut Cornflakes 1Kg;£3.99;£0.40/100g;Cereals;Family Favourite Cereals;402 ;6;null;null;5;null;2.5;0.88;
252427392;Tesco Frosted Flakes Cereal 750G;£2.09;£0.28/100g;Cereals;Family Favourite Cereals;386;5.2;null;34.9;0.8;0.2;2.2;null;
271147861;Nestle Lion Cereal 400G;£2.49;£0.62/100g;Cereals;Family Favourite Cereals;1737 kJ 775 kJ - - -;7.3;null;null;7.6;null;5.0;0.50;
253108152;Tesco Everyday Rice Snaps Cereal 440G;£0.77;£0.18/100g;Cereals;Family Favourite Cereals;391;7.0;null;10.0;1.0;0.2;1.0;0.1;
250106683;Nestle Cheerios Cereal 600G;£1.59;£0.27/100g;Cereals;Family Favourite Cereals;1599 kJ 733 kJ - - -;8.6;null;null;3.6;null;7.4;1.00;
282723099;Kelloggs Crunchy Nut Oat Granola Fruit And Nut 380G;£2.99;£0.79/100g;Cereals;Family Favourite Cereals;477 ;6.8;null;null;21;null;4.6;0.6;
256033626;Kelloggs Ricicles Cereal 450G;£2.79;£0.62/100g;Cereals;Family Favourite Cereals;383 ;4.5;null;null;0.8;null;0.8;0.88;
255020332;Tesco Rice Snaps Cereal 600G;£1.99;£0.33/100g;Cereals;Family Favourite Cereals;385;7.4;null;9.7;1.2;0.4;1.5;null;
256166198;Honey Monster Puffs Cereal 625G;£2.00;£0.32/100g;Cereals;Family Favourite Cereals;1607kJ 482kJ - 8400kJ;6.6;null;null;1.2;null;5.0;0.01;
256455294;Tesco Multigrain Hoops Cereal 375G;£1.59;£0.42/100g;Cereals;Family Favourite Cereals;384;9.0;null;19.3;4.5;0.7;6.5;null;
256240133;Kelloggs Frosties Cereal 750G;£2.69;£0.36/100g;Cereals;Family Favourite Cereals;375 ;4.5;null;null;0.6;null;2;0.88;
254853183;Kelloggs Start Cereal 375G;£2.79;£0.74/100g;Cereals;Family Favourite Cereals;390 ;8;null;null;3.5;null;5;1;
261370566;Nestle Cheerios Cereal 375G;£2.49;£0.66/100g;Cereals;Family Favourite Cereals;1599 kJ 733 kJ - - -;8.6;null;null;3.6;null;7.4;1.00;
287318554;Nestle Oat Cheerios Low Sugar 325G;£2.49;£0.77/100g;Cereals;Family Favourite Cereals;1684 kJ 759 kJ - 505 kJ 6%;11.1;null;null;7.6;null;8.5;0.75;
261691743;Nestle Oats And More Almond Cereal 425G;£2.49;£0.59/100g;Cereals;Family Favourite Cereals;1717 kJ 941 kJ - - -;10.5;null;null;8.8;null;6.7;0.64;
254852380;Kelloggs Cornflakes Cereal 500G;£1.75;£0.35/100g;Cereals;Family Favourite Cereals;378 ;7;null;null;0.9;null;3;1.25;
275907768;Tesco Honey Nut Clusters 500G;£1.99;£0.40/100g;Cereals;Family Favourite Cereals;441;9.2;null;22.0;14.4;1.8;6.0;0.5;
273320802;Kelloggs Nut Clusters Chocolate Curls 450G;£2.79;£0.62/100g;Cereals;Family Favourite Cereals;460 ;8;null;null;17;null;3.5;0.83;
254852345;Tesco Honey Nut Cereal 500G;£1.70;£0.34/100g;Cereals;Family Favourite Cereals;403;7.3;null;33.3;4.5;1.0;2.6;null;
254811884;Tesco Multigrain Boulders Cereal 375G;£1.59;£0.42/100g;Cereals;Family Favourite Cereals;386;7.6;null;26.7;1.7;0.4;3.9;null;
276973485;Nestle Honey Cheerios Cereal 375G;£2.49;£0.66/100g;Cereals;Family Favourite Cereals;1594 kJ 733 kJ - - -;8.1;null;null;3.2;null;7.0;1.06;
254852397;Kelloggs Cornflakes 750G;£1.98;£0.26/100g;Cereals;Family Favourite Cereals;378;7;null;null;0.9;null;3;1.25;
276254858;Tesco Everyday Honey Nut Cereal Cornflakes 500G;£1.35;£0.27/100g;Cereals;Family Favourite Cereals;401;7.0;null;34.1;4.0;0.9;2.6;null;
256528531;Nestle Golden Grahams Cereal 375G;£2.49;£0.66/100g;Cereals;Family Favourite Cereals;1626 kJ 742 kJ - - -;6.8;null;null;3.1;null;4.3;1.07;
286544903;Kelloggs Crunchy Nut Cornflakes 500G;£2.69;£0.54/100g;Cereals;Family Favourite Cereals;402 ;6;null;null;5;null;2.5;0.88;
276973813;Nestle Honey Cheerios Cereal 565G;£3.19;£0.57/100g;Cereals;Family Favourite Cereals;1594 kJ 733 kJ - - -;8.1;null;null;3.2;null;7.0;1.06;
275288439;Nature Valley Sweet And Nutty Peanut 150 G;£2.00;£1.34/100g;Cereals;Family Favourite Cereals;2085kJ 625kJ 7%;13.0;null;null;27.0;null;4.4;0.7;
266749657;Kelloggs Crunchy Nut Cornflakes 750G;£3.14;£0.42/100g;Cereals;Family Favourite Cereals;402 ;6;null;null;5;null;2.5;0.88;
276973652;Nestle Golden Nuggets Cereal 375G;£2.49;£0.66/100g;Cereals;Family Favourite Cereals;1607 kJ 736 kJ - - -;7.6;null;null;1.5;null;4.6;0.73;
276668697;Kelloggs Honey Loops Cereal 335G;£2.69;£0.80/100g;Cereals;Family Favourite Cereals;379 ;7;null;null;3;null;8;0.35;
275907854;Tesco Honey Nut Chocolate Clusters 500G;£1.99;£0.40/100g;Cereals;Family Favourite Cereals;454;8.8;null;26.1;16.7;4.3;5.8;0.5;
272317514;Weetabix Golden Syrup Cereal 24 Pack;£2.69;£0.11/each;Cereals;Family Favourite Cereals;668kJ/ 1535kJ/;4.5;null;null;0.8;null;3.6;null;
276973865;Nestle Honey Shreddies Cereal 500G;£2.49;£0.50/100g;Cereals;Family Favourite Cereals;1576 kJ 885 kJ - - -;8.8;null;null;1.8;null;8.8;0.64;
276668576;Kelloggs Honey Pops Cereal 335G;£2.69;£0.80/100g;Cereals;Family Favourite Cereals;379;7;null;null;3;null;8;0.35;
262972749;Nestle Shredded Wheat Cereal 30'S;£2.18;£0.07/each;Cereals;Family Favourite Cereals;1536 kJ 945 kJ - - -;11.6;null;null;2.2;null;11.6;0.05;
253018258;Weetabix Organic Whole Grain Cereal 24 Pack;£2.99;£0.13/each;Cereals;Family Favourite Cereals;1531kJ/ 574kJ/;12;69;null;2.0;null;10;0.65;
257050667;Nestle Shredded Wheat Honey Nut Cereal 500G;£2.00;£0.40/100g;Cereals;Family Favourite Cereals;1625 kJ 904 kJ - - -;11.3;null;null;5.0;null;10.0;0.05;
258221660;Nestle Shreddies Cereal 750G;£3.39;£0.45/100g;Cereals;Family Favourite Cereals;1565 kJ 880 kJ - - -;10.4;null;null;2.1;null;10.3;0.75;
258289873;Tesco Everyday Cornflakes Cereal 500G;£0.31;£0.06/100g;Cereals;Family Favourite Cereals;373;7.5;null;4.0;1.0;0.2;3.1;0.8;
273700658;Tesco Everyday Wheat Biscuits Cereal 24 Pack;£0.75;£0.03/each;Cereals;Family Favourite Cereals;352;11.4;null;4.6;1.6;0.3;11.1;0.7;
271445767;Kelloggs Mini Max Original Cereal 560G;£2.69;£0.48/100g;Cereals;Family Favourite Cereals;370 ;11;null;null;2;null;8;0.03;
268586742;Nestle Coco Shreddies Cereal 750G;£3.39;£0.45/100g;Cereals;Family Favourite Cereals;1580 kJ 886 kJ - - -;8.8;null;null;2.2;null;9.0;0.62;
262972824;Nestle Shredded Wheat Cereal 360G (16S);£1.65;£0.10/each;Cereals;Family Favourite Cereals;1536 kJ 945 kJ - - -;11.6;null;null;2.2;null;11.6;0.05;
254843379;Tesco Cornflakes 750G;£1.90;£0.25/100g;Cereals;Family Favourite Cereals;384;7.5;null;8.1;1.1;0.3;3.1;null;
254842766;Tesco Cornflakes Cereal 500G;£1.50;£0.30/100g;Cereals;Family Favourite Cereals;384;7.5;null;8.1;1.1;0.3;3.1;null;
252427524;Tesco Honey Nut Cereal Cornflakes 750G;£2.15;£0.29/100g;Cereals;Family Favourite Cereals;403;7.3;null;33.3;4.5;1.0;2.6;null;
255561866;Kelloggs Frosted Wheats Cereal 500G;£2.69;£0.54/100g;Cereals;Family Favourite Cereals;364 ;10;null;null;2;null;9;0.03;
259901096;Weetabix 72Pk;£5.69;£0.08/each;Cereals;Family Favourite Cereals;1531kJ 574kJ -;12;69;null;2.0;null;10;0.28;
266387946;Nestle Shreddies Cereal 1Kg;£3.89;£0.39/100g;Cereals;Family Favourite Cereals;1565 kJ 880 kJ - - -;10.4;null;null;2.1;null;10.3;0.75;
259039402;Nestle Shredded Wheat Cereal 750G;£3.19;£0.43/100g;Cereals;Family Favourite Cereals;1562 kJ 879 kJ - - -;11.8;null;null;2.2;null;11.8;0.05;
276973928;Kelloggs Raisin Wheats Cereal 500G;£2.69;£0.54/100g;Cereals;Family Favourite Cereals;345 ;9;null;null;2;null;9;0.08;
254852938;Tesco Wheat Biscuits Cereal 24 Pack;£1.79;£0.08/each;Cereals;Family Favourite Cereals;358;11.5;null;4.4;2.0;0.6;10.0;null;
254853004;Weetabix 48Pk;£4.18;£0.09/each;Cereals;Family Favourite Cereals;1531kJ/ 574kJ/ -;12;null;null;2.0;null;10;0.28;
254852973;Weetabix Cereal 12 Pack;£1.49;£0.12/each;Cereals;Family Favourite Cereals;1531kJ/ 574kJ/ -;12;69;null;2.0;null;10;0.28;
250181131;Tesco Malt Wheats Cereal 750G;£1.89;£0.25/100g;Cereals;Family Favourite Cereals;366;10.3;null;15.7;1.9;0.3;8.2;null;
266077887;Kelloggs Krave Cereal 375G;£2.79;£0.74/100g;Cereals;Family Favourite Cereals;452 ;7.2;null;null;16;null;3.4;1.13;
274118603;Nestle Chocolate Cheerios Cereal 330G;£2.49;£0.76/100g;Cereals;Family Favourite Cereals;1625 kJ 741 kJ - - -;8.5;null;null;4.9;null;6.9;1.01;
276973767;Nestle Coco Shreddies Cereal 500G;£2.49;£0.50/100g;Cereals;Family Favourite Cereals;1580 kJ 886 kJ - - -;8.8;null;null;2.2;null;9.0;0.62;
282337913;Nestle Caramel Shreddies Cereal 500G;£2.49;£0.50/100g;Cereals;Family Favourite Cereals;1581 kJ 886 kJ - - -;8.5;null;null;2;null;9.1;0.62;
285391687;Weetabix Minis Chocolate Crisp 600G;£2.50;£0.42/100g;Cereals;Family Favourite Cereals;1649kJ/ 660kJ/ -;9.8;71;null;5.4;null;9.4;0.18;
276668841;Kelloggs Coco Pops Copter/Mini Croc 350G;£2.39;£0.68/100g;Cereals;Family Favourite Cereals;377 ;9;null;null;2.5;null;7;0.45;
268132116;Kelloggs Coco Pops Cereal 800G;£3.75;£0.47/100g;Cereals;Family Favourite Cereals;389 ;5.5;null;null;2.5;null;2;0.75;
285130945;Bear Alphabites Cocoa 375G;£2.69;£0.72/100g;Cereals;Family Favourite Cereals;722 kj 1570 kj;7.1;29;null;2.8;null;2;trace;
288204042;Kelloggs Coco Pops 550G;£2.69;£0.49/100g;Cereals;Family Favourite Cereals;389 ;5.5;null;null;2.5;null;2;0.75;
285391704;Weetabix Minis Fruit And Nut Crisp 600G;£2.50;£0.42/100g;Cereals;Family Favourite Cereals;1576kJ/ 630kJ/ -;9.6;70;null;4.1;null;8.9;0.18;
271081494;Kelloggs Krave Milk Chocolate Cereal 650G;£3.00;£0.46/100g;Cereals;Family Favourite Cereals;445 ;7.1;null;null;15;null;3;1;
268137134;Kelloggs Coco Pops 295G;£2.09;£0.71/100g;Cereals;Family Favourite Cereals;389 ;5.5;null;null;2.5;null;2;0.75;
285130784;Bear Alphabites Multigrain 375G;£2.69;£0.72/100g;Cereals;Family Favourite Cereals;719 kj 1562 kj;7.1;29;null;2.7;null;2;Trace;
271081655;Kelloggs Krave Chocolate Hazelnut Cereal 650G;£3.00;£0.46/100g;Cereals;Family Favourite Cereals;452 ;7.2;null;null;16;null;3.4;1.13;
274971876;Tesco Everyday Malt Wheats Cereal 750G;£1.49;£0.20/100g;Cereals;Family Favourite Cereals;375;10.3;null;15.0;2.0;0.3;8.2;null;
268058659;Kelloggs Krave Chocolate Cereal 375G;£2.79;£0.74/100g;Cereals;Family Favourite Cereals;445 ;7.1;null;null;15;null;3;1;
287349217;Kelloggs Krave Choco Roulette 375G;£2.79;£0.74/100g;Cereals;Family Favourite Cereals;443 ;7.4;null;null;15;null;3.4;1.2;
276667715;Kelloggs Special K Chocolate Cereal 300G;£2.69;£0.90/100g;Cereals;Family Favourite Cereals;398 ;8;null;null;6;null;4;0.85;
276973698;Nestle Cookie Crisp Cereal 375G;£1.78;£0.48/100g;Cereals;Family Favourite Cereals;1621kJ 740kJ - - -;6.9;null;null;3.2;null;5.2;0.84;
253108123;Tesco Everyday Coco Snaps Cereal 375G;£0.83;£0.22/100g;Cereals;Family Favourite Cereals;388;7.7;null;28.5;1.2;0.8;3.0;0.4;
282337896;Nestle Toffee Crisp Cereal 330G;£2.00;£0.61/100g;Cereals;Family Favourite Cereals;1778 kJ 787 kJ - - -;6.5;null;null;10.0;null;4.0;0.29;
251938439;Weetabix Weetos Cereal 500G;£2.69;£0.54/100g;Cereals;Family Favourite Cereals;1649kJ/ 495kJ/ -;8.4;75;null;4.9;null;6.2;0.09;
276973594;Nestle Nesquik Cereal 375G;£2.00;£0.53/100g;Cereals;Family Favourite Cereals;1610 kJ 737 kJ - - -;7.8;null;null;4.0;null;9.5;0.58;
262386867;Honey Monster Puffs Cereal 320G;£2.29;£0.72/100g;Cereals;Family Favourite Cereals;1607kJ 482kJ - 8400kJ;6.6;null;null;1.2;null;5;0.01;
282391346;Weetabix Biscuits Banana Cereal 24 Pack;£2.69;£0.11/each;Cereals;Family Favourite Cereals;1512kJ/ 665kJ/ -;10;70;null;2.0;null;9.7;0.23;
274001954;Kelloggs Rice Krispies 700G;£1.84;£0.26/100g;Cereals;Family Favourite Cereals;383 ;6;null;null;1;null;1;1.13;
278655732;Kelloggs Crunchy Nut Chocolate Cereal 340G;£2.79;£0.82/100g;Cereals;Family Favourite Cereals;432 ;6;null;null;12;null;4;0.7;
275905269;Tesco Pillows Original 375G;£1.49;£0.40/100g;Cereals;Family Favourite Cereals;440;8.6;null;26.5;11.7;5.3;4.2;0.6;
267210383;Weetabix Chocolate Cereal 540G (24Pk);£2.69;£0.11/each;Cereals;Family Favourite Cereals;1554kJ/ 699kJ/ -;10;null;null;4.0;null;10;0.20;
277032699;Kelloggs Cornflakes 250G;£0.95;£0.38/100g;Cereals;Family Favourite Cereals;378 ;7;null;null;0.9;null;3;1.25;
285047399;T Crunchy Cookie Cereal 325G;£1.75;£0.54/100g;Cereals;Family Favourite Cereals;379;8.8;null;23.6;4.0;0.7;8.7;0.5;
275905217;Tesco Pillows Chocolate Nut Cereal 375G;£1.49;£0.40/100g;Cereals;Family Favourite Cereals;444;6.3;null;29.0;12.5;3.1;7.1;null;
285592075;Weetabix Minis Banana Cereal 600G;£2.50;£0.42/100g;Cereals;Family Favourite Cereals;1641kJ/ 656kJ/ -;9.3;72;null;4.9;null;9.7;0.18;
284883971;Tesco Choco Snaps Pack 350G;£1.70;£0.49/100g;Cereals;Family Favourite Cereals;389;6.1;null;32.7;2.8;1.5;2.3;null;
276974075;Nestle Frosted Shreddies Cereal 500G;£1.24;£0.25/100g;Cereals;Family Favourite Cereals;1578 kJ 885 kJ - - -;8.7;null;null;1.7;null;8.6;0.63;
251785285;Tesco Choco Snaps Cereal 600G;£2.25;£0.38/100g;Cereals;Family Favourite Cereals;389;6.1;null;32.7;2.8;1.5;2.3;null;
256240202;Kelloggs Frosties Cereal 500G;£2.29;£0.46/100g;Cereals;Family Favourite Cereals;375 ;4.5;null;null;0.6;null;2;0.88;
264696514;Nestle Cookie Crisp Cereal 565G;£2.68;£0.47/100g;Cereals;Family Favourite Cereals;1621 kJ 740 kJ - - -;6.9;null;null;3.2;null;5.2;0.84;
284851370;Tesco Choco Hoops 325G;£1.20;£0.37/100g;Cereals;Family Favourite Cereals;382;7.5;null;24.0;4.0;2.4;8.0;null;
257286175;Rice Krispies Multigrain Cereal 350G;£2.69;£0.77/100g;Cereals;Family Favourite Cereals;379 ;8;null;null;2.5;null;8;0.38;
262793143;Tesco Blueberry Wheats Cereal 500G;£1.99;£0.40/100g;Cereals;Family Favourite Cereals;336;7.5;null;18.4;1.5;0.3;8.5;0.2;
277908516;Nestlé Limited Edition Superfruity Shredded Wheat 470g;£2.69;£0.57/100g;Cereals;Family Favourite Cereals;1473 kJ 917 kJ - - -;7.6;null;null;1.5;null;8.1;0.17;
282371071;Kellogg's All Bran Choco Wheats 450G;£2.89;£0.64/100g;Cereals;Family Favourite Cereals;397 ;10;null;null;9;null;10;0.05;
285364305;Tesco Rice Snaps Cereal 375G;£1.40;£0.37/100g;Cereals;Family Favourite Cereals;385;7.4;null;9.7;1.2;0.4;1.5;null;
254853131;Kelloggs Fruit 'N' Fibre Cereal 750G;£2.99;£0.40/100g;Cereals;Family Favourite Cereals;380 ;8;null;null;6;null;9;1;
285451997;Nestle Free From Gluten Honey Cornflk Cerl500g;£2.20;£0.44/100g;Cereals;Family Favourite Cereals;1631 kJ 743 kJ - - -;5.6;null;null;0.8;null;2.3;0.96;
254853125;Kelloggs Fruit & Fibre Cereal 500G;£2.69;£0.54/100g;Cereals;Family Favourite Cereals;380 ;8;null;null;6;null;9;1;
274436330;Tesco Everyday Fruit And Fibre Cereal 750G;£1.49;£0.20/100g;Cereals;Family Favourite Cereals;383;8.5;null;24.0;5.8;3.5;8.5;null;
261986222;Weetabix Oatiflakes Cereal 550G;£2.69;£0.49/100g;Cereals;Family Favourite Cereals;484kJ/ 1613kJ/;2.9;null;null;1.7;null;1.9;null;
262146226;Weetabix Cereal 24 Pack;£2.39;£0.10/each;Cereals;Family Favourite Cereals;1531kJ/ 574kJ/ -;12;69;null;2.0;null;10;0.28;
254853085;Tesco Fruit And Fibre Cereal 500G;£1.59;£0.32/100g;Cereals;Family Favourite Cereals;387;8.2;null;25.9;6.6;3.9;8.5;null;
253746012;Kelloggs Just Right Cereal 500G;£3.14;£0.63/100g;Cereals;Family Favourite Cereals;371 ;7;null;null;2;null;4.5;0.98;
260360745;Weetabix Oatibix Cereal 24 Pack;£2.69;£0.11/each;Cereals;Family Favourite Cereals;1663kJ/ 798kJ/;13;64;null;8.0;null;7.3;0.28;
254852950;Tesco Wheat Biscuits Cereal 48Pk;£3.39;£0.07/each;Cereals;Family Favourite Cereals;358;11.5;null;4.4;2.0;0.6;10.0;null;
266387848;Nestle Cheerios Cereal 800G;£3.89;£0.49/100g;Cereals;Family Favourite Cereals;1599 kJ 733 kJ - - -;8.6;null;null;3.6;null;7.4;1.00;
274971980;Tesco Everyday Multigrain Hoop Cereal 375G;£1.29;£0.34/100g;Cereals;Family Favourite Cereals;384;9.0;null;19.3;4.5;0.7;6.5;null;
285451830;Nestle Free From Gluten Cornflaks Cereal 500G;£1.99;£0.40/100g;Cereals;Family Favourite Cereals;1628kJ 742kJ - - -;7.4;null;null;1.1;null;3.1;1.00;
273645032;Shredded Wheat Raspberry Strawberry And Cranberry 470G;£2.69;£0.57/100g;Cereals;Family Favourite Cereals;1466 kJ 914 kJ - - -;7.6;null;null;1.5;null;8.2;0.23;
280009194;Tesco Malt Wheats Raspberry 500G;£1.99;£0.40/100g;Cereals;Family Favourite Cereals;367;7.5;null;25.3;1.4;0.3;9.7;null;
280047608;Tesco Raspberry Wheats Cereal 500G;£1.99;£0.40/100g;Cereals;Family Favourite Cereals;335;7.6;null;16.1;1.4;0.3;8.1;0.2;
284848000;Tesco Raisin Wheats Cereal 500G;£1.99;£0.40/100g;Cereals;Family Favourite Cereals;340;8.2;null;18.0;1.5;0.3;8.5;0.3;
265732396;Good Grain Company Puffed Wheat 160G;£1.35;£0.84/100g;Cereals;Family Favourite Cereals;1620kJ 243kJ - 8400kJ;13.0;null;null;2.0;null;8.0;0.02;
271147757;Tesco Finest Fruit And Fibre 550G;£2.99;£0.54/100g;Cereals;Family Favourite Cereals;382;8.6;null;25.5;6.6;2.9;9.0;null;
282819954;Malt-O-Meal Marshmallow Mateys Cereal 320G;£3.00;£0.94/100g;Cereals;Family Favourite Cereals;null;6.7G;null;null;3.3G;null;3.3G;0.7G;
257453254;Shredded Wheat Bitesize Cereal 500G;£2.00;£0.40/100g;Cereals;Family Favourite Cereals;1562 kJ 879 kJ - - -;11.8;null;null;2.2;null;11.8;0.05;
276254893;Tesco Red Cherry Wheat Cereal 500G;£1.99;£0.40/100g;Cereals;Family Favourite Cereals;337;7.6;null;19.0;1.5;0.3;8.0;0.2;
280005618;Tesco Multigrain Flake Fruit 500G;£1.99;£0.40/100g;Cereals;Family Favourite Cereals;367;7.2;null;19.4;2.2;0.3;4.7;0.7;
276667444;Kelloggs All Bran Crunch Cereal 340G;£2.89;£0.85/100g;Cereals;Family Favourite Cereals;405 ;8;null;null;11;null;13;0.8;
254525629;Tesco Apricot Wheats Cereal 500G;£1.99;£0.40/100g;Cereals;Family Favourite Cereals;337;7.6;null;17.8;1.4;0.3;8.0;0.2;
280047482;Tesco Golden Syrup Wheat Cereal 500G;£1.99;£0.40/100g;Cereals;Family Favourite Cereals;336;7.6;null;21.0;1.4;0.3;7.8;0.3;
273824949;General Mills Lucky Charms Cereal 453G;£5.00;£1.11/100g;Cereals;Family Favourite Cereals;1585kj -;7.4;null;null;3.7;null;3.7;null;
254853062;Tesco Fruit And Fibre Cereal 750G;£1.89;£0.25/100g;Cereals;Family Favourite Cereals;387;8.2;null;25.9;6.6;3.9;8.5;null;
282723174;Kelloggs Crunchy Nut Oat Granola Chocolate 380G;£2.99;£0.79/100g;Cereals;Family Favourite Cereals;497 ;8;null;null;25;null;5.8;0.63;
251971940;Tesco Everyday Bran Flakes Cereal 750G;£0.88;£0.12/100g;Cereals;Family Favourite Cereals;359;10.3;null;16.6;2.0;0.4;12.7;null;
262972749;Nestle Shredded Wheat Cereal 30'S;£2.18;£0.07/each;Cereals;Healthier Cereal;1536 kJ 945 kJ - - -;11.6;null;null;2.2;null;11.6;0.05;
259039402;Nestle Shredded Wheat Cereal 750G;£3.19;£0.43/100g;Cereals;Healthier Cereal;1562 kJ 879 kJ - - -;11.8;null;null;2.2;null;11.8;0.05;
261986222;Weetabix Oatiflakes Cereal 550G;£2.69;£0.49/100g;Cereals;Healthier Cereal;484kJ/ 1613kJ/;2.9;null;null;1.7;null;1.9;null;
277908516;Nestlé Limited Edition Superfruity Shredded Wheat 470g;£2.69;£0.57/100g;Cereals;Healthier Cereal;1473 kJ 917 kJ - - -;7.6;null;null;1.5;null;8.1;0.17;
254852587;Kelloggs Bran Flakes 500G;£2.09;£0.42/100g;Cereals;Healthier Cereal;356 ;11;null;null;2;null;15;1;
276667444;Kelloggs All Bran Crunch Cereal 340G;£2.89;£0.85/100g;Cereals;Healthier Cereal;405 ;8;null;null;11;null;13;0.8;
262793143;Tesco Blueberry Wheats Cereal 500G;£1.99;£0.40/100g;Cereals;Healthier Cereal;336;7.5;null;18.4;1.5;0.3;8.5;0.2;
250092081;Tesco Bran Flakes Cereal 1Kg;£1.95;£0.20/100g;Cereals;Healthier Cereal;364;12.0;null;18.2;2.6;0.4;13.1;null;
276254893;Tesco Red Cherry Wheat Cereal 500G;£1.99;£0.40/100g;Cereals;Healthier Cereal;337;7.6;null;19.0;1.5;0.3;8.0;0.2;
254852466;Tesco Bran Flakes 500G;£1.39;£0.28/100g;Cereals;Healthier Cereal;364;12.0;null;18.2;2.6;0.4;13.1;null;
256619556;Kelloggs All-Bran Cereal 500G;£2.09;£0.42/100g;Cereals;Healthier Cereal;334 ;14;null;null;3.5;null;27;0.95;
273645032;Shredded Wheat Raspberry Strawberry And Cranberry 470G;£2.69;£0.57/100g;Cereals;Healthier Cereal;1466 kJ 914 kJ - - -;7.6;null;null;1.5;null;8.2;0.23;
262972824;Nestle Shredded Wheat Cereal 360G (16S);£1.65;£0.10/each;Cereals;Healthier Cereal;1536 kJ 945 kJ - - -;11.6;null;null;2.2;null;11.6;0.05;
254852604;Kelloggs Sultana Bran Cereal 500G;£2.89;£0.58/100g;Cereals;Healthier Cereal;344 ;8;null;null;2;null;13;0.83;
257050667;Nestle Shredded Wheat Honey Nut Cereal 500G;£2.00;£0.40/100g;Cereals;Healthier Cereal;1625 kJ 904 kJ - - -;11.3;null;null;5.0;null;10.0;0.05;
260360745;Weetabix Oatibix Cereal 24 Pack;£2.69;£0.11/each;Cereals;Healthier Cereal;1663kJ/ 798kJ/;13;64;null;8.0;null;7.3;0.28;
271010320;Kelloggs All Bran Golden Crunch 390G;£2.89;£0.74/100g;Cereals;Healthier Cereal;405 ;8;null;null;11;null;13;0.9;
283352789;Kelloggs Bran Flakes 750G;£2.89;£0.39/100g;Cereals;Healthier Cereal;356 ;11;null;null;2;null;15;1;
255561866;Kelloggs Frosted Wheats Cereal 500G;£2.69;£0.54/100g;Cereals;Healthier Cereal;364 ;10;null;null;2;null;9;0.03;
254852558;Kelloggs All-Bran Cereal 750G;£2.89;£0.39/100g;Cereals;Healthier Cereal;334 ;14;null;null;3.5;null;27;0.95;
251971940;Tesco Everyday Bran Flakes Cereal 750G;£0.88;£0.12/100g;Cereals;Healthier Cereal;359;10.3;null;16.6;2.0;0.4;12.7;null;
268583083;Weetabix Crunchy Bran Cereal 375G;£2.29;£0.61/100g;Cereals;Healthier Cereal;1483kJ/ 593kJ/ -;12;58;null;3.6;null;20;0.90;
258549232;Kelloggs Special K 750G;£3.00;£0.40/100g;Cereals;Healthier Cereal;375 ;9;null;null;1.5;null;4.5;1;
273298972;Kelloggs Special K Fruit & Nut 370G;£2.69;£0.73/100g;Cereals;Healthier Cereal;375 ;7;null;null;2.5;null;4.5;0.75;
259650305;Tesco Sultana Bran Cereal 750G;£2.09;£0.28/100g;Cereals;Healthier Cereal;356;9.3;null;32.0;2.0;0.3;10.1;null;
261084892;Tesco Special Flake Fruit 375G;£1.75;£0.47/100g;Cereals;Healthier Cereal;377;7.1;null;18.3;1.5;0.4;3.8;null;
273298557;Kelloggs Special K Peach And Apricot 320G;£2.69;£0.84/100g;Cereals;Healthier Cereal;375 ;8;null;null;1.5;null;4.5;0.95;
261084828;Tesco Special Flake Cereal 500G;£1.75;£0.35/100g;Cereals;Healthier Cereal;371;7.0;null;16.3;1.3;0.3;2.6;null;
276670837;Nestle Fitnesse Cereal 300G;£1.99;£0.66/100g;Cereals;Healthier Cereal;1557 kJ 652 kJ - - -;8.6;null;null;1.3;null;6.3;1.14;
273299585;Kelloggs Special K Creamy Berry Crunch320g;£2.69;£0.84/100g;Cereals;Healthier Cereal;382 ;8;null;null;3.1;null;5;0.93;
273299654;Kelloggs Special K 550G;£3.29;£0.60/100g;Cereals;Healthier Cereal;375 ;9;null;null;1.5;null;4.5;1;
273299896;Kelloggs Special K Original Cereal 400G;£2.69;£0.67/100g;Cereals;Healthier Cereal;375 ;9;null;null;1.5;null;4.5;1;
273332517;Kelloggs Special K Bliss Strawberry And Chocolate 320G;£2.69;£0.84/100g;Cereals;Healthier Cereal;384 ;8;null;null;3.1;null;4;0.95;
273331737;Kelloggs Special K Red Berries 320G;£2.69;£0.84/100g;Cereals;Healthier Cereal;379 ;8;null;null;1.5;null;4.5;0.95;
252738421;Kelloggs Special K Red Berries 500G;£3.00;£0.60/100g;Cereals;Healthier Cereal;379 ;8;null;null;1.5;null;4.5;0.95;
265703609;Kelloggs Special K Oats And Honey Cereal 650G;£3.00;£0.46/100g;Cereals;Healthier Cereal;381 ;9;null;null;3;null;5;0.63;
273298315;Kelloggs Special K Yoghurty 320G;£2.69;£0.84/100g;Cereals;Healthier Cereal;384 ;9;null;null;3.1;null;4;1.03;
273298851;Kelloggs Special K Oats And Honey 375G;£2.69;£0.72/100g;Cereals;Healthier Cereal;381 ;9;null;null;3;null;5;0.63;
272254496;Kelloggs Special K Hazelnut Almond Cereal 300G;£2.69;£0.90/100g;Cereals;Healthier Cereal;394 ;9;null;null;5;null;4.5;1;
260300662;Tesco Whole Oat Bran Cereal 500G;£1.99;£0.40/100g;Cereals;Healthier Cereal;369;15.1;null;1.3;10.0;1.6;15.6;0.01;
257453254;Shredded Wheat Bitesize Cereal 500G;£2.00;£0.40/100g;Cereals;Healthier Cereal;1562 kJ 879 kJ - - -;11.8;null;null;2.2;null;11.8;0.05;
254525629;Tesco Apricot Wheats Cereal 500G;£1.99;£0.40/100g;Cereals;Healthier Cereal;337;7.6;null;17.8;1.4;0.3;8.0;0.2;
282391283;W W Rice And Wheat Flakes With Fruit Mixed 375G;£2.69;£0.72/100g;Cereals;Healthier Cereal;1533kJ/ 613kJ/ 789kJ/ - - -;10.8;null;null;1.6;null;6.3;null;
282391323;Weight Watchers Rice And Wheat Flakes 500G;£2.69;£0.54/100g;Cereals;Healthier Cereal;null;14.0;70.0;null;2.1;null;7.5;0.6;
265732396;Good Grain Company Puffed Wheat 160G;£1.35;£0.84/100g;Cereals;Healthier Cereal;1620kJ 243kJ - 8400kJ;13.0;null;null;2.0;null;8.0;0.02;
282723099;Kelloggs Crunchy Nut Oat Granola Fruit And Nut 380G;£2.99;£0.79/100g;Cereals;Muesli & Granola;477 ;6.8;null;null;21;null;4.6;0.6;
265527098;Jordans Natural Muesli 1Kg;£2.69;£0.27/100g;Cereals;Muesli & Granola;1507kJ 678kJ -;9.5;null;null;5.0;null;9.7;0.03;
275907768;Tesco Honey Nut Clusters 500G;£1.99;£0.40/100g;Cereals;Muesli & Granola;441;9.2;null;22.0;14.4;1.8;6.0;0.5;
275907854;Tesco Honey Nut Chocolate Clusters 500G;£1.99;£0.40/100g;Cereals;Muesli & Granola;454;8.8;null;26.1;16.7;4.3;5.8;0.5;
285512309;Alpen Muesli Original 1.3Kg;£3.70;£0.29/100g;Cereals;Muesli & Granola;1597kJ/ 719kJ/;11;67;null;5.8;null;7.0;0.28;
261691743;Nestle Oats And More Almond Cereal 425G;£2.49;£0.59/100g;Cereals;Muesli & Granola;1717 kJ 941 kJ - - -;10.5;null;null;8.8;null;6.7;0.64;
261132571;Dorset Crls Simply Delicious Muesli 850G;£2.79;£0.33/100g;Cereals;Muesli & Granola;null;9.9;null;null;7.4;null;8.9;0.02;
284478230;Jordans Fruit And Nut Muesli 620G;£2.79;£0.45/100g;Cereals;Muesli & Granola;1502kJ 678kJ -;8.5;null;null;6.6;2.4;9.4;0.03;
278564782;Dorset Cereals Oat Granola 550G;£2.99;£0.54/100g;Cereals;Muesli & Granola;null;8.8;null;null;17;null;7.4;0.2;
268573193;Alpen Raspberry And Apple 560G;£1.39;£0.25/100g;Cereals;Muesli & Granola;1572kJ/ 707kJ/;11;null;null;4.1;null;7.5;0.23;
282843141;Dorset Cereals Tasty Toasted Spelt Muesli 690G;£3.79;£0.55/100g;Cereals;Muesli & Granola;null;9.2;null;null;9.2;null;7.4;0.72;
264902433;Dorset Simply Fruity Muesli 820G;£2.79;£0.34/100g;Cereals;Muesli & Granola;null;7.3;null;null;2.4;null;6.8;0.06;
285512315;Alpen No Added Sugar 1.1Kg;£3.70;£0.34/100g;Cereals;Muesli & Granola;1584kJ/ 713kJ/;11;65;null;6.2;null;7.8;0.29;
273320802;Kelloggs Nut Clusters Chocolate Curls 450G;£2.79;£0.62/100g;Cereals;Muesli & Granola;460 ;8;null;null;17;null;3.5;0.83;
257393422;Alpen No Added Sugar Muesli 560G;£1.39;£0.25/100g;Cereals;Muesli & Granola;1584kJ/ 713kJ/;11;65;null;6.2;null;7.8;0.29;
254853655;Alpen Original Muesli 750G;£1.39;£0.19/100g;Cereals;Muesli & Granola;1592kJ/ 719kJ/;11;67;null;5.8;null;7;0.28;
285353353;Grape Nuts 580G;£2.39;£0.41/100g;Cereals;Muesli & Granola;365 Kcal;null;null;null;null;null;null;null;
285592743;Alpen Muesli No Added Sugar Sachet 287G;£1.99;£0.69/100g;Cereals;Muesli & Granola;1584kJ/ 649kJ/;11;65;null;6.2;null;7.8;0.29;
285592864;Alpen Original 300G;£1.99;£0.66/100g;Cereals;Muesli & Granola;1597kJ/ 799kJ/;11;67;null;5.8;null;7.0;0.28;
273299936;Kelloggs Honey And Nut Clusters 450G;£2.79;£0.62/100g;Cereals;Muesli & Granola;447 ;8;null;null;15;null;4;0.95;
276867317;Jordans Super Fruity Granola 600G;£3.00;£0.50/100g;Cereals;Muesli & Granola;1812kJ 816kJ -;9.5;null;null;12.4;null;7.5;0.03;
276867369;Jordans Super Nutty Granola 600G;£3.00;£0.50/100g;Cereals;Muesli & Granola;1969kJ 887kJ -;10.3;null;null;21.0;null;7.6;0.03;
283724269;Nature Valley Oats And Honey Granola Bag 370G;£2.49;£0.67/100g;Cereals;Muesli & Granola;1839kJ 1071kJ;14.4;null;null;13.7;null;5.6;0.58;
275946750;Tesco Apple And Cinnamon Muesli 750G;£2.49;£0.33/100g;Cereals;Muesli & Granola;343;8.5;null;26.1;4.8;0.7;8.3;0.1;
282243488;Special K Granola Fruit And Nut 370G;£2.99;£8.09/kg;Cereals;Muesli & Granola;387 ;9.9;null;null;7.5;null;10;0.75;
284851335;Tesco Bircher Muesli Base 750G;£1.99;£0.27/100g;Cereals;Muesli & Granola;380;13.0;null;3.5;9.1;1.4;9.4;0.1;
276867415;Jordans Super Berry Granola 600G;£3.00;£0.50/100g;Cereals;Muesli & Granola;1840kJ 828kJ -;10.9;null;null;14.4;null;6.3;0.03;
265536818;Tesco Fruit Nut Muesli 750G;£2.49;£0.33/100g;Cereals;Muesli & Granola;387;7.4;null;26.1;12.5;5.6;7.9;0.1;
283724321;Nature Valley Oats And Chocolate Granola 360G;£2.49;£0.50/100g;Cereals;Muesli & Granola;1836kJ 1072kJ;14.1;null;null;13.6;null;5.7;0.55;
284478702;Jordans Special Nut And Seed Muesli 600G;£2.79;£0.47/100g;Cereals;Muesli & Granola;1527kJ 688kJ -;8.8;null;null;7.9;null;8.1;0.01;
283867664;Mornflake Gold Plum And Almond Granola 500G;£2.79;£0.56/100g;Cereals;Muesli & Granola;1865kJ 1048kJ 839kJ 10%;13.5;null;null;16.7;null;9.2;null;
283724396;Nature Valley Oats And Red Berry Granola 360G;£2.49;£0.50/100g;Cereals;Muesli & Granola;1824kJ 1063kJ;14.4;null;null;13;null;5.5;0.49;
284846273;T.Wheat Flakes Cluster Medley 425G;£1.75;£0.41/100g;Cereals;Muesli & Granola;440;11.2;null;11.8;17.0;5.2;10.5;0.5;
275946617;Tesco 50% Fruit Muesli 750G;£2.49;£0.33/100g;Cereals;Muesli & Granola;330;6.9;null;30.3;2.5;0.5;9.2;0.1;
282243382;Kellogg Crunchy Nut Granola Caramelised Nuts;£2.99;£7.87/kg;Cereals;Muesli & Granola;511 ;7.6;null;null;24;null;4.5;0.78;
282243592;Kelloggs Special Granola Apple And Raisin 370G;£2.99;£0.81/100g;Cereals;Muesli & Granola;389 ;7.8;null;null;7.4;null;9.7;0.65;
285398720;Jordans Simply Granola 750G;£2.69;£0.36/100g;Cereals;Muesli & Granola;1800kJ 811kJ -;10.2;null;null;12.5;null;7.2;0.03;
265537190;Tesco Everyday Muesli 1Kg;£1.18;£0.12/100g;Cereals;Muesli & Granola;353;10.3;null;7.8;4.4;0.7;7.9;0.01;
282371192;Tasty Toasted Rspberry And Apple Muesli 650G;£3.79;£0.58/100g;Cereals;Muesli & Granola;null;8.5;null;null;5.2;null;9.2;0.5;
265537322;Tesco No Added Sugar Muesli 1Kg;£2.50;£0.25/100g;Cereals;Muesli & Granola;361;11.8;null;15.0;6.4;0.8;8.3;0.1;
284832836;Tesco Oat Crispies Strawberry Cereal 375G;£1.75;£0.47/100g;Cereals;Muesli & Granola;453;6.8;null;20.2;15.4;4.8;5.8;0.3;
282629689;Jordans Crunchy Raisins And Almond 850G;£2.99;£0.35/100g;Cereals;Muesli & Granola;1745kJ 785kJ -;9.4;null;null;11.9;null;6.9;0.03;
286999226;Jordans Raspberry And Apple Lighter Granola 550G;£2.00;£0.36/100g;Cereals;Muesli & Granola;1679kJ 756kJ -;9.9;null;null;7.5;null;7.8;0.03;
273321144;Dorset Cereals Honey Granola 550G;£3.79;£0.69/100g;Cereals;Muesli & Granola;null;13;null;null;25;null;5.6;0.04;
283868346;Dorset Cereals Simply Nutty Granola 550G;£2.79;£0.51/100g;Cereals;Muesli & Granola;null;11;null;null;27;null;8.3;0.1;
276670077;Eat Natural Crunchy Nuts With Nuts 500G;£2.00;£0.40/100g;Cereals;Muesli & Granola;438;11.5;null;null;22.2;null;7.9;0.29;
282723174;Kelloggs Crunchy Nut Oat Granola Chocolate 380G;£2.99;£0.79/100g;Cereals;Muesli & Granola;497 ;8;null;null;25;null;5.8;0.63;
260456523;Dorset Luscious Berries Cherries 800G;£3.79;£0.47/100g;Cereals;Muesli & Granola;null;7;null;null;2.1;null;8.3;0.02;
271515304;Fuel 70% Cocoa Chunks 400G;£2.99;£0.75/100g;Cereals;Muesli & Granola;232;4.7;null;null;9.2;null;3.7;null;
255907073;Jordans Luxe Fruit Nut Crunchy 750G;£2.99;£0.40/100g;Cereals;Muesli & Granola;1772kJ 797kJ -;7.6;null;null;13.2;null;7.0;0.03;
286999105;Jordans Strawberry & Blueberry Lighter Granola 550G;£2.00;£0.36/100g;Cereals;Muesli & Granola;1682kJ 758kJ -;10.0;null;null;7.5;null;8.1;0.03;
284832738;Tesco Oat Crispies Cereal 400G;£1.75;£0.44/100g;Cereals;Muesli & Granola;448;7.7;null;17.1;14.7;4.1;4.7;0.3;
273341967;Dorset Gloriously Nutty Cereal 600G;£3.79;£0.63/100g;Cereals;Muesli & Granola;null;11;null;null;13;null;9.3;0.02;
273342373;Dorset Simply Nutty Cereal 700G;£2.79;£0.40/100g;Cereals;Muesli & Granola;null;11;null;null;9.2;null;11;0.02;
276670682;Mornflake Oatbran Nut Seed Granola 500G;£2.79;£0.56/100g;Cereals;Muesli & Granola;1977kJ 1101kJ 891kJ 11%;13.5;null;null;22.8;null;9.9;null;
275930250;Tesco Swiss Style Fruit Muesli 750G;£2.50;£0.33/100g;Cereals;Muesli & Granola;369;12.3;null;13.4;8.8;1.1;9.7;0.1;
265537011;Tesco Swiss Style Muesli 1Kg;£2.50;£0.25/100g;Cereals;Muesli & Granola;366;10.4;null;17.4;6.1;0.8;7.9;0.3;
282630744;Jordans Crunchy Tropical Cereal 770G;£2.99;£0.40/100g;Cereals;Muesli & Granola;1880kJ 845kJ -;8.0;null;null;15.4;null;5.9;0.03;
284478420;Jordans Truly Fruity Cereal 600G;£2.79;£0.47/100g;Cereals;Muesli & Granola;1433kJ 645kJ -;7.2;null;null;2.6;null;8.4;0.07;
260782712;Lizi's Original Granola 500G;£3.69;£0.74/100g;Cereals;Muesli & Granola;null;10.9;null;null;29.3;null;null;null;
275944625;Tesco Superberry Granola 500G;£1.99;£0.40/100g;Cereals;Muesli & Granola;444;8.2;null;17.8;13.5;5.0;7.7;0.1;
257328340;Jordans Country Crisp Four Nut 500G;£2.00;£0.40/100g;Cereals;Muesli & Granola;2060kJ 928kJ -;8.7;null;null;22.9;null;6.3;0.03;
273290214;Jordans Country Crisp Super Berry 500G;£2.00;£0.40/100g;Cereals;Muesli & Granola;1885kJ 849kJ -;7.3;null;null;14.8;null;6.3;0.03;
250083633;Jordans Country Crisp Raspberry 500G;£2.00;£0.40/100g;Cereals;Muesli & Granola;1894kJ 852kJ -;7.5;null;null;15.6;null;6.4;0.03;
259004075;Quaker Oat Granola Cereal 600G;£2.29;£0.38/100g;Cereals;Muesli & Granola;1760 kJ/ 792 kJ/;8.0;null;null;9.5;null;6.5;Trace;
258712436;Tesco Maple And Peacan Crisp 500G;£1.99;£0.40/100g;Cereals;Muesli & Granola;469;7.6;null;18.3;18.7;1.6;5.0;0.1;
256784255;Jordans Country Crisp Strawberry 500G;£2.00;£0.40/100g;Cereals;Muesli & Granola;1904kJ 856kJ -;7.5;null;null;15.6;null;6.2;0.03;
262580389;Tesco Crunchy Tropical Cereal 1Kg;£1.99;£0.20/100g;Cereals;Muesli & Granola;450;7.9;null;26.3;16.3;8.3;6.7;0.1;
275909115;Tesco Apple And Cinnamon Crisp 500G;£1.99;£0.40/100g;Cereals;Muesli & Granola;433;8.7;null;23.5;13.1;3.1;6.1;0.1;
275909864;Tesco Everyday Maple And Pecan Cereal 500G;£1.39;£0.28/100g;Cereals;Muesli & Granola;458;8.4;null;21.9;16.3;1.5;5.2;0.1;
263861885;Nestle Oats And More Raisin Cereal 425G;£2.49;£0.59/100g;Cereals;Muesli & Granola;1609 kJ 897 kJ - - -;8.4;null;null;4.7;null;8.1;0.64;
275946444;Tesco Finest Chunky Fruit Nut Muesli 750G;£2.89;£0.39/100g;Cereals;Muesli & Granola;394;8.2;null;28.3;11.3;3.6;8.6;0.1;
262580101;Tesco Crunchy Oat Cereal Fruit And Nut 1Kg;£1.99;£0.20/100g;Cereals;Muesli & Granola;462;9.7;null;21.8;18.6;8.6;6.7;0.1;
275909374;Tesco Finest Berry Muesli 750G;£2.89;£0.39/100g;Cereals;Muesli & Granola;345;7.2;null;33.8;3.9;0.7;8.8;0.1;
258885334;Jordans Country Crisp With Luxury Raisins 500G;£2.00;£0.40/100g;Cereals;Muesli & Granola;1820kJ 820kJ -;6.7;null;null;13.4;null;5.9;0.01;
266388536;Jordans Country Crisp Chocolate 500G;£2.00;£0.40/100g;Cereals;Muesli & Granola;1945kJ 876kJ -;7.4;null;null;17.7;null;6.1;0.03;
275909213;Tesco Strawberry Yoghurt Crisp 500G;£1.99;£0.40/100g;Cereals;Muesli & Granola;440;8.0;null;22.6;13.5;2.8;5.8;0.1;
255822662;Nestle Clusters Cereal 435G;£2.49;£0.57/100g;Cereals;Muesli & Granola;1598 kJ 733 kJ - - -;9.0;null;null;3.8;null;8.0;1.05;
268612240;Jordans Country Crisp Honey Nut 500G;£2.00;£0.40/100g;Cereals;Muesli & Granola;1885kJ 848kJ -;9.1;null;null;16.8;null;5.3;0.03;
275932081;Tesco Fruit And Nut Granola 500G;£1.99;£0.40/100g;Cereals;Muesli & Granola;449;8.4;null;18.5;16.4;6.9;8.3;0.1;
271147757;Tesco Finest Fruit And Fibre 550G;£2.99;£0.54/100g;Cereals;Muesli & Granola;382;8.6;null;25.5;6.6;2.9;9.0;null;
275952961;Tesco Finest Scottish Prdg Oats With Flme Raisin And Hazelnut 750G;£2.29;£0.31/100g;Cereals;Muesli & Granola;369;10.2;null;13.5;7.6;2.3;7.5;0.01;
268486797;Tesco Finest Summer Fruit Granola 500G;£2.59;£0.52/100g;Cereals;Muesli & Granola;473;9.4;null;20.6;21.0;2.7;7.0;0.1;
275909490;Tesco Finest Multigrain R/Berry&Bl/Berry Granola 500G;£2.59;£0.52/100g;Cereals;Muesli & Granola;444;10.0;null;16.7;15.7;1.5;7.9;0.1;
260327890;Tesco Finest Tropical Muesli 750G;£2.89;£0.39/100g;Cereals;Muesli & Granola;369;6.4;null;31.1;9.0;4.4;7.5;0.1;
275905384;Tesco Finest Oat Sachet Cranberry And Raspberry 344G;£1.99;£0.58/100g;Cereals;Muesli & Granola;376;8.0;null;26.8;5.7;0.9;5.9;0.01;
260194020;Tesco Finest Scottish Porridge Oats 750G;£1.79;£0.24/100g;Cereals;Muesli & Granola;368;10.3;null;1.1;7.0;1.0;8.3;0.01;
275905315;Tesco Finest Oat Sachets Apple And Raisin 344G;£1.99;£0.58/100g;Cereals;Muesli & Granola;370;7.5;null;26.9;4.7;0.7;7.2;0.01;
268112532;Tesco Finest Nut Granola 500G;£2.59;£0.52/100g;Cereals;Muesli & Granola;500;11.1;null;19.9;26.0;4.9;6.8;0.1;
275909553;Tesco Finest Dark Chocolate And Amerena Cherry Granola500g;£2.59;£0.52/100g;Cereals;Muesli & Granola;483;10.4;null;15.9;23.8;5.0;7.9;0.1;
254853914;Ready Brek Original Porridge 750G;£2.99;£0.40/100g;Cereals;Porridge & Oats;1575kJ/ 473kJ/ -;12;58;null;8.7;null;7.9;0.03;
263897128;Scotts So Easy Original Porridge 12X30g;£2.45;£0.68/100g;Cereals;Porridge & Oats;1582 kJ/ 475 kJ/ 874kJ/;11.0;null;null;8.5;null;9.0;Trace;
275433896;Quaker Oat So Simple Big Bowl Original Porridge 10X38.5G;£2.45;£0.64/100g;Cereals;Porridge & Oats;1557 kJ/ 599 kJ/ 1070 kJ/;11.0;null;null;7.7;null;10.5;trace;
275905315;Tesco Finest Oat Sachets Apple And Raisin 344G;£1.99;£0.58/100g;Cereals;Porridge & Oats;370;7.5;null;26.9;4.7;0.7;7.2;0.01;
273566315;Quaker Oat So Simple Golden Syrup Porridge 10 X 36G;£2.45;£0.63/100g;Cereals;Porridge & Oats;1568 kJ/ 565 kJ/ 904 kJ/;8.4;null;null;6.5;null;8.8;0.50;
285923831;Quaker Oat So Simple Original Porridge 22 X 27G;£3.99;£0.67/100g;Cereals;Porridge & Oats;1557 kJ/ 420 kJ/ 760 kJ/;11.0;null;null;7.7;null;10.5;trace;
285091351;Tesco Easy Oats Variety 315G;£1.45;£0.46/100g;Cereals;Porridge & Oats;375;7.0;null;18.6;5.5;1.0;7.4;0.1;
275433798;Quaker Oat So Simple Bigbwl Golden Syrup Porridge 8S 397G;£2.45;£0.62/100g;Cereals;Porridge & Oats;1568 kJ/ 778 kJ/ 1249 kJ/;8.4;null;null;6.5;null;8.8;0.50;
266388006;Quaker Oat So Simple Honey And Almond Porridge 10 X 33G;£2.45;£0.74/100g;Cereals;Porridge & Oats;1586 kJ/ 523 kJ/ 879 kJ/;8.9;null;null;6.6;null;7.4;Trace;
285091316;Tesco Micro Oats Golden Syrup 390G;£1.45;£0.37/100g;Cereals;Porridge & Oats;375;7.0;null;18.6;5.5;1.0;7.4;0.1;
263894581;Quaker Oat So Simple Variety Porridge 9Pk 297G;£2.45;£0.83/100g;Cereals;Porridge & Oats;1590 kJ/ 572 kJ/ 910 kJ/;8.6;null;null;6.4;null;7.7;0.2;
285512350;Ready Brek Original Flavour 450G;£1.00;£0.22/100g;Cereals;Porridge & Oats;1575kJ/ 473kJ/ -;12;58;null;8.7;null;7.9;0.03;
260194020;Tesco Finest Scottish Porridge Oats 750G;£1.79;£0.24/100g;Cereals;Porridge & Oats;368;10.3;null;1.1;7.0;1.0;8.3;0.01;
275905384;Tesco Finest Oat Sachet Cranberry And Raspberry 344G;£1.99;£0.58/100g;Cereals;Porridge & Oats;376;8.0;null;26.8;5.7;0.9;5.9;0.01;
285091302;Tesco Micro Oats Original 270G;£1.45;£0.54/100g;Cereals;Porridge & Oats;377;11.1;null;0.9;8.3;1.3;8.8;0.1;
285923641;Quaker Oat So Simple Golden Syrup Porridge 20 X 36G;£3.99;£0.55/100g;Cereals;Porridge & Oats;1568 kJ/ 565 kJ/ 904 kJ/;8.4;null;null;6.5;null;8.8;0.50;
275952961;Tesco Finest Scottish Prdg Oats With Flme Raisin And Hazelnut 750G;£2.29;£0.31/100g;Cereals;Porridge & Oats;369;10.2;null;13.5;7.6;2.3;7.5;0.01;
256184216;Tesco Instant Hot Oat 750G;£1.89;£0.25/100g;Cereals;Porridge & Oats;373;11.7;null;1.0;8.7;1.2;7.9;0.1;
254853868;Tesco Instant Hot Oat Porridge 500G;£1.49;£0.30/100g;Cereals;Porridge & Oats;373;11.7;null;1.0;8.7;1.2;7.9;0.1;
263895126;Quaker Oat So Simple Original Porridge Cereal 324G;£2.45;£0.76/100g;Cereals;Porridge & Oats;1557 kJ/ 420 kJ/ 760 kJ/;11.0;null;null;7.7;null;10.5;trace;
263894926;Quaker Oat So Simple Apple Blueberry Porridge 10X36g;£2.45;£0.68/100g;Cereals;Porridge & Oats;1590 kJ/ 572 kJ/ 910 kJ/;8.6;null;null;6.4;null;7.7;0.20;
275435289;Quaker Oat So Simple Strawberry, Raspberry Porridge 10X33.9G;£2.45;£0.72/100g;Cereals;Porridge & Oats;1539 kJ/ 521 kJ/ 861 kJ/;8.8;null;null;6.4;null;7.2;0.03;
285512298;Alpen Porridge Golden Syrup Hazelnut And Almd240g;£1.95;£0.81/100g;Cereals;Porridge & Oats;1725kJ/ 690kJ/;11;61;null;12;null;7.1;0.17;
264216888;Quaker Oat So Simple Sweet Cinnamon Porridge 10X33g;£2.45;£0.74/100g;Cereals;Porridge & Oats;1587 kJ/ 524 kJ/ 863 kJ/;9.0;null;null;6.6;null;7.4;Trace;
278585100;Dorset Cereals Honey Porridge 420G;£2.39;£0.57/100g;Cereals;Porridge & Oats;null;8;null;null;4.9;null;8.7;0.03;
254853816;Jordans Porridge Oats Conservation Grade 750G;£1.79;£0.24/100g;Cereals;Porridge & Oats;1510kJ 1053kJ -;6.7;null;null;6.8;null;7.9;0.01;
279300074;Kelloggs Special K Porridge Raspberries 6X27g;£1.00;£0.62/100g;Cereals;Porridge & Oats;385 ;9;null;null;4.5;null;10;0.08;
263998683;Quaker Oat So Simple Sultana Raisin Cranberry 10X38.5G;£2.45;£0.64/100g;Cereals;Porridge & Oats;1554 kJ/ 598 kJ/ 937 kJ/;8.3;null;null;5.7;null;6.9;0.23;
268574497;Quaker Oat So Simple Sweet Cinnamon Porridge 57G;£0.99;£1.74/100g;Cereals;Porridge & Oats;1577 kJ 897 kJ;14.4;null;null;5.2;null;5.6;0.31;
285314112;Kelloggs Special K Blueberry & Cranberry Porridge Sachet 162G;null;null;Cereals;Porridge & Oats;382 ;8.7;null;null;4.6;null;11;0.05;
285512269;Alpen Porridge Raspberry & Apple 240G;£1.95;£0.81/100g;Cereals;Porridge & Oats;1583kJ/ 633kJ/;10;64;null;7.2;null;7.3;0.20;
285391848;Alpen Porridge Raisin, Hazelnut And Almond 240G;£1.95;£0.81/100g;Cereals;Porridge & Oats;1643kJ/ 657kJ/;11;63;null;8.9;null;7.0;0.19;
285091345;Tesco Micro Oats Apple And Blueberry 390G;£1.45;£0.37/100g;Cereals;Porridge & Oats;376;6.9;null;27.4;4.9;0.8;6.3;0.1;
285512367;Weetabix Ready Brek Chocolate 450G;£1.00;£0.22/100g;Cereals;Porridge & Oats;1610kJ/ 483kJ/ -;10;64;null;8.0;null;7.0;0.03;
286980265;Kelloggs Coco Pops Porridge 189G;£2.00;£1.06/100g;Cereals;Porridge & Oats;397 ;9.4;null;null;6.9;null;8.5;0.08;
271757922;Flahavans Irish Organic Porridge 1Kg;£2.25;£0.23/100g;Cereals;Porridge & Oats;null;null;null;null;null;null;null;null;
255481465;Flahavans Irish Porridge Oats 500G;£1.13;£0.23/100g;Cereals;Porridge & Oats;null;null;null;null;null;null;null;null;
285313418;Kelloggs Special K Apple And Cinnamon Porridge Sachet 162G;£1.00;£0.62/100g;Cereals;Porridge & Oats;381 ;8.4;null;null;4.4;null;9.9;0.05;
272309300;Mornflake Medium Oatmeal 500G;£0.95;£0.19/100g;Cereals;Porridge & Oats;1543kJ 617kJ 7%;12.1;null;null;8.4;null;9.1;null;
275445997;Dorset Proper Porridge Raspberry Pumpkin 10S 420G;£2.39;£0.57/100g;Cereals;Porridge & Oats;null;10;null;null;7.1;null;11;0.1;
273297420;Mornflake Organic Oats 750G;£1.99;£0.27/100g;Cereals;Porridge & Oats;1543kJ 617kJ 7%;12.1;null;null;8.4;null;9.1;0.01;
278564413;Quaker Oat So Simple Heaps Of Fruit Blk/App 8X36.6G;£2.45;£0.84/100g;Cereals;Porridge & Oats;1517 kJ/ 557 kJ/ 896 kJ/;8.4;null;null;6.1;null;7.9;0.05;
283882795;Quaker Oats So Simple Cuppaprdg Golden Syrup 278G;£2.59;£0.93/100g;Cereals;Porridge & Oats;1585 kJ/ 882 kJ/;12.6;null;null;5.2;null;5.8;0.52;
285593108;Ready Brek Gingerbread 180G;£1.99;£1.11/100g;Cereals;Porridge & Oats;1569kJ/ 471kJ/ -;9.8;64;null;7.1;null;6.5;0.03;
250546432;Mornflake Superfast Oats 2Kg;£2.19;£0.11/100g;Cereals;Porridge & Oats;1543kJ 617kJ 7%;12.1;null;null;8.4;null;9.1;null;
285593016;Ready Brek Original 240G;£1.99;£0.83/100g;Cereals;Porridge & Oats;1575kJ/ 473kJ/ -;12;58;null;8.7;null;7.9;0.03;
282317874;Quaker Oat So Simple Multigrain Original Porridge 270G;£2.45;£0.91/100g;Cereals;Porridge & Oats;1478 kJ/ 400 kJ/ 663 kJ/;9.7;null;null;4.6;null;11.8;0.03;
278563685;Quaker Oat So Simple Heaps Of Fruit App/Ch 8X36.1G;£2.45;£0.85/100g;Cereals;Porridge & Oats;1525 kJ/ 551 kJ/ 890 kJ/ 8400kJ/;8.5;null;null;6.1;null;7.5;0.08;
278564252;Quaker Oat So Simple Heaps Of Fruit 8X35.5G;£2.45;£0.86/100g;Cereals;Porridge & Oats;1528 kJ/ 543 kJ/ 882 kJ/;8.7;null;null;6.2;null;7.5;0.18;
283882547;Quaker Oats So Simple Cuppaprdg Apple And Blueberry 281G;£2.59;£0.92/100g;Cereals;Porridge & Oats;1607 kJ/ 902 kJ;13.4;null;null;6.4;null;5.9;0.29;
285434678;Quaker Oats So Simple Strawberry Jam 332G;£2.59;£0.78/100g;Cereals;Porridge & Oats;1592 kJ/ 529 kJ/ 868 kJ/;8.9;null;null;6.5;null;7.3;0.04;
280782100;Quaker Oat So Simple Heaps Of Fruit Berry 8S 282G;£2.45;£0.87/100g;Cereals;Porridge & Oats;1513 kJ/ 534 kJ/ 873 kJ;8.8;null;null;6.3;null;8.2;0.02;
268588694;Quaker Jumbo Rolled Porridge Oats 1Kg;£2.09;£0.21/100g;Cereals;Porridge & Oats;1565 kJ/ 626 kJ/ 1222 kJ/;11.0;null;null;8;null;9;trace;
285593051;Ready Brek Chocolate 192G;£1.99;£1.04/100g;Cereals;Porridge & Oats;1576kJ 504kJ -;10;62;null;7.9;null;7.4;0.03;
285450969;Quaker Oats So Simple Original Mini Pack 6X27g;£1.50;£0.93/100g;Cereals;Porridge & Oats;1557 kJ/ 420 kJ/ 760 kJ/;11.0;null;null;7.7;null;10.5;trace;
260946145;Quaker Porridge Oats 1Kg;£1.99;£0.20/100g;Cereals;Porridge & Oats;1565 kJ/ 626 kJ/ 1222 kJ/;11.0;null;null;8;null;9;trace;
285436181;Quaker Oats So Simple Golden Syrup Mini Pack 180G;£1.50;£0.83/100g;Cereals;Porridge & Oats;1568 kJ/ 565 kJ/ 904 kJ/;8.4;null;null;6.5;null;8.8;0.50;
283870622;Quaker Oats So Simple Cuppa Porridge Original 5 Pack 246G;£2.59;£1.06/100g;Cereals;Porridge & Oats;1594 kJ/ 787 kJ/;15.1;null;null;6.1;null;5.6;0.22;
285434200;Quaker Oats So Simple Blueberry And Banana 278G;£2.59;£0.93/100g;Cereals;Porridge & Oats;1579 kJ/ 549 kJ/ 888 kJ/;8.8;null;null;6.4;null;7.9;0.04;
275446063;Quaker Traditional Porridge Oats 500G;£1.09;£0.22/100g;Cereals;Porridge & Oats;1565 kJ 626 kJ 1222 kJ;11.0;null;null;8.0;null;9.0;trace;
275945215;Tesco Original Porridge Pots 55G;£0.79;£1.44/100g;Cereals;Porridge & Oats;377;14.1;null;17.6;6.1;1.0;7.6;0.2;
268060828;Quaker Oat So Simple Apple And Blueberry Porridge 57G;£0.99;£1.74/100g;Cereals;Porridge & Oats;1584 kJ 903 kJ;14.2;null;null;5.0;null;5.5;0.30;
259458142;Tesco Everyday Value Oats 1Kg;£0.75;£0.08/100g;Cereals;Porridge & Oats;376;11.0;null;1.5;8.1;1.6;8.5;0.01;
268060840;Quaker Oat So Simple Golden Syrup Porridge 57G;£0.99;£1.74/100g;Cereals;Porridge & Oats;1571 kJ 895 kJ;13.3;null;null;4.9;null;6.7;0.58;
276672841;Quaker Oat So Simple Strawberry Raspberry Cranberry Porridge 57G;£0.99;£1.74/100g;Cereals;Porridge & Oats;1582 kJ 902 kJ;14.7;null;null;5.1;null;5.5;0.30;
274949506;Alpen Fruit Nut Porridge 60G;£0.90;£1.50/100g;Cereals;Porridge & Oats;1008kJ/ 1680kJ/;7.0;37.7;null;6.0;null;3.4;null;
279251804;Special K Porrdige Original 7X27g;£1.00;£0.53/100g;Cereals;Porridge & Oats;385 ;9;null;null;5;null;10;0.08;
252329813;Scott's Porridge Oats 1Kg;£2.00;£0.20/100g;Cereals;Porridge & Oats;1519kJ/ 608kJ/ 1161kJ/;11;null;null;8;null;9.0;Trace;
254853776;Tesco Scottish Oats Porridge 1Kg;£1.20;£0.12/100g;Cereals;Porridge & Oats;363;10.3;null;1.1;7.0;1.0;8.3;0.01;
276672743;Quaker Oat So Simple Honey Vanilla Porridge 57G;£0.99;£1.74/100g;Cereals;Porridge & Oats;1580 kJ 901 kJ;15.1;null;null;5.1;null;5.5;0.33;
274949823;Alpen Raspberry And Apple Porridge Pot 60G;£0.90;£1.50/100g;Cereals;Porridge & Oats;996kJ/ 1660kJ/;6.7;38.9;null;2.9;null;3.5;null;
268060857;Quaker Oat So Simple Original Porridge Pot 50G;£0.99;£1.98/100g;Cereals;Porridge & Oats;1599 kJ 800 kJ;14.3;null;null;7.2;null;7.3;0.22;
275945987;Tesco Golden Syrup Porridge Pots 55G;£0.79;£1.44/100g;Cereals;Porridge & Oats;380;11.4;null;26.0;4.9;0.8;5.5;0.2;
254853753;Tesco Scottish Porridge 500G;£0.65;£0.13/100g;Cereals;Porridge & Oats;363;10.3;null;1.1;7.0;1.0;8.3;0.01;
256039303;Tesco Organic Porridge 750G;£1.59;£0.21/100g;Cereals;Porridge & Oats;368;12.1;null;1.0;8.4;1.3;10.0;0.01;
252330246;Scott's Old Fashion Oat Porridge 1Kg;£2.00;£0.20/100g;Cereals;Porridge & Oats;1519kJ/ 608kJ/ 1161kJ/;11;null;null;8;null;9.0;Trace;
279300546;Special K Porridge Honey 6 X 27G;£1.00;£0.62/100g;Cereals;Porridge & Oats;385 ;9;null;null;5;null;10;0.08;
257039843;Scotts Porridge Oats 1.5Kg;£2.85;£0.19/100g;Cereals;Porridge & Oats;1519kJ/ 608kJ/ 1161kJ/;11;null;null;8;null;9;trace;
284737270;Tesco Easy Oats Chunky Oats And Barley 270G;£1.59;£0.59/100g;Cereals;Porridge & Oats;358;11.1;null;1.0;5.3;0.9;10.2;0.1;
287614255;Alpen Caramel And Chocolate Bars 5 Pack 145G;£1.69;£1.17/100g;Cereals;Breakfast on the Go;1817kJ/ 527kJ/;6.0;69;null;14;null;3.0;0.18;
262103875;Kelloggs Elevenses Chocolate Chip 6X45g;£2.29;£0.85/100g;Cereals;Breakfast on the Go;404 ;4.5;null;null;13;null;2.5;0.53;
263229863;Tesco Standard Raisin Crispy Slices 218G;£1.19;£0.55/100g;Cereals;Breakfast on the Go;380;6.0;null;33.5;3.9;1.1;5.5;0.7;
267952414;Kelloggs Nutrigrain Strawberry 6 Pack;£1.00;£0.45/100g;Cereals;Breakfast on the Go;354 ;4;null;null;7.7;null;3.5;0.78;
255007867;Go Ahead Crispy Apple Slices 5 Pack 195G;£1.69;£0.87/100g;Cereals;Breakfast on the Go;null;5.4;null;null;7.2;null;2.4;0.5;
287614376;Alpen Double Chocolate Bars 5 Pack 145G;£1.69;£1.17/100g;Cereals;Breakfast on the Go;1823kJ/ 529kJ/;6.1;69;null;14;null;3.5;0.15;
283420185;Go Ahead Forest Fruit Yoghurt Breaks Bars 5 Pack 177G;£1.00;£0.56/100g;Cereals;Breakfast on the Go;null;5.1;null;null;10.1;null;2.2;0.4;
254982110;Go Ahead Crispy Orange Slices 5 Pack 195G;£1.69;£0.87/100g;Cereals;Breakfast on the Go;null;5.4;null;null;7.0;null;2.3;0.6;
283419320;Go Ahead Cherry Yoghurt Breaks Cereal Bars 5 Pack 177G;£1.00;£0.56/100g;Cereals;Breakfast on the Go;null;5.2;null;null;10.2;null;2.2;0.4;
266304867;Go Ahead Crispy Slices Cherry 5 Pack 195G;£1.69;£0.87/100g;Cereals;Breakfast on the Go;null;5.3;null;null;7.0;null;2.5;0.5;
263230002;Tesco Standard Cranberry Crispy Slices 218G;£1.19;£0.55/100g;Cereals;Breakfast on the Go;380;6.0;null;33.5;3.9;1.1;5.5;0.7;
283418762;Go Ahead Tropical Yoghurt Breaks Cereal Bars 5 Pack 177G;£1.00;£0.56/100g;Cereals;Breakfast on the Go;null;5.1;null;null;10.1;null;2.2;0.4;
254982202;Mcvitie Go Ahead Crispy F/Frt Slices 5X43.5G;£1.69;£0.78/100g;Cereals;Breakfast on the Go;null;5.3;null;null;7.0;null;2.5;0.6;
283634807;Alpen Light Bar Cherry Bakewell 5 Pack;£1.69;£1.47/100g;Cereals;Breakfast on the Go;273kJ 1435kJ;1.0;null;null;1.1;null;4.3;null;
264350440;Alpen Fruit And Nut With Chocolate Cereal Bar 5X29g;£1.69;£1.17/100g;Cereals;Breakfast on the Go;1814kJ/ 526kJ/;6.4;71;null;13;null;2.2;0.20;
261582803;Mcvitie Go Ahead Strawberry Bakes 6X35g;£1.00;£0.48/100g;Cereals;Breakfast on the Go;null;3.5;null;null;8.4;null;4.1;0.6;
251232560;Go Ahead Apple Bakes 6X35g;£1.00;£0.48/100g;Cereals;Breakfast on the Go;null;3.4;null;null;8.3;null;3.9;0.6;
264902295;Go Ahead Crispy Fruit Slices Raspberry 195G;£1.69;£0.87/100g;Cereals;Breakfast on the Go;null;5.3;null;null;7.0;null;2.5;0.6;
283419619;Go Ahead Raspberry Yoghurt Breaks Cereal Bars 5 Pack 177G;£1.00;£0.56/100g;Cereals;Breakfast on the Go;null;5.2;null;null;10.2;null;2.2;0.4;
267952731;Kelloggs Nutrigrain Apple 6 Pack;£1.00;£0.45/100g;Cereals;Breakfast on the Go;353 ;4;null;null;7.7;null;3.5;0.78;
275153944;Tesco Everyday Value Hazelnut &Rsncereal Bar 6 Pack 125G;£0.74;£0.10/100g;Cereals;Breakfast on the Go;422;7.9;null;20.2;16.3;3.2;4.9;0.2;
287489080;Kelloggs Crunchy Nut Peanut Bar 4X35g;£2.49;£1.78/100g;Cereals;Breakfast on the Go;485;14;null;null;25;null;5;0.88;
252040802;Kellogg's Rice Krispies Cereal Milk Bars 6X20g;£1.69;£1.41/100g;Cereals;Breakfast on the Go;411 ;6;null;null;11;null;0.3;0.63;
283636016;Alpen Light Summer Fruits Bars 5 Pack 105G;£1.69;£1.61/100g;Cereals;Breakfast on the Go;1406kJ/ 267kJ/;4.4;59;null;4.1;null;22;0.20;
287614756;Alpen Light Jaffa Cake 5 Pack 95G;£1.69;£1.78/100g;Cereals;Breakfast on the Go;null;null;null;null;null;null;null;null;
272228804;Kelloggs Special K Milk Chocolate Chewy Delight 4X24g;£1.85;£1.93/100g;Cereals;Breakfast on the Go;398 ;5.2;null;null;13;null;17;0.43;
264351180;Alpen Strawberry With Yoghurt Cereal Bar 5X29g;£1.69;£1.17/100g;Cereals;Breakfast on the Go;1748kJ/ 507kJ/;4.8;75;null;10;null;2.7;0.18;
275153870;Tesco Everyday Value Chocolate And Coconut Cereal Bar 125G;£0.74;£0.59/100g;Cereals;Breakfast on the Go;433;6.2;null;25.0;15.5;9.2;5.2;0.3;
283635305;Alpen Light Bars Double Chocolate 5 Pack 105G;£1.69;£1.61/100g;Cereals;Breakfast on the Go;1442kJ/ 274kJ/;5.0;56;null;6.2;null;22;0.21;
283054785;Tesco 4 Popcorn Bar Cranberry And Cashew Nut 4X34g;£1.19;£0.88/100g;Cereals;Breakfast on the Go;392;4.8;null;41.4;10.4;1.4;3.3;0.1;
252861844;Kelloggs Coco Pops Cereal Bar 6 X 20G;£1.69;£1.41/100g;Cereals;Breakfast on the Go;419 ;5.6;null;null;12;null;1.5;0.53;
252882312;Kelloggs Frosties Cereal Bars 6 X 25G;£1.69;£1.13/100g;Cereals;Breakfast on the Go;411 ;6.4;null;null;11;null;1.4;0.75;
283273237;Kelloggs Special K Biscuit Moments Raspberry 5X25g;£1.99;£15.92/kg;Cereals;Breakfast on the Go;383 ;4.6;null;null;8.7;null;1.8;0.88;
250202816;Kelloggs Chocolate Caramel Krispie Square 4 X 36G;£1.69;£1.18/100g;Cereals;Breakfast on the Go;1784 kJ 642 kJ;4.5;null;null;12;null;2;0.75;
260402680;Kelloggs Special K Raspberry/Choc Bars 5 X 22G;£1.85;£1.69/100g;Cereals;Breakfast on the Go;411 ;4;null;null;10;null;4;0.63;
283634062;Alpen Light Chocolate And Fudge Bar 5X21g;£1.69;£1.47/100g;Cereals;Breakfast on the Go;1435kJ/ 273kJ/;4.9;55;null;6.5;null;22;0.17;
272614382;Mcvities Medley Double Chocolate 6X30g;£1.60;£0.89/100g;Cereals;Breakfast on the Go;null;5.7;null;null;14.1;null;3.4;0.7;
283023119;Tesco Chocolate Kubes 4 X 36G;£1.19;£0.83/100g;Cereals;Breakfast on the Go;422;4.5;null;33.5;11.8;6.8;1.9;0.4;
283273116;Kelloggs Special K Biscuit Moments Caramel 5X25;£1.99;£15.92/kg;Cereals;Breakfast on the Go;382 ;4.8;null;null;9;null;1.6;0.75;
250202649;Kelloggs Rice Krispie Squares 4 X 28G;£1.69;£1.51/100g;Cereals;Breakfast on the Go;424 ;3;null;null;12;null;0.9;0.75;
283357628;Nakd Apple Crunch 4X30g;£2.49;£2.08/100g;Cereals;Breakfast on the Go;1489kJ 447kJ;18.4;50.7;null;8.0;null;5.0;0.6;
285355028;T.Sticky Toffee Cereal Bars 135G;£1.19;£0.88/100g;Cereals;Breakfast on the Go;429;4.6;null;34.1;13.6;7.5;2.6;0.1;
283668018;Quaker Oats So Simple Maple And Pecan Crunchy Bars150g;null;null;Cereals;Breakfast on the Go;2004 kJ/ 601 kJ/;8.7;null;null;17.5;null;7.1;0.22;
283355319;9Bar Peanut 4X40g Pack;£1.99;£1.25/100g;Cereals;Breakfast on the Go;null;8.1;null;null;17.2;null;2.5;null;
283357559;Nakd Banana Crunch 4X30g;£2.49;£2.08/100g;Cereals;Breakfast on the Go;1439kJ 432kJ;18.4;47.9;null;8.1;null;4.3;0.6;
283355360;9Bar Cocoa Hazelnut 4X40g Pack;£1.99;£1.25/100g;Cereals;Breakfast on the Go;null;14.6;null;null;40.4;null;5.8;0.25;
283971033;Nature Valley Oats And Honey Bites 126G;£1.99;£1.58/100g;Cereals;Breakfast on the Go;1916kJ 594kJ -;8.1;null;null;17.2;null;5.6;0.80;
283667647;Quaker Oats So Simple Crunchy Bars Ginger 5 Pack 150G;£1.00;£0.67/100g;Cereals;Breakfast on the Go;1974 kJ/ 592 kJ/;8.6;null;null;16.1;null;7.2;0.39;
275288439;Nature Valley Sweet And Nutty Peanut 150 G;£2.00;£1.34/100g;Cereals;Breakfast on the Go;2085kJ 625kJ 7%;13.0;null;null;27.0;null;4.4;0.7;
283023367;Tesco Vanilla Kube 4 X 28G;£1.19;£1.07/100g;Cereals;Breakfast on the Go;null;null;null;null;null;null;null;null;
283356883;Nakd Cocoa Crunch 4X30g;£2.49;£2.08/100g;Cereals;Breakfast on the Go;1469kJ 440kJ;18.4;47.2;null;8.8;null;6.3;0.6;
287507889;Nature Valley Protein Peanut And Chocolate 150G;£2.00;£13.34/kg;Cereals;Breakfast on the Go;1950 kJ 585 kJ 7%;28.3;null;null;22.9;null;5.7;0.55;
285355149;Tesco Apple Crumble Cereal Bars 135G;£1.19;£0.88/100g;Cereals;Breakfast on the Go;418;4.6;null;30.9;12.8;6.7;2.6;0.1;
281865807;Barny Strawberry 5 Pack 150G;£1.69;£1.13/100g;Cereals;Breakfast on the Go;1500 kJ 450 kJ -;4.6;null;null;11;null;1.3;0.78;
283668364;Quaker Oats So Simple Crunchy Bars Golden Syrup150g;null;null;Cereals;Breakfast on the Go;1970 kJ/ 591 kJ/;8.4;null;null;16.2;null;6.9;0.36;
283971540;Nature Valley Oats And Choco Bites 126G;£1.99;£1.58/100g;Cereals;Breakfast on the Go;1953kJ 605kJ -;7.7;null;null;19.4;null;6.4;0.60;
285355063;Tesco Berry And Almond Bakewell Cereal Bars 135G;£1.19;£0.88/100g;Cereals;Breakfast on the Go;427;5.3;null;33.3;14.5;6.8;3.7;0.1;
287508243;Nature Valley Peanuts Pumpkin Sunflower 150G;null;null;Cereals;Breakfast on the Go;1946 kJ 584 kJ 7%;27.4;null;null;23.3;null;6.0;0.77;
283357012;Nakd Strawberry Crunch 4X30g;£2.49;£2.08/100g;Cereals;Breakfast on the Go;1498kJ 449kJ;18.4;49.2;null;9.1;null;4.5;0.6;
283355423;9Bar Cocoa Raspberry 4X40g Pack;£1.99;£1.25/100g;Cereals;Breakfast on the Go;null;15.0;null;null;38.1;null;6.6;0.25;
283846992;Kelloggs Corn Flakes On The Go 35G;£1.00;£2.86/100g;Cereals;Breakfast on the Go;378 ;7;null;null;0.9;null;3;1.3;
274949506;Alpen Fruit Nut Porridge 60G;£0.90;£1.50/100g;Cereals;Breakfast on the Go;1008kJ/ 1680kJ/;7.0;37.7;null;6.0;null;3.4;null;
279252124;Kelloggs Special K Porridge Original 50G;£0.99;£1.98/100g;Cereals;Breakfast on the Go;387 ;13;null;null;4.5;null;9;0.2;
285313741;Kelloggs Special K Apple And Cinnamon Porridge Pot 50G;£0.99;£1.98/100g;Cereals;Breakfast on the Go;387 ;12;null;null;4.3;null;8.2;0.2;
276672743;Quaker Oat So Simple Honey Vanilla Porridge 57G;£0.99;£1.74/100g;Cereals;Breakfast on the Go;1580 kJ 901 kJ;15.1;null;null;5.1;null;5.5;0.33;
283910688;Fuel Your 10K Hours Liquid Breakfast Vani330ml;£1.49;£0.45/100g;Cereals;Breakfast on the Go;73;6.1;null;null;0.2;null;1.6;0.2;
283846885;Kelloggs Crunchy Nut On The Go 45G;£1.00;£2.23/100g;Cereals;Breakfast on the Go;402 ;6;null;null;5;null;2.5;0.88;
278563512;Quaker Oat So Simple Caramel Porridge 57G;£0.99;£1.74/100g;Cereals;Breakfast on the Go;1598 kJ 911 kJ;10.6;null;null;5.7;null;6.4;0.15;
285612807;Nestle Shredded Wheat Honey Nut Cereal 90G;£1.00;£1.12/100g;Cereals;Breakfast on the Go;1615 kJ 900 kJ - - -;12.1;null;null;4.5;null;10.2;0.04;
268060828;Quaker Oat So Simple Apple And Blueberry Porridge 57G;£0.99;£1.74/100g;Cereals;Breakfast on the Go;1584 kJ 903 kJ;14.2;null;null;5.0;null;5.5;0.30;
283846793;Kelloggs Special K On The Go 45G;£1.00;£2.23/100g;Cereals;Breakfast on the Go;375 ;9;null;null;1.5;null;4.5;1;
283846842;Kelloggs Rice Krispies On The Go 30G;£1.00;£3.34/100g;Cereals;Breakfast on the Go;383 ;6;null;null;1;null;1;1.13;
274949823;Alpen Raspberry And Apple Porridge Pot 60G;£0.90;£1.50/100g;Cereals;Breakfast on the Go;996kJ/ 1660kJ/;6.7;38.9;null;2.9;null;3.5;null;
285452437;Perfekt For Wheat Biscuits 2 Pack;£0.89;£0.45/each;Cereals;Breakfast on the Go;null;4.0;null;null;0.7;null;3.6;0.23;
285314227;Kelloggs Special K Blueberry & Cranberry Porridge Pot 50G;£0.99;£1.98/100g;Cereals;Breakfast on the Go;386 ;13;null;null;4.5;null;8.8;0.2;
268574497;Quaker Oat So Simple Sweet Cinnamon Porridge 57G;£0.99;£1.74/100g;Cereals;Breakfast on the Go;1577 kJ 897 kJ;14.4;null;null;5.2;null;5.6;0.31;
283846931;Kelloggs Krave Milk Cho On The Go 60G;£1.00;£1.67/100g;Cereals;Breakfast on the Go;450 ;8;null;null;16;null;3;1;
268060840;Quaker Oat So Simple Golden Syrup Porridge 57G;£0.99;£1.74/100g;Cereals;Breakfast on the Go;1571 kJ 895 kJ;13.3;null;null;4.9;null;6.7;0.58;
278563794;Quaker Oat So Simple Banana Strawberry Porridge 58G;£1.19;£2.06/100g;Cereals;Breakfast on the Go;1587 kJ 921 kJ;13.7;null;null;5.0;null;5.0;0.22;
276673016;Kelloggs Pop Tarts Wild Berry 8X50g;£2.00;£0.50/100g;Cereals;Breakfast on the Go;400 ;5;null;null;11;null;2.5;0.85;
282318124;Quaker Oat So Simple Multigrain Honey Porridge 53G;£0.99;£1.87/100g;Cereals;Breakfast on the Go;1553 kJ 824 kJ;11.4;null;null;4.2;null;8.4;0.18;
276672841;Quaker Oat So Simple Strawberry Raspberry Cranberry Porridge 57G;£0.99;£1.74/100g;Cereals;Breakfast on the Go;1582 kJ 902 kJ;14.7;null;null;5.1;null;5.5;0.30;
279300402;Special K Porridge Honey 50G;£0.99;£1.98/100g;Cereals;Breakfast on the Go;389 ;13;null;null;5;null;8;0.2;
285435844;Quaker Oats So Simple Big Pot Original 66.5G;£1.19;£1.79/100g;Cereals;Breakfast on the Go;1599 kJ 1063 kJ;14.2;null;null;6.7;null;6.5;0.25;
275945215;Tesco Original Porridge Pots 55G;£0.79;£1.44/100g;Cereals;Breakfast on the Go;377;14.1;null;17.6;6.1;1.0;7.6;0.2;
279252297;Special K Porridge Red Berries 50G;£0.99;£1.98/100g;Cereals;Breakfast on the Go;387 ;13;null;null;4.5;null;9;0.2;
282318078;Quaker Oat So Simple Multigrain Original Porridge 50G;£0.99;£1.98/100g;Cereals;Breakfast on the Go;1544 kJ 772 kJ;12.1;null;null;4.5;null;8.9;0.19;
278564459;Quaker Oat So Simple Summer Berries Porridge 58G;£1.19;£2.06/100g;Cereals;Breakfast on the Go;1584 kJ 919 kJ;14.3;null;null;4.7;null;4.4;0.24;
285434471;Quaker Oat So Simple Strawberry Jam Pot Porridge 53G;£0.99;£1.87/100g;Cereals;Breakfast on the Go;1553 kJ 828 kJ;13.3;null;null;6.3;null;6.1;0.21;
282391012;Weetabix On The Go Vanilla Drink 250Ml;£1.39;£0.56/100ml;Cereals;Breakfast on the Go;375kJ/ 946kJ/ -;3.8;null;null;3.3;null;2.3;0.18;
285435625;Quaker Oats So Simple Big Big Pot Golden Syrup 75.9G;£1.19;£1.57/100g;Cereals;Breakfast on the Go;1575 kJ 1195 kJ;13.9;null;null;5.1;null;5.5;0.55;
287377431;Weetabix Minis Chocolate Cereal Pot 65G;£1.00;£1.54/100g;Cereals;Breakfast on the Go;1649kJ/ 1072kJ/ -;9.8;71;null;5.4;null;9.4;0.18;
282390848;Weetabix On The Go Strawberry 250Ml;£1.39;£0.56/100ml;Cereals;Breakfast on the Go;371kJ/ 932kJ/ -;3.8;null;null;3.2;null;2.3;0.18;
282391070;Weetabix On The Go Chocolate Drink 250Ml;£1.39;£0.56/100ml;Cereals;Breakfast on the Go;357kJ/ 902kJ/ -;3.8;null;null;2.8;null;2.3;0.17;
275945987;Tesco Golden Syrup Porridge Pots 55G;£0.79;£1.44/100g;Cereals;Breakfast on the Go;380;11.4;null;26.0;4.9;0.8;5.5;0.2;
285355224;Weetabix On The Go Banana Drink 250Ml;£1.39;£0.56/100ml;Cereals;Breakfast on the Go;371kJ/ 936kJ/ -;3.8;null;null;3.2;null;2.3;0.18;
287438878;Weetabix Weetos 30G;£0.99;£3.30/100g;Cereals;Breakfast on the Go;1649kJ/ 495kJ/ -;8.4;75;null;4.9;null;6.2;0.23;
284736962;Tesco Instant Oats Porridge Multigrain With Red Berries 55G;£0.79;£1.44/100g;Cereals;Breakfast on the Go;360;11.8;null;19.3;3.9;0.7;8.5;0.1;
268060857;Quaker Oat So Simple Original Porridge Pot 50G;£0.99;£1.98/100g;Cereals;Breakfast on the Go;1599 kJ 800 kJ;14.3;null;null;7.2;null;7.3;0.22;
284736812;Tesco Instant Oats Porridge Multigrain 50G;£0.79;£1.58/100g;Cereals;Breakfast on the Go;357;14.0;null;14.7;3.7;0.7;8.5;0.2;
272122065;Belvita Forest Fruits Biscuits 300G;£2.59;£0.86/100g;Cereals;Breakfast on the Go;1895 kJ 237 kJ -;7.4;null;null;15;null;4;0.33;
262576199;Cadbury Brunch Chocolate Chip 210G 6 Pack;£1.99;£0.95/100g;Cereals;Breakfast on the Go;1860 kJ 595 kJ;6.1;null;null;17.0;null;4.8;0.63;
262103823;Kelloggs Elevenses Ginger 6 X 45G;£2.29;£0.85/100g;Cereals;Breakfast on the Go;377 ;4.5;null;null;10;null;2.5;0.43;
281926143;Alpen Trail Bar Fruit And Nut 144G;£1.69;£1.18/100g;Cereals;Breakfast on the Go;1631kJ/ 783kJ/;5.9;72;null;7.5;null;3.6;0.35;
267953027;Kelloggs Nutrigrain Blkberry And Apple 6X37g;£1.00;£0.45/100g;Cereals;Breakfast on the Go;354 ;4;null;null;7.7;null;3.5;0.88;
276671358;Fuel Energy Drink Strawberry 330Ml;£1.49;£0.45/100ml;Cereals;Breakfast on the Go;76;6.1;null;null;0.1;null;1.6;0.1;
262103796;Kelloggs Elevenses Raisin 6 X 45G;£2.29;£0.85/100g;Cereals;Breakfast on the Go;372 ;4.5;null;null;9;null;2.5;0.45;
287508709;Up&Go Chocolate Breakfast 250Ml;£1.00;£0.40/100ml;Cereals;Breakfast on the Go;null;3.8;null;null;1.0;null;2.4;0.14;
256431875;Kelloggs Pop Tarts Strawberry Sensation 400G;£2.00;£0.50/100g;Cereals;Breakfast on the Go;400 ;4;null;null;11;null;2.5;0.88;
271924788;Tesco Raisin Munch Bar 6 X 32G;£1.19;£0.57/100g;Cereals;Breakfast on the Go;420;5.0;null;32.3;12.7;6.8;4.0;0.4;
256434964;Kelloggs Pop Tarts Chocolate 400G;£2.00;£0.50/100g;Cereals;Breakfast on the Go;396 ;5;null;null;11;null;2.5;1.13;
272616161;Quaker Oats So Simple Morning Bars Golden Syrup 5X35g;£1.00;£0.57/100g;Cereals;Breakfast on the Go;1705 kJ/ 597 kJ/;8.2;null;null;10.0;null;6.8;0.51;
272417984;Tesco Breakfast Biscuits Milk And Cereal 6 Pack 300G;£1.19;£0.40/100g;Cereals;Breakfast on the Go;451;7.5;null;18.5;16.0;6.7;4.5;1.3;
258180534;Cadbury's Brunch Bars Raisin 6 Pack;£1.99;£1.00/100g;Cereals;Breakfast on the Go;1810 kJ 580 kJ;5.4;null;null;15.5;null;4.5;0.57;
287508592;Up&Go Vanilla Breakfast 250Ml;£1.00;£0.40/100ml;Cereals;Breakfast on the Go;null;3.8;null;null;1.0;null;2.3;0.15;
276671214;Fuel Energy Drink Chocolate 330Ml;£1.49;£0.45/100ml;Cereals;Breakfast on the Go;89;6.1;null;null;0.8;null;1.6;0.2;
272616132;Quaker Oats So Simple Morning Bar Fruit Muesli 5X35g;£1.00;£0.57/100g;Cereals;Breakfast on the Go;1668 kJ/ 584 kJ/;7.7;null;null;9.1;null;6.6;0.46;
281926258;Alpen Trail Bar Berries 144G;£1.69;£1.18/100g;Cereals;Breakfast on the Go;1588kJ/ 762kJ/;6.0;73;null;5.7;null;4.3;0.35;
267953350;Kelloggs Nutrigrain Blueberry 6 Pack;£1.00;£0.45/100g;Cereals;Breakfast on the Go;353 ;4;null;null;7.7;null;3.5;0.78;
283230087;Barny Apple 150G;£1.69;£1.13/100g;Cereals;Breakfast on the Go;1490kJ 447kJ -;4.6;null;null;9.9;null;1.3;null;
265697045;Kelloggs Rice Krispie Square Chocolatey8x36g;£3.28;£1.14/100g;Cereals;Breakfast on the Go;432 ;4.5;null;null;13;null;1.5;0.63;
256289352;Eat Natural Dark Chocolate Cranberry And Macadamia Bars 3X45g;£1.99;£1.48/100g;Cereals;Breakfast on the Go;478;4.7;null;null;24.6;null;5.9;0.07;
264525476;Kelloggs Rice Krispie Squares Chocolatley4x36g;£1.69;£1.18/100g;Cereals;Breakfast on the Go;432 ;4.5;null;null;13;null;1.5;0.63;
274171481;Kelloggs Rice Krispies Squares Honeycomb 128G;£1.69;£1.33/100g;Cereals;Breakfast on the Go;1762 kJ 564 kJ;5;null;null;10;null;0.6;0.75;
257718823;Jordans Frusli Bar Raisin And Hazelnut 6 Pack;£1.99;£1.11/100g;Cereals;Breakfast on the Go;1679kJ 504kJ -;5.8;null;null;12.2;null;4.5;0.03;
266319913;Jordans Frusli Limited Edition 6 Pack 180G;£1.99;£1.11/100g;Cereals;Breakfast on the Go;1597kJ 479kJ -;4.7;null;null;7.8;null;4.6;0.03;
277732579;Barny Milk Kids Sponge Bear 5 Pack 150G;£1.69;£1.13/100g;Cereals;Breakfast on the Go;1630 kJ 489 kJ -;6.1;null;null;15;null;1.3;0.83;
253816949;Eat Natural Yoghurt Almond And Apricot Bars 3X50g;£1.99;£1.33/100g;Cereals;Breakfast on the Go;462;7.0;null;null;25.6;null;5.0;0.08;
284256556;Eat Natural Protein 3 X 45G;£1.99;£1.48/100g;Cereals;Breakfast on the Go;477;22.0;null;null;29.5;null;6.4;0.5;
257722420;Jordans Frusli Blueberry Burst 6 Pack;£1.99;£1.11/100g;Cereals;Breakfast on the Go;1584kJ 475kJ -;5.2;null;null;7.1;null;4.9;0.03;
257722339;Jordans Frusli Wild Berry 6X30g;£1.99;£1.11/100g;Cereals;Breakfast on the Go;1579kJ 474kJ;4.8;null;null;7.2;null;5.4;null;
283419775;Go Ahead Strawberry Yoghurt Breaks Cereal Bars 5 Pack 177G;£1.00;£0.56/100g;Cereals;Breakfast on the Go;null;5.1;null;null;10.1;null;2.2;0.5;
277732458;Barny Chocolate Kids Sponge Bear 5 Pack 150G;£1.69;£1.13/100g;Cereals;Breakfast on the Go;1645kJ 494kJ;5.9;null;null;15.5;null;1.3;null;
276371598;Go Ahead Crispy Fruit Slices S/Bery 5X39g;£1.69;£0.87/100g;Cereals;Breakfast on the Go;null;5.6;null;null;7.2;null;2.3;0.6;
278329733;Cheweee Milk Chocolate Chip Bars 8 Pack 176G;£1.00;£0.57/100g;Cereals;Breakfast on the Go;1831kJ 403kJ 8400kJ -;6.0;null;null;14.5;null;3.3;0.5;
278329762;Cheweee White Chocolate Chip Bars 8 Pack 176G;£1.00;£0.57/100g;Cereals;Breakfast on the Go;1797kJ 395kJ 8400kJ -;5.7;null;null;13.5;null;3.5;0.6;
276355554;Kelloggs Rice Krispie Squares Mint 4X34g;£1.69;£1.25/100g;Cereals;Breakfast on the Go;1839 kJ 625 kJ;4.5;null;null;14;null;1.5;0.75;
257763601;Jordans Absolute Nut Bars 3X45g;£2.19;£1.63/100g;Cereals;Breakfast on the Go;2399kJ 1080kJ -;11.7;null;null;43.6;null;6.0;0.01;
279820028;Cadbury Brunch Bar Peanut 192G;£1.99;£1.04/100g;Cereals;Breakfast on the Go;1930 kJ 620 kJ;7.8;null;null;20.0;null;4.9;0.57;
255416354;Eat Natural Brazil Sultana Almond Bars3x50g;£1.99;£1.33/100g;Cereals;Breakfast on the Go;454;11.2;null;null;22.6;null;5.0;0.03;
274171348;Kelloggs Special K Biscuit Moments Blueberry 125G;£1.99;£1.60/100g;Cereals;Breakfast on the Go;395 ;4.7;null;null;9;null;1.5;0.78;
267497492;Kelloggs Squares Marshmallow Breaksize 5 Pack;£1.69;£1.69/100g;Cereals;Breakfast on the Go;424 ;3;null;null;12;null;0.9;0.75;
261154775;Kelloggs Special K Red Berries Bars 12 Pack;£4.29;£1.56/100g;Cereals;Breakfast on the Go;386 ;4.4;null;null;5.1;null;2.6;0.63;
272052798;Kelloggs Rice Krispies Squares Rocky Road 4X34g;£1.69;£1.25/100g;Cereals;Breakfast on the Go;420 ;4;null;null;11;null;1.5;0.55;
266909394;Mcvities Medley Digestive Hazelnut And Chocolate 6X30;£1.60;£0.89/100g;Cereals;Breakfast on the Go;null;6.7;null;null;18.0;null;3.4;0.8;
280447962;Nature Valley Crunchy Bars Oats&Honey 5X42g;£2.39;£1.14/100g;Cereals;Breakfast on the Go;1916 kJ/ 805 kJ/;8.1;null;null;17.2;null;5.6;0.8;
268724983;Kelloggs Special K Chocolate Chip 6X20g;£1.85;£1.55/100g;Cereals;Breakfast on the Go;396 ;6;null;null;9;null;11;0.63;
267496936;Kelloggs Squares Chocolate Breaksize 5 Pack;£1.69;£1.30/100g;Cereals;Breakfast on the Go;432 ;4.5;null;null;13;null;1.5;0.63;
267953730;Kelloggs Special K Red Berry Cereal Bars 5 Pack 115G;£1.85;£1.61/100g;Cereals;Breakfast on the Go;386 ;4.4;null;null;5.1;null;2.6;0.63;
267956387;Kelloggs Special K Peach And Apricot 5 Pack 115G;£1.85;£1.61/100g;Cereals;Breakfast on the Go;389 ;4.8;null;null;6.1;null;3;0.63;
264711286;Kelloggs Rice Krispies Squares Marshmallows 8Pk;£3.28;£1.47/100g;Cereals;Breakfast on the Go;424 ;3;null;null;12;null;0.9;0.75;
276354423;Kelloggs Special Biscuit Moments Chocolate 125G;£1.99;£1.60/100g;Cereals;Breakfast on the Go;394 ;5.2;null;null;9;null;2.2;0.73;
259128372;Kelloggs Special K Chocolate And Mint Bars 5X22g;£1.85;£1.69/100g;Cereals;Breakfast on the Go;410 ;5;null;null;10;null;3.5;0.5;
266909906;Mcvities Medley Hobnobs Raisin And Chocolate 6X30g;£1.60;£0.89/100g;Cereals;Breakfast on the Go;null;5.5;null;null;12.1;null;3.6;0.7;
280448186;Nature Valley Ginger Crunch 5X42g;£2.39;£1.14/100g;Cereals;Breakfast on the Go;1919kJ 806kJ;7.8;64.0;null;17.6;null;5.9;0.7;
284196762;Kelloggs Squares Chocmallow 4X36g;£1.69;£1.18/100g;Cereals;Breakfast on the Go;438 ;3.1;null;null;14;null;0.8;0.58;
274171423;Kelloggs Special K Biscuit Moments Strawberry 125G;£1.99;£1.60/100g;Cereals;Breakfast on the Go;390 ;4.8;null;null;8;null;1.6;0.75;
272228430;Kelloggs Special K Dark Chocolate Chewy Delight 4X24g;£1.85;£1.93/100g;Cereals;Breakfast on the Go;404 ;4.5;null;null;14;null;17;0.35;
280448128;Nature Valley Granola Bars Maple Syrup 5X42g;£2.39;£1.14/100g;Cereals;Breakfast on the Go;1916kJ 805kJ 10%;7.9;null;null;17.1;null;6.2;0.7;
271099974;Mcvities Medley Digestive Crmel And Milk Chocolate 6X30g;£1.60;£0.89/100g;Cereals;Breakfast on the Go;null;6.1;null;null;14.5;null;3.8;0.7;
268347755;Nature Valley Oats And Hazelnut 5X2 Bars 210G;£2.39;£1.14/100g;Cereals;Breakfast on the Go;1965kJ 825kJ -;8.0;60.2;null;20.3;null;6.8;0.9;
268413556;Nature Valley Oats And Chocolate 5X2bars 210G;£2.39;£1.14/100g;Cereals;Breakfast on the Go;1953 kJ/ 820 kJ/ 10%;7.7;null;null;19.4;null;6.4;0.6;
279648664;Stoats Blackberry Honey Porridge Bar Multipacks4x50g;£2.49;£1.25/100g;Cereals;Breakfast on the Go;null;null;null;null;null;null;null;null;
254570958;Tesco Everyday Value 6Pk White Chocolate And Strawberry Cereal Bars;£0.74;£0.59/100g;Cereals;Breakfast on the Go;400;5.1;null;35.0;8.9;4.8;3.5;null;
275504375;Tesco Healthy Living 5 Chocolate & Caramel Cereal Bars 105G;£1.19;£1.14/100g;Cereals;Breakfast on the Go;325;6.5;null;16.9;6.9;3.8;24.2;0.3;
275504628;Tesco Rice Snaps Cereal And Milk Bars 120G;£1.19;£0.99/100g;Cereals;Breakfast on the Go;458;4.6;null;33.7;18.0;14.1;0.7;0.4;
275152974;Tesco Goodness Banana Cereal Bar 125G;£1.19;£0.95/100g;Cereals;Breakfast on the Go;385;6.1;null;22.3;8.1;1.9;4.3;null;
268068745;Tesco 6 Honey And Oaty Granola Bars 6 Pack 252G;£1.19;£0.47/100g;Cereals;Breakfast on the Go;469;6.7;null;33.0;18.8;3.0;3.1;0.3;
279684459;Stoats Raspberry And Honey Porridge Bar Multipacks 4X50g;£2.49;£1.25/100g;Cereals;Breakfast on the Go;null;null;null;null;null;null;null;null;
281866222;Special K Hazelnut And Almond Bar 5 Pack;£1.85;£0.37/each;Cereals;Breakfast on the Go;404 ;6;null;null;12;null;7.6;0.8;
255526391;Tesco Peanut Munch Bar 6 Pack 162G;£1.19;£0.74/100g;Cereals;Breakfast on the Go;446;8.4;null;24.0;18.3;7.9;4.8;0.1;
258969869;Tesco Goodness Cereal Bar Strawberry 6 Pack;null;null;Cereals;Breakfast on the Go;370;6.3;null;21.6;7.1;0.9;4.4;null;
280364092;Nature Valley Sweet And Nutty Chocolate 5X30g;£2.00;£1.34/100g;Cereals;Breakfast on the Go;2016 kJ / 605 kJ /;10.2;null;null;23.4;null;3.9;0.7;
275504559;Tesco Choco Snap Bars 120G;£1.19;£0.99/100g;Cereals;Breakfast on the Go;447;5.5;null;30.7;17.0;13.5;2.4;0.3;
268069030;Tesco 6 Maple Syrup Oaty Granola Bars 6 Pack 252G;£1.19;£0.47/100g;Cereals;Breakfast on the Go;495;6.0;null;32.4;22.3;3.0;4.1;0.1;
262033940;Tesco Crispy Seedy Nutty Bites 200G;£1.19;£0.60/100g;Cereals;Breakfast on the Go;527;10.1;null;32.2;31.2;7.0;5.0;0.1;
279648584;Stoats Apl&Cinn Porridge Bar Multipacks4x50g;£2.49;£1.25/100g;Cereals;Breakfast on the Go;null;null;null;null;null;null;null;null;
275504444;Tesco Healthy Living 5 Apple & Strawberry Cereal Bars 105G;£1.19;£1.14/100g;Cereals;Breakfast on the Go;309;6.3;null;16.8;5.0;3.6;26.3;0.3;
268347692;Nature Valley Oats And Berries 5X2 Bars 210G;£2.39;£1.14/100g;Cereals;Breakfast on the Go;1900kJ 798kJ 10%;7.4;64.6;null;16.9;null;6.1;0.7;
280448007;Nature Valley Variety 5X42g;£2.39;£1.14/100g;Cereals;Breakfast on the Go;1919kJ 806kJ;7.8;64.0;null;17.6;null;5.9;0.7;
268337358;Weight Watchers 6 Caramel Mallows 100G;£0.99;£0.99/100g;Cereals;Breakfast on the Go;null;5.5;null;null;2.1;null;17.8;null;
264417604;Weight Watchers Chocolate Biscuits 5 Pack 90G;£0.99;£1.10/100g;Cereals;Breakfast on the Go;null;7.9;null;null;21.5;null;45;0.4;
268331036;Weight Watchers Chocolate Chip Cookies 5 Pack 95G;£0.99;£1.05/100g;Cereals;Breakfast on the Go;null;6.0;null;null;17.6;null;10.6;0.5;
274036884;Weight Watchers Milk Chocolate Digestive Biscuit 132G;£0.99;£0.75/100g;Cereals;Breakfast on the Go;null;7.9;null;null;19.5;null;6.5;0.5;
277733514;Tracker Chocolate Chip 6 Pack 156G;null;null;Cereals;Breakfast on the Go;2022kJ 526kJ (6%);6.7;null;null;23.7;null;null;0.43;
277733532;Tracker Peanut 6 Pack 156G;£1.00;£0.64/100g;Cereals;Breakfast on the Go;2046kJ 532kJ (6%);7.8;null;null;25.1;null;null;0.43;
263822120;Weight Watchers Caramel Wafers 5X18.4G;£0.99;£1.08/100g;Cereals;Breakfast on the Go;null;5.7;null;null;20.2;null;1.9;null;
281865986;Belvita Cocoa Sandwich 253G;£1.39;£0.55/100g;Cereals;Cereal Bars & Breakfast Biscuits;450 ;7.4;null;null;15.0;null;4.4;0.60;
272121918;Belvita Honey Yoghurt Crunch 253G;£1.39;£0.55/100g;Cereals;Cereal Bars & Breakfast Biscuits;450 ;7.4;null;null;16.0;null;3.9;0.55;
268067591;Belvita Honey And Nuts Biscuits 300G;£2.59;£0.86/100g;Cereals;Cereal Bars & Breakfast Biscuits;1880 kJ 235 kJ -;7.4;null;null;15.5;null;4.3;0.90;
271099738;Belvita Plain Yoghurt Crunch 253G;£1.39;£0.55/100g;Cereals;Cereal Bars & Breakfast Biscuits;450 ;7.3;null;null;16.5;null;3.9;0.55;
273686870;Belvita Strawberry And Yoghurt Crunch 253G;£1.39;£0.55/100g;Cereals;Cereal Bars & Breakfast Biscuits;445 ;6.9;null;null;15.0;null;4.3;0.55;
283230634;Belvita Crunch Apricot 300G;£2.79;£0.93/100g;Cereals;Cereal Bars & Breakfast Biscuits;1675 kJ 280 kJ -;7.6;null;null;9.1;null;12.0;0.63;
286416094;Belvita Tops Choco Hazelnut 250G;£2.79;£1.12/100g;Cereals;Cereal Bars & Breakfast Biscuits;455 ;7.2;null;null;16.0;null;4.9;0.55;
266318557;Belvita Milk And Cereal Biscuits 300G;£2.59;£0.86/100g;Cereals;Cereal Bars & Breakfast Biscuits;1840 kJ 230 kJ -;7.6;null;null;14;null;4.2;0.98;
273690904;Belvita Honey And Nuts Biscuits 600G;£3.99;£0.67/100g;Cereals;Cereal Bars & Breakfast Biscuits;1880 kJ 235 kJ -;7.4;null;null;15.5;null;4.3;0.90;
283419619;Go Ahead Raspberry Yoghurt Breaks Cereal Bars 5 Pack 177G;£1.00;£0.56/100g;Cereals;Cereal Bars & Breakfast Biscuits;null;5.2;null;null;10.2;null;2.2;0.4;
271935809;Kelloggs Nutri Grain Crunchy Oat And Honey 210G;£2.29;£1.10/100g;Cereals;Cereal Bars & Breakfast Biscuits;463 ;7;null;null;18;null;4.5;0.85;
286415976;Belvita Tops Strawberry Jam 250G;£2.79;£1.12/100g;Cereals;Cereal Bars & Breakfast Biscuits;420 ;6.6;null;null;12.0;null;4.1;0.68;
266318822;Belvita Fruit And Fibre Biscuits 300G;£2.59;£0.86/100g;Cereals;Cereal Bars & Breakfast Biscuits;1830 kJ 229 kJ 11 % -;7.4;null;null;14.0;null;8.7;0.38;
268067268;Belvita Crunchy Oats Biscuits 300G;£2.59;£0.86/100g;Cereals;Cereal Bars & Breakfast Biscuits;1845 kJ 230 kJ -;7.6;null;null;14.5;null;5.5;1.38;
273691045;Belvita Milk And Cereal Biscuits 600G;£3.99;£0.67/100g;Cereals;Cereal Bars & Breakfast Biscuits;1840 kJ 230 kJ -;7.6;null;null;14;null;4.2;0.98;
271935907;Kelloggs Nutri Grain Crunchy Oat&Chocchip210g;£2.29;£1.10/100g;Cereals;Cereal Bars & Breakfast Biscuits;468 ;7;null;null;19;null;4.5;0.88;
283230473;Belvita Crunchy Hazelnuts 300G;£2.79;£0.93/100g;Cereals;Cereal Bars & Breakfast Biscuits;1770 kJ 295 kJ -;8.8;null;null;12.0;null;12.0;0.57;
285513124;Belvita Crunchy Chocolate Chips 300G;£2.79;£0.93/100g;Cereals;Cereal Bars & Breakfast Biscuits;1765 kJ 295 kJ -;8.1;null;null;12.0;null;12.0;0.57;
280679309;Belvita Cocoa Chocolate Chip 300G;£2.59;£8.64/kg;Cereals;Cereal Bars & Breakfast Biscuits;1845 kJ 230 kJ -;7.5;null;null;14.5;null;6.5;0.63;
276353643;Belvita Cranberry Biscuits 300G;£2.59;£0.86/100g;Cereals;Cereal Bars & Breakfast Biscuits;1815 kJ 227 kJ -;8.0;null;null;13.5;null;6.3;0.83;
281865744;Mcvitie's Breakfast Sandwich Oat And Yoghurt 253G;£2.49;£0.98/100g;Cereals;Cereal Bars & Breakfast Biscuits;null;9.0;null;null;21.3;null;2.9;0.8;
287489137;Kelloggs Nutri Grain Sandwich Chocolate Nut 5X40g;£2.49;£2.08/100g;Cereals;Cereal Bars & Breakfast Biscuits;470 ;6.2;null;null;21;null;7.9;0.53;
275712998;Tesco 6 Apple Fruity Bakes 222G;£1.19;£0.54/100g;Cereals;Cereal Bars & Breakfast Biscuits;386;4.1;null;42.5;7.4;3.7;1.5;0.6;
281865721;Mcvitie's Breakfast Sandwich Raspberry And Yoghurt 253G;£2.49;£0.98/100g;Cereals;Cereal Bars & Breakfast Biscuits;null;9.1;null;null;21.1;null;3.2;0.7;
275713219;Tesco 6 Strawberry Fruity Bakes 222G;£1.19;£0.54/100g;Cereals;Cereal Bars & Breakfast Biscuits;386;4.1;null;43.5;7.4;3.7;1.5;0.6;
275279583;Mcvities Breakfast Apple And Sultana 300G;£1.24;£0.41/100g;Cereals;Cereal Bars & Breakfast Biscuits;null;9.2;null;null;13.3;null;5.3;1;
287489108;Kelloggs Nutri Grain Sandwich Biscuit Yoghurt 5X40g;£2.49;£1.25/100g;Cereals;Cereal Bars & Breakfast Biscuits;471 ;7;null;null;21;null;7.2;0.55;
254982110;Go Ahead Crispy Orange Slices 5 Pack 195G;£1.69;£0.87/100g;Cereals;Cereal Bars & Breakfast Biscuits;null;5.4;null;null;7.0;null;2.3;0.6;
275505190;Tesco 5 Strawberry And Yoghurt Flavoured 145G;£1.19;£0.82/100g;Cereals;Cereal Bars & Breakfast Biscuits;425;7.0;null;29.9;12.3;9.6;4.9;null;
262103875;Kelloggs Elevenses Chocolate Chip 6X45g;£2.29;£0.85/100g;Cereals;Cereal Bars & Breakfast Biscuits;404 ;4.5;null;null;13;null;2.5;0.53;
283420185;Go Ahead Forest Fruit Yoghurt Breaks Bars 5 Pack 177G;£1.00;£0.56/100g;Cereals;Cereal Bars & Breakfast Biscuits;null;5.1;null;null;10.1;null;2.2;0.4;
261582803;Mcvitie Go Ahead Strawberry Bakes 6X35g;£1.00;£0.48/100g;Cereals;Cereal Bars & Breakfast Biscuits;null;3.5;null;null;8.4;null;4.1;0.6;
251232560;Go Ahead Apple Bakes 6X35g;£1.00;£0.48/100g;Cereals;Cereal Bars & Breakfast Biscuits;null;3.4;null;null;8.3;null;3.9;0.6;
266304867;Go Ahead Crispy Slices Cherry 5 Pack 195G;£1.69;£0.87/100g;Cereals;Cereal Bars & Breakfast Biscuits;null;5.3;null;null;7.0;null;2.5;0.5;
264902295;Go Ahead Crispy Fruit Slices Raspberry 195G;£1.69;£0.87/100g;Cereals;Cereal Bars & Breakfast Biscuits;null;5.3;null;null;7.0;null;2.5;0.6;
283419320;Go Ahead Cherry Yoghurt Breaks Cereal Bars 5 Pack 177G;£1.00;£0.56/100g;Cereals;Cereal Bars & Breakfast Biscuits;null;5.2;null;null;10.2;null;2.2;0.4;
275279911;Mcvities Breakfast Oats And Honey 300G;£1.24;£4.14/kg;Cereals;Cereal Bars & Breakfast Biscuits;null;9.6;null;null;14.0;null;4.6;1.0;
283418762;Go Ahead Tropical Yoghurt Breaks Cereal Bars 5 Pack 177G;£1.00;£0.56/100g;Cereals;Cereal Bars & Breakfast Biscuits;null;5.1;null;null;10.1;null;2.2;0.4;
255007867;Go Ahead Crispy Apple Slices 5 Pack 195G;£1.69;£0.87/100g;Cereals;Cereal Bars & Breakfast Biscuits;null;5.4;null;null;7.2;null;2.4;0.5;
275279813;Mcvities Breakfast Red Berries 300G;£1.24;£4.14/kg;Cereals;Cereal Bars & Breakfast Biscuits;null;9.6;null;null;13.8;null;5.1;1.0;
263229863;Tesco Standard Raisin Crispy Slices 218G;£1.19;£0.55/100g;Cereals;Cereal Bars & Breakfast Biscuits;380;6.0;null;33.5;3.9;1.1;5.5;0.7;
259364348;Kelloggs Nutrigrain Strawberry 12X37g;£3.79;£0.85/100g;Cereals;Cereal Bars & Breakfast Biscuits;354 ;4;null;null;7.7;null;3.5;0.78;
283634062;Alpen Light Chocolate And Fudge Bar 5X21g;£1.69;£1.47/100g;Cereals;Cereal Bars & Breakfast Biscuits;1435kJ/ 273kJ/;4.9;55;null;6.5;null;22;0.17;
264351180;Alpen Strawberry With Yoghurt Cereal Bar 5X29g;£1.69;£1.17/100g;Cereals;Cereal Bars & Breakfast Biscuits;1748kJ/ 507kJ/;4.8;75;null;10;null;2.7;0.18;
267952414;Kelloggs Nutrigrain Strawberry 6 Pack;£1.00;£0.45/100g;Cereals;Cereal Bars & Breakfast Biscuits;354 ;4;null;null;7.7;null;3.5;0.78;
283273237;Kelloggs Special K Biscuit Moments Raspberry 5X25g;£1.99;£15.92/kg;Cereals;Cereal Bars & Breakfast Biscuits;383 ;4.6;null;null;8.7;null;1.8;0.88;
260402680;Kelloggs Special K Raspberry/Choc Bars 5 X 22G;£1.85;£1.69/100g;Cereals;Cereal Bars & Breakfast Biscuits;411 ;4;null;null;10;null;4;0.63;
283634807;Alpen Light Bar Cherry Bakewell 5 Pack;£1.69;£1.47/100g;Cereals;Cereal Bars & Breakfast Biscuits;273kJ 1435kJ;1.0;null;null;1.1;null;4.3;null;
287614255;Alpen Caramel And Chocolate Bars 5 Pack 145G;£1.69;£1.17/100g;Cereals;Cereal Bars & Breakfast Biscuits;1817kJ/ 527kJ/;6.0;69;null;14;null;3.0;0.18;
267952731;Kelloggs Nutrigrain Apple 6 Pack;£1.00;£0.45/100g;Cereals;Cereal Bars & Breakfast Biscuits;353 ;4;null;null;7.7;null;3.5;0.78;
254982202;Mcvitie Go Ahead Crispy F/Frt Slices 5X43.5G;£1.69;£0.78/100g;Cereals;Cereal Bars & Breakfast Biscuits;null;5.3;null;null;7.0;null;2.5;0.6;
283635305;Alpen Light Bars Double Chocolate 5 Pack 105G;£1.69;£1.61/100g;Cereals;Cereal Bars & Breakfast Biscuits;1442kJ/ 274kJ/;5.0;56;null;6.2;null;22;0.21;
272228804;Kelloggs Special K Milk Chocolate Chewy Delight 4X24g;£1.85;£1.93/100g;Cereals;Cereal Bars & Breakfast Biscuits;398 ;5.2;null;null;13;null;17;0.43;
284371972;Bounce Almond Protein Energy Ball 49G;null;null;Cereals;Cereal Bars & Breakfast Biscuits;440;24;null;null;18;null;7.1;0.65;
287614756;Alpen Light Jaffa Cake 5 Pack 95G;£1.69;£1.78/100g;Cereals;Cereal Bars & Breakfast Biscuits;null;null;null;null;null;null;null;null;
287614376;Alpen Double Chocolate Bars 5 Pack 145G;£1.69;£1.17/100g;Cereals;Cereal Bars & Breakfast Biscuits;1823kJ/ 529kJ/;6.1;69;null;14;null;3.5;0.15;
264350440;Alpen Fruit And Nut With Chocolate Cereal Bar 5X29g;£1.69;£1.17/100g;Cereals;Cereal Bars & Breakfast Biscuits;1814kJ/ 526kJ/;6.4;71;null;13;null;2.2;0.20;
283273116;Kelloggs Special K Biscuit Moments Caramel 5X25;£1.99;£15.92/kg;Cereals;Cereal Bars & Breakfast Biscuits;382 ;4.8;null;null;9;null;1.6;0.75;
283636016;Alpen Light Summer Fruits Bars 5 Pack 105G;£1.69;£1.61/100g;Cereals;Cereal Bars & Breakfast Biscuits;1406kJ/ 267kJ/;4.4;59;null;4.1;null;22;0.20;
263230002;Tesco Standard Cranberry Crispy Slices 218G;£1.19;£0.55/100g;Cereals;Cereal Bars & Breakfast Biscuits;380;6.0;null;33.5;3.9;1.1;5.5;0.7;
252961432;Eat Natural Brazil Sultana Almond Bar 50G;£0.85;£1.70/100g;Cereals;Cereal Bars & Breakfast Biscuits;462;11.2;null;null;22.8;null;4.5;0.02;
276929343;Nakd Cafe Mocha Bar 35G;£0.75;£2.15/100g;Cereals;Cereal Bars & Breakfast Biscuits;1549kJ 542kJ;8.1;null;null;13.4;null;7.1;0.1;
284372032;Bounce Spirulina And Energy Ball 42G;£2.00;£4.77/100g;Cereals;Cereal Bars & Breakfast Biscuits;180;5;null;null;9;null;3;null;
250202816;Kelloggs Chocolate Caramel Krispie Square 4 X 36G;£1.69;£1.18/100g;Cereals;Cereal Bars & Breakfast Biscuits;1784 kJ 642 kJ;4.5;null;null;12;null;2;0.75;
284371799;Bounce Cacao Mint Pro Energy Ball 42G;£2.00;£4.77/100g;Cereals;Cereal Bars & Breakfast Biscuits;422;23;null;null;17;null;6.4;0.82;
278464105;Nakd Apple Crunch Bar 30G;£0.75;£2.50/100g;Cereals;Cereal Bars & Breakfast Biscuits;1489kJ 447kJ;18.4;null;null;8.0;null;5.0;0.6;
269068755;Nakd Berry Delight 35G;£0.75;£2.15/100g;Cereals;Cereal Bars & Breakfast Biscuits;1616kJ 566kJ;8.6;null;null;14.8;null;6.4;0.1;
254176022;Eat Natural Gold Cranberry And Macadamia Fruit Bar 45G;£0.85;£1.89/100g;Cereals;Cereal Bars & Breakfast Biscuits;478;4.7;null;null;24.6;null;5.9;0.07;
250202649;Kelloggs Rice Krispie Squares 4 X 28G;£1.69;£1.51/100g;Cereals;Cereal Bars & Breakfast Biscuits;424 ;3;null;null;12;null;0.9;0.75;
252961461;Eat Natural Almond And Apricot Yoghurt Coated Bar 50G;£0.85;£1.70/100g;Cereals;Cereal Bars & Breakfast Biscuits;462;7.0;null;null;25.6;null;5.0;0.08;
287089069;Eat Natural Protein Bar 45G;£0.85;£1.89/100g;Cereals;Cereal Bars & Breakfast Biscuits;477;22.0;null;null;29.5;null;6.4;0.5;
272614382;Mcvities Medley Double Chocolate 6X30g;£1.60;£0.89/100g;Cereals;Cereal Bars & Breakfast Biscuits;null;5.7;null;null;14.1;null;3.4;0.7;
252882312;Kelloggs Frosties Cereal Bars 6 X 25G;£1.69;£1.13/100g;Cereals;Cereal Bars & Breakfast Biscuits;411 ;6.4;null;null;11;null;1.4;0.75;
285964459;Nakd Bakewell Tart 35G Bar;£0.75;£2.15/100g;Cereals;Cereal Bars & Breakfast Biscuits;1637kJ 573kJ;7.5;null;null;17.0;null;4.9;0.1;
287378977;Geobar Trail Cocoa Crunch 45G;£0.99;£2.20/100g;Cereals;Cereal Bars & Breakfast Biscuits;1424kJ 641kJ;16;null;null;2;null;4;1.6;
277181850;Nakd Banana Crunch Bar 30G;£0.75;£2.50/100g;Cereals;Cereal Bars & Breakfast Biscuits;1439kJ 432kJ;18.4;null;null;8.1;null;4.3;0.6;
287489080;Kelloggs Crunchy Nut Peanut Bar 4X35g;£2.49;£1.78/100g;Cereals;Cereal Bars & Breakfast Biscuits;485;14;null;null;25;null;5;0.88;
252861844;Kelloggs Coco Pops Cereal Bar 6 X 20G;£1.69;£1.41/100g;Cereals;Cereal Bars & Breakfast Biscuits;419 ;5.6;null;null;12;null;1.5;0.53;
279569164;Eat Natural Cashew And Blueberry Bar 45G;£0.85;£1.89/100g;Cereals;Cereal Bars & Breakfast Biscuits;486;6.4;null;null;25.4;null;3.6;0.02;
252040802;Kellogg's Rice Krispies Cereal Milk Bars 6X20g;£1.69;£1.41/100g;Cereals;Cereal Bars & Breakfast Biscuits;411 ;6;null;null;11;null;0.3;0.63;
266255423;Nakd Cocoa Orange Gluten Free Bar 35G;£0.75;£2.15/100g;Cereals;Cereal Bars & Breakfast Biscuits;1736kJ 607kJ;11.0;null;null;20.0;null;6.4;0.1;
275153870;Tesco Everyday Value Chocolate And Coconut Cereal Bar 125G;£0.74;£0.59/100g;Cereals;Cereal Bars & Breakfast Biscuits;433;6.2;null;25.0;15.5;9.2;5.2;0.3;
284215876;Trek Flapjacks Original Oat 50G;£0.90;£1.80/100g;Cereals;Cereal Bars & Breakfast Biscuits;1819kJ 909.9kJ;20.4;null;null;19.6;null;4.5;1.0;
283054785;Tesco 4 Popcorn Bar Cranberry And Cashew Nut 4X34g;£1.19;£0.88/100g;Cereals;Cereal Bars & Breakfast Biscuits;392;4.8;null;41.4;10.4;1.4;3.3;0.1;
277182843;Trek Original Oat Flapjack 50G;£0.90;£1.80/100g;Cereals;Cereal Bars & Breakfast Biscuits;1903.0kJ 951.5kJ;18.4;null;null;22.0;null;3.9;0.9;
262206074;Kelloggs Crunchy Nut Bar Peanut And Chocolate 35G;£0.50;£1.43/100g;Cereals;Cereal Bars & Breakfast Biscuits;485 ;14;null;null;25;null;5;0.88;
278339174;Nakd Cocoa Delight Bars 4 Pack;£2.75;£0.69/each;Cereals;Cereal Bars & Breakfast Biscuits;1621kJ 567kJ;9.4;null;null;15.1;null;6.8;0.1;
275435306;Nakd Rhubarb And Custard 35G;£0.75;£2.15/100g;Cereals;Cereal Bars & Breakfast Biscuits;1525kJ 534kJ;6.6;null;null;12.1;null;5.0;0.1;
277181781;Nakd Strawberry Crunch Bar 30G;£0.75;£2.50/100g;Cereals;Cereal Bars & Breakfast Biscuits;1498kJ 449kJ;18.4;null;null;9.1;null;4.5;0.6;
283355319;9Bar Peanut 4X40g Pack;£1.99;£1.25/100g;Cereals;Cereal Bars & Breakfast Biscuits;null;8.1;null;null;17.2;null;2.5;null;
283023367;Tesco Vanilla Kube 4 X 28G;£1.19;£1.07/100g;Cereals;Cereal Bars & Breakfast Biscuits;null;null;null;null;null;null;null;null;
283355423;9Bar Cocoa Raspberry 4X40g Pack;£1.99;£1.25/100g;Cereals;Cereal Bars & Breakfast Biscuits;null;15.0;null;null;38.1;null;6.6;0.25;
283355360;9Bar Cocoa Hazelnut 4X40g Pack;£1.99;£1.25/100g;Cereals;Cereal Bars & Breakfast Biscuits;null;14.6;null;null;40.4;null;5.8;0.25;
275153944;Tesco Everyday Value Hazelnut &Rsncereal Bar 6 Pack 125G;£0.74;£0.10/100g;Cereals;Cereal Bars & Breakfast Biscuits;422;7.9;null;20.2;16.3;3.2;4.9;0.2;
284408882;Belvita Breakfast Strawberry Duo Crunch 50.6G;£0.62;£1.10/100g;Cereals;Cereal Bars & Breakfast Biscuits;445 ;6.9;null;null;15.0;null;4.3;0.55;
284215847;Trek Flapjacks Banana Bread 50G;£0.90;£1.80/100g;Cereals;Cereal Bars & Breakfast Biscuits;1743.0kJ 871.5kJ;20.3;null;null;18.9;null;4.0;1.0;
266255763;Nakd Cashew Gluten Free Cookie Bar 35G;£0.75;£2.15/100g;Cereals;Cereal Bars & Breakfast Biscuits;1725kJ 604kJ;10.0;null;null;23.4;null;4.7;0.1;
268895065;Nakd Ginger Bread 35G;£0.75;£2.15/100g;Cereals;Cereal Bars & Breakfast Biscuits;1878kJ 657kJ;10.0;null;null;30.8;null;9.4;0.1;
283023119;Tesco Chocolate Kubes 4 X 36G;£1.19;£0.83/100g;Cereals;Cereal Bars & Breakfast Biscuits;422;4.5;null;33.5;11.8;6.8;1.9;0.4;
252851390;Kelloggs Nutrigrain Strawberry 37G;£0.60;£1.63/100g;Cereals;Cereal Bars & Breakfast Biscuits;354 ;4;null;null;7.7;null;3.5;0.78;
283357628;Nakd Apple Crunch 4X30g;£2.49;£2.08/100g;Cereals;Cereal Bars & Breakfast Biscuits;1489kJ 447kJ;18.4;50.7;null;8.0;null;5.0;0.6;
283357012;Nakd Strawberry Crunch 4X30g;£2.49;£2.08/100g;Cereals;Cereal Bars & Breakfast Biscuits;1498kJ 449kJ;18.4;49.2;null;9.1;null;4.5;0.6;
281865807;Barny Strawberry 5 Pack 150G;£1.69;£1.13/100g;Cereals;Cereal Bars & Breakfast Biscuits;1500 kJ 450 kJ -;4.6;null;null;11;null;1.3;0.78;
283356883;Nakd Cocoa Crunch 4X30g;£2.49;£2.08/100g;Cereals;Cereal Bars & Breakfast Biscuits;1469kJ 440kJ;18.4;47.2;null;8.8;null;6.3;0.6;
278942300;Nakd Banana Bread 30G;£0.60;£2.00/100g;Cereals;Cereal Bars & Breakfast Biscuits;1315kJ 395kJ;4.9;null;null;7.2;null;5.2;0.1;
251487540;Kelloggs Rice Krispies Squares 28G;£0.60;£2.15/100g;Cereals;Cereal Bars & Breakfast Biscuits;424 ;3;null;null;12;null;0.9;0.75;
283668018;Quaker Oats So Simple Maple And Pecan Crunchy Bars150g;null;null;Cereals;Cereal Bars & Breakfast Biscuits;2004 kJ/ 601 kJ/;8.7;null;null;17.5;null;7.1;0.22;
285355028;T.Sticky Toffee Cereal Bars 135G;£1.19;£0.88/100g;Cereals;Cereal Bars & Breakfast Biscuits;429;4.6;null;34.1;13.6;7.5;2.6;0.1;
283667647;Quaker Oats So Simple Crunchy Bars Ginger 5 Pack 150G;£1.00;£0.67/100g;Cereals;Cereal Bars & Breakfast Biscuits;1974 kJ/ 592 kJ/;8.6;null;null;16.1;null;7.2;0.39;
285355063;Tesco Berry And Almond Bakewell Cereal Bars 135G;£1.19;£0.88/100g;Cereals;Cereal Bars & Breakfast Biscuits;427;5.3;null;33.3;14.5;6.8;3.7;0.1;
287508243;Nature Valley Peanuts Pumpkin Sunflower 150G;null;null;Cereals;Cereal Bars & Breakfast Biscuits;1946 kJ 584 kJ 7%;27.4;null;null;23.3;null;6.0;0.77;
285355149;Tesco Apple Crumble Cereal Bars 135G;£1.19;£0.88/100g;Cereals;Cereal Bars & Breakfast Biscuits;418;4.6;null;30.9;12.8;6.7;2.6;0.1;
283357559;Nakd Banana Crunch 4X30g;£2.49;£2.08/100g;Cereals;Cereal Bars & Breakfast Biscuits;1439kJ 432kJ;18.4;47.9;null;8.1;null;4.3;0.6;
252109924;Kelloggs Special K Cereal Bar 23G;£0.50;£2.18/100g;Cereals;Cereal Bars & Breakfast Biscuits;383;8;null;null;5;null;2;0.65;
254894744;Tracker Cereal Bar Chocolate Chip 37G (Pfs);£0.60;£1.63/100g;Cereals;Cereal Bars & Breakfast Biscuits;2022kJ 748kJ (9%);6.7;null;null;23.7;null;null;0.43;
283971540;Nature Valley Oats And Choco Bites 126G;£1.99;£1.58/100g;Cereals;Cereal Bars & Breakfast Biscuits;1953kJ 605kJ -;7.7;null;null;19.4;null;6.4;0.60;
287507889;Nature Valley Protein Peanut And Chocolate 150G;£2.00;£13.34/kg;Cereals;Cereal Bars & Breakfast Biscuits;1950 kJ 585 kJ 7%;28.3;null;null;22.9;null;5.7;0.55;
283971033;Nature Valley Oats And Honey Bites 126G;£1.99;£1.58/100g;Cereals;Cereal Bars & Breakfast Biscuits;1916kJ 594kJ -;8.1;null;null;17.2;null;5.6;0.80;
283668364;Quaker Oats So Simple Crunchy Bars Golden Syrup150g;null;null;Cereals;Cereal Bars & Breakfast Biscuits;1970 kJ/ 591 kJ/;8.4;null;null;16.2;null;6.9;0.36;
286767806;Tesco Mini Chocolate Breakfast Biscuit 180G;£1.19;£0.66/100g;Cereals;Cereal Bars & Breakfast Biscuits;473;8.0;null;29.0;20.0;9.5;6.5;0.8;
281926143;Alpen Trail Bar Fruit And Nut 144G;£1.69;£1.18/100g;Cereals;Cereal Bars & Breakfast Biscuits;1631kJ/ 783kJ/;5.9;72;null;7.5;null;3.6;0.35;
267953027;Kelloggs Nutrigrain Blkberry And Apple 6X37g;£1.00;£0.45/100g;Cereals;Cereal Bars & Breakfast Biscuits;354 ;4;null;null;7.7;null;3.5;0.88;
267953350;Kelloggs Nutrigrain Blueberry 6 Pack;£1.00;£0.45/100g;Cereals;Cereal Bars & Breakfast Biscuits;353 ;4;null;null;7.7;null;3.5;0.78;
283230087;Barny Apple 150G;£1.69;£1.13/100g;Cereals;Cereal Bars & Breakfast Biscuits;1490kJ 447kJ -;4.6;null;null;9.9;null;1.3;null;
258180534;Cadbury's Brunch Bars Raisin 6 Pack;£1.99;£1.00/100g;Cereals;Cereal Bars & Breakfast Biscuits;1810 kJ 580 kJ;5.4;null;null;15.5;null;4.5;0.57;
272122065;Belvita Forest Fruits Biscuits 300G;£2.59;£0.86/100g;Cereals;Cereal Bars & Breakfast Biscuits;1895 kJ 237 kJ -;7.4;null;null;15;null;4;0.33;
272417984;Tesco Breakfast Biscuits Milk And Cereal 6 Pack 300G;£1.19;£0.40/100g;Cereals;Cereal Bars & Breakfast Biscuits;451;7.5;null;18.5;16.0;6.7;4.5;1.3;
278329733;Cheweee Milk Chocolate Chip Bars 8 Pack 176G;£1.00;£0.57/100g;Cereals;Cereal Bars & Breakfast Biscuits;1831kJ 403kJ 8400kJ -;6.0;null;null;14.5;null;3.3;0.5;
279820028;Cadbury Brunch Bar Peanut 192G;£1.99;£1.04/100g;Cereals;Cereal Bars & Breakfast Biscuits;1930 kJ 620 kJ;7.8;null;null;20.0;null;4.9;0.57;
272616161;Quaker Oats So Simple Morning Bars Golden Syrup 5X35g;£1.00;£0.57/100g;Cereals;Cereal Bars & Breakfast Biscuits;1705 kJ/ 597 kJ/;8.2;null;null;10.0;null;6.8;0.51;
262576199;Cadbury Brunch Chocolate Chip 210G 6 Pack;£1.99;£0.95/100g;Cereals;Cereal Bars & Breakfast Biscuits;1860 kJ 595 kJ;6.1;null;null;17.0;null;4.8;0.63;
271924788;Tesco Raisin Munch Bar 6 X 32G;£1.19;£0.57/100g;Cereals;Cereal Bars & Breakfast Biscuits;420;5.0;null;32.3;12.7;6.8;4.0;0.4;
262103823;Kelloggs Elevenses Ginger 6 X 45G;£2.29;£0.85/100g;Cereals;Cereal Bars & Breakfast Biscuits;377 ;4.5;null;null;10;null;2.5;0.43;
277732579;Barny Milk Kids Sponge Bear 5 Pack 150G;£1.69;£1.13/100g;Cereals;Cereal Bars & Breakfast Biscuits;1630 kJ 489 kJ -;6.1;null;null;15;null;1.3;0.83;
278329762;Cheweee White Chocolate Chip Bars 8 Pack 176G;£1.00;£0.57/100g;Cereals;Cereal Bars & Breakfast Biscuits;1797kJ 395kJ 8400kJ -;5.7;null;null;13.5;null;3.5;0.6;
277732458;Barny Chocolate Kids Sponge Bear 5 Pack 150G;£1.69;£1.13/100g;Cereals;Cereal Bars & Breakfast Biscuits;1645kJ 494kJ;5.9;null;null;15.5;null;1.3;null;
281926258;Alpen Trail Bar Berries 144G;£1.69;£1.18/100g;Cereals;Cereal Bars & Breakfast Biscuits;1588kJ/ 762kJ/;6.0;73;null;5.7;null;4.3;0.35;
262103796;Kelloggs Elevenses Raisin 6 X 45G;£2.29;£0.85/100g;Cereals;Cereal Bars & Breakfast Biscuits;372 ;4.5;null;null;9;null;2.5;0.45;
272616132;Quaker Oats So Simple Morning Bar Fruit Muesli 5X35g;£1.00;£0.57/100g;Cereals;Cereal Bars & Breakfast Biscuits;1668 kJ/ 584 kJ/;7.7;null;null;9.1;null;6.6;0.46;
275288439;Nature Valley Sweet And Nutty Peanut 150 G;£2.00;£1.34/100g;Cereals;Cereal Bars & Breakfast Biscuits;2085kJ 625kJ 7%;13.0;null;null;27.0;null;4.4;0.7;
257722339;Jordans Frusli Wild Berry 6X30g;£1.99;£1.11/100g;Cereals;Cereal Bars & Breakfast Biscuits;1579kJ 474kJ;4.8;null;null;7.2;null;5.4;null;
257718823;Jordans Frusli Bar Raisin And Hazelnut 6 Pack;£1.99;£1.11/100g;Cereals;Cereal Bars & Breakfast Biscuits;1679kJ 504kJ -;5.8;null;null;12.2;null;4.5;0.03;
264525476;Kelloggs Rice Krispie Squares Chocolatley4x36g;£1.69;£1.18/100g;Cereals;Cereal Bars & Breakfast Biscuits;432 ;4.5;null;null;13;null;1.5;0.63;
255416354;Eat Natural Brazil Sultana Almond Bars3x50g;£1.99;£1.33/100g;Cereals;Cereal Bars & Breakfast Biscuits;454;11.2;null;null;22.6;null;5.0;0.03;
283419775;Go Ahead Strawberry Yoghurt Breaks Cereal Bars 5 Pack 177G;£1.00;£0.56/100g;Cereals;Cereal Bars & Breakfast Biscuits;null;5.1;null;null;10.1;null;2.2;0.5;
257722420;Jordans Frusli Blueberry Burst 6 Pack;£1.99;£1.11/100g;Cereals;Cereal Bars & Breakfast Biscuits;1584kJ 475kJ -;5.2;null;null;7.1;null;4.9;0.03;
253816949;Eat Natural Yoghurt Almond And Apricot Bars 3X50g;£1.99;£1.33/100g;Cereals;Cereal Bars & Breakfast Biscuits;462;7.0;null;null;25.6;null;5.0;0.08;
266319913;Jordans Frusli Limited Edition 6 Pack 180G;£1.99;£1.11/100g;Cereals;Cereal Bars & Breakfast Biscuits;1597kJ 479kJ -;4.7;null;null;7.8;null;4.6;0.03;
256289352;Eat Natural Dark Chocolate Cranberry And Macadamia Bars 3X45g;£1.99;£1.48/100g;Cereals;Cereal Bars & Breakfast Biscuits;478;4.7;null;null;24.6;null;5.9;0.07;
264711286;Kelloggs Rice Krispies Squares Marshmallows 8Pk;£3.28;£1.47/100g;Cereals;Cereal Bars & Breakfast Biscuits;424 ;3;null;null;12;null;0.9;0.75;
284256556;Eat Natural Protein 3 X 45G;£1.99;£1.48/100g;Cereals;Cereal Bars & Breakfast Biscuits;477;22.0;null;null;29.5;null;6.4;0.5;
274171423;Kelloggs Special K Biscuit Moments Strawberry 125G;£1.99;£1.60/100g;Cereals;Cereal Bars & Breakfast Biscuits;390 ;4.8;null;null;8;null;1.6;0.75;
276354423;Kelloggs Special Biscuit Moments Chocolate 125G;£1.99;£1.60/100g;Cereals;Cereal Bars & Breakfast Biscuits;394 ;5.2;null;null;9;null;2.2;0.73;
276355554;Kelloggs Rice Krispie Squares Mint 4X34g;£1.69;£1.25/100g;Cereals;Cereal Bars & Breakfast Biscuits;1839 kJ 625 kJ;4.5;null;null;14;null;1.5;0.75;
272052798;Kelloggs Rice Krispies Squares Rocky Road 4X34g;£1.69;£1.25/100g;Cereals;Cereal Bars & Breakfast Biscuits;420 ;4;null;null;11;null;1.5;0.55;
276371598;Go Ahead Crispy Fruit Slices S/Bery 5X39g;£1.69;£0.87/100g;Cereals;Cereal Bars & Breakfast Biscuits;null;5.6;null;null;7.2;null;2.3;0.6;
265697045;Kelloggs Rice Krispie Square Chocolatey8x36g;£3.28;£1.14/100g;Cereals;Cereal Bars & Breakfast Biscuits;432 ;4.5;null;null;13;null;1.5;0.63;
274171348;Kelloggs Special K Biscuit Moments Blueberry 125G;£1.99;£1.60/100g;Cereals;Cereal Bars & Breakfast Biscuits;395 ;4.7;null;null;9;null;1.5;0.78;
274171481;Kelloggs Rice Krispies Squares Honeycomb 128G;£1.69;£1.33/100g;Cereals;Cereal Bars & Breakfast Biscuits;1762 kJ 564 kJ;5;null;null;10;null;0.6;0.75;
257763601;Jordans Absolute Nut Bars 3X45g;£2.19;£1.63/100g;Cereals;Cereal Bars & Breakfast Biscuits;2399kJ 1080kJ -;11.7;null;null;43.6;null;6.0;0.01;
267956387;Kelloggs Special K Peach And Apricot 5 Pack 115G;£1.85;£1.61/100g;Cereals;Cereal Bars & Breakfast Biscuits;389 ;4.8;null;null;6.1;null;3;0.63;
267497492;Kelloggs Squares Marshmallow Breaksize 5 Pack;£1.69;£1.69/100g;Cereals;Cereal Bars & Breakfast Biscuits;424 ;3;null;null;12;null;0.9;0.75;
267496936;Kelloggs Squares Chocolate Breaksize 5 Pack;£1.69;£1.30/100g;Cereals;Cereal Bars & Breakfast Biscuits;432 ;4.5;null;null;13;null;1.5;0.63;
284196762;Kelloggs Squares Chocmallow 4X36g;£1.69;£1.18/100g;Cereals;Cereal Bars & Breakfast Biscuits;438 ;3.1;null;null;14;null;0.8;0.58;
280448128;Nature Valley Granola Bars Maple Syrup 5X42g;£2.39;£1.14/100g;Cereals;Cereal Bars & Breakfast Biscuits;1916kJ 805kJ 10%;7.9;null;null;17.1;null;6.2;0.7;
267953730;Kelloggs Special K Red Berry Cereal Bars 5 Pack 115G;£1.85;£1.61/100g;Cereals;Cereal Bars & Breakfast Biscuits;386 ;4.4;null;null;5.1;null;2.6;0.63;
280448186;Nature Valley Ginger Crunch 5X42g;£2.39;£1.14/100g;Cereals;Cereal Bars & Breakfast Biscuits;1919kJ 806kJ;7.8;64.0;null;17.6;null;5.9;0.7;
268413556;Nature Valley Oats And Chocolate 5X2bars 210G;£2.39;£1.14/100g;Cereals;Cereal Bars & Breakfast Biscuits;1953 kJ/ 820 kJ/ 10%;7.7;null;null;19.4;null;6.4;0.6;
259128372;Kelloggs Special K Chocolate And Mint Bars 5X22g;£1.85;£1.69/100g;Cereals;Cereal Bars & Breakfast Biscuits;410 ;5;null;null;10;null;3.5;0.5;
268724983;Kelloggs Special K Chocolate Chip 6X20g;£1.85;£1.55/100g;Cereals;Cereal Bars & Breakfast Biscuits;396 ;6;null;null;9;null;11;0.63;
266909394;Mcvities Medley Digestive Hazelnut And Chocolate 6X30;£1.60;£0.89/100g;Cereals;Cereal Bars & Breakfast Biscuits;null;6.7;null;null;18.0;null;3.4;0.8;
271099974;Mcvities Medley Digestive Crmel And Milk Chocolate 6X30g;£1.60;£0.89/100g;Cereals;Cereal Bars & Breakfast Biscuits;null;6.1;null;null;14.5;null;3.8;0.7;
280447962;Nature Valley Crunchy Bars Oats&Honey 5X42g;£2.39;£1.14/100g;Cereals;Cereal Bars & Breakfast Biscuits;1916 kJ/ 805 kJ/;8.1;null;null;17.2;null;5.6;0.8;
280448007;Nature Valley Variety 5X42g;£2.39;£1.14/100g;Cereals;Cereal Bars & Breakfast Biscuits;1919kJ 806kJ;7.8;64.0;null;17.6;null;5.9;0.7;
268347692;Nature Valley Oats And Berries 5X2 Bars 210G;£2.39;£1.14/100g;Cereals;Cereal Bars & Breakfast Biscuits;1900kJ 798kJ 10%;7.4;64.6;null;16.9;null;6.1;0.7;
280364092;Nature Valley Sweet And Nutty Chocolate 5X30g;£2.00;£1.34/100g;Cereals;Cereal Bars & Breakfast Biscuits;2016 kJ / 605 kJ /;10.2;null;null;23.4;null;3.9;0.7;
266909906;Mcvities Medley Hobnobs Raisin And Chocolate 6X30g;£1.60;£0.89/100g;Cereals;Cereal Bars & Breakfast Biscuits;null;5.5;null;null;12.1;null;3.6;0.7;
272228430;Kelloggs Special K Dark Chocolate Chewy Delight 4X24g;£1.85;£1.93/100g;Cereals;Cereal Bars & Breakfast Biscuits;404 ;4.5;null;null;14;null;17;0.35;
268347755;Nature Valley Oats And Hazelnut 5X2 Bars 210G;£2.39;£1.14/100g;Cereals;Cereal Bars & Breakfast Biscuits;1965kJ 825kJ -;8.0;60.2;null;20.3;null;6.8;0.9;
261154775;Kelloggs Special K Red Berries Bars 12 Pack;£4.29;£1.56/100g;Cereals;Cereal Bars & Breakfast Biscuits;386 ;4.4;null;null;5.1;null;2.6;0.63;
275504444;Tesco Healthy Living 5 Apple & Strawberry Cereal Bars 105G;£1.19;£1.14/100g;Cereals;Cereal Bars & Breakfast Biscuits;309;6.3;null;16.8;5.0;3.6;26.3;0.3;
275152974;Tesco Goodness Banana Cereal Bar 125G;£1.19;£0.95/100g;Cereals;Cereal Bars & Breakfast Biscuits;385;6.1;null;22.3;8.1;1.9;4.3;null;
275504375;Tesco Healthy Living 5 Chocolate & Caramel Cereal Bars 105G;£1.19;£1.14/100g;Cereals;Cereal Bars & Breakfast Biscuits;325;6.5;null;16.9;6.9;3.8;24.2;0.3;
279684459;Stoats Raspberry And Honey Porridge Bar Multipacks 4X50g;£2.49;£1.25/100g;Cereals;Cereal Bars & Breakfast Biscuits;null;null;null;null;null;null;null;null;
268337358;Weight Watchers 6 Caramel Mallows 100G;£0.99;£0.99/100g;Cereals;Cereal Bars & Breakfast Biscuits;null;5.5;null;null;2.1;null;17.8;null;
275504559;Tesco Choco Snap Bars 120G;£1.19;£0.99/100g;Cereals;Cereal Bars & Breakfast Biscuits;447;5.5;null;30.7;17.0;13.5;2.4;0.3;
279648584;Stoats Apl&Cinn Porridge Bar Multipacks4x50g;£2.49;£1.25/100g;Cereals;Cereal Bars & Breakfast Biscuits;null;null;null;null;null;null;null;null;
277733532;Tracker Peanut 6 Pack 156G;£1.00;£0.64/100g;Cereals;Cereal Bars & Breakfast Biscuits;2046kJ 532kJ (6%);7.8;null;null;25.1;null;null;0.43;
279648664;Stoats Blackberry Honey Porridge Bar Multipacks4x50g;£2.49;£1.25/100g;Cereals;Cereal Bars & Breakfast Biscuits;null;null;null;null;null;null;null;null;
263822120;Weight Watchers Caramel Wafers 5X18.4G;£0.99;£1.08/100g;Cereals;Cereal Bars & Breakfast Biscuits;null;5.7;null;null;20.2;null;1.9;null;
258969869;Tesco Goodness Cereal Bar Strawberry 6 Pack;null;null;Cereals;Cereal Bars & Breakfast Biscuits;370;6.3;null;21.6;7.1;0.9;4.4;null;
277733514;Tracker Chocolate Chip 6 Pack 156G;null;null;Cereals;Cereal Bars & Breakfast Biscuits;2022kJ 526kJ (6%);6.7;null;null;23.7;null;null;0.43;
275504628;Tesco Rice Snaps Cereal And Milk Bars 120G;£1.19;£0.99/100g;Cereals;Cereal Bars & Breakfast Biscuits;458;4.6;null;33.7;18.0;14.1;0.7;0.4;
254570958;Tesco Everyday Value 6Pk White Chocolate And Strawberry Cereal Bars;£0.74;£0.59/100g;Cereals;Cereal Bars & Breakfast Biscuits;400;5.1;null;35.0;8.9;4.8;3.5;null;
268068745;Tesco 6 Honey And Oaty Granola Bars 6 Pack 252G;£1.19;£0.47/100g;Cereals;Cereal Bars & Breakfast Biscuits;469;6.7;null;33.0;18.8;3.0;3.1;0.3;
264417604;Weight Watchers Chocolate Biscuits 5 Pack 90G;£0.99;£1.10/100g;Cereals;Cereal Bars & Breakfast Biscuits;null;7.9;null;null;21.5;null;45;0.4;
262033940;Tesco Crispy Seedy Nutty Bites 200G;£1.19;£0.60/100g;Cereals;Cereal Bars & Breakfast Biscuits;527;10.1;null;32.2;31.2;7.0;5.0;0.1;
268069030;Tesco 6 Maple Syrup Oaty Granola Bars 6 Pack 252G;£1.19;£0.47/100g;Cereals;Cereal Bars & Breakfast Biscuits;495;6.0;null;32.4;22.3;3.0;4.1;0.1;
255526391;Tesco Peanut Munch Bar 6 Pack 162G;£1.19;£0.74/100g;Cereals;Cereal Bars & Breakfast Biscuits;446;8.4;null;24.0;18.3;7.9;4.8;0.1;
281866222;Special K Hazelnut And Almond Bar 5 Pack;£1.85;£0.37/each;Cereals;Cereal Bars & Breakfast Biscuits;404 ;6;null;null;12;null;7.6;0.8;
282664669;Nakd Choco Crunch 30G;null;null;Cereals;Cereal Bars & Breakfast Biscuits;1469kJ 440kJ;18.4;null;null;8.8;null;6.3;0.6;
273860208;Kelloggs Pop Tarts Frosted Ckies&Creme 400G;£3.50;£0.88/100g;Cereals;Cereal Bars & Breakfast Biscuits;null;4.0;70.0;null;10.0;null;2.0;0.6;
273860427;Kelloggs Pop Tarts Frosted Hot Fudge Sundae 384G;£3.50;£0.91/100g;Cereals;Cereal Bars & Breakfast Biscuits;null;4.2;70.8;null;10.4;null;4.2;0.4;
268331036;Weight Watchers Chocolate Chip Cookies 5 Pack 95G;£0.99;£1.05/100g;Cereals;Cereal Bars & Breakfast Biscuits;null;6.0;null;null;17.6;null;10.6;0.5;
279361283;Kelloggs P/Tarts Frosted Chocchip Cookie Dough 400G;£3.50;£0.88/100g;Cereals;Cereal Bars & Breakfast Biscuits;null;2;null;18;null;null;null;null;
279361588;Kelloggs Pop Tarts Frosted S'mores 416G;£3.50;£0.84/100g;Cereals;Cereal Bars & Breakfast Biscuits;null;3;null;19;null;null;null;null;
274036884;Weight Watchers Milk Chocolate Digestive Biscuit 132G;£0.99;£0.75/100g;Cereals;Cereal Bars & Breakfast Biscuits;null;7.9;null;null;19.5;null;6.5;0.5;
279533282;Kelloggs P/Tarts Frosted Confetti Cupcake 400G;£3.50;£0.88/100g;Cereals;Cereal Bars & Breakfast Biscuits;null;2;null;16;null;null;null;null;
262106716;Paxo Golden Breadcrumbs 227G;£1.00;£4.41/kg;Cooking Ingredients;Breadcrumbs & Stuffing;1054kJ 1504kJ;8.1;null;null;1.1;null;2.4;null;
279684540;Jamie Oliver Onion And Chestnut Stuffing 110G;£1.40;£12.73/kg;Cooking Ingredients;Breadcrumbs & Stuffing;92;2.5;null;null;1.6;null;1.4;null;
284324891;Paxo Sage And Onion Stuffing Mix 380G;£1.50;£3.95/kg;Cooking Ingredients;Breadcrumbs & Stuffing;null;3.5;null;null;1.3;null;2.0;1.08;
276771464;Tesco Finest Red Onion Mint And Balsamic Vinegar Stuffing 130G;£1.40;£10.77/kg;Cooking Ingredients;Breadcrumbs & Stuffing;194;4.9;null;2.7;5.3;2.4;2.9;1.1;
278834077;Tesco Golden Breadcrumbs 175G;£0.80;£4.58/kg;Cooking Ingredients;Breadcrumbs & Stuffing;365;10.7;null;4.4;1.8;0.4;4.0;0.8;
254881356;Tesco Sage And Onion Stuffing Mix 170G;£0.40;£2.36/kg;Cooking Ingredients;Breadcrumbs & Stuffing;138;3.0;null;2.3;0.9;0.5;3.3;1.1;
262106739;Paxo Natural Breadcrumbs 227G;£1.00;£4.41/kg;Cooking Ingredients;Breadcrumbs & Stuffing;1049kJ 1495kJ;8.1;null;null;1.0;null;2.3;null;
278837874;Tesco Natural Breadcrumbs 175G;£0.80;£4.58/kg;Cooking Ingredients;Breadcrumbs & Stuffing;359;11.3;null;5.5;1.9;0.4;4.1;0.5;
284324608;Paxo Sage And Onion Stuffing Mix 190G;£1.20;£6.32/kg;Cooking Ingredients;Breadcrumbs & Stuffing;null;3.5;null;null;1.3;null;2.0;1.08;
252763246;Paxo Celebration Chestnut And Cranberry 150G;£1.35;£9.00/kg;Cooking Ingredients;Breadcrumbs & Stuffing;null;3.3;null;null;1.9;null;2.4;1.06;
279722853;Aunt Bessie's Sage And Red Onion S/Fing270g;£1.00;£3.71/kg;Cooking Ingredients;Breadcrumbs & Stuffing;575kJ 288kJ;4.0;null;null;1.3;null;3.2;1.15;
282028300;Shropshire Spice Sage And Chestnut Stuffing 150G;£1.50;£10.00/kg;Cooking Ingredients;Breadcrumbs & Stuffing;187;5.3;37.0;null;1.0;null;4.4;1.1;
257615668;Paxo Sage And Onion Stuffing Mix With Apple 130G;£0.90;£6.93/kg;Cooking Ingredients;Breadcrumbs & Stuffing;null;3.5;null;null;1.3;null;1.8;1.25;
280171201;Tesco Finest Smoked Sage And Red Onion Stuffing Mix 130G;£1.40;£10.77/kg;Cooking Ingredients;Breadcrumbs & Stuffing;177;5.2;null;4.0;3.1;1.5;3.2;0.7;
253239858;Tesco Everyday Value Sage And Onion Stuffing 85G;£0.15;£1.77/kg;Cooking Ingredients;Breadcrumbs & Stuffing;115;2.9;null;0.5;1.0;0.5;5.5;0.9;
254881402;Paxo Sage And Onion Stuffing Mix 85G;£0.60;£7.06/kg;Cooking Ingredients;Breadcrumbs & Stuffing;null;3.5;null;null;1.3;null;2.0;1.08;
274753582;Tesco Finest Porcini Mushroom And Garlic Stuffing Mix 130G;£1.40;£10.77/kg;Cooking Ingredients;Breadcrumbs & Stuffing;198;6.1;null;1.6;6.2;3.0;3.3;1.1;
282028634;Shropshire Spice Gar.&Clove Bread Sauce 150G;£1.50;£10.00/kg;Cooking Ingredients;Breadcrumbs & Stuffing;372;12.1;76.9;null;1.8;null;null;1.2;
254881333;Tesco Sage And Onion Stuffing Mix 340G;£0.75;£2.21/kg;Cooking Ingredients;Breadcrumbs & Stuffing;138;3.0;null;2.3;0.9;0.5;3.3;1.1;
259408006;Tesco Apple And Herb Stuffing Mix125g;£0.70;£5.60/kg;Cooking Ingredients;Breadcrumbs & Stuffing;165;2.9;null;7.8;3.3;1.7;2.3;1.2;
263190209;Prymat Breadcrumbs 400G;£0.99;£2.48/kg;Cooking Ingredients;Breadcrumbs & Stuffing;null;11,6;null;null;null;null;null;1,5;
279736894;Bisto Chef's Special Gravy Scht Rich Beef 25G;£0.95;£3.80/100g;Cooking Ingredients;Gravy & Stock;null;4.9;null;null;5.0;null;1.0;14.80;
254880789;Bisto Chicken Gravy Granules 170G;£1.25;£0.74/100g;Cooking Ingredients;Gravy & Stock;null;2.2;null;null;15.6;null;2.1;11.90;
254880806;Bisto Favourite Gravy Granules 170G;£1.25;£0.74/100g;Cooking Ingredients;Gravy & Stock;null;1.7;null;null;16.3;null;2.1;14.33;
252423298;Bisto Best Roast Pork Gravy Granules 200G;£1.50;£0.75/100g;Cooking Ingredients;Gravy & Stock;null;5.9;null;null;4.1;null;0.6;null;
279668243;Aunt Bessie's Classic Gravy 240G;£1.00;£0.42/100g;Cooking Ingredients;Gravy & Stock;118kJ 59kJ;0.5;null;null;1.1;null;0.5;0.93;
263127989;Bisto Best Lamb 200G;£1.50;£0.75/100g;Cooking Ingredients;Gravy & Stock;null;5.1;null;null;4.1;null;0.4;null;
250726726;Bisto Best Roast Vegetable Gravy Granules 200G;£1.50;£0.75/100g;Cooking Ingredients;Gravy & Stock;null;3.3;null;null;5.4;null;0.6;null;
279683224;Aunt Bessie's Onion Gravy 240G;£1.00;£0.42/100g;Cooking Ingredients;Gravy & Stock;123kJ 62kJ;0.5;null;null;1.1;null;0.5;0.56;
258006276;Bisto Best Beef Gravy Granules 200G;£1.50;£7.50/kg;Cooking Ingredients;Gravy & Stock;350;4.2;null;null;6.5;null;0.9;12.59;
263127880;Bisto Best Chicken 350G;£3.00;£0.86/100g;Cooking Ingredients;Gravy & Stock;null;3.8;null;null;5.5;null;1.1;null;
279736278;Bisto Chef's Special Gravy Sachet Onion Caramalised 25G;£0.95;£3.80/100g;Cooking Ingredients;Gravy & Stock;null;3.2;null;null;4.5;null;0.9;13.46;
258410557;Bisto Best Roast Onion Gravy Granules 200G;£1.50;£0.75/100g;Cooking Ingredients;Gravy & Stock;337;3.8;null;null;4.8;null;2.0;14.12;
279725130;Bisto Chefs Special Gravy Sachet Chicken 25G;£0.95;£3.80/100g;Cooking Ingredients;Gravy & Stock;null;5.7;null;null;6.7;null;1.1;14.50;
250726663;Bisto Best Roast Beef Gravy Granules 350G;£3.00;£0.86/100g;Cooking Ingredients;Gravy & Stock;null;4.2;null;null;6.5;null;0.9;12.59;
258410010;Bisto Best Roast Chicken Gravy Granules 200G;£1.50;£0.75/100g;Cooking Ingredients;Gravy & Stock;null;3.8;null;null;5.5;null;1.1;null;
279668116;Aunt Bessie's Chicken Gravy 240G;£1.00;£0.42/100g;Cooking Ingredients;Gravy & Stock;117kJ 59kJ;0.5;null;null;1.0;null;0.5;0.90;
279737104;Bisto Chicken Gravy Granules 500G;£2.99;£0.60/100g;Cooking Ingredients;Gravy & Stock;null;null;null;null;null;null;null;null;
279737300;Bisto Chicken R/Salt Gravy Granules 170G;£1.25;£0.74/100g;Cooking Ingredients;Gravy & Stock;null;1.7;null;null;16.0;null;0.2;8.20;
279736382;Bisto Chef's Special Gravy Sachet Lamb 25G;£0.95;£3.80/100g;Cooking Ingredients;Gravy & Stock;null;4.5;null;null;7.2;null;0.7;14.21;
257311906;Bisto Chicken Gravy Granules 300G;£1.50;£0.50/100g;Cooking Ingredients;Gravy & Stock;null;1.4;null;null;16.0;null;0.3;11.80;
256810588;Bisto Reduced Salt Gravy Granules 170G;£1.25;£0.74/100g;Cooking Ingredients;Gravy & Stock;null;2.1;null;null;14.5;null;3.2;10.30;
254880795;Bisto Onion Gravy Granules 170G;£1.25;£0.74/100g;Cooking Ingredients;Gravy & Stock;null;2.1;null;null;14.6;null;0.8;11.28;
274899743;Knorr Beef Gravy Pot 4 X 28G;£1.00;£0.89/100g;Cooking Ingredients;Gravy & Stock;190;4.5;null;null;4.5;null;1.5;13.0;
254880737;Bisto Original Powder For Gravy 227G;£1.25;£0.55/100g;Cooking Ingredients;Gravy & Stock;null;1.3;null;null;0.5;null;1.2;25.73;
282029909;Goldenfry Gravy For Beef Granules 400G;£1.60;£0.40/100g;Cooking Ingredients;Gravy & Stock;150kJ 75kJ;0.5;null;null;2.5;null;0.5;0.89;
254880812;Bisto Favourite Gravy Granules 300G;£1.50;£0.50/100g;Cooking Ingredients;Gravy & Stock;null;1.7;null;null;16.3;null;2.1;14.33;
267252766;Bovril Squeezy Beef Extract 200G;£3.00;£1.50/100g;Cooking Ingredients;Gravy & Stock;null;null;null;null;null;null;null;null;
271411312;Bisto Gravy Granules Onion 300G;£1.50;£0.50/100g;Cooking Ingredients;Gravy & Stock;null;3.3;null;null;15.0;null;5.4;11.26;
254880743;Bisto Original Powder For Gravy 454G;£1.99;£0.44/100g;Cooking Ingredients;Gravy & Stock;null;1.3;null;null;0.5;null;1.2;25.73;
274899518;Knorr Chicken Gravy Pot 4 X 28G;£1.00;£0.89/100g;Cooking Ingredients;Gravy & Stock;190;5;null;null;3.5;null;1;13.0;
273287708;Kallo Organic Beef Gravy Granules 12G;null;null;Cooking Ingredients;Gravy & Stock;317;6.1;null;null;3.5;null;0.6;null;
254880829;Bisto Favourite Gravy Granules 500G;£2.99;£0.60/100g;Cooking Ingredients;Gravy & Stock;null;null;null;null;null;null;null;null;
285295611;Bisto Roast Chicken Gravy Paste 50G;£1.00;£2.00/100g;Cooking Ingredients;Gravy & Stock;35;0.5;4.9;null;1.5;null;0.5;1.02;
253706158;Comptons Gravy Salt 128G;£0.60;£0.47/100g;Cooking Ingredients;Gravy & Stock;70;2.5;null;null;0;null;null;80.2;
259438926;Bisto Turkey Gravy Granules 170G;£1.25;£0.74/100g;Cooking Ingredients;Gravy & Stock;null;2.4;null;null;14.9;null;1.7;14.61;
271407992;Bisto Gravy Granules Turkey 300G;£2.20;£0.73/100g;Cooking Ingredients;Gravy & Stock;null;1.5;null;null;15.4;null;0.2;13.25;
282030089;Goldenfry Gravy For Chicken Granules 400G;£1.60;£0.40/100g;Cooking Ingredients;Gravy & Stock;145kJ 73kJ;0.5;null;null;2.2;null;0.5;0.99;
254994770;Crosse And Blackwell Bon Cuisine Madeira Wine Gravy Sauce 30G;£0.60;£2.00/100g;Cooking Ingredients;Gravy & Stock;40;0.9;null;null;0.6;null;0.4;null;
253698892;Bisto Vegetarian Gravy Granules 170G;£1.25;£0.74/100g;Cooking Ingredients;Gravy & Stock;null;2.4;null;null;12.7;null;2.1;14.21;
285295482;Bisto Roast Beef Gravy Paste 50G;£1.00;£2.00/100g;Cooking Ingredients;Gravy & Stock;34;0.5;4.9;null;1.4;null;0.5;1.04;
274753098;Sarsons Gravy Browning 150Ml;£0.70;£0.47/100ml;Cooking Ingredients;Gravy & Stock;149;14;25;null;0.5;null;5.6;12.3;
281570992;Tesco Beef Gravy Pots 120G;£1.20;£1.00/100g;Cooking Ingredients;Gravy & Stock;316;10.3;null;6.2;13.2;2.5;2.7;9.0;
253174671;Schwartz Classic Roast Beef Gravy Mix 27G;£0.90;£3.34/100g;Cooking Ingredients;Gravy & Stock;1341kJ 56kJ 8400kJ;10.9;61.3;1.5;2.3;1.2;null;13.63;
259557163;Tesco Beef Gravy Granules 200G;£0.80;£0.40/100g;Cooking Ingredients;Gravy & Stock;33;0.2;null;0.1;2.2;1.3;0.1;1.1;
255648459;Tesco Gravy Granules For Beef 500G;£1.50;£0.30/100g;Cooking Ingredients;Gravy & Stock;33;0.2;null;0.1;2.2;1.3;0.1;1.1;
253174694;Schwartz Classic Roast Chicken Gravy Mix 26G;£0.90;£3.47/100g;Cooking Ingredients;Gravy & Stock;1468kJ 58kJ 8400kJ;9.6;63.3;0.8;5.6;3.2;null;10.75;
282027917;Masterchef Beef Gravy 150G;£1.50;£1.00/100g;Cooking Ingredients;Gravy & Stock;285;7.7;null;null;20.3;null;0.0;9.8;
255728296;Schwartz Classic Roast Lamb Gravy 26G;£0.90;£3.47/100g;Cooking Ingredients;Gravy & Stock;1476kJ 59kJ 8400kJ;10.6;66.6;3.3;4.0;2.1;null;9.63;
280517479;Tesco Finest Chicken Gravy 350Ml;£1.50;£0.43/100ml;Cooking Ingredients;Gravy & Stock;null;null;null;null;null;null;null;null;
252176647;Schwartz Classic Roast Onion Gravy Mix 27G;£0.90;£3.34/100g;Cooking Ingredients;Gravy & Stock;334;8.0;66.7;null;3.2;null;3.4;null;
280517531;Tesco Finest Lamb Gravy 350Ml;£1.50;£0.43/100ml;Cooking Ingredients;Gravy & Stock;null;null;null;null;null;null;null;null;
259557284;Tesco Gravy Granules For Chicken 200G;£0.80;£0.40/100g;Cooking Ingredients;Gravy & Stock;34;0.2;null;0.1;2.1;1.4;0.1;0.9;
256050818;Schwartz Classic Roast Turkey Gravy Mix 25G;£0.68;£0.27/10g;Cooking Ingredients;Gravy & Stock;365;10.8;null;null;6.5;null;2.4;null;
278508395;Knorr Onion Gravy Pot 4 X 28G;£1.00;£0.89/100g;Cooking Ingredients;Gravy & Stock;180;6;null;null;2.5;null;2;13.0;
281571918;Tesco Lamb And Mint Gravy Pots 120G;£1.20;£1.00/100g;Cooking Ingredients;Gravy & Stock;306;9.5;null;11.9;11.4;2.6;3.1;9.0;
280517491;Tesco Finest Onion And Shallott Gravy 350Ml;£1.50;£0.43/100ml;Cooking Ingredients;Gravy & Stock;null;null;null;null;null;null;null;null;
281611976;Tesco Gravy Pot Onion 120G;£1.20;£1.00/100g;Cooking Ingredients;Gravy & Stock;281;5.1;null;20.9;6.9;0.8;4.0;8.4;
280517456;Tesco Finest Beef Gravy 350Ml;£1.50;£0.43/100ml;Cooking Ingredients;Gravy & Stock;null;null;null;null;null;null;null;null;
281571164;Tesco Chicken And Sage Gravy Pots 120G;£1.20;£1.00/100g;Cooking Ingredients;Gravy & Stock;250;11.6;null;10.9;4.6;1.5;2.1;10.5;
251476841;Schwartz Classic Roast Pork And Sage Gravy 25G;£0.90;£3.60/100g;Cooking Ingredients;Gravy & Stock;1546kJ 59kJ 8400kJ;11.2;65.4;1.3;6.1;0.6;null;7.88;
252389067;Kallo Organic Chicken Stock Cubes 66G;£1.20;£1.82/100g;Cooking Ingredients;Gravy & Stock;null;null;null;null;null;null;null;null;
282094122;Bovril Beef Stock Cubes 12 X 10G;£1.00;£0.83/100g;Cooking Ingredients;Gravy & Stock;20kJ/ 40kJ/ -;0.4;null;null;0.2;null;0.1;1.1;
282010862;Bisto Chicken Stock Melts R/Salt 4 Pack 80G;£1.45;£1.82/100g;Cooking Ingredients;Gravy & Stock;null;9.0;null;null;4.5;null;3.8;11.98;
259557543;Tesco Vegetable Gravy Granules 200G;£0.80;£0.40/100g;Cooking Ingredients;Gravy & Stock;34;0.2;null;0.1;2.2;1.5;0.5;1.0;
267116466;Tesco Onion Gravy Granules 200G;£0.80;£0.40/100g;Cooking Ingredients;Gravy & Stock;33;0.1;null;0.1;2.1;1.5;0.3;0.8;
273967359;Knorr Chicken R/Salt Stock Cubes 6 X 9G;£1.40;£2.60/100g;Cooking Ingredients;Gravy & Stock;25 kJ -;0.1;null;null;0.3;null;0.1;0.7;
282009006;Bisto Beef Stock Melts 4 Pack 80G;£1.45;£1.82/100g;Cooking Ingredients;Gravy & Stock;null;10.5;null;null;2.2;null;3.3;15.85;
266793806;Knorr Beef R/Salt Stock Cubes 6 X 11G;£1.40;£2.13/100g;Cooking Ingredients;Gravy & Stock;31 kJ -;0.1;null;null;0.3;null;0.1;0.7;
273967209;Knorr Beef Stock Pot 8 X 28G;£2.40;£1.08/100g;Cooking Ingredients;Gravy & Stock;170 ;4.0;null;null;7;null;0.8;15;
254880887;Bovril Chicken Extract 125G;£2.00;£1.60/100g;Cooking Ingredients;Gravy & Stock;590kJ 70kJ;11;null;null;1.5;null;2;18;
282009375;Bisto Chicken Stock Melts 4 Pack 80G;£1.45;£1.82/100g;Cooking Ingredients;Gravy & Stock;null;9.7;null;null;3.3;null;3.5;16.28;
259557416;Tesco Reduced Salt Gravy Granules 200G;£0.80;£0.40/100g;Cooking Ingredients;Gravy & Stock;35;0.3;null;0.1;2.2;1.3;0.1;0.7;
285301064;Knorr Beef Gravy Pot 8 X 28G;£2.70;£1.21/100g;Cooking Ingredients;Gravy & Stock;190;4.5;null;null;4.5;null;1.5;13;
254880858;Bovril Beef Extract 250G;£3.20;£1.28/100g;Cooking Ingredients;Gravy & Stock;598kJ 72kJ;32;null;null;1.2;null;1.8;3.4;
259338708;Knorr Beef Stock Pot 4 X 28G;£1.00;£0.89/100g;Cooking Ingredients;Gravy & Stock;170 ;4;null;null;7;null;0.8;15;
264767916;Knorr Beef Stock Cubes 20 X 10G;£2.95;£1.48/100g;Cooking Ingredients;Gravy & Stock;25kJ -;0.1;0.5;null;0.5;null;0.1;0.97;
254881195;Knorr Beef 8 Stock Cubes 80G;£1.50;£1.88/100g;Cooking Ingredients;Gravy & Stock;25kJ -;0.1;0.5;null;0.5;null;0.1;0.97;
282010349;Bisto Melts Beef Stock R/Salt 4 Pack 80G;£1.45;£1.82/100g;Cooking Ingredients;Gravy & Stock;null;9.7;null;null;2.3;null;3.8;11.29;
282009902;Bisto Vegetable Stock Melts 4 Pack 80G;£1.45;£1.82/100g;Cooking Ingredients;Gravy & Stock;null;5.2;null;null;2.8;null;3.9;16.35;
285300946;Knorr Chicken Gravy Pot 8 X 28G;£2.70;£1.21/100g;Cooking Ingredients;Gravy & Stock;190;5;null;null;3.5;null;1;13;
257459098;Knorr Touch Of Taste Beef Concentrate Liquid Stock 180Ml;£2.00;£1.12/100ml;Cooking Ingredients;Gravy & Stock;17 kJ <1%;0.5;null;null;0.5;null;0.5;0.7;
257458928;Knorr Touch Of Taste Chicken Concentrate Liquid Stock 180Ml;£2.00;£1.12/100ml;Cooking Ingredients;Gravy & Stock;15 kJ <1%;0.5;null;null;0.5;null;0.5;0.72;
254881264;Knorr Lamb Stock Cubes 8 X 10G;£1.50;£1.88/100g;Cooking Ingredients;Gravy & Stock;30kJ -;0.3;0.3;null;0.6;null;0.1;0.97;
254881212;Knorr Ham Stock Cubes 8 X 10G;£1.50;£1.88/100g;Cooking Ingredients;Gravy & Stock;30kJ -;0.2;0.5;null;0.5;null;0.1;0.89;
273952244;Knorr Fish Stock Pot 4 X 28G;£1.00;£0.89/100g;Cooking Ingredients;Gravy & Stock;130 ;4;null;null;2.5;null;2;17;
273960228;Knorr Chicken Stock Pot 8'S 224G;£2.40;£1.08/100g;Cooking Ingredients;Gravy & Stock;160 ;4;null;null;4;null;0.7;15;
254881270;Knorr Vegetable Stock Cubes 8 X 10G;£1.50;£1.88/100g;Cooking Ingredients;Gravy & Stock;30kJ -;0.1;0.5;null;0.6;null;0.1;0.95;
254881235;Knorr Pork Stock Cubes 8 X 10G;£1.50;£1.88/100g;Cooking Ingredients;Gravy & Stock;30kJ -;0.3;0.4;null;0.5;null;0.1;0.93;
267330367;Knorr Chicken Reduced Salt Granules 120G;£2.00;£1.67/100g;Cooking Ingredients;Gravy & Stock;7;0.5;null;null;0.5;null;0.5;0.65;
259338780;Knorr Chicken Stock Pot 4 X 28G;£1.00;£0.89/100g;Cooking Ingredients;Gravy & Stock;160 ;4;null;null;4;null;0.7;15;
273967273;Knorr Vegetable R/Salt Stock Cubes 6 X 9G;£1.40;£2.60/100g;Cooking Ingredients;Gravy & Stock;25 kJ -;0.1;null;null;0.3;null;0.1;0.6;
264767990;Knorr Vegetable Stock Cubes 20 X 10G;£2.95;£1.48/100g;Cooking Ingredients;Gravy & Stock;30kJ -;0.1;0.5;null;0.6;null;0.1;0.95;
255169980;Knorr Fish Stock Cubes 8 X 10G;£1.50;£1.88/100g;Cooking Ingredients;Gravy & Stock;30kJ -;0.2;0.4;null;0.5;null;0.1;1.0;
273967244;Knorr Rich Beef Stock Pot 8'S 224G;£2.40;£1.08/100g;Cooking Ingredients;Gravy & Stock;150 ;3;null;null;4;null;0.8;14;
273952094;Knorr Herb Infusion Stock Pot 4 X 28G;£1.00;£0.89/100g;Cooking Ingredients;Gravy & Stock;170 ;4;null;null;7;null;2;16;
267330396;Knorr Vegetable Reduced Salt Granules 120G;£2.00;£1.67/100g;Cooking Ingredients;Gravy & Stock;7;0.5;null;null;0.5;null;0.5;0.65;
264768009;Knorr Chicken Stock Cubes 20 X 10G;£2.95;£1.48/100g;Cooking Ingredients;Gravy & Stock;30kJ -;0.1;0.6;null;0.5;null;0.1;0.9;
259339243;Knorr Vegetable Stock Pot 4 X 28G;£1.00;£0.89/100g;Cooking Ingredients;Gravy & Stock;180 ;6;null;null;9;null;1.5;15;
254881241;Knorr Chicken Stock Cubes 8 X 10G;£1.50;£1.88/100g;Cooking Ingredients;Gravy & Stock;30kJ -;0.1;0.6;null;0.5;null;0.1;0.9;
273952198;Knorr Rich Beef Stock Pot 4 X 28G;£1.00;£0.89/100g;Cooking Ingredients;Gravy & Stock;150 ;3;null;null;4;null;0.8;14;
254881051;Oxo 12 Beef Stock Cubes 71G;£1.25;£1.77/100g;Cooking Ingredients;Gravy & Stock;265;17.4;null;null;4.9;null;4.2;30.70;
255956181;Marigold Swiss Vegetable Bouillon Powder 150G;£2.00;£1.34/100g;Cooking Ingredients;Gravy & Stock;null;null;null;null;null;null;null;null;
264546036;Tesco 10 Beef Stock Cubes 100G;£0.65;£0.65/100g;Cooking Ingredients;Gravy & Stock;258;7.5;null;12.0;13.8;7.6;5.1;41.0;
264545711;Tesco 10 Chicken Stock Cubes 100G;£0.65;£0.65/100g;Cooking Ingredients;Gravy & Stock;266;5.4;null;5.9;15.4;7.4;6.5;41.5;
254881114;Oxo 12 Chicken Stock Cubes 71G;£1.25;£1.77/100g;Cooking Ingredients;Gravy & Stock;283;13.5;null;null;4.1;null;2.8;24.90;
252356740;Oxo 12 Lamb Stock Cubes 71G;£1.25;£1.77/100g;Cooking Ingredients;Gravy & Stock;301;11.8;null;null;5.5;null;2.3;21.96;
254881045;Oxo 6 Beef Stock Cubes 35G;£0.80;£2.29/100g;Cooking Ingredients;Gravy & Stock;265;17.4;null;null;4.9;null;4.2;30.70;
285300514;Oxo Herbs And More Garlic And Parsley 80G;£1.50;£1.88/100g;Cooking Ingredients;Gravy & Stock;635kJ 34kJ;4.4;null;null;2.7;null;4.8;13.75;
272080228;Oxo Reduced Salt Cube Vegetable 12 Pack;£1.25;£1.77/100g;Cooking Ingredients;Gravy & Stock;299;11.2;null;null;5.1;null;2.6;23.11;
285300635;Oxo Herbs And More Rosemary And Red Wine 80G;£1.50;£1.88/100g;Cooking Ingredients;Gravy & Stock;630kJ 32kJ;1.8;null;null;2.3;null;3.5;11.50;
285299618;Oxo Herbs And More Tarragon And Chives 80G;£1.50;£1.88/100g;Cooking Ingredients;Gravy & Stock;694kJ 35kJ;3.0;null;null;4.6;null;3.8;11.20;
285300402;Oxo Herbs And More Rosemary And Thyme 80G;£1.50;£1.88/100g;Cooking Ingredients;Gravy & Stock;699kJ 35kJ;3.1;null;null;5.1;null;4.1;10.60;
272080384;Oxo Reduced Salt Cubes Beef 12 Pack;£1.25;£1.77/100g;Cooking Ingredients;Gravy & Stock;298;18.2;null;null;5.1;null;6.5;21.28;
285299889;Oxo Herbs And More Lemon And Thyme 80G;£1.50;£1.88/100g;Cooking Ingredients;Gravy & Stock;677kJ 34kJ;2.5;null;null;4.5;null;3.3;11.00;
257872472;Oxo 24'S Chicken Stock Cubes 142G;£1.50;£1.06/100g;Cooking Ingredients;Gravy & Stock;283;13.5;null;null;4.1;null;2.8;24.90;
273967169;Knorr Vegetable Stock Pot 8'S 224G;£2.40;£1.08/100g;Cooking Ingredients;Gravy & Stock;180 ;6;null;null;9;null;1.5;15;
272080712;Oxo Reduced Salt Cube Chicken 12 Pack;£1.25;£1.77/100g;Cooking Ingredients;Gravy & Stock;318;14.6;null;null;3.9;null;2.8;17.56;
279737484;Oxo 24 Vegetable Stock Cubes 142G;£1.50;£1.06/100g;Cooking Ingredients;Gravy & Stock;238;8.3;null;null;4.8;null;1.0;null;
252077252;Oxo 12 Vegetable Stock Cubes 71G;£1.25;£1.77/100g;Cooking Ingredients;Gravy & Stock;256;10.6;null;null;5.0;null;2.3;34.13;
254881068;Oxo 24 Beef Stock Cubes 142G;£1.50;£1.06/100g;Cooking Ingredients;Gravy & Stock;265;17.4;null;null;4.9;null;4.2;30.70;
278757047;Tesco Finest Vegetable Stock 450Ml;£1.50;£0.33/100ml;Cooking Ingredients;Gravy & Stock;5;0.7;null;0.2;0.2;0.1;0;0.6;
278756935;Tesco Finest Chicken Stock 450Ml;£1.50;£0.33/100ml;Cooking Ingredients;Gravy & Stock;10;1.5;null;0.1;0.4;0.2;0;1.0;
278757082;Tesco Finest Fish Stock 450Ml;£1.50;£0.33/100ml;Cooking Ingredients;Gravy & Stock;3;0.3;null;0;0.2;0.1;0;0.6;
281613070;Tesco Vegetable Stockpot 224G;£1.50;£0.67/100g;Cooking Ingredients;Gravy & Stock;155;4.2;null;22.0;3.3;0.4;1.9;13.9;
253041834;Tesco 10 Value Beef Stock Cubes 100G;£0.20;£0.21/100g;Cooking Ingredients;Gravy & Stock;227;2.8;null;30.0;4.0;2.7;2.2;41.5;
264546134;Tesco Everyday Value Vegetable Stock Cubes 100G 10 Pack;£0.20;£0.20/100g;Cooking Ingredients;Gravy & Stock;238;2.6;null;30.6;4.9;2.8;2.0;41.8;
253881467;Tesco Everyday Value Chicken Stock Cubes 100G 10 Pack;£0.20;£0.20/100g;Cooking Ingredients;Gravy & Stock;251;3.4;null;29.7;6.7;3.6;1.5;41.5;
281612900;Tesco Chicken Stockpot 224G;£1.50;£0.67/100g;Cooking Ingredients;Gravy & Stock;143;7.6;null;11.8;2.7;0.8;0.7;16.4;
281613006;Tesco Fish Stockpot 224G;£1.50;£0.67/100g;Cooking Ingredients;Gravy & Stock;147;8.1;null;9.0;2.5;0.3;1.8;17.3;
278757151;Tesco Finest Beef Stock 450Ml;£1.50;£0.33/100ml;Cooking Ingredients;Gravy & Stock;16;2.0;null;0.4;0.2;0.1;0;1.3;
253940231;Tesco 10 Vegetable Stock Cubes 100G;£0.65;£0.65/100g;Cooking Ingredients;Gravy & Stock;266;5.8;null;14.3;14.2;7.7;8.4;38.5;
281612860;Tesco Beef Stockpot 224G;£1.50;£0.67/100g;Cooking Ingredients;Gravy & Stock;137;10.3;null;8.3;4.5;2.0;0.5;16.3;
254919694;Schwartz Bay Leaves Refill 6G;£0.98;£1.64/10g;Cooking Ingredients;Herbs, Spices & Salt;null;null;null;null;null;null;null;null;
282247530;Chopchop Garlic In Wine Vinegar 90G;£1.00;£0.11/10g;Cooking Ingredients;Herbs, Spices & Salt;95;4.1;null;null;0.1;null;0.1;0.1;
262122702;Schwartz Chicken Seasoning 56G;£1.18;£0.21/10g;Cooking Ingredients;Herbs, Spices & Salt;null;null;null;null;null;null;null;null;
257485319;Schwartz Coriander Leaf 7G Jar;£1.65;£2.36/10g;Cooking Ingredients;Herbs, Spices & Salt;null;null;null;null;null;null;null;null;
262122535;Schwartz Chinese 5 Spice Seasoning 58G;£1.18;£0.20/10g;Cooking Ingredients;Herbs, Spices & Salt;null;null;null;null;null;null;null;null;
278030694;Oxo Shake And Flavour Garlic And Herb 70G;£1.00;£0.14/10g;Cooking Ingredients;Herbs, Spices & Salt;251;6.3;null;null;4.7;null;1.1;null;
254918729;Schwartz Chives 1G Jar;£1.65;£16.50/10g;Cooking Ingredients;Herbs, Spices & Salt;null;null;null;null;null;null;null;null;
274835537;Delicious 4 In 1 Herbs Seasoning Mix 19G;£1.00;£0.53/10g;Cooking Ingredients;Herbs, Spices & Salt;null;null;null;null;null;null;null;null;
286082032;Gourmet Goodness Lime And Pepper Twist 60G;£2.50;£0.42/10g;Cooking Ingredients;Herbs, Spices & Salt;null;null;null;null;null;null;null;null;
257485170;Schwartz Basil 10G Jar;£1.65;£1.65/10g;Cooking Ingredients;Herbs, Spices & Salt;null;null;null;null;null;null;null;null;
257469725;Schwartz Basil 10G Refill;£1.40;£1.40/10g;Cooking Ingredients;Herbs, Spices & Salt;null;null;null;null;null;null;null;null;
257485515;Schwartz Dill Weed 10G Jar;£1.65;£1.65/10g;Cooking Ingredients;Herbs, Spices & Salt;null;null;null;null;null;null;null;null;
257518392;Schwartz Cajun Seasoning 44G Jar;£1.18;£0.27/10g;Cooking Ingredients;Herbs, Spices & Salt;null;null;null;null;null;null;null;null;
286081799;Gourmet Goodness Pepper And Cumin Twist 50G;£2.50;£0.50/10g;Cooking Ingredients;Herbs, Spices & Salt;null;null;null;null;null;null;null;null;
254920553;Schwartz Bouquetgarni Refill 5G;£0.98;£1.96/10g;Cooking Ingredients;Herbs, Spices & Salt;null;null;null;null;null;null;null;null;
257517773;Schwartz Chargrill Chicken Grill And Sizzle 51G;£1.65;£0.32/10g;Cooking Ingredients;Herbs, Spices & Salt;null;null;null;null;null;null;null;null;
254777561;Schwartz Classic Barbecue Seasoning 44G;£1.65;£0.38/10g;Cooking Ingredients;Herbs, Spices & Salt;null;null;null;null;null;null;null;null;
286081914;Gourmet Goodness Seafood Twist 60G;£2.50;£0.42/10g;Cooking Ingredients;Herbs, Spices & Salt;null;null;null;null;null;null;null;null;
257518000;Schwartz Fajita Seasoning 46G;£1.65;£0.36/10g;Cooking Ingredients;Herbs, Spices & Salt;null;null;null;null;null;null;null;null;
257522449;Schwartz Fish Seasoning 55G;£1.65;£0.30/10g;Cooking Ingredients;Herbs, Spices & Salt;null;null;null;null;null;null;null;null;
257496934;Schwartz Marjoram 8G;£1.65;£2.07/10g;Cooking Ingredients;Herbs, Spices & Salt;null;null;null;null;null;null;null;null;
262120998;Schwartz No Added Salt Steak Seasoning 44G;£1.65;£0.38/10g;Cooking Ingredients;Herbs, Spices & Salt;345;12.3;43.5;15.4;8.8;1.0;null;0.18;
254919890;Schwartz Parsley Refill 3G;£1.40;£4.67/10g;Cooking Ingredients;Herbs, Spices & Salt;null;null;null;null;null;null;null;null;
281733077;Schwartz Perfect Shake Pasta Seasoning 32G;null;null;Cooking Ingredients;Herbs, Spices & Salt;235;7.9;33.1;15.2;3.1;0.5;null;20.6;
254919509;Schwartz Herbes De Provence 11G Jar;£1.65;£1.50/10g;Cooking Ingredients;Herbs, Spices & Salt;null;null;null;null;null;null;null;null;
281733365;Schwartz Perfect Shake Chips Single 55G;£1.65;£0.30/10g;Cooking Ingredients;Herbs, Spices & Salt;290;6.5;50.1;13.9;5.7;0.94;null;22.25;
254764046;Schwartz Mint 9G Jar;£1.65;£1.84/10g;Cooking Ingredients;Herbs, Spices & Salt;null;null;null;null;null;null;null;null;
263155293;Schwartz Oregano Refill 7G;£1.40;£2.00/10g;Cooking Ingredients;Herbs, Spices & Salt;null;null;null;null;null;null;null;null;
255680293;Schwartz Piri Piri Chicken Grill Seasoning 39G;£1.65;£0.42/10g;Cooking Ingredients;Herbs, Spices & Salt;null;null;null;null;null;null;null;null;
268589399;Schwartz Perfect Shake Tandoori Seasoning 40G;£1.65;£0.41/10g;Cooking Ingredients;Herbs, Spices & Salt;null;null;null;null;null;null;null;null;
263155235;Schwartz Oregano 7G Jar;£1.65;£2.36/10g;Cooking Ingredients;Herbs, Spices & Salt;null;null;null;null;null;null;null;null;
262120629;Schwartz No Added Salt Chicken Seasoning 43G;£1.65;£0.38/10g;Cooking Ingredients;Herbs, Spices & Salt;337;11.7;47.4;23.6;6.3;1.0;null;0.15;
254609335;Schwartz Lamb Seasoning 38G Jar;£1.65;£0.43/10g;Cooking Ingredients;Herbs, Spices & Salt;null;null;null;null;null;null;null;null;
257518328;Schwartz Jamaican Jerk Seasoning 51G Jar;£1.65;£0.32/10g;Cooking Ingredients;Herbs, Spices & Salt;null;null;null;null;null;null;null;null;
257485607;Schwartz Italian Herb Seasoning 11G Jar;£1.65;£1.50/10g;Cooking Ingredients;Herbs, Spices & Salt;null;null;null;null;null;null;null;null;
254919066;Schwartz Parsley 3G Jar;£1.65;£5.50/10g;Cooking Ingredients;Herbs, Spices & Salt;null;null;null;null;null;null;null;null;
268589416;Schwartz Perfect Shake Moroccan Single 40G;£1.65;£0.41/10g;Cooking Ingredients;Herbs, Spices & Salt;null;null;null;null;null;null;null;null;
257497547;Schwartz Mixed Herbs 9G Jar;£1.65;£1.84/10g;Cooking Ingredients;Herbs, Spices & Salt;null;null;null;null;null;null;null;null;
255652004;Schwartz Garlic Italian Sauce Seasoning 43G;£1.65;£0.38/10g;Cooking Ingredients;Herbs, Spices & Salt;null;null;null;null;null;null;null;null;
257469760;Schwartz Mixed Herbs Refill 9G;£1.40;£1.56/10g;Cooking Ingredients;Herbs, Spices & Salt;null;null;null;null;null;null;null;null;
257522426;Schwartz Spicy Season All Seasoning47g Jar;£1.65;£0.35/10g;Cooking Ingredients;Herbs, Spices & Salt;null;null;null;null;null;null;null;null;
255865432;Schwartz Season All Seasoning 70G;£1.18;£0.17/10g;Cooking Ingredients;Herbs, Spices & Salt;null;null;null;null;null;null;null;null;
254609410;Schwartz Pork Seasoning 34G Jar;£1.65;£0.49/10g;Cooking Ingredients;Herbs, Spices & Salt;null;null;null;null;null;null;null;null;
256147083;Tesco Bouquet Garni 7G;£0.70;£1.00/10g;Cooking Ingredients;Herbs, Spices & Salt;null;null;null;null;null;null;null;null;
257498667;Schwartz Rosemary 18G Jar;£1.65;£0.92/10g;Cooking Ingredients;Herbs, Spices & Salt;null;null;null;null;null;null;null;null;
257498990;Schwartz Thyme 11G Jar;£1.65;£1.50/10g;Cooking Ingredients;Herbs, Spices & Salt;null;null;null;null;null;null;null;null;
257471157;Schwartz Rubbed Sage Refill 10G;£1.40;£1.40/10g;Cooking Ingredients;Herbs, Spices & Salt;null;null;null;null;null;null;null;null;
281732913;Schwartz Spanish Seasoning Jar 33G;£1.65;£0.50/10g;Cooking Ingredients;Herbs, Spices & Salt;336;11.7;49.2;24.5;6.4;1.2;null;0.33;
257518910;Schwartz Thai 7 Spice Seasoning 52G Jar;£1.18;£0.23/10g;Cooking Ingredients;Herbs, Spices & Salt;null;null;null;null;null;null;null;null;
256146965;Tesco Dried Basil 16G;£0.70;£0.44/10g;Cooking Ingredients;Herbs, Spices & Salt;null;null;null;null;null;null;null;null;
264104905;Tesco Bay Leaves 3G;£0.70;£2.34/10g;Cooking Ingredients;Herbs, Spices & Salt;null;null;null;null;null;null;null;null;
254764288;Schwartz Steak Seasoning 46G Jar;£1.65;£0.36/10g;Cooking Ingredients;Herbs, Spices & Salt;null;null;null;null;null;null;null;null;
257518213;Schwartz Steakhouse Pepper Grill Seasoning58g Jar;£1.65;£0.29/10g;Cooking Ingredients;Herbs, Spices & Salt;null;null;null;null;null;null;null;null;
254919446;Schwartz Tarragon 5G Jar;£1.65;£3.30/10g;Cooking Ingredients;Herbs, Spices & Salt;null;null;null;null;null;null;null;null;
268531266;Tesco Chervil 9G;£0.70;£0.78/10g;Cooking Ingredients;Herbs, Spices & Salt;null;null;null;null;null;null;null;null;
257471186;Schwartz Thyme Refill 11G;£1.40;£1.28/10g;Cooking Ingredients;Herbs, Spices & Salt;null;null;null;null;null;null;null;null;
257522311;Schwartz Spicy Italian Seasoning 42G;£1.65;£0.39/10g;Cooking Ingredients;Herbs, Spices & Salt;null;null;null;null;null;null;null;null;
257498742;Schwartz Rubbed Sage 10G Jar;£1.65;£1.65/10g;Cooking Ingredients;Herbs, Spices & Salt;null;null;null;null;null;null;null;null;
268595443;Tesco Dried Coriander Leaf 8G;£0.70;£0.44/10g;Cooking Ingredients;Herbs, Spices & Salt;null;null;null;null;null;null;null;null;
257471140;Schwartz Rosemary Refill 18G;£1.40;£0.78/10g;Cooking Ingredients;Herbs, Spices & Salt;null;null;null;null;null;null;null;null;
251620976;Tesco Dried Fines Herbes 11G;£0.70;£0.64/10g;Cooking Ingredients;Herbs, Spices & Salt;null;null;null;null;null;null;null;null;
268595414;Tesco Dried Sage 17G;£0.70;£0.58/10g;Cooking Ingredients;Herbs, Spices & Salt;null;null;null;null;null;null;null;null;
256147048;Tesco Freeze Dried Chives 3.5G;£0.70;£2.00/10g;Cooking Ingredients;Herbs, Spices & Salt;null;null;null;null;null;null;null;null;
256149680;Tesco Dried Rosemary 27G;£0.70;£0.26/10g;Cooking Ingredients;Herbs, Spices & Salt;null;null;null;null;null;null;null;null;
256150579;Tesco Herbes De Provence 14G;£0.70;£0.50/10g;Cooking Ingredients;Herbs, Spices & Salt;null;null;null;null;null;null;null;null;
256149841;Tesco Dried Thyme 16G;£0.70;£0.44/10g;Cooking Ingredients;Herbs, Spices & Salt;null;null;null;null;null;null;null;null;
275046784;Tesco Everyday Value Dried Thyme 40G;£0.85;£0.21/10g;Cooking Ingredients;Herbs, Spices & Salt;null;null;null;null;null;null;null;null;
281977698;Bart Super Hot Chilli Mill 52G;£3.20;£0.62/10g;Cooking Ingredients;Herbs, Spices & Salt;null;null;null;null;null;null;null;null;
275039326;Tesco Everyday Value Dried Sage 22G;£0.85;£0.39/10g;Cooking Ingredients;Herbs, Spices & Salt;null;null;null;null;null;null;null;null;
275039171;Tesco Everyday Value Dried Parsley 22G;£0.85;£0.39/10g;Cooking Ingredients;Herbs, Spices & Salt;null;null;null;null;null;null;null;null;
275039084;Tesco Everyday Value Dried Oregano 22G;£0.85;£0.39/10g;Cooking Ingredients;Herbs, Spices & Salt;null;null;null;null;null;null;null;null;
256150441;Tesco Italian Seasoning 13G;£0.70;£0.54/10g;Cooking Ingredients;Herbs, Spices & Salt;null;null;null;null;null;null;null;null;
256146844;Tesco Dried Parsley 11G;£0.70;£0.64/10g;Cooking Ingredients;Herbs, Spices & Salt;null;null;null;null;null;null;null;null;
282247599;Chopchop Chilli In Wine Vinegar 90G;£1.00;£0.11/10g;Cooking Ingredients;Herbs, Spices & Salt;61;4.4;null;null;1.7;null;13.5;0.1;
274973079;Tesco Everyday Value Mixed Herbs 30G;£0.85;£0.28/10g;Cooking Ingredients;Herbs, Spices & Salt;null;null;null;null;null;null;null;null;
282009346;Bart Birds Eye Chillies 15G;£2.20;£1.47/10g;Cooking Ingredients;Herbs, Spices & Salt;null;null;null;null;null;null;null;null;
275039038;Tesco Everyday Value Dried Basil 35G;£0.85;£0.24/10g;Cooking Ingredients;Herbs, Spices & Salt;null;null;null;null;null;null;null;null;
268595380;Tesco Freeze Dried Tarragon 6G;£0.70;£1.17/10g;Cooking Ingredients;Herbs, Spices & Salt;null;null;null;null;null;null;null;null;
256149714;Tesco Dried Mixed Herbs 14G;£0.70;£0.50/10g;Cooking Ingredients;Herbs, Spices & Salt;null;null;null;null;null;null;null;null;
256149795;Tesco Dried Oregano 14G;£0.70;£0.50/10g;Cooking Ingredients;Herbs, Spices & Salt;null;null;null;null;null;null;null;null;
284325285;Oxo Shake And Flavour Barbecue 70G;£1.00;£0.14/10g;Cooking Ingredients;Herbs, Spices & Salt;346;5.5;null;null;5.6;null;1.7;null;
268643646;Flava-It Barbecue Marinade Seasoning 45G;£0.49;£0.11/10g;Cooking Ingredients;Herbs, Spices & Salt;null;2.9;null;null;0.5;null;2;8.5;
279867324;Jamie Oliver Jerk Marinade Mix 30G;£0.90;£0.30/10g;Cooking Ingredients;Herbs, Spices & Salt;1279kJ 96kJ;9.0;null;null;5.0;null;11.2;13.7;
282012825;Oxo Shake And Flavour Chinese 70G;£1.00;£0.14/10g;Cooking Ingredients;Herbs, Spices & Salt;337;5.8;null;null;5.5;null;3.3;null;
277972012;Nando's Hot Peri-Peri Seasoning Rub25g;£0.95;£0.38/10g;Cooking Ingredients;Herbs, Spices & Salt;null;null;null;null;null;null;null;null;
280009447;Santa Maria Cacao And Chilli Seasoning 45G;£1.60;£0.36/10g;Cooking Ingredients;Herbs, Spices & Salt;null;null;null;null;null;null;null;null;
277971727;Nando's Barbecue Peri-Peri Seasoning Rub25g;£0.95;£0.38/10g;Cooking Ingredients;Herbs, Spices & Salt;null;null;null;null;null;null;null;null;
268643652;Flava-It Chinese Marinade Seasoning 45G;£0.49;£0.11/10g;Cooking Ingredients;Herbs, Spices & Salt;null;3.3;null;null;0.7;null;0.9;9.9;
279858525;Jamie Oliver Blackened Herb Marinade Mix 30G;£0.90;£0.30/10g;Cooking Ingredients;Herbs, Spices & Salt;1319kJ 99kJ;8.4;null;null;5.8;null;10.6;11.6;
250882160;Knorr Aromat Seasoning 90G;£1.00;£0.11/10g;Cooking Ingredients;Herbs, Spices & Salt;140;13;15;null;3.0;null;0.7;58;
277971900;Nando's Lemon And Herb Peri-Per Seasoning Rub25g;£0.95;£0.38/10g;Cooking Ingredients;Herbs, Spices & Salt;null;null;null;null;null;null;null;null;
282012917;Oxo Shake And Flavour Southern Fry 70G;£1.00;£0.14/10g;Cooking Ingredients;Herbs, Spices & Salt;362;5.2;null;null;8.7;null;2.5;null;
277972093;Nando's Medium Peri-Peri Seasoning Rub25g;£0.95;£0.38/10g;Cooking Ingredients;Herbs, Spices & Salt;null;null;null;null;null;null;null;null;
268644098;Flava-It Piri Piri Marinade Seasoning 45G;£0.49;£0.11/10g;Cooking Ingredients;Herbs, Spices & Salt;1264/318 142/36;4.4;null;null;1.4;null;3.5;10.7;
277972225;Nando's Garlic Peri-Peri Seasoning Rub25g;£0.95;£0.38/10g;Cooking Ingredients;Herbs, Spices & Salt;null;null;null;null;null;null;null;null;
280034036;Santa Maria Chicken And Steak Single Grinder 75G;£3.99;£0.53/10g;Cooking Ingredients;Herbs, Spices & Salt;null;null;null;null;null;null;null;null;
277971543;Nando's Peri-Peri Salt 70G;£1.90;£0.27/10g;Cooking Ingredients;Herbs, Spices & Salt;105;4.5;null;null;3.8;null;null;65.0;
279857503;Jamie Oliver Barbecue Marinade Mix 30 G;£0.90;£0.30/10g;Cooking Ingredients;Herbs, Spices & Salt;1339kJ 100kJ;3.8;null;null;5.1;null;5.1;16.1;
281822507;Santa Maria Chilli And Lime Seasoning 52G;£1.60;£0.31/10g;Cooking Ingredients;Herbs, Spices & Salt;null;null;null;null;null;null;null;null;
280005653;Santa Maria Ancho Style Chilli Pepper 46G;£1.99;£0.43/10g;Cooking Ingredients;Herbs, Spices & Salt;null;null;null;null;null;null;null;null;
255235280;Schwartz Asafoetida Spice 52G;£1.65;£0.32/10g;Cooking Ingredients;Herbs, Spices & Salt;null;null;null;null;null;null;null;null;
279968101;Santa Maria Piri Piri Seasoning 40G;£1.60;£0.40/10g;Cooking Ingredients;Herbs, Spices & Salt;null;null;null;null;null;null;null;null;
280035041;Santa Maria Chilli Explosion Grinder 70G;£3.99;£0.57/10g;Cooking Ingredients;Herbs, Spices & Salt;null;null;null;null;null;null;null;null;
281866602;Santa Maria Teriyaki Seasoning 50G;£1.60;£0.32/10g;Cooking Ingredients;Herbs, Spices & Salt;null;null;null;null;null;null;null;null;
257499833;Schwartz Caraway Seed 38G Jar;£1.65;£0.43/10g;Cooking Ingredients;Herbs, Spices & Salt;null;null;null;null;null;null;null;null;
281840629;Santa Maria Hot Chilli Powder 32G;£1.99;£0.62/10g;Cooking Ingredients;Herbs, Spices & Salt;null;null;null;null;null;null;null;null;
281878746;Santa Maria Mango Curry Seasoning 45G;£1.60;£0.36/10g;Cooking Ingredients;Herbs, Spices & Salt;null;null;null;null;null;null;null;null;
281864031;Santa Maria Jamaica Jerk Seasoning 53G;£1.60;£0.30/10g;Cooking Ingredients;Herbs, Spices & Salt;null;null;null;null;null;null;null;null;
279986442;Santa Maria Red Hot Chilli Flakes 32G;£1.99;£0.62/10g;Cooking Ingredients;Herbs, Spices & Salt;null;null;null;null;null;null;null;null;
281936678;Santa Maria Durban Curry Seasoning 35G;£1.60;£0.46/10g;Cooking Ingredients;Herbs, Spices & Salt;null;null;null;null;null;null;null;null;
279960167;Santa Maria Jalapeno Chilli Pepper 30G;£1.99;£0.66/10g;Cooking Ingredients;Herbs, Spices & Salt;null;null;null;null;null;null;null;null;
279965611;Santa Maria Natural Umami Seasoning 45G;£1.60;£0.36/10g;Cooking Ingredients;Herbs, Spices & Salt;null;null;null;null;null;null;null;null;
281765612;Schwartz Birds Eye Chillies 11G;£1.65;£15.00/100g;Cooking Ingredients;Herbs, Spices & Salt;null;null;null;null;null;null;null;null;
279962171;Santa Maria Thai Wok Seasng Grinder 87G;£3.99;£0.46/10g;Cooking Ingredients;Herbs, Spices & Salt;null;null;null;null;null;null;null;null;
281866150;Santa Maria Harissa Chilli Seasoning 30G;£1.99;£0.66/10g;Cooking Ingredients;Herbs, Spices & Salt;null;null;null;null;null;null;null;null;
279986033;Santa Maria Pizza &Pasta Seasoning Grinder 80G;£3.99;£0.50/10g;Cooking Ingredients;Herbs, Spices & Salt;null;null;null;null;null;null;null;null;
255192922;Schwartz Black Onion Seeds 42G;£1.65;£0.39/10g;Cooking Ingredients;Herbs, Spices & Salt;null;null;null;null;null;null;null;null;
279986223;Santa Maria Pure Garlic Seasoning Grinder 80G;£3.99;£0.50/10g;Cooking Ingredients;Herbs, Spices & Salt;null;null;null;null;null;null;null;null;
279987510;Santa Maria Seafood And Fish Seasoning 90G;£3.99;£0.44/10g;Cooking Ingredients;Herbs, Spices & Salt;null;null;null;null;null;null;null;null;
280047292;Santa Maria New Mexico Chilli Pepper 38G;£1.99;£0.52/10g;Cooking Ingredients;Herbs, Spices & Salt;null;null;null;null;null;null;null;null;
284279195;Schwartz Chilli Tin Harissa 70G;£2.75;£0.39/10g;Cooking Ingredients;Herbs, Spices & Salt;295;12.5;null;12.7;6.1;1.3;null;7.88;
257513938;Schwartz Garlic Granules 47G Jar;£1.65;£0.35/10g;Cooking Ingredients;Herbs, Spices & Salt;null;null;null;null;null;null;null;null;
257511059;Schwartz Fennel Seed 28G Jar;£1.65;£0.59/10g;Cooking Ingredients;Herbs, Spices & Salt;null;null;null;null;null;null;null;null;
257510884;Schwartz Cumin Seed 35G Jar;£1.65;£0.47/10g;Cooking Ingredients;Herbs, Spices & Salt;null;null;null;null;null;null;null;null;
257507670;Schwartz Crushed Chillies 29G Jar;£1.65;£0.57/10g;Cooking Ingredients;Herbs, Spices & Salt;null;null;null;null;null;null;null;null;
257472755;Schwartz Ground Coriander 24G Refill;£1.40;£0.58/10g;Cooking Ingredients;Herbs, Spices & Salt;null;null;null;null;null;null;null;null;
254918672;Schwartz Cinnamon Sticks 13G Jar;£1.65;£1.27/10g;Cooking Ingredients;Herbs, Spices & Salt;null;null;null;null;null;null;null;null;
254919158;Schwartz Cayenne Pepper 26G Jar;£1.65;£0.64/10g;Cooking Ingredients;Herbs, Spices & Salt;null;null;null;null;null;null;null;null;
257504644;Schwartz Chilli Powder Hot 38G Jar;£1.65;£0.43/10g;Cooking Ingredients;Herbs, Spices & Salt;null;null;null;null;null;null;null;null;
257509034;Schwartz Ground Cinnamon 33G Jar;£1.65;£0.50/10g;Cooking Ingredients;Herbs, Spices & Salt;null;null;null;null;null;null;null;null;
254918902;Schwartz Garlic Salt 73G Jar;£1.65;£0.23/10g;Cooking Ingredients;Herbs, Spices & Salt;null;null;null;null;null;null;null;null;
277883739;Schwartz Grillmates Deep South Brown Sugar 35G;£1.00;£0.29/10g;Cooking Ingredients;Herbs, Spices & Salt;342;4.3;null;null;2.2;null;8.4;null;
254919567;Schwartz Garam Masala 30G Jar;£1.65;£0.55/10g;Cooking Ingredients;Herbs, Spices & Salt;null;null;null;null;null;null;null;null;
263155327;Schwartz Ground Cloves 35G Jar;£1.65;£0.47/10g;Cooking Ingredients;Herbs, Spices & Salt;null;null;null;null;null;null;null;null;
257471318;Schwartz Ground Cinnamon 33G Refill;£1.40;£0.42/10g;Cooking Ingredients;Herbs, Spices & Salt;null;null;null;null;null;null;null;null;
257499234;Schwartz Ground Allspice 37G Jar;£1.65;£0.45/10g;Cooking Ingredients;Herbs, Spices & Salt;null;null;null;null;null;null;null;null;
255192876;Schwartz Curry Leaves 7G;£1.65;£2.36/10g;Cooking Ingredients;Herbs, Spices & Salt;null;null;null;null;null;null;null;null;
257510515;Schwartz Ground Coriander 24G Jar;£1.65;£0.69/10g;Cooking Ingredients;Herbs, Spices & Salt;null;null;null;null;null;null;null;null;
257501365;Schwartz Garlic Granules Refill 47G;£1.40;£0.30/10g;Cooking Ingredients;Herbs, Spices & Salt;null;null;null;null;null;null;null;null;
257504523;Schwartz Celery Salt 72G Jar;£1.65;£0.23/10g;Cooking Ingredients;Herbs, Spices & Salt;null;null;null;null;null;null;null;null;
263155356;Schwartz Ground Fenugreek 35G Jar;£1.65;£0.47/10g;Cooking Ingredients;Herbs, Spices & Salt;null;null;null;null;null;null;null;null;
257510855;Schwartz Ground Cumin 28G Jar;£1.65;£0.59/10g;Cooking Ingredients;Herbs, Spices & Salt;null;null;null;null;null;null;null;null;
257478173;Schwartz Ground Cumin Refill 28G;£1.40;£0.50/10g;Cooking Ingredients;Herbs, Spices & Salt;null;null;null;null;null;null;null;null;
257481139;Schwartz Mixed Spice Refill 28G;£0.99;£0.35/10g;Cooking Ingredients;Herbs, Spices & Salt;null;null;null;null;null;null;null;null;
254257917;Schwartz Korma Curry Spice 90G Bvp;£1.65;£0.18/10g;Cooking Ingredients;Herbs, Spices & Salt;null;null;null;null;null;null;null;null;
254763180;Schwartz Ground Mace 29G;£1.65;£0.57/10g;Cooking Ingredients;Herbs, Spices & Salt;null;null;null;null;null;null;null;null;
256834053;Schwartz Medium Curry Powder 90G;£0.99;£0.11/10g;Cooking Ingredients;Herbs, Spices & Salt;null;null;null;null;null;null;null;null;
257512127;Schwartz Ground Mixed Spice 28G Jar;£1.65;£0.59/10g;Cooking Ingredients;Herbs, Spices & Salt;null;null;null;null;null;null;null;null;
254918983;Schwartz Ground Nutmeg 32G Jar;£1.65;£0.52/10g;Cooking Ingredients;Herbs, Spices & Salt;null;null;null;null;null;null;null;null;
258540593;Schwartz Mulled Wine Spice Refill 18G;£1.40;£0.78/10g;Cooking Ingredients;Herbs, Spices & Salt;null;null;null;null;null;null;null;null;
257512179;Schwartz Mustard Seed 48G Jar;£1.65;£0.34/10g;Cooking Ingredients;Herbs, Spices & Salt;null;null;null;null;null;null;null;null;
256338306;Schwartz Hot Curry Powder 85G;£0.99;£0.12/10g;Cooking Ingredients;Herbs, Spices & Salt;null;null;null;null;null;null;null;null;
254918919;Schwartz Ground Ginger 26G Jar;£1.65;£0.64/10g;Cooking Ingredients;Herbs, Spices & Salt;null;null;null;null;null;null;null;null;
262120301;Schwartz No Added Salt All Seasonings 37G;£1.65;£0.45/10g;Cooking Ingredients;Herbs, Spices & Salt;326;11.3;49.7;9.2;4.4;1.5;null;0.18;
254764121;Schwartz Onion Salt 65G;£1.65;£0.25/10g;Cooking Ingredients;Herbs, Spices & Salt;null;null;null;null;null;null;null;null;
254257923;Schwartz Madras Curry Spice 90G;£1.65;£0.18/10g;Cooking Ingredients;Herbs, Spices & Salt;null;null;null;null;null;null;null;null;
256338738;Schwartz Mild Curry Powder 85G;£0.99;£0.12/10g;Cooking Ingredients;Herbs, Spices & Salt;null;null;null;null;null;null;null;null;
257514839;Schwartz Minced Garlic 46G Jar;£1.65;£0.36/10g;Cooking Ingredients;Herbs, Spices & Salt;null;null;null;null;null;null;null;null;
257505263;Schwartz Mild Chilli Powder 38G Jar;£1.65;£0.43/10g;Cooking Ingredients;Herbs, Spices & Salt;null;null;null;null;null;null;null;null;
254763842;Schwartz Hot Paprika 34G Jar;£1.65;£0.49/10g;Cooking Ingredients;Herbs, Spices & Salt;null;null;null;null;null;null;null;null;
257512922;Schwartz Saffron 0.4G Jar;£4.00;£100.00/10g;Cooking Ingredients;Herbs, Spices & Salt;null;null;null;null;null;null;null;null;
257499862;Schwartz Whole Cardamon 26G;£1.65;£0.64/10g;Cooking Ingredients;Herbs, Spices & Salt;null;null;null;null;null;null;null;null;
268589451;Schwartz Paprika Smoked 40G;£1.65;£0.41/10g;Cooking Ingredients;Herbs, Spices & Salt;null;null;null;null;null;null;null;null;
255192317;Schwartz Star Anise Whole 15G Refil;£1.65;£1.10/10g;Cooking Ingredients;Herbs, Spices & Salt;null;null;null;null;null;null;null;null;
257512300;Schwartz Whole Nutmeg 25G Jar;£1.65;£0.66/10g;Cooking Ingredients;Herbs, Spices & Salt;null;null;null;null;null;null;null;null;
251620901;Tesco Crushed Chillies 28G;£0.85;£0.30/10g;Cooking Ingredients;Herbs, Spices & Salt;null;null;null;null;null;null;null;null;
257536312;Tesco Cinnamon Sticks 12G;£0.85;£0.71/10g;Cooking Ingredients;Herbs, Spices & Salt;null;null;null;null;null;null;null;null;
275049251;Tesco Everyday Value Garlic Granules 130G;£0.85;£0.07/10g;Cooking Ingredients;Herbs, Spices & Salt;null;null;null;null;null;null;null;null;
268531289;Tesco Coriander Seeds 26G;£0.85;£0.33/10g;Cooking Ingredients;Herbs, Spices & Salt;null;null;null;null;null;null;null;null;
281733428;Schwartz Poppy Seeds 48G;£1.65;£0.34/10g;Cooking Ingredients;Herbs, Spices & Salt;null;null;null;null;null;null;null;null;
275059763;Tesco Everyday Value Ground Cinnamon 65G;£0.85;£0.13/10g;Cooking Ingredients;Herbs, Spices & Salt;null;null;null;null;null;null;null;null;
254257900;Schwartz Tikka Curry Spice 85G Bvp;£1.65;£0.19/10g;Cooking Ingredients;Herbs, Spices & Salt;null;null;null;null;null;null;null;null;
257513656;Schwartz Turmeric 31G Jar;£1.65;£0.53/10g;Cooking Ingredients;Herbs, Spices & Salt;null;null;null;null;null;null;null;null;
251620642;Tesco Chinese 5 Spice 34G;£0.85;£0.25/10g;Cooking Ingredients;Herbs, Spices & Salt;null;null;null;null;null;null;null;null;
254918735;Schwartz Whole Cloves 22G Jar;£1.65;£0.75/10g;Cooking Ingredients;Herbs, Spices & Salt;null;null;null;null;null;null;null;null;
275059849;Tesco Everyday Value Ground Cumin 80G;£0.85;£0.11/10g;Cooking Ingredients;Herbs, Spices & Salt;null;null;null;null;null;null;null;null;
254919884;Schwartz Paprika Refill 34G;£1.40;£0.41/10g;Cooking Ingredients;Herbs, Spices & Salt;null;null;null;null;null;null;null;null;
275060046;Tesco Everyday Value Ground Ginger 80G;£0.85;£0.11/10g;Cooking Ingredients;Herbs, Spices & Salt;null;null;null;null;null;null;null;null;
257513725;Schwartz Vanilla Pod 2G Jar;£2.50;£12.50/10g;Cooking Ingredients;Herbs, Spices & Salt;null;null;null;null;null;null;null;null;
254919043;Schwartz Paprika 34G Jar;£1.65;£0.49/10g;Cooking Ingredients;Herbs, Spices & Salt;null;null;null;null;null;null;null;null;
276994552;Tesco Finest Roasted Ras El Hanout 85G;£3.00;£0.35/10g;Cooking Ingredients;Herbs, Spices & Salt;320;9.4;null;14.9;9.2;2.5;23.6;9.0;
256150527;Tesco Ground Coriander 36G;£0.85;£0.24/10g;Cooking Ingredients;Herbs, Spices & Salt;null;null;null;null;null;null;null;null;
254920403;Tesco Ground Cinnamon 40G;£0.85;£0.21/10g;Cooking Ingredients;Herbs, Spices & Salt;null;null;null;null;null;null;null;null;
274991604;Tesco Everyday Value Ground Mixed Spice 80G;£0.85;£0.11/10g;Cooking Ingredients;Herbs, Spices & Salt;null;null;null;null;null;null;null;null;
253199328;Tesco Everyday Value Medium Curry Powder 50G;£0.85;£0.17/10g;Cooking Ingredients;Herbs, Spices & Salt;351;15.3;null;2.7;15.1;1.6;25.8;5.0;
276994615;Tesco Finest Indian Style Curry Blend 95G;£3.00;£0.32/10g;Cooking Ingredients;Herbs, Spices & Salt;290;11.9;null;6.8;9.5;0.9;19.9;18.0;
252068516;Tesco Ground Cayenne Pepper 48G;£0.85;£0.18/10g;Cooking Ingredients;Herbs, Spices & Salt;null;null;null;null;null;null;null;null;
268531341;Tesco Ground All Spice 33G;£0.85;£0.26/10g;Cooking Ingredients;Herbs, Spices & Salt;null;null;null;null;null;null;null;null;
251625429;Tesco Hot Chilli Powder 100G;£1.00;£0.10/10g;Cooking Ingredients;Herbs, Spices & Salt;331;14.8;null;6.7;15.4;2.4;37.6;3.5;
256149956;Tesco Ground Nutmeg 52G;£0.85;£0.16/10g;Cooking Ingredients;Herbs, Spices & Salt;null;null;null;null;null;null;null;null;
256149904;Tesco Ground Ginger 38G;£0.85;£0.22/10g;Cooking Ingredients;Herbs, Spices & Salt;null;null;null;null;null;null;null;null;
256146809;Tesco Garlic Powder 53G;£0.70;£0.13/10g;Cooking Ingredients;Herbs, Spices & Salt;null;null;null;null;null;null;null;null;
251990617;Tesco Garam Masala Spice Blend 38G;£0.85;£0.22/10g;Cooking Ingredients;Herbs, Spices & Salt;null;null;null;null;null;null;null;null;
275062568;Tesco Everyday Value Ground Turmeric 110G;£0.85;£0.08/10g;Cooking Ingredients;Herbs, Spices & Salt;null;null;null;null;null;null;null;null;
256150470;Tesco Ground Cumin 43G;£0.85;£0.20/10g;Cooking Ingredients;Herbs, Spices & Salt;null;null;null;null;null;null;null;null;
256150061;Tesco Ground Mix Spice 37G;£0.85;£0.23/10g;Cooking Ingredients;Herbs, Spices & Salt;null;null;null;null;null;null;null;null;
276994517;Tesco Finest Lebanese Spice Blend 75G;£3.00;£0.40/10g;Cooking Ingredients;Herbs, Spices & Salt;305;11.5;null;7.5;9.4;2.0;21.8;12.9;
274991754;Tesco Everyday Value Mild Chilli Powder 95G;£0.85;£0.09/10g;Cooking Ingredients;Herbs, Spices & Salt;null;null;null;null;null;null;null;null;
257025479;Tesco Ground Turmeric 45G;£0.85;£0.19/10g;Cooking Ingredients;Herbs, Spices & Salt;null;null;null;null;null;null;null;null;
251621347;Tesco Garlic Salt 90G;£0.70;£0.08/10g;Cooking Ingredients;Herbs, Spices & Salt;84;4.4;null;0.8;0.2;0.1;2.1;67.5;
256150176;Tesco Paprika 52G;£0.85;£0.16/10g;Cooking Ingredients;Herbs, Spices & Salt;null;null;null;null;null;null;null;null;
257410991;Maldon Sea Salt 250G;£1.80;£7.20/kg;Cooking Ingredients;Herbs, Spices & Salt;null;null;null;null;null;null;null;null;
251622761;Tesco Whole Cumin Seeds 37G;£0.85;£0.23/10g;Cooking Ingredients;Herbs, Spices & Salt;null;null;null;null;null;null;null;null;
268595570;Tesco Whole Cloves 30G;£0.85;£0.28/10g;Cooking Ingredients;Herbs, Spices & Salt;null;null;null;null;null;null;null;null;
251622093;Tesco Saffron 0.5G;£2.50;£50.00/10g;Cooking Ingredients;Herbs, Spices & Salt;null;null;null;null;null;null;null;null;
251622346;Tesco Vanilla Pod;£0.85;£0.85/each;Cooking Ingredients;Herbs, Spices & Salt;null;null;null;null;null;null;null;null;
257536519;Tesco Whole Cardamom 30G;£0.85;£0.28/10g;Cooking Ingredients;Herbs, Spices & Salt;null;null;null;null;null;null;null;null;
251994901;Tesco Mild Chilli Powder 50G;£0.85;£0.17/10g;Cooking Ingredients;Herbs, Spices & Salt;345;15.3;null;6.9;17.1;2.4;34.5;4.0;
255769961;Tesco Medium Curry Powder 80G;£1.00;£0.13/10g;Cooking Ingredients;Herbs, Spices & Salt;310;13.0;null;3.1;12.1;0.8;35.8;8.2;
251994596;Tesco Hot Chilli Powder 50G;£0.85;£0.17/10g;Cooking Ingredients;Herbs, Spices & Salt;331;14.8;null;6.7;15.4;2.4;37.6;3.5;
268595587;Tesco Mustard Seeds 70G;£0.85;£0.14/10g;Cooking Ingredients;Herbs, Spices & Salt;null;null;null;null;null;null;null;null;
279905879;Santa Maria Blk& White Salt & Pepper Grinder 110G;£3.99;£36.28/kg;Cooking Ingredients;Herbs, Spices & Salt;null;null;null;null;null;null;null;null;
251622260;Tesco Sesame Seeds 52G;£0.85;£0.16/10g;Cooking Ingredients;Herbs, Spices & Salt;null;null;null;null;null;null;null;null;
251622899;Tesco Whole Nutmeg 44G;£0.85;£0.19/10g;Cooking Ingredients;Herbs, Spices & Salt;null;null;null;null;null;null;null;null;
255769270;Tesco Hot Curry Powder 80G;£1.00;£0.13/10g;Cooking Ingredients;Herbs, Spices & Salt;334;13.9;null;2.4;15.2;0.9;33.7;7.5;
255770313;Tesco Tikka Curry Powder 80G;£1.00;£0.13/10g;Cooking Ingredients;Herbs, Spices & Salt;318;15.3;null;3.4;12.5;1.1;30.8;7.5;
268449767;Tesco Onion Granules 52G;null;null;Cooking Ingredients;Herbs, Spices & Salt;null;null;null;null;null;null;null;null;
255770181;Tesco Tandoori Curry Powder 80G;£1.00;£0.13/10g;Cooking Ingredients;Herbs, Spices & Salt;320;11.7;null;15.4;9.4;0.9;20.6;8.8;
255770060;Tesco Mild Curry Powder 80G;£1.00;£0.13/10g;Cooking Ingredients;Herbs, Spices & Salt;296;10.4;null;8.1;10.9;1.1;31.7;11.8;
255770365;Tesco Smoked Paprika 48G;£0.85;£0.18/10g;Cooking Ingredients;Herbs, Spices & Salt;null;null;null;null;null;null;null;null;
281426732;Tesco Chip Seasoning 60G;£1.10;£0.18/10g;Cooking Ingredients;Herbs, Spices & Salt;null;null;null;null;null;null;null;null;
254164981;Saxa Fine Sea Salt Mini Pot 65G;£0.40;£6.16/kg;Cooking Ingredients;Herbs, Spices & Salt;null;null;null;null;null;null;null;null;
258072829;Tesco Cooking Salt 3Kg;£1.15;£0.38/kg;Cooking Ingredients;Herbs, Spices & Salt;null;null;null;null;null;null;null;null;
254193744;Saxa Coarse Sea Salt 350G;£0.80;£2.29/kg;Cooking Ingredients;Herbs, Spices & Salt;null;null;null;null;null;null;null;null;
255737573;Tesco Everyday Value Table Salt 1Kg;£0.25;£0.25/kg;Cooking Ingredients;Herbs, Spices & Salt;null;null;null;null;null;null;null;null;
279682611;Tesco Finest Chipotle Chilli Sea Salt 50G;£3.50;£70.00/kg;Cooking Ingredients;Herbs, Spices & Salt;55;2.2;null;2.9;1.4;0.3;4.1;89.5;
258030678;Tesco Cooking Salt 1.5Kg;£0.80;£0.53/kg;Cooking Ingredients;Herbs, Spices & Salt;null;null;null;null;null;null;null;null;
279682749;Tesco Finest Pure Anglesey Sea Salt 55G;£3.50;£63.64/kg;Cooking Ingredients;Herbs, Spices & Salt;null;null;null;null;null;null;null;null;
253171772;Saxa Cooking Salt 1.5Kg;£1.10;£0.73/kg;Cooking Ingredients;Herbs, Spices & Salt;null;null;null;null;null;null;null;null;
254880524;Saxa Table Salt 750G;£0.80;£1.07/kg;Cooking Ingredients;Herbs, Spices & Salt;null;null;null;null;null;null;null;null;
279905390;Santa Maria Rock Salt Grinder 140G;£3.99;£28.50/kg;Cooking Ingredients;Herbs, Spices & Salt;null;null;null;null;null;null;null;null;
260298744;Tesco Reduced Sodium Salt 350G;£0.90;£2.58/kg;Cooking Ingredients;Herbs, Spices & Salt;0;0;null;0;0;0;0;47.5;
279927611;Tesco Finest Pure Anglesey Sea Salt 100G;£4.00;£40.00/kg;Cooking Ingredients;Herbs, Spices & Salt;null;null;null;null;null;null;null;null;
254060470;Saxa Table Salt Mini Pot 70G;£0.40;£5.72/kg;Cooking Ingredients;Herbs, Spices & Salt;null;null;null;null;null;null;null;null;
254065580;Saxa Fine Sea Salt 350G;£0.80;£2.29/kg;Cooking Ingredients;Herbs, Spices & Salt;null;null;null;null;null;null;null;null;
274835883;Spice It Up Sea Salt Grinder 110G;£1.00;£9.10/kg;Cooking Ingredients;Herbs, Spices & Salt;null;null;null;null;null;null;null;null;
279682565;Tesco Finest Applewood Smoked Sea Salt 55G;£3.50;£63.64/kg;Cooking Ingredients;Herbs, Spices & Salt;null;null;null;null;null;null;null;null;
253089478;Saxa So Low Reduced Sodium Salt 350G;£1.65;£4.72/kg;Cooking Ingredients;Herbs, Spices & Salt;null;0;null;null;0;null;0;47.56;
281879895;Santa Maria Rock And Sea Salt Seasoning 90G;£1.60;£0.18/10g;Cooking Ingredients;Herbs, Spices & Salt;null;null;null;null;null;null;null;null;
279682824;Tesco Finest Rosemary Sea Salt 45G;£3.50;£77.78/kg;Cooking Ingredients;Herbs, Spices & Salt;55;1.1;null;0.5;0.4;0.1;4.5;79.9;
279962614;Santa Maria Roasted Garlic And Pepper Grinder 80G;£3.99;£0.50/10g;Cooking Ingredients;Herbs, Spices & Salt;null;null;null;null;null;null;null;null;
279904961;Santa Maria White Pepper Whole 49G;£1.99;£0.41/10g;Cooking Ingredients;Herbs, Spices & Salt;null;null;null;null;null;null;null;null;
257516647;Schwartz Coarse Ground Black Pepper 33G Jar;£2.10;£0.64/10g;Cooking Ingredients;Herbs, Spices & Salt;null;null;null;null;null;null;null;null;
254880449;Tesco Table Salt 750G;£0.29;£0.39/kg;Cooking Ingredients;Herbs, Spices & Salt;null;null;null;null;null;null;null;null;
253729822;Tidmans Natural Rock Salt 500G;£1.30;£2.60/kg;Cooking Ingredients;Herbs, Spices & Salt;null;null;null;null;null;null;null;null;
279905188;Santa Maria Tellicherry Black Pepper Grinder 70G;£3.99;£0.57/10g;Cooking Ingredients;Herbs, Spices & Salt;null;null;null;null;null;null;null;null;
254568745;Saxa Black Pepper 25G;£0.70;£0.28/10g;Cooking Ingredients;Herbs, Spices & Salt;null;null;null;null;null;null;null;null;
255585636;Schwartz Szechuan Pepper 15G;£2.10;£1.40/10g;Cooking Ingredients;Herbs, Spices & Salt;null;null;null;null;null;null;null;null;
279960887;Santa Maria Lime Pepper Grinder 90G;£3.99;£0.44/10g;Cooking Ingredients;Herbs, Spices & Salt;null;null;null;null;null;null;null;null;
257516906;Schwartz Ground White Pepper 34G Jar;£2.10;£0.62/10g;Cooking Ingredients;Herbs, Spices & Salt;null;null;null;null;null;null;null;null;
279965300;Santa Maria Whole Black Pepper 42G;£1.99;£0.47/10g;Cooking Ingredients;Herbs, Spices & Salt;null;null;null;null;null;null;null;null;
255865023;Schwartz Garlic Pepper 45G Jar;£1.65;£0.37/10g;Cooking Ingredients;Herbs, Spices & Salt;null;null;null;null;null;null;null;null;
257515124;Schwartz Ground Black Pepper 33G Jar;£2.10;£0.64/10g;Cooking Ingredients;Herbs, Spices & Salt;null;null;null;null;null;null;null;null;
268589566;Schwartz Black Pepper Grinder 35G;£3.00;£0.86/10g;Cooking Ingredients;Herbs, Spices & Salt;null;null;null;null;null;null;null;null;
279905050;Santa Maria Five Peppers Grinder 60G;£3.99;£0.67/10g;Cooking Ingredients;Herbs, Spices & Salt;null;null;null;null;null;null;null;null;
254804674;Saxa White Pepper 25G;£0.70;£0.28/10g;Cooking Ingredients;Herbs, Spices & Salt;null;null;null;null;null;null;null;null;
279962729;Santa Maria Black Pepper Ground 38G;£1.99;£0.52/10g;Cooking Ingredients;Herbs, Spices & Salt;null;null;null;null;null;null;null;null;
284279304;Schwartz No Mess Refill Black Peppercorns 80G;£2.75;£0.34/10g;Cooking Ingredients;Herbs, Spices & Salt;null;null;null;null;null;null;null;null;
279961241;Santa Maria Orange Pepper Seasoning 61G;£1.60;£0.26/10g;Cooking Ingredients;Herbs, Spices & Salt;null;null;null;null;null;null;null;null;
257523143;Schwartz Black Peppercorns Refill 35G;£2.00;£0.57/10g;Cooking Ingredients;Herbs, Spices & Salt;null;null;null;null;null;null;null;null;
256150683;Tesco Ground White Pepper 100G;£2.00;£0.20/10g;Cooking Ingredients;Herbs, Spices & Salt;null;null;null;null;null;null;null;null;
284326284;Knorr Garden Herbs Flavour Pot 4 X 23G;£1.00;£0.11/10g;Cooking Ingredients;Herbs, Spices & Salt;144 ;1.2;null;null;7.3;null;4.1;8.6;
259035049;Tesco Rainbow Pepper Corn Grinder 40G;£2.00;£0.50/10g;Cooking Ingredients;Herbs, Spices & Salt;null;null;null;null;null;null;null;null;
256150815;Tesco Whole Black Peppercorns 100G;£2.00;£0.20/10g;Cooking Ingredients;Herbs, Spices & Salt;null;null;null;null;null;null;null;null;
257457820;Barts Spices Fresh Garlic 95G;£1.80;£0.19/10g;Cooking Ingredients;Herbs, Spices & Salt;null;null;null;null;null;null;null;null;
258790808;Tesco Whole Black Peppercorns 275G;£3.50;£0.13/10g;Cooking Ingredients;Herbs, Spices & Salt;null;null;null;null;null;null;null;null;
282088162;Knorr 3 Pepper Corn Flavour Pot 4 X 23G;£1.00;£0.11/10g;Cooking Ingredients;Herbs, Spices & Salt;160 ;0.9;null;null;7;null;4.5;8.6;
257724971;Tesco Black Peppercorn Grinder Mill 50G;£2.00;£0.40/10g;Cooking Ingredients;Herbs, Spices & Salt;null;null;null;null;null;null;null;null;
257536462;Tesco Coarse Black Pepper 50G;£1.60;£0.32/10g;Cooking Ingredients;Herbs, Spices & Salt;null;null;null;null;null;null;null;null;
256146389;Tesco Ground Black Pepper 50G;£1.60;£0.32/10g;Cooking Ingredients;Herbs, Spices & Salt;null;null;null;null;null;null;null;null;
276545762;Tesco Ground Black Pepper 25G;£0.65;£0.26/10g;Cooking Ingredients;Herbs, Spices & Salt;null;null;null;null;null;null;null;null;
253637562;English Provender Very Lazy Red Chillies 190G;£1.45;£0.08/10g;Cooking Ingredients;Herbs, Spices & Salt;52;4.3;null;null;2.7;null;null;trace;
279683126;Tesco Finest Tellicherry Pepper Corn Grinder 45G;£3.00;£0.67/10g;Cooking Ingredients;Herbs, Spices & Salt;null;null;null;null;null;null;null;null;
282088429;Knorr Curry Flavour Pot 4 X 23G;£1.00;£0.11/10g;Cooking Ingredients;Herbs, Spices & Salt;170 ;2.0;null;null;9;null;4.0;8.2;
257949060;English Provender Very Lazy Garlic 200G;£1.45;£0.09/10g;Cooking Ingredients;Herbs, Spices & Salt;98;6.1;null;null;0.8;null;null;trace;
257025306;Tesco Whole Black Peppercorns 55G;£1.60;£0.29/10g;Cooking Ingredients;Herbs, Spices & Salt;null;null;null;null;null;null;null;null;
256150775;Tesco Ground Black Pepper 100G;£1.65;£0.17/10g;Cooking Ingredients;Herbs, Spices & Salt;null;null;null;null;null;null;null;null;
251981421;English Provender Very Lazy Ginger 190G;£1.45;£0.15/10g;Cooking Ingredients;Herbs, Spices & Salt;52;0.7;null;null;0.8;null;0.8;null;
276545635;Tesco Everyday Value Ground Black Pepper 100G;£1.19;£0.12/10g;Cooking Ingredients;Herbs, Spices & Salt;null;null;null;null;null;null;null;null;
279927916;Tesco Finest Tellicherry Black Peppercorn 100G;£4.00;£0.40/10g;Cooking Ingredients;Herbs, Spices & Salt;null;null;null;null;null;null;null;null;
282087839;Knorr Mixed Chilli Flavour Pot 4 X 23G;£1.00;£0.11/10g;Cooking Ingredients;Herbs, Spices & Salt;160 ;2.0;null;null;6;null;5;7.3;
273042359;Very Lazy Coriander Paste 75G;£1.85;£0.25/10g;Cooking Ingredients;Herbs, Spices & Salt;152;2.1;null;null;9.2;null;2.8;null;
282087730;Knorr Mixed Herbs Flavour Pot 4 X 23G;£1.00;£0.11/10g;Cooking Ingredients;Herbs, Spices & Salt;150 ;0.3;null;null;7;null;3.5;9.2;
284325890;Knorr Mexican Flavour Pot 4 X 23G;£1.00;£0.11/10g;Cooking Ingredients;Herbs, Spices & Salt;132 ;1.8;null;null;6.9;null;5.2;6.9;
284326094;Knorr Paprika Flavour Pot 4 X 23G;£1.00;£0.11/10g;Cooking Ingredients;Herbs, Spices & Salt;150 ;1.0;null;null;7;null;5;8.7;
279722790;Very Lazy Smoked Choped Garlic 185G;£1.80;£0.09/10g;Cooking Ingredients;Herbs, Spices & Salt;87;3.4;null;null;0.4;null;null;0.1;
260860672;Kucharek Seasoning 200G;£0.99;£0.50/100g;Cooking Ingredients;Herbs, Spices & Salt;null;12,2;19,4;null;0,4;null;null;58,6;
279716469;Very Lazy Sliced Fire Roasted Chillies 190G;£1.80;£0.10/10g;Cooking Ingredients;Herbs, Spices & Salt;24;0.3;null;null;0.8;null;null;0;
279724592;Very Lazy Smked Chped Chls 190G;£1.80;£0.10/10g;Cooking Ingredients;Herbs, Spices & Salt;77;1.1;null;null;3.2;null;null;0;
273042872;Very Lazy Speciality Grated Ginger 110G;£1.80;£0.16/10g;Cooking Ingredients;Herbs, Spices & Salt;75;0.5;null;null;4.9;null;1.9;null;
273042716;Very Lazy Speciality Crushed Garlic 115G;£1.80;£0.16/10g;Cooking Ingredients;Herbs, Spices & Salt;104;4.5;null;null;3.1;null;null;0.9;
273042440;Very Lazy Garlic Paste 75G;£1.85;£0.25/10g;Cooking Ingredients;Herbs, Spices & Salt;123;4.1;null;null;3;null;2.3;null;
284326226;Knorr Ginger And Lemon Grass Flavour Pot 4 X 23G;£1.00;£0.11/10g;Cooking Ingredients;Herbs, Spices & Salt;147 ;1.4;null;null;7;null;4;6.3;
282087914;Knorr Garlic Flavour Pot 4 X 23G;£1.00;£0.11/10g;Cooking Ingredients;Herbs, Spices & Salt;160 ;1.0;null;null;7;null;3.5;7.6;
254918424;Tesco Olive Oil 1L;£2.90;£0.29/100ml;Cooking Ingredients;Oils & Fats;900;0;null;0;100.0;14.3;0;0;
255760642;Tesco Light In Colour Olive Oil 500Ml;£1.75;£0.35/100ml;Cooking Ingredients;Oils & Fats;900;0;null;0;100.0;14.3;0;0;
268619394;Aura Limited Edition Olive Oil 500Ml;£9.00;£1.80/100ml;Cooking Ingredients;Oils & Fats;null;0;null;null;null;null;null;null;
255602151;Napolina Olive Oil 250Ml;£2.00;£0.80/100ml;Cooking Ingredients;Oils & Fats;null;null;null;null;null;null;null;null;
286816997;Filippo Berio Mild And Light Olive Oil 250Ml;£2.50;£1.00/100ml;Cooking Ingredients;Oils & Fats;822;nil;null;null;91.3;null;nil;null;
267241075;Napolina Light And Mild 1 Litre;£5.50;£0.55/100ml;Cooking Ingredients;Oils & Fats;null;null;null;null;null;null;null;null;
257449231;Napolina Olive Oil 500Ml;£3.00;£0.60/100ml;Cooking Ingredients;Oils & Fats;null;null;null;null;null;null;null;null;
255209778;Filippo Berio Pure Olive Oil 500 Ml;£3.70;£0.74/100ml;Cooking Ingredients;Oils & Fats;822;nil;null;null;91.3;null;nil;null;
274089279;Frylight Olive Oil Spray 190Ml;£2.20;£1.16/100ml;Cooking Ingredients;Oils & Fats;1 ;trace;null;null;null;null;null;trace;
286816818;Filippo Berio Pure Olive Oil 250Ml;£2.50;£1.00/100ml;Cooking Ingredients;Oils & Fats;822;nil;null;null;91.3;null;nil;null;
255622524;Napolina Olive Oil 1Lt;£5.50;£0.55/100ml;Cooking Ingredients;Oils & Fats;null;null;null;null;null;null;null;null;
259045325;Tesco Light In Colour Olive Oil 1Ltr;£2.90;£0.29/100ml;Cooking Ingredients;Oils & Fats;900;0;null;0;100.0;14.3;0;0;
255209876;Filippo Berio Extra Virgin Olive Oil 500Ml;£3.70;£0.74/100ml;Cooking Ingredients;Oils & Fats;822;nil;null;null;91.3;null;nil;null;
255593768;Napolina Extra Virgin Olive Oil 500Ml;£3.00;£0.60/100ml;Cooking Ingredients;Oils & Fats;null;null;null;null;null;null;null;null;
254958261;Filippo Berio Mild And Light Olive Oil 500Ml;£3.70;£0.74/100ml;Cooking Ingredients;Oils & Fats;822;nil;null;null;91.3;null;nil;null;
251978184;Fillipo Berio Pure Olive Oil 1Ltr;£5.90;£0.59/100ml;Cooking Ingredients;Oils & Fats;822;nil;null;null;91.3;null;nil;null;
255592950;Napolina Light And Mild Olive Oil 500Ml;£3.00;£0.60/100ml;Cooking Ingredients;Oils & Fats;null;null;null;null;null;null;null;null;
256692951;Filippo Berio Mild And Light Olive Oil 1Ltr;£5.90;£0.59/100ml;Cooking Ingredients;Oils & Fats;822;nil;null;null;91.3;null;nil;null;
255624424;Napolina Mild And Light Olive Oil 250Ml;£2.00;£0.80/100ml;Cooking Ingredients;Oils & Fats;823 ;0;null;null;91.4;null;0;0;
255605136;Napolina Extra Virgin Olive Oil 250Ml;£2.00;£0.80/100ml;Cooking Ingredients;Oils & Fats;null;null;null;null;null;null;null;null;
282010827;Carapelli Extra Virgin Olive Oil 1 Litre;£8.50;£8.50/l;Cooking Ingredients;Oils & Fats;822 Kcal;0;0;null;91;null;0;null;
282014792;Terre Nostre Truffle Extra Virgin Oil 250Ml;£3.00;£1.20/100ml;Cooking Ingredients;Oils & Fats;null;null;null;null;null;null;null;null;
265355001;Napolina Fruity Special Selection Exvign Olive Oil 500Ml;£3.00;£0.60/100ml;Cooking Ingredients;Oils & Fats;null;null;null;null;null;null;null;null;
254918418;Tesco Olive Oil 500Ml;£1.75;£0.35/100ml;Cooking Ingredients;Oils & Fats;900;0;null;0;100.0;14.3;0;0;
258061785;Tesco Olive Oil 250Ml;£1.00;£0.40/100ml;Cooking Ingredients;Oils & Fats;900;0;null;0;100.0;14.3;0;0;
271559581;Cook Italian Gran Fruttato Evo 500Ml;£4.00;£0.80/100ml;Cooking Ingredients;Oils & Fats;null;0.0;null;null;91.6;null;0.0;null;
282099537;Carapelli Extra Virgin Olive Oil 500Ml;£4.75;£0.95/100ml;Cooking Ingredients;Oils & Fats;822 Kcal;null;0;null;91;null;0;null;
267236773;Filippo Berio Extra Virgin Olive Oil Special Selection 250Ml;£3.25;£1.30/100ml;Cooking Ingredients;Oils & Fats;822;nil;null;null;91.3;null;nil;null;
267236519;Filippo Berio Extra Virgin Olive Oil Special Selection 750Ml;null;null;Cooking Ingredients;Oils & Fats;822;nil;null;null;91.3;null;nil;null;
282099324;Carapelli Extra Virgin Olive Oil 250Ml;£2.75;£1.10/100ml;Cooking Ingredients;Oils & Fats;822 ;null;0;null;91;null;null;0;
260013397;Filippo Berio Extra Virgin Olive Oil 250Ml;£2.50;£1.00/100ml;Cooking Ingredients;Oils & Fats;822;nil;null;null;91.3;null;nil;null;
254516076;Tesco Extra Virgin Olive Oil 1Ltr;£3.00;£0.30/100ml;Cooking Ingredients;Oils & Fats;900;0;null;0;100.0;14.3;0;0;
255592838;Napolina Extra Virgin Olive Oil 1Ltr;£5.60;£0.56/100ml;Cooking Ingredients;Oils & Fats;null;null;null;null;null;null;null;null;
253751011;Filippo Berio Gusto Fruttato Extra Virgin Olive Oil 500Ml;£4.75;£0.95/100ml;Cooking Ingredients;Oils & Fats;822 ;nil;null;null;91.3;null;nil;null;
265392181;Napolina Light P Epr Special Selection Extra Virgin Olive Oil 250Ml;£3.00;£1.20/100ml;Cooking Ingredients;Oils & Fats;null;null;null;null;null;null;null;null;
267237363;Farchioni Il Casolare Extra Virgin Olive Oil 1L;£7.50;£0.75/100ml;Cooking Ingredients;Oils & Fats;null;null;null;null;null;null;null;null;
271559419;Cook Italian Extra Virgin Olive Oil 500Ml;£3.60;£0.72/100ml;Cooking Ingredients;Oils & Fats;null;0.0;null;null;91.6;null;0.0;null;
253628953;Filippo Berio Extra Virgin Olive Oil 1Lt;£6.00;£0.60/100ml;Cooking Ingredients;Oils & Fats;822;0;null;null;91.3;null;0;0;
278288475;Tesco Chilli Infused Oil 250Ml;£2.00;£0.80/100ml;Cooking Ingredients;Oils & Fats;null;null;null;null;null;null;null;null;
278288452;Tesco Basil Infused Oil 250Ml;£2.00;£0.80/100ml;Cooking Ingredients;Oils & Fats;null;null;null;null;null;null;null;null;
282151579;Goldenfields Sunflower Oil 1 Litre;£1.85;£0.19/100ml;Cooking Ingredients;Oils & Fats;828 ;0;null;null;null;10;0;0;
279422540;Tesco Finest Oil With Basil For Dipping 250Ml;£3.50;£1.40/100ml;Cooking Ingredients;Oils & Fats;894;0.2;null;0;99.0;14.2;0.1;0.01;
258732769;Crisp And Dry Vegetable Oil 1L;£1.25;£0.13/100ml;Cooking Ingredients;Oils & Fats;828;0;null;null;92;null;0;null;
261111227;Mazola Pure Corn Oil 1L;£1.75;£0.18/100ml;Cooking Ingredients;Oils & Fats;829;0;null;null;92.1;null;0;null;
254918430;Tesco Extra Virgin Olive Oil 500Ml;£1.85;£0.37/100ml;Cooking Ingredients;Oils & Fats;900;0;null;0;100.0;14.3;0;0;
271985571;Tesco Finest Puglian Evo Oil 500Ml;null;null;Cooking Ingredients;Oils & Fats;900;0;null;0;100.0;14.3;0;0;
273104500;Carotino Mild & Light Cooking Oil 500Ml;£2.00;£0.40/100ml;Cooking Ingredients;Oils & Fats;3400 kJ / 812 kCal -;Nil;null;null;null;null;Nil;null;
282150897;Goldenfields Pure Rapeseed Oil 1L;£1.75;£0.18/100ml;Cooking Ingredients;Oils & Fats;828;Nil;null;null;null;7.4;Nil;null;
258732677;Flora Pure Sunflower Oil 2L;£3.00;£0.15/100ml;Cooking Ingredients;Oils & Fats;828;0;null;null;92;null;0;0;
279422684;Tesco Finest Oil Garlic And Chilli For Dipping250ml;£3.50;£1.40/100ml;Cooking Ingredients;Oils & Fats;845;0.9;null;1.0;92.0;13.0;1.0;0;
258732959;Crisp And Dry Vegetable Oil 2L;£3.50;£0.18/100ml;Cooking Ingredients;Oils & Fats;828 ;0;null;null;92;null;0;null;
261941448;Tesco Finest Sicilian Extra Virgin Olive Oil 500Ml;£6.00;£1.20/100ml;Cooking Ingredients;Oils & Fats;900;0;null;0;100.0;14.3;0;0;
258732101;Flora Pure Sunflower Oil 1L;£2.25;£0.23/100ml;Cooking Ingredients;Oils & Fats;828;0;null;null;92;null;0;0;
259074328;Tesco Italian Extra Virgin Olive Oil 500Ml;£3.00;£0.60/100ml;Cooking Ingredients;Oils & Fats;900;0;null;0;100.0;14.3;0;0;
257380126;Tesco Extra Virgin Olive Oil 250Ml;£1.00;£0.40/100ml;Cooking Ingredients;Oils & Fats;900;0;null;0;100.0;14.3;0;null;
259045417;Tesco Organic Extra Virgin Olive Oil 500Ml;£2.00;£0.40/100ml;Cooking Ingredients;Oils & Fats;900;0;null;0;100.0;14.3;0;0;
278288515;Tesco Garlic Infused Oil 250Ml;£2.00;£0.80/100ml;Cooking Ingredients;Oils & Fats;null;null;null;null;null;null;null;null;
259074601;Tesco Greek Extra Virgin Olive Oil 500Ml;£3.00;£0.60/100ml;Cooking Ingredients;Oils & Fats;900;0;null;0;100.0;14.3;0;0;
279422436;Tesco Finest Balsamic And Oil For Dipping 250Ml;£3.50;£1.40/100ml;Cooking Ingredients;Oils & Fats;680;0.4;null;11.7;70.0;10.0;0;0;
259074624;Tesco Spanish Extra Virgin Olive Oil 500Ml;£3.00;£0.60/100ml;Cooking Ingredients;Oils & Fats;900;0;null;0;100.0;14.3;0;0;
285725121;Olivio Oil 1 Litre;£2.49;£0.25/100ml;Cooking Ingredients;Oils & Fats;828;0.5;null;null;92;null;0.5;0.01;
268622297;Groovy Virgin Coconut Oil 283Ml;£5.99;£2.12/100ml;Cooking Ingredients;Oils & Fats;3154kJ;0.0;null;0.0;92.5;null;null;0.0;
262381999;Hillfarms Cold Pressed Rapeseed Oil 500;£4.25;£0.85/100ml;Cooking Ingredients;Oils & Fats;813;0.1;null;null;89.0;null;0.1;Trace;
254998823;Pura Light Touch 420Ml;£1.75;£0.42/100ml;Cooking Ingredients;Oils & Fats;null;null;null;null;null;null;null;null;
274132044;Tesco Finest Cold Press Rapeseed Oil 500Ml;£3.49;£0.70/100ml;Cooking Ingredients;Oils & Fats;900;0;null;0;100.0;6.6;0;null;
253296768;Tesco Organic Sunflower Oil 1L;£2.50;£0.25/100ml;Cooking Ingredients;Oils & Fats;900;0;null;0;100.0;12.0;0;null;
254918073;Tesco Pure Vegetable Oil 3L;£3.00;£0.10/100ml;Cooking Ingredients;Oils & Fats;900;0;null;0;100.0;8.0;0;0;
254918234;Tesco Pure Sunflower Oil 3L;£3.00;£0.10/100ml;Cooking Ingredients;Oils & Fats;900;0;null;0;100.0;11.0;0;0;
276806857;Mr Hugh's Extra Virgin Cold Pressed Rapeseed 500Ml;£3.00;£0.60/100ml;Cooking Ingredients;Oils & Fats;898 ;Trace;null;null;99.6;null;Nil;null;
273925064;Mr Hugh's Extra Virgin Pressed Rapeseed Oil 250Ml;£2.00;£0.80/100ml;Cooking Ingredients;Oils & Fats;898 ;Trace;null;null;99.6;null;Nil;null;
254918067;Tesco Pure Vegetable Oil 1L;£1.10;£0.11/100ml;Cooking Ingredients;Oils & Fats;900;0;null;0;100.0;8.0;0;0;
281920443;Tesco Sunflower Oil 500Ml;£1.00;£0.20/100ml;Cooking Ingredients;Oils & Fats;900;0;null;0;100.0;12.0;0;0;
258443915;Good Oil Hemp Seed Oil 500Ml;£5.00;£1.00/100ml;Cooking Ingredients;Oils & Fats;900 ;nil;null;null;100;null;nil;null;
259180129;Tesco Stir Fry Oil 250Ml;£1.25;£0.50/100ml;Cooking Ingredients;Oils & Fats;900;0;null;0;100.0;12.3;0;null;
258669752;Alfa One Rice Bran Oil 500Ml;£1.50;£0.30/100ml;Cooking Ingredients;Oils & Fats;813;null;null;null;92;null;null;null;
281920345;Tesco Pure Vegetable Oil 500Ml;£0.75;£0.15/100ml;Cooking Ingredients;Oils & Fats;900;0;null;0;100.0;6.6;0;0;
278083452;Gino D'acampo Everyday Oil 500Ml;£2.50;£0.50/100ml;Cooking Ingredients;Oils & Fats;819 Kcal;null;0;null;91;null;0;0;
254918228;Tesco Pure Sunflower Oil 1L;£1.20;£0.12/100ml;Cooking Ingredients;Oils & Fats;900;0;null;0;100.0;11.0;0;0;
281921684;Tesco Organic Rapeseed Oil 500Ml;£1.50;£0.30/100ml;Cooking Ingredients;Oils & Fats;900;0;null;0;100.0;6.6;0;0;
250616592;Tesco Organic Rapeseed Oil 1L;£3.00;£0.30/100ml;Cooking Ingredients;Oils & Fats;900;0;null;0;100.0;6.6;0;0;
287129737;Filippo Berio Extra Virgin Olive Oil Basil 250Ml;£3.99;£1.60/100ml;Cooking Ingredients;Oils & Fats;822;0;null;null;91.3;null;null;0;
259028703;Tesco Toasted Sesame Oil 250Ml;£1.60;£0.64/100ml;Cooking Ingredients;Oils & Fats;900;0;null;0;100.0;14.6;0;null;
279684603;Filippo Berio Extra Virgin Olive Oil Spray 200Ml;£2.10;£1.05/100ml;Cooking Ingredients;Oils & Fats;822;nil;null;null;91.3;null;nil;null;
286999128;Groovy Virgin Coconut Spray 190Ml;£2.50;£1.32/100ml;Cooking Ingredients;Oils & Fats;1Kcal;0;null;null;0.10;null;null;0;
281977583;Yors Red Chilli Extra Virgin Rapeseed Oil 500Ml;£4.00;£0.80/100ml;Cooking Ingredients;Oils & Fats;890 ;0.28;null;null;98.18;null;null;null;
264210284;Filippo Berio Mild And Light Olive Oil Spray 200Ml;£2.10;£1.05/100ml;Cooking Ingredients;Oils & Fats;822;nil;null;null;91.3;null;nil;null;
268224993;Flora Cuisine Original Cooking Liquid 500Ml;£1.80;£3.60/l;Cooking Ingredients;Oils & Fats;2600kJ / 390kJ /;0.5;null;null;70.0;null;0.5;null;
285385418;Frylight Infuse Garlic Oil Cook And Flavoured Spray 120Ml;£2.00;£1.67/100ml;Cooking Ingredients;Oils & Fats;1;trace;null;null;null;null;null;trace;
274088977;Frylight Sunflower Oil Spray 190Ml;£2.20;£1.16/100ml;Cooking Ingredients;Oils & Fats;1 ;trace;null;null;null;null;null;trace;
281978115;Yors Oak Smoked Extra Virgin Smoked Rapseed Oil 500Ml;£4.00;£0.80/100ml;Cooking Ingredients;Oils & Fats;900 ;0.1;null;null;99.9;null;null;null;
259028409;Tesco Walnut Oil 250Ml;£1.60;£0.64/100ml;Cooking Ingredients;Oils & Fats;900;0;null;0;100.0;9.1;0;null;
286812258;Tesco Olive Oil Spray 200Ml;null;null;Cooking Ingredients;Oils & Fats;822;0;null;0;91.3;13.7;0;0;
286812172;Tesco Rapeseed Oil Spray 200Ml;null;null;Cooking Ingredients;Oils & Fats;827;0;null;0;91.9;6.4;0;0;
286812356;Tesco Extra Virgin Olive Oil Spray 200Ml;null;null;Cooking Ingredients;Oils & Fats;822;0;null;0;91.3;13.7;0;0;
287129812;Filippo Berio Extra Virgin Olive Oil Chilli 250Ml;£3.99;£1.60/100ml;Cooking Ingredients;Oils & Fats;822;0;null;null;91.3;null;null;0;
287129904;Filippo Berio Extra Virgin Olive Oil Garlic 250Ml;£3.99;£1.60/100ml;Cooking Ingredients;Oils & Fats;822;0;null;null;91.3;null;null;0;
274109240;Frylight Better Than Butter Oil Spray 190Ml;£2.20;£1.16/100ml;Cooking Ingredients;Oils & Fats;1 ;trace;null;null;null;null;null;trace;
286812108;Tesco Sunflower Oil Spray 200Ml;null;null;Cooking Ingredients;Oils & Fats;832;0;null;0;92.4;11.1;0;0;
285385580;Frylight Infuse Chilli Oil Flavoured Spray 120Ml;£2.00;£1.67/100ml;Cooking Ingredients;Oils & Fats;1;trace;null;null;0.1;null;null;trace;
281513401;Tesco Roasted Peanut Oil 250Ml;£2.00;£0.80/100ml;Cooking Ingredients;Oils & Fats;821;0;null;0;91.2;14.6;0;0;
286318417;Vita Coco Organic Extra Virgin Coconut Oil 250Ml;£5.99;£23.96/l;Cooking Ingredients;Oils & Fats;784;0.00;null;null;91;null;null;0m;
286318573;Vita Coco Organic Extra Virgin Coconut Oil 500Ml;£9.99;£19.98/l;Cooking Ingredients;Oils & Fats;784;0.00;null;null;91;null;null;0m;
272515844;Tesco Vegetable Oil 5 Litre Pet;£5.00;£0.10/100ml;Cooking Ingredients;Oils & Fats;825;0;null;0;91.7;7.3;0;0;
280363406;Tesco Organic Virgin Coconut Oil 300Ml;£5.00;£1.67/100ml;Cooking Ingredients;Oils & Fats;900;0;null;0;100.0;93.8;0;0;
287206972;Tesco Groundnut Oil 500Ml;£1.50;£0.30/100ml;Cooking Ingredients;Oils & Fats;null;null;null;null;null;null;null;null;
279751582;Olivio Oil 500Ml;£1.50;£0.30/100ml;Cooking Ingredients;Oils & Fats;828;0.5;null;null;92;null;0.5;0.01;
287231615;Tesco Grapeseed Oil 500Ml;£2.00;£0.40/100ml;Cooking Ingredients;Oils & Fats;null;null;null;null;null;null;null;null;
272515499;Tesco Blended Pomace Oil 5 Litre Pet;£6.00;£0.12/100ml;Cooking Ingredients;Oils & Fats;900;0;null;0;100.0;11.0;0;null;
256412443;Ktc Coconut Oil 500Ml;£2.25;£0.45/100ml;Cooking Ingredients;Oils & Fats;899 ;0.2;null;null;99.5;null;0.0;0.5;
271168790;Tesco Pure Sunflower Oil 5 Litre Pet;£5.00;£0.10/100ml;Cooking Ingredients;Oils & Fats;828;0;null;0;92.0;10.1;0;0;
268392562;Colman's Pork Casserole Recipe Mix 38G;£0.75;£1.98/100g;Cooking Ingredients;Packet Mixes & Pour Over Sauce Mixes;1400kJ/ 1100kJ/ 13%;8;null;null;2;null;5;9.1;
254882165;Colman's Beef Bourguignon Recipe Mix 39G;£0.75;£1.93/100g;Cooking Ingredients;Packet Mixes & Pour Over Sauce Mixes;1400kJ/ 1100kJ/ 13%;7;null;null;2;null;3;7.7;
281505019;Colman's Hot Con Carne Recipe Mix 37G;£0.75;£2.03/100g;Cooking Ingredients;Packet Mixes & Pour Over Sauce Mixes;1400kJ/ 1600kJ/ 19%;12;null;null;3;null;9;5.5;
268424756;Colman's Chicken Chasseur Recipe Mix 43G;£0.75;£1.75/100g;Cooking Ingredients;Packet Mixes & Pour Over Sauce Mixes;1400kJ/ 970kJ/ 12%;10;null;null;1.5;null;6;11;
285294290;Bisto Simply Beef And Ale Casserole 55G;£1.29;£2.35/100g;Cooking Ingredients;Packet Mixes & Pour Over Sauce Mixes;null;4.4;null;null;11.8;null;0.8;8.08;
268392493;Colman's Sausage Casserole Recipe Mix 39G;£0.75;£1.93/100g;Cooking Ingredients;Packet Mixes & Pour Over Sauce Mixes;1500kJ/ 1467kJ/ 18%;10;null;null;2.5;null;6;3.8;
285294212;Bisto Simply Country Chicken Casserole 55G;£1.29;£2.35/100g;Cooking Ingredients;Packet Mixes & Pour Over Sauce Mixes;null;6.0;null;null;13.2;null;1.6;6.36;
251313211;Colman's Shepherd's Pie Recipe Mix 50G;£0.75;£1.50/100g;Cooking Ingredients;Packet Mixes & Pour Over Sauce Mixes;1400kJ/ 1865kJ/ 22%;13;null;null;2;null;5;9.6;
268392464;Colman's Chicken Supreme Recipe Mix 38G;£0.75;£1.98/100g;Cooking Ingredients;Packet Mixes & Pour Over Sauce Mixes;1700kJ/ 1000kJ/ 12%;13;null;null;12;null;3.5;4.6;
281505146;Colman's Coq Au Vin Recipe Mix 36G;£0.75;£2.09/100g;Cooking Ingredients;Packet Mixes & Pour Over Sauce Mixes;1400kJ/ 860kJ/ 10%;8;null;null;2.5;null;4;9.7;
254882418;Colman's Chilli Con Carne Recipe Mix 50G;£0.75;£1.50/100g;Cooking Ingredients;Packet Mixes & Pour Over Sauce Mixes;1400kJ/ 1473kJ/ 18%;11;null;null;2;null;8;7.8;
250920908;Colman's Cottage Pie Recipe Mix 45G;£0.75;£1.67/100g;Cooking Ingredients;Packet Mixes & Pour Over Sauce Mixes;1400kJ/ 2000kJ/ 24%;15;null;null;3;null;7;12;
268406162;Colman's Beef Stroganoff Recipe Mix 39G;£0.75;£1.93/100g;Cooking Ingredients;Packet Mixes & Pour Over Sauce Mixes;1700kJ/ 1200kJ/ 14%;11;null;null;17;null;6;12;
285294088;Bisto Simply Sausage And Onion Casserole 55G;£1.29;£2.35/100g;Cooking Ingredients;Packet Mixes & Pour Over Sauce Mixes;null;4.1;null;null;12.1;null;0.7;7.83;
254882194;Colman's Beef Casserole Recipe Mix 40G;£0.75;£1.88/100g;Cooking Ingredients;Packet Mixes & Pour Over Sauce Mixes;1400kJ/ 1100kJ/ 13%;9;null;null;1.5;null;4.5;7.8;
268391845;Colman's Tuna Pasta Bake Recipe Mix 44G;£0.75;£1.71/100g;Cooking Ingredients;Packet Mixes & Pour Over Sauce Mixes;1400kJ/ 2020kJ/ 24%;12;null;null;3;null;6;8.4;
268392337;Colman's Lamb Hotpot Recipe Mix 41G;£0.75;£1.83/100g;Cooking Ingredients;Packet Mixes & Pour Over Sauce Mixes;1300kJ/ 1595kJ/ 19%;12;null;null;1.5;null;4;12;
285293999;Bisto Simply Spanish Chicken Casserole 55G;£1.29;£2.35/100g;Cooking Ingredients;Packet Mixes & Pour Over Sauce Mixes;null;3.8;null;null;12.7;null;2.9;8.36;
268424877;Colman's Spaghetti Bolognese Recipe Mix 44G;£0.75;£1.71/100g;Cooking Ingredients;Packet Mixes & Pour Over Sauce Mixes;1300kJ/ 1300kJ/ 16%;12;null;null;2;null;7;10;
254882228;Colman's Chicken Casserole Recipe Mix 40G;£0.75;£1.88/100g;Cooking Ingredients;Packet Mixes & Pour Over Sauce Mixes;1400kJ/ 880kJ/ 10%;6;null;null;1;null;4;11;
275739759;Maggi So Baked Chicken And Leek Potato Bake55g;£0.85;£1.55/100g;Cooking Ingredients;Packet Mixes & Pour Over Sauce Mixes;1637 kJ 2536 kJ -;11.5;null;null;14.3;null;3.3;12.33;
273982450;Maggi So Sizzling Steak With Caramelised Onion 52G;£0.85;£1.64/100g;Cooking Ingredients;Packet Mixes & Pour Over Sauce Mixes;1440 kJ 2298 kJ -;6.8;null;null;2.0;null;1.8;11.97;
251975976;Schwartz Chicken Chasseur Casserole Mix40g;£0.90;£2.25/100g;Cooking Ingredients;Packet Mixes & Pour Over Sauce Mixes;323;9.6;61.3;null;3.3;null;4.8;null;
256794905;Schwartz Authentic Tuna Napolitana Mix 30G;£0.90;£3.00/100g;Cooking Ingredients;Packet Mixes & Pour Over Sauce Mixes;377;10.8;45.2;null;15.4;null;7.2;null;
285020422;Schwartz Cajun Chilli Chicken 35G;£0.90;£2.58/100g;Cooking Ingredients;Packet Mixes & Pour Over Sauce Mixes;1352kJ 1012kJ 8400kJ;1.3;44.8;3.7;7.1;1.2;null;9.00;
254882608;Schwartz Authentic Mix For Lasagne 36G;£0.90;£2.50/100g;Cooking Ingredients;Packet Mixes & Pour Over Sauce Mixes;1398kJ 1728kJ 8400kJ;6.9;71.0;1.2;1.2;0.5;null;4.63;
251975573;Schwartz Authentic Chicken Casserole Mix 36G;£0.90;£2.50/100g;Cooking Ingredients;Packet Mixes & Pour Over Sauce Mixes;359;10.7;65.1;null;5.5;null;3.0;null;
285020540;Schwartz Cheese And Ham Pasta Bake 40G;£0.90;£2.25/100g;Cooking Ingredients;Packet Mixes & Pour Over Sauce Mixes;1523kJ 1768kJ 8400kJ;14.8;59.7;0.6;5.9;3.6;null;7.63;
279714914;Maggi So Crispy Barbecue Chicken 90G;£0.50;£0.56/100g;Cooking Ingredients;Packet Mixes & Pour Over Sauce Mixes;1502kJ 1090kJ;9.6;null;null;2.7;null;3.5;null;
255887509;Schwartz Authentic Mix Somerset Pork 36G;£0.90;£2.50/100g;Cooking Ingredients;Packet Mixes & Pour Over Sauce Mixes;1432kJ 947kJ 8400kJ;9.1;67.4;17.7;2.7;1.4;null;6.25;
279706343;Maggi So Baked Piri Piri Chicken 40G;£0.85;£2.13/100g;Cooking Ingredients;Packet Mixes & Pour Over Sauce Mixes;1263 kJ 2858 kJ -;9.6;null;null;4.9;null;9.6;13.88;
259420342;Schwartz Authentic Bombay Potatos 33G;£0.90;£2.73/100g;Cooking Ingredients;Packet Mixes & Pour Over Sauce Mixes;326;15.4;27.0;null;12.1;null;23.5;null;
279706487;Maggi So Sizzling Barbecue Chicken 50G;£0.85;£1.70/100g;Cooking Ingredients;Packet Mixes & Pour Over Sauce Mixes;1447 kJ 1814 kJ -;5.0;null;null;3.5;null;3.2;10.53;
252176843;Schwartz Authentic Chicken Fajitas 35G;£0.90;£2.58/100g;Cooking Ingredients;Packet Mixes & Pour Over Sauce Mixes;1436kJ 1769kJ 8400kJ;11.5;54.0;3.9;6.7;3.3;null;9.63;
251975475;Schwartz Beef Casserole Mix 43G;£0.90;£2.10/100g;Cooking Ingredients;Packet Mixes & Pour Over Sauce Mixes;1300kJ 1075kJ 8400kJ;7.5;64.9;4.2;1.3;0.3;null;14.13;
273959473;Maggi So Crispy Herb And Garlic 90G;£0.50;£0.56/100g;Cooking Ingredients;Packet Mixes & Pour Over Sauce Mixes;1548 kJ 1782 kJ -;9.7;null;null;5.3;null;3.6;4.60;
279714621;Maggi So Sticky Caramelised Onion Sausages 44G;£0.85;£1.94/100g;Cooking Ingredients;Packet Mixes & Pour Over Sauce Mixes;1539 kJ 2255 kJ -;6.1;null;null;5.7;null;3.2;7.93;
253714062;Schwartz Authentic Lamb Casserole Mix 35G;£0.90;£2.58/100g;Cooking Ingredients;Packet Mixes & Pour Over Sauce Mixes;1262kJ 1049kJ 8400kJ;9.9;60.7;6.5;0.9;0.2;null;14.63;
273982542;Maggi So Baked Cheesy Chicken And Bacon Pasta Bake 47G;£0.85;£1.81/100g;Cooking Ingredients;Packet Mixes & Pour Over Sauce Mixes;2078 kJ 2057 kJ -;9.3;null;null;28.0;null;2.8;4.45;
256181254;Schwartz Authentic Spaghetti Bolognese Sauce Mix 40G;£0.90;£2.25/100g;Cooking Ingredients;Packet Mixes & Pour Over Sauce Mixes;1303kJ 1755kJ 8400kJ;9.1;61.5;7.7;1.6;0.6;null;10.13;
258130139;Schwartz Dauphinoise Potato Bake 40G;£0.90;£2.25/100g;Cooking Ingredients;Packet Mixes & Pour Over Sauce Mixes;456;7.0;42.3;null;26.9;null;8.4;null;
257375133;Schwartz Mediterranean Roasted Vegetable Mix 30G;£0.90;£3.00/100g;Cooking Ingredients;Packet Mixes & Pour Over Sauce Mixes;317;10.1;62.1;null;1.7;null;6.5;null;
257375248;Schwartz Mushroom Strogonoff Mix 35G;£0.90;£2.58/100g;Cooking Ingredients;Packet Mixes & Pour Over Sauce Mixes;345;10.9;52.4;null;8.9;null;5.9;null;
271384014;Schwartz New Limited Edition Meatball Pasta Bake 35G;£0.90;£2.58/100g;Cooking Ingredients;Packet Mixes & Pour Over Sauce Mixes;310;12.0;58.9;11.0;2.9;1.5;null;12.50;
279716135;Schwartz Flavour Shot Mexican Fajitas 52G;£1.40;£2.70/100g;Cooking Ingredients;Packet Mixes & Pour Over Sauce Mixes;2630kJ -;5.0;21.2;7.8;57.8;4.9;null;5.13;
281765540;Schwartz Flavour Shots Spanish Paella 52G;£1.40;£2.70/100g;Cooking Ingredients;Packet Mixes & Pour Over Sauce Mixes;2509kJ -;4.8;20.4;4.6;55.0;4.6;null;8.88;
279704034;Schwartz Flavour Shot Masala Curry 52G;£1.40;£2.70/100g;Cooking Ingredients;Packet Mixes & Pour Over Sauce Mixes;2602kJ -;4.4;23.7;8.1;55.7;4.4;null;4.38;
281762848;Schwartz Flavour Shots Spicy Chicken Jalfrezi 52G;£1.40;£2.70/100g;Cooking Ingredients;Packet Mixes & Pour Over Sauce Mixes;2556kJ;5.7;14.1;6.2;57.5;4.9;null;5.46;
275739874;Schwartz Coq Au Vin 35G;£0.90;£2.58/100g;Cooking Ingredients;Packet Mixes & Pour Over Sauce Mixes;339;7.7;71.4;null;1.4;null;4.8;null;
279716089;Schwartz Flavour Shot Smoked Paprika Chicken 52G;£1.40;£2.70/100g;Cooking Ingredients;Packet Mixes & Pour Over Sauce Mixes;2639kJ -;4.5;22.9;6.3;57.5;4.7;null;5.04;
279715378;Schwartz Flavour Shot Thai Red Curry 52G;£1.40;£2.70/100g;Cooking Ingredients;Packet Mixes & Pour Over Sauce Mixes;2610kJ -;4.2;27.3;9.7;55.3;5.0;null;5.04;
257375070;Schwartz Creamy Garlic Mushrooms Mix 35G;£0.90;£2.58/100g;Cooking Ingredients;Packet Mixes & Pour Over Sauce Mixes;1379kJ 562kJ 8400kJ;10.3;59.9;2.5;4.0;2.3;null;12.75;
251975596;Schwartz Shepherds Pie Casserole Mix 38G;£0.90;£2.37/100g;Cooking Ingredients;Packet Mixes & Pour Over Sauce Mixes;1314kJ 1992kJ 8400kJ;8.2;60.3;15.0;2.3;0.5;null;12.88;
271647148;Schwartz Pork Apple And Cider Casserole Mix 35G;£0.90;£2.58/100g;Cooking Ingredients;Packet Mixes & Pour Over Sauce Mixes;1458kJ 1360kJ 8400kJ;8.9;61.6;7.3;7.0;3.1;null;7.75;
271383816;Schwartz New Limited Edition Ckn,Bac And Potato Pie 35G;£0.90;£2.58/100g;Cooking Ingredients;Packet Mixes & Pour Over Sauce Mixes;1564kJ 1664kJ 8400kJ;10.9;65.2;3.4;6.3;3.8;null;6.38;
281762975;Schwartz Flavour Shots Italian Herb Tagliatelle 52G;£1.40;£2.70/100g;Cooking Ingredients;Packet Mixes & Pour Over Sauce Mixes;2523kJ -;5.0;25.9;8.4;52.9;4.4;null;6.63;
258433576;Schwartz Hot Chilli Con Carne Casserole Mix41g;£0.90;£2.20/100g;Cooking Ingredients;Packet Mixes & Pour Over Sauce Mixes;1279kJ 1078kJ 8400kJ;10.7;44.4;2.7;5.8;1.4;null;12.00;
258169474;Schwartz Sausage Casserole Mix 35G;£0.90;£2.58/100g;Cooking Ingredients;Packet Mixes & Pour Over Sauce Mixes;1396kJ 1526kJ 8400kJ;10.0;63.2;13.2;2.2;0.5;null;5.13;
254882706;Schwartz Mix Chilli Con Carne Casserole 41G;£0.90;£2.20/100g;Cooking Ingredients;Packet Mixes & Pour Over Sauce Mixes;1368kJ 1080kJ 8400kJ;8.2;60.8;3.4;3.6;1.1;null;9.63;
250323638;Schwartz Garlic And Herb Potato Wedges 38G;£0.90;£2.37/100g;Cooking Ingredients;Packet Mixes & Pour Over Sauce Mixes;1341kJ 856kJ 8400kJ;11.0;55.3;6.8;4.3;2.2;null;11.50;
268004390;Schwartz Slow Cookers Chicken In Red Wine 35G;£1.00;£2.86/100g;Cooking Ingredients;Packet Mixes & Pour Over Sauce Mixes;340;7.3;71.6;null;1.9;null;3.4;null;
281425344;Tesco Slow Cooker Sausage Casserole 90G;£1.20;£1.34/100g;Cooking Ingredients;Packet Mixes & Pour Over Sauce Mixes;300;10.6;null;16.9;1.9;0.3;13.0;7.1;
281425217;Tesco Slow Cooker Chicken Curry 90G;£1.20;£1.34/100g;Cooking Ingredients;Packet Mixes & Pour Over Sauce Mixes;308;15.2;null;8.4;11.6;0.9;26.2;14.3;
271585192;Colman's S/Shake Barbecue Chicken S/Mix 19G;£1.00;£5.27/100g;Cooking Ingredients;Packet Mixes & Pour Over Sauce Mixes;1320kJ/ 1591kJ/ 19%;9.3;null;null;5.7;null;8.7;13;
272573636;Schwartz Slow Cooker Beef And Ale Stew 43G;£1.00;£2.33/100g;Cooking Ingredients;Packet Mixes & Pour Over Sauce Mixes;301;7.2;58.3;null;2.5;null;8.3;null;
268004506;Schwartz Slow Cookers Sausage And Bean Casserole 35G;£1.00;£2.86/100g;Cooking Ingredients;Packet Mixes & Pour Over Sauce Mixes;1336kJ 1803kJ 8400kJ;10.0;null;12.9;2.0;0.4;null;6.00;
268004545;Schwartz Slow Cookers Chicken Curry 33G;£1.00;£3.04/100g;Cooking Ingredients;Packet Mixes & Pour Over Sauce Mixes;1127kJ 1208kJ 8400kJ;12.5;25.7;4.3;7.0;0.8;null;15.75;
271587063;Colman's S/Shake Cajun Chicken S/Mix 45G;£1.00;£2.23/100g;Cooking Ingredients;Packet Mixes & Pour Over Sauce Mixes;1416kJ/ 1323kJ/ 16%;12;null;null;7.3;null;6.4;13.3;
268003771;Schwartz Slow Cookers Beef And Tomato Casserole 40G;£1.00;£2.50/100g;Cooking Ingredients;Packet Mixes & Pour Over Sauce Mixes;1336kJ 991kJ 8400kJ;13.2;52.9;12.6;3.5;0.7;null;9.00;
281425678;Tesco Slowcooker Spanish Chicken 90G;£1.20;£1.34/100g;Cooking Ingredients;Packet Mixes & Pour Over Sauce Mixes;269;10.6;null;17.4;2.7;0.5;15.9;13.0;
281425160;Tesco Slowcooker Beef And Ale 90G;£1.20;£1.34/100g;Cooking Ingredients;Packet Mixes & Pour Over Sauce Mixes;315;8.7;null;21.1;2.6;0.4;8.1;10.5;
281425782;Tesco Slow Cooker Mexican Chilli 90G;£1.20;£1.34/100g;Cooking Ingredients;Packet Mixes & Pour Over Sauce Mixes;310;12.7;null;26.3;6.9;1.3;18.2;8.4;
272573711;Schwartz Slow Cooker Chicken Provencal 35G;£1.00;£2.86/100g;Cooking Ingredients;Packet Mixes & Pour Over Sauce Mixes;1251kJ 1132kJ 8400kJ;9.3;55.3;17.0;2.0;0.8;null;14.50;
278069602;Bisto White Sauce Granules 300G;£1.85;£0.62/100g;Cooking Ingredients;Packet Mixes & Pour Over Sauce Mixes;2065kJ 180kJ;4.2;null;null;28.2;null;1.3;null;
281425465;Tesco Slowcooker Chicken In Red Wine 90G;£1.20;£1.34/100g;Cooking Ingredients;Packet Mixes & Pour Over Sauce Mixes;308;10.7;null;21.0;2.3;0.3;9.6;8.3;
279738800;Bisto Chip Shop Gravy Sauce 300G;£1.85;£0.62/100g;Cooking Ingredients;Packet Mixes & Pour Over Sauce Mixes;null;1.1;null;null;16.4;null;0.2;8.98;
281425586;Tesco Slow Cooker Lamb Tagine 90G;£1.20;£1.34/100g;Cooking Ingredients;Packet Mixes & Pour Over Sauce Mixes;306;12.9;null;19.3;4.4;0.5;16.9;6.0;
256301465;Schwartz Spaghetti Carbonara Casserole Mix32g;£0.90;£2.82/100g;Cooking Ingredients;Packet Mixes & Pour Over Sauce Mixes;1879kJ 1797kJ 8400kJ;9.9;58.1;2.0;18.9;10.9;null;4.50;
273969259;Colman's S/Shake Chicken Fajita S/Mix 25G;£1.00;£4.00/100g;Cooking Ingredients;Packet Mixes & Pour Over Sauce Mixes;1400kJ/ 670kJ/ 8%;11;null;null;4;null;7;12;
279738339;Bisto Chip Shop Curry Sauce 300G;£1.85;£0.62/100g;Cooking Ingredients;Packet Mixes & Pour Over Sauce Mixes;1848kJ 161kJ;4.4;null;null;19.7;null;4.1;null;
268595719;Colman's S/Shake Sausage And Herb Casserole S/Mix 40G;£1.00;£2.50/100g;Cooking Ingredients;Packet Mixes & Pour Over Sauce Mixes;1379kJ/ 1437kJ/ 17%;12;null;null;4.6;null;4.2;15.5;
271558714;Colman's S/Shake Rich Beef Casserole S/Mix 40G;£1.00;£2.50/100g;Cooking Ingredients;Packet Mixes & Pour Over Sauce Mixes;1379kJ/ 1243kJ/ 15%;12;null;null;4.6;null;4.2;15.5;
256293496;Colmans Onion Sauce Mix 35G;£0.70;£2.00/100g;Cooking Ingredients;Packet Mixes & Pour Over Sauce Mixes;380kJ/ 290kJ/ 4%;5;null;null;2;null;0.8;0.85;
256293450;Colmans Savoury White Sauce Mix 25G;£0.70;£2.80/100g;Cooking Ingredients;Packet Mixes & Pour Over Sauce Mixes;360kJ/ 270kJ/ 3%;4.5;null;null;3;null;0.1;0.75;
254881650;Colmans Parsley Sauce Mix 20G;£0.70;£3.50/100g;Cooking Ingredients;Packet Mixes & Pour Over Sauce Mixes;306kJ/ 230kJ/ 3%;4.3;null;null;1.8;null;0.5;0.78;
254881696;Colmans Bread Sauce Mix 40G;£0.70;£1.75/100g;Cooking Ingredients;Packet Mixes & Pour Over Sauce Mixes;400kJ/ 300kJ/ 4%;5;null;null;2;null;0.6;0.98;
271583539;Colman's S/Shake Lemon And Herb Chicken S/Mix 20G;£1.00;£5.00/100g;Cooking Ingredients;Packet Mixes & Pour Over Sauce Mixes;1216kJ/ 1505kJ/ 18%;15;null;null;5.9;null;9;15.5;
258428479;Colmans Four Cheese Sauce Mix 35G;£0.70;£2.00/100g;Cooking Ingredients;Packet Mixes & Pour Over Sauce Mixes;470kJ/ 350kJ/ 4%;6;null;null;6;null;0.1;0.93;
268595610;Colmans Season And Shake Lemon Dill And Salmon 18G;£1.00;£5.56/100g;Cooking Ingredients;Packet Mixes & Pour Over Sauce Mixes;1340kJ/ 744kJ/ 9%;20;null;null;10;null;2.7;21.3;
268595558;Colman's S/Shake Garlic And Herb Roast Chicken S/Mix 32G;£1.00;£3.13/100g;Cooking Ingredients;Packet Mixes & Pour Over Sauce Mixes;1300kJ/ 1500kJ/ 18%;10;null;null;3;null;5;11;
271584135;Colman's S/Shake Spanish Pork Casserole S/Mix 48G;£1.00;£2.09/100g;Cooking Ingredients;Packet Mixes & Pour Over Sauce Mixes;1364kJ/ 1014kJ/ 12%;11;null;null;6.6;null;5.9;17.5;
267678105;Colman's S/Shake Paprika Chicken S/Mix 24G;£1.00;£4.17/100g;Cooking Ingredients;Packet Mixes & Pour Over Sauce Mixes;1200kJ/ 611kJ/ 7%;17;null;null;4;null;9;22;
272758228;Colman's S/Shake S/Style Chicken Nugs S/Mix 48G;£1.00;£2.09/100g;Cooking Ingredients;Packet Mixes & Pour Over Sauce Mixes;1395kJ/ 695kJ/ 8%;11;null;null;3.9;null;5.5;9.7;
277132903;Colman's S/Shake Sweet Chilli Chicken S/Mix 45G;£1.00;£2.23/100g;Cooking Ingredients;Packet Mixes & Pour Over Sauce Mixes;1500kJ/ 700kJ/ 8%;1.5;null;null;2;null;2;5.5;
254881713;Colmans Cheddar Cheese Sauce Mix 40G;£0.70;£1.75/100g;Cooking Ingredients;Packet Mixes & Pour Over Sauce Mixes;440kJ/ 330kJ/ 4%;6;null;null;3.5;null;0.3;1.1;
271586559;Colman's S/Shake Chicken Tikka Masala S/Mix 45G;£1.00;£2.23/100g;Cooking Ingredients;Packet Mixes & Pour Over Sauce Mixes;1500kJ/ 760kJ/ 9%;6;null;null;7;null;6;7.1;
267678543;Colman's S/Shake Mediterranean Chicken S/Mix 33G;£1.00;£3.04/100g;Cooking Ingredients;Packet Mixes & Pour Over Sauce Mixes;1245kJ/ 872kJ/ 10%;10;null;null;2.1;null;5.9;15.2;
271584607;Colman's S/Shake Piri Piri Chicken S/Mix 29G;£1.00;£3.45/100g;Cooking Ingredients;Packet Mixes & Pour Over Sauce Mixes;1600kJ/ 704kJ/ 8%;9;null;null;5;null;9;19;
278777098;Colmans Pepper Sauce Mix 40G;£0.70;£1.75/100g;Cooking Ingredients;Packet Mixes & Pour Over Sauce Mixes;498kJ/ 374kJ/ 4%;4.7;null;null;6.3;null;0.5;1;
267678439;Colman's S/Shake Rustic Chicken S/Mix 33G;£1.00;£3.04/100g;Cooking Ingredients;Packet Mixes & Pour Over Sauce Mixes;1270kJ/ 1118kJ/ 13%;8.9;null;null;4.2;null;6.6;16.4;
274767151;Maggi So Juicy Paprika For Chicken 34G;£0.50;£1.67/100g;Cooking Ingredients;Packet Mixes & Pour Over Sauce Mixes;1275kJ 1857 kJ -;9.1;null;null;3.7;null;8.6;14.18;
274791841;Maggi So Juicy Garlic For Chicken 30G;£0.50;£1.67/100g;Cooking Ingredients;Packet Mixes & Pour Over Sauce Mixes;1342 kJ 1460 kJ -;10.1;null;null;3.0;null;4.3;12.93;
268587228;Maggi So Juicy Tomt, Shallots For Beef 35G;£0.50;£1.43/100g;Cooking Ingredients;Packet Mixes & Pour Over Sauce Mixes;1420kJ 955kJ;13.6;null;null;2.7;null;1.6;null;
274764459;Maggi So Juicy Sweet And Sour For Chicken 33G;£0.50;£1.09/100g;Cooking Ingredients;Packet Mixes & Pour Over Sauce Mixes;1500 kJ 2297 kJ -;3.7;null;null;2.2;null;2.2;4.88;
273982133;Maggi So Juicy Chicken Balti 30G;£0.50;£1.67/100g;Cooking Ingredients;Packet Mixes & Pour Over Sauce Mixes;1289 kJ 2105 kJ -;11.1;null;null;5.1;null;10.5;15.75;
273982191;Maggi So Juicy Mexican Chicken 40G;null;null;Cooking Ingredients;Packet Mixes & Pour Over Sauce Mixes;1238 kJ 2133 kJ -;8.8;null;null;4.6;null;7.4;19.45;
285401352;Maggi So Tender Mediterranean Tomato 24G;£0.50;£2.09/100g;Cooking Ingredients;Packet Mixes & Pour Over Sauce Mixes;1817 kJ 1693 kJ -;8.6;null;null;33.1;null;7.5;21.88;
273982231;Maggi So Juicy Garlic And Rosemary Chicken 36G;£0.50;£1.39/100g;Cooking Ingredients;Packet Mixes & Pour Over Sauce Mixes;1278 kJ 1774 kJ -;9.5;null;null;3.0;null;5.0;15.63;
285874750;Maggi So Stir Fry Oriental Chicken 185G;£1.49;£0.81/100g;Cooking Ingredients;Packet Mixes & Pour Over Sauce Mixes;1802 kJ 542 kJ 1855 kJ -;8.4;null;null;20.2;null;3.2;4.13;
285874632;Maggi So Stir Fry Mediterranean Beef 185G;£1.49;£0.81/100g;Cooking Ingredients;Packet Mixes & Pour Over Sauce Mixes;1796 kJ 373 kJ 1759 kJ -;8.2;null;null;20.2;null;3.4;4.25;
273982070;Maggi So Juicy Chicken Chasseur 38G;£0.50;£1.32/100g;Cooking Ingredients;Packet Mixes & Pour Over Sauce Mixes;1267 kJ 1464 kJ -;8.6;null;null;3.5;null;5.5;17.20;
274764649;Maggi So Juicy Smoky Barbecue For Ribs 32G;£0.50;£1.67/100g;Cooking Ingredients;Packet Mixes & Pour Over Sauce Mixes;1339kJ 1772kJ -;9.4;null;null;5.7;null;3.7;15.63;
285874554;Maggi So Stir Fry Singapore Curry 185G;£1.49;£0.81/100g;Cooking Ingredients;Packet Mixes & Pour Over Sauce Mixes;1799 kJ 466 kJ 1881 kJ -;8.2;null;null;20.3;null;3.3;4.35;
279844305;Maggi So Tender Paprika 23.2G;£0.50;£2.16/100g;Cooking Ingredients;Packet Mixes & Pour Over Sauce Mixes;1781kJ 1630kJ;9.1;null;null;35.2;null;14.5;null;
280467186;Maggi So Tender Italian Herbs 23.4G;£0.50;£2.14/100g;Cooking Ingredients;Packet Mixes & Pour Over Sauce Mixes;1823kJ 1428kJ;7.3;null;null;34.1;null;7.7;null;
280466999;Maggi So Tender Garlic 23.2G;£0.50;£2.16/100g;Cooking Ingredients;Packet Mixes & Pour Over Sauce Mixes;1816kJ 1563kJ;6.3;null;null;32.5;null;11.4;null;
284717864;Maggi So Juicy Moroccan Chicken 38G;£0.50;£1.32/100g;Cooking Ingredients;Packet Mixes & Pour Over Sauce Mixes;1290 kJ 1868 kJ -;7.8;null;null;4.8;null;9.5;15.10;
274766987;Maggi So Juicy Mixed Herbs For Chicken 30G;£0.50;£1.67/100g;Cooking Ingredients;Packet Mixes & Pour Over Sauce Mixes;1338 kJ 1554 kJ -;7.2;null;null;3.3;null;5.8;12.93;
276776309;Maggi So Juicy Italian Chicken 37G;£0.50;£1.36/100g;Cooking Ingredients;Packet Mixes & Pour Over Sauce Mixes;1292 kJ 2167 kJ -;9.7;null;null;2.7;null;6.0;14.70;
273913061;Maggi So Juicy Barbecue For Chicken 47G;£0.50;£1.07/100g;Cooking Ingredients;Packet Mixes & Pour Over Sauce Mixes;1428 kJ 2465 kJ -;4.4;null;null;0.7;null;2.7;6.80;
275739903;Schwartz Chunky Chilli Con Carne Bag Season 15G;£0.89;£5.94/100g;Cooking Ingredients;Packet Mixes & Pour Over Sauce Mixes;311;8.4;54.5;2.5;4.2;1.2;null;9.63;
255672216;Schwartz Creamy White Wine Sauce With Herbs 26G;£0.68;£26.16/kg;Cooking Ingredients;Packet Mixes & Pour Over Sauce Mixes;351;7.2;64.5;null;5.7;null;6.6;null;
256755699;Schwartz Fish Creamy Water Cress And Stilton 300G;£2.00;£0.67/100g;Cooking Ingredients;Packet Mixes & Pour Over Sauce Mixes;48;0.6;2.0;null;4.1;null;0.7;null;
275740002;Schwartz Chilli Lime Coriander Wet Sauce For Fish 300G;£2.00;£0.67/100g;Cooking Ingredients;Packet Mixes & Pour Over Sauce Mixes;91;0.6;18.6;null;1.1;null;2.1;null;
282029149;Masterchef Beef Stock 170G;£1.50;£0.88/100g;Cooking Ingredients;Packet Mixes & Pour Over Sauce Mixes;179;40.7;null;null;1.0;null;0.0;13.3;
268588285;Owen Potts Hollandaise 200G;£2.00;£1.00/100g;Cooking Ingredients;Packet Mixes & Pour Over Sauce Mixes;null;null;null;null;null;null;null;null;
250519367;Schwartz Lemon Butter Sauce Mix 38G;£0.68;£1.79/100g;Cooking Ingredients;Packet Mixes & Pour Over Sauce Mixes;399;9.7;64.3;null;11.0;null;2.0;null;
256754625;Schwartz For Fish Dill And Lemon Sauce 300G;£2.00;£0.67/100g;Cooking Ingredients;Packet Mixes & Pour Over Sauce Mixes;64;0.2;4.4;null;4.9;null;0.6;null;
261097404;Schwartz Forfish Dark Soy/Sesame Ginger Sauce 300G;£2.00;£0.67/100g;Cooking Ingredients;Packet Mixes & Pour Over Sauce Mixes;94;1.3;18.8;null;1.4;null;0.5;null;
255671684;Schwartz Creamy Parsley Sauce 26G;£0.68;£2.62/100g;Cooking Ingredients;Packet Mixes & Pour Over Sauce Mixes;401;12.1;61.2;null;11.3;null;2.9;null;
275739984;Schwartz Fish Pie Wet Sauce For Fish 300G;£2.00;£0.67/100g;Cooking Ingredients;Packet Mixes & Pour Over Sauce Mixes;129;0.8;5.1;null;11.4;null;1.5;null;
258092039;Schwartz Creamy Pepper Sauce 25G;£0.68;£2.72/100g;Cooking Ingredients;Packet Mixes & Pour Over Sauce Mixes;349;16.8;55.2;null;5.6;null;5.3;null;
268582677;Owen Potts Three Peppercorn Sauce Brandy 200G;£2.00;£1.00/100g;Cooking Ingredients;Packet Mixes & Pour Over Sauce Mixes;null;null;null;null;null;null;null;null;
253209545;Schwartz Hollandaise Sauce 25G;£0.68;£2.72/100g;Cooking Ingredients;Packet Mixes & Pour Over Sauce Mixes;1676kJ 244kJ 8400kJ;9.9;64.0;0.8;11.0;6.1;null;6.38;
268588776;Owen Potts White Wine, Mushroom And Garlic Sauce 200G;£2.00;£1.00/100g;Cooking Ingredients;Packet Mixes & Pour Over Sauce Mixes;null;null;null;null;null;null;null;null;
251475180;Schwartz Creamy Mild Peppercorn Sauce 25G;£0.68;£2.72/100g;Cooking Ingredients;Packet Mixes & Pour Over Sauce Mixes;361;14.7;null;null;6.6;null;3.7;null;
258111963;Schwartz For Fish Classic Hollandaise 300G;£2.00;£0.67/100g;Cooking Ingredients;Packet Mixes & Pour Over Sauce Mixes;62;0.5;3.8;null;4.9;null;0.1;null;
256755198;Schwartz Fish French White Wine& Tarrogan Sauce 300G;£2.00;£0.67/100g;Cooking Ingredients;Packet Mixes & Pour Over Sauce Mixes;68;0.8;5.3;null;4.8;null;0.3;null;
256755549;Schwartz Fish Lemon And Parsley Sauce 300G;£2.00;£0.67/100g;Cooking Ingredients;Packet Mixes & Pour Over Sauce Mixes;67;1.8;7.0;null;3.4;null;0.5;null;
250773462;Schwartz Garlic And Mushroom Sauce 26G;£0.48;£1.85/100g;Cooking Ingredients;Packet Mixes & Pour Over Sauce Mixes;359;9.4;55.8;null;10.2;null;3.2;null;
250791964;Schwartz Luxury Bread Sauce 40G;£0.68;£1.70/100g;Cooking Ingredients;Packet Mixes & Pour Over Sauce Mixes;1561kJ 294kJ 8400kJ;11.5;70.3;3.7;3.8;1.8;null;5.00;
281612036;Tesco Bernaise Sauce 35G;£0.99;£2.83/100g;Cooking Ingredients;Packet Mixes & Pour Over Sauce Mixes;80;3.7;null;5.3;3.3;1.4;0.3;0.9;
281612203;Tesco Mushroom Sauce 35G;£0.99;£2.83/100g;Cooking Ingredients;Packet Mixes & Pour Over Sauce Mixes;84;3.6;null;4.9;3.7;1.3;0.4;1.1;
250519309;Schwartz Parsley And Chive Sauce Mix 38G;£0.68;£1.79/100g;Cooking Ingredients;Packet Mixes & Pour Over Sauce Mixes;1660kJ 246kJ 8400kJ;9.4;61.8;3.0;11.4;6.8;null;6.63;
255123061;Schwartz Savoury White Sauce 25G;£0.90;£3.60/100g;Cooking Ingredients;Packet Mixes & Pour Over Sauce Mixes;398;12.5;62.1;null;10.3;null;3.4;null;
252176935;Schwartz Mix For Cheddar Cheese Sauce 40G;£0.68;£1.70/100g;Cooking Ingredients;Packet Mixes & Pour Over Sauce Mixes;1550kJ 292kJ 8400kJ;12.7;67.9;1.3;4.9;2.9;null;7.13;
281612157;Tesco Cheese Sauce 35G;£0.99;£2.83/100g;Cooking Ingredients;Packet Mixes & Pour Over Sauce Mixes;84;3.9;null;4.9;3.7;1.5;0.1;0.9;
281612382;Tesco Peppercorn Sauce 35G;£0.99;£2.83/100g;Cooking Ingredients;Packet Mixes & Pour Over Sauce Mixes;76;3.9;null;6.1;2.6;1.1;0.2;1.0;
272374929;Tesco Ingredient Coconut Cream 160Ml;£0.95;£5.94/l;Cooking Ingredients;Speciality Ingredients;194;1.3;null;1.5;20.0;17.2;1.5;0.1;
268617586;Tesco Ingredient Tamarind Paste 120G;£2.29;£1.91/100g;Cooking Ingredients;Speciality Ingredients;125;0.8;null;19.5;0.1;0.1;0.7;4.0;
260342911;Tesco Ingredient Dried Porcini Mushrooms 40G;£2.99;£0.75/10g;Cooking Ingredients;Speciality Ingredients;293;28.2;null;7.3;3.3;0.4;22.2;0;
260375584;Tesco Ingredient Thai Kaffir Lime Leaves 2G;£1.99;£99.50/100g;Cooking Ingredients;Speciality Ingredients;null;null;null;null;null;null;null;null;
285197785;Tesco Ingredient Italian Soffrito 180G;£1.69;£0.94/100g;Cooking Ingredients;Speciality Ingredients;88;1.0;null;3.2;5.9;0.8;2.2;1.9;
272375018;Tesco Ingredient Coconut Milk 400Ml;£1.69;£4.23/l;Cooking Ingredients;Speciality Ingredients;176;1.2;null;1.7;18.1;15.8;0.8;0.1;
261597383;Tesco Ingredient Garlic Cloves100g;£1.19;£1.70/100g;Cooking Ingredients;Speciality Ingredients;34;2.4;null;0.5;0.6;0.2;2.7;4.5;
268617603;Tesco Ingredient Fish Sauce 200Ml;£2.39;£1.20/100ml;Cooking Ingredients;Speciality Ingredients;48;6.3;null;5.1;0.1;0;0.5;21.0;
260343576;Tesco Ingredient Carnaroli Rice 500G;£1.69;£3.38/kg;Cooking Ingredients;Speciality Ingredients;354;7.6;null;0.7;1.4;0.6;1.2;0.01;
262516473;Tesco Ingredient Teriyaki Sauce 150Ml;£2.39;£1.60/100ml;Cooking Ingredients;Speciality Ingredients;144;4.0;null;23.3;0.5;0.1;0.5;5.9;
262372630;Tesco Ingredient Gram Flour 500G;£1.79;£3.58/kg;Cooking Ingredients;Speciality Ingredients;356;12.8;null;2.8;5.0;0.5;9.7;0.1;
260342871;Tesco Ingredient Mixed Dried Mushrooms 40G;£2.99;£0.75/10g;Cooking Ingredients;Speciality Ingredients;273;22.4;null;1.4;1.9;0.3;34.2;0.1;
262677834;Tesco Ingredient Rice Wine Vinegar 150Ml;£1.99;£13.27/l;Cooking Ingredients;Speciality Ingredients;30;0.2;null;5.4;0.5;0.1;0.5;0.9;
268587257;Tesco Ingredient Alloli 250G;£2.79;£11.16/kg;Cooking Ingredients;Speciality Ingredients;628;1.0;null;1.9;68.0;6.3;0.1;1.3;
260375486;Tesco Ingredient Spanish Smoked Paprika 50G;£2.79;£5.58/100g;Cooking Ingredients;Speciality Ingredients;null;null;null;null;null;null;null;null;
275114905;Tesco Ingredient Shaoxing Rice Wine 150Ml;£2.99;£2.00/100ml;Cooking Ingredients;Speciality Ingredients;27;1.1;null;1.8;0.5;0.1;0.5;0.01;
260827344;Tesco Ingredient Oyster Sauce 150Ml;£1.89;£1.26/100ml;Cooking Ingredients;Speciality Ingredients;95;0.2;null;17.3;0.5;0.1;0.5;10.1;
268626270;Tesco Ingredient Sundried Tomato Paste 190G;£1.59;£0.84/100g;Cooking Ingredients;Speciality Ingredients;360;3.2;null;7.8;33.4;3.6;4.4;2.6;
260382771;Tesco Ingredient Thai Lemongrass 5G;£2.69;£53.80/100g;Cooking Ingredients;Speciality Ingredients;null;null;null;null;null;null;null;null;
260343017;Tesco Ingredient Sun Dried Tomatoes 100G;£1.89;£1.89/100g;Cooking Ingredients;Speciality Ingredients;172;9.8;null;21.2;0.9;0.3;9.8;8.6;
276343275;Tesco Ingredients Green Thai Curry Paste 200G;£1.65;£0.83/100g;Cooking Ingredients;Speciality Ingredients;108;1.9;null;8.9;5.9;1.5;4.7;4.7;
278412248;Tesco Ingredients Chilli Men Paste 185G;£2.29;£1.24/100g;Cooking Ingredients;Speciality Ingredients;87;1.0;null;7.9;3.6;0.3;1.9;1.8;
278392921;Tesco Ingredients Crushed Garlic 90G;£1.29;£14.34/kg;Cooking Ingredients;Speciality Ingredients;95;4.4;null;1.0;0.6;0.4;3.6;1.1;
262345778;Tesco Ingredients Ancho Chillies 25G;£2.29;£91.60/kg;Cooking Ingredients;Speciality Ingredients;null;null;null;null;null;null;null;null;
273911149;Tesco Ingredients Bravas Sauce 245G;£1.89;£0.77/100g;Cooking Ingredients;Speciality Ingredients;81;1.8;null;3.3;5.1;0.9;0.5;0.9;
276449801;Tesco Ingredients Dried Wood Ear Mushrooms 40G;£2.99;£0.75/10g;Cooking Ingredients;Speciality Ingredients;221;11.7;null;1.9;2.7;0.7;62.3;0.1;
278434694;Tesco Ingredients Falafel 150G;£2.29;£15.27/kg;Cooking Ingredients;Speciality Ingredients;241;9.8;null;1.9;7.9;0.8;7.4;1.4;
268564181;Tesco Ingredients Harissa Paste 90G;£1.99;£2.22/100g;Cooking Ingredients;Speciality Ingredients;97;2.3;null;5.7;3.6;0.4;3.9;4.0;
273912655;Tesco Ingredients Chilli And Paprika Paste 95G;£1.99;£2.10/100g;Cooking Ingredients;Speciality Ingredients;155;2.8;null;21.6;4.6;0.6;6.4;4.0;
276449714;Tesco Ingredients Dried Shittake Mushrooms 40G;£2.99;£0.75/10g;Cooking Ingredients;Speciality Ingredients;275;23.4;null;0.1;2.3;0.5;37.0;0.1;
278393177;Tesco Ingredients Crushed Chilli 90G;£1.29;£14.34/kg;Cooking Ingredients;Speciality Ingredients;99;2.9;null;2.1;2.2;1.4;7.6;1.1;
284516480;Tesco Ingredients Arbol Chillies 20G;£1.89;£0.95/10g;Cooking Ingredients;Speciality Ingredients;null;null;null;null;null;null;null;null;
273910997;Tesco Ingredients Chimichurri Sauce 255G;£1.89;£0.74/100g;Cooking Ingredients;Speciality Ingredients;56;1.7;null;7.1;0.2;0.1;0.4;1.5;
273912764;Tesco Ingredients Ginger And Garlic Paste 95G;£1.99;£2.10/100g;Cooking Ingredients;Speciality Ingredients;107;2.4;null;5.2;4.0;0.6;0.5;1.6;
274132390;Tesco Ingredients Goan Masala Paste 190G;£2.29;£1.21/100g;Cooking Ingredients;Speciality Ingredients;295;4.5;null;8.1;21.8;11.5;4.5;1.7;
285197439;Tesco Ingredients Dukkah 50G;£1.99;£0.40/10g;Cooking Ingredients;Speciality Ingredients;402;18.8;null;2.4;18.9;2.1;26.9;1.5;
285096829;Tesco Ingredient Umami Paste 95G;£1.69;£1.78/100g;Cooking Ingredients;Speciality Ingredients;97;5.0;null;4.8;3.0;0.2;3.6;3.3;
278417289;Tesco Ingredients Gujarati Curry Paste 185G;£2.29;£12.38/kg;Cooking Ingredients;Speciality Ingredients;137;3.4;null;5.2;9.0;4.9;3.9;1.0;
278392783;Tesco Ingredients Crushed Ginger 90G;£1.29;£14.34/kg;Cooking Ingredients;Speciality Ingredients;42;1.5;null;0.6;0.5;0.3;3.4;1.2;
273911725;Tesco Ingredients Jambalaya Curry Paste 190G;£1.99;£1.05/100g;Cooking Ingredients;Speciality Ingredients;169;2.9;null;7.9;10.0;0.9;6.7;2.0;
278417905;Tesco Ingredients Keralan Curry Paste 190G;null;null;Cooking Ingredients;Speciality Ingredients;200;4.3;null;6.9;13.6;4.7;6.7;2.8;
285097051;Tesco Ingredients Kofta Spice Paste 200G;£1.99;£1.00/100g;Cooking Ingredients;Speciality Ingredients;57;2.6;null;4.6;0.9;0.2;3.9;1.0;
268582625;Tesco Ingredients Panko Breadcrumbs 150G;£1.59;£10.60/kg;Cooking Ingredients;Speciality Ingredients;372;13.0;null;2.0;2.0;0.2;3.0;1.5;
274132516;Tesco Ingredients Jerk Paste 195G;£2.59;£1.33/100g;Cooking Ingredients;Speciality Ingredients;180;2.0;null;8.3;9.9;0.8;6.5;2.4;
268582556;Tesco Ingredients Palm Sugar 85G;£2.79;£32.83/kg;Cooking Ingredients;Speciality Ingredients;null;null;null;null;null;null;null;null;
285197854;Tesco Ingredients Porcini Mushroom Paste 95G;£1.49;£1.57/100g;Cooking Ingredients;Speciality Ingredients;142;2.6;null;5.9;8.6;0.6;3.0;1.9;
268578556;Tesco Ingredients Red Thai Curry Paste 185G;£1.69;£0.91/100g;Cooking Ingredients;Speciality Ingredients;111;1.6;null;8.0;6.3;1.6;4.6;4.7;
284775903;Tesco Ingredients Panch Phoran Seasoning 50G;£1.69;£0.34/10g;Cooking Ingredients;Speciality Ingredients;334;15.9;null;0 (0% of NRV);15.5;0.8;9.9;0.2 (3% of NRV);
278434343;Tesco Ingredients Ras El Hanout Paste 95G;£1.69;£17.79/kg;Cooking Ingredients;Speciality Ingredients;110;2.7;null;3.5;5.7;0.5;9.7;3.8;
278432506;Tesco Ingredients Nasi Goreng Paste 185G;£1.99;£10.76/kg;Cooking Ingredients;Speciality Ingredients;115;1.4;null;16.0;2.7;0.2;2.3;3.1;
284806309;Tesco Ingredients Mediterranean Herb Paste 190G;£1.59;£0.84/100g;Cooking Ingredients;Speciality Ingredients;470;1.3;null;0.3;48.0;5.4;2.3;1.6;
268578723;Tesco Ingredients Rendang Curry Paste 185G;£1.69;£0.91/100g;Cooking Ingredients;Speciality Ingredients;154;2.3;null;13.2;9.0;2.0;4.9;4.7;
284744278;Tesco Ingredients Red Rice 500G;£1.39;£2.78/kg;Cooking Ingredients;Speciality Ingredients;359;9.0;null;1.0;3.0;0.6;4.0;0.01;
268563585;Tesco Ingredients Paella Seasoning 35G;£1.69;£48.29/kg;Cooking Ingredients;Speciality Ingredients;296;11.3;null;26.4;4.8;0.7;17.8;3.5;
285096910;Tesco Ingredients Ponzu Sauce 150Ml;£1.69;£1.13/100ml;Cooking Ingredients;Speciality Ingredients;124;1.0;null;16.2;4.0;0.2;0.2;0.5;
278434493;Tesco Ingredients Mexican Tinga Paste 90G;£1.69;£18.78/kg;Cooking Ingredients;Speciality Ingredients;130;1.5;null;18.2;4.4;0.3;3.5;1.3;
285197693;Tesco Ingredients Rose Petals 6G;£1.99;£3.32/10g;Cooking Ingredients;Speciality Ingredients;null;null;null;null;null;null;null;null;
285197537;Tesco Ingredients Roasted Garam Masala 40G;£1.99;£0.50/10g;Cooking Ingredients;Speciality Ingredients;329;14.5;null;1.7;16.0;1.5;49.0;0.1;
268576754;Tesco Ingredients Mirin Seasoning 150Ml;£1.99;£1.33/100ml;Cooking Ingredients;Speciality Ingredients;224;0.1;null;42.1;0.5;0.1;0.5;0.1;
277812076;Tesco Ingredients Preserved Lemon Paste 100G;£2.69;£26.90/kg;Cooking Ingredients;Speciality Ingredients;55;0.3;null;1.9;0.8;0.3;4.3;5.3;
250351898;Tesco Ingredients Spanish Paella Rice 500G;£1.29;£2.58/kg;Cooking Ingredients;Speciality Ingredients;351;6.3;null;0.8;0.8;0.2;1.5;0.01;
284551722;Tesco Ingredients Shrimp Paste 110G;£1.89;£1.72/100g;Cooking Ingredients;Speciality Ingredients;129;21.2;null;0;2.4;0.5;1.4;23.0;
278084779;Tesco Ingredients Sriracha Chilli Sauce 285G;£2.39;£0.84/100g;Cooking Ingredients;Speciality Ingredients;90;1.2;null;15.0;0.7;0.2;2.0;6.7;
277805160;Tesco Ingredients Udon Noodles 250G;£1.49;£5.96/kg;Cooking Ingredients;Speciality Ingredients;352;12.1;null;3.5;1.3;0.2;2.6;1.8;
278434544;Tesco Ingredients Sumac 50G;£2.69;£53.80/kg;Cooking Ingredients;Speciality Ingredients;324;3.8;null;1.3;16.6;3.9;44.6;3.1;
268582648;Tesco Ingredients Tempura Batter 250G;£1.79;£7.16/kg;Cooking Ingredients;Speciality Ingredients;355;10.9;null;4.8;1.4;0.2;3.6;0.5;
277805102;Tesco Ingredients Soba Noodles 250G;£1.49;£5.96/kg;Cooking Ingredients;Speciality Ingredients;351;12.4;null;4.3;1.4;0.3;4.0;1.3;
285097039;Tesco Ingredients Sambal Paste 95G;£1.39;£1.47/100g;Cooking Ingredients;Speciality Ingredients;166;1.3;null;13.4;8.7;0.6;5.0;1.8;
278434406;Tesco Ingredients Yakitori Marinade 95G;£1.69;£17.79/kg;Cooking Ingredients;Speciality Ingredients;166;3.6;null;35.3;0.6;0.1;0.5;2.3;
268585864;Tesco Ingredients Sushi Rice 500G;£1.69;£3.38/kg;Cooking Ingredients;Speciality Ingredients;346;5.9;null;0.1;0.9;0.2;0.9;0.1;
284516402;Tesco Ingredients Yellow Bean Sauce 120G;£1.69;£1.41/100g;Cooking Ingredients;Speciality Ingredients;92;2.1;null;12.3;1.4;0.2;2.1;8.6;
284776082;Tesco Ingredients Za'atar Seasoning 35G;£1.69;£0.48/10g;Cooking Ingredients;Speciality Ingredients;459;17.0;null;0 (0% of NRV);27.0;3.5;10.0;0.1 (2% of NRV);
268578838;Tesco Ingredients Thai Massaman Curry Paste 185G;£1.69;£0.91/100g;Cooking Ingredients;Speciality Ingredients;103;1.4;null;14.9;0.9;0.6;7.3;4.6;
284516445;Tesco Ingredients Xo Sauce 120G;£1.89;£1.58/100g;Cooking Ingredients;Speciality Ingredients;331;7.2;null;27.0;13.2;2.1;2.1;5.7;
285197606;Tesco Ingredients Thai 7 Spice 40G;£1.99;£0.50/10g;Cooking Ingredients;Speciality Ingredients;259;10.9;null;3.7;5.8;0.7;24.7;19.5;
274132084;Tesco Ingredients Tagine Paste 185G;£2.29;£1.24/100g;Cooking Ingredients;Speciality Ingredients;139;3.3;null;1.4;8.1;0.6;6.8;1.1;
266507950;Cocofresh Coconut Milk 400Ml;£0.69;£0.17/100ml;Cooking Ingredients;Speciality Ingredients;62 ;0.6;null;null;6.1;null;0;null;
273911685;Tesco Ingredients Tom Yum Paste 95G;£1.99;£2.10/100g;Cooking Ingredients;Speciality Ingredients;118;2.0;null;11.4;4.5;0.5;3.9;4.1;
278432420;Tesco Ingredients Singapore Noodle Paste 185G;£1.99;£1.08/100g;Cooking Ingredients;Speciality Ingredients;135;1.3;null;4.6;9.7;0.7;2.2;3.3;
286787264;Barilla Bolognese Sauce 400G;£1.00;£0.25/100g;Cooking Sauces & Meal Kits;Pasta Sauce & Kits;null;null;null;null;null;null;null;null;
253538466;Dolmio Original Bolognese Pasta Sauce 750G;£1.48;£0.20/100g;Cooking Sauces & Meal Kits;Pasta Sauce & Kits;44;1.3;null;null;0.6;null;null;0.80;
254301065;Dolmio Bolognese Light 320G;£0.90;£0.28/100g;Cooking Sauces & Meal Kits;Pasta Sauce & Kits;33;1.2;null;null;0.1;null;null;0.80;
286173800;Cook Italian Bolognese Sauce 340G;£1.70;£0.50/100g;Cooking Sauces & Meal Kits;Pasta Sauce & Kits;209kJ 176kJ - 8400kJ;1.2;null;null;1.8;null;1.4;0.50;
277005778;Dolmio Bolognese Extra Basil 500G;£1.00;£0.20/100g;Cooking Sauces & Meal Kits;Pasta Sauce & Kits;42;1.4;null;null;0.6;null;null;0.70;
253538587;Dolmio Original Light Bolognese Sauce 500G;£1.00;£0.20/100g;Cooking Sauces & Meal Kits;Pasta Sauce & Kits;33;1.2;null;null;0.1;null;null;0.80;
277005755;Dolmio Bolognese Smooth 500G;£1.00;£0.20/100g;Cooking Sauces & Meal Kits;Pasta Sauce & Kits;49;1.5;null;null;0.8;null;null;0.81;
253538414;Dolmio Original Bolognese Sauce 500G;£1.00;£0.20/100g;Cooking Sauces & Meal Kits;Pasta Sauce & Kits;44;1.3;null;null;0.6;null;null;0.80;
254198218;Dolmio Extra Onion And Garlic Bolognese 750G;£1.48;£0.20/100g;Cooking Sauces & Meal Kits;Pasta Sauce & Kits;42;1.6;null;null;0.5;null;null;0.80;
258068017;Dolmio Spicy Bolognese Sauce 750G;£1.48;£0.20/100g;Cooking Sauces & Meal Kits;Pasta Sauce & Kits;41;1.5;null;null;0.4;null;null;0.80;
256355412;Dolmio Bolognese Extra Mushroom 320G;£0.90;£0.28/100g;Cooking Sauces & Meal Kits;Pasta Sauce & Kits;37;1.7;null;null;0.1;null;null;0.80;
257717110;Dolmio Express Bolognese Original Sauce 170G Pouch;£1.40;£0.82/100g;Cooking Sauces & Meal Kits;Pasta Sauce & Kits;56;4.2;null;null;0.8;null;null;0.69;
254481948;Dolmio Chunky Mediterranean Vegetable Bolognese 500G;£1.00;£0.20/100g;Cooking Sauces & Meal Kits;Pasta Sauce & Kits;43;1.5;null;null;0.6;null;null;0.79;
253538529;Dolmio Original Bolognese Sauce 320G;£0.90;£0.28/100g;Cooking Sauces & Meal Kits;Pasta Sauce & Kits;44;1.3;null;null;0.6;null;null;0.80;
258067836;Dolmio Extra Mushroom Bolognese Sauce 750G;£1.48;£0.20/100g;Cooking Sauces & Meal Kits;Pasta Sauce & Kits;37;1.7;null;null;0.1;null;null;0.80;
254482008;Dolmio Extra Sweet Pepper Sauce Bolognese 500G;£1.00;£0.20/100g;Cooking Sauces & Meal Kits;Pasta Sauce & Kits;44;1.4;null;null;0.5;null;null;0.80;
253538915;Dolmio Extra Mushroom Bolognese Sauce 500G;£1.00;£0.20/100g;Cooking Sauces & Meal Kits;Pasta Sauce & Kits;37;1.7;null;null;0.1;null;null;0.80;
253538898;Dolmio Extra Spicy Bolognese Sauce 500G;£1.00;£0.20/100g;Cooking Sauces & Meal Kits;Pasta Sauce & Kits;41;1.5;null;null;0.4;null;null;0.80;
262528038;Dolmio Extra Roasted Onion And Garlic Bolognese 500G;£1.00;£0.20/100g;Cooking Sauces & Meal Kits;Pasta Sauce & Kits;42;1.6;null;null;0.5;null;null;0.80;
278191859;Dolmio Original Bolognese Light 750G;£1.48;£0.20/100g;Cooking Sauces & Meal Kits;Pasta Sauce & Kits;33;1.2;null;null;0.1;null;null;0.80;
283589852;Ragu Smooth Bolognese Pasta Basil Sauce 375G;£1.00;£0.27/100g;Cooking Sauces & Meal Kits;Pasta Sauce & Kits;50;1.2;null;null;0.1;null;0.8;0.85;
255714076;Seeds Of Change Organic Bolognese Sauce 500G;£2.40;£0.48/100g;Cooking Sauces & Meal Kits;Pasta Sauce & Kits;46;1.2;null;null;1.0;null;null;0.65;
283609441;Ragu Smooth Pasta Bolognese Sauce With Vegetable 650G;£1.00;£0.15/100g;Cooking Sauces & Meal Kits;Pasta Sauce & Kits;43;1.3;null;null;0.1;null;1.3;0.58;
262114038;Loyd Grossman Bolognese 660G;£2.79;£0.42/100g;Cooking Sauces & Meal Kits;Pasta Sauce & Kits;null;1.6;6.1;null;2.5;null;1.0;0.82;
257745197;Tesco Mushroom Pasta Sauce 500G;£0.85;£0.17/100g;Cooking Sauces & Meal Kits;Pasta Sauce & Kits;53;1.8;null;7.2;1.1;0.2;1.6;0.8;
283589745;Ragu Chunky Bolognese Pasta Sauce 375G;£1.00;£0.27/100g;Cooking Sauces & Meal Kits;Pasta Sauce & Kits;38;1.3;null;null;0.2;null;1.0;0.74;
283590126;Ragu Smooth Bolognese Pasta Sauce 650G;£1.00;£0.15/100g;Cooking Sauces & Meal Kits;Pasta Sauce & Kits;48;1.2;null;null;0.1;null;0.7;0.84;
252044959;Tesco Everyday Value Pasta Sauce 440G;£0.45;£0.10/100g;Cooking Sauces & Meal Kits;Pasta Sauce & Kits;33;0.8;null;2.3;0.7;0.1;0.8;0.6;
283608091;Ragu Chunky Sauce Bolognese Pasta With Chilli 650G;£1.00;£0.15/100g;Cooking Sauces & Meal Kits;Pasta Sauce & Kits;53;1.4;null;null;0.2;null;1.1;0.78;
275476234;Tesco Mushroom Pasta Sauce 725G;£1.20;£0.17/100g;Cooking Sauces & Meal Kits;Pasta Sauce & Kits;53;1.8;null;7.2;1.1;0.2;1.6;0.8;
275465161;Tesco Bolognese Pasta Sauce 725G;£1.20;£0.17/100g;Cooking Sauces & Meal Kits;Pasta Sauce & Kits;51;1.9;null;8.4;0.7;0.1;1.5;0.8;
283608033;Ragu Smooth Pasta Bolognese Sauce With Basil 650G;£1.00;£0.15/100g;Cooking Sauces & Meal Kits;Pasta Sauce & Kits;50;1.2;null;null;0.1;null;0.8;0.85;
282594567;Tesco Bolognese Pasta Sauce Smooth 500G;£0.85;£0.17/100g;Cooking Sauces & Meal Kits;Pasta Sauce & Kits;56;1.9;null;8.7;1.0;0.1;2.5;0.7;
282573212;Tesco Bolognese Pasta Sauce Spicy 500G;£0.85;£0.17/100g;Cooking Sauces & Meal Kits;Pasta Sauce & Kits;45;1.2;null;8.5;0.3;0.1;1.9;0.8;
283590161;Ragu Chunky Bolognese Pasta Sauce 650G;£1.00;£0.15/100g;Cooking Sauces & Meal Kits;Pasta Sauce & Kits;38;1.3;null;null;0.2;null;1.0;0.74;
283589941;Ragu Chunky Bolognese Pasta Chilli Sauce 375G;£1.00;£0.27/100g;Cooking Sauces & Meal Kits;Pasta Sauce & Kits;53;1.4;null;null;0.2;null;1.1;0.78;
254177021;Loyd Grossman Bolognese Sauce 425G;£1.00;£0.24/100g;Cooking Sauces & Meal Kits;Pasta Sauce & Kits;null;1.6;6.1;null;2.5;null;1.0;0.82;
257797653;Tesco Bolognese Pasta Sauce 320G;£0.75;£0.23/100g;Cooking Sauces & Meal Kits;Pasta Sauce & Kits;51;1.9;null;8.4;0.7;0.1;1.5;0.8;
257797970;Tesco Bolognese Pasta Sauce Jar 500G;£0.85;£0.17/100g;Cooking Sauces & Meal Kits;Pasta Sauce & Kits;51;1.9;null;8.4;0.7;0.1;1.5;0.8;
283589676;Ragu Smooth Bolognese Pasta Sauce 375G;£1.00;£0.27/100g;Cooking Sauces & Meal Kits;Pasta Sauce & Kits;48;1.2;null;null;0.1;null;0.7;0.84;
287041379;Barilla Basilico Sauce 400G;£1.00;£0.25/100g;Cooking Sauces & Meal Kits;Pasta Sauce & Kits;null;null;null;null;null;null;null;null;
286415901;Weight Watchers Bolognese Sauce 340G;£1.00;£0.29/100g;Cooking Sauces & Meal Kits;Pasta Sauce & Kits;null;1.2;null;null;0.5;null;1.3;0.6;
268579912;Tesco Tomato And Chilli Pasta Sauce 500G;£0.85;£0.17/100g;Cooking Sauces & Meal Kits;Pasta Sauce & Kits;54;2.1;null;7.7;0.7;0.1;1.9;0.7;
257745491;Tesco Spicy Pepper Pasta Sauce 500G;£0.85;£0.17/100g;Cooking Sauces & Meal Kits;Pasta Sauce & Kits;56;1.8;null;8.0;1.0;0.1;1.5;0.8;
287041575;Barilla Ricotta Sauce 400G;£1.00;£0.25/100g;Cooking Sauces & Meal Kits;Pasta Sauce & Kits;kJ 350 -;3.0;null;null;5.8;null;1.8;1.4;
287041431;Barilla Arrabbiata Sauce 400G;£1.00;£0.25/100g;Cooking Sauces & Meal Kits;Pasta Sauce & Kits;kJ 243 -;1.4;null;null;3.1;null;2.0;1.0;
287041454;Barilla Napoletana Sauce 400G;£1.00;£0.25/100g;Cooking Sauces & Meal Kits;Pasta Sauce & Kits;null;null;null;null;null;null;null;null;
257798116;Tesco Onion And Garlic Pasta Sauce 500G;£0.85;£0.17/100g;Cooking Sauces & Meal Kits;Pasta Sauce & Kits;51;1.8;null;7.8;0.7;0.1;1.3;0.7;
268730065;Cook Italian Tomato And Pecorino Pasta Sauce 340G;£1.70;£0.50/100g;Cooking Sauces & Meal Kits;Pasta Sauce & Kits;427kJ 361kJ - 8400kJ;3.2;null;null;5.7;null;0.7;0.50;
251708401;Loyd Grossman Tomato And Basil Pasta Sauce 660G;£2.79;£0.42/100g;Cooking Sauces & Meal Kits;Pasta Sauce & Kits;null;1.5;5.8;null;3.4;null;0.8;0.83;
268730071;Cook Italian Tomt/Basil/Gar Pasta Sauce 340G;£1.70;£0.50/100g;Cooking Sauces & Meal Kits;Pasta Sauce & Kits;321kJ 272kJ - 8400kJ;1.9;null;null;2.6;null;0.5;0.6;
286787270;Barilla Olive Sauce 400G;£1.00;£0.25/100g;Cooking Sauces & Meal Kits;Pasta Sauce & Kits;kcal 72 -;1.5;null;null;4.5;null;2.0;1.875;
287041492;Barilla Puttanesca Sauce 400G;£1.00;£0.25/100g;Cooking Sauces & Meal Kits;Pasta Sauce & Kits;null;null;null;null;null;null;null;null;
278068102;Cook Italian Tomato And Chilli Pasta Sauce 340G;£1.70;£0.50/100g;Cooking Sauces & Meal Kits;Pasta Sauce & Kits;null;1.4;null;null;1.7;null;1.4;null;
286787229;Barilla Mediterranean Vegetable Sauce 400G;£1.00;£0.25/100g;Cooking Sauces & Meal Kits;Pasta Sauce & Kits;kJ 256 -;1.1;null;null;4.0;null;2.0;1.0;
250567240;Loyd Grossman Smoky Bacon Pasta Sauce 350G;£1.00;£0.29/100g;Cooking Sauces & Meal Kits;Pasta Sauce & Kits;null;3.0;6.1;null;4.8;null;0.8;0.83;
278068315;Cook Italian Tomato And Red Pepper Pasta Sauce 340G;£1.70;£0.50/100g;Cooking Sauces & Meal Kits;Pasta Sauce & Kits;null;1.4;null;null;1.7;null;1.5;null;
278068367;Cook Italian Tomato And Panchetta Pasta Sauce 340G;£1.70;£0.50/100g;Cooking Sauces & Meal Kits;Pasta Sauce & Kits;null;2.2;null;null;2.8;null;1.2;null;
253704189;Loyd Grossman Sweet Red Pepper 350G;£1.00;£0.29/100g;Cooking Sauces & Meal Kits;Pasta Sauce & Kits;null;1.3;5.8;null;5.3;null;1.1;0.83;
250742292;Loyd Grossman Puttanesca Sauce 350G;£1.00;£0.29/100g;Cooking Sauces & Meal Kits;Pasta Sauce & Kits;null;1.4;5.5;null;3.4;null;0.7;0.90;
250742228;Loyd Grossman Tomato And Basil Sauce 350G;£1.00;£0.29/100g;Cooking Sauces & Meal Kits;Pasta Sauce & Kits;null;1.5;5.8;null;3.4;null;0.8;0.83;
250742263;Loyd Grossman Tomato And Chilli Sauce 350G;£1.00;£0.29/100g;Cooking Sauces & Meal Kits;Pasta Sauce & Kits;null;1.4;5.5;null;3.4;null;0.7;0.82;
286348957;Napolina Cherry Tomato And Balsamic Vinegar Pasta Sauce 350G;£1.80;£0.51/100g;Cooking Sauces & Meal Kits;Pasta Sauce & Kits;293kJ/ 513kJ/;1.1;null;null;3.0;null;0.6;0.73;
265254005;Napolina Tomato And Basil Sauce 335G;£1.80;£0.54/100g;Cooking Sauces & Meal Kits;Pasta Sauce & Kits;72;1.5;null;null;2.4;null;null;null;
260504450;Tesco Finest Puttanesca Sauce 340G;£1.40;£0.41/100g;Cooking Sauces & Meal Kits;Pasta Sauce & Kits;123;1.6;null;5.8;9.4;1.1;4.8;1.5;
267259325;Seeds Of Change Tomato And Basil Pasta Sauce 350G;£2.30;£0.66/100g;Cooking Sauces & Meal Kits;Pasta Sauce & Kits;63;1.2;null;null;2.9;null;null;0.65;
267259262;Seeds Of Change Tomato And Chilli Pasta Sauce 350G;£2.30;£0.66/100g;Cooking Sauces & Meal Kits;Pasta Sauce & Kits;57;1.2;null;null;2.2;null;null;0.66;
254795239;Seeds Of Change Tomato And Garlic Pasta Sauce350g;£2.30;£0.66/100g;Cooking Sauces & Meal Kits;Pasta Sauce & Kits;60;1.2;null;null;2.4;null;null;0.65;
254196088;Loyd Grossman Tomato And Chilli Pasta Sauce 660G;£2.79;£0.42/100g;Cooking Sauces & Meal Kits;Pasta Sauce & Kits;null;1.4;5.5;null;3.4;null;0.7;0.82;
265254034;Napolina Tomato And Chilli Sauce 335G;£1.80;£0.54/100g;Cooking Sauces & Meal Kits;Pasta Sauce & Kits;60;1.4;null;null;0.9;null;null;null;
253668818;Loyd Grossman Tomato Roasted Garlic Pasta Sauce 350G;£1.00;£0.29/100g;Cooking Sauces & Meal Kits;Pasta Sauce & Kits;null;2.0;9.0;null;3.2;null;1.4;0.82;
266541539;Napolina Tomato And Mascarpone Sauce 350G;£1.80;£0.51/100g;Cooking Sauces & Meal Kits;Pasta Sauce & Kits;78;2.2;null;null;4.0;null;null;null;
267990351;Tesco Finest Salami Fennel And Chianti Pasta Sauce 340G;£1.40;£0.41/100g;Cooking Sauces & Meal Kits;Pasta Sauce & Kits;112;4.2;null;5.4;7.2;1.7;0.5;0.6;
252305663;Seeds Of Change Organic Tomato Basil Parmesan Sce350g;£2.30;£0.66/100g;Cooking Sauces & Meal Kits;Pasta Sauce & Kits;59;1.5;null;null;2.9;null;null;0.65;
253668588;Loyd Grossman Tomato Chargrilled Vegetable Pasta Sauce 350G;£1.00;£0.29/100g;Cooking Sauces & Meal Kits;Pasta Sauce & Kits;null;1.7;6.9;null;3.2;null;1.0;0.84;
254174652;Loyd Grossman Tomato And Wild Mushroom Sauce 350G;£1.00;£0.29/100g;Cooking Sauces & Meal Kits;Pasta Sauce & Kits;null;1.4;5.8;null;3.4;null;0.6;0.83;
252295517;Seeds Of Change Organic Mediterranean Vegetable Sauce 350G;£2.30;£0.66/100g;Cooking Sauces & Meal Kits;Pasta Sauce & Kits;60;1.2;null;null;2.9;null;null;0.64;
255714243;Seeds Of Change Organic Tomato And Basil Sauce 500G;£2.40;£0.48/100g;Cooking Sauces & Meal Kits;Pasta Sauce & Kits;63;1.2;null;null;2.9;null;null;0.65;
257745479;Tesco Chunky Vegetable Pasta Sauce 500G;£0.85;£0.17/100g;Cooking Sauces & Meal Kits;Pasta Sauce & Kits;47;1.8;null;6.4;1.0;0.1;1.8;0.8;
286368115;Napolina Tomato And Garlic Pasta Sauce 350G;£1.80;£0.51/100g;Cooking Sauces & Meal Kits;Pasta Sauce & Kits;284kJ/ 497kJ/;1.1;null;null;3.0;null;0.8;0.68;
277081778;Tesco Tomato Mascarpone Pasta Sauce 500G;£0.85;£0.17/100g;Cooking Sauces & Meal Kits;Pasta Sauce & Kits;97;1.9;null;6.9;5.8;2.8;1.0;0.8;
278482434;Dolmio Original Lasagne Meal Kit 525G;£2.99;£0.57/100g;Cooking Sauces & Meal Kits;Pasta Sauce & Kits;119;3.0;null;null;3.4;null;null;0.51;
277006103;Dolmio Meatball Sauce Tomato And Chilli 750G;£2.60;£0.35/100g;Cooking Sauces & Meal Kits;Pasta Sauce & Kits;36;1.5;null;null;0.1;null;null;0.57;
278482498;Dolmio Lasagne Meal Kit Onion And Bacon 852G;£4.49;£0.53/100g;Cooking Sauces & Meal Kits;Pasta Sauce & Kits;131;3.3;null;null;3.5;null;null;0.64;
283052424;Tesco Goodness Pasta Sauce 200G;£1.00;£0.50/100g;Cooking Sauces & Meal Kits;Pasta Sauce & Kits;51;0.8;null;3.6;1.7;0.2;1.9;0.2;
260504542;Tesco Finest Tomato And Chilli Sauce 340G;£1.40;£0.41/100g;Cooking Sauces & Meal Kits;Pasta Sauce & Kits;107;1.7;null;6.8;6.8;0.8;1.3;0.5;
277081824;Tesco Tomato And Basil Sauce For Meatballs 500G;£0.98;£0.20/100g;Cooking Sauces & Meal Kits;Pasta Sauce & Kits;50;1.9;null;7.0;1.1;0.2;1.9;0.6;
262600897;Tesco Finest Tomato & Mascarpone Pasta Sauce 340G;£1.40;£0.41/100g;Cooking Sauces & Meal Kits;Pasta Sauce & Kits;164;2.6;null;7.1;12.7;5.3;1.8;0.7;
260504127;Tesco Finest Tomato And Pancetta Sauce 340G;£1.40;£0.41/100g;Cooking Sauces & Meal Kits;Pasta Sauce & Kits;104;4.2;null;5.9;6.1;1.9;0.8;0.8;
278482319;Dolmio Lasagne Kit Light Garlic And Herb 840G;£4.49;£0.54/100g;Cooking Sauces & Meal Kits;Pasta Sauce & Kits;114;3.2;null;null;2.8;null;null;0.51;
278481009;Dolmio Original Lasagne Meal Kit 807G;£3.99;£4.95/kg;Cooking Sauces & Meal Kits;Pasta Sauce & Kits;118;2.9;null;null;3.5;null;null;0.51;
283053538;Dolmio Meatball Sauce Tomato And Garlic 500G;£1.80;£0.36/100g;Cooking Sauces & Meal Kits;Pasta Sauce & Kits;37;1.6;null;null;0.1;null;null;0.57;
282573114;Tesco Tomato And Chilli Sauce For Meatball 500G;£0.98;£0.20/100g;Cooking Sauces & Meal Kits;Pasta Sauce & Kits;56;1.7;null;7.1;1.8;0.3;2.1;0.7;
277006218;Dolmio Lasagne Red Sauce Light 500G;£0.90;£0.18/100g;Cooking Sauces & Meal Kits;Pasta Sauce & Kits;39;1.3;null;null;0.2;null;null;0.82;
252990458;Tesco Finest Sun Dried Tomato Garlic And Basil Sauce 340G;£1.40;£0.41/100g;Cooking Sauces & Meal Kits;Pasta Sauce & Kits;129;2.6;null;9.4;8.6;1.0;1.9;0.8;
286415999;Weight Watchers Tomato And Basil Sauce 340G;£1.00;£0.29/100g;Cooking Sauces & Meal Kits;Pasta Sauce & Kits;null;1.5;null;null;0.5;null;1.4;0.6;
274024898;Dolmio Meatballs Sauce Tomato And Chilli 500G;£1.80;£0.36/100g;Cooking Sauces & Meal Kits;Pasta Sauce & Kits;36;1.5;null;null;0.1;null;null;0.57;
286416065;Weight Watchers Spicy Tomato Sauce 340G;£1.00;£0.29/100g;Cooking Sauces & Meal Kits;Pasta Sauce & Kits;null;1.2;null;null;0.6;null;1.6;0.4;
274001361;Dolmio Meatball Sauce Tomato And Basil 500G;£1.80;£0.36/100g;Cooking Sauces & Meal Kits;Pasta Sauce & Kits;34;1.5;null;null;0.1;null;null;0.56;
277005790;Dolmio Meatball Sauce Tomato And Basil 750G;£2.60;£0.35/100g;Cooking Sauces & Meal Kits;Pasta Sauce & Kits;34;1.5;null;null;0.1;null;null;0.56;
274376319;Ragu Red Sauce For Lasagne 454G;£1.50;£0.33/100g;Cooking Sauces & Meal Kits;Pasta Sauce & Kits;48;1.4;null;null;0.1;null;0.9;1;
253230668;Dolmio Express Creamy Mushroom Sauce 150G Pouch;£1.40;£0.93/100g;Cooking Sauces & Meal Kits;Pasta Sauce & Kits;110;1.5;null;null;8.7;null;null;0.83;
250154135;Dolmio Stir In Carbonara 150G;£0.80;£0.53/100g;Cooking Sauces & Meal Kits;Pasta Sauce & Kits;131;3.0;null;null;10.8;null;null;1.30;
264944586;Dolmio Roasted Onion And Garlic Lasagne Sauce 500G;£0.90;£0.18/100g;Cooking Sauces & Meal Kits;Pasta Sauce & Kits;49;1.4;null;null;0.2;null;null;0.83;
274390843;Dolmio Cheesy Lasagne 710G;£2.60;£0.37/100g;Cooking Sauces & Meal Kits;Pasta Sauce & Kits;102;1.1;null;null;8.1;null;null;0.77;
252247777;Dolmio Tomato Red Lasagne Sauce 500G;£0.90;£0.18/100g;Cooking Sauces & Meal Kits;Pasta Sauce & Kits;47;1.3;null;null;0.2;null;null;0.82;
259995006;Dolmio Creamy White Lasagne Sauce 710G;£2.60;£0.37/100g;Cooking Sauces & Meal Kits;Pasta Sauce & Kits;98;0.5;null;null;7.5;null;null;0.77;
261007795;Dolmio Pasta Bake Carbonara 480G;£0.87;£0.18/100g;Cooking Sauces & Meal Kits;Pasta Sauce & Kits;123;1.2;null;null;10.6;null;null;0.80;
264944233;Dolmio Roasted Onion And Garlic Lasagne Sauce 750G;£2.60;£0.35/100g;Cooking Sauces & Meal Kits;Pasta Sauce & Kits;49;1.4;null;null;0.2;null;null;0.83;
274390774;Dolmio Cheesy Lasagne 470G;£0.90;£0.19/100g;Cooking Sauces & Meal Kits;Pasta Sauce & Kits;102;1.1;null;null;8.1;null;null;0.77;
253230052;Dolmio Express Carbonara Sauce 150G Pouch;£1.40;£0.93/100g;Cooking Sauces & Meal Kits;Pasta Sauce & Kits;92;2.4;null;null;6.6;null;null;0.69;
274372030;Dolmio Pasta Bake Macaroni Cheese 470G;£0.87;£0.19/100g;Cooking Sauces & Meal Kits;Pasta Sauce & Kits;118;1.0;null;null;10.2;null;null;0.81;
259994883;Dolmio Tomato Red Lasagne Sauce 750G;£2.60;£0.35/100g;Cooking Sauces & Meal Kits;Pasta Sauce & Kits;47;1.3;null;null;0.2;null;null;0.82;
250410132;Dolmio Creamy White Lasagne Sauce 470G;£0.90;£0.19/100g;Cooking Sauces & Meal Kits;Pasta Sauce & Kits;98;0.5;null;null;7.5;null;null;0.77;
259994480;Homepride Pasta Bake Carbonara 500G;£1.00;£0.20/100g;Cooking Sauces & Meal Kits;Pasta Sauce & Kits;111;1.3;4.0;null;9.9;null;0.5;0.73;
253230484;Dolmio Express Carbonara Sauce 300G;£2.40;£0.80/100g;Cooking Sauces & Meal Kits;Pasta Sauce & Kits;92;2.4;null;null;6.6;null;null;0.69;
274390359;Dolmio Creamy White Lasagne Sauce 300G;£1.50;£0.50/100g;Cooking Sauces & Meal Kits;Pasta Sauce & Kits;98;0.5;null;null;7.5;null;null;0.77;
277006339;Dolmio Lasagne White Sauce Light 470G;£0.90;£0.19/100g;Cooking Sauces & Meal Kits;Pasta Sauce & Kits;86;0.4;null;null;6.3;null;null;0.76;
268012570;Tesco Red Lasagne Pasta Sauce 500G;£0.85;£0.17/100g;Cooking Sauces & Meal Kits;Pasta Sauce & Kits;55;1.9;null;7.2;1.0;0.1;0.9;0.8;
274390457;Dolmio Tomato Red Lasagne Sauce 320G;£1.50;£0.47/100g;Cooking Sauces & Meal Kits;Pasta Sauce & Kits;null;1.5;null;null;0.2;null;1.4;0.84;
274376509;Ragu White Sauce For Lasagne 454G;£1.50;£0.33/100g;Cooking Sauces & Meal Kits;Pasta Sauce & Kits;152;0.5;null;null;14.5;null;0.4;0.89;
258049207;Homepride Pasta Bake Tomato And Pepperoni 500G;£1.00;£0.20/100g;Cooking Sauces & Meal Kits;Pasta Sauce & Kits;81;1.9;9.1;null;3.8;null;1.1;0.97;
253230645;Dolmio Express Tomato And Basil Sauce 170G Pouch;£1.40;£0.82/100g;Cooking Sauces & Meal Kits;Pasta Sauce & Kits;51;1.5;null;null;1.0;null;null;0.63;
262279188;Dolmio Pasta Bake Roasted Vegetable Mediterranean Sauce 500G;£0.87;£0.17/100g;Cooking Sauces & Meal Kits;Pasta Sauce & Kits;49;1.2;null;null;1.2;null;null;0.82;
267850431;Tesco Carbonara Sauce 430G;£0.85;£1.98/kg;Cooking Sauces & Meal Kits;Pasta Sauce & Kits;129;3.5;null;0.1;10.0;4.0;0.8;0.9;
253233544;Dolmio Express Tomato And Basil Sauce 340G Pouch;£2.40;£0.71/100g;Cooking Sauces & Meal Kits;Pasta Sauce & Kits;51;1.5;null;null;1.0;null;null;0.63;
264691387;Tesco Pasta Bake Creamy Tomato And Herb 500G;£0.85;£0.17/100g;Cooking Sauces & Meal Kits;Pasta Sauce & Kits;128;1.7;null;6.0;9.9;2.5;1.4;0.7;
264689742;Tesco Pasta Bake Spicy Pepperoni 500G;£0.85;£0.17/100g;Cooking Sauces & Meal Kits;Pasta Sauce & Kits;85;1.7;null;5.1;5.5;0.9;1.0;0.7;
258049288;Homepride Pasta Bake Creamy Tomato And Bacon Sauce 500G;£1.00;£0.20/100g;Cooking Sauces & Meal Kits;Pasta Sauce & Kits;null;1.4;7.0;null;7.9;null;0.8;1.01;
259994408;Homepride Pasta Bake Tuna 500G;£1.00;£0.20/100g;Cooking Sauces & Meal Kits;Pasta Sauce & Kits;86;1.6;6.9;null;5.6;null;1.0;1.00;
286283687;Barilla Tortellini Grandi Ricotta And Spinach 225G;£1.49;£6.63/kg;Cooking Sauces & Meal Kits;Pasta Sauce & Kits;null;null;null;null;null;null;null;null;
253946979;Dolmio Pasta Bake Tomato And Cheese 500G;£0.87;£0.17/100g;Cooking Sauces & Meal Kits;Pasta Sauce & Kits;56;1.8;null;null;1.5;null;null;0.78;
266918757;Homepride Pasta Bake Tomato Garlic And Chilli 500G;£1.00;£0.20/100g;Cooking Sauces & Meal Kits;Pasta Sauce & Kits;104;1.6;8.8;null;6.6;null;1.5;0.90;
286281712;Barilla Tortellini Three Cheese 225G;£1.25;£5.00/kg;Cooking Sauces & Meal Kits;Pasta Sauce & Kits;null;null;null;null;null;null;null;null;
253538950;Dolmio Pasta Bake Creamy Tomato 500G;£0.87;£0.17/100g;Cooking Sauces & Meal Kits;Pasta Sauce & Kits;89;1.1;null;null;5.3;null;null;0.80;
258049121;Homepride Pasta Bake Creamy Tomato And Herb 500G;£1.00;£0.20/100g;Cooking Sauces & Meal Kits;Pasta Sauce & Kits;106;1.7;7.6;null;7.5;null;0.9;0.97;
253230858;Dolmio Express Italian Chilli Sauce 170G Pouch;£1.40;£0.82/100g;Cooking Sauces & Meal Kits;Pasta Sauce & Kits;51;1.4;null;null;1.6;null;null;0.71;
259229051;Tesco White Lasagne Pasta Sauce 430G;£0.85;£0.20/100g;Cooking Sauces & Meal Kits;Pasta Sauce & Kits;107;2.0;null;0.1;8.5;3.0;0.6;0.7;
283085673;Homepride Pasta Bake Hp Cheesy 500G;£1.00;£0.20/100g;Cooking Sauces & Meal Kits;Pasta Sauce & Kits;null;1.8;5.8;null;8.0;null;0.5;1.04;
258049340;Homepride Pasta Bake Cheese And Bacon 500G;£1.00;£0.20/100g;Cooking Sauces & Meal Kits;Pasta Sauce & Kits;74;2.1;4.3;null;5.3;null;0.5;0.73;
250153960;Dolmio Stir In Roasted Garlic And Tomato 150G;£0.80;£0.53/100g;Cooking Sauces & Meal Kits;Pasta Sauce & Kits;109;1.7;null;null;6.1;null;null;1.40;
274390549;Dolmio Stir In Tomato And Basil 150G;£0.80;£0.53/100g;Cooking Sauces & Meal Kits;Pasta Sauce & Kits;108;1.8;null;null;6.2;null;null;1.40;
250058439;Dolmio Light Stir-In Sun Dried Tomato 150G;£0.80;£0.53/100g;Cooking Sauces & Meal Kits;Pasta Sauce & Kits;88;1.8;null;null;3.9;null;null;1.39;
250505850;Sacla Sun Dried Tomato Paste 190G;£2.00;£1.06/100g;Cooking Sauces & Meal Kits;Pasta Sauce & Kits;409;2.9;null;null;39.4;null;5.0;2.0;
260042333;My Dolmio Pasta Twists 200G;£1.40;£7.00/kg;Cooking Sauces & Meal Kits;Pasta Sauce & Kits;143;6.9;null;null;1.5;null;null;0.05;
259228328;My Dolmio Tomato And Cheese Sauce 150G;£1.40;£0.93/100g;Cooking Sauces & Meal Kits;Pasta Sauce & Kits;null;1.4;null;null;0.6;null;0.8;0.60;
252356694;Dolmio Stir In Roasted Vegetable 150G;£1.60;£1.07/100g;Cooking Sauces & Meal Kits;Pasta Sauce & Kits;107;1.4;null;null;6.6;null;null;1.31;
254243634;Dolmio Stir In Spicy Pepperoni And Tomato 150G;£0.80;£0.53/100g;Cooking Sauces & Meal Kits;Pasta Sauce & Kits;156;3.3;null;null;11.4;null;null;1.48;
251698238;Dolmio Stir In Sun Dried Tomato Pasta Sauce 150G;£0.80;£0.53/100g;Cooking Sauces & Meal Kits;Pasta Sauce & Kits;127;1.7;null;null;8.3;null;null;1.41;
274390745;Dolmio Stir In Tomato And Chilli 150G;£0.80;£0.53/100g;Cooking Sauces & Meal Kits;Pasta Sauce & Kits;103;1.7;null;null;6.0;null;null;1.47;
281386337;Sacla Pronto Pepper And Garlic 150G;£1.90;£1.27/100g;Cooking Sauces & Meal Kits;Pasta Sauce & Kits;269kJ/ -;1.3;null;null;3.7;null;1.0;1.0;
257153033;Sacla Ripened Tomato And Mascarpone Stir In 190G;£2.00;£1.06/100g;Cooking Sauces & Meal Kits;Pasta Sauce & Kits;161;1.4;null;null;14.4;null;1.3;1.0;
254243375;Dolmio Stir In Smokey Bacon And Tomato 150G;£0.80;£0.53/100g;Cooking Sauces & Meal Kits;Pasta Sauce & Kits;100;4.7;null;null;5.6;null;null;1.32;
251698077;Dolmio Stir In Sweet Pepper 150G;£0.80;£0.53/100g;Cooking Sauces & Meal Kits;Pasta Sauce & Kits;103;1.4;null;null;6.2;null;null;1.25;
260043516;My Dolmio Creamy Tomato Sauce 150G;£1.40;£0.93/100g;Cooking Sauces & Meal Kits;Pasta Sauce & Kits;null;1.0;null;null;2.7;null;0.7;0.55;
260043499;My Dolmio Meatball Sauce 150G;£1.40;£0.93/100g;Cooking Sauces & Meal Kits;Pasta Sauce & Kits;null;2.2;null;null;1.1;null;1.5;0.58;
281386965;Sacla Pronto Sun Dried Tomato And Basil 150G;£1.90;£1.27/100g;Cooking Sauces & Meal Kits;Pasta Sauce & Kits;311kJ/ -;1.8;null;null;3.6;null;1.4;1.0;
250078133;Sacla Intenso Tomato And Olive Stir In 190G;£2.00;£1.06/100g;Cooking Sauces & Meal Kits;Pasta Sauce & Kits;192;1.5;null;null;18.7;null;2.8;0.9;
281386464;Sacla Pronto Vine Tomato And Pancetta 150G;£1.90;£1.27/100g;Cooking Sauces & Meal Kits;Pasta Sauce & Kits;505kJ/ -;2.5;null;null;9.5;null;0.9;1.0;
250506031;Sacla Sun Dried Tomato And Garlic Stir In 190G;£2.00;£1.06/100g;Cooking Sauces & Meal Kits;Pasta Sauce & Kits;190;2.3;null;null;15.7;null;3.7;2.0;
283053930;Sacla Squeeze A Little Basil Pesto Sauce 270G;null;null;Cooking Sauces & Meal Kits;Pasta Sauce & Kits;184;2.9;null;null;16.7;null;2.2;2.5;
254303345;Sacla Wild Rocket Pesto 190G;£2.00;£1.06/100g;Cooking Sauces & Meal Kits;Pasta Sauce & Kits;1928kJ 915kJ;4.2;null;null;47.9;null;2.5;2.0;
266578847;Tesco Classic Red Pesto 190G;£1.00;£0.53/100g;Cooking Sauces & Meal Kits;Pasta Sauce & Kits;419;3.6;null;5.4;40.8;5.6;2.2;1.2;
277081536;Tesco Sweet Pepper Pasta Sauce 155G;£0.90;£0.58/100g;Cooking Sauces & Meal Kits;Pasta Sauce & Kits;120;1.4;null;6.5;8.4;0.7;2.0;1.0;
274111484;Tesco Reduced Fat Green Pesto 190G;£1.00;£0.53/100g;Cooking Sauces & Meal Kits;Pasta Sauce & Kits;195;2.6;null;0.4;19.4;2.8;3.4;null;
283053878;Sacla Coriander Pesto 190G;£2.00;£1.06/100g;Cooking Sauces & Meal Kits;Pasta Sauce & Kits;1642kJ 779kJ;4.3;null;null;40.7;null;2.5;2.5;
268675677;Tesco Tomato And Chilli Pesto 190G;£1.00;£0.53/100g;Cooking Sauces & Meal Kits;Pasta Sauce & Kits;400;4.3;null;4.7;38.9;5.1;4.6;null;
254879319;Sacla Classic Basil Pesto 190G;£2.00;£1.06/100g;Cooking Sauces & Meal Kits;Pasta Sauce & Kits;1966kJ 933kJ;4.7;null;null;48.2;null;3.1;2.9;
266578876;Tesco Classic Green Pesto 190G;£1.00;£0.53/100g;Cooking Sauces & Meal Kits;Pasta Sauce & Kits;331;4.7;null;2.6;31.9;4.7;3.7;2.0;
262090151;Sacla Classic Basil Pesto 290G;£3.30;£1.14/100g;Cooking Sauces & Meal Kits;Pasta Sauce & Kits;1966kJ 933kJ;4.7;null;null;48.2;null;3.1;2.9;
268592832;Sacla Wild Garlic Pesto 190G;£2.00;£1.06/100g;Cooking Sauces & Meal Kits;Pasta Sauce & Kits;1563kJ 743kJ;3.1;null;null;37.2;null;2.1;1.5;
283053832;Sacla Squeeze Chilli And Tomato Pesto Sauce 270G;£2.64;£0.98/100g;Cooking Sauces & Meal Kits;Pasta Sauce & Kits;127;1.5;null;null;10.5;null;1.9;1.5;
266578951;Tesco Finest Sundried Tomato Pesto Rosso 190G;£2.00;£1.06/100g;Cooking Sauces & Meal Kits;Pasta Sauce & Kits;375;4.3;null;6.2;35.0;6.0;3.0;1.8;
283312630;Sacla Tomato And Ricotta Pesto 190G;£2.00;£1.06/100g;Cooking Sauces & Meal Kits;Pasta Sauce & Kits;1193kJ 567kJ;5.2;null;null;25.6;null;1.6;2.0;
268722772;Tesco Green Pesto 280G;£1.40;£0.50/100g;Cooking Sauces & Meal Kits;Pasta Sauce & Kits;331;4.7;null;2.6;31.9;4.7;3.7;2.0;
250702985;Sacla Red Pepper Pesto 190G;£2.00;£1.06/100g;Cooking Sauces & Meal Kits;Pasta Sauce & Kits;986kJ 469kJ;4.5;null;null;21.0;null;2.8;1.5;
250703051;Sacla Chargrilled Aubergine Pesto 190G;£2.00;£1.06/100g;Cooking Sauces & Meal Kits;Pasta Sauce & Kits;1454kJ 690kJ;2.2;null;null;34.9;null;6.3;2.0;
264860752;Sacla Fiery Chilli Pesto 190G;£2.00;£1.06/100g;Cooking Sauces & Meal Kits;Pasta Sauce & Kits;1363kJ 613kJ;2.9;null;null;30.9;null;3.6;1.5;
256138641;Sacla Sun Dried Tom Pesto 190G;£2.00;£1.06/100g;Cooking Sauces & Meal Kits;Pasta Sauce & Kits;1287kJ 611kJ;4.3;null;null;29.3;null;4.3;2.9;
266578922;Tesco Finest Pesto Alla Genovese 190G;£2.00;£1.06/100g;Cooking Sauces & Meal Kits;Pasta Sauce & Kits;311;5.1;null;2.2;30.2;6.2;3.6;1.6;
255094779;Sacla Organic Basil Pesto 190G;£2.40;£1.27/100g;Cooking Sauces & Meal Kits;Pasta Sauce & Kits;455;5.2;null;null;45.9;null;4.4;2.9;
273961567;Tesco Gnocchi 500G;£0.99;£1.98/kg;Cooking Sauces & Meal Kits;Pasta Sauce & Kits;132;3.2;null;0.2;0.1;0.1;1.9;0.8;
286689766;Toscana Penne Beef Bolognese 200G;£1.70;£8.50/kg;Cooking Sauces & Meal Kits;Pasta Sauce & Kits;592 kJ 1362 kJ -;6.9;null;null;6.5;null;1.3;1.2;
283053452;Dolmio Recipe Base Carbonara 170G;£1.49;£0.88/100g;Cooking Sauces & Meal Kits;Pasta Sauce & Kits;56;2.0;null;null;1.9;null;null;1.50;
259578648;Trattoria Verdi Potato Gnocchi 500G;£0.70;£1.40/kg;Cooking Sauces & Meal Kits;Pasta Sauce & Kits;155;3.7;null;0;0.5;0;2.2;1.0;
286690717;Toscana Penne Tomato And Chilli 200G;£1.70;£8.50/kg;Cooking Sauces & Meal Kits;Pasta Sauce & Kits;541 kJ 1244 kJ -;3.1;null;null;6.5;null;1.6;1.3;
283053498;Dolmio Recipe Base Meatballs 170G;£1.49;£0.88/100g;Cooking Sauces & Meal Kits;Pasta Sauce & Kits;45;2.3;null;null;0.1;null;null;1.48;
250208476;Sacla Organic Tomato Pesto 190G;£2.40;£1.27/100g;Cooking Sauces & Meal Kits;Pasta Sauce & Kits;350;4.7;null;null;33.6;null;2.8;2.0;
286682013;Toscana Penne Carbonara 200G;£1.70;£8.50/kg;Cooking Sauces & Meal Kits;Pasta Sauce & Kits;606 kJ 1212 kJ 15%;4.1;null;null;8.8;null;1.0;1.2;
286681861;Toscana Penne Tomato And Basil 200G;£1.70;£8.50/kg;Cooking Sauces & Meal Kits;Pasta Sauce & Kits;397 kJ 913 kJ 11%;3.2;null;null;2.9;null;1.2;1.0;
271004834;Seeds Of Change Organic Sun Dried Tomato Stir/Serve 195G;£2.30;£1.18/100g;Cooking Sauces & Meal Kits;Pasta Sauce & Kits;159;1.1;null;null;13.3;null;null;1.15;
251279936;Italfresco Ready Made Polenta 500G;£0.75;£1.50/kg;Cooking Sauces & Meal Kits;Pasta Sauce & Kits;75 ;1,7;null;null;0,5;null;null;1,3;
268414492;Loyd Grossman Dopiaza Curry Sauce 350G;£2.09;£0.60/100g;Cooking Sauces & Meal Kits;Indian Sauces & Accompaniments;null;1.3;7.9;null;6.7;null;0.9;0.80;
272689413;Patak's Madras Paste 165G;£1.69;£1.03/100g;Cooking Sauces & Meal Kits;Indian Sauces & Accompaniments;296;4.6;null;null;24.9;null;9.9;4.89;
268486706;Loyd Grossman Tikka Masala Sauce 350G;£2.09;£0.60/100g;Cooking Sauces & Meal Kits;Indian Sauces & Accompaniments;null;1.4;11.2;null;10.6;null;0.7;0.83;
283131227;Patak's Biryani Cooking Sauce 450G;£1.75;£0.39/100g;Cooking Sauces & Meal Kits;Indian Sauces & Accompaniments;80;1.1;null;null;5.3;null;null;0.72;
277095324;Patak's Bhuna Cooking Sauce 450G;£1.75;£0.39/100g;Cooking Sauces & Meal Kits;Indian Sauces & Accompaniments;85;1.6;null;null;5.6;null;1.9;0.72;
277074021;Geeta's Korma Paste 80Grams;£0.99;£1.24/100g;Cooking Sauces & Meal Kits;Indian Sauces & Accompaniments;410 kJ 1025 kJ;0.8;null;null;7.4;null;0.9;1.2;
268414463;Loyd Grossman Balti Sauce 350G;£2.09;£0.60/100g;Cooking Sauces & Meal Kits;Indian Sauces & Accompaniments;null;1.3;8.4;null;6.7;null;1.7;0.84;
268414820;Loyd Grossman Sweet Tomato Bhuna Curry Sauce 350G;£2.09;£0.60/100g;Cooking Sauces & Meal Kits;Indian Sauces & Accompaniments;null;1.38;6.1;null;7.2;null;1.7;0.76;
268508272;Loyd Grossman Madras Sauce 350G;£2.09;£0.60/100g;Cooking Sauces & Meal Kits;Indian Sauces & Accompaniments;null;2.0;null;null;8.9;null;2.4;0.71;
277073546;Geeta's Tikka Paste 80G;£0.99;£1.24/100g;Cooking Sauces & Meal Kits;Indian Sauces & Accompaniments;343 kJ 858 kJ;0.8;null;null;5.7;null;0.7;1.3;
283130574;Patak's Saag Masala Cooking Sauce 450G;£1.75;£0.39/100g;Cooking Sauces & Meal Kits;Indian Sauces & Accompaniments;79;1.6;null;null;5.0;null;null;0.81;
283130695;Patak's Spice Sensation Rogan Josh 285G;£1.49;£0.52/100g;Cooking Sauces & Meal Kits;Indian Sauces & Accompaniments;85;1.5;null;null;5.6;null;null;0.73;
272689194;Patak's Korma Paste 165G;£1.69;£1.03/100g;Cooking Sauces & Meal Kits;Indian Sauces & Accompaniments;227;3.1;null;null;15.4;null;6.0;4.76;
268578579;Loyd Grossman Rogan Josh 350G;£2.09;£0.60/100g;Cooking Sauces & Meal Kits;Indian Sauces & Accompaniments;null;1.9;9.0;null;8.7;null;2.3;0.68;
268414503;Loyd Grossman Jalfrezi Sauce 350G;£2.09;£0.60/100g;Cooking Sauces & Meal Kits;Indian Sauces & Accompaniments;null;1.4;7.3;null;5.9;null;1.6;0.76;
268414699;Loyd Grossman Korma Sauce 350G;£2.09;£0.60/100g;Cooking Sauces & Meal Kits;Indian Sauces & Accompaniments;null;1.5;null;null;8.3;null;0.8;0.72;
283131037;Patak's Hot And Spicy Phal 285G;£1.49;£0.52/100g;Cooking Sauces & Meal Kits;Indian Sauces & Accompaniments;100;1.7;null;null;6.7;null;null;0.73;
277074171;Geeta's Madras Paste 80G;£0.99;£1.24/100g;Cooking Sauces & Meal Kits;Indian Sauces & Accompaniments;432 kJ 1080 kJ;1.1;null;null;7.8;null;1.3;1.2;
283130919;Patak's Spice Sensation Vindaloo 285G;£1.49;£0.52/100g;Cooking Sauces & Meal Kits;Indian Sauces & Accompaniments;96;1.5;null;null;6.4;null;null;0.68;
277095186;Patak's Spice Sensations Balti 285G;£1.39;£0.49/100g;Cooking Sauces & Meal Kits;Indian Sauces & Accompaniments;86;1.3;null;null;5.7;null;null;0.77;
277095036;Patak's Spice Sensations Korma 285G;£1.39;£0.49/100g;Cooking Sauces & Meal Kits;Indian Sauces & Accompaniments;155;2.9;null;null;9.8;null;null;0.76;
274746873;Pataks Dopiaza Sauce 450G;£1.75;£0.39/100g;Cooking Sauces & Meal Kits;Indian Sauces & Accompaniments;81;1.4;null;null;5.1;null;null;0.72;
274748122;Pataks Tikka Masala Medium Sauce 450G;£1.75;£0.39/100g;Cooking Sauces & Meal Kits;Indian Sauces & Accompaniments;98;1.6;null;null;6.5;null;null;0.75;
251977346;Pataks Balti Paste 283G;£1.28;£0.45/100g;Cooking Sauces & Meal Kits;Indian Sauces & Accompaniments;289;3.1;null;null;21.4;null;5.9;4.75;
250545116;Sharwoods Balti Medium Sauce 420G;£1.75;£0.42/100g;Cooking Sauces & Meal Kits;Indian Sauces & Accompaniments;null;1.3;6.1;null;5.8;null;2.1;0.83;
251953288;Pataks Rogan Josh Paste 283G;£1.28;£0.45/100g;Cooking Sauces & Meal Kits;Indian Sauces & Accompaniments;261;4.5;null;null;20.1;null;10.2;3.33;
277095278;Patak's Spice Sensations Tikka Masala 285G;£1.39;£0.49/100g;Cooking Sauces & Meal Kits;Indian Sauces & Accompaniments;122;1.8;null;null;6.9;null;null;0.79;
257109997;Pataks Lime Pickle Medium 283G;£1.99;£0.70/100g;Cooking Sauces & Meal Kits;Indian Sauces & Accompaniments;132;1.6;null;null;9.6;null;null;9.58;
274746677;Pataks Butter Chicken Cooking Sauce 450G;£1.75;£0.39/100g;Cooking Sauces & Meal Kits;Indian Sauces & Accompaniments;133;1.2;null;null;10.5;null;null;0.72;
272689494;Patak's Tikka Masala Paste 165G;£1.69;£1.03/100g;Cooking Sauces & Meal Kits;Indian Sauces & Accompaniments;307;3.4;null;null;22.7;null;5.9;4.73;
258423473;Pataks Korma Curry Paste 290G;£1.28;£0.44/100g;Cooking Sauces & Meal Kits;Indian Sauces & Accompaniments;227;3.1;null;null;15.4;null;6.0;4.76;
274747250;Pataks Jalfrezi Cooking Sauce 450G;£1.75;£0.39/100g;Cooking Sauces & Meal Kits;Indian Sauces & Accompaniments;97;1.1;null;null;6.0;null;null;0.72;
274747492;Pataks Mild Korma Sauce 450G;£1.75;£0.39/100g;Cooking Sauces & Meal Kits;Indian Sauces & Accompaniments;163;1.3;null;null;12.7;null;null;0.72;
277095111;Patak's Spice Sensations Jalfrezi 285G;£1.39;£0.49/100g;Cooking Sauces & Meal Kits;Indian Sauces & Accompaniments;94;1.5;null;null;6.2;null;null;0.77;
274739663;Pataks Medium Balti Sauce 450G;£1.75;£0.39/100g;Cooking Sauces & Meal Kits;Indian Sauces & Accompaniments;84;1.1;null;null;5.3;null;null;0.76;
274747958;Pataks Medium Hot Rogan Josh Sauce 450G;£1.75;£0.39/100g;Cooking Sauces & Meal Kits;Indian Sauces & Accompaniments;68;1.1;null;null;3.3;null;null;0.72;
252355211;Pataks Tikka Masala Paste Medium 283G;£1.28;£0.45/100g;Cooking Sauces & Meal Kits;Indian Sauces & Accompaniments;307;3.4;null;null;22.7;null;5.9;4.73;
254869435;Pataks Madras Curry Paste Medium Hot Jar 283G;£1.28;£0.45/100g;Cooking Sauces & Meal Kits;Indian Sauces & Accompaniments;296;4.6;null;null;24.9;null;9.9;4.89;
274747676;Pataks Madras Sauce 450G;£1.75;£0.39/100g;Cooking Sauces & Meal Kits;Indian Sauces & Accompaniments;86;1.5;null;null;5.3;null;null;0.73;
257302946;Pataks Jalfrezi Curry Paste 283G;£1.28;£0.45/100g;Cooking Sauces & Meal Kits;Indian Sauces & Accompaniments;323;3.2;null;null;26.9;null;6.4;3.32;
250526456;Sharwoods Jalfrezi Sauce 420G;£1.75;£0.42/100g;Cooking Sauces & Meal Kits;Indian Sauces & Accompaniments;null;1.4;5.8;null;5.5;null;2.2;0.95;
277073270;Tesco Biryani Cooking Sauce 500G;£0.98;£0.20/100g;Cooking Sauces & Meal Kits;Indian Sauces & Accompaniments;115;1.8;null;7.7;6.7;1.4;1.8;0.7;
272630166;Tesco Finest Madras Cooking Sauce 350G;£1.99;£0.57/100g;Cooking Sauces & Meal Kits;Indian Sauces & Accompaniments;93;1.6;null;4.5;6.0;1.6;2.6;0.7;
252550106;Tesco Balti Mild Sauce 500G;£0.98;£0.20/100g;Cooking Sauces & Meal Kits;Indian Sauces & Accompaniments;48;1.5;null;3.2;1.7;0.1;1.5;0.6;
250526427;Sharwoods Korma Sauce Mild 420G;£1.75;£0.42/100g;Cooking Sauces & Meal Kits;Indian Sauces & Accompaniments;null;1.7;11.7;null;7.7;null;1.3;0.74;
273960361;Sharwoods Tikka Creamy 420G;£1.75;£0.42/100g;Cooking Sauces & Meal Kits;Indian Sauces & Accompaniments;null;1.5;10.1;null;6.6;null;1.2;0.83;
277043968;Sharwoods Dopiaza 420G;£1.75;£0.42/100g;Cooking Sauces & Meal Kits;Indian Sauces & Accompaniments;null;1.7;6.2;null;7.0;null;2.4;0.80;
260361341;Tesco Finest Jalfrezi Cooking Sauce 350G;£1.99;£0.57/100g;Cooking Sauces & Meal Kits;Indian Sauces & Accompaniments;72;1.1;null;4.4;3.9;1.1;1.9;0.6;
267641569;Tesco Finest Balti Cooking Sauce 350G;£1.99;£0.57/100g;Cooking Sauces & Meal Kits;Indian Sauces & Accompaniments;76;1.2;null;5.8;3.8;0.3;1.5;0.5;
277043162;Sharwoods Butter Chicken 420G;£1.75;£0.42/100g;Cooking Sauces & Meal Kits;Indian Sauces & Accompaniments;null;1.0;6.9;null;7.5;null;1.1;0.78;
282855357;Tesco Everyday Value Curry Sauce 440G;£0.25;£0.06/100g;Cooking Sauces & Meal Kits;Indian Sauces & Accompaniments;null;null;null;null;null;null;null;null;
272619532;Sharwoods Tikka Extra Onion 420G;£1.75;£0.42/100g;Cooking Sauces & Meal Kits;Indian Sauces & Accompaniments;82;1.6;null;null;4.1;null;0.7;null;
250544797;Sharwoods Rogan Josh Medium Sauce 420G;£1.75;£0.42/100g;Cooking Sauces & Meal Kits;Indian Sauces & Accompaniments;null;1.6;5.4;null;4.8;null;2.2;0.68;
258029312;Sharwoods Bhuna Medium Sauce 420G;£1.75;£0.42/100g;Cooking Sauces & Meal Kits;Indian Sauces & Accompaniments;null;1.4;6.3;null;4.5;null;2.2;0.88;
250545047;Sharwoods Tikka Masala Mild-Med Sauce 420G;£1.75;£0.42/100g;Cooking Sauces & Meal Kits;Indian Sauces & Accompaniments;null;1.7;8.3;null;6.5;null;1.7;0.69;
250545272;Sharwoods Spicy Tikka Masala Medium Hot Sauce 420G;£1.75;£0.42/100g;Cooking Sauces & Meal Kits;Indian Sauces & Accompaniments;null;1.7;8.3;null;6.5;null;1.7;0.70;
260000268;Sharwoods Tikka Masala With Saag 420G;£1.75;£0.42/100g;Cooking Sauces & Meal Kits;Indian Sauces & Accompaniments;null;1.5;9.1;null;6.0;null;1.7;0.85;
265377378;Sharwoods Goan Vindaloo Curry Sauce 420G;£1.75;£0.42/100g;Cooking Sauces & Meal Kits;Indian Sauces & Accompaniments;null;1.4;6.3;null;6.8;null;2.0;0.83;
268509962;Tesco Butter Chicken 500G;£0.98;£0.20/100g;Cooking Sauces & Meal Kits;Indian Sauces & Accompaniments;126;0.5;null;4.1;9.9;5.0;0.8;0.7;
252583211;Sharwoods Madras Sauce 420G;£1.75;£0.42/100g;Cooking Sauces & Meal Kits;Indian Sauces & Accompaniments;null;1.3;6.5;null;4.4;null;2.1;0.85;
277017050;The Spice Tailor Original Tikka Masala 300G;£2.89;£0.96/100g;Cooking Sauces & Meal Kits;Indian Sauces & Accompaniments;152;2.3;null;null;11.2;null;1.6;1.6;
280364342;Tesco Korma Curry Paste 200G;£1.39;£0.70/100g;Cooking Sauces & Meal Kits;Indian Sauces & Accompaniments;220;3.4;null;10.9;13.0;5.3;4.1;1.6;
252547641;Tesco Tikka Masala Cooking Sauce 500G;£0.98;£0.20/100g;Cooking Sauces & Meal Kits;Indian Sauces & Accompaniments;125;1.3;null;5.6;7.9;2.3;0.8;null;
252548070;Tesco Korma Cooking Sauce 500G;£0.98;£0.20/100g;Cooking Sauces & Meal Kits;Indian Sauces & Accompaniments;134;1.2;null;6.6;9.3;7.4;1.8;0.8;
252548818;Tesco Rogan Josh Cooking Sauce 500G;£0.98;£0.20/100g;Cooking Sauces & Meal Kits;Indian Sauces & Accompaniments;75;1.1;null;4.9;4.2;0.3;1.6;0.7;
260361197;Tesco Finest Royal Korma 350G;£1.99;£0.57/100g;Cooking Sauces & Meal Kits;Indian Sauces & Accompaniments;124;1.7;null;5.9;8.3;5.2;1.7;0.6;
277017159;The Spice Tailor Keralan Coconut Curry 225G;£2.89;£1.29/100g;Cooking Sauces & Meal Kits;Indian Sauces & Accompaniments;215;2.9;null;null;19.1;null;1.6;1.1;
282843095;The Spice Tailor M/Lore Herb Cury 225G;£2.89;£1.29/100g;Cooking Sauces & Meal Kits;Indian Sauces & Accompaniments;155;2.8;null;null;12.1;null;2.8;1.9;
272657561;Tesco Hot Tikka Masala Cooking Sauce 500G;£0.98;£0.20/100g;Cooking Sauces & Meal Kits;Indian Sauces & Accompaniments;110;1.3;null;5.2;7.0;2.2;0.7;0.7;
277017482;The Spice Tailor Delicate Korma Curry 300G;£2.89;£0.96/100g;Cooking Sauces & Meal Kits;Indian Sauces & Accompaniments;206;3.3;null;null;16.8;null;1.2;1.2;
256306546;Tesco Tikka Masala Cooking Sauce 715G;£1.40;£0.20/100g;Cooking Sauces & Meal Kits;Indian Sauces & Accompaniments;125;1.3;null;5.6;7.9;2.3;0.8;null;
252548507;Tesco Jalfrezi Sauce 500G;£0.98;£0.20/100g;Cooking Sauces & Meal Kits;Indian Sauces & Accompaniments;95;1.6;null;4.1;6.9;0.6;2.6;1.3;
281443921;Tesco Healthy Living Tikka Masala Cooking Sauce 500G;£0.98;£0.20/100g;Cooking Sauces & Meal Kits;Indian Sauces & Accompaniments;62;0.4;null;5.1;2.5;1.1;0.7;0.5;
252548450;Tesco Madras Cooking Sauce 500G;£0.98;£0.20/100g;Cooking Sauces & Meal Kits;Indian Sauces & Accompaniments;88;1.3;null;4.6;5.8;0.5;2.9;0.8;
260361116;Tesco Finest Tikka Masala 350G;£1.99;£0.57/100g;Cooking Sauces & Meal Kits;Indian Sauces & Accompaniments;113;1.7;null;7.4;6.3;1.9;2.6;0.6;
277074136;Tesco Vindaloo Cooking Sauce 500G;£0.98;£0.20/100g;Cooking Sauces & Meal Kits;Indian Sauces & Accompaniments;85;1.6;null;7.1;3.9;0.3;3.3;0.7;
282843008;The Spice Tailor Pnjbi Tomato Curry 300G;£2.89;£0.96/100g;Cooking Sauces & Meal Kits;Indian Sauces & Accompaniments;130;2.2;null;null;9.3;null;2.9;1.7;
280364250;Tesco Tikka Curry Paste 200G;£1.39;£0.70/100g;Cooking Sauces & Meal Kits;Indian Sauces & Accompaniments;145;2.8;null;7.0;8.3;2.4;4.9;1.0;
281441946;Tesco Healthy Living Vegetable Rogan Josh Cooking Sauce 500G;£0.98;£0.20/100g;Cooking Sauces & Meal Kits;Indian Sauces & Accompaniments;31;0.9;null;2.5;0.5;0;1.4;0.4;
253432078;Tesco Korma Cooking Sauce 715G;£1.40;£0.20/100g;Cooking Sauces & Meal Kits;Indian Sauces & Accompaniments;134;1.2;null;6.6;9.3;7.4;1.8;0.8;
282842954;The Spice Tailor Southn Pepper Cury 300G;£2.89;£0.96/100g;Cooking Sauces & Meal Kits;Indian Sauces & Accompaniments;167;2.4;null;null;13.0;null;3.8;2.2;
274149232;Sharwoods 4 Mini Naan Garlic And Coriander 160G;£1.99;£1.25/100g;Cooking Sauces & Meal Kits;Indian Sauces & Accompaniments;null;7.8;47.4;null;7.5;null;3.3;0.74;
256380681;Pataks Plain Chapattis 6'S;£1.39;£0.23/each;Cooking Sauces & Meal Kits;Indian Sauces & Accompaniments;736kJ / 1226kJ /;5.3;null;null;5.4;null;3.4;null;
253804451;Pataks 10 Papadums Plain 100G;£2.19;£21.90/kg;Cooking Sauces & Meal Kits;Indian Sauces & Accompaniments;286;20.1;null;null;0.8;null;9.6;null;
258482350;Pataks Ready To Eat Garlic And Coriander Papadums 80G;£1.99;£24.88/kg;Cooking Sauces & Meal Kits;Indian Sauces & Accompaniments;434;19.2;null;null;21.5;null;3.4;null;
277017504;The Spice Tailor Rustic Rogan Josh 300G;£2.89;£0.96/100g;Cooking Sauces & Meal Kits;Indian Sauces & Accompaniments;169;2.7;null;null;13.4;null;2.0;1.2;
284860923;Uncle Ben's Thai Coconut Curry Sauce 450G;£1.79;£0.40/100g;Cooking Sauces & Meal Kits;Indian Sauces & Accompaniments;121;1.4;null;null;6.9;null;null;0.81;
284862299;Uncle Ben's Medium Curry Sauce 440G;£1.00;£0.23/100g;Cooking Sauces & Meal Kits;Indian Sauces & Accompaniments;88;0.8;null;null;4.5;null;null;0.80;
259425204;Sharwoods 2 Large Plain Naan Bread 260G;£1.79;£6.89/kg;Cooking Sauces & Meal Kits;Indian Sauces & Accompaniments;null;8.2;44.2;null;6.2;null;3.8;0.71;
258152424;Sharwoods Garlic Coriander Naans 2'S;£1.79;£6.89/kg;Cooking Sauces & Meal Kits;Indian Sauces & Accompaniments;null;7.8;47.4;null;7.5;null;3.3;0.74;
250523085;Pataks Garlic And Coriander Naan Bread 2';£1.69;£0.85/each;Cooking Sauces & Meal Kits;Indian Sauces & Accompaniments;298;7.9;null;null;7.8;null;4.5;0.73;
282842856;The Spice Tailor Spiced Spinach Curry 300G;£2.89;£0.96/100g;Cooking Sauces & Meal Kits;Indian Sauces & Accompaniments;116;2.3;null;null;9.4;null;2.3;1.7;
252300530;Sharwoods 4 Mini Plain Naan 160G;£1.99;£12.44/kg;Cooking Sauces & Meal Kits;Indian Sauces & Accompaniments;null;8.2;44.2;null;6.2;null;3.8;0.71;
250506912;Pataks Plain Naan Bread 2';£1.69;£0.85/each;Cooking Sauces & Meal Kits;Indian Sauces & Accompaniments;313;7.7;null;null;5.4;null;5.2;0.78;
284861006;Uncle Ben's Korma Sauce 450G;£1.00;£0.22/100g;Cooking Sauces & Meal Kits;Indian Sauces & Accompaniments;107;0.9;null;null;5.9;null;null;0.81;
250490888;Pataks Creamed Coconut Sachets 200G;£1.20;£6.00/kg;Cooking Sauces & Meal Kits;Indian Sauces & Accompaniments;694;7.2;null;null;67.0;null;null;null;
284861012;Uncle Ben's Tikka Masala Sauce 450G;£1.00;£0.22/100g;Cooking Sauces & Meal Kits;Indian Sauces & Accompaniments;88;1.5;null;null;4.5;null;null;0.77;
255097338;Pataks Spiced Ready To Eat Papadums 8'S;£1.99;£0.25/each;Cooking Sauces & Meal Kits;Indian Sauces & Accompaniments;null;1.8;null;null;2.3;null;0.8;0.36;
253289529;Pataks Assorted Mini Papadums 75G;£1.79;£23.87/kg;Cooking Sauces & Meal Kits;Indian Sauces & Accompaniments;467;18.0;null;null;24.8;null;8.3;4.15;
257413982;Geeta's Mango Chutney 320G;£1.49;£4.66/kg;Cooking Sauces & Meal Kits;Indian Sauces & Accompaniments;215 kJ 1075 kJ;0.2;null;null;Trace;null;0.2;0.4;
254865566;Sharwoods Green Label Mango Chutney 227G;£1.59;£7.01/kg;Cooking Sauces & Meal Kits;Indian Sauces & Accompaniments;null;0.3;59.5;null;0.1;null;0.4;2.9;
282615141;Tesco Mango And Kashmiri Chilli Dip 175G;£1.00;£0.57/100g;Cooking Sauces & Meal Kits;Indian Sauces & Accompaniments;186;0.3;null;41.3;0.3;0.1;1.6;1.0;
281069713;Tesco Reduced Fat Plain Naan 220G;£0.99;£0.45/100g;Cooking Sauces & Meal Kits;Indian Sauces & Accompaniments;246;7.8;null;1.8;1.9;0.2;2.5;0.8;
285583564;Tesco Plain Papadums 8Pk 64G;£1.40;£2.19/100g;Cooking Sauces & Meal Kits;Indian Sauces & Accompaniments;423;22.0;null;2.4;16.5;1.5;11.8;3.2;
278104918;Tesco Peshwari Naan Breads 2 Pack;£0.99;£0.50/each;Cooking Sauces & Meal Kits;Indian Sauces & Accompaniments;309;6.7;null;9.1;10.2;3.2;3.1;0.7;
266838195;Tesco Plain Naans 2 Pack;£0.99;£0.38/100g;Cooking Sauces & Meal Kits;Indian Sauces & Accompaniments;273;7.2;null;3.5;6.6;0.9;3.0;0.8;
276867473;Sharwoods Mini Naan Peshwari 160G;£1.99;£1.25/100g;Cooking Sauces & Meal Kits;Indian Sauces & Accompaniments;null;7.2;46.0;null;7.1;null;4.8;0.71;
276887230;Sharwoods Papadums Garlic And Coriander 8 Pack;£1.79;£0.22/each;Cooking Sauces & Meal Kits;Indian Sauces & Accompaniments;null;19.2;40.9;null;18.9;null;8.1;4.77;
276826741;Sharwoods Lime Pickle 300G;£1.99;£0.66/100g;Cooking Sauces & Meal Kits;Indian Sauces & Accompaniments;null;1.3;5.6;null;5.5;null;5.5;10.8;
250250637;Sharwoods Peshwari Naans 180G;£1.79;£0.99/100g;Cooking Sauces & Meal Kits;Indian Sauces & Accompaniments;null;7.2;46.0;null;7.1;null;4.8;0.71;
266837858;Tesco Garlic/Coriander Naan 2 Pack 260G;£0.99;£0.38/100g;Cooking Sauces & Meal Kits;Indian Sauces & Accompaniments;283;7.5;null;3.5;4.6;0.5;3.3;0.7;
276887397;Sharwoods Papadums Chilli And Cumin 8 Pack;£1.79;£0.22/each;Cooking Sauces & Meal Kits;Indian Sauces & Accompaniments;null;18.7;38.6;null;22.9;null;8.6;3.69;
277074073;Tesco Saag Aloo 295G;£1.19;£4.04/kg;Cooking Sauces & Meal Kits;Indian Sauces & Accompaniments;94;1.8;null;2.6;6.8;1.6;2.3;0.9;
263625653;Tesco Mango Chutney 230G;£1.00;£4.35/kg;Cooking Sauces & Meal Kits;Indian Sauces & Accompaniments;242;0.2;null;54.2;0.3;0.1;0.6;2.5;
272599254;Tesco Finest Mango Chutney 210G;£1.49;£7.10/kg;Cooking Sauces & Meal Kits;Indian Sauces & Accompaniments;270;0.4;null;48.5;0.7;0.2;1.1;null;
282615129;Tesco Mint And Cucumber Raita Dip 150G;£1.00;£6.67/kg;Cooking Sauces & Meal Kits;Indian Sauces & Accompaniments;null;null;null;null;null;null;null;null;
252298658;Sharwoods Green Label Mango Chutney 530G;£2.49;£4.70/kg;Cooking Sauces & Meal Kits;Indian Sauces & Accompaniments;null;0.3;59.5;null;0.1;null;0.4;2.9;
266838229;Tesco Everyday Value Plain Naan Breads 2 Pack 260G;£0.55;£2.12/kg;Cooking Sauces & Meal Kits;Indian Sauces & Accompaniments;270;7.3;null;2.0;4.9;0.5;2.4;0.8;
259424482;Sharwoods Ready To Cook Plain Papadums 8 Pack;£1.79;£0.22/each;Cooking Sauces & Meal Kits;Indian Sauces & Accompaniments;32;2.6;null;null;Trace;null;1.2;null;
254945783;Sharwoods Ready To Eat Papadums 8 Pack;£1.79;£0.22/each;Cooking Sauces & Meal Kits;Indian Sauces & Accompaniments;null;18.9;38.6;null;19.1;null;9.5;4.60;
277073425;Tesco Sauce For Bombay Potatoes 300G;£1.19;£0.40/100g;Cooking Sauces & Meal Kits;Indian Sauces & Accompaniments;109;1.0;null;7.1;6.8;0.5;2.8;0.7;
282614977;Tesco Tomato, Onion And Mint Dip 155G;£1.00;£0.65/100g;Cooking Sauces & Meal Kits;Indian Sauces & Accompaniments;89;1.2;null;17.9;0.3;0.1;2.3;0.6;
252579128;Tesco Spicy Mango Chutney 230G;£1.00;£4.35/kg;Cooking Sauces & Meal Kits;Indian Sauces & Accompaniments;250;0.4;null;58.8;0.6;0.1;0.5;null;
252578918;Tesco Spicy Lime Pickle 200G;£1.09;£5.45/kg;Cooking Sauces & Meal Kits;Indian Sauces & Accompaniments;168;1.9;null;2.9;12.2;0.8;5.4;7.1;
282615066;Tesco Tarka Dahl 295G;£1.09;£0.37/100g;Cooking Sauces & Meal Kits;Indian Sauces & Accompaniments;85;2.1;null;6.1;3.8;0.7;3.4;0.7;
267668647;Loyd Grossman Classic Chilli 350G;£2.09;£0.60/100g;Cooking Sauces & Meal Kits;Mexican Sauces & Kits;null;2.2;8.9;null;3.0;null;1.3;0.82;
277182359;Old El Paso Chilli And Garlic Rice Kit 355G;£2.00;£0.56/100g;Cooking Sauces & Meal Kits;Mexican Sauces & Kits;207 ;4.7;null;null;1.1;null;2.8;2.64;
251975884;Old El Paso Chilli Con Carne Spice Mix 39G;null;null;Cooking Sauces & Meal Kits;Mexican Sauces & Kits;280 ;6.0;null;null;4.2;null;5.2;22.80;
258049806;Homepride Jar Chilli Cook In Sauce 500G;£1.20;£0.24/100g;Cooking Sauces & Meal Kits;Mexican Sauces & Kits;58;1.6;11.1;null;0.5;null;1.6;0.71;
272651884;Old El Paso Barbecue Enchilada Kit 470G;£3.19;£0.68/100g;Cooking Sauces & Meal Kits;Mexican Sauces & Kits;271 ;7.0;null;null;6.8;null;2.3;2.15;
277418727;Old El Paso Chilli Tortilla Chips 200G;£1.65;£0.83/100g;Cooking Sauces & Meal Kits;Mexican Sauces & Kits;470 ;6.3;null;null;19.0;null;4.4;null;
258808531;Old El Paso Flour Tortillas 8'S 326G;£1.40;£0.43/100g;Cooking Sauces & Meal Kits;Mexican Sauces & Kits;299 ;8.5;null;null;5.2;null;1.9;1.00;
277183623;Old El Paso Enchilada Family Kit 995G;£3.79;£0.38/100g;Cooking Sauces & Meal Kits;Mexican Sauces & Kits;189 ;5.7;null;null;2.9;null;3.5;1.16;
275006354;Old El Paso Extra Mild Tortilla Bake Kit 579G;£3.19;£0.55/100g;Cooking Sauces & Meal Kits;Mexican Sauces & Kits;241 ;5.8;null;null;7.5;null;2.6;1.13;
265823628;Old El Paso Family Size Tortilla 12 Pack;£2.05;£0.42/100g;Cooking Sauces & Meal Kits;Mexican Sauces & Kits;6% -;7%;null;null;4%;null;3%;null;
260527060;Old El Paso Fajita Cooking Barbecue Sauce 395G;£1.88;£0.48/100g;Cooking Sauces & Meal Kits;Mexican Sauces & Kits;42 ;1.3;null;null;0.5;null;2.7;0.95;
265461975;Old El Paso Corn Tortillas 335G;£1.40;£0.42/100g;Cooking Sauces & Meal Kits;Mexican Sauces & Kits;300 ;8.6;null;null;4.8;null;2.8;1.00;
267681008;Old El Paso Crispyckn Fajita Spice Mix 85G;£0.89;£1.05/100g;Cooking Sauces & Meal Kits;Mexican Sauces & Kits;357 ;11.0;null;null;2.4;null;5.9;3.77;
266382462;Old El Paso Burrito Dinner Kit 500G;£3.19;£0.52/100g;Cooking Sauces & Meal Kits;Mexican Sauces & Kits;186 ;5.9;null;null;3.2;null;3.1;1.16;
287740442;Old El Paso Crunchy Taco Kit 308G;£3.19;£1.04/100g;Cooking Sauces & Meal Kits;Mexican Sauces & Kits;300 ;3.9;null;null;14.2;null;2.7;1.88;
279878743;Old El Paso Flour Tortilla Twin Pack 326G;£1.69;£0.52/100g;Cooking Sauces & Meal Kits;Mexican Sauces & Kits;299 ;8.5;null;null;5.2;null;1.9;1.00;
283522312;Old El Paso Extra Mild S&S Soft Taco Kit 329G;£3.79;£1.16/100g;Cooking Sauces & Meal Kits;Mexican Sauces & Kits;244 ;6.0;null;null;7.3;null;2.9;2.42;
283522214;Old El Paso Garlic And Paprika S&S Soft Taco Kit 345G;£3.79;£1.10/100g;Cooking Sauces & Meal Kits;Mexican Sauces & Kits;213 ;5.7;null;null;4.5;null;2.3;2.22;
270966100;Uncle Bens Rice Time Mexican Chilli 300G;£0.99;£3.30/kg;Cooking Sauces & Meal Kits;Mexican Sauces & Kits;111;2.5;null;null;0.5;null;1.4;0.43;
263723053;Old El Paso Crispy Fajita Dinner Kit 555G;£3.19;£0.58/100g;Cooking Sauces & Meal Kits;Mexican Sauces & Kits;241 ;7.0;null;null;3.6;null;2.6;1.47;
256209483;Old El Paso Large Tortillas 6'S 350G;£1.40;£0.40/100g;Cooking Sauces & Meal Kits;Mexican Sauces & Kits;299 ;8.5;null;null;5.2;null;1.9;1.00;
256090557;Old El Paso Green Jalapenos 215G;£1.35;£1.18/100g;Cooking Sauces & Meal Kits;Mexican Sauces & Kits;24 ;1.3;null;null;0.3;null;1.4;1.08;
265780741;Old El Paso Smoky Barbecue Family Fajita Kit 750G;£3.79;£5.06/kg;Cooking Sauces & Meal Kits;Mexican Sauces & Kits;224 ;6.4;null;null;3.7;null;2.0;2.07;
265431356;Old El Paso Smoky Barbecue Fajita Dinner Kit 500G;£2.00;£0.40/100g;Cooking Sauces & Meal Kits;Mexican Sauces & Kits;224 ;6.4;null;null;3.7;null;2.0;2.07;
258808646;Old El Paso Mild Salsa 226G;£1.59;£0.70/100g;Cooking Sauces & Meal Kits;Mexican Sauces & Kits;39 ;1.3;null;null;0.5;null;2.4;1.18;
277419110;Old El Paso Salted Tortilla Chips 200G;£1.65;£0.83/100g;Cooking Sauces & Meal Kits;Mexican Sauces & Kits;466 ;5.7;null;null;20.2;null;4.1;0.32;
272652065;Old El Paso Squeezy Chunky Guacamole 295G;£1.99;£0.68/100g;Cooking Sauces & Meal Kits;Mexican Sauces & Kits;96 ;1.3;null;null;6.3;null;2.4;0.98;
272657440;Old El Paso Mini Tortillas 220G;£1.39;£0.63/100g;Cooking Sauces & Meal Kits;Mexican Sauces & Kits;299 ;8.5;null;null;5.2;null;1.9;1.00;
259062728;Old El Paso Nachips 200G;£1.65;£0.83/100g;Cooking Sauces & Meal Kits;Mexican Sauces & Kits;466 ;5.7;null;null;20.2;null;4.1;0.32;
272651947;Old El Paso Squeezy Chunky Salsa 295G;£1.99;£0.68/100g;Cooking Sauces & Meal Kits;Mexican Sauces & Kits;44 ;1.4;null;null;0.5;null;2.1;1.38;
258808738;Old El Paso Hot Salsa 226G;£1.59;£0.70/100g;Cooking Sauces & Meal Kits;Mexican Sauces & Kits;39 ;1.3;null;null;0.5;null;2.4;1.18;
259986841;Old El Paso Quesadilla Dinner Kit 505G;£3.19;£0.63/100g;Cooking Sauces & Meal Kits;Mexican Sauces & Kits;224 ;6.6;null;null;3.4;null;2.7;2.25;
283522252;Old El Paso Smokey Barbecue S&S Soft Taco Kit 329G;£3.79;£1.09/100g;Cooking Sauces & Meal Kits;Mexican Sauces & Kits;213 ;5.6;null;null;4.2;null;2.0;2.44;
272651826;Old El Paso Red Jalepenos 215G;£1.35;£0.63/100g;Cooking Sauces & Meal Kits;Mexican Sauces & Kits;24 ;1.3;null;null;0.3;null;1.4;1.08;
253836073;Old El Paso Refried Beans 435G;£1.36;£0.31/100g;Cooking Sauces & Meal Kits;Mexican Sauces & Kits;86 ;5.3;null;null;0.5;null;5.5;1.20;
277184893;Old El Paso Lime And Coriander Rice Kit 355G;£3.19;£0.90/100g;Cooking Sauces & Meal Kits;Mexican Sauces & Kits;228 ;4.4;null;null;4.8;null;1.7;2.58;
252634440;Old El Paso Nachos Kit 520G;£3.19;£0.61/100g;Cooking Sauces & Meal Kits;Mexican Sauces & Kits;226 ;4.0;null;null;8.1;null;3.7;0.97;
251505071;Old El Paso Smoky Barbecue Fajita Spice Mix 35G;£0.89;£2.55/100g;Cooking Sauces & Meal Kits;Mexican Sauces & Kits;289 ;7.5;null;null;2.2;null;1.6;18.00;
267073786;Old El Paso Mild Fajita Dinner Kit 476G;£3.19;£0.67/100g;Cooking Sauces & Meal Kits;Mexican Sauces & Kits;256 ;6.6;null;null;6.1;null;2.4;1.57;
265431873;Old El Paso Roasted Tomt&Pepr Fajita Spice Mix 30G;£0.89;£2.97/100g;Cooking Sauces & Meal Kits;Mexican Sauces & Kits;323 ;9.2;null;null;5.0;null;4.3;12.00;
283168397;Santa Maria Chilli Con Carne Seasoning 30G;£0.50;£1.67/100g;Cooking Sauces & Meal Kits;Mexican Sauces & Kits;237;11.1;null;null;5.7;null;null;22.8;
280621652;Old El Paso Squeezy Red Jalapeno 320G;£1.99;£0.62/100g;Cooking Sauces & Meal Kits;Mexican Sauces & Kits;133 ;1.0;null;null;0.5;null;1.5;0.41;
265431504;Old Elpaso Tomato &/Pepr Fajita Dinner Kit 500G;£3.19;£0.64/100g;Cooking Sauces & Meal Kits;Mexican Sauces & Kits;229 ;6.6;null;null;4.0;null;2.6;1.90;
279878604;Old El Paso Whole Wheat Tortilla 326G;£1.69;£0.52/100g;Cooking Sauces & Meal Kits;Mexican Sauces & Kits;286 ;8.3;null;null;6.0;null;6.4;1.00;
265434242;Oldelpaso Cheesy Baked Enchilada Dinner Kit 663G;£2.00;£0.30/100g;Cooking Sauces & Meal Kits;Mexican Sauces & Kits;189 ;5.7;null;null;2.9;null;3.5;1.16;
283522139;Old El Paso Stand And Stuff Tortillas 193G;£1.89;£0.98/100g;Cooking Sauces & Meal Kits;Mexican Sauces & Kits;313 ;8.3;null;null;7.2;null;2.7;1.00;
283131348;Santa Maria Cheese Dip Seasoning 26G;£0.99;£3.81/100g;Cooking Sauces & Meal Kits;Mexican Sauces & Kits;368;11;null;null;11;null;null;13;
283149846;Santa Maria Chilli Season And Sauce 377G;£2.29;£0.61/100g;Cooking Sauces & Meal Kits;Mexican Sauces & Kits;77;3.9;null;null;0.4;null;null;1.5;
287740750;Old Elpaso Stand N'stuff Taco Dinner Kit 312G;£3.19;£1.03/100g;Cooking Sauces & Meal Kits;Mexican Sauces & Kits;303 ;3.9;null;null;14.4;null;2.7;1.86;
283170779;Santa Maria Classic Mexican Salsa Medium 230G;£1.00;£0.44/100g;Cooking Sauces & Meal Kits;Mexican Sauces & Kits;36;1.5;null;null;0.2;null;null;1.0;
283132474;Santa Maria Classic Mexican Salsa Hot 230G;£1.00;£0.44/100g;Cooking Sauces & Meal Kits;Mexican Sauces & Kits;38;1.5;null;null;0.6;null;null;1.0;
283131711;Santa Maria Chunky Salsa Dip 205G;£2.29;£1.12/100g;Cooking Sauces & Meal Kits;Mexican Sauces & Kits;174 kJ/ -;1.6;null;null;0.7;null;null;0.9;
283161358;Santa Maria Fajita Kit 470G;£2.00;£0.43/100g;Cooking Sauces & Meal Kits;Mexican Sauces & Kits;null;5.9;null;null;4.6;null;null;4.0;
280611148;Old El Paso Squeezy Sweetcorn Relish 285G;£1.99;£0.70/100g;Cooking Sauces & Meal Kits;Mexican Sauces & Kits;110 ;1.1;null;null;0.8;null;1.6;0.67;
283150112;Santa Maria Enchilada Season And Sauce 352G;£2.29;£0.65/100g;Cooking Sauces & Meal Kits;Mexican Sauces & Kits;57;1.5;null;null;3.4;null;null;1.5;
283132595;Santa Maria Classic Mexican Salsa Mild 230G;£1.00;£0.44/100g;Cooking Sauces & Meal Kits;Mexican Sauces & Kits;38;1.4;null;null;0.3;null;null;1.1;
265434265;Old El Paso Taco Shells 156G;£1.54;£0.99/100g;Cooking Sauces & Meal Kits;Mexican Sauces & Kits;509 ;5.4;null;null;27.0;null;3.6;0.05;
287740928;Old El Paso Taco Spice Mix 25G;£0.89;£3.56/100g;Cooking Sauces & Meal Kits;Mexican Sauces & Kits;306 ;8.9;null;null;6.1;null;6.6;18.00;
283087855;Santa Maria Enchilada Seasoning 30G;£0.50;£1.67/100g;Cooking Sauces & Meal Kits;Mexican Sauces & Kits;272;11.7;null;null;7.2;null;null;18.0;
272652111;Old El Paso Squeezy Sour Cream 285G;£1.99;£0.70/100g;Cooking Sauces & Meal Kits;Mexican Sauces & Kits;167 ;1.1;null;null;14.8;null;0.5;0.11;
283149944;Santa Maria Fajita Seasoning And Sauce Medium 372G;£2.29;£0.62/100g;Cooking Sauces & Meal Kits;Mexican Sauces & Kits;63;1.3;null;null;1.5;null;null;1.5;
283169102;Santa Maria Fajita Stir In Sauce Medium 100G;£1.39;£1.39/100g;Cooking Sauces & Meal Kits;Mexican Sauces & Kits;559kJ/ 140kJ/;2.5;null;null;5.9;null;null;1.3;
283150423;Santa Maria Red Jalapenos 200G;£1.00;£1.12/100g;Cooking Sauces & Meal Kits;Mexican Sauces & Kits;72;0.7;null;null;0.3;null;null;4.3;
283171127;Santa Maria Garlic Salsa 230G;£1.89;£0.82/100g;Cooking Sauces & Meal Kits;Mexican Sauces & Kits;30;1.3;null;null;0.3;null;null;1.3;
283170969;Santa Maria Pineapple Salsa 230G;£1.89;£0.82/100g;Cooking Sauces & Meal Kits;Mexican Sauces & Kits;54;0.7;null;null;0.1;null;null;0.6;
283163402;Santa Maria Garlic And Herb Soured Cream Topping 280G;£2.09;£0.75/100g;Cooking Sauces & Meal Kits;Mexican Sauces & Kits;171;2.6;null;null;15.0;null;null;0.95;
283162017;Santa Maria Spicy Refried Beans 215G;£0.99;£0.46/100g;Cooking Sauces & Meal Kits;Mexican Sauces & Kits;91;6.3;null;null;0.7;null;null;0.91;
283169062;Santa Maria Fajita Stir In Sauce Mild 100G;£1.39;£1.39/100g;Cooking Sauces & Meal Kits;Mexican Sauces & Kits;647kJ/ 162kJ/;2.4;null;null;9.6;null;null;1.2;
283169252;Santa Maria Fajita Seasoning Mix Hot 30G;£0.50;£1.67/100g;Cooking Sauces & Meal Kits;Mexican Sauces & Kits;280;9.8;null;null;4.5;null;null;14.2;
283054693;Santa Maria Hss Nacho Cheese Spice 13G;£0.70;£5.39/100g;Cooking Sauces & Meal Kits;Mexican Sauces & Kits;null;null;null;null;null;null;null;null;
283169762;Santa Maria Plain Flour Soft Tortillas 320G;£1.00;£0.31/100g;Cooking Sauces & Meal Kits;Mexican Sauces & Kits;1245kJ 500kJ;7.5;null;null;6.3;null;null;3.0;
283168558;Santa Maria Fajita Seasoning Mix Mild 30G;£0.50;£1.67/100g;Cooking Sauces & Meal Kits;Mexican Sauces & Kits;269;8.2;null;null;4.4;null;null;21.0;
283150285;Santa Maria Green Jalapenos 200G;£1.00;£1.12/100g;Cooking Sauces & Meal Kits;Mexican Sauces & Kits;16;0.4;null;null;0.9;null;null;5.4;
283170693;Santa Maria Preservative Free Tortillas 320G;£1.59;£0.50/100g;Cooking Sauces & Meal Kits;Mexican Sauces & Kits;1270kJ 509kJ;7.3;null;null;7.2;null;null;2.7;
283168452;Santa Maria Fajita Seasoning Mix Medium 30G;£0.50;£1.67/100g;Cooking Sauces & Meal Kits;Mexican Sauces & Kits;258;8.8;null;null;6.0;null;null;24.4;
283162372;Santa Maria Salsa Hot 300G;£2.09;£0.70/100g;Cooking Sauces & Meal Kits;Mexican Sauces & Kits;42;1.2;null;null;0.1;null;null;1.9;
283163080;Santa Maria Guacamole Style Topping 290G;£2.09;£0.72/100g;Cooking Sauces & Meal Kits;Mexican Sauces & Kits;82;1.2;null;null;5.6;null;null;1.1;
283170278;Santa Maria Paprika And Chilli Chipotle 370G;£2.29;£0.62/100g;Cooking Sauces & Meal Kits;Mexican Sauces & Kits;76;3.6;null;null;1.0;null;null;0.56;
283170497;Santa Maria Ranch Style Dip Seasoning 25G;£0.99;£3.96/100g;Cooking Sauces & Meal Kits;Mexican Sauces & Kits;298;5.1;null;null;0.3;null;null;18;
283054742;Santa Maria Hss Chip Spice Smokey Barbecue 13G;£0.70;£5.39/100g;Cooking Sauces & Meal Kits;Mexican Sauces & Kits;null;null;null;null;null;null;null;null;
283168898;Santa Maria Taco Seasoning Mix 30G;£0.50;£1.67/100g;Cooking Sauces & Meal Kits;Mexican Sauces & Kits;245;12.1;null;null;10.6;null;null;23.3;
276904084;Tesco Extra Mild Fajita Kit 476G;£1.99;£0.42/100g;Cooking Sauces & Meal Kits;Mexican Sauces & Kits;260;6.4;null;7.7;6.3;2.7;3.1;1.3;
283170952;Santa Maria Tropical Salsa 230G;£1.89;£0.82/100g;Cooking Sauces & Meal Kits;Mexican Sauces & Kits;57;0.6;null;null;0.4;null;null;0.6;
251795098;Tesco Taco Kit 275G;£2.19;£0.80/100g;Cooking Sauces & Meal Kits;Mexican Sauces & Kits;275;4.6;null;4.0;11.6;5.2;4.5;null;
272492530;Tesco Medium Salsa Topping 295G;£1.30;£0.44/100g;Cooking Sauces & Meal Kits;Mexican Sauces & Kits;40;1.0;null;5.9;0.3;0.1;1.1;0.9;
275064894;Tesco Everyday Value Chilli Con Carne Sauce 440G;£0.65;£0.15/100g;Cooking Sauces & Meal Kits;Mexican Sauces & Kits;53;2.0;null;2.5;0.3;0.1;1.7;0.7;
257572562;Tesco Mexican Mild Salsa Dip 300G;£1.00;£0.33/100g;Cooking Sauces & Meal Kits;Mexican Sauces & Kits;30;1.4;null;3.9;0.2;0.1;1.3;1.0;
273781993;Tesco Refried Beans With Hint Of Lime 215G;£0.79;£0.37/100g;Cooking Sauces & Meal Kits;Mexican Sauces & Kits;87;5.6;null;1.0;0.7;0.3;5.1;0.6;
257621088;Tesco Hot Chilli Sauce 550G;£0.89;£0.16/100g;Cooking Sauces & Meal Kits;Mexican Sauces & Kits;59;2.4;null;7.0;0.4;0.1;2.7;0.6;
275477434;Tesco Chilli Sauce Mild 500G;£0.89;£0.18/100g;Cooking Sauces & Meal Kits;Mexican Sauces & Kits;63;2.7;null;7.1;0.4;0.1;3.4;0.5;
264129300;Tesco Fajita Meal Kit 475G;£1.99;£0.42/100g;Cooking Sauces & Meal Kits;Mexican Sauces & Kits;243;5.9;null;6.7;5.4;2.5;3.4;1.8;
283150469;Santa Maria Yellow Chillies 200G;£1.00;£1.12/100g;Cooking Sauces & Meal Kits;Mexican Sauces & Kits;94;0.5;null;null;0.7;null;null;1.7;
272492265;Tesco Guacamole Style Topping 285G;£1.30;£0.46/100g;Cooking Sauces & Meal Kits;Mexican Sauces & Kits;156;1.2;null;4.2;12.3;1.3;0.7;0.3;
272585167;Tesco Enchilada Kit Mild 663G;£1.99;£0.30/100g;Cooking Sauces & Meal Kits;Mexican Sauces & Kits;185;5.2;null;5.0;2.5;1.0;2.9;null;
258801262;Tesco Hot Salsa 300G;£1.00;£0.33/100g;Cooking Sauces & Meal Kits;Mexican Sauces & Kits;34;1.1;null;4.1;0.2;0.1;1.1;1.2;
267625366;Tesco Plain Tortillas 8Pk 464G;£1.15;£0.25/100g;Cooking Sauces & Meal Kits;Mexican Sauces & Kits;287;7.0;null;4.0;4.2;1.9;3.4;1.0;
273261900;Tesco Tortilla Chips Lightly Salted 175G;£0.95;£0.54/100g;Cooking Sauces & Meal Kits;Mexican Sauces & Kits;504;5.1;null;0.4;25.3;2.0;7.8;0.8;
251794888;Tesco Nachos Meal Kit Mild 500G;£1.99;£0.40/100g;Cooking Sauces & Meal Kits;Mexican Sauces & Kits;235;4.4;null;4.4;9.7;4.3;2.7;null;
260360929;Tesco Sliced Sliced Jalapenos In Brine 220G;£1.29;£1.04/100g;Cooking Sauces & Meal Kits;Mexican Sauces & Kits;14;0.5;null;1.8;0.2;0.1;0.9;6.0;
272492363;Tesco Sour Cream Topping 280G;£1.30;£0.46/100g;Cooking Sauces & Meal Kits;Mexican Sauces & Kits;132;1.2;null;1.5;11.5;7.2;0.5;0.1;
284861064;Uncle Ben's Chilli Con Carne Sauce Medium 450G;£1.00;£0.22/100g;Cooking Sauces & Meal Kits;Mexican Sauces & Kits;58;1.9;null;null;0.4;null;null;0.7;
272729154;Weight Watchers Tortillas 6 Pack 270G;£1.00;£0.37/100g;Cooking Sauces & Meal Kits;Mexican Sauces & Kits;null;7.1;null;null;1.0;null;6.7;0.8;
265825183;Weight Watchers Chilli Con Carne Sauce 350G;£1.50;£0.43/100g;Cooking Sauces & Meal Kits;Mexican Sauces & Kits;null;2.2;null;null;0.3;null;1.7;0.4;
262420793;Uncle Bens Express Spicy Mexican Rice 250;£1.69;£6.76/kg;Cooking Sauces & Meal Kits;Mexican Sauces & Kits;167;4.0;null;null;3.6;null;null;0.43;
284861058;Uncle Ben's Mild Chilli Sauce 450G;£1.00;£0.22/100g;Cooking Sauces & Meal Kits;Mexican Sauces & Kits;54;1.9;null;null;0.4;null;null;0.81;
256315610;Uncle Bens Express Mexican Rice 250G;£1.69;£6.76/kg;Cooking Sauces & Meal Kits;Mexican Sauces & Kits;156;3.6;null;null;2.1;null;null;0.43;
284861029;Uncle Ben's Hot Chilli Sauce 450G;£1.00;£0.22/100g;Cooking Sauces & Meal Kits;Mexican Sauces & Kits;57;2.0;null;null;0.6;null;null;0.78;
252354270;Blue Dragon Canton Black Bean Stir Fry Sauce 120G;£0.65;£0.54/100g;Cooking Sauces & Meal Kits;Oriental Sauces & Accompaniments;124 ;2.1;null;null;1.6;null;null;1.5;
276795465;Amoy Sticky Glaze Peanut Satay 170G;£1.49;£0.88/100g;Cooking Sauces & Meal Kits;Oriental Sauces & Accompaniments;800kJ 336kJ;4.7;null;null;2.8;null;2.5;1.2;
268019355;Amoy Stir Fry Teriyaki/Sesame Seeds 120G;£0.99;£0.83/100g;Cooking Sauces & Meal Kits;Oriental Sauces & Accompaniments;105;1.3;null;null;2.4;null;0.1;1.0;
276732575;Blue Dragon Crispy Lemon Chicken 220G;£1.49;£0.68/100g;Cooking Sauces & Meal Kits;Oriental Sauces & Accompaniments;690kJ/ -;0.8;null;null;0.5;null;null;0.30;
276547282;Blue Dragon Restaurant Special Yellow Bean 120G;£0.99;£0.83/100g;Cooking Sauces & Meal Kits;Oriental Sauces & Accompaniments;149;2.2;null;null;3.8;null;0.6;null;
252012738;Blue Dragon Chow Mein Stir Fry Sauce 120G;£0.65;£0.54/100g;Cooking Sauces & Meal Kits;Oriental Sauces & Accompaniments;103 ;0.8;null;null;0.9;null;null;1.5;
272671353;Blue Dragon Satay Cooking Sauce 440G;£1.59;£0.36/100g;Cooking Sauces & Meal Kits;Oriental Sauces & Accompaniments;180;4.3;null;null;9.7;null;1.5;null;
276702191;Blue Dragon Crispy Chilli Beef 225G;£1.49;£0.66/100g;Cooking Sauces & Meal Kits;Oriental Sauces & Accompaniments;793kJ/ -;1.1;null;null;0.1;null;null;1.83;
265817360;Amoy Stir Fry Chow Mein Sauce 120G;£0.99;£0.83/100g;Cooking Sauces & Meal Kits;Oriental Sauces & Accompaniments;610kJ 366kJ;1.8;null;null;5.7;null;1.0;2.0;
276795511;Amoy Sticky Glaze Chinese Barbecue 180G;£1.49;£0.83/100g;Cooking Sauces & Meal Kits;Oriental Sauces & Accompaniments;792kJ 356kJ;1.6;null;null;2.6;null;0.3;1.3;
267856880;Blue Dragon Chinese Curry Cooking Sauce 425G;£1.59;£0.37/100g;Cooking Sauces & Meal Kits;Oriental Sauces & Accompaniments;90;1.0;null;null;3.3;null;1.4;null;
276732696;Blue Dragon Crispy Sweet And Sour Chicken 220G;£1.49;£0.68/100g;Cooking Sauces & Meal Kits;Oriental Sauces & Accompaniments;633kJ/ -;0.8;null;null;0.1;null;null;1.50;
276547754;Blue Dragon Restaurant Special Cantonese 120G;£0.99;£0.83/100g;Cooking Sauces & Meal Kits;Oriental Sauces & Accompaniments;133;0.8;null;null;0.6;null;0.5;null;
265818226;Amoy Stir Fry Tangy Sweet And Sour Sauce 120G;£0.99;£0.83/100g;Cooking Sauces & Meal Kits;Oriental Sauces & Accompaniments;610kJ 366kJ;0.2;null;null;0.8;null;0.3;1.3;
265817573;Amoy Stir Fry Pad Thai Sauce 120G;£0.99;£0.83/100g;Cooking Sauces & Meal Kits;Oriental Sauces & Accompaniments;526kJ 315kJ;2.8;null;null;4.8;null;2.5;1.8;
276795413;Amoy Sticky Glaze Sweet Soy 180G;£1.49;£0.83/100g;Cooking Sauces & Meal Kits;Oriental Sauces & Accompaniments;787kJ 354kJ;0.9;null;null;2.5;null;0.3;1.3;
265817550;Amoy Stir Fry Rich Hoi Sin Sauce 120G;£0.99;£0.83/100g;Cooking Sauces & Meal Kits;Oriental Sauces & Accompaniments;459kJ 276kJ;2.3;null;null;2.6;null;1.6;2.0;
276547800;Blue Dragon Restaurant Special Kung Po 120G;£0.99;£0.83/100g;Cooking Sauces & Meal Kits;Oriental Sauces & Accompaniments;93;0.7;null;null;1.1;null;0.5;null;
267855190;Blue Dragon Chow Mein Cooking Sauce 425G;£1.59;£0.37/100g;Cooking Sauces & Meal Kits;Oriental Sauces & Accompaniments;83 ;0.7;null;null;2.0;null;null;0.88;
250562239;Blue Dragon Stir Fry Oyster And Spring Onion Sauce 120G;£0.65;£0.54/100g;Cooking Sauces & Meal Kits;Oriental Sauces & Accompaniments;121 ;1.5;null;null;0.1;null;null;1.8;
258046591;Sharwoods Cantonese Blackbean Red Pepper Sweet Chilli 425G;£1.75;£0.41/100g;Cooking Sauces & Meal Kits;Oriental Sauces & Accompaniments;null;2.1;11.4;null;0.6;null;0.7;1.10;
272672104;Blue Dragon Teriyaki Marinde 150Ml;£1.65;£1.10/100ml;Cooking Sauces & Meal Kits;Oriental Sauces & Accompaniments;272;2.6;null;null;0.0;null;0.0;null;
264555273;Sharwoods Cantonese Curry 425G;£1.75;£0.41/100g;Cooking Sauces & Meal Kits;Oriental Sauces & Accompaniments;null;0.9;6.7;null;1.6;null;1.2;0.98;
255546499;Sharwoods Plum Sauce 300G;£2.25;£0.75/100g;Cooking Sauces & Meal Kits;Oriental Sauces & Accompaniments;null;0.3;49.7;null;0.1;null;0.1;2.7;
266400914;Sharwoods Chow Mein Stir Fry Sauce 195G;£1.45;£0.74/100g;Cooking Sauces & Meal Kits;Oriental Sauces & Accompaniments;null;0.8;14.8;null;0.3;null;0.4;1.6;
252354673;Sharwoods Real Oyster Sauce 150Ml;£1.89;£1.26/100ml;Cooking Sauces & Meal Kits;Oriental Sauces & Accompaniments;null;1.0;30.6;null;0.1;null;0.6;5.7;
250537535;Loyd Grossman Red Thai Curry Sauce 350G;£2.09;£0.60/100g;Cooking Sauces & Meal Kits;Oriental Sauces & Accompaniments;null;1.3;8.5;null;7.3;null;0.9;0.70;
255866771;Blue Dragon Sweet Chilli And Garlic Stir Fry Sauce 120G;£0.65;£0.54/100g;Cooking Sauces & Meal Kits;Oriental Sauces & Accompaniments;503kJ/ 302kJ/;0.2;null;null;0.1;null;0.3;null;
271169437;Blue Dragon Thai Green Curry Paste 285G;£1.99;£0.70/100g;Cooking Sauces & Meal Kits;Oriental Sauces & Accompaniments;128;1.1;null;null;8.6;null;null;1.3;
258046395;Sharwoods Hoi Sin And Five Spices Sauce 425G;£1.75;£0.41/100g;Cooking Sauces & Meal Kits;Oriental Sauces & Accompaniments;null;0.7;15.5;null;1.8;null;0.8;0.95;
253901606;Sharwoods Stir Fry Black Bean Sauce 195G;£1.45;£0.74/100g;Cooking Sauces & Meal Kits;Oriental Sauces & Accompaniments;null;1.9;11.8;null;1.3;null;0.6;1.6;
274149290;Sharwoods Cis Thai Red Curry 415G;£1.75;£0.42/100g;Cooking Sauces & Meal Kits;Oriental Sauces & Accompaniments;null;1.1;9.0;null;6.0;null;0.3;0.70;
253927017;Sharwoods Stir Fry Hoi Sin And Spring Onion Sauce 195G;£1.45;£0.74/100g;Cooking Sauces & Meal Kits;Oriental Sauces & Accompaniments;null;1.6;20.1;null;1.0;null;1.1;1.5;
272655690;Sharwoods Hoisin Marinade Sauce 290G;£2.25;£0.78/100g;Cooking Sauces & Meal Kits;Oriental Sauces & Accompaniments;null;1.5;37.6;null;1.3;null;1.4;2.8;
274149278;Sharwoods Cis Thai Greeen Curry 415G;£1.75;£0.42/100g;Cooking Sauces & Meal Kits;Oriental Sauces & Accompaniments;null;1.1;10.4;null;6.6;null;0.5;0.73;
250537489;Loyd Grossman Green Thai Curry Sauce 350G;£2.09;£0.60/100g;Cooking Sauces & Meal Kits;Oriental Sauces & Accompaniments;null;1.3;8.5;null;7.7;null;0.7;0.75;
252354310;Blue Dragon Szechuan Tomato Stir Fry Sauce 120G;£0.65;£0.54/100g;Cooking Sauces & Meal Kits;Oriental Sauces & Accompaniments;411kJ/ 247kJ/;1.3;null;null;3.0;null;0.9;null;
264556341;Seeds Of Change Sweet And Sour Sauce 350G;£2.29;£0.65/100g;Cooking Sauces & Meal Kits;Oriental Sauces & Accompaniments;101;0.4;null;null;0.1;null;null;0.57;
252354258;Blue Dragon Sweet And Sour Stir Fry Sauce 120G;£0.65;£0.54/100g;Cooking Sauces & Meal Kits;Oriental Sauces & Accompaniments;120 ;0.2;null;null;0.1;null;null;1.3;
271169644;Blue Dragon Thai Red Curry Paste 285G;£1.99;£0.70/100g;Cooking Sauces & Meal Kits;Oriental Sauces & Accompaniments;206;1.4;null;null;16.0;null;null;3.2;
253927340;Sharwoods Stir Fry Spicy Tomato Szechuan Sce195g;£1.45;£0.74/100g;Cooking Sauces & Meal Kits;Oriental Sauces & Accompaniments;null;1.1;12.0;null;0.3;null;0.8;1.2;
253927518;Sharwoods Stir Fry Sweet Chilli And Lemon Grass Sce195g;£1.45;£0.74/100g;Cooking Sauces & Meal Kits;Oriental Sauces & Accompaniments;null;0.5;16.7;null;0.4;null;0.4;1.4;
258046631;Sharwoods Szechaun Sweet Chilli And Red Pepper Sauce 425G;£1.75;£0.41/100g;Cooking Sauces & Meal Kits;Oriental Sauces & Accompaniments;null;0.7;17.0;null;0.2;null;0.6;0.69;
276845919;Tesco Finest Green Thai Curry Sauce 340G;£1.99;£0.59/100g;Cooking Sauces & Meal Kits;Oriental Sauces & Accompaniments;60;0.8;null;5.3;2.6;2.2;1.4;0.8;
258047601;Sharwoods Szechuan Kung Po Sauces 425G;£1.75;£0.41/100g;Cooking Sauces & Meal Kits;Oriental Sauces & Accompaniments;null;0.5;26.9;null;1.1;null;0.3;0.80;
282572772;Tesco Char Siu Glaze 230G;£1.69;£0.74/100g;Cooking Sauces & Meal Kits;Oriental Sauces & Accompaniments;232;1.2;null;49.0;1.3;0.1;0.6;1.8;
276845476;Tesco Finest Massaman Sauce 340G;£1.99;£0.59/100g;Cooking Sauces & Meal Kits;Oriental Sauces & Accompaniments;209;2.3;null;7.0;17.5;10.1;1.3;0.6;
271811795;Tesco Chow Mein Stir Fry Sauce 120G;£0.50;£0.42/100g;Cooking Sauces & Meal Kits;Oriental Sauces & Accompaniments;127;1.2;null;17.7;1.9;0.3;0.5;1.1;
276845597;Tesco Finest Rendang Cooking Sauce 340G;£1.99;£0.59/100g;Cooking Sauces & Meal Kits;Oriental Sauces & Accompaniments;85;1.5;null;6.6;4.3;3.7;1.9;1.0;
277408238;Tesco Finest Black Bean Cooking Sauce 360G;£1.99;£0.59/100g;Cooking Sauces & Meal Kits;Oriental Sauces & Accompaniments;114;1.9;null;17.4;2.1;0.4;1.8;0.7;
277570044;Tesco Everyday Value Sweet And Sour Sauce 440G;£0.30;£0.07/100g;Cooking Sauces & Meal Kits;Oriental Sauces & Accompaniments;87;0.5;null;13.0;0.1;0;0.9;0.7;
277418595;Tesco Finest Sweet And Sour Cooking Sauce 360G;£1.99;£0.59/100g;Cooking Sauces & Meal Kits;Oriental Sauces & Accompaniments;100;0.3;null;17.7;0.3;0.1;0.5;null;
266896891;Tesco Chinese Style Curry Sauce 500G;£0.98;£0.20/100g;Cooking Sauces & Meal Kits;Oriental Sauces & Accompaniments;60;0.2;null;8.6;0.4;0;1.3;0.8;
282644428;Tesco Cha Cha Chicken Glaze 200G;£1.20;£0.60/100g;Cooking Sauces & Meal Kits;Oriental Sauces & Accompaniments;84;0.2;null;10.8;2.5;2.2;0.9;1.4;
282844877;Tesco Black Pepper Sauce 220G;£1.49;£0.68/100g;Cooking Sauces & Meal Kits;Oriental Sauces & Accompaniments;103;1.4;null;13.2;3.8;1.1;2.0;6.1;
258046239;Sharwoods Sweet And Sour Cooking Sauce 425G;£1.75;£0.41/100g;Cooking Sauces & Meal Kits;Oriental Sauces & Accompaniments;null;0.5;26.0;null;0.6;null;0.8;0.78;
282645963;Tesco Black Pepper And Garlic Glaze 200G;£1.20;£0.60/100g;Cooking Sauces & Meal Kits;Oriental Sauces & Accompaniments;58;0.3;null;8.2;0.5;0.1;0.8;1.4;
272682599;Tesco Black Bean Cooking Sauce 500G;£0.98;£0.20/100g;Cooking Sauces & Meal Kits;Oriental Sauces & Accompaniments;84;1.6;null;7.5;3.1;0.3;1.3;0.7;
253927167;Sharwoods Stir Fry Sweet And Sour Sauce 195G;£1.45;£0.74/100g;Cooking Sauces & Meal Kits;Oriental Sauces & Accompaniments;null;0.4;27.4;null;0.2;null;0.3;1.3;
276845764;Tesco Finest Red Thai Curry Sauce 340G;£1.99;£0.59/100g;Cooking Sauces & Meal Kits;Oriental Sauces & Accompaniments;123;1.1;null;6.6;8.8;4.5;1.2;0.7;
260352231;Tesco Green Thai Curry Cooking Sauce 320G;£1.00;£0.31/100g;Cooking Sauces & Meal Kits;Oriental Sauces & Accompaniments;137;1.4;null;4.1;11.2;7.6;2.7;0.8;
282572752;Tesco Laksa Paste 210G;£1.69;£0.81/100g;Cooking Sauces & Meal Kits;Oriental Sauces & Accompaniments;145;1.8;null;6.2;9.5;0.6;4.0;1.5;
281425085;Tesco Healthy Living Sweet And Sour Cooking Sauce 500G;£0.98;£0.20/100g;Cooking Sauces & Meal Kits;Oriental Sauces & Accompaniments;54;0.3;null;8.7;0.7;0.1;1.6;0.5;
258819380;Tesco Red Thai Curry Cooking Sauce 320G;£1.00;£0.31/100g;Cooking Sauces & Meal Kits;Oriental Sauces & Accompaniments;133;1.4;null;5.1;10.2;7.4;2.3;0.7;
276476123;Tesco Sweet Chilli Stir Fry Sauce 120G;£0.50;£0.42/100g;Cooking Sauces & Meal Kits;Oriental Sauces & Accompaniments;158;0.9;null;29.8;0.6;0.1;1.2;0.8;
282572328;Tesco Hot And Sour Paste 210G;null;null;Cooking Sauces & Meal Kits;Oriental Sauces & Accompaniments;81;1.6;null;11.4;0.5;0.1;1.0;1.4;
272682173;Tesco Sweet And Sour Sauce 500G;£0.98;£0.20/100g;Cooking Sauces & Meal Kits;Oriental Sauces & Accompaniments;105;0.5;null;19.4;0.7;0.1;0.5;0.7;
277033393;Tesco Hot And Spicy Sweet And Sour 510G;£0.98;£0.19/100g;Cooking Sauces & Meal Kits;Oriental Sauces & Accompaniments;105;0.2;null;18.9;0.7;0.1;0.6;null;
261105598;Tesco Thai Red Curry Paste 220G;£1.69;£0.77/100g;Cooking Sauces & Meal Kits;Oriental Sauces & Accompaniments;152;2.0;null;6.7;10.2;1.4;4.7;4.1;
276475971;Tesco Satay Stir Fry Sauce 120G;£0.50;£0.42/100g;Cooking Sauces & Meal Kits;Oriental Sauces & Accompaniments;233;6.5;null;12.6;16.9;8.0;2.2;1.4;
282572841;Tesco Thai Stir Fry Paste 95G;£0.99;£1.05/100g;Cooking Sauces & Meal Kits;Oriental Sauces & Accompaniments;126;0.7;null;5.3;8.3;0.5;2.9;4.5;
281426216;Tesco Healthy Living Black Bean Cooking Sauce 500G;£0.98;£0.20/100g;Cooking Sauces & Meal Kits;Oriental Sauces & Accompaniments;46;1.2;null;3.8;0.9;0.1;2.1;0.5;
282646196;Tesco Korean Bulgogi Cooking Sauce 505G;£0.98;£0.19/100g;Cooking Sauces & Meal Kits;Oriental Sauces & Accompaniments;105;0.9;null;18.1;1.2;0.2;0.5;0.7;
277042192;Tesco Szechuan Sweet Chilli Sauce 505G;£0.98;£0.19/100g;Cooking Sauces & Meal Kits;Oriental Sauces & Accompaniments;84;0.4;null;16.2;0.4;0.1;1.0;0.7;
271811835;Tesco Hoi Sin Stir Fry Sauce 120G;£0.50;£0.42/100g;Cooking Sauces & Meal Kits;Oriental Sauces & Accompaniments;145;1.1;null;20.1;4.9;0.7;0.5;1.5;
277033491;Tesco Kung Po Sauce 515G;£0.98;£0.19/100g;Cooking Sauces & Meal Kits;Oriental Sauces & Accompaniments;118;0.3;null;20.8;1.4;0.2;0.5;0.6;
276476025;Tesco Pad Thai Stir Fry Sauce 120G;£0.50;£0.42/100g;Cooking Sauces & Meal Kits;Oriental Sauces & Accompaniments;202;1.7;null;22.8;9.8;1.7;0.5;1.5;
261105536;Tesco Thai Green Curry Paste 220G;£1.69;£0.77/100g;Cooking Sauces & Meal Kits;Oriental Sauces & Accompaniments;174;1.5;null;5.8;13.8;2.2;2.6;4.2;
282670045;Tesco Ketjap Manis 100Ml;£0.99;£0.99/100ml;Cooking Sauces & Meal Kits;Oriental Sauces & Accompaniments;139;1.2;null;30.7;0.1;0;0.4;5.6;
261965535;Tesco Yellow Thai Curry Paste 220G;£1.69;£0.77/100g;Cooking Sauces & Meal Kits;Oriental Sauces & Accompaniments;174;3.0;null;9.0;10.7;1.7;4.6;4.3;
267051167;Thai Taste Green Curry Paste 200G;£1.89;£0.95/100g;Cooking Sauces & Meal Kits;Oriental Sauces & Accompaniments;106 ;3.0;null;null;0.7;null;null;9;
284860831;Uncle Ben's Sweet And Sour Light Sauce 450G;£1.79;£0.40/100g;Cooking Sauces & Meal Kits;Oriental Sauces & Accompaniments;56;0.3;null;null;0.1;null;null;0.42;
253391528;Amoy Reduced Salt Soy Sauce 150Ml;£1.19;£0.79/100ml;Cooking Sauces & Meal Kits;Oriental Sauces & Accompaniments;219kJ 11kJ;3.9;null;null;Trace;null;Trace;11.3;
253778141;Amoy Light Soy Sauce 150Ml;£1.19;£0.79/100ml;Cooking Sauces & Meal Kits;Oriental Sauces & Accompaniments;221kJ 11kJ;2.5;null;null;Trace;null;Trace;14.8;
282995260;Amoy Red Chilli Stir Fry Soy Sauce 150Ml;£1.49;£0.99/100ml;Cooking Sauces & Meal Kits;Oriental Sauces & Accompaniments;121kJ 6kJ;1.2;null;null;Trace;null;null;14.8;
282995219;Amoy Garlic And 5 Spice Stir Fry Soy Sauce 150Ml;£1.49;£0.99/100ml;Cooking Sauces & Meal Kits;Oriental Sauces & Accompaniments;175kJ 9kJ;1.7;null;null;Trace;null;null;13.5;
267051328;Thai Taste Green Curry Meal Kit 224G;£2.29;£1.03/100g;Cooking Sauces & Meal Kits;Oriental Sauces & Accompaniments;174;2.9;null;null;15.7;null;null;1.8;
284860975;Uncle Ben's Sweet And Sour Sauce 320G;£1.39;£0.43/100g;Cooking Sauces & Meal Kits;Oriental Sauces & Accompaniments;85;0.4;null;null;0.2;null;null;0.43;
284860860;Uncle Ben's Cantonese Sauce 450G;£1.79;£0.40/100g;Cooking Sauces & Meal Kits;Oriental Sauces & Accompaniments;78;0.8;null;null;0.2;null;null;0.83;
282995179;Amoy Lemongrass And Lime Stir Fry Soy Sauce 150Ml;£1.49;£0.99/100ml;Cooking Sauces & Meal Kits;Oriental Sauces & Accompaniments;175kJ 9kJ;1.7;null;null;Trace;null;null;13.5;
284860742;Uncle Ben's Sweet And Sour Sauce 450G;£1.79;£0.40/100g;Cooking Sauces & Meal Kits;Oriental Sauces & Accompaniments;85;0.4;null;null;0.2;null;null;0.43;
253778008;Amoy Dark Soy Sauce 150Ml;£1.19;£0.79/100ml;Cooking Sauces & Meal Kits;Oriental Sauces & Accompaniments;444kJ 22kJ;0.9;null;null;Trace;null;Trace;15.4;
284860825;Uncle Ben's Sweet And Sour Extra Pine Sauce 450G;£1.79;£0.40/100g;Cooking Sauces & Meal Kits;Oriental Sauces & Accompaniments;86;0.3;null;null;0.2;null;null;0.43;
255012964;Amoy Dark Soy Sauce 250Ml;£1.95;£0.78/100ml;Cooking Sauces & Meal Kits;Oriental Sauces & Accompaniments;444kJ 22kJ;0.9;null;null;Trace;null;Trace;15.4;
267051426;Thai Taste Red Curry Paste 200G;£1.89;£0.95/100g;Cooking Sauces & Meal Kits;Oriental Sauces & Accompaniments;137 ;4.5;null;null;1.6;null;null;9;
284860883;Uncle Ben's Sweet Chilli Sauce 450G;£1.79;£0.40/100g;Cooking Sauces & Meal Kits;Oriental Sauces & Accompaniments;106;0.7;null;null;0.3;null;null;0.75;
251967773;Amoy Reduced Fat Coconut Milk 400Ml;£1.99;£0.50/100ml;Cooking Sauces & Meal Kits;Oriental Sauces & Accompaniments;423kJ -;1.1;null;null;10.0;null;Trace;Trace;
251978322;Amoy Rich/Creamy Coconut Milk 400Ml;£1.99;£0.50/100ml;Cooking Sauces & Meal Kits;Oriental Sauces & Accompaniments;709kJ -;1.0;null;null;17.5;null;1.0;Trace;
267050992;Thai Taste Red Curry Meal Kit 224G;£2.29;£1.03/100g;Cooking Sauces & Meal Kits;Oriental Sauces & Accompaniments;178 ;3.1;null;null;15.8;null;null;1.8;
284860932;Uncle Bens Sweet And Sour Sauce 675G;£2.39;£0.35/100g;Cooking Sauces & Meal Kits;Oriental Sauces & Accompaniments;85;0.4;null;null;0.2;null;null;0.43;
277181090;Blue Dragon Chilli Ginger Sauce 190Ml;£1.49;£0.78/100ml;Cooking Sauces & Meal Kits;Oriental Sauces & Accompaniments;null;null;null;null;null;null;null;null;
283088134;Blue Dragon Dipping Sauce Pot Trio 150G;£1.49;£0.99/100g;Cooking Sauces & Meal Kits;Oriental Sauces & Accompaniments;1035 kJ -;0.4;null;null;0.2;null;0.1;1.0;
272666106;Blue Dragon Coconut Cream Block 200G;£1.35;£0.68/100g;Cooking Sauces & Meal Kits;Oriental Sauces & Accompaniments;666;7.1;7.7;null;63.6;null;null;0.1;
272666227;Blue Dragon Fish Sauce 150Ml;£1.39;£0.93/100ml;Cooking Sauces & Meal Kits;Oriental Sauces & Accompaniments;57;7.8;null;null;0.1;null;null;26.2;
250561776;Kikkoman Teriyaki Marinade 250Ml;£2.79;£1.12/100ml;Cooking Sauces & Meal Kits;Oriental Sauces & Accompaniments;null;null;null;null;null;null;null;null;
277181533;Blue Dragon Mango And Chilli Sauce 190Ml;£1.49;£0.78/100ml;Cooking Sauces & Meal Kits;Oriental Sauces & Accompaniments;165 ;0.5;null;null;0.1;null;0.6;2.8;
250830660;Blue Dragon Coconut Milk Light 400Ml;£1.99;£4.98/l;Cooking Sauces & Meal Kits;Oriental Sauces & Accompaniments;73;0.7;null;null;7.0;null;0.2;null;
277180937;Blue Dragon Rich Hoisin Sauce 190Ml;£1.49;£0.78/100ml;Cooking Sauces & Meal Kits;Oriental Sauces & Accompaniments;275 ;3.1;null;null;2.6;null;1.7;4.3;
277408590;Blue Dragon Prawn Crackers 70G;£1.39;£1.99/100g;Cooking Sauces & Meal Kits;Oriental Sauces & Accompaniments;538;2.0;null;null;32.3;null;0.5;null;
277841496;Blue Dragon Light Soy Sauce 375Ml;£1.99;£0.53/100ml;Cooking Sauces & Meal Kits;Oriental Sauces & Accompaniments;54;1.7;null;null;0.0;null;0.0;null;
254968652;Kikkoman Soy Sauce 150 Ml;£2.49;£1.66/100ml;Cooking Sauces & Meal Kits;Oriental Sauces & Accompaniments;null;null;null;null;null;null;null;null;
252486194;Blue Dragon Coconut Milk 400Ml;£1.99;£4.98/l;Cooking Sauces & Meal Kits;Oriental Sauces & Accompaniments;154;1.4;null;null;15.0;null;0.4;null;
262284763;Kikkoman Soy Sauce Less Salt 150Ml;£2.49;£1.66/100ml;Cooking Sauces & Meal Kits;Oriental Sauces & Accompaniments;82 ;9.5;null;null;0.0;null;0.0;null;
277840860;Blue Dragon Dark Soy Sauce 375Ml;£1.99;£0.53/100ml;Cooking Sauces & Meal Kits;Oriental Sauces & Accompaniments;90;1.1;null;null;0.0;null;null;16.7;
250538586;Blue Dragon Thai Chilli Dipping Sauce 190Ml;£1.19;£0.63/100ml;Cooking Sauces & Meal Kits;Oriental Sauces & Accompaniments;230 ;0.6;null;null;0.7;null;1.6;4.3;
265818791;Kingfisher Water Chestnuts In Water 225G;£0.89;£0.40/100g;Cooking Sauces & Meal Kits;Oriental Sauces & Accompaniments;17;0.5;null;null;0.1;null;1.3;null;
254968773;Kikkoman Soy Sauce 250Ml;£2.69;£1.08/100ml;Cooking Sauces & Meal Kits;Oriental Sauces & Accompaniments;null;null;null;null;null;null;null;null;
259168456;Blue Dragon Hot Chilli Dipping Sauce 190M;£1.19;£0.63/100ml;Cooking Sauces & Meal Kits;Oriental Sauces & Accompaniments;230 ;0.6;null;null;0.7;null;1.6;4.3;
265819146;Kingfisher Bamboo Shoots In Water 225G;£0.89;£7.42/kg;Cooking Sauces & Meal Kits;Oriental Sauces & Accompaniments;13;1.5;null;null;0.2;null;1.4;null;
283111263;Blue Dragon Sweet Chilli 350Ml;£1.99;£0.57/100ml;Cooking Sauces & Meal Kits;Oriental Sauces & Accompaniments;230 ;0.6;null;null;0.7;null;1.6;4.3;
267019345;Levi Roots Reggae Reggae Cooking Sauce 350G;£1.49;£0.43/100g;Cooking Sauces & Meal Kits;Oriental Sauces & Accompaniments;127;1.3;null;null;1.2;null;null;0.65;
256326672;Sharwoods Ready To Eat Prawn Crackers 60G;£1.35;£2.25/100g;Cooking Sauces & Meal Kits;Oriental Sauces & Accompaniments;null;1.3;null;null;30.4;null;0.9;2.3;
266507950;Cocofresh Coconut Milk 400Ml;£0.69;£0.17/100ml;Cooking Sauces & Meal Kits;Oriental Sauces & Accompaniments;62 ;0.6;null;null;6.1;null;0;null;
277064908;Tesco Pad Thai Meal Kit 412G;null;null;Cooking Sauces & Meal Kits;Oriental Sauces & Accompaniments;155;4.3;null;8.9;1.7;0.2;3.2;0.3;
255553381;Tesco Prawn Crackers 60G;£0.99;£1.65/100g;Cooking Sauces & Meal Kits;Oriental Sauces & Accompaniments;538;1.3;null;4.5;32.9;2.7;2.3;1.7;
282670195;Tesco Vietnamese Spring Roll Meal Kit 145G;£1.99;£1.38/100g;Cooking Sauces & Meal Kits;Oriental Sauces & Accompaniments;130;2.3;null;4.3;1.7;null;1.6;0.7;
280678754;Nem Viet Pho Kit 160G;£2.69;£1.69/100g;Cooking Sauces & Meal Kits;Oriental Sauces & Accompaniments;281 ;4.8;null;null;0.5;null;null;6.8;
283522782;Tesco Hoisin Dipping Sauce 175G;£1.00;£0.57/100g;Cooking Sauces & Meal Kits;Oriental Sauces & Accompaniments;null;null;null;null;null;null;null;null;
277064632;Tesco Red Thai Curry Meal Kit 480G;null;null;Cooking Sauces & Meal Kits;Oriental Sauces & Accompaniments;145;2.4;null;0.4;5.5;4.1;2.1;0.3;
277614633;Thai Taste Coconut Milk Pouch 200Ml;£1.29;£0.65/100ml;Cooking Sauces & Meal Kits;Oriental Sauces & Accompaniments;186 ;1.4;null;null;18.8;null;null;0.05;
272652186;Thai Taste Easy Pad Thai Meal Kit 232G;£2.29;£0.99/100g;Cooking Sauces & Meal Kits;Oriental Sauces & Accompaniments;274 ;6.4;null;null;1.1;null;null;1.8;
282572933;Tesco Thai Fishcake Meal Kit 115G;null;null;Cooking Sauces & Meal Kits;Oriental Sauces & Accompaniments;279;6.5;null;28.0;1.0;0.4;7.0;1.3;
282644282;Tesco Sweet Chilli Dipping Sauce 175G;£1.00;£0.57/100g;Cooking Sauces & Meal Kits;Oriental Sauces & Accompaniments;213;0.1;null;42.4;0.2;0.1;0.5;1.7;
277064747;Tesco Green Thai Curry Meal Kit 480G;null;null;Cooking Sauces & Meal Kits;Oriental Sauces & Accompaniments;145;2.1;null;1.3;5.8;4.3;1.8;0.3;
282647229;Tesco Miso Paste 100G;£1.49;£1.49/100g;Cooking Sauces & Meal Kits;Oriental Sauces & Accompaniments;162;12.6;null;5.5;7.5;1.2;5.3;11.6;
272656441;Tesco Thai Spicy Cracker Mix 60G;£0.99;£1.65/100g;Cooking Sauces & Meal Kits;Oriental Sauces & Accompaniments;498;4.8;null;10.2;24.8;1.7;3.8;1.9;
267009697;Sharwoods Mango Chutney Chilli 360G;£1.95;£0.54/100g;Cooking Sauces & Meal Kits;Oriental Sauces & Accompaniments;null;0.8;56.7;null;0.1;null;2.0;2.9;
282529592;Thai Taste Rice Noodles 200G;£1.49;£0.75/100g;Cooking Sauces & Meal Kits;Oriental Sauces & Accompaniments;347 ;4.8;null;null;0.6;null;null;0.5;
259873306;Thai Taste Yellow Chilli And Ginger 200Ml;£1.29;£0.65/100ml;Cooking Sauces & Meal Kits;Oriental Sauces & Accompaniments;148 ;0.1;null;null;0.1;null;null;null;
256101609;Sharwoods Thai Spiced Crackers 60G;£1.35;£2.25/100g;Cooking Sauces & Meal Kits;Oriental Sauces & Accompaniments;null;1.4;62.5;null;28.4;null;1.0;2.3;
261626649;Pride Coconut Milk 400Ml;£0.95;£0.24/100ml;Cooking Sauces & Meal Kits;Oriental Sauces & Accompaniments;null;null;null;null;null;null;null;null;
271208035;Pride Creamed Coconut 198G;£0.79;£0.40/100ml;Cooking Sauces & Meal Kits;Oriental Sauces & Accompaniments;null;null;null;null;null;null;null;null;
259214581;Island Sun Coconut Milk 400Ml;£0.79;£0.20/100ml;Cooking Sauces & Meal Kits;Oriental Sauces & Accompaniments;77;0.8;null;null;7.6;null;0;null;
273429294;Mai Thai Coconut Milk Reduced Fat 400 Ml;£0.69;£0.17/100ml;Cooking Sauces & Meal Kits;Oriental Sauces & Accompaniments;null;0.8;null;null;7.6;null;0;null;
268726658;Maggi Coconut Milk Powder 300G;£3.59;£1.20/100g;Cooking Sauces & Meal Kits;Oriental Sauces & Accompaniments;null;6.8;25.2;null;61.9;null;1.0;null;
259959684;Dunns River Coconut Milk 400Ml;£0.99;£0.25/100ml;Cooking Sauces & Meal Kits;Oriental Sauces & Accompaniments;82;1.0;1.0;null;8.4;null;null;0.07;
283053498;Dolmio Recipe Base Meatballs 170G;£1.49;£0.88/100g;Cooking Sauces & Meal Kits;Casserole & Cooking Sauces;45;2.3;null;null;0.1;null;null;1.48;
262442486;Homepride Garlic And Herb Potato Bake 500G;£1.00;£0.20/100g;Cooking Sauces & Meal Kits;Casserole & Cooking Sauces;103;0.7;5.0;null;8.8;null;0.5;1.07;
258050896;Homepride Jar Shepherds Pie Cook In Sauce 500G;£1.60;£0.32/100g;Cooking Sauces & Meal Kits;Casserole & Cooking Sauces;40;1.2;7.7;null;0.5;null;1.2;1.10;
286185325;Homepride Barbecue Sausage Bake 500G;£1.59;£0.32/100g;Cooking Sauces & Meal Kits;Casserole & Cooking Sauces;97;1.4;21.8;null;0.5;null;1.6;0.81;
276866693;Homepride Creamy Peppercorn Sauce 500G;£1.59;£0.32/100g;Cooking Sauces & Meal Kits;Casserole & Cooking Sauces;67;0.7;7.5;null;3.7;null;0.5;0.24;
283053452;Dolmio Recipe Base Carbonara 170G;£1.49;£0.88/100g;Cooking Sauces & Meal Kits;Casserole & Cooking Sauces;56;2.0;null;null;1.9;null;null;1.50;
258049599;Homepride Jar Curry Cook In Sauce 500G;£1.60;£0.32/100g;Cooking Sauces & Meal Kits;Casserole & Cooking Sauces;51;1.0;7.6;null;1.7;null;0.6;1.00;
283053475;Dolmio Recipe Base Chicken Casserole 170G;£1.49;£0.88/100g;Cooking Sauces & Meal Kits;Casserole & Cooking Sauces;58;1.3;null;null;1.1;null;null;1.48;
283086188;Homepride Chilli Can 400G;£1.30;£0.33/100g;Cooking Sauces & Meal Kits;Casserole & Cooking Sauces;null;2.4;12.5;null;0.6;null;1.9;1.10;
286185164;Homepride Nacho Chilli Bake 500G;£1.59;£0.32/100g;Cooking Sauces & Meal Kits;Casserole & Cooking Sauces;58;1.6;11.1;null;0.5;null;1.6;0.71;
283085759;Homepride Lemon And Herb 500G;£1.60;£0.32/100g;Cooking Sauces & Meal Kits;Casserole & Cooking Sauces;null;0.5;6.8;null;6.9;null;0.5;0.83;
265205894;Homepride Jar Creamy Mushroom Sauce 500G;£1.60;£0.32/100g;Cooking Sauces & Meal Kits;Casserole & Cooking Sauces;79;1.3;5.4;null;5.7;null;0.5;0.24;
286185141;Homepride Peri Potato Bake 500G;£1.59;£0.32/100g;Cooking Sauces & Meal Kits;Casserole & Cooking Sauces;42;1.0;7.5;null;0.6;null;1.3;0.81;
283085805;Homepride Peri Peri 500G;£1.60;£0.32/100g;Cooking Sauces & Meal Kits;Casserole & Cooking Sauces;null;1.0;7.5;null;0.6;null;1.3;0.81;
286185089;Homepride Meat Ball Sauce 500G;£1.59;£0.32/100g;Cooking Sauces & Meal Kits;Casserole & Cooking Sauces;56;2.1;9.2;null;0.7;null;2.7;0.72;
262442565;Homepride Cheese And Ham Potato Bake 500G;£1.00;£0.20/100g;Cooking Sauces & Meal Kits;Casserole & Cooking Sauces;102;1.5;3.7;null;8.9;null;0.5;0.93;
286394135;Homepride Chasseur Sauce 500G;£1.59;£0.32/100g;Cooking Sauces & Meal Kits;Casserole & Cooking Sauces;43;0.8;7.1;null;1.1;null;0.7;0.53;
263761560;Homepride Jar Beef And Ale Sauce 500G;£1.60;£0.32/100g;Cooking Sauces & Meal Kits;Casserole & Cooking Sauces;50;0.6;11.4;null;0.5;null;0.5;0.55;
258050971;Homepride Jar Sausages Casserole Cook In Sauce 500G;£1.60;£0.32/100g;Cooking Sauces & Meal Kits;Casserole & Cooking Sauces;40;0.8;8.6;null;0.5;null;0.7;1.05;
283085932;Homepride Mediterranean 500G;£1.60;£0.32/100g;Cooking Sauces & Meal Kits;Casserole & Cooking Sauces;null;1.9;6.5;null;1.5;null;1.7;0.82;
286212064;Loyd Grossman Creamy Cider And Apple 330G;£2.49;£0.76/100g;Cooking Sauces & Meal Kits;Casserole & Cooking Sauces;117;1.7;6.3;null;9.3;null;0.6;0.74;
286767812;Tesco Sausage Casserole 510G;£0.98;£0.19/100g;Cooking Sauces & Meal Kits;Casserole & Cooking Sauces;48;1.2;null;5.2;0.3;0.1;0.5;0.7;
277041964;Tesco Lemon And Ginger Cooking Sauce 510G;£0.98;£0.19/100g;Cooking Sauces & Meal Kits;Casserole & Cooking Sauces;96;0.2;null;18.7;0.2;0;0.5;0.7;
286212142;Loyd Grossman Creamy Peppercorn 170G;£1.49;£0.88/100g;Cooking Sauces & Meal Kits;Casserole & Cooking Sauces;103;1.8;6.0;null;7.8;null;0.7;0.73;
284427907;Tesco Mushroom And Ale Sauce 500G;£0.98;£0.20/100g;Cooking Sauces & Meal Kits;Casserole & Cooking Sauces;43;1.0;null;4.2;0.3;0.1;0.5;0.6;
274219386;Chicken Tonight Country French Sauce 500G;£1.00;£0.20/100g;Cooking Sauces & Meal Kits;Casserole & Cooking Sauces;375kJ 471kJ;0.6;null;null;7.6;null;0.7;0.80;
276867162;Homepride White Wine Cooking Sauce 500G;£1.59;£0.32/100g;Cooking Sauces & Meal Kits;Casserole & Cooking Sauces;84;0.6;5.4;null;6.6;null;0.5;0.57;
286140148;Loyd Grossman Beef Provencal 350G;£2.49;£0.71/100g;Cooking Sauces & Meal Kits;Casserole & Cooking Sauces;73;2.2;6.8;null;3.6;null;2.1;0.74;
263761456;Homepride Roast Chicken Sauce 500G;£1.59;£0.32/100g;Cooking Sauces & Meal Kits;Casserole & Cooking Sauces;37;0.8;7.7;null;0.5;null;0.5;0.88;
282614712;Tesco Butternut Squash And Sage Risotto Bake 500G;£0.85;£0.17/100g;Cooking Sauces & Meal Kits;Casserole & Cooking Sauces;72;0.5;null;4.7;4.4;3.1;0.9;0.8;
284860877;Uncle Ben's Lemon Chicken Sauce 450G;£1.79;£0.40/100g;Cooking Sauces & Meal Kits;Casserole & Cooking Sauces;97;0.3;null;null;0.4;null;null;0.81;
286149277;Loyd Grossman Moroccan Tagine 350G;£2.49;£0.71/100g;Cooking Sauces & Meal Kits;Casserole & Cooking Sauces;106;2.7;10.0;null;5.5;null;2.9;0.73;
286211520;Loyd Grossman Creamy Leak And Bacon 330G;£2.49;£0.76/100g;Cooking Sauces & Meal Kits;Casserole & Cooking Sauces;117;2.6;4.9;null;9.5;null;0.5;0.74;
286140223;Loyd Grossman Stroganoff 330G;£2.49;£0.76/100g;Cooking Sauces & Meal Kits;Casserole & Cooking Sauces;123;1.6;8.6;null;9.0;null;0.7;0.65;
286212300;Loyd Grossman White Wine And Parsley 170G;£1.49;£0.88/100g;Cooking Sauces & Meal Kits;Casserole & Cooking Sauces;111;1.0;5.6;null;9.3;null;0.5;0.73;
286212219;Loyd Grossman Creamy Mustard 170G;£1.49;£0.88/100g;Cooking Sauces & Meal Kits;Casserole & Cooking Sauces;122;2.4;5.4;null;9.9;null;0.7;0.73;
286212248;Loyd Grossman Parmesan And Cheddar 170G;£1.49;£0.88/100g;Cooking Sauces & Meal Kits;Casserole & Cooking Sauces;129;2.9;4.6;null;11.0;null;0.5;0.72;
286139957;Loyd Grossman Beef Bourguignon 350G;£2.49;£0.71/100g;Cooking Sauces & Meal Kits;Casserole & Cooking Sauces;58;2.1;6.4;null;2.6;null;0.5;0.74;
287063595;Loyd Grossman Beef And Ale 350G;£2.49;£0.71/100g;Cooking Sauces & Meal Kits;Casserole & Cooking Sauces;47;1.7;6.8;null;1.3;null;0.6;0.66;
274219461;Chicken Tonight Creamy Mushroom Sauce 500G;£1.00;£0.20/100g;Cooking Sauces & Meal Kits;Casserole & Cooking Sauces;334kJ 421kJ;0.8;null;null;5.9;null;0.6;0.84;
284460089;Tesco Hunters Chicken 535G;£0.98;£0.18/100g;Cooking Sauces & Meal Kits;Casserole & Cooking Sauces;91;1.2;null;16.4;0.2;0;0.8;0.6;
274219841;Chicken Tonight Spanish Chicken Sauce 500G;£1.00;£0.20/100g;Cooking Sauces & Meal Kits;Casserole & Cooking Sauces;180kJ 224kJ;1.1;null;null;0.9;null;1.3;0.77;
286185446;Homepride Chicken And Mushroom Bake 500G;£1.59;£0.32/100g;Cooking Sauces & Meal Kits;Casserole & Cooking Sauces;124;0.7;4.0;null;11.5;null;0.6;0.98;
283085978;Homepride Curry Can 400G;£1.40;£0.35/100g;Cooking Sauces & Meal Kits;Casserole & Cooking Sauces;null;0.8;10.5;null;2.5;null;0.7;1.00;
286140042;Loyd Grossman Chicken Cacciatore 350G;£2.49;£0.71/100g;Cooking Sauces & Meal Kits;Casserole & Cooking Sauces;86;2.2;7.0;null;5.0;null;2.2;0.72;
283085990;Homepride White Wine Can 400G;£1.40;£0.35/100g;Cooking Sauces & Meal Kits;Casserole & Cooking Sauces;90;1.0;8.8;null;4.5;null;0.5;1.08;
283085892;Homepride Hunters Chicken 500G;£1.60;£0.32/100g;Cooking Sauces & Meal Kits;Casserole & Cooking Sauces;null;1.4;21.8;null;0.5;null;1.6;0.81;
274219622;Chicken Tonight Honey And Mustard Sauce 500G;£1.00;£0.20/100g;Cooking Sauces & Meal Kits;Casserole & Cooking Sauces;436kJ 548kJ;1.0;null;null;5.4;null;1.3;1.20;
286139871;Loyd Grossman Coq Au Vin 350G;£2.25;£0.64/100g;Cooking Sauces & Meal Kits;Casserole & Cooking Sauces;60;2.1;6.6;null;2.7;null;0.5;0.74;
276866520;Homepride Chicken Supreme 500G;£1.60;£0.32/100g;Cooking Sauces & Meal Kits;Casserole & Cooking Sauces;124;0.7;4.0;null;11.5;null;0.6;0.98;
283086038;Homepride Barbecue Can 400G;£1.40;£0.35/100g;Cooking Sauces & Meal Kits;Casserole & Cooking Sauces;null;0.7;15.0;null;1.5;null;0.5;1.03;
286201440;Loyd Grossman Chicken And Chorizo 350G;£2.49;£0.71/100g;Cooking Sauces & Meal Kits;Casserole & Cooking Sauces;102;3.4;7.0;null;6.1;null;2.7;0.70;
284427988;Tesco Creamy Leek And Bacon Sauce For Chicken 480G;£0.98;£0.20/100g;Cooking Sauces & Meal Kits;Casserole & Cooking Sauces;113;1.8;null;3.1;8.2;2.4;0.6;0.8;
283086082;Homepride Red Wine Can 400G;£1.40;£0.35/100g;Cooking Sauces & Meal Kits;Casserole & Cooking Sauces;null;0.4;9.3;null;0.5;null;0.5;0.95;
283086142;Homepride Sweet And Sour Can 400G;£1.40;£0.35/100g;Cooking Sauces & Meal Kits;Casserole & Cooking Sauces;null;0.5;24.9;null;0.5;null;0.5;0.80;
253663271;Yutaka Japanese Wasabi Paste 43G;£1.99;£4.63/100g;Cooking Sauces & Meal Kits;Japanese;256;3.84;null;null;9.2;null;null;5.4;
272855073;Yutaka Soba Noodles 250G;£1.29;£0.52/100g;Cooking Sauces & Meal Kits;Japanese;349;11.5;null;null;1.2;null;null;1.5;
253656458;Yutaka Sushi Rice 500G;£1.99;£0.40/100g;Cooking Sauces & Meal Kits;Japanese;343;6.7;null;null;0.5;null;null;0.01;
253662911;Yutaka Sushi Nori 11G;£1.79;£16.28/100g;Cooking Sauces & Meal Kits;Japanese;1024kJ/ -;53.3;null;null;2.9;null;null;1.4;
282842842;Yutaka Yellow Miso Soup 50G;£1.50;£3.00/100g;Cooking Sauces & Meal Kits;Japanese;653kJ 108kJ;9.7;null;null;4.8;null;null;10.1;
272854926;Yutaka Udon Noodles 250G;£1.29;£0.52/100g;Cooking Sauces & Meal Kits;Japanese;352;9.5;null;null;0.9;null;null;2.3;
282842931;Yutaka Red Miso Soup 50G;£1.50;£3.00/100g;Cooking Sauces & Meal Kits;Japanese;745kJ 123kJ;11.9;null;null;6.2;null;null;9.7;
253656602;Yutaka Japanese Mirin 150Ml;£1.59;£1.06/100ml;Cooking Sauces & Meal Kits;Japanese;218 ;0.1;null;null;0.5;null;null;0.1;
272916318;Yutaka Tofu 349G;£1.59;£0.46/100g;Cooking Sauces & Meal Kits;Japanese;62;6.9;null;null;2.7;null;null;0.1;
253663576;Yutaka Sushi Ginger 190G;£1.99;£1.05/100g;Cooking Sauces & Meal Kits;Japanese;6;0.1;null;null;02;null;null;2.14;
255776883;Al'fez Falafel 150G;£0.99;£0.66/100g;Cooking Sauces & Meal Kits;Moroccan Sauces;null;7.1;null;null;13.8;null;8.8;null;
282669860;Al'fez Natural Tahini 160G;£1.99;£1.25/100g;Cooking Sauces & Meal Kits;Moroccan Sauces;686 ;24.5;12;null;60;null;11.6;0.43;
282669635;Al'fez Moroccan Meatball Sauce 350G;£1.99;£0.57/100g;Cooking Sauces & Meal Kits;Moroccan Sauces;null;1.6;15.2;null;5.5;null;0.5;0.34;
282669468;Al'fez Paprika And Coriandr Stir Fry 120G;£1.49;£1.25/100g;Cooking Sauces & Meal Kits;Moroccan Sauces;null;1.9;7.4;null;4.6;null;1.29;0.2;
282669742;Al'fez Moroccan Meal Kit 275G;£2.49;£0.91/100g;Cooking Sauces & Meal Kits;Moroccan Sauces;null;7.3;50.2;null;6.3;null;3.8;0.59;
259874910;Al'fez Harissa Paste 100G;£1.79;£1.79/100g;Cooking Sauces & Meal Kits;Moroccan Sauces;null;4.0;null;null;11.2;null;3.4;2.02;
282669402;Alfez Apricot And Chilli Stir Fry 120G;£1.49;£1.25/100g;Cooking Sauces & Meal Kits;Moroccan Sauces;null;1.19;14.1;null;7.0;null;1.29;0.52;
259876332;Al'fez Apricot And Coriander Tagine Pour Sauce 350G;£1.89;£0.54/100g;Cooking Sauces & Meal Kits;Moroccan Sauces;null;1.4;19.0;null;5.1;null;1.2;null;
272730071;Cook Italian Grated Hard Cheese 50G;£1.70;£3.40/100g;Cooking Sauces & Meal Kits;Pizza Sauce & Kits;2204kJ 331kJ - 8400kJ;42.5;null;null;38.3;null;0;1.9;
253126769;Gia Garlic Puree 90G;£0.75;£8.34/kg;Cooking Sauces & Meal Kits;Pizza Sauce & Kits;391 Kcal;3.3;null;null;41.3;null;null;null;
277130583;Tesco Tomato Garlic Pizza Topper 170G;£0.75;£0.44/100g;Cooking Sauces & Meal Kits;Pizza Sauce & Kits;80;2.2;null;7.1;3.7;0.3;2.5;0.8;
251505353;Gia Sun Dried Tomato Puree And Olive Oil 80G;£0.75;£9.38/kg;Cooking Sauces & Meal Kits;Pizza Sauce & Kits;204 Kcal;2.56;null;null;21.6;null;null;null;
258164485;Napolina Grated Cheese 50G;£1.50;£3.00/100g;Cooking Sauces & Meal Kits;Pizza Sauce & Kits;null;null;null;null;null;null;null;null;
279320574;Cook Italian Pizza Kit 450G;£1.70;£0.38/100g;Cooking Sauces & Meal Kits;Pizza Sauce & Kits;846kJ 1904kJ - 8400kJ;7.0;null;null;2.8;null;2.6;0.7;
257709166;Napolina Mini Pizza Bases 300G;£1.70;£5.67/kg;Cooking Sauces & Meal Kits;Pizza Sauce & Kits;291;7.9;null;null;3.0;null;0.2;null;
254999373;Napolina 2 Pizzeria Bases 300G;£1.70;£5.67/kg;Cooking Sauces & Meal Kits;Pizza Sauce & Kits;291;7.9;null;null;3.0;null;0.2;null;
253836240;Napolina Pizza Topping Tomato And Basil 300G;£1.10;£0.37/100g;Cooking Sauces & Meal Kits;Pizza Sauce & Kits;null;null;null;null;null;null;null;null;
254643414;A/Harriott Sun Dried Tomato And Garlic Cous Cous 100G;£0.74;£7.40/kg;Dried Pasta, Rice, Noodles & Cous Cous;Cous Cous;595kJ 774kJ;5.1;null;null;0.9;null;2.2;0.67;
254848702;Ainsley Harriott Moroccan Medley Cous Cous 100G;£0.74;£7.40/kg;Dried Pasta, Rice, Noodles & Cous Cous;Cous Cous;579kJ 754kJ;5.4;null;null;1.5;null;2.2;null;
253748557;Tesco Mediterranean Cous Cous 110G;£0.50;£4.55/kg;Dried Pasta, Rice, Noodles & Cous Cous;Cous Cous;125;3.6;null;1.3;1.7;0.8;4.2;0.6;
253748603;Tesco Wild Mushroom Cous Cous 110G;£0.50;£4.55/kg;Dried Pasta, Rice, Noodles & Cous Cous;Cous Cous;139;4.3;null;1.9;0.9;0.4;1.4;0.4;
277733296;Ainsley Harriott Lime And Coriander Couscous 100G;£0.74;£7.40/kg;Dried Pasta, Rice, Noodles & Cous Cous;Cous Cous;603kJ 784kJ;4.9;null;null;1.2;null;1.8;null;
264130326;Tesco Roasted Vegetable Cous Cous 110G;£0.50;£4.55/kg;Dried Pasta, Rice, Noodles & Cous Cous;Cous Cous;149;6.1;null;2.1;1.4;0.7;0.9;0.5;
267074318;Ainsley Harriott Aromatic Thai Cous Cous 100G;£0.74;£7.40/kg;Dried Pasta, Rice, Noodles & Cous Cous;Cous Cous;570kJ 741kJ;5.5;null;null;1.6;null;1.5;null;
253748586;Tesco Coriander And Lemon Cous Cous 110G;£0.50;£4.55/kg;Dried Pasta, Rice, Noodles & Cous Cous;Cous Cous;147;5.1;null;1.6;1.1;0.4;2.0;0.4;
273422117;Ainsley Harriott Chilli Couc Cous 100G;£0.74;£7.40/kg;Dried Pasta, Rice, Noodles & Cous Cous;Cous Cous;615kJ 800kJ;5.1;null;null;1.0;null;1.3;0.64;
254666652;Ainsley Harriott Spice Sensation Cous Cous 100G;£0.74;£7.40/kg;Dried Pasta, Rice, Noodles & Cous Cous;Cous Cous;581kJ 753kJ;5.1;null;null;1.1;null;2.7;null;
254718874;Ainsley Harriott Roasted Vegetable Cous Cous 100G;£0.74;£7.40/kg;Dried Pasta, Rice, Noodles & Cous Cous;Cous Cous;611kJ 798kJ;5.3;null;null;1.2;null;1.5;null;
255447864;Batchelors Super Noodles Mild Curry 100G;£0.81;£8.10/kg;Dried Pasta, Rice, Noodles & Cous Cous;Noodles;176;3.2;null;null;7.9;null;0.4;0.43;
258112115;Amoy Fine Rice Noodles 300G;£1.79;£5.97/kg;Dried Pasta, Rice, Noodles & Cous Cous;Noodles;458kJ 687kJ;1.8;null;null;0.5;null;1.5;0.1;
257727052;Batchelors Super Noodles 98% F/Free Sweet Thai Chilli 85G;£0.81;£9.53/kg;Dried Pasta, Rice, Noodles & Cous Cous;Noodles;null;11.5;null;null;1.5;null;0.3;1.43;
255447829;Batchelors Super Noodles Bacon 100G;£0.81;£8.10/kg;Dried Pasta, Rice, Noodles & Cous Cous;Noodles;176;3.2;null;null;7.9;null;0.5;0.44;
255631231;Tesco Chicken Flavour Instant Noodles 85G;£0.30;£3.53/kg;Dried Pasta, Rice, Noodles & Cous Cous;Noodles;166;3.8;null;0.6;4.8;1.6;3.3;0.4;
255447806;Batchelors Super Noodles Chinese Style 100G;£0.81;£8.10/kg;Dried Pasta, Rice, Noodles & Cous Cous;Noodles;177;3.1;null;null;7.9;null;0.4;0.43;
268553228;Amoy Straight To Wok Ribbon Rice Noodles 2X150g;£1.79;£5.97/kg;Dried Pasta, Rice, Noodles & Cous Cous;Noodles;548kJ 822kJ;0.6;null;null;Trace;null;0.9;0.1;
278722175;Batchelors Supernoodles Roast Beef 100G;£0.81;£8.10/kg;Dried Pasta, Rice, Noodles & Cous Cous;Noodles;178;3.2;null;null;7.9;null;0.4;0.44;
258112599;Amoy Straight To Wok Singapore Noodles 2X150g;£1.79;£5.97/kg;Dried Pasta, Rice, Noodles & Cous Cous;Noodles;660kJ 990kJ;4.9;null;null;2.0;null;2.5;0.2;
255005760;Batchelors Super Noodles Southern Fried Chicken 100G;£0.81;£8.10/kg;Dried Pasta, Rice, Noodles & Cous Cous;Noodles;177;3.2;null;null;7.9;null;0.5;0.43;
278721372;Batchelors Super Noodles Chicken Mushroom 100G;£0.81;£8.10/kg;Dried Pasta, Rice, Noodles & Cous Cous;Noodles;178;3.2;null;null;8.0;null;0.5;0.44;
264788135;Batchelors Supernoodles Low Fat Chilli Chicken 85G;£0.81;£9.53/kg;Dried Pasta, Rice, Noodles & Cous Cous;Noodles;null;3.5;null;null;0.4;null;0.1;0.51;
250322766;Amoy Straight To Wok Thread Egg Noodles 2 X 150G;£1.79;£5.97/kg;Dried Pasta, Rice, Noodles & Cous Cous;Noodles;652kJ 977kJ;5.4;null;null;0.6;null;1.8;0.2;
278727849;Batchelors Supernoodles Chicken Herb 85G;£0.81;£9.53/kg;Dried Pasta, Rice, Noodles & Cous Cous;Noodles;null;3.6;null;null;0.4;null;0.1;0.51;
255631300;Tesco Chow Mein Flavoured Instant Noddles 85G;£0.30;£3.53/kg;Dried Pasta, Rice, Noodles & Cous Cous;Noodles;110;2.6;null;0.4;4.1;1.9;0.8;null;
278721591;Batchelors Super Noodles Peppered Steak 100G;£0.81;£8.10/kg;Dried Pasta, Rice, Noodles & Cous Cous;Noodles;178;3.2;null;null;7.9;null;0.5;0.44;
255630710;Tesco Everyday Value Curry Flavour Instant Noodles 65G;£0.20;£3.08/kg;Dried Pasta, Rice, Noodles & Cous Cous;Noodles;145;3.2;null;0.6;5.7;2.8;1.2;null;
255630848;Tesco Everyday Value Chicken Flavour Instant Noodles 65G;£0.20;£3.08/kg;Dried Pasta, Rice, Noodles & Cous Cous;Noodles;152;3.8;null;0.5;5.9;1.7;3.2;0.4;
255438282;Batchelors Super Noodles Chicken 100G;£0.81;£8.10/kg;Dried Pasta, Rice, Noodles & Cous Cous;Noodles;176;3.1;null;null;7.9;null;0.5;0.43;
255438869;Batchelors Super Noodles Barbecue 100G;£0.81;£8.10/kg;Dried Pasta, Rice, Noodles & Cous Cous;Noodles;176;3.2;null;null;7.9;null;0.5;0.44;
250322524;Amoy Straight To Work Medium Noodles 2 Pack 300G;£1.79;£5.97/kg;Dried Pasta, Rice, Noodles & Cous Cous;Noodles;642kJ 936kJ;4.0;null;null;0.8;null;2.1;0.3;
251994550;Amoy Stw Medium Noodles 600G;£2.59;£4.32/kg;Dried Pasta, Rice, Noodles & Cous Cous;Noodles;624kJ 936kJ;4.0;null;null;0.8;null;2.1;0.3;
272854114;Blue Dragon Whole Wheat Noodles 300G;£1.39;£4.64/kg;Dried Pasta, Rice, Noodles & Cous Cous;Noodles;1474 kJ / 737 kJ /;12.5;null;null;1.6;null;5.8;1.0;
264625945;Sharwoods Stir Fry Wet Pad Thai Noodles;£1.69;£5.64/kg;Dried Pasta, Rice, Noodles & Cous Cous;Noodles;null;4.9;27.6;null;1.5;null;2.8;0.25;
272854241;Blue Dragon Fine Egg Noodles 300G;£1.39;£4.64/kg;Dried Pasta, Rice, Noodles & Cous Cous;Noodles;1344kJ/ 672kJ/;10.1;null;null;2.4;null;3.1;null;
276826418;Sharwoods Fine Wet Noodles 300G;£1.69;£5.64/kg;Dried Pasta, Rice, Noodles & Cous Cous;Noodles;null;4.7;26.1;null;1.0;null;2.0;0.18;
272666008;Blue Dragon Medium Noodles 2 Pack 100G;£0.69;£6.90/kg;Dried Pasta, Rice, Noodles & Cous Cous;Noodles;1344kJ/ 672kJ/;10.1;null;null;2.4;null;3.1;null;
276056782;Tesco Straight To Wok Medium Noodles 300G;£1.00;£3.34/kg;Dried Pasta, Rice, Noodles & Cous Cous;Noodles;151;5.5;null;0;2.1;0.2;2.6;0.3;
272556657;Koka Instant Noodles Chicken Flavour 70G;£0.89;£12.72/kg;Dried Pasta, Rice, Noodles & Cous Cous;Noodles;null;null;null;null;null;null;null;null;
272673304;Mama Vermicelli Noodles 225G;£1.49;£6.63/kg;Dried Pasta, Rice, Noodles & Cous Cous;Noodles;358;6.6;null;null;0;null;1.9;0.07;
254462378;Koka Instant Noodles Curry Flavour 85G;£0.39;£4.59/kg;Dried Pasta, Rice, Noodles & Cous Cous;Noodles;null;null;null;null;null;null;null;null;
267006372;Sharwoods Medium Chilli Egg Noodles 375G;£1.75;£4.67/kg;Dried Pasta, Rice, Noodles & Cous Cous;Noodles;null;11.3;68.7;null;1.7;null;3.9;0.96;
254462173;Koka Instant Noodles Chicken Flavour 85G;£0.39;£4.59/kg;Dried Pasta, Rice, Noodles & Cous Cous;Noodles;null;null;null;null;null;null;null;null;
255006056;Amoy Udon Noodles 300G;£1.79;£5.97/kg;Dried Pasta, Rice, Noodles & Cous Cous;Noodles;537kJ 806kJ;4.9;null;null;Trace;null;2.1;0.3;
264626057;Sharwoods Stir Fry Wet Noodles 300G;£1.69;£5.64/kg;Dried Pasta, Rice, Noodles & Cous Cous;Noodles;null;5.1;28.5;null;1.2;null;2.9;0.25;
272854385;Blue Dragon Medium Egg Noodles 300G;£1.39;£4.64/kg;Dried Pasta, Rice, Noodles & Cous Cous;Noodles;1344kJ/ 672kJ/;10.1;null;null;2.4;null;3.1;null;
258491569;Sharwoods Medium Egg Noodles 2X375g;£2.99;£3.99/kg;Dried Pasta, Rice, Noodles & Cous Cous;Noodles;null;12.0;70.0;null;1.9;null;2.5;0.75;
258491385;Sharwoods Fine Egg Thread Noodles 375G;£1.75;£4.67/kg;Dried Pasta, Rice, Noodles & Cous Cous;Noodles;null;12.0;70.0;null;1.9;null;2.5;0.75;
258491310;Sharwoods Medium Noodles 375G;£1.75;£4.67/kg;Dried Pasta, Rice, Noodles & Cous Cous;Noodles;null;12.0;70.0;null;1.9;null;2.5;0.75;
276056557;Tesco Straight To Wok Udon Noodles 300G;£1.00;£3.34/kg;Dried Pasta, Rice, Noodles & Cous Cous;Noodles;180;3.3;null;0;2.0;0.2;1.3;null;
263399159;Mama Shrimp Tom Yum Noodles 60G;£0.40;£0.67/100g;Dried Pasta, Rice, Noodles & Cous Cous;Noodles;null;null;null;null;null;null;null;null;
266026159;Maggi 2 Minute Chicken Flavour Noodles 77G;null;null;Dried Pasta, Rice, Noodles & Cous Cous;Noodles;null;1.8;null;null;3.6;null;0.6;null;
283054157;Maggi 2 Minute Masala Spicy Noodles 70G;null;null;Dried Pasta, Rice, Noodles & Cous Cous;Noodles;411kJ 1311kJ 8400kJ -;2.4;null;null;3.5;null;0.8;0.67;
276826574;Nissin Demae Ramen Chicken Noodles 100G;£0.45;£0.45/100g;Dried Pasta, Rice, Noodles & Cous Cous;Noodles;93 ;1.9;null;null;4.4;null;null;null;
276826925;Nissin Demae Ramen Sesame Noodles 100G;£0.45;£0.45/100g;Dried Pasta, Rice, Noodles & Cous Cous;Noodles;94 ;1.9;null;null;4.4;null;null;null;
276846803;Nissin Demae Ramen Beef Noodles 100G;£0.45;£0.45/100g;Dried Pasta, Rice, Noodles & Cous Cous;Noodles;95 ;1.9;null;null;4.5;null;null;null;
283223142;Barilla Penne Rigate 500G;£0.75;£1.50/kg;Dried Pasta, Rice, Noodles & Cous Cous;Pasta & Spaghetti;null;null;null;null;null;null;null;null;
254878482;Tesco Penne Pasta Quills 500G;£0.75;£1.50/kg;Dried Pasta, Rice, Noodles & Cous Cous;Pasta & Spaghetti;360;12.5;null;2.4;1.4;0.3;2.6;0.1;
255340137;Tesco Quick Cook Penne 500G;£0.75;£1.50/kg;Dried Pasta, Rice, Noodles & Cous Cous;Pasta & Spaghetti;360;12.5;null;2.4;1.4;0.3;2.6;0.1;
258192192;Napolina Penne Pasta 1Kg;£2.00;£2.00/kg;Dried Pasta, Rice, Noodles & Cous Cous;Pasta & Spaghetti;null;null;null;null;null;null;null;null;
283647527;Cook Italian Bronze Whole Wheat Penne Pasta 500G;£1.50;£3.00/kg;Dried Pasta, Rice, Noodles & Cous Cous;Pasta & Spaghetti;null;13.0;null;null;1.8;null;8.0;trace;
254236998;Tesco Finest Pennoni Rigate Pasta 500G;£1.70;£3.40/kg;Dried Pasta, Rice, Noodles & Cous Cous;Pasta & Spaghetti;363;14.0;null;0.6;1.5;0.2;1.6;0.01;
284210271;Barilla Mezze Penne Tricolore 500G;£0.90;£1.80/kg;Dried Pasta, Rice, Noodles & Cous Cous;Pasta & Spaghetti;null;null;null;null;null;null;null;null;
286682013;Toscana Penne Carbonara 200G;£1.70;£8.50/kg;Dried Pasta, Rice, Noodles & Cous Cous;Pasta & Spaghetti;606 kJ 1212 kJ 15%;4.1;null;null;8.8;null;1.0;1.2;
253167098;Tesco Penne Pasta Quills 1Kg;£1.20;£1.20/kg;Dried Pasta, Rice, Noodles & Cous Cous;Pasta & Spaghetti;360;12.5;null;2.4;1.4;0.3;2.6;0.1;
286689766;Toscana Penne Beef Bolognese 200G;£1.70;£8.50/kg;Dried Pasta, Rice, Noodles & Cous Cous;Pasta & Spaghetti;592 kJ 1362 kJ -;6.9;null;null;6.5;null;1.3;1.2;
286283687;Barilla Tortellini Grandi Ricotta And Spinach 225G;£1.49;£6.63/kg;Dried Pasta, Rice, Noodles & Cous Cous;Pasta & Spaghetti;null;null;null;null;null;null;null;null;
255848067;Napolina Penne Rigate Bronze Pasta 500G;£2.09;£4.18/kg;Dried Pasta, Rice, Noodles & Cous Cous;Pasta & Spaghetti;null;null;null;null;null;null;null;null;
286681861;Toscana Penne Tomato And Basil 200G;£1.70;£8.50/kg;Dried Pasta, Rice, Noodles & Cous Cous;Pasta & Spaghetti;397 kJ 913 kJ 11%;3.2;null;null;2.9;null;1.2;1.0;
286690717;Toscana Penne Tomato And Chilli 200G;£1.70;£8.50/kg;Dried Pasta, Rice, Noodles & Cous Cous;Pasta & Spaghetti;541 kJ 1244 kJ -;3.1;null;null;6.5;null;1.6;1.3;
286429833;Weight Watchers 50/50 Penne Pasta 500G;£1.00;£2.00/kg;Dried Pasta, Rice, Noodles & Cous Cous;Pasta & Spaghetti;1473kJ/ 1105kJ/ -;11.1;null;null;1.6;null;5.3;0.1;
283223067;Barilla Fusilli 500G;£0.75;£1.50/kg;Dried Pasta, Rice, Noodles & Cous Cous;Pasta & Spaghetti;null;null;null;null;null;null;null;null;
255111674;De Cecco Penne Rigate 500G;£1.55;£3.10/kg;Dried Pasta, Rice, Noodles & Cous Cous;Pasta & Spaghetti;null;13.0;null;null;1.5;null;2.9;null;
254167557;Napolina Penne 500G;£1.30;£2.60/kg;Dried Pasta, Rice, Noodles & Cous Cous;Pasta & Spaghetti;null;null;null;null;null;null;null;null;
267558490;Cook Italian Penne 500G;£1.50;£3.00/kg;Dried Pasta, Rice, Noodles & Cous Cous;Pasta & Spaghetti;1530kJ 1147kJ 14% 8400kJ;13.5;null;null;1.5;null;1.6;0.1;
251477765;Tesco Everyday Value Penne 500G;£0.30;£0.60/kg;Dried Pasta, Rice, Noodles & Cous Cous;Pasta & Spaghetti;351;12.0;null;2.5;1.5;0.5;0.8;0.1;
267558334;Cook Italian Fusilli 500G;£1.50;£3.00/kg;Dried Pasta, Rice, Noodles & Cous Cous;Pasta & Spaghetti;null;13.5;null;null;1.5;null;1.6;trace;
286173642;Cook Italian Fusilli 1Kg;£2.50;£2.50/kg;Dried Pasta, Rice, Noodles & Cous Cous;Pasta & Spaghetti;1530kJ 1147kJ 14% 8400kJ/2000kcal;13.5;null;null;1.5;null;1.6;0.1;
274360349;Napolina Egg Canellonni 250G;£1.00;£4.00/kg;Dried Pasta, Rice, Noodles & Cous Cous;Pasta & Spaghetti;364 ;13.5;null;null;3.1;null;null;null;
255340108;Tesco Quick Cook Fusilli 500G;£0.75;£1.50/kg;Dried Pasta, Rice, Noodles & Cous Cous;Pasta & Spaghetti;360;12.5;null;2.4;1.4;0.3;2.6;0.1;
254878545;Tesco Fusilli Pasta Twists 500G;£0.75;£1.50/kg;Dried Pasta, Rice, Noodles & Cous Cous;Pasta & Spaghetti;360;12.5;null;2.4;1.4;0.3;2.6;null;
254878499;Tesco Fusilli Pasta Twists 1Kg;£1.20;£1.20/kg;Dried Pasta, Rice, Noodles & Cous Cous;Pasta & Spaghetti;360;12.5;null;2.4;1.4;0.3;2.6;0.1;
254878614;Tesco Whole Wheat Fusilli Pasta 500G;£0.75;£1.50/kg;Dried Pasta, Rice, Noodles & Cous Cous;Pasta & Spaghetti;334;12.1;null;2.1;2.5;0.2;7.2;0.1;
262189968;Napolina Whole Wheat Fusilli 500G;£1.30;£2.60/kg;Dried Pasta, Rice, Noodles & Cous Cous;Pasta & Spaghetti;null;null;null;null;null;null;null;null;
284210294;Barilla Lasagne 500G;£0.82;£1.64/kg;Dried Pasta, Rice, Noodles & Cous Cous;Pasta & Spaghetti;null;null;null;null;null;null;null;null;
284182850;Tesco Healthy Living High Protein Fusilli 250G;£0.85;£3.40/kg;Dried Pasta, Rice, Noodles & Cous Cous;Pasta & Spaghetti;366;25.0;null;3.8;1.8;0.3;4.7;null;
251966083;De Cecco Fusilli 500G;£1.55;£3.10/kg;Dried Pasta, Rice, Noodles & Cous Cous;Pasta & Spaghetti;null;13.0;null;null;1.5;null;2.9;null;
260526631;Tesco Organic Whole Wheat Fusilli 500G;£1.00;£2.00/kg;Dried Pasta, Rice, Noodles & Cous Cous;Pasta & Spaghetti;340;12.7;null;2.1;2.5;0.2;9.0;0.1;
286416203;Weight Watchers 50/50 Fusilli Pasta 500G;£1.00;£2.00/kg;Dried Pasta, Rice, Noodles & Cous Cous;Pasta & Spaghetti;null;11.1;null;null;1.6;null;5.3;0.1;
254878522;Tesco Tricolore Fusilli Pasta Twists 500G;£0.75;£1.50/kg;Dried Pasta, Rice, Noodles & Cous Cous;Pasta & Spaghetti;360;12.5;null;2.4;1.4;0.3;2.6;0.1;
255721476;Napolina Fusili Bronze Pasta 500G;£2.09;£4.18/kg;Dried Pasta, Rice, Noodles & Cous Cous;Pasta & Spaghetti;null;null;null;null;null;null;null;null;
257715515;Napolina Lasagne Egg Pasta 375G;£1.40;£3.74/kg;Dried Pasta, Rice, Noodles & Cous Cous;Pasta & Spaghetti;null;null;null;null;null;null;null;null;
283647602;Cook Italian Bronze Whole Wheat Fusilli Pasta 500G;£1.50;£3.00/kg;Dried Pasta, Rice, Noodles & Cous Cous;Pasta & Spaghetti;null;13.0;null;null;1.8;null;8.0;trace;
254167603;Napolina Fusilli Pasta 500G;£1.30;£2.60/kg;Dried Pasta, Rice, Noodles & Cous Cous;Pasta & Spaghetti;null;null;null;null;null;null;null;null;
284210518;Barilla Cannelloni 250G;£1.15;£4.60/kg;Dried Pasta, Rice, Noodles & Cous Cous;Pasta & Spaghetti;null;null;null;null;null;null;null;null;
258191360;Napolina Fusilli Pasta 1Kg;£2.00;£2.00/kg;Dried Pasta, Rice, Noodles & Cous Cous;Pasta & Spaghetti;null;null;null;null;null;null;null;null;
258131271;Napolina Rigatoni Pasta Shapes 500G;£1.30;£2.60/kg;Dried Pasta, Rice, Noodles & Cous Cous;Pasta & Spaghetti;null;null;null;null;null;null;null;null;
279322520;Cook Italian Trofie Pasta 500G;£1.50;£3.00/kg;Dried Pasta, Rice, Noodles & Cous Cous;Pasta & Spaghetti;null;13.5;null;0.6;1.5;0.2;1.6;trace;
258191417;Napolina Rigatoni Pasta 1Kg;£2.00;£2.00/kg;Dried Pasta, Rice, Noodles & Cous Cous;Pasta & Spaghetti;null;null;null;null;null;null;null;null;
250647186;De Cecco Tortiglioni 500G;£1.55;£3.10/kg;Dried Pasta, Rice, Noodles & Cous Cous;Pasta & Spaghetti;null;13.0;null;null;1.5;null;2.9;null;
251279936;Italfresco Ready Made Polenta 500G;£0.75;£1.50/kg;Dried Pasta, Rice, Noodles & Cous Cous;Pasta & Spaghetti;75 ;1,7;null;null;0,5;null;null;1,3;
287133737;Barilla Whole Wheat Pipe Rigate 500G;£0.80;£1.60/kg;Dried Pasta, Rice, Noodles & Cous Cous;Pasta & Spaghetti;null;null;null;null;null;null;null;null;
267558036;Cook Italian Conchiglie 500G;£1.50;£3.00/kg;Dried Pasta, Rice, Noodles & Cous Cous;Pasta & Spaghetti;null;13.5;null;null;1.5;null;1.6;trace;
250227879;Tesco Everyday Value Lasagne Sheets 250G;£0.40;£1.60/kg;Dried Pasta, Rice, Noodles & Cous Cous;Pasta & Spaghetti;360;12.5;null;2.4;1.4;0.3;2.6;0.1;
286283480;Barilla Conchiglie Rigate 500G;£0.75;£1.50/kg;Dried Pasta, Rice, Noodles & Cous Cous;Pasta & Spaghetti;1521/359 1293/305 15%;null;null;null;null;null;null;null;
286348813;Napolina Farfalle 500G;£1.30;£2.60/kg;Dried Pasta, Rice, Noodles & Cous Cous;Pasta & Spaghetti;null;null;null;null;null;null;null;null;
255714560;Napolina Tortiglioni Bronze Pasta 500G;£2.09;£4.18/kg;Dried Pasta, Rice, Noodles & Cous Cous;Pasta & Spaghetti;null;null;null;null;null;null;null;null;
254240128;Tesco Free Range Egg Lasagne 500G;£0.75;£1.50/kg;Dried Pasta, Rice, Noodles & Cous Cous;Pasta & Spaghetti;360;14.0;null;2.0;3.5;1.0;2.6;0.1;
254167586;Napolina Conchiglie 500G;£1.30;£2.60/kg;Dried Pasta, Rice, Noodles & Cous Cous;Pasta & Spaghetti;null;null;null;null;null;null;null;null;
267929456;Tesco Cannelloni Pasta 250G;£0.75;£3.00/kg;Dried Pasta, Rice, Noodles & Cous Cous;Pasta & Spaghetti;360;12.5;null;2.4;1.4;0.3;2.6;0.1;
275565025;Don Mario Pasta Twists 500G;£0.50;£0.10/100g;Dried Pasta, Rice, Noodles & Cous Cous;Pasta & Spaghetti;336 ;12.0;null;null;1;null;null;null;
286283290;Barilla Tortellini Ham And Cheese 225G;£1.25;£5.56/kg;Dried Pasta, Rice, Noodles & Cous Cous;Pasta & Spaghetti;null;null;null;null;null;null;null;null;
279322290;Cook Italian Orecchiette Pasta 500G;£1.50;£3.00/kg;Dried Pasta, Rice, Noodles & Cous Cous;Pasta & Spaghetti;null;13.5;null;null;1.5;null;1.6;trace;
250211327;Tesco Lasagne 500G;£0.75;£1.50/kg;Dried Pasta, Rice, Noodles & Cous Cous;Pasta & Spaghetti;360;12.5;null;2.4;1.4;0.3;2.6;0.1;
285694254;Tesco Finest Egg Lasagne Pasta 250G;£1.70;£6.80/kg;Dried Pasta, Rice, Noodles & Cous Cous;Pasta & Spaghetti;367;16.0;null;1.5;5.0;1.8;2.6;0.1;
284210449;Barilla Tortiglioni 500G;£0.75;£1.50/kg;Dried Pasta, Rice, Noodles & Cous Cous;Pasta & Spaghetti;null;null;null;null;null;null;null;null;
254236848;Tesco Finest Pasta Conchiglioni Rigate 500G;£1.70;£3.40/kg;Dried Pasta, Rice, Noodles & Cous Cous;Pasta & Spaghetti;363;14.0;null;0.6;1.5;0.2;1.6;0.01;
254878539;Tesco Conchiglie Pasta Shells 500G;£0.75;£1.50/kg;Dried Pasta, Rice, Noodles & Cous Cous;Pasta & Spaghetti;360;12.5;null;2.4;1.4;0.3;2.6;0.1;
254878476;Tesco Farfalle Pasta Bows 500G;£0.75;£1.50/kg;Dried Pasta, Rice, Noodles & Cous Cous;Pasta & Spaghetti;360;12.5;null;2.4;1.4;0.3;2.6;0.1;
273961567;Tesco Gnocchi 500G;£0.99;£1.98/kg;Dried Pasta, Rice, Noodles & Cous Cous;Pasta & Spaghetti;132;3.2;null;0.2;0.1;0.1;1.9;0.8;
255343036;Tesco Conchiglie Pasta Shells 3Kg;£3.20;£1.07/kg;Dried Pasta, Rice, Noodles & Cous Cous;Pasta & Spaghetti;360;12.5;null;2.4;1.4;0.3;2.6;0.1;
286416687;Weight Watchers 50/50 Conchiglia Pasta 500G;£1.00;£2.00/kg;Dried Pasta, Rice, Noodles & Cous Cous;Pasta & Spaghetti;null;11.1;null;null;1.6;null;5.3;0.1;
277016742;Tesco Spirali 500G;£0.75;£1.50/kg;Dried Pasta, Rice, Noodles & Cous Cous;Pasta & Spaghetti;360;12.5;null;2.4;1.4;0.3;2.6;0.1;
250028337;Tesco Macaroni 1Kg;£1.20;£1.20/kg;Dried Pasta, Rice, Noodles & Cous Cous;Pasta & Spaghetti;360;12.5;null;2.4;1.4;0.3;2.6;0.1;
254878637;Tesco Macaroni 500G;£0.75;£1.50/kg;Dried Pasta, Rice, Noodles & Cous Cous;Pasta & Spaghetti;360;12.5;null;2.4;1.4;0.3;2.6;0.1;
254878516;Tesco Conchiglie Pasta Shells 1Kg;£1.20;£1.20/kg;Dried Pasta, Rice, Noodles & Cous Cous;Pasta & Spaghetti;360;12.5;null;2.4;1.4;0.3;2.6;null;
259578648;Trattoria Verdi Potato Gnocchi 500G;£0.70;£1.40/kg;Dried Pasta, Rice, Noodles & Cous Cous;Pasta & Spaghetti;155;3.7;null;0;0.5;0;2.2;1.0;
254239488;Tesco Penne Pasta Quills 3Kg;£3.20;£1.07/kg;Dried Pasta, Rice, Noodles & Cous Cous;Pasta & Spaghetti;360;12.5;null;2.4;1.4;0.3;2.6;0.1;
255343007;Tesco Fusilli Pasta Twists 3Kg;£3.20;£1.07/kg;Dried Pasta, Rice, Noodles & Cous Cous;Pasta & Spaghetti;360;12.5;null;2.4;1.4;0.3;2.6;0.1;
262191170;Gnocchi Di Patate 500G;£2.30;£4.60/kg;Dried Pasta, Rice, Noodles & Cous Cous;Pasta & Spaghetti;null;3.5;null;null;0.5;null;1.7;null;
277016811;Tesco Rigatoni 500G;£0.75;£1.50/kg;Dried Pasta, Rice, Noodles & Cous Cous;Pasta & Spaghetti;360;12.5;null;2.4;1.4;0.3;2.6;0.1;
262033617;Tesco Dischi Volanti 500G;£0.75;£1.50/kg;Dried Pasta, Rice, Noodles & Cous Cous;Pasta & Spaghetti;360;12.5;null;2.4;1.4;0.3;2.6;0.1;
277018112;Tesco Finest Gigli Pasta 500G;£1.70;£3.40/kg;Dried Pasta, Rice, Noodles & Cous Cous;Pasta & Spaghetti;363;14.0;null;0.6;1.5;0.2;1.6;0.01;
277017009;Tesco Marghartine Soup Pasta 250G;£0.50;£2.00/kg;Dried Pasta, Rice, Noodles & Cous Cous;Pasta & Spaghetti;360;12.5;null;2.4;1.4;0.3;2.6;0.1;
262038163;Tesco Caserecce Pasta 500G;£0.75;£1.50/kg;Dried Pasta, Rice, Noodles & Cous Cous;Pasta & Spaghetti;360;12.5;null;2.4;1.4;0.3;2.6;null;
268622118;Tesco Finest Orzo Pasta 500G;£1.70;£3.40/kg;Dried Pasta, Rice, Noodles & Cous Cous;Pasta & Spaghetti;363;14.0;null;0.6;1.5;0.2;1.6;0.01;
284182493;Barilla Spaghetti 500G;£0.75;£1.50/kg;Dried Pasta, Rice, Noodles & Cous Cous;Pasta & Spaghetti;null;null;null;null;null;null;null;null;
279793744;Tesco Finest Spaghetti Pasta 500G;£1.70;£3.40/kg;Dried Pasta, Rice, Noodles & Cous Cous;Pasta & Spaghetti;363;14.0;null;0.6;1.5;0.2;1.6;0.01;
267539288;Cook Italian Linguine 500G;£1.50;£3.00/kg;Dried Pasta, Rice, Noodles & Cous Cous;Pasta & Spaghetti;null;13.5;null;null;1.5;null;1.6;trace;
258289625;Tesco Everyday Value Spaghetti 500G;£0.20;£0.40/kg;Dried Pasta, Rice, Noodles & Cous Cous;Pasta & Spaghetti;351;12.0;null;2.5;1.5;0.5;0.8;0.1;
254878401;Tesco Short Spaghetti 500G;£0.75;£1.50/kg;Dried Pasta, Rice, Noodles & Cous Cous;Pasta & Spaghetti;360;12.5;null;2.4;1.4;0.3;2.6;0.1;
258192301;Napolina Spaghetti 1Kg;£2.00;£2.00/kg;Dried Pasta, Rice, Noodles & Cous Cous;Pasta & Spaghetti;null;null;null;null;null;null;null;null;
255340327;Tesco Quick Cook Spaghetti 500G;£0.75;£1.50/kg;Dried Pasta, Rice, Noodles & Cous Cous;Pasta & Spaghetti;360;12.5;null;2.4;1.4;0.3;2.6;0.1;
274360902;Napolina Bronze Die Linguine 500G;£1.99;£3.98/kg;Dried Pasta, Rice, Noodles & Cous Cous;Pasta & Spaghetti;null;null;null;null;null;null;null;null;
258131576;Napolina Short Spaghetti 500G;£1.30;£2.60/kg;Dried Pasta, Rice, Noodles & Cous Cous;Pasta & Spaghetti;null;null;null;null;null;null;null;null;
267558432;Cook Italian Pappardelle 250G;£1.50;£6.00/kg;Dried Pasta, Rice, Noodles & Cous Cous;Pasta & Spaghetti;null;13.5;null;null;1.5;null;1.6;trace;
274360159;Napolina Bronze Die Spaghetti 500G;£1.99;£3.98/kg;Dried Pasta, Rice, Noodles & Cous Cous;Pasta & Spaghetti;null;null;null;null;null;null;null;null;
253078422;Tesco Spaghetti 2Kg;£2.30;£1.15/kg;Dried Pasta, Rice, Noodles & Cous Cous;Pasta & Spaghetti;360;12.5;null;2.4;1.4;0.3;2.6;0.1;
250646417;De Cecco Linguine 500G;£1.55;£3.10/kg;Dried Pasta, Rice, Noodles & Cous Cous;Pasta & Spaghetti;null;13.0;null;null;1.5;null;2.9;null;
284197320;Barilla Linguine 500G;£0.75;£1.50/kg;Dried Pasta, Rice, Noodles & Cous Cous;Pasta & Spaghetti;null;null;null;null;null;null;null;null;
286416172;Weight Watchers 50/50 Spaghetti 500G;£1.00;£2.00/kg;Dried Pasta, Rice, Noodles & Cous Cous;Pasta & Spaghetti;null;11.1;null;null;1.6;null;5.3;0.1;
284210432;Barilla Tagliatelle 500G;£1.15;£2.30/kg;Dried Pasta, Rice, Noodles & Cous Cous;Pasta & Spaghetti;359 ;12;null;null;2,0;null;3,0;0,013;
267540896;Cook Italian Spaghetti 500G;£1.50;£3.00/kg;Dried Pasta, Rice, Noodles & Cous Cous;Pasta & Spaghetti;null;13.5;null;null;1.5;null;1.6;trace;
286173380;Cook Italian Spaghetti 1Kg;£2.50;£2.50/kg;Dried Pasta, Rice, Noodles & Cous Cous;Pasta & Spaghetti;1530kJ 1147kJ - 8400kJ;13.5;null;null;1.5;null;1.6;0.1;
250646832;De Cecco Spaghetti 500G;£1.55;£3.10/kg;Dried Pasta, Rice, Noodles & Cous Cous;Pasta & Spaghetti;352 ;13.0;null;null;1.5;null;2.9;0.01;
254878424;Tesco Spaghetti 1Kg;£1.20;£1.20/kg;Dried Pasta, Rice, Noodles & Cous Cous;Pasta & Spaghetti;360;12.5;null;2.4;1.4;0.3;2.6;0.1;
258191037;Napolina Tagliatelle Pasta 500G;£1.30;£2.60/kg;Dried Pasta, Rice, Noodles & Cous Cous;Pasta & Spaghetti;null;null;null;null;null;null;null;null;
274360516;Napolina Egg Fettucini 250G;£1.00;£4.00/kg;Dried Pasta, Rice, Noodles & Cous Cous;Pasta & Spaghetti;361 ;13.4;null;null;3.3;null;null;null;
250211356;Tesco Tagliatelle 500G;£0.75;£1.50/kg;Dried Pasta, Rice, Noodles & Cous Cous;Pasta & Spaghetti;360;12.5;null;2.4;1.4;0.3;2.6;0.1;
277018244;Tesco Finest Fusilli Lunghi Pasta 500G;£1.70;£3.40/kg;Dried Pasta, Rice, Noodles & Cous Cous;Pasta & Spaghetti;363;14.0;null;0.6;1.5;0.2;1.6;0.01;
256320177;Seeds Of Change Organic Semi Whole Wheat Tortiglioni 500G;£2.30;£4.60/kg;Dried Pasta, Rice, Noodles & Cous Cous;Pasta & Spaghetti;165;5.3;null;null;0.7;null;null;0.01;
260404390;Tesco Finest Linguine Pasta 500G;£1.70;£3.40/kg;Dried Pasta, Rice, Noodles & Cous Cous;Pasta & Spaghetti;363;14.0;null;0.6;1.5;0.2;1.6;0.01;
257798842;Tesco Linguine Pasta 500G;£0.75;£1.50/kg;Dried Pasta, Rice, Noodles & Cous Cous;Pasta & Spaghetti;360;12.5;null;2.4;1.4;0.3;2.6;0.1;
286266938;Barilla Whole Wheat Fusilli 500G;£0.75;£1.50/kg;Dried Pasta, Rice, Noodles & Cous Cous;Pasta & Spaghetti;null;null;null;null;null;null;null;null;
256320223;Seeds Of Change Organic Spinach Trotolle 500G;£2.30;£4.60/kg;Dried Pasta, Rice, Noodles & Cous Cous;Pasta & Spaghetti;168;5.3;null;null;0.7;null;null;0.01;
255874968;Tesco Organic Spaghetti 500G;£1.00;£2.00/kg;Dried Pasta, Rice, Noodles & Cous Cous;Pasta & Spaghetti;350;12.5;null;4.2;1.4;0.1;2.6;0.1;
286267004;Barilla Whole Wheat Spaghetti 500G;£0.75;£1.50/kg;Dried Pasta, Rice, Noodles & Cous Cous;Pasta & Spaghetti;null;null;null;null;null;null;null;null;
267539207;Cook Italian Whole Wheat Spaghetti 500G;£1.50;£3.00/kg;Dried Pasta, Rice, Noodles & Cous Cous;Pasta & Spaghetti;null;13.0;null;null;1.8;null;8.0;trace;
256611599;Tesco Egg Tagliatelle 500G;£0.75;£1.50/kg;Dried Pasta, Rice, Noodles & Cous Cous;Pasta & Spaghetti;360;14.0;null;2.0;3.5;1.0;2.6;0.1;
262190107;Napolina Whole Wheat Spaghetti 500G;£1.30;£2.60/kg;Dried Pasta, Rice, Noodles & Cous Cous;Pasta & Spaghetti;null;null;null;null;null;null;null;null;
254239528;Tesco Finest Egg Fettuccine Pasta 250G;£1.70;£6.80/kg;Dried Pasta, Rice, Noodles & Cous Cous;Pasta & Spaghetti;367;16.0;null;1.5;5.0;1.8;2.6;0.1;
262039375;Tesco Tripoline Pasta 500G;£0.75;£1.50/kg;Dried Pasta, Rice, Noodles & Cous Cous;Pasta & Spaghetti;360;12.5;null;2.4;1.4;0.3;2.6;0.1;
282458361;Tesco Free From Tagliatelle 250G;£1.40;£5.60/kg;Dried Pasta, Rice, Noodles & Cous Cous;Pasta & Spaghetti;355;7.0;null;0.5;1.0;0.2;2.0;0.1;
274360672;Napolina Egg Pappardelle 250G;£1.00;£4.00/kg;Dried Pasta, Rice, Noodles & Cous Cous;Pasta & Spaghetti;361;13.4;null;null;3.3;null;null;null;
262190073;Napolina Whole Wheat Penne 500G;£1.30;£2.60/kg;Dried Pasta, Rice, Noodles & Cous Cous;Pasta & Spaghetti;335;14;null;null;3;null;9;null;
277018204;Tesco Finest Bucatini Pasta 500G;£1.70;£3.40/kg;Dried Pasta, Rice, Noodles & Cous Cous;Pasta & Spaghetti;363;14.0;null;0.6;1.5;0.2;1.6;0.01;
260526533;Tesco Whole Wheat Penne 500G;£0.75;£1.50/kg;Dried Pasta, Rice, Noodles & Cous Cous;Pasta & Spaghetti;334;12.1;null;2.1;2.5;0.2;7.2;0.1;
262043041;Tesco Organic Whole Wheat Spaghetti 500G;£1.00;£2.00/kg;Dried Pasta, Rice, Noodles & Cous Cous;Pasta & Spaghetti;340;12.7;null;2.1;2.5;0.2;9.0;0.1;
284738044;Naked Noodle Stir Fry Chow Mein 120G;£1.20;£10.00/kg;Dried Pasta, Rice, Noodles & Cous Cous;Rice;649kJ 857kJ;4.8;null;null;0.8;null;1.5;0.77;
255577744;Tesco Everyday Value Golden Vegetable Savoury Rice 120G;£0.25;£2.09/kg;Dried Pasta, Rice, Noodles & Cous Cous;Rice;116;2.6;null;1.4;0.4;0.2;1.9;0.4;
284776712;Batchelor's Super Rice Chinese 100G;£0.81;£8.10/kg;Dried Pasta, Rice, Noodles & Cous Cous;Rice;157;3.9;null;null;1.0;null;1.1;0.19;
284776833;Batchelor's Super Rice Beef 100G;£0.81;£8.10/kg;Dried Pasta, Rice, Noodles & Cous Cous;Rice;156;5.0;null;null;1.1;null;1.5;0.47;
251442449;Tesco Basmati Rice 4Kg;£6.49;£1.63/kg;Dried Pasta, Rice, Noodles & Cous Cous;Rice;356;8.5;null;0.2;1.0;0.2;1.8;0.01;
258472736;Tilda Basmati Brown Rice 1Kg;£4.95;£4.95/kg;Dried Pasta, Rice, Noodles & Cous Cous;Rice;null;8.6;null;null;2.8;null;3.4;0.01;
254877483;Tesco Basmati Rice 500G;£1.19;£2.38/kg;Dried Pasta, Rice, Noodles & Cous Cous;Rice;356;8.5;null;0.2;1.0;0.2;1.8;0.01;
255544887;Tilda Basmati And Wild Rice 500G;£3.00;£6.00/kg;Dried Pasta, Rice, Noodles & Cous Cous;Rice;null;8.1;null;null;1.0;null;1.5;0.01;
284741523;Naked Noodle Stir Fry Hoisin 120G;£1.20;£10.00/kg;Dried Pasta, Rice, Noodles & Cous Cous;Rice;592kJ 875kJ;4.3;null;null;0.7;null;2.3;0.83;
258353518;Tesco Finest Basmati Rice 1Kg;£2.69;£2.69/kg;Dried Pasta, Rice, Noodles & Cous Cous;Rice;350;8.5;null;0.1;0.8;0.3;2.1;0;
284776758;Batchelor's Super Rice Curry 100G;£0.81;£8.10/kg;Dried Pasta, Rice, Noodles & Cous Cous;Rice;156;4.3;null;null;0.9;null;0.9;0.47;
254877477;Tesco Basmati Rice 1Kg;£1.89;£1.89/kg;Dried Pasta, Rice, Noodles & Cous Cous;Rice;356;8.5;null;0.2;1.0;0.2;1.8;0.01;
258183865;Tesco Easy Cook Basmati Rice 1Kg;£1.89;£1.89/kg;Dried Pasta, Rice, Noodles & Cous Cous;Rice;351;8.0;null;0.1;1.0;0.1;1.0;0.01;
284776919;Batchelor's Super Rice Golden 100G;£0.81;£8.10/kg;Dried Pasta, Rice, Noodles & Cous Cous;Rice;155;4.5;null;null;0.9;null;1.3;0.42;
253905746;Tesco Everyday Value Basmati Rice 1Kg;£1.40;£1.40/kg;Dried Pasta, Rice, Noodles & Cous Cous;Rice;356;8.5;null;0.2;1.0;0.2;1.8;0.01;
256148174;Tesco Basmati Rice 2Kg;£3.29;£1.65/kg;Dried Pasta, Rice, Noodles & Cous Cous;Rice;356;8.5;null;0.2;1.0;0.2;1.8;0.01;
284741834;Naked Noodle Stir Fry Teriyaki 120G;£1.20;£10.00/kg;Dried Pasta, Rice, Noodles & Cous Cous;Rice;571kJ 821kJ;4.3;null;null;0.7;null;1.4;0.78;
266953910;Tesco Finest Basmati Rice 500G;£1.59;£3.18/kg;Dried Pasta, Rice, Noodles & Cous Cous;Rice;350;8.5;null;0.1;0.8;0.3;2.1;0;
284776856;Batchelor's Super Rice Chicken 100G;£0.81;£8.10/kg;Dried Pasta, Rice, Noodles & Cous Cous;Rice;155;4.3;null;null;0.9;null;1.3;0.38;
251442835;Tesco Boil In The Bag Basmati Rice 4 X 125G;£1.19;£2.38/kg;Dried Pasta, Rice, Noodles & Cous Cous;Rice;351;8.0;null;0.1;1.0;0.1;1.0;0.01;
254877362;Tesco Easy Cook Long Grain Rice 2Kg;£2.49;£1.25/kg;Dried Pasta, Rice, Noodles & Cous Cous;Rice;356;8.0;null;0.1;1.5;0.2;1.0;0.01;
259758829;Tilda Bib Basmati Rice 250G;£1.89;£7.56/kg;Dried Pasta, Rice, Noodles & Cous Cous;Rice;null;7.8;null;null;0.8;null;1.0;0.01;
254877379;Tesco Easy Cook Long Grain Rice 500G;£0.99;£1.98/kg;Dried Pasta, Rice, Noodles & Cous Cous;Rice;356;8.0;null;0.1;1.5;0.2;1.0;0.01;
254877385;Tesco Easy Cook Boil In Bag Rice 500G;£0.99;£1.98/kg;Dried Pasta, Rice, Noodles & Cous Cous;Rice;356;8.0;null;0.1;1.5;0.2;1.0;0.01;
255590785;Tilda Basmati Rice 500G;£2.00;£4.00/kg;Dried Pasta, Rice, Noodles & Cous Cous;Rice;null;7.8;null;null;0.8;null;1.0;0.01;
252500316;Uncle Bens Boil In Bag Basmati Rice 500G;£1.99;£3.98/kg;Dried Pasta, Rice, Noodles & Cous Cous;Rice;135;3.5;null;null;0.4;null;null;0.02;
277689929;Tilda Everyday Basmati Rice 750G;£1.99;£2.66/kg;Dried Pasta, Rice, Noodles & Cous Cous;Rice;null;7.2;null;null;0.7;null;1.0;0.01;
256333035;Tesco Long Grain Rice 4Kg;£4.50;£1.13/kg;Dried Pasta, Rice, Noodles & Cous Cous;Rice;351;8.0;null;0.1;1.0;0.2;1.0;0.01;
271109705;Tesco Curry Leaf Long Grain Rice 1Kg;£1.39;£1.39/kg;Dried Pasta, Rice, Noodles & Cous Cous;Rice;353;7.7;null;0.2;1.0;0.3;0.7;0;
256333064;Tesco Easy Cook Long Grain Rice 4Kg;£4.79;£1.20/kg;Dried Pasta, Rice, Noodles & Cous Cous;Rice;356;8.0;null;0.1;1.5;0.2;1.0;0.01;
259738358;Tilda Bib Rice Wholegrain Basmati 250G;£1.89;£7.56/kg;Dried Pasta, Rice, Noodles & Cous Cous;Rice;null;8.6;null;null;2.8;null;3.4;0.01;
258386314;Tesco Everyday Value Long Grain Rice 1Kg;£0.45;£0.45/kg;Dried Pasta, Rice, Noodles & Cous Cous;Rice;354;6.7;null;0.2;0.7;0.2;2.4;0.1;
254199298;Tilda Basmati Brown Rice 500G;£2.00;£4.00/kg;Dried Pasta, Rice, Noodles & Cous Cous;Rice;null;8.6;null;null;2.8;null;3.4;0.01;
272600997;Uncle Bens Basmati Loose Rice 1Kg;£4.64;£4.64/kg;Dried Pasta, Rice, Noodles & Cous Cous;Rice;1489kJ 931kJ;9.0;null;null;1.1;null;0.6;0.05;
261736035;Tilda Easy Cook Long Grain Rice 500G;£1.00;£2.00/kg;Dried Pasta, Rice, Noodles & Cous Cous;Rice;null;null;null;null;null;null;null;null;
272600864;Uncle Bens Basmati Rice 500G;£2.46;£4.92/kg;Dried Pasta, Rice, Noodles & Cous Cous;Rice;135;3.5;null;null;0.4;null;null;0.02;
254877356;Tesco Easy Cook Long Grain Rice 1Kg;£1.29;£1.29/kg;Dried Pasta, Rice, Noodles & Cous Cous;Rice;356;8.0;null;0.1;1.5;0.2;1.0;0.01;
254877517;Tesco Long Grain Rice 2Kg;£2.39;£1.20/kg;Dried Pasta, Rice, Noodles & Cous Cous;Rice;351;8.0;null;0.1;1.0;0.2;1.0;0.01;
254869239;Tilda Basmati Rice 2Kg;£8.45;£4.23/kg;Dried Pasta, Rice, Noodles & Cous Cous;Rice;null;7.8;null;null;0.8;null;1.0;0.01;
256502509;Tilda Basmati Rice 1Kg;£4.75;£4.75/kg;Dried Pasta, Rice, Noodles & Cous Cous;Rice;null;7.8;null;null;0.8;null;1.0;0.01;
276760869;Seeds Of Change Quinoa And Wholegrain Rice 240G;£2.29;£9.55/kg;Dried Pasta, Rice, Noodles & Cous Cous;Rice;420kJ 504kJ (6%);2.2;null;null;1.9;null;1.2;0.33;
260552207;Uncle Bens Long Grain Rice 500G;£2.09;£4.18/kg;Dried Pasta, Rice, Noodles & Cous Cous;Rice;154;3.2;null;null;0.5;null;null;0.00;
272254939;Tilda Coconut Chilli And Lemongrass Basmati Rice 250G;£1.59;£6.36/kg;Dried Pasta, Rice, Noodles & Cous Cous;Rice;null;3.3;null;null;6.3;null;1.3;0.53;
251680458;Tesco Microwave Egg Fried Rice 250G;null;null;Dried Pasta, Rice, Noodles & Cous Cous;Rice;156;4.0;null;1.2;2.1;0.6;3.5;0.5;
251680648;Tesco Microwave Basmati Rice 250G;£0.49;£1.96/kg;Dried Pasta, Rice, Noodles & Cous Cous;Rice;159;4.0;null;0.2;2.4;0.3;1.7;0.1;
254877638;Uncle Bens Long Grain Rice 1Kg;£3.96;£3.96/kg;Dried Pasta, Rice, Noodles & Cous Cous;Rice;154;3.2;null;null;0.5;null;null;0.00;
254525261;Tilda Chilli And Lime Basmati Rice 250G;£1.59;£6.36/kg;Dried Pasta, Rice, Noodles & Cous Cous;Rice;null;3.0;null;null;2.4;null;1.3;0.69;
271325967;Tilda Lemon Basmati Rice 250G;£1.59;£6.36/kg;Dried Pasta, Rice, Noodles & Cous Cous;Rice;null;4.1;null;null;2.3;null;0.8;0.44;
255448650;Uncle Bens Bib Long Grain Rice 1Kg;£3.90;£3.90/kg;Dried Pasta, Rice, Noodles & Cous Cous;Rice;154;3.2;null;null;0.5;null;null;0.00;
276761062;Seeds Of Change Seven Wholegrains 240G;£2.29;£9.55/kg;Dried Pasta, Rice, Noodles & Cous Cous;Rice;542kJ 650kJ (8%);3.4;null;null;2.1;null;2.7;0.45;
257004208;Tesco Microwave Wholegrain Rice 250G;£0.49;£1.96/kg;Dried Pasta, Rice, Noodles & Cous Cous;Rice;154;3.9;null;0;1.4;0.2;2.4;0.1;
251679518;Tesco Microwave Long Grain Rice 250G;£0.49;£1.96/kg;Dried Pasta, Rice, Noodles & Cous Cous;Rice;167;3.7;null;0.2;2.4;0.3;1.9;0.1;
285959967;Tesco Beautifully Balanced Mid East Style Grains 250G;£1.99;£7.96/kg;Dried Pasta, Rice, Noodles & Cous Cous;Rice;167;5.7;null;2.2;3.7;0.5;6.9;0.3;
254877696;Uncle Bens Bib Long Grain Rice 250G;£1.75;£7.00/kg;Dried Pasta, Rice, Noodles & Cous Cous;Rice;154;3.2;null;null;0.5;null;null;0.00;
264509486;Tilda Long Grain Rice 500G;£1.00;£2.00/kg;Dried Pasta, Rice, Noodles & Cous Cous;Rice;null;null;null;null;null;null;null;null;
285959938;Tesco Beautifully Balanced South American Grains 250G;£1.99;£7.96/kg;Dried Pasta, Rice, Noodles & Cous Cous;Rice;172;5.4;null;2.2;4.1;0.4;7.0;0.3;
285960008;Tesco Bb Mediterranean Style Grains 250;£1.99;£7.96/kg;Dried Pasta, Rice, Noodles & Cous Cous;Rice;174;5.8;null;2.5;6.2;0.9;6.2;0.5;
254877673;Uncle Bens Bib Long Grain Rice 500G;£1.99;£3.98/kg;Dried Pasta, Rice, Noodles & Cous Cous;Rice;154;3.2;null;null;0.5;null;null;0.00;
271326154;Tilda Coconut Basmati Rice 250G;£1.59;£6.36/kg;Dried Pasta, Rice, Noodles & Cous Cous;Rice;null;4.5;null;null;6.3;null;1.4;0.3;
282512389;Tesco Pilau Rice 250G;£0.49;£1.96/kg;Dried Pasta, Rice, Noodles & Cous Cous;Rice;137;3.0;null;0.6;2.2;0.3;1.3;0.6;
284851358;Tilda Steamed Brown Basmati And Quinoa 250G;£1.59;£6.36/kg;Dried Pasta, Rice, Noodles & Cous Cous;Rice;null;3.9;null;null;2.8;null;1.0;0.6;
262312783;Tilda Steamed Egg Fried Rice 250G;£1.59;£6.36/kg;Dried Pasta, Rice, Noodles & Cous Cous;Rice;null;2.9;null;null;3.4;null;1.3;0.56;
272683344;Tilda White And Wholegrain Basmat Basmati Rice 250G;£1.59;£6.36/kg;Dried Pasta, Rice, Noodles & Cous Cous;Rice;null;4.3;null;null;2.6;null;3.3;0.1;
262312184;Tilda Steamed Lime And Coriander Basmati Rice250g;£1.59;£6.36/kg;Dried Pasta, Rice, Noodles & Cous Cous;Rice;null;3.3;null;null;3.0;null;1.4;0.60;
277571884;Tilda Takeaway Coconut Rice 280G;£1.89;£6.75/kg;Dried Pasta, Rice, Noodles & Cous Cous;Rice;null;null;null;null;null;null;null;null;
262312869;Tilda Steamed Vegetable Biryani Basmati Rice250g;£1.59;£6.36/kg;Dried Pasta, Rice, Noodles & Cous Cous;Rice;null;3.3;null;null;3.5;null;2.0;0.56;
262313649;Tilda Steamed Mushroom Basmati Rice 250G;£1.59;£6.36/kg;Dried Pasta, Rice, Noodles & Cous Cous;Rice;null;3.1;null;null;3.4;null;1.9;0.56;
277571728;Tilda Takeaway Basmati Rice 280G;£1.89;£6.75/kg;Dried Pasta, Rice, Noodles & Cous Cous;Rice;null;null;null;null;null;null;null;null;
275247978;Tilda Rice Limited Edition 250G;£1.59;£6.36/kg;Dried Pasta, Rice, Noodles & Cous Cous;Rice;null;3.1;null;null;5.3;null;0.9;0.73;
262312950;Tilda Steamed Roasted Vegetable Rice 250G;£1.59;£6.36/kg;Dried Pasta, Rice, Noodles & Cous Cous;Rice;null;3.3;null;null;3.8;null;2.8;0.60;
284851387;Tilda Steamed Garden Vegetable And Quinoa 250G;£1.59;£6.36/kg;Dried Pasta, Rice, Noodles & Cous Cous;Rice;683/162 546/130 2000 2500;3.4;null;null;3.6;null;1.1;0.6;
262311980;Tilda Steamed Pilau Basmati Rice 250G;£1.59;£6.36/kg;Dried Pasta, Rice, Noodles & Cous Cous;Rice;null;3.4;null;null;3.0;null;1.6;0.56;
262311847;Tilda Steamed Basmati Rice 250G;£1.59;£6.36/kg;Dried Pasta, Rice, Noodles & Cous Cous;Rice;null;3.6;null;null;2.4;null;0.9;0.23;
262313396;Tilda Steamed Sun Dried Tomo Basmati Rice250g;£1.59;£6.36/kg;Dried Pasta, Rice, Noodles & Cous Cous;Rice;null;2.9;null;null;3.8;null;0.9;0.56;
262313373;Tilda Steamed Brown Basmati Rice 250G;£1.59;£6.36/kg;Dried Pasta, Rice, Noodles & Cous Cous;Rice;null;3.5;null;null;2.6;null;2.1;0.23;
277585614;Tilda Takeaway Pilau Rice 280G;£1.89;£6.75/kg;Dried Pasta, Rice, Noodles & Cous Cous;Rice;null;null;null;null;null;null;null;null;
282719151;Tilda Steamed Golden Vegetable Rice 250G;£1.59;£6.36/kg;Dried Pasta, Rice, Noodles & Cous Cous;Rice;null;2.8;null;null;3.9;null;1.0;0.54;
272254853;Tilda Wholegrain Pilau Steamed Basmati Rice 250G;£1.59;£6.36/kg;Dried Pasta, Rice, Noodles & Cous Cous;Rice;null;3.9;null;null;3.8;null;2.4;0.56;
262312986;Tilda Steamed Mexican Chilli&Bean Basmati Rice 250G;£1.59;£6.36/kg;Dried Pasta, Rice, Noodles & Cous Cous;Rice;null;2.9;null;null;3.4;null;1.6;0.63;
286690781;Toscana Mushroom Risotto 250G;£1.70;£6.80/kg;Dried Pasta, Rice, Noodles & Cous Cous;Rice;414 kJ 1449 kJ -;2.2;null;null;1.2;null;0.5;0.8;
282995369;Uncle Ben's Long Classic Rice With Egg 250G;£1.69;£6.76/kg;Dried Pasta, Rice, Noodles & Cous Cous;Rice;155;3.7;null;null;2.6;0.4;null;0.43;
286691025;Toscana Vegetable Risotto 250G;£1.70;£6.80/kg;Dried Pasta, Rice, Noodles & Cous Cous;Rice;543kJ 1901kJ -;2.4;null;null;3.9;null;0.8;0.8;
256315610;Uncle Bens Express Mexican Rice 250G;£1.69;£6.76/kg;Dried Pasta, Rice, Noodles & Cous Cous;Rice;156;3.6;null;null;2.1;null;null;0.43;
278533646;Uncle Ben's Special Spicy Pilau 250G;£1.69;£6.76/kg;Dried Pasta, Rice, Noodles & Cous Cous;Rice;165;3.5;null;null;3.3;0.4;null;0.45;
278542007;Uncle Ben's Single Serve Wholegrain 3 X 130G;null;null;Dried Pasta, Rice, Noodles & Cous Cous;Rice;165;3.7;null;null;2.6;0.5;null;0.20;
278533427;Uncle Bens Classic Brown Basmati 250G;£1.69;£0.68/100g;Dried Pasta, Rice, Noodles & Cous Cous;Rice;161;3.9;null;null;2.4;0.2;null;0.20;
265824184;Uncle Bens Express Mixed Pepper Rice 250G;£1.69;£6.76/kg;Dried Pasta, Rice, Noodles & Cous Cous;Rice;152;3.4;null;null;1.9;0.2;null;0.45;
261299033;Uncle Bens Express Egg Fried Rice 400G;£1.99;£4.98/kg;Dried Pasta, Rice, Noodles & Cous Cous;Rice;167;4.0;null;null;3.3;null;null;0.45;
287349010;Ub Express Rice Whole Grain Spicy Mexican 250G;£1.69;£6.76/kg;Dried Pasta, Rice, Noodles & Cous Cous;Rice;167;4.4;null;null;3.8;0.6;2.3;0.41;
252809580;Uncle Bens Express Long Grain Rice 250G;£1.69;£6.76/kg;Dried Pasta, Rice, Noodles & Cous Cous;Rice;141;2.9;null;null;0.9;0.1;null;0.20;
258401499;Uncle Bens Express Lemon And Rosemary Rice 250;£1.69;£6.76/kg;Dried Pasta, Rice, Noodles & Cous Cous;Rice;160;3.2;null;null;2.3;null;null;0.43;
256315627;Uncle Bens Express Mushroom Rice 250G;£1.69;£6.76/kg;Dried Pasta, Rice, Noodles & Cous Cous;Rice;157;3.5;null;null;1.8;0.2;null;0.45;
252222737;Uncle Bens Express Egg Fried Rice 250G;£1.69;£6.76/kg;Dried Pasta, Rice, Noodles & Cous Cous;Rice;164;4.0;null;null;3.3;null;null;0.45;
252809355;Uncle Bens Express Pilau Rice 250G;£1.69;£6.76/kg;Dried Pasta, Rice, Noodles & Cous Cous;Rice;169;3.6;null;null;3.4;0.4;null;0.43;
261298898;Uncle Bens Express Basmati Rice 400G;£1.99;£4.98/kg;Dried Pasta, Rice, Noodles & Cous Cous;Rice;156;3.7;null;null;1.8;null;null;0.20;
250592779;Uncle Bens Express Basmati Rice 250G;£1.69;£6.76/kg;Dried Pasta, Rice, Noodles & Cous Cous;Rice;153;3.3;null;null;1.6;0.2;null;0.18;
260551738;Uncle Bens Express Long Grain Wild Rice 250G;£1.69;£6.76/kg;Dried Pasta, Rice, Noodles & Cous Cous;Rice;148;3.2;null;null;1.3;0.1;null;0.18;
256315656;Uncle Bens Express Golden Vegetable Rice 250G;£1.69;£6.76/kg;Dried Pasta, Rice, Noodles & Cous Cous;Rice;153;3.3;null;null;2.2;0.2;null;0.43;
261298869;Uncle Bens Express Long Grain Rice 400G;£1.99;£4.98/kg;Dried Pasta, Rice, Noodles & Cous Cous;Rice;144;3.0;null;null;0.9;null;null;0.20;
287349119;Ub Express Rice Wholegrain Savoury Chicken 250G;£1.69;£6.76/kg;Dried Pasta, Rice, Noodles & Cous Cous;Rice;156;3.9;null;null;3.0;0.5;2.0;0.44;
252805843;Uncle Bens Express Rice Chinese Style 250G;£1.69;£6.76/kg;Dried Pasta, Rice, Noodles & Cous Cous;Rice;166;3.6;null;null;3.0;null;null;0.43;
287314072;Uncle Bens Express Rice Whole Grain Egg Fried 250G;£1.69;£6.76/kg;Dried Pasta, Rice, Noodles & Cous Cous;Rice;166;4.4;null;null;4.0;0.8;1.9;0.45;
278533404;Uncle Bens Single Serve Basmati 3X130g;null;null;Dried Pasta, Rice, Noodles & Cous Cous;Rice;153;3.3;null;null;1.6;0.2;null;0.18;
253331353;Uncle Bens Express Vegetable Pilau 250G;£1.69;£6.76/kg;Dried Pasta, Rice, Noodles & Cous Cous;Rice;167;3.7;null;null;3.2;null;null;0.45;
255448918;Uncle Bens Express Wholegrain Rice 250G;£1.69;£6.76/kg;Dried Pasta, Rice, Noodles & Cous Cous;Rice;165;3.7;null;null;2.6;0.5;null;0.20;
262420856;Uncle Bens Express Wholegrain Mediterranean Vegetable Rice 250G;£1.69;£6.76/kg;Dried Pasta, Rice, Noodles & Cous Cous;Rice;172;4.1;null;null;4.6;null;null;0.44;
262420764;Uncle Bens Express Risotto Tomato Italian Herb250;£2.29;£9.16/kg;Dried Pasta, Rice, Noodles & Cous Cous;Rice;178;3.7;null;null;3.9;1.2;null;0.59;
278533479;Uncle Bens Single Serve Long Grain 3X130g;null;null;Dried Pasta, Rice, Noodles & Cous Cous;Rice;141;2.9;null;null;0.9;0.1;null;0.20;
262420793;Uncle Bens Express Spicy Mexican Rice 250;£1.69;£6.76/kg;Dried Pasta, Rice, Noodles & Cous Cous;Rice;167;4.0;null;null;3.6;null;null;0.43;
255011988;Uncle Bens Express Special Fried Rice 250G;£1.69;£6.76/kg;Dried Pasta, Rice, Noodles & Cous Cous;Rice;157;4.3;null;null;3.1;null;null;0.53;
255283884;Uncle Bens Express Savoury Chicken Rice 250G;£1.69;£6.76/kg;Dried Pasta, Rice, Noodles & Cous Cous;Rice;155;3.4;null;null;2.3;0.2;null;0.44;
287853680;Uncle Bens Whole Grain Pilau Rice 250G;£1.69;£6.76/kg;Dried Pasta, Rice, Noodles & Cous Cous;Rice;168;4.0;null;null;4.1;0.6;2.1;0.44;
259900333;Veetee Dine In Long Grain Rice 300G;£0.94;£3.14/kg;Dried Pasta, Rice, Noodles & Cous Cous;Rice;507kJ/ 761kJ/;2.3;null;null;1.1;null;null;0.5;
263041836;Veetee Dine In Basmati Rice 280G;£0.94;£3.36/kg;Dried Pasta, Rice, Noodles & Cous Cous;Rice;495kJ/ 693kJ/;2.7;null;null;1.5;null;null;0.4;
278542065;Uncle Bens Single Serve Pilau 3 Pack 390G;null;null;Dried Pasta, Rice, Noodles & Cous Cous;Rice;164;3.5;null;null;3.4;0.4;null;0.43;
262420729;Uncle Bens Express Risotto Chicken Mushroom 250G;£2.29;£9.16/kg;Dried Pasta, Rice, Noodles & Cous Cous;Rice;178;4.6;null;null;3.1;0.6;null;0.61;
275205026;Uncle Bens Mexican Beans Express Pouch 250G;£1.69;£6.76/kg;Dried Pasta, Rice, Noodles & Cous Cous;Rice;158;3.6;null;null;3.1;null;null;0.43;
262420672;Uncle Bens Express Risotto Bacon And Mushroom 250;£2.29;£9.16/kg;Dried Pasta, Rice, Noodles & Cous Cous;Rice;184;4.7;null;null;4.4;1.4;null;0.61;
254223900;Uncle Bens Express Tomato And Basil Rice 250G;£1.69;£6.76/kg;Dried Pasta, Rice, Noodles & Cous Cous;Rice;168;3.5;null;null;3.3;0.4;null;0.45;
260551698;Uncle Bens Express Thai Sweet Chilli 250G;£1.69;£6.76/kg;Dried Pasta, Rice, Noodles & Cous Cous;Rice;142;2.9;null;null;1.4;0.2;null;0.45;
263041715;Veetee Dine In Thai Jasmine Rice 300G;£0.94;£3.14/kg;Dried Pasta, Rice, Noodles & Cous Cous;Rice;648kJ/ 972kJ/;3.0;null;null;1.2;null;null;0.4;
282720091;Gallo Venere 250G;£1.99;£7.96/kg;Dried Pasta, Rice, Noodles & Cous Cous;Rice;206 ;4,0;null;null;2,7;null;null;null;
258204208;Tilda Thai Jasmine Rice 500G;£2.00;£4.00/kg;Dried Pasta, Rice, Noodles & Cous Cous;Rice;null;null;null;null;null;null;null;null;
251800090;Uncle Bens Bib Wholegrain Rice 500G;£1.99;£3.98/kg;Dried Pasta, Rice, Noodles & Cous Cous;Rice;168;3.9;null;null;1.1;null;null;0.01;
250350415;Tesco Arborio Risotto Rice 500G;£1.10;£2.20/kg;Dried Pasta, Rice, Noodles & Cous Cous;Rice;349;7.4;null;0.4;0.4;0.2;1.1;0.01;
278086149;Tesco Arborio Rice 1Kg;£2.00;£2.00/kg;Dried Pasta, Rice, Noodles & Cous Cous;Rice;349;7.4;null;0.4;0.4;0.2;1.1;0.01;
282719652;Risotto Gallo Rice For Risotto 500G;£1.49;£2.98/kg;Dried Pasta, Rice, Noodles & Cous Cous;Rice;348 ;6,8;null;null;0,7;null;0,7;0,0;
277065314;Risotto Gallo Pronto Vegetable 175Grams;£2.29;£13.09/kg;Dried Pasta, Rice, Noodles & Cous Cous;Rice;346 ;7.1;null;null;0.9;null;null;null;
272703599;Gallo Arborio Rice 500G;£2.29;£4.58/kg;Dried Pasta, Rice, Noodles & Cous Cous;Rice;355 ;7;null;null;1;null;null;null;
257582008;Tesco Easy Cook Long Grain And Wild Rice 500G;£0.99;£1.98/kg;Dried Pasta, Rice, Noodles & Cous Cous;Rice;355;8.4;null;0.2;1.0;0.3;1.5;null;
283023718;Tilda Thai Jasmine Rice 1Kg;£4.79;£4.79/kg;Dried Pasta, Rice, Noodles & Cous Cous;Rice;null;null;null;null;null;null;null;null;
267030100;Risotto Gallo Risotto Pronto 4 Cheese 175G;£2.29;£1.31/100g;Dried Pasta, Rice, Noodles & Cous Cous;Rice;347 ;8;null;null;3;null;null;null;
263041859;Veetee Dine In Pilau Rice 280G;£0.94;£3.36/kg;Dried Pasta, Rice, Noodles & Cous Cous;Rice;535kJ/ 749kJ/;2.9;null;null;1.6;null;null;0.4;
267030307;Risotto Gallo Risotto Pronto Mushroom 175G;£2.29;£13.09/kg;Dried Pasta, Rice, Noodles & Cous Cous;Rice;341 ;8;null;null;1;null;null;null;
282719782;Risotto Gallo Pronto Milanese 175G;£2.29;£13.09/kg;Dried Pasta, Rice, Noodles & Cous Cous;Rice;337 ;6;null;null;1;null;null;null;
254332039;Tesco Thai Fragrant Long Grain Rice 1Kg;£1.89;£1.89/kg;Dried Pasta, Rice, Noodles & Cous Cous;Rice;351;7.3;null;0.4;0.4;0.1;0.8;0.01;
275237662;Tilda Giant Wild Rice 250G;£4.99;£19.96/kg;Dried Pasta, Rice, Noodles & Cous Cous;Rice;null;12.8;null;null;1.0;null;3.7;0.01;
254877454;Tesco Easy Cook Brown Rice 1Kg;£1.75;£1.75/kg;Dried Pasta, Rice, Noodles & Cous Cous;Rice;353;6.9;null;1.3;2.8;0.8;1.9;0.01;
278086224;Tesco Easy Cook Brown Boil In Bag 4 Pack 500G;£1.10;£2.20/kg;Dried Pasta, Rice, Noodles & Cous Cous;Rice;353;6.9;null;1.3;2.8;0.8;1.9;0.01;
278086264;Tesco Easy Cook Brown Rice 2Kg;£2.50;£1.25/kg;Dried Pasta, Rice, Noodles & Cous Cous;Rice;353;6.9;null;1.3;2.8;0.8;1.9;0.01;
283820103;Badshah Superior Aged Basmati Rice 7.5Kg;£8.00;£1.07/kg;Dried Pasta, Rice, Noodles & Cous Cous;Rice;350;8.6;null;null;0.9;null;1.5;Trace;
259674185;Tilda Pure Basmati Rice 4Kg;£10.00;£2.50/kg;Dried Pasta, Rice, Noodles & Cous Cous;Rice;null;7.8;null;null;0.8;null;1.0;0.01;
267574124;Tesco Indian Basmati Rice 10Kg;£13.50;£1.35/kg;Dried Pasta, Rice, Noodles & Cous Cous;Rice;360;8.5;null;0.2;1.0;0.2;1.8;0.01;
268557915;Laila Basmati Rice 4Kg;£7.00;£1.75/kg;Dried Pasta, Rice, Noodles & Cous Cous;Rice;372;8.9;null;null;1.6;null;null;null;
253221086;Apna Rice 5Kg;£6.00;£1.20/kg;Dried Pasta, Rice, Noodles & Cous Cous;Rice;360 K cal / 1560kJ;8.9;null;null;1.6;null;null;null;
272492432;Liberty Easy Cook Rice 5Kg;£3.50;£0.70/kg;Dried Pasta, Rice, Noodles & Cous Cous;Rice;351;9.0;null;null;1.0;null;3.0;null;
266237664;Surya/Laila Jasmine Fragrant Rice 5Kg;£7.99;£1.60/kg;Dried Pasta, Rice, Noodles & Cous Cous;Rice;330 Kcal;7.1;null;null;1.6;null;null;null;
258224455;Uncle Bens Wholegrain Rice 500G;£2.06;£4.12/kg;Dried Pasta, Rice, Noodles & Cous Cous;Rice;168;3.9;null;null;1.1;null;null;0.01;
267052097;Tesco Finest Basmati Rice 5Kg;£9.00;£1.80/kg;Dried Pasta, Rice, Noodles & Cous Cous;Rice;349;8.5;null;0.1;0.8;0.3;2.1;0;
267573079;Tesco Everyday Value Basmati Rice 5Kg;£6.50;£1.30/kg;Dried Pasta, Rice, Noodles & Cous Cous;Rice;356;8.5;null;0.2;1.0;0.2;1.8;0.01;
272206992;Tesco Finest Basmati Rice 2Kg;£4.50;£2.25/kg;Dried Pasta, Rice, Noodles & Cous Cous;Rice;349;8.5;null;0.1;0.8;0.3;2.1;0;
266030234;Kohinoor Gold Basmati Rice 10Kg;£14.00;£1.40/kg;Dried Pasta, Rice, Noodles & Cous Cous;Rice;355;9.4;null;null;1.2;null;0.5;0;
267052333;Tesco Finest Basmati Rice 10Kg;£16.50;£1.65/kg;Dried Pasta, Rice, Noodles & Cous Cous;Rice;349;8.5;null;0.1;0.8;0.3;2.1;0;
284195397;Colman's Chunky Burger Sauce 250Ml;£1.69;£0.68/100ml;Condiments & Table Sauces;Barbecue Sauce & Marinades;230;1;null;null;21;1.5;null;1.9;
268347663;Hp Barbecue Classic Woodsmoke Sauce 465G;£1.99;£0.43/100g;Condiments & Table Sauces;Barbecue Sauce & Marinades;563kJ 84kJ;0.5;null;null;Trace;null;Trace;null;
283971762;Frank's Red Hot Chilli & Lime 148Ml;£1.49;£1.01/100ml;Condiments & Table Sauces;Barbecue Sauce & Marinades;23 ;1.2;null;null;0.8;null;null;9.2;
284195420;Colman's Fiery Barbecue Chilli Sauce 250Ml;£1.69;£0.68/100ml;Condiments & Table Sauces;Barbecue Sauce & Marinades;95;0.5;null;null;0.5;0.5;null;1.5;
278004069;Colman's Hot Garlic Chilli Sauce 250Ml;£1.69;£0.68/100ml;Condiments & Table Sauces;Barbecue Sauce & Marinades;270;0.5;null;null;26.0;null;null;1.7;
284195800;Nando's Coat N' Cook - Hot 120G;£1.00;£0.83/100g;Condiments & Table Sauces;Barbecue Sauce & Marinades;94 ;1.9;null;null;6.6;null;null;1.3;
272781689;Heinz Classic Barbecue Sauce 480G;£1.79;£0.37/100g;Condiments & Table Sauces;Barbecue Sauce & Marinades;null;1.0;null;null;0.1;null;1.5;null;
287247842;Nando's Medium Peri Peri Marinade 262G;£1.99;£0.76/100g;Condiments & Table Sauces;Barbecue Sauce & Marinades;98 kJ / 24 kCal 244 kJ / 61 kCal;0.1;null;null;null;null;null;1.0  / 900 m;
261961332;Nando's Garlic Peri Peri Sauce 125Ml;£1.99;£1.60/100ml;Condiments & Table Sauces;Barbecue Sauce & Marinades;Energy 248 kJ / 59 kCal 50 kJ / 15 kCal;0.5;null;null;null;null;null;5.5  / 5520 m;
264466656;Nando's Extra Extra Hot Peri- Peri Sauce 125Ml;£1.99;£1.60/100ml;Condiments & Table Sauces;Barbecue Sauce & Marinades;210 kJ / 50 kCal 42 kJ / 10 kCal;0.6;null;null;null;null;null;6.75  / 6907.5 m;
278974164;Frenchs New York Steakhouse Sauce 250G;£2.49;£1.00/100g;Condiments & Table Sauces;Barbecue Sauce & Marinades;125 ;0.7;null;null;0.1;null;0.5;null;
284196217;Nando's Coat N' Cook - Lemon And Herb 120G;£1.00;£0.83/100g;Condiments & Table Sauces;Barbecue Sauce & Marinades;72 ;0.5;null;null;4.8;null;null;1.2;
278003796;Colman's Smokey Barbecue Sauce 250Ml;£1.69;£0.68/100ml;Condiments & Table Sauces;Barbecue Sauce & Marinades;140;0.8;null;null;0.6;null;null;1.7;
274246566;Nando's Smokey Portuguese Barbecue Marinade 270G;£1.99;£0.74/100g;Condiments & Table Sauces;Barbecue Sauce & Marinades;152 kJ / 36 kCal 380 kJ / 90 kCal;0.2;null;null;null;null;null;0.8  / 805 m;
268347676;Hp Barbecue Spicy Woodsmoke Sauce 470G;£1.99;£0.42/100g;Condiments & Table Sauces;Barbecue Sauce & Marinades;590kJ 89kJ;0.6;null;null;Trace;null;Trace;null;
268347628;Hp Barbecue Honey Woodsmoke Sauce 465G;£1.99;£0.43/100g;Condiments & Table Sauces;Barbecue Sauce & Marinades;547kJ 82kJ;0.5;null;null;Trace;null;Trace;null;
264147746;Franks Red Hot Original Cayenne Pepper Sauce 148Ml;£1.49;£1.01/100ml;Condiments & Table Sauces;Barbecue Sauce & Marinades;133 ;null;null;null;null;null;null;null;
278004374;Colman's Sweet Chilli Mango Sauce 250Ml;£1.69;£0.68/100ml;Condiments & Table Sauces;Barbecue Sauce & Marinades;90;0.5;null;null;0.5;null;null;1.2;
284195898;Nando's Coat N' Cook Sun Dried Tomato And Basil 120G;£1.00;£0.83/100g;Condiments & Table Sauces;Barbecue Sauce & Marinades;130 ;1.34;null;null;10.23;null;null;0.8;
272781516;Heinz Sticky Barbecue Sauce 500G;£1.79;£0.36/100g;Condiments & Table Sauces;Barbecue Sauce & Marinades;null;0.8;null;null;0.1;null;1.3;null;
252745216;Nandos Hot Peri Peri Sauce 125Ml;£1.99;£1.60/100ml;Condiments & Table Sauces;Barbecue Sauce & Marinades;314 kJ / 75 kCal 63 kJ / 15 kCal;0.6;null;null;null;null;null;7  / 6970 m;
257638094;Nandos Hot Peri Peri Marinade 260G;£1.99;£0.37/100g;Condiments & Table Sauces;Barbecue Sauce & Marinades;172 kJ / 41 kCal 430 kJ / 103 kCal;0.6;null;null;null;null;null;0.75  / 755 m;
261882546;Nandos Wild Herb Peri Peri Sauce 125G;£1.99;£1.60/100g;Condiments & Table Sauces;Barbecue Sauce & Marinades;277 kJ / 66 kCal 55 kJ / 13 kCal;0.4;null;null;null;null;null;5.5  / 5605 m;
259871591;Newmans Own Sticky Barbecue Marinade 250Ml;£1.99;£0.80/100ml;Condiments & Table Sauces;Barbecue Sauce & Marinades;167;0.9;null;null;0.8;null;2.5;3.30;
268456418;Tesco Sticky Barbecue Marinade 280G;£1.00;£0.36/100g;Condiments & Table Sauces;Barbecue Sauce & Marinades;107;0.7;null;18.6;0.4;0.1;0.6;1.1;
283948632;Tabasco Chipotle And Bourbon Sauce 270G;£1.99;£0.74/100g;Condiments & Table Sauces;Barbecue Sauce & Marinades;86;0.9;null;null;0.0;null;null;1.33;
251262345;Nandos Medium Peri Peri Sauce 125Ml;£1.99;£1.60/100ml;Condiments & Table Sauces;Barbecue Sauce & Marinades;288 kJ / 69 kCal 58 kJ / 14 kCal;0.5;null;null;null;null;null;6.25  / 6187.5 m;
279349039;Tesco Finest Smokey Tomato And Piri Piri Marinade 270Ml;£2.39;£0.89/100ml;Condiments & Table Sauces;Barbecue Sauce & Marinades;201;2.4;null;16.2;13.4;1.2;2.5;0.8;
284777135;Tesco Top Down Squeezy Barbecue Sauce 480G;£1.20;£0.26/100g;Condiments & Table Sauces;Barbecue Sauce & Marinades;120;0.7;null;20.6;0.2;0;0.6;0.8;
283948494;Tabasco Chipotle And Cola Sauce 250G;£1.99;£0.80/100g;Condiments & Table Sauces;Barbecue Sauce & Marinades;101;1.0;null;null;0.1;null;null;1.33;
283947662;Tabasco Peppery Creole Sauce 270G;£1.99;£0.74/100g;Condiments & Table Sauces;Barbecue Sauce & Marinades;129;0.9;null;null;6.1;null;null;1.11;
277902471;Tesco Cajun Marinade 270G;£1.00;£0.37/100g;Condiments & Table Sauces;Barbecue Sauce & Marinades;85;0.9;null;15.9;0.4;0.1;1.1;1.0;
287249629;Nandos Sundried Tomato And Basil Marinade 262G;£1.99;£0.76/100g;Condiments & Table Sauces;Barbecue Sauce & Marinades;537 kJ / 130 kCal -;1.34;null;null;10.2;null;null;0.9;
253278214;Nandos Extra Hot Peri Peri Sauce 125Ml;£1.99;£1.60/100ml;Condiments & Table Sauces;Barbecue Sauce & Marinades;298 kJ / 71 kCal 60 kJ / 14 kCal;0.7;null;null;null;null;null;3.5  / 3400 m;
259872250;Newmans Own Creamy Cajun Marinade 250Ml;£1.99;£0.80/100ml;Condiments & Table Sauces;Barbecue Sauce & Marinades;206;0.9;null;null;19.3;null;1.6;1.4;
287248383;Nandos Lemon And Herb Marinade 260G;£1.99;£0.77/100g;Condiments & Table Sauces;Barbecue Sauce & Marinades;166 kJ / 40 kCal 414 kJ / 99 kCal;0.3;null;null;null;null;null;0.5  / 635 m;
279349068;Tesco Finest Barbeque Marinade 270Ml;£2.39;£0.89/100ml;Condiments & Table Sauces;Barbecue Sauce & Marinades;216;1.4;null;50.7;0.5;0.1;0.7;1.5;
278149364;Nandos Lemon And Herb 125Ml;£1.99;£1.60/100ml;Condiments & Table Sauces;Barbecue Sauce & Marinades;269 kJ / 64 kCal 54 kJ / 13 kCal;0.4;null;null;null;null;null;1.75  / 1830 m;
283925962;Tabasco Fiery Habanero Sauce 280G;£1.99;£0.71/100g;Condiments & Table Sauces;Barbecue Sauce & Marinades;150;0.5;null;null;3.2;null;null;0.61;
271857395;Heinz Tomato Ketcup Squeezeme 26Ml;£0.20;£0.77/100ml;Condiments & Table Sauces;Ketchup;null;null;null;null;null;null;null;null;
268380606;Tesco Tomato Ketchup 700G;£0.85;£0.12/100g;Condiments & Table Sauces;Ketchup;105;1.3;null;21.7;0.3;0.2;0.9;1.8;
272757120;Branston Tomato Ketchup 555G;£1.00;£0.18/100g;Condiments & Table Sauces;Ketchup;119;1.4;28;null;0;null;0.6;2.2;
260919754;Tesco Organic Tomato Ketchup 460G;£1.49;£0.32/100g;Condiments & Table Sauces;Ketchup;110;1.5;null;21.3;0.6;0.6;3.4;0.8;
252560486;Heinz Tomato Ketchup Bottle 342G;£1.25;£0.37/100g;Condiments & Table Sauces;Ketchup;103;0.9;null;null;0.1;null;0.7;null;
285778766;Heinz Tomato Ketchup 50% Less Sugars 555G;£2.00;£0.36/100g;Condiments & Table Sauces;Ketchup;271 kJ 41 kJ;1.4;null;null;0.1;null;null;1.3;
284742096;Tesco Tomato Ketchup Reduced Sugar And Salt 450G;£0.99;£0.22/100g;Condiments & Table Sauces;Ketchup;null;null;null;null;null;null;null;null;
268075143;Hellmanns Tomato Ketchup Squeezy 750Ml;£1.50;£0.20/100ml;Condiments & Table Sauces;Ketchup;84;1.1;19;null;0.5;null;null;1.7;
250167878;Heinz Top Down Squeezy Tomato Ketchup Sauce 460G;£1.75;£0.38/100g;Condiments & Table Sauces;Ketchup;103;0.9;null;null;0.1;null;0.7;null;
277992011;Forces Sauces Corporal Ketchup Sauce 500Ml;£1.89;£0.38/100ml;Condiments & Table Sauces;Ketchup;122;1.4;null;null;0.4;null;1.2;null;
275298738;Tesco Goodness Ketchup 295G;£1.29;£0.44/100g;Condiments & Table Sauces;Ketchup;60;1.9;null;10.3;0.2;0.1;1.2;null;
280363162;Tesco Everyday Value Tomato Ketchup 1Kg;£0.55;£0.06/100g;Condiments & Table Sauces;Ketchup;137;0.9;null;23.6;0.2;0.1;0.5;0.8;
264891346;Hellmanns Tomato Ketchup 430Ml;£1.00;£0.23/100ml;Condiments & Table Sauces;Ketchup;84;1.1;19;null;0.5;null;null;1.7;
250181618;Heinz Top Down Squeezy Tomato Ketchup Sauce 700G;£2.00;£0.29/100g;Condiments & Table Sauces;Ketchup;435kJ 65kJ;1.2;null;null;0.1;null;null;1.8;
254884128;Tesco Tomato Ketchup Bottle 345G;£0.60;£0.17/100g;Condiments & Table Sauces;Ketchup;105;1.3;null;21.7;0.3;0.2;0.9;1.8;
264233274;Heinz Tomato Ketchup Squeezy 342G;£1.00;£0.29/100g;Condiments & Table Sauces;Ketchup;103;0.9;null;null;0.1;null;0.7;null;
261960932;Heinz Organic Tomato Ketchup 580G;£2.45;£0.42/100g;Condiments & Table Sauces;Ketchup;119;1.2;null;null;Trace;null;0.7;null;
279469686;Tesco Finest Tomato Ketchup 315G;£2.49;£0.86/100g;Condiments & Table Sauces;Ketchup;174;1.2;null;40.3;0.3;0.1;1.7;1.0;
256390248;Heinz Top Down Squeezy Tomato Ketchup Sauce 570G;£2.00;£0.35/100g;Condiments & Table Sauces;Ketchup;435kJ 65kJ;1.2;null;null;0.1;null;null;1.8;
262028031;Daddies Tomato Ketchup 400G;£1.39;£0.35/100g;Condiments & Table Sauces;Ketchup;432kJ 65kJ;0.8;null;null;Trace;null;Trace;null;
261892079;Tiptree Tomato Sauce 310G;£1.99;£0.64/100g;Condiments & Table Sauces;Ketchup;770 kJ -;1.5;null;null;0;null;null;1.2;
255054608;Tesco Tomato Ketchup Squeezy 460G;£0.59;£0.13/100g;Condiments & Table Sauces;Ketchup;105;1.3;null;21.7;0.3;0.2;0.9;1.8;
255152849;Tesco Tomato Ketchup Squeezy Bottle 1Kg;£1.15;£0.12/100g;Condiments & Table Sauces;Ketchup;105;1.3;null;21.7;0.3;0.2;0.9;1.8;
264624071;Tesco Top Down Tomato Ketchup 570G;£0.70;£0.12/100g;Condiments & Table Sauces;Ketchup;105;1.3;null;21.7;0.3;0.2;0.9;1.8;
285815873;Gran Luchito Smoked Chilli Mayonnaise 180G;£2.79;£1.55/100g;Condiments & Table Sauces;Mayonnaise & Salad Cream;null;0.4;3.1;null;null;null;null;1.4;
262011874;Heinz Top Down Mayonnaise 420G;£2.25;£0.54/100g;Condiments & Table Sauces;Mayonnaise & Salad Cream;2716kJ 407kJ;0.9;null;null;71.5;null;0.1;null;
279348991;Heinz Mayonnaise Roasted Garlic 220G;£1.49;£0.68/100g;Condiments & Table Sauces;Mayonnaise & Salad Cream;2223kJ 334kJ;1.1;null;null;57.6;null;Trace;1.2;
265164250;Heinz Light Mayonnaise 440G;£1.90;£0.43/100g;Condiments & Table Sauces;Mayonnaise & Salad Cream;1147kJ 172kJ;1;null;null;26.6;null;0.2;null;
273089799;Heinz Mayonnaise 270G;£1.00;£0.37/100g;Condiments & Table Sauces;Mayonnaise & Salad Cream;2716kJ 407kJ -;0.9;null;null;71.5;null;null;1.1;
264365313;Hellmann's Lghtr Than Light Squeezy Mayonnaise 430Ml;£2.00;£0.47/100ml;Condiments & Table Sauces;Mayonnaise & Salad Cream;70;0.7;10;null;2.9;null;null;1.7;
273087524;Heinz Light Mayonnaise 285G;£1.00;£0.35/100g;Condiments & Table Sauces;Mayonnaise & Salad Cream;1147kJ 172kJ;1.0;null;null;26.6;null;0.2;null;
257202615;Hellmann's Light Mayonnaise 400G;£1.89;£0.47/100g;Condiments & Table Sauces;Mayonnaise & Salad Cream;265;0.5;5.9;null;26;null;null;1.7;
259058195;Hellmann's Light Mayonnaise 800G;£2.00;£0.25/100g;Condiments & Table Sauces;Mayonnaise & Salad Cream;265;0.5;5.9;null;26;null;null;1.7;
267871056;Hellmann's Lemon Squeezy Mayonnaise 250Ml;£1.29;£0.52/100ml;Condiments & Table Sauces;Mayonnaise & Salad Cream;270;0.7;6.2;null;27;null;null;1.7;
280238962;Heinz Mayonnaise Caramlised Onion 220G;£1.49;£0.68/100g;Condiments & Table Sauces;Mayonnaise & Salad Cream;2251kJ 338kJ;1.4;null;null;57.8;null;0.1;1.2;
257130705;Hellmann's Lghtr Than Light Mayonnaise 400G;£1.89;£0.47/100g;Condiments & Table Sauces;Mayonnaise & Salad Cream;70;0.7;10;null;2.9;null;null;1.7;
265163769;Heinz Mayonnaise 430G;£1.90;£0.44/100g;Condiments & Table Sauces;Mayonnaise & Salad Cream;2716kJ 407kJ -;0.9;null;null;71.5;null;null;1.1;
273087692;Heinz Light Mayonnaise 445G;£2.25;£0.51/100g;Condiments & Table Sauces;Mayonnaise & Salad Cream;1147kJ 172kJ;1;null;null;26.6;null;0.2;null;
258526991;Hellmann's Lghtr Than Light Mayonnaise 600G;£2.79;£0.47/100g;Condiments & Table Sauces;Mayonnaise & Salad Cream;70;0.7;10;null;2.9;null;null;1.7;
284197464;Heinz Light Mayonnaise 580G;£2.00;£0.35/100g;Condiments & Table Sauces;Mayonnaise & Salad Cream;1147kJ 172kJ;1.0;null;null;26.6;null;0.2;null;
284197429;Heinz Mayonnaise 550G;£2.00;£0.36/100ml;Condiments & Table Sauces;Mayonnaise & Salad Cream;2716kJ 407kJ;0.9;null;null;71.5;null;0.1;null;
267879985;Hellmann's Chilli Squeezy Mayonnaise 250Ml;£1.29;£0.52/100ml;Condiments & Table Sauces;Mayonnaise & Salad Cream;275;0.8;7.5;null;27;null;null;1.9;
267880026;Hellmann's Garliic Squeezy Mayonnaise 250Ml;£1.29;£0.52/100ml;Condiments & Table Sauces;Mayonnaise & Salad Cream;267;0.7;6.7;null;27;null;null;1.7;
272247810;Hellmann's Caramelised Onion Squzy Mayonnaise 250Ml;£1.29;£0.52/100ml;Condiments & Table Sauces;Mayonnaise & Salad Cream;274;0.9;8.4;null;27;null;null;1.4;
272247919;Hellmann's Pepper Squeezy Mayonnaise 250Ml;£1.29;£0.52/100ml;Condiments & Table Sauces;Mayonnaise & Salad Cream;270;0.8;null;null;27.0;null;null;1.4;
266573328;Hellmann's Light Squeezy Mayonnaise 750Ml;£3.98;£0.53/100ml;Condiments & Table Sauces;Mayonnaise & Salad Cream;270;0.5;6.0;null;26.0;null;null;1.7;
278003577;Hellmann's Real Squeezy Mayonnaise 250Ml;£1.49;£0.60/100ml;Condiments & Table Sauces;Mayonnaise & Salad Cream;722;1.1;null;null;79.1;null;Nil;null;
259058235;Hellmanns Real Mayonnaise 800G;£2.00;£0.25/100g;Condiments & Table Sauces;Mayonnaise & Salad Cream;721;1.1;1.3;null;79;null;null;1.5;
266985624;Maille Aioli Sauce 200G;£1.49;£0.75/100ml;Condiments & Table Sauces;Mayonnaise & Salad Cream;605;1.3;7.5;null;64;null;null;2.1;
254884589;Hellmanns Real Mayonnaise 200G;£1.39;£0.70/100g;Condiments & Table Sauces;Mayonnaise & Salad Cream;721;1.1;1.3;null;79;null;null;1.5;
254884606;Hellmanns Real Mayonnaise 400G;£1.89;£0.47/100g;Condiments & Table Sauces;Mayonnaise & Salad Cream;721;1.1;null;null;79;null;null;1.5;
268540347;Sussex Garden Marie Rose Mayonnaise 240G;£2.15;£0.90/100g;Condiments & Table Sauces;Mayonnaise & Salad Cream;2465/598 kJ/kcal;0.8;null;null;61.2;null;0.3;null;
278003652;Hellmann's Light Squeezy Mayonnaise 250Ml;£1.49;£0.60/100ml;Condiments & Table Sauces;Mayonnaise & Salad Cream;270;0.5;null;null;26.0;null;null;1.7;
257202650;Hellmanns Light Mayonnaise 200G;£1.39;£0.70/100g;Condiments & Table Sauces;Mayonnaise & Salad Cream;265;0.5;5.9;null;26;null;null;1.7;
254884595;Hellmanns Real Mayonnaise 600G;£2.79;£0.47/100g;Condiments & Table Sauces;Mayonnaise & Salad Cream;721;1.1;null;null;79;null;null;1.5;
266828092;Hellmann's Mustard Squeezy Mayonnaise 250Ml;£1.29;£0.52/100ml;Condiments & Table Sauces;Mayonnaise & Salad Cream;278;1.3;6.4;null;27;null;null;1.8;
266573311;Hellmann's Real Squeezy Mayonnaise 750Ml;£3.98;£0.53/100ml;Condiments & Table Sauces;Mayonnaise & Salad Cream;720;1.0;1.5;null;79.0;null;null;1.5;
268681976;Maille Mustard Mayonnaise 320G;£2.85;£0.89/100g;Condiments & Table Sauces;Mayonnaise & Salad Cream;700;1.5;1.5;null;77;null;null;1.2;
264365273;Hellmann's Real Squeezy Mayonnaise 430Ml;£2.00;£0.47/100ml;Condiments & Table Sauces;Mayonnaise & Salad Cream;668;1.0;null;null;73.2;null;Nil;null;
260323646;Tesco Everyday Value Mayonnaise 500Ml;£0.40;£0.08/100ml;Condiments & Table Sauces;Mayonnaise & Salad Cream;280;0.3;null;5.2;25.6;2.4;0;1.8;
260194636;Nandos Perinaise 250Ml;£1.85;£0.74/100ml;Condiments & Table Sauces;Mayonnaise & Salad Cream;1075 kJ/259 kCal 538 kJ/130 kCal;0.4;null;11.4;null;null;null;null;
261961430;Hellmanns Garlic Mayonnaise 400G;£1.89;£0.47/100g;Condiments & Table Sauces;Mayonnaise & Salad Cream;267;0.7;6.7;null;27.0;null;null;1.7;
257202581;Hellmanns Light Mayonnaise 600G;£2.79;£0.47/100g;Condiments & Table Sauces;Mayonnaise & Salad Cream;265;0.5;5.9;null;26;null;null;1.7;
264364700;Hellmann's Light Squeezy Mayonnaise 430Ml;£2.00;£0.47/100ml;Condiments & Table Sauces;Mayonnaise & Salad Cream;270;0.5;6.0;null;26.0;null;null;1.7;
261831233;Tesco French Mayonnaise Squeezy500ml;£1.80;£0.36/100ml;Condiments & Table Sauces;Mayonnaise & Salad Cream;635;1.0;null;1.5;69.5;4.6;0;1.3;
252432892;Tesco Garlic Mayonnaise 280Ml;£1.10;£0.39/100ml;Condiments & Table Sauces;Mayonnaise & Salad Cream;311;0.4;null;4.5;29.2;2.4;1.0;1.6;
252440571;Tesco Mustard Mayonnaise 280Ml;£1.10;£0.39/100ml;Condiments & Table Sauces;Mayonnaise & Salad Cream;450;1.6;null;7.4;43.5;4.7;1.9;1.6;
254884537;Tesco Mayonnaise 250Ml;£0.50;£0.20/100ml;Condiments & Table Sauces;Mayonnaise & Salad Cream;680;0.6;null;1.4;74.0;5.1;0;1.3;
281511311;Tesco Healthy Living Mayonnaise 495Ml;£1.00;£0.20/100ml;Condiments & Table Sauces;Mayonnaise & Salad Cream;96;0.9;null;6.8;5.3;0.6;0;1.5;
260573827;Tesco Top Down Mayonnaise 480Ml;£0.90;£0.19/100ml;Condiments & Table Sauces;Mayonnaise & Salad Cream;680;0.6;null;1.4;74.0;5.1;0;1.3;
266693556;Tesco Mayonnaise With Chilli 280Ml;£1.10;£0.39/100ml;Condiments & Table Sauces;Mayonnaise & Salad Cream;311;0.3;null;5.4;29.4;2.4;0.3;1.7;
266885800;Tesco Mayonnaise 650Ml;£1.15;£0.18/100ml;Condiments & Table Sauces;Mayonnaise & Salad Cream;680;0.6;null;1.4;74.0;5.1;0;1.3;
261575806;Tesco Light Mayonnaise 240Ml;£0.50;£0.21/100ml;Condiments & Table Sauces;Mayonnaise & Salad Cream;264;0.5;null;2.5;26.0;2.9;0;1.3;
260573597;Tesco Top Down Light Mayonnaise 480Ml;£0.90;£0.19/100ml;Condiments & Table Sauces;Mayonnaise & Salad Cream;264;0.5;null;2.5;26.0;2.9;0;1.3;
281511271;Tesco Healthy Living Mayonnaise 480Ml;£1.00;£0.21/100ml;Condiments & Table Sauces;Mayonnaise & Salad Cream;96;0.9;null;6.8;5.3;0.6;0;1.5;
259848268;Heinz Light Salad Cream Top Down 600G;£2.00;£0.33/100g;Condiments & Table Sauces;Mayonnaise & Salad Cream;909kJ 136kJ -;1.4;null;null;16.3;null;null;1.7;
261575829;Tesco Light Mayonnaise 480Ml;£0.90;£0.19/100ml;Condiments & Table Sauces;Mayonnaise & Salad Cream;264;0.5;null;2.5;26.0;2.9;0;1.3;
266885996;Tesco Reduced Calorie Mayonnaise 650Ml;£1.15;£0.18/100ml;Condiments & Table Sauces;Mayonnaise & Salad Cream;264;0.5;null;2.5;26.0;2.9;0;1.3;
254884566;Tesco Mayonnaise 750Ml;£1.18;£0.16/100ml;Condiments & Table Sauces;Mayonnaise & Salad Cream;680;0.6;null;1.4;74.0;5.1;0;1.3;
261575772;Tesco Light Mayonnaise 730Ml;£1.18;£0.16/100ml;Condiments & Table Sauces;Mayonnaise & Salad Cream;264;0.5;null;2.5;26.0;2.9;0;1.3;
254884543;Tesco Mayonnaise 500Ml;£0.90;£0.18/100ml;Condiments & Table Sauces;Mayonnaise & Salad Cream;680;0.6;null;1.4;74.0;5.1;0;1.3;
260085282;Tesco Organic Mayonnaise 250Ml;£1.59;£0.64/100ml;Condiments & Table Sauces;Mayonnaise & Salad Cream;705;1.0;null;1.8;75.8;7.2;0;null;
280803590;Tesco Finest Roast Garlic Cracked Black Pepper Mayonnaise 250G;£2.49;£1.06/100g;Condiments & Table Sauces;Mayonnaise & Salad Cream;715;1.1;null;2.7;77.5;5.0;0.3;0.9;
279348893;Tesco Finest Mayonnaise With Extra Virgin Olive Oil 235G;£1.24;£0.53/100g;Condiments & Table Sauces;Mayonnaise & Salad Cream;740;1.3;null;2.4;79.8;6.4;0.4;1.3;
260031277;Heinz Salad Cream Extra Light Top Down 470G;£2.25;£0.48/100g;Condiments & Table Sauces;Mayonnaise & Salad Cream;601kJ 90kJ;2.0;null;null;7.3;null;0.4;1.7;
264642354;Heinz Salad Cream Handy Pack 260G;£1.49;£0.51/100g;Condiments & Table Sauces;Mayonnaise & Salad Cream;1394kJ 209kJ;1.6;null;null;27.0;null;0.3;1.7;
267450743;Heinz Salad Cream Lemon And Black Pepper 295G;£1.49;£0.51/100g;Condiments & Table Sauces;Mayonnaise & Salad Cream;1238kJ 186kJ;1.0;null;null;23.3;null;0.4;1.7;
281122777;Tesco Healthy Living Salad Cream 545G;£1.00;£0.18/100g;Condiments & Table Sauces;Mayonnaise & Salad Cream;132;1.2;null;9.5;7.9;0.8;1.2;1.2;
260031260;Heinz Salad Cream Light Top Down 460G;£2.25;£0.49/100g;Condiments & Table Sauces;Mayonnaise & Salad Cream;979kJ 147kJ;1.7;null;null;18.5;null;0.3;1.7;
259082741;Heinz Salad Cream Top Down 460G;£2.25;£0.49/100g;Condiments & Table Sauces;Mayonnaise & Salad Cream;1394kJ 209kJ;1.6;null;null;27.0;null;0.3;1.7;
264365123;Hellmanns Salad Cream 430Ml;£1.49;£0.35/100ml;Condiments & Table Sauces;Mayonnaise & Salad Cream;292;0.7;15;null;26;null;null;1.8;
271154184;Tesco Salad Cream Squeezy 550G;£1.00;£0.18/100g;Condiments & Table Sauces;Mayonnaise & Salad Cream;323;1.1;null;17.3;25.8;2.9;0.5;1.3;
264642400;Heinz Salad Cream Handy Pack Light 255G;£1.49;£0.51/100g;Condiments & Table Sauces;Mayonnaise & Salad Cream;979kJ 147kJ;1.7;null;null;18.5;null;0.3;null;
281122800;Tesco Healthy Living Salad Cream 305G;£0.85;£0.28/100g;Condiments & Table Sauces;Mayonnaise & Salad Cream;132;1.2;null;9.5;7.9;0.8;1.2;1.2;
259848308;Heinz Top Down Salad Cream 600G;£2.00;£0.33/100g;Condiments & Table Sauces;Mayonnaise & Salad Cream;1215kJ 182kJ -;1.3;null;null;23.8;null;null;1.7;
267991148;Tesco Salad Cream Squeezy 460G;£0.85;£0.19/100g;Condiments & Table Sauces;Mayonnaise & Salad Cream;323;1.1;null;17.3;25.8;2.9;0.5;1.3;
273127951;Tesco Everyday Value Salad Cream 540G;£0.60;£0.11/100g;Condiments & Table Sauces;Mayonnaise & Salad Cream;139;1.2;null;8.4;8.7;0.8;0.9;1.3;
262110048;Winiary Mayonnaise 400Ml;£1.59;£0.40/100ml;Condiments & Table Sauces;Mayonnaise & Salad Cream;702;1,3;3,0;null;76,1;null;0,0;null;
274220343;Briannas Ranch Dressing 355Ml;£2.95;£0.83/100ml;Condiments & Table Sauces;Salad Dressing;533 ;3.3;null;null;56.6;null;0.2;null;
274220274;Briannas Honey Mustard Dressing 355Ml;£2.95;£0.83/100ml;Condiments & Table Sauces;Salad Dressing;null;null;null;null;null;null;null;null;
278974106;Frenchs Blue Cheese Dressing 270G;£1.99;£0.74/100g;Condiments & Table Sauces;Salad Dressing;335 ;2.1;null;null;34.2;null;0.1;null;
251476639;Hellmanns Garlic And Herb Dressing 235Ml;£1.29;£0.55/100ml;Condiments & Table Sauces;Salad Dressing;205;2.5;9.6;null;17;null;null;1.7;
251476432;Hellmanns French Dressing 235Ml;£1.29;£0.55/100ml;Condiments & Table Sauces;Salad Dressing;280;0.9;9.2;null;26;null;null;1.8;
261895433;Cardini Ranch Dressing 250Ml;£1.79;£0.72/100ml;Condiments & Table Sauces;Salad Dressing;462;3.1;null;null;48.5;null;0.4;2.2;
284195126;French's Tex-Mex Chipotle Dressing 270G;£1.99;£0.74/100g;Condiments & Table Sauces;Salad Dressing;171 ;0.56;null;null;15.06;null;0.72;1.17;
271527066;Danfood Onion Salad Crispies 100G;£1.39;£1.39/100g;Condiments & Table Sauces;Salad Dressing;null;6;null;null;-;null;null;null;
274233881;Heinz Caesar Dressing 220Ml;£1.50;£0.68/100ml;Condiments & Table Sauces;Salad Dressing;1832kJ 275kJ;1.6;null;null;44.7;null;0.3;2.1;
278974279;Frenchs Fried Onions 79G;£1.79;£2.27/100g;Condiments & Table Sauces;Salad Dressing;630 ;5.0;null;null;49.4;null;null;null;
261885439;Hellmanns Balsamic Vinaigrette Salad Dressing 235Ml;£1.29;£0.55/100ml;Condiments & Table Sauces;Salad Dressing;75;0.5;11;null;2.7;null;null;1.6;
257631579;Hellmann's Fat Free Vinaigrette 235Ml;£1.29;£0.55/100ml;Condiments & Table Sauces;Salad Dressing;48;0.5;11;null;0.5;null;null;0.85;
274220222;Briannas Blue Cheese Dressing 355Ml;£2.95;£0.83/100ml;Condiments & Table Sauces;Salad Dressing;null;null;null;null;null;null;null;null;
278974008;Frenchs Caesar Dressing 270G;£1.99;£0.74/100g;Condiments & Table Sauces;Salad Dressing;322 ;3.4;null;null;31.6;null;0.2;null;
274233754;Heinz Blue Cheese Dressing 220Ml;£1.50;£0.68/100ml;Condiments & Table Sauces;Salad Dressing;1520kJ 228kJ;1.2;null;null;36.9;null;0.2;2.8;
284195282;French's Maple Mustard Dressing 270G;£1.99;£0.74/100g;Condiments & Table Sauces;Salad Dressing;354 ;1.06;null;null;31.70;null;0.42;1.66;
251476904;Hellmann's Thousand Island Dressing 235Ml;£1.29;£0.55/100ml;Condiments & Table Sauces;Salad Dressing;238;1;14;null;20;null;null;1.8;
260195848;Cardini Caesar Dressing 250Ml;£1.79;£0.72/100ml;Condiments & Table Sauces;Salad Dressing;608;2.3;null;null;65.9;null;0.3;2.1;
264468422;Cardini Caesar Low-Fat Salad Dressing 250Ml;£1.79;£0.72/100ml;Condiments & Table Sauces;Salad Dressing;429;2.3;null;null;45.2;null;0.5;2.1;
251477068;Hellmanns Caesar Dressing 235Ml;£1.29;£0.55/100ml;Condiments & Table Sauces;Salad Dressing;326;2.5;3.8;null;33;null;null;1.6;
274392098;Kraft Light French Salad Dressing 235Ml;£1.19;£0.51/100ml;Condiments & Table Sauces;Salad Dressing;163 kJ 24 kJ - 8400kJ/;0.1;null;null;0;null;0.5;2.96;
268390796;Mary Berry Light Salad Dressings 265G;£2.95;£1.12/100g;Condiments & Table Sauces;Salad Dressing;309;0.7;null;null;21.9;null;0.9;1.3;
287209009;Newmans Own Chilli And Lime Dressing 250Ml;£1.49;£0.60/100ml;Condiments & Table Sauces;Salad Dressing;158;0.3;null;null;6.9;null;0.6;0.54;
263979084;Mary Berry Salad Dressing 260G;£2.95;£1.14/100g;Condiments & Table Sauces;Salad Dressing;507;0.7;null;null;43.9;null;0.6;1.3;
280448261;La Rochelle Bacon Flavour Sprinkles 120G;£1.20;£1.00/100g;Condiments & Table Sauces;Salad Dressing;2135kJ (511kCal);9.2;null;null;28.2;13.5;2.4;2.8;
264802782;Mary Berry Salad Dressing 480G;£3.95;£0.82/100g;Condiments & Table Sauces;Salad Dressing;507;0.7;null;null;43.9;null;0.6;1.3;
287208828;Newmans Own Honey And Mustard Dressing 250Ml;£1.49;£0.60/100ml;Condiments & Table Sauces;Salad Dressing;339;0.4;null;null;31.4;null;0.9;2.1;
263978920;Mary Berry Caesar Dressing 245G;£2.95;£1.21/100g;Condiments & Table Sauces;Salad Dressing;575;2.2;null;null;56.8;null;0.5;1.3;
279933373;Pbmg Bacon Crumbles 240G;£1.69;£0.70/100g;Condiments & Table Sauces;Salad Dressing;516;9.0;53.4;null;29.1;null;2.4;null;
274392138;Kraft Light Thousand Island Salad Dressing 235Ml;£1.19;£0.51/100ml;Condiments & Table Sauces;Salad Dressing;414 kJ 62 kJ 1% 8400kJ/;0.6;null;null;2.6;null;0.2;1.88;
259872117;Newmans Creamy Caesar Dressing 250Ml;£1.49;£0.60/100ml;Condiments & Table Sauces;Salad Dressing;553;1.6;null;null;59.5;null;0.5;2.33;
261885422;Hellmanns Honey And Mustard Salad Dressing 235Ml;£1.29;£0.55/100ml;Condiments & Table Sauces;Salad Dressing;186;0.8;15;null;14;null;null;1.6;
274270726;Mary Berry French Herb Dressing 452G;£3.95;£0.87/100g;Condiments & Table Sauces;Salad Dressing;505;0.8;null;null;49.2;null;0.7;1.1;
259872359;Newmans Own Italian Dressing 250Ml;£1.49;£0.60/100ml;Condiments & Table Sauces;Salad Dressing;490;0.1;null;null;53.8;null;0.5;2.24;
278129532;Pizza Express Balsamic Dressing 235Ml;£1.50;£0.64/100ml;Condiments & Table Sauces;Salad Dressing;417;0.2;null;null;39.4;null;null;3.1;
259872411;Newmans Own Ranch Dressing 250Ml;£1.49;£0.60/100ml;Condiments & Table Sauces;Salad Dressing;417;1.0;null;null;41.7;null;0.5;2.29;
278100427;Newman's Own French Dressing 250Ml;£1.49;£0.60/100ml;Condiments & Table Sauces;Salad Dressing;530;0.1;null;null;54.1;null;0.1;2.10;
274392034;Kraft Light Herb And Garlic Salad Dressing 235Ml;£1.19;£0.51/100ml;Condiments & Table Sauces;Salad Dressing;115;1.2;null;null;5.1;null;0.2;null;
278129025;Pizza Express Basil Pesto Dressing 235Ml;£1.50;£0.64/100ml;Condiments & Table Sauces;Salad Dressing;445;0.9;null;null;45.2;null;0.7;2.3;
259871959;Newmans Own Balsamic Vinaigrette Dressing 250Ml;£1.49;£0.60/100ml;Condiments & Table Sauces;Salad Dressing;372;0.1;null;null;38.2;null;0.5;1.30;
263971812;Pizza Express Honey And Mustard Dressing 235Ml;£1.50;£0.64/100ml;Condiments & Table Sauces;Salad Dressing;435;1.4;null;null;39.3;null;3.0;2.2;
266155186;Pizza Express Caesar Light Dressing 235Ml;£1.50;£0.64/100ml;Condiments & Table Sauces;Salad Dressing;348;2.7;null;null;34.2;null;1.7;2.3;
267570854;Saladays Coleslaw Dressing 400Ml;£1.99;£0.50/100ml;Condiments & Table Sauces;Salad Dressing;364 ;0.1;null;null;31.7;null;null;1.8;
263807542;Tesco Caesar Dressing 250Ml;£0.70;£0.28/100ml;Condiments & Table Sauces;Salad Dressing;393;1.0;null;2.7;40.9;3.0;0.4;1.5;
263808950;Tesco Balsamic Dressing 250Ml;£0.70;£0.28/100ml;Condiments & Table Sauces;Salad Dressing;132;0.1;null;21.1;4.6;0.3;0.3;1.1;
253876854;Rochelle Salad Croutons Mediterranean Herb Flavour 150;£1.19;£0.79/100g;Condiments & Table Sauces;Salad Dressing;1799kJ (428kCal);12.6;null;null;9.0;null;5.4;1.6;
267018686;Tesco Cheddar Red Onion Croutons 100G;£1.00;£1.00/100g;Condiments & Table Sauces;Salad Dressing;446;13.0;null;3.6;14.9;2.0;3.2;1.3;
254849578;Pizza Express Light House Dressing 235G;£1.50;£0.64/100g;Condiments & Table Sauces;Salad Dressing;298;0.9;null;null;30.3;null;0.6;2.2;
252756439;Pizza Express House Dressing 225G;£1.50;£0.67/100g;Condiments & Table Sauces;Salad Dressing;422;1.0;null;null;44.2;null;null;2.4;
279348956;Tesco Finest Vinaigrette Dressing 255Ml;£1.89;£0.74/100ml;Condiments & Table Sauces;Salad Dressing;380;0.6;null;15.2;34.9;2.8;0.6;1.3;
263849706;Tesco Finest Balsamic Dressing 255Ml;£1.89;£0.74/100ml;Condiments & Table Sauces;Salad Dressing;381;0.8;null;18.1;33.5;5.6;0.2;1.0;
268347974;Righteous Ginger Toasted Sesame Salad Dressing 225Ml;£2.49;£1.11/100ml;Condiments & Table Sauces;Salad Dressing;66Kcal;0.4;null;null;6.3;null;null;0.2;
278129215;Pizza Express Chilli And Tomato Dressing 235Ml;£1.50;£0.64/100ml;Condiments & Table Sauces;Salad Dressing;505;0.4;null;null;50.7;null;0.3;1.7;
274359300;Righteous Caper And Peppercorn Dressing 225Ml;£2.49;£1.11/100ml;Condiments & Table Sauces;Salad Dressing;8Kcal;0.2;1.1;null;0.1;null;0.2;trace;
263851079;Tesco Finest Caesar Dressing 255Ml;£1.89;£0.74/100ml;Condiments & Table Sauces;Salad Dressing;470;2.9;null;5.7;47.6;4.2;0;1.5;
268348076;Righteous Lemon And Mustard Seed Salad Dressing 225Ml;£2.49;£1.11/100ml;Condiments & Table Sauces;Salad Dressing;66Kcal;0.2;null;null;6.8;null;null;0.1;
263849843;Tesco Finest French Dressing 255Ml;£1.89;£0.74/100ml;Condiments & Table Sauces;Salad Dressing;350;0.5;null;6.5;34.7;2.5;0;null;
274359185;Righteous Blue Cheese And Cider Dressing 225Ml;£2.49;£1.11/100ml;Condiments & Table Sauces;Salad Dressing;58Kcal;1.1;null;null;5.8;null;null;0.2;
263850725;Tesco Finest Honey And 3 Mustard Dressing 255Ml;£1.89;£0.74/100ml;Condiments & Table Sauces;Salad Dressing;387;0.8;null;24.1;30.2;3.6;0;2.0;
274359375;Righteous Raspberry And Basil Dressing 225Ml;£2.49;£1.11/100ml;Condiments & Table Sauces;Salad Dressing;48Kcal;0.1;null;null;4.4;null;null;0.1;
281140041;Tesco Healthy Living Moroccan Dressing 250Ml;£0.99;£0.40/100ml;Condiments & Table Sauces;Salad Dressing;95;1.7;null;11.2;3.2;0.4;3.3;1.0;
281137506;Tesco Healthy Living Caesar Dressing 250Ml;£0.99;£0.40/100ml;Condiments & Table Sauces;Salad Dressing;65;1.5;null;4.8;1.6;0.6;0;1.0;
264158651;Tesco Garlic And Herb Dressing 250Ml;£0.70;£0.28/100ml;Condiments & Table Sauces;Salad Dressing;251;1.0;null;3.8;23.7;1.6;0.3;1.0;
264880630;Tesco Olive Oil And Sea Salt Croutons 100G;£1.00;£1.00/100g;Condiments & Table Sauces;Salad Dressing;454;12.5;null;4.4;15.1;1.7;4.2;1.2;
281139922;Tesco Healthy Living Sweet Chilli Dressing 250Ml;£0.99;£0.40/100ml;Condiments & Table Sauces;Salad Dressing;99;0.6;null;22.5;0.3;0.1;0;0.8;
263807588;Tesco Honey And Mustard Dressing 250Ml;£0.70;£0.28/100ml;Condiments & Table Sauces;Salad Dressing;220;0.8;null;18.2;15.2;1.0;2.5;1.1;
264880584;Tesco Garlic & Herb Croutons 100G;£1.00;£1.00/100g;Condiments & Table Sauces;Salad Dressing;446;12.8;null;3.4;12.6;1.4;4.1;1.3;
278903451;The English Provender Light Honey And Mustard Dressing 285G;£2.19;£0.77/100g;Condiments & Table Sauces;Salad Dressing;129;0.5;null;null;2.2;null;null;0.9;
263807571;Tesco Thousand Island Dressing 250Ml;£0.70;£0.28/100ml;Condiments & Table Sauces;Salad Dressing;245;1.2;null;11.3;17.6;1.8;0.9;1.3;
283610507;Tesco Healthy Living Asian Carrot Dressing 250Ml;£0.99;£0.40/100ml;Condiments & Table Sauces;Salad Dressing;115;1.5;null;17.3;2.9;0.2;0.5;0.8;
281139202;Tesco Healthy Living French Dressing 250Ml;£0.99;£0.40/100ml;Condiments & Table Sauces;Salad Dressing;89;0.2;null;13.2;2.0;0.5;0.5;0.8;
281124245;Tesco Healthy Living Balsamic Dressing 250Ml;£0.99;£0.40/100ml;Condiments & Table Sauces;Salad Dressing;91;0.3;null;12.5;1.7;0.2;0.2;0.3;
263807559;Tesco French Style Dressing 250Ml;£0.70;£0.28/100ml;Condiments & Table Sauces;Salad Dressing;199;0.2;null;10.5;15.5;1.2;0.3;1.3;
281139487;Tesco Healthy Living Three Citrus Dressing 250Ml;£0.99;£0.40/100ml;Condiments & Table Sauces;Salad Dressing;113;0.1;null;16.1;3.2;0.2;1.2;1.0;
281139352;Tesco Healthy Living Honey And Mustard Dressing 250Ml;£0.99;£0.40/100ml;Condiments & Table Sauces;Salad Dressing;129;0.1;null;21.1;3.4;0.8;0.3;1.0;
264028287;Hp Reduced Sugar And Salt Brown Sauce 450G;£2.15;£0.48/100g;Condiments & Table Sauces;Table Sauces;364kJ 55kJ;0.7;null;null;0.1;null;0.4;null;
255707701;Branston Fruity Sauce 250G;£0.65;£0.26/100g;Condiments & Table Sauces;Table Sauces;144;0.9;31;null;0.5;null;1.3;0.89;
264231593;Daddies Brown Sauce 400G;£1.39;£0.35/100g;Condiments & Table Sauces;Table Sauces;458kJ 69kJ;0.4;null;null;Trace;null;0.4;null;
255841282;Colman's Classic Mint Sauce 250Ml;£1.00;£0.40/100ml;Condiments & Table Sauces;Table Sauces;131;1.9;27;null;0.5;null;null;2.7;
279469726;Tesco Finest Brown Sauce 310G;£2.49;£0.86/100g;Condiments & Table Sauces;Table Sauces;180;1.8;null;34.0;0.6;0.2;1.5;0.4;
259277592;Cholula Hot Mexican Sauce 150Ml;£1.69;£1.13/100ml;Condiments & Table Sauces;Table Sauces;77 kJ 4 kJ;null;0,4;null;0,9;null;2,7;5,0;
268380501;Tesco Brown Sauce 330G;£0.79;£0.24/100g;Condiments & Table Sauces;Table Sauces;103;1.1;null;16.7;0.1;0.1;0.9;1.0;
268347726;Hp Fruity Sauce Top Down 470G;£2.00;£0.43/100g;Condiments & Table Sauces;Table Sauces;575kJ 87kJ;0.9;null;null;Trace;null;0.3;null;
250293148;Colmans Horseradish Sauce 250Ml;£1.00;£0.40/100ml;Condiments & Table Sauces;Table Sauces;108;1.3;8;null;6.4;null;null;0.92;
271154276;Tesco Squeezy Top Down Brown Sauce 465G;£0.89;£0.19/100g;Condiments & Table Sauces;Table Sauces;103;1.1;null;16.7;0.1;0.1;0.9;1.0;
257749377;Hp Brown Sauce Handy Pack 285G;£1.15;£0.40/100g;Condiments & Table Sauces;Table Sauces;517kJ 78kJ;0.9;null;null;0.1;null;0.4;null;
273127853;Tesco Everyday Value Brown Sauce 555G;£0.29;£0.05/100g;Condiments & Table Sauces;Table Sauces;81;0.6;null;13.4;0.1;0.1;0.6;1.2;
253745088;Hp Brown Sauce 425G;£1.00;£0.24/100g;Condiments & Table Sauces;Table Sauces;517kJ 78kJ;0.9;null;null;0.1;null;0.4;null;
255840375;Colman's Fresh Garden Mint Concentrate 250Ml;£1.00;£0.40/100ml;Condiments & Table Sauces;Table Sauces;46;2.8;3.9;null;0.5;null;null;5.3;
254883728;Hp Sauce Bottle 255G;£0.95;£0.37/100g;Condiments & Table Sauces;Table Sauces;517kJ 78kJ;0.9;null;null;0.1;null;0.4;null;
261892200;Tiptree Brown Sauce 310G;£1.99;£0.64/100g;Condiments & Table Sauces;Table Sauces;811 kJ -;0.9;null;null;0;null;null;1.4;
255843343;Colmans Bramley Apple Sauce 250Ml;£1.00;£0.40/100ml;Condiments & Table Sauces;Table Sauces;111;0.5;28;null;0.5;null;null;0.01;
260060271;Tesco Squeezy Top Down Fruity Brown Sauce 480G;£0.89;£0.19/100g;Condiments & Table Sauces;Table Sauces;145;1.2;null;25.2;0.1;0.1;1.6;1.0;
261507134;Hp Top Down Brown Sauce 450G;£2.15;£0.48/100g;Condiments & Table Sauces;Table Sauces;517kJ 78kJ;0.9;null;null;0.1;null;0.4;null;
277991899;Forces Sauces Brigadier Brown Sauce 500Ml;£1.89;£0.38/100ml;Condiments & Table Sauces;Table Sauces;112;0.6;null;null;0.5;null;0.9;null;
279249503;Heinz Horseradish Sauce 220 Ml;£1.50;£0.68/100ml;Condiments & Table Sauces;Table Sauces;960kJ 144kJ;0.7;null;null;17.7;null;null;1.8;
256992538;Tesco Creamed Horseradish 185G;£0.59;£0.32/100g;Condiments & Table Sauces;Table Sauces;197;2.4;null;20.7;10.2;1.7;1.0;4.0;
274326034;Colmans Sauce Jar Cranberry 265G;£1.00;£0.38/100g;Condiments & Table Sauces;Table Sauces;117;0.5;32;null;0.5;null;null;0.02;
271266005;Ocean Spray Whole Berry Cranberry Sauce 250G;£1.48;£0.59/100g;Condiments & Table Sauces;Table Sauces;152;0;37;null;0;null;1.2;0;
271266178;Ocean Spray Smooth Cranberry Sauce 250G;£1.48;£0.59/100g;Condiments & Table Sauces;Table Sauces;150;0;37;null;0;null;0;0;
279249578;Heinz Mint Sauce 220 Ml;£1.50;£0.68/100ml;Condiments & Table Sauces;Table Sauces;342kJ 51kJ;1.5;null;null;1.0;null;null;1.6;
272337859;Tesco Bramley Apple Sauce 270G;£0.59;£0.22/100g;Condiments & Table Sauces;Table Sauces;131;0.2;null;29.3;0.1;0.1;1.0;0.1;
279249889;Heinz Tartare Sauce 220 Ml;£1.00;£0.46/100ml;Condiments & Table Sauces;Table Sauces;1291kJ 194kJ;0.9;null;null;28.3;null;0.1;2.2;
284195489;Maille With Horseradish Mustard 205G;£1.49;£0.73/100g;Condiments & Table Sauces;Table Sauces;150 ;7;7.0;null;11.0;null;null;5.5;
275060259;Tesco Everyday Value Cranberry Sauce 185G;£0.50;£0.27/100g;Condiments & Table Sauces;Table Sauces;169;0.1;null;31.9;0.3;0.1;1.3;0.1;
257250937;Maille Bearnaise Sauce 200G;£1.49;£0.75/100g;Condiments & Table Sauces;Table Sauces;459;1.5;8.1;null;47;null;null;1.7;
253323758;Tesco Everyday Value Apple Sauce 280G;£0.40;£0.14/100g;Condiments & Table Sauces;Table Sauces;102;0.1;null;24.8;0.1;0.1;0.5;0.1;
255842845;Colmans Seafood Sauce 250Ml;£1.00;£0.40/100ml;Condiments & Table Sauces;Table Sauces;294;0.9;22;null;22;null;null;1.8;
268139633;Tesco Cranberry Sauce 400G;£1.49;£0.37/100g;Condiments & Table Sauces;Table Sauces;198;0;null;46.9;0.4;0.1;1.2;0.1;
278857194;Ocean Spray Cranberry And Apple Sauce 250G;£1.49;£0.60/100g;Condiments & Table Sauces;Table Sauces;177;0;null;null;1.3;null;1.9;0.10;
257471883;Tesco Bramley Apple Sauce 470G;£1.00;£0.21/100g;Condiments & Table Sauces;Table Sauces;131;0.2;null;29.3;0.1;0.1;1.0;0.1;
255842632;Colmans Tartare Sauce 250Ml;£1.00;£0.40/100ml;Condiments & Table Sauces;Table Sauces;291;1.3;17;null;24;null;null;3.2;
267046214;Lion Top Down Squeezy Mint Sauce 210G;£0.99;£0.47/100g;Condiments & Table Sauces;Table Sauces;98;1.1;null;null;0.2;null;2.0;1.6;
255799965;Maille Hollandaise Sauce 200G;£1.49;£0.75/100g;Condiments & Table Sauces;Table Sauces;482;0.9;9.3;null;49;null;null;2.7;
282049436;Heinz Tartare Sauce 26Ml;£0.20;£0.77/100ml;Condiments & Table Sauces;Table Sauces;null;null;null;null;null;null;null;null;
279233055;Tesco Finest British Mint Sauce 180G;£1.99;£1.11/100g;Condiments & Table Sauces;Table Sauces;80;0.9;null;16.2;0.6;0.2;2.1;0.5;
279233314;Tesco Finest Cranberry Sauce 225G;£1.99;£0.88/100g;Condiments & Table Sauces;Table Sauces;244;0.9;null;57.1;0.5;0.1;1.5;0.01;
250647514;Tesco Everyday Value Mint Sauce 165G;£0.24;£0.15/100g;Condiments & Table Sauces;Table Sauces;53;1.1;null;9.5;0.2;0.1;1.8;1.0;
261781280;Tesco Everyday Value Horseradish Sauce 165G;£0.51;£0.31/100g;Condiments & Table Sauces;Table Sauces;246;1.6;null;14.4;19.7;1.4;1.9;1.8;
266958640;Tesco Reduced Fat Seafood Sauce 250Ml;£0.90;£0.36/100ml;Condiments & Table Sauces;Table Sauces;305;0.6;null;16.8;24.6;2.0;0;1.5;
261780995;Tesco Everyday Value Tartare Sauce 165G;£0.55;£0.33/100g;Condiments & Table Sauces;Table Sauces;260;0.8;null;14.9;21.2;1.4;2.7;2.1;
279250040;Tesco Finest British Redcurrant Sauce 200G;£1.99;£1.00/100g;Condiments & Table Sauces;Table Sauces;193;0.9;null;43.7;0.4;0.1;4.5;1.3;
264876935;Tesco Hot Horseradish 180G;£0.59;£0.33/100g;Condiments & Table Sauces;Table Sauces;233;1.8;null;15.1;16.9;1.2;2.1;2.1;
285048830;Tesco Mustard And Dill Sauce 185G;£0.89;£0.48/100g;Condiments & Table Sauces;Table Sauces;null;null;null;null;null;null;null;null;
265305729;Tesco Mint Jelly 340G;£1.09;£0.32/100g;Condiments & Table Sauces;Table Sauces;232;0.1;null;48.7;0.3;0.1;0.6;0.6;
254886938;Tesco Redcurrant Jelly 340G;£0.85;£0.25/100g;Condiments & Table Sauces;Table Sauces;267;0.1;null;59.2;0.1;0.1;0.9;0.2;
266958277;Tesco Seafood Sauce 250Ml;£0.90;£0.36/100ml;Condiments & Table Sauces;Table Sauces;543;1.2;null;16.9;52.0;3.8;0;1.5;
279249854;Tesco Finest Marie Rose Sauce 230G;£1.99;£0.87/100g;Condiments & Table Sauces;Table Sauces;536;1.4;null;16.0;51.5;5.5;0.5;1.5;
264876970;Tesco Finest Horseradish Sauce 170G;£1.19;£0.70/100g;Condiments & Table Sauces;Table Sauces;323;3.2;null;13.1;26.5;3.0;3.0;1.9;
273235765;Tesco Finest Bearnaise Sauce 165G;£1.19;£0.72/100g;Condiments & Table Sauces;Table Sauces;575;2.6;null;4.8;60.4;4.8;0.5;1.6;
273236211;Tesco Finest Hollandaise Sauce 165G;£1.19;£0.72/100g;Condiments & Table Sauces;Table Sauces;600;0.5;null;6.2;63.0;5.5;0.8;1.8;
279250092;Tesco Finest Tartare Sauce 175G;£1.99;£1.14/100g;Condiments & Table Sauces;Table Sauces;324;1.0;null;7.5;31.5;3.4;0.5;2.2;
256993290;Tesco Mint Sauce 185G;£0.59;£0.32/100g;Condiments & Table Sauces;Table Sauces;90;0.8;null;18.5;0.1;0;0.9;1.5;
279232684;Tesco Finest British Bramley Apple Sauce With Cider 200G;£1.99;£1.00/100g;Condiments & Table Sauces;Table Sauces;179;0.7;null;41.8;0.3;0.1;1.7;0.1;
268237459;Tesco Reduced Fat Seafood Sauce 500Ml;£1.39;£0.28/100ml;Condiments & Table Sauces;Table Sauces;305;0.6;null;16.8;24.6;2.0;0;1.5;
286749108;Tiptree Quince Jelly 227G;£1.79;£0.79/100g;Condiments & Table Sauces;Table Sauces;null;null;null;null;null;null;null;null;
262344785;Colman's Original English Mustard Powder 57G;£1.34;£2.36/100g;Condiments & Table Sauces;Table Sauces;2323kJ/ 58kJ/ <1%;29;12;null;42;null;null;0.02;
254887027;Colman's Original English Mustard 100G;£0.94;£0.94/100g;Condiments & Table Sauces;Table Sauces;813kJ/ 41kJ/ <1%;6.8;13;null;12;null;null;8.5;
250858535;Maille Dijon Original Mustard 215G;£1.49;£0.69/100g;Condiments & Table Sauces;Table Sauces;150;7;3.5;null;11;null;null;5.7;
273326750;Colman's Hot Dog Squeezy Mustard 265G;£1.69;£0.64/100g;Condiments & Table Sauces;Table Sauces;113;4.5;10;null;5.3;null;null;2;
278974210;Frenchs Smooth And Spicy Jar 170G;£1.39;£0.82/100g;Condiments & Table Sauces;Table Sauces;104 ;5.2;null;null;6.5;null;null;4.1;
255790560;Colman's Original English Mustard Tube 50G;£0.79;£1.58/100g;Condiments & Table Sauces;Table Sauces;813kJ/ 41kJ/ <1%;6.8;13;null;12;null;null;8.5;
260064589;Colman's Original English Squeezy Mustard 150G;£1.58;£1.06/100g;Condiments & Table Sauces;Table Sauces;813kJ/ 41kJ/ <1%;6.8;13;null;12;null;null;8.5;
250859033;Maille Wholegrain Mustard 210G;£1.49;£0.71/100g;Condiments & Table Sauces;Table Sauces;176;6.9;9.4;null;10;null;null;5.2;
268382833;Maille Dijon Original Mustard 540G;£2.99;£0.55/100g;Condiments & Table Sauces;Table Sauces;150;7;3.5;null;11;null;null;5.7;
267968782;Tesco American Style Mustard 370G;£0.89;£0.24/100g;Condiments & Table Sauces;Table Sauces;155;4.6;null;18.7;4.6;0.7;4.5;2.6;
286749949;Tiptree Cranberry Jelly 227G;£1.79;£0.79/100g;Condiments & Table Sauces;Table Sauces;null;null;null;null;null;null;null;null;
254063403;Grey Poupon Dijon Mustard 215G;£1.39;£0.65/100g;Condiments & Table Sauces;Table Sauces;null;null;null;null;null;null;null;null;
256363765;Frenchs America Classic Yellow Mustard 226G Squeezy;£1.45;£0.64/100g;Condiments & Table Sauces;Table Sauces;2 ;4.2;null;null;3.9;null;2.7;null;
286749287;Tiptree Red Currant Jelly 227G;£1.79;£0.79/100g;Condiments & Table Sauces;Table Sauces;null;null;null;null;null;null;null;null;
260586708;Colmans Wholegrain Mustard 150Ml;£0.95;£0.63/100ml;Condiments & Table Sauces;Table Sauces;162;8.1;11;null;7.8;null;null;3;
266958409;Tesco Seafood Sauce 500Ml;£1.39;£0.28/100ml;Condiments & Table Sauces;Table Sauces;543;1.2;null;16.9;52.0;3.8;0;1.5;
261894837;French's Classic Yellow Mustard 397G;£1.79;£0.45/100g;Condiments & Table Sauces;Table Sauces;73 ;3.9;null;null;4.1;null;3.1;null;
254887033;Colman's Original English Mustard 170G;£1.00;£0.59/100g;Condiments & Table Sauces;Table Sauces;813kJ/ 41kJ/ <1%;6.8;13;null;12;null;null;8.5;
264876866;Tesco Tartare Sauce 175G;£0.59;£0.34/100g;Condiments & Table Sauces;Table Sauces;312;0.7;null;12.1;25.8;2.0;1.1;3.3;
254887223;Tesco Burgess English Mustard 100G;£0.34;£0.34/100g;Condiments & Table Sauces;Table Sauces;183;6.2;null;11.8;10.2;1.4;3.5;7.3;
286999508;Cholula Chilli Garlic 150G;£1.69;£1.13/100g;Condiments & Table Sauces;Table Sauces;null;null;null;null;null;null;null;null;
264447960;Blue Dragon Hot Chilli Dipping Sauce 380G;£1.99;£0.52/100g;Condiments & Table Sauces;Table Sauces;184 ;0.5;null;null;0.6;null;1.3;3.3;
279934014;Blue Dragon Sweet Chilli Dipping Small Squeezy 190G;£1.00;£0.53/100g;Condiments & Table Sauces;Table Sauces;184 ;0.5;null;null;0.6;null;1.3;3.3;
266980203;Blue Dragon Sweet Chilli Squeezy 500G;£2.79;£0.56/100g;Condiments & Table Sauces;Table Sauces;199 ;0.4;null;null;0.0;null;null;3.0;
253600148;Tesco Everyday Value Mustard 190G;£0.25;£0.13/100g;Condiments & Table Sauces;Table Sauces;191;5.4;null;8.4;8.2;1.3;3.6;8.5;
279818239;Tesco Finest Wholegrain 185G;£2.49;£1.35/100g;Condiments & Table Sauces;Table Sauces;147;6.3;null;null;10.4;null;9.9;5.3;
287000630;Cholula Chipotle 150G;£1.69;£1.13/100g;Condiments & Table Sauces;Table Sauces;165 kJ 8 kJ;null;6,6;null;0,7;null;1,5;4,0;
260691658;Tesco French Mustard 185G;£0.59;£0.32/100g;Condiments & Table Sauces;Table Sauces;141;6.5;null;5.4;7.6;0.4;3.9;2.8;
262025719;Tiptree East Anglian Hot Mustard 185G;£1.89;£1.03/100g;Condiments & Table Sauces;Table Sauces;null;null;null;null;null;null;null;null;
283610127;Encona Brazilian Barbecue Sauce 142Ml;£1.39;£0.98/100ml;Condiments & Table Sauces;Table Sauces;null;null;null;null;null;null;null;null;
280084805;Tesco Finest English Mustard And Honey 190G;£1.49;£0.78/100g;Condiments & Table Sauces;Table Sauces;null;null;null;null;null;null;null;null;
280047096;Tesco Finest Wholegrain Mustard 165G;£1.49;£0.85/100g;Condiments & Table Sauces;Table Sauces;147;6.3;null;2.2;10.4;1.5;9.9;5.3;
260489173;Blue Dragon Sweet Chilli Dipping Sauce 380G;£1.99;£0.52/100g;Condiments & Table Sauces;Table Sauces;184 ;0.5;null;null;0.6;null;1.3;3.3;
280030392;Tesco Finest Dijon Mustard 180G;£1.49;£0.85/100g;Condiments & Table Sauces;Table Sauces;149;6.6;null;2.3;10.8;2.9;4.0;5.5;
255664065;Tesco Burgess English Mustard 190G;£0.59;£0.31/100g;Condiments & Table Sauces;Table Sauces;183;6.2;null;11.8;10.2;1.4;3.5;7.3;
260691779;Tesco Wholegrain Mustard 180G;£0.59;£0.33/100g;Condiments & Table Sauces;Table Sauces;188;8.6;null;2.7;12.3;1.4;3.3;3.0;
273331242;Blue Dragon Mild Sweet Chlli Dipping Sauce 380G;£1.99;£0.52/100g;Condiments & Table Sauces;Table Sauces;180 ;0.8;null;null;0.1;null;1.3;3.1;
260691710;Tesco Dijon Mustard 185G;£0.59;£0.32/100g;Condiments & Table Sauces;Table Sauces;162;7.8;null;1.0;12.0;1.5;1.7;6.0;
283772096;Branston Spicy Tomato Relish 335G;£1.65;£0.49/100g;Condiments & Table Sauces;Table Sauces;125;1.6;28;null;0.7;null;0.7;1.3;
256587984;Encona Thai Sweet Chili Sauce 142Ml;£1.39;£0.98/100ml;Condiments & Table Sauces;Table Sauces;null;null;null;null;null;null;null;null;
267172104;Jack Daniels Smokey Barbecue Sauce 275G;£1.99;£0.77/100g;Condiments & Table Sauces;Table Sauces;172;0.6;null;null;0.1;null;0.7;1.9;
274233823;Heinz Burger Sauce 220Ml;£1.50;£0.68/100ml;Condiments & Table Sauces;Table Sauces;1688kJ 253kJ;1.7;null;null;37.0;null;0.2;2.2;
283818527;Heinz Sweet Chilli Sauce 220Ml;£1.00;£0.46/100ml;Condiments & Table Sauces;Table Sauces;804kJ 121kJ;0.4;null;42.3;0.1;Trace;null;1.4;
278148912;Jack Daniels Steak Sauce 260G;£1.99;£0.77/100g;Condiments & Table Sauces;Table Sauces;162;1.0;null;null;0.2;null;1.3;2.9;
267255957;Jack Daniels Smooth Original Barbecue Sauce 275G;£1.99;£0.77/100g;Condiments & Table Sauces;Table Sauces;162;0.6;null;null;0.1;null;0.7;1.9;
267280876;Jack Daniels Smoky Sweet Barbecue Glaze 275G;£1.99;£0.72/100g;Condiments & Table Sauces;Table Sauces;225;0.5;null;null;0.1;null;0.4;2.1;
278168974;Encona Special Reserve Hot Pepper Sauce 85Ml;£0.99;£1.17/100ml;Condiments & Table Sauces;Table Sauces;null;null;null;null;null;null;null;null;
285925875;Frank's Redhot Wings Buffalo Sauce 354Ml;£2.99;£0.85/100ml;Condiments & Table Sauces;Table Sauces;30 ;0.8;null;null;1.5;null;2.5;6.5;
285937665;Frank's Redhot Wings Hot Buffalo 354Ml;£2.99;£0.85/100ml;Condiments & Table Sauces;Table Sauces;30 ;0.8;null;null;1.5;null;2.5;6.5;
254851818;Encona Original Hot Pepper Sauce 285Ml;£1.99;£0.70/100ml;Condiments & Table Sauces;Table Sauces;null;null;null;null;null;null;null;null;
283817972;Heinz Hot Pepper Sauce 220Ml;£1.00;£0.46/100ml;Condiments & Table Sauces;Table Sauces;167kJ 25kJ;0.5;null;3.0;0.2;Trace;null;1.5;
251225471;Geo Watkins Mushroom Ketchup 190Ml;£1.79;£0.94/100ml;Condiments & Table Sauces;Table Sauces;null;null;null;null;null;null;null;null;
284932666;Jack Daniels Hot Habenero Sauce 260G;£1.99;£0.77/100g;Condiments & Table Sauces;Table Sauces;165;0.7;null;null;0.3;null;1.1;2.0;
274234056;Heinz Garlic Sauce 220Ml / 225G;£1.50;£0.67/100g;Condiments & Table Sauces;Table Sauces;1664kJ 250kJ;2.2;null;null;36.0;null;0.3;1.5;
283818222;Heinz Jerk Barbecue Sauce 220Ml;£1.00;£0.46/100ml;Condiments & Table Sauces;Table Sauces;665kJ 100kJ;1.1;null;31.8;0.1;Trace;null;1.4;
283817540;Heinz Peri Peri Sauce 220Ml;£1.00;£0.46/100ml;Condiments & Table Sauces;Table Sauces;295kJ 44kJ;0.5;null;4.5;3.1;0.4;null;1.3;
274220395;Franks Buffalo Wing Sauce 148Ml;£1.49;£1.01/100ml;Condiments & Table Sauces;Table Sauces;25 ;0.6;null;null;1.5;null;0;null;
254850218;Encona Thai Sweet Chilli Sauce 285Ml;£1.99;£0.70/100ml;Condiments & Table Sauces;Table Sauces;null;null;null;null;null;null;null;null;
259976703;Encona West Indian Hot Pepper Sauce 142Ml;£1.39;£0.72/100ml;Condiments & Table Sauces;Table Sauces;null;null;null;null;null;null;null;null;
284933924;Levi Roots Caribbean Barbecue Sauce 290G;£1.00;£0.35/100g;Condiments & Table Sauces;Table Sauces;132;0.3;null;null;0.1;null;null;1.1;
284934007;Levi Root Extra Hot Reggae Reggae Sauce 320G;£1.00;£0.35/100g;Condiments & Table Sauces;Table Sauces;134;0.4;null;null;0.1;null;null;2.0;
274246785;Wahaca Chipotle 150Ml;£1.99;£1.33/100ml;Condiments & Table Sauces;Table Sauces;227kJ;0.9;null;null;0.8;null;null;0.9;
250179532;Lea And Perrins Worcestershire Sauce 150Ml;£1.19;£0.79/100ml;Condiments & Table Sauces;Table Sauces;405kJ 20kJ;0.8;null;null;0.9;null;null;2.9;
274246733;Wahaca Chilli De Arbol 150Ml;£1.99;£1.33/100ml;Condiments & Table Sauces;Table Sauces;282kJ;1.9;null;null;1.2;null;null;1.2;
251195390;Tabasco Habanero Sauce 60Ml;£1.89;£3.15/100ml;Condiments & Table Sauces;Table Sauces;null;null;null;null;null;null;null;null;
254886967;Tabasco Pepper Sauce 57Ml;£1.89;£3.32/100ml;Condiments & Table Sauces;Table Sauces;null;null;null;null;null;null;null;null;
254312357;Maggi Chilli Sauce 340G;£1.00;£0.29/100g;Condiments & Table Sauces;Table Sauces;null;null;null;null;null;null;null;null;
266990826;Tabasco Chipotle 60Ml;£1.89;£3.15/100ml;Condiments & Table Sauces;Table Sauces;52;1.1;null;null;0.5;null;1.6;null;
254866029;Maggi Extra Hot Chilli Sauce 320G;£1.00;£0.31/100g;Condiments & Table Sauces;Table Sauces;null;null;null;null;null;null;null;null;
268734936;Old Fashioned Cheese Mature Cheddar 340G;£2.49;£0.73/100g;Condiments & Table Sauces;Table Sauces;280;8;null;null;22;null;null;3.4;
277784684;Levi Roots Scotch Bonnet Chilli Sauce 142Ml;£1.00;£0.70/100ml;Condiments & Table Sauces;Table Sauces;30;0.5;null;null;0.2;null;null;1.5;
266736407;Tesco Garlic Sauce 310G;£1.19;£0.38/100g;Condiments & Table Sauces;Table Sauces;261;0.2;null;4.7;25.1;1.8;1.1;0.9;
252592563;Lea And Perrins Table Sauce 325G;£2.05;£0.63/100g;Condiments & Table Sauces;Table Sauces;null;null;null;null;null;null;null;null;
251238300;Linghams Ginger Garlic And Chilli Sauce 280Ml;£1.69;£0.60/100ml;Condiments & Table Sauces;Table Sauces;350;0;null;null;6.7;null;null;3.2;
266988097;Levi Roots Reggae Sauce 490G;£2.49;£0.51/100g;Condiments & Table Sauces;Table Sauces;121;1.1;null;null;0.1;null;0.5;null;
266736956;Tesco Mild Curry Sauce 330G;£1.19;£0.36/100g;Condiments & Table Sauces;Table Sauces;270;1.7;null;10.2;21.5;2.3;0.9;null;
255063701;Linghams Chilli Sauce 280Ml;£1.69;£0.60/100ml;Condiments & Table Sauces;Table Sauces;380;0;null;null;6.7;null;null;3.6;
274270254;Nando's Mild 125Ml;£1.99;£1.60/100ml;Condiments & Table Sauces;Table Sauces;288 kJ / 69 kCal 58 kJ / 14 kCal;0.5;null;null;null;null;null;6.25  / 6188 m;
266736880;Tesco Sweet Burger Sauce 320G;£1.19;£0.37/100g;Condiments & Table Sauces;Table Sauces;210;1.4;null;3.6;17.9;1.4;0.8;null;
274246802;Wahaca Habanero 150Ml;£1.99;£1.33/100ml;Condiments & Table Sauces;Table Sauces;281kJ;0.4;null;null;2.0;null;null;1.1;
286941842;Tiptree Sweet Pepper Relish 195G;£1.99;£1.03/100g;Condiments & Table Sauces;Table Sauces;null;null;null;null;null;null;null;null;
281721206;Tesco Glaze Chilli Balsamic 215Ml;£1.50;£0.70/100ml;Condiments & Table Sauces;Vinegar;199;1.5;null;45.5;0;0;0.2;0.2;
277787341;Aspall Organic Balsamic Vinegar 350Ml;£2.99;£0.85/100ml;Condiments & Table Sauces;Vinegar;0Kcal;0.5;17.5;null;0.0;null;0.0;null;
282049989;De Nigris Bronze Balsamic Vinegar Bronze 250Ml;£2.00;£0.80/100ml;Condiments & Table Sauces;Vinegar;null;0;null;0;null;null;null;null;
286980328;Filippo Berio Balsamic Vinegar 500Ml;£4.99;£1.00/100ml;Condiments & Table Sauces;Vinegar;95;0.05;null;19;0;null;0;null;
284319621;Gino Everyday Balsamic Vinegar 500Ml;£2.00;£0.40/100ml;Condiments & Table Sauces;Vinegar;77 ;null;null;null;null;null;null;null;
268510850;Aspall Organic Cyder Vinegar 350Ml;£1.70;£0.49/100ml;Condiments & Table Sauces;Vinegar;null;Trace;0.7;null;Trace;null;Trace;0.01;
264475246;Tesco Finest Balsamic Vinegar Of Modena 250Ml;£6.00;£2.40/100ml;Condiments & Table Sauces;Vinegar;227;0.5;null;51.4;0;0;0;0.1;
282051732;De Nigris Plat Balsamic Vinegar Platinum 250Ml;£10.00;£4.00/100ml;Condiments & Table Sauces;Vinegar;null;0;null;5;null;null;null;null;
261799841;Tesco Glaze Balsamic Vinegar Of Modena 215Ml;£1.50;£0.70/100ml;Condiments & Table Sauces;Vinegar;225;0.5;null;55.8;0;0;0.2;0.1;
256897657;F Giacobazzi Balsamic Vinegar Modena 3 Leaves 250Ml;£2.00;£0.80/100ml;Condiments & Table Sauces;Vinegar;106;0.2;null;null;0.1;null;null;null;
279684661;Filippo Berio Balsamic Vinegar 250Ml;£3.00;£1.20/100ml;Condiments & Table Sauces;Vinegar;95;0.05;null;19;0;null;0;null;
282051611;De Nigris Gold Balsamic Vinegar Gold 250Ml;£6.00;£2.40/100ml;Condiments & Table Sauces;Vinegar;null;0;null;5;null;null;null;null;
285725259;De Nigris Balsamic Glaze 100% Natural 250Ml;null;null;Condiments & Table Sauces;Vinegar;null;2.5;null;null;null;null;null;0,05;
268486676;Aspall Cyder Vinegar 350Ml;£1.40;£0.40/100ml;Condiments & Table Sauces;Vinegar;0Kcal;0.0;0.1;null;0.0;null;0.0;null;
284319863;Gino Everyday Balsamic Glaze 215Ml;£2.00;£0.93/100ml;Condiments & Table Sauces;Vinegar;189 ;null;null;null;null;null;null;null;
268510886;Aspall Organic White Wine Vinegar 350Ml;£1.70;£0.49/100ml;Condiments & Table Sauces;Vinegar;null;Trace;0.6;null;Trace;null;Trace;0.01;
268486653;Aspall White Wine Vinegar 350Ml;£1.40;£0.40/100ml;Condiments & Table Sauces;Vinegar;null;Trace;null;null;Trace;null;Trace;0.03;
264467377;F Giacobazzi Balsamic Vinegar Modena 250Ml;£2.00;£0.80/100ml;Condiments & Table Sauces;Vinegar;154 ;1.2;null;null;0;null;0;null;
268486630;Aspall Red Wine Vinegar 350Ml;£1.40;£0.40/100ml;Condiments & Table Sauces;Vinegar;0Kcal;0.4;0.6;null;0.0;null;0.0;null;
254296718;Tesco Balsamic Vinegar Of Modena 250Ml;£1.00;£0.40/100ml;Condiments & Table Sauces;Vinegar;100;1.0;null;24.0;0;0;0.1;0.1;
260511660;Tesco Red Wine Vinegar 350Ml;£0.80;£0.23/100ml;Condiments & Table Sauces;Vinegar;22;0.1;null;0.1;0.1;0.1;0.1;null;
255664543;Sarsons Malt Vinegar 250Ml;£0.70;£0.28/100ml;Condiments & Table Sauces;Vinegar;null;null;null;null;null;null;null;null;
254885104;Tesco Malt Vinegar 1.14L;£0.75;£0.07/100ml;Condiments & Table Sauces;Vinegar;20;0.3;null;0.1;0.1;0.1;0.1;null;
260511700;Tesco White Wine Vinegar 350Ml;£0.80;£0.23/100ml;Condiments & Table Sauces;Vinegar;22;0.1;null;0.3;0.1;0.1;0.1;null;
267880412;Aspall Golden Malt Vinegar 250Ml;£0.79;£0.32/100ml;Condiments & Table Sauces;Vinegar;null;Trace;null;null;Trace;null;Trace;0.02;
255678325;Sarsons Malt Vinegar 568Ml;£0.99;£0.17/100ml;Condiments & Table Sauces;Vinegar;null;null;null;null;null;null;null;null;
255677292;Sarsons Vinegar For Pickling Malt 1.14L;£1.49;£0.13/100ml;Condiments & Table Sauces;Vinegar;null;null;null;null;null;null;null;null;
272338207;Tesco Malt Vinegar 568Ml;£0.39;£0.07/100ml;Condiments & Table Sauces;Vinegar;20;0.3;null;0.1;0.1;0.1;0.1;null;
281721264;Tesco Glaze Fig Balsamic 215Ml;£1.50;£0.70/100ml;Condiments & Table Sauces;Vinegar;208;1.4;null;47.9;0;0;0;0.2;
255677954;Sarsons Vinegar For Pickling Distilled 1.14Lt;£1.49;£0.13/100ml;Condiments & Table Sauces;Vinegar;null;null;null;null;null;null;null;null;
261799858;Tesco Organic Balsamic Vinegar Of Modena 250Ml;£2.00;£0.80/100ml;Condiments & Table Sauces;Vinegar;131;1.1;null;26.9;0;0;0.2;0.1;
255677977;Sarsons Distilled Malt Vinegar 568Ml;£0.99;£0.17/100ml;Condiments & Table Sauces;Vinegar;null;null;null;null;null;null;null;null;
274949541;Tesco Everyday Value Vinegar 2 Litre;£0.99;£0.05/100ml;Condiments & Table Sauces;Vinegar;null;null;null;null;null;null;null;null;
272337940;Tesco Distilled Vinegar 568Ml;£0.39;£0.07/100ml;Condiments & Table Sauces;Vinegar;17;0.2;null;trace;0.1;0.1;0.1;null;
272338046;Tesco Malt Vinegar 284Ml;£0.36;£0.13/100ml;Condiments & Table Sauces;Vinegar;20;0.3;null;0.1;0.1;0.1;0.1;null;
255678285;Sarsons Light Malt Vinegar 250Ml;£0.70;£0.28/100ml;Condiments & Table Sauces;Vinegar;null;null;null;null;null;null;null;null;
255664572;Sarsons Malt Vinegar 400Ml;£0.94;£0.24/100ml;Condiments & Table Sauces;Vinegar;null;null;null;null;null;null;null;null;
259310265;Betty Crocker Chocolate Buttercream Icing 450G;£2.25;£0.50/100g;Home Baking;Baking;413;1.3;65.1;null;16.0;null;1.7;0.8;
258710317;Betty Crocker Vanilla Flavour Frosting 450G;£2.25;£0.50/100g;Home Baking;Baking;421;0.0;70.5;null;15.4;null;0.0;0.5;
254914584;Tesco Natural Almond Marzipan 500G;£1.74;£0.35/100g;Home Baking;Baking;426;6.3;null;65.1;13.4;1.0;2.6;0.1;
250806217;Betty Crocker Chocolate Fudge Frosting 450G;£2.25;£0.50/100g;Home Baking;Baking;408;2.2;61.4;null;16.4;null;2.9;0.8;
282593067;Betty Crocker Strawberry Frosting 425G;£2.25;£0.53/100g;Home Baking;Baking;421;0.0;70.4;null;15.4;null;0.0;1.5;
284951833;Tesco 5 Colour Modelling Kit 500G;£3.99;£0.80/100g;Home Baking;Baking;410;0.1;null;83.9;6.4;3.5;0.6;0.1;
271255824;Dr. Oetker Easy Swirl Cupcake Icing Vanilla;£3.49;£1.94/100g;Home Baking;Baking;425 ;0;null;null;17;null;null;0.24;
271255992;Dr. Oetker Easy Swirl Cupcake Icing Chocolate;£3.49;£1.94/100g;Home Baking;Baking;393;1.6;null;null;16;null;null;0.24;
254914590;Tesco Golden Almond Marzipan 500G;£1.74;£0.35/100g;Home Baking;Baking;430;6.0;null;64.8;13.8;1.0;1.5;0.01;
278906027;Tesco Ready Rolled Icing 450G;£3.99;£0.89/100g;Home Baking;Baking;401;0.1;null;81.6;5.3;2.6;0.1;0.1;
275657988;Dr.Oetker Ready To Roll Icing 1Kg;£2.18;£0.22/100g;Home Baking;Baking;388 ;0;null;null;3.2;null;null;0;
275975231;Dr Oetker Easy Swirl Cupcake Icing Pink 180G;£3.49;£1.94/100g;Home Baking;Baking;425;0;null;null;17;null;null;0.24;
275603091;Betty Crocker Cream Cheese Frosting 425G;£2.25;£0.53/100g;Home Baking;Baking;421;0.0;70.5;null;15.4;null;0.0;0.5;
278584988;Tesco Ready To Roll Coloured Icing Black 250G;£1.79;£0.72/100g;Home Baking;Baking;409;0.1;null;81.7;6.4;3.5;1.1;0.1;
284507502;Disney Princess Icing 180G;null;null;Home Baking;Baking;1710kJ -;0.1;67.3;null;15.0;null;2.9;0.5;
284951902;Tesco Modelling Kit Generic 500G;£3.99;£0.80/100g;Home Baking;Baking;408;0.1;null;84.4;6.3;3.4;0.7;0.1;
278906004;Tesco Ready Rolled Marzipan 400G;£3.99;£1.00/100g;Home Baking;Baking;439;5.9;null;61.7;15.8;1.4;2.2;0.01;
278587645;Tesco Ready Ro Roll Coloured Icing Red 250G;£1.79;£0.72/100g;Home Baking;Baking;411;0.2;null;85.5;6.4;3.4;0.7;0.1;
284952392;Tesco Flower Modelling Paste 250G;£2.49;£1.00/100g;Home Baking;Baking;370;0.2;null;88.2;0.3;0.1;1.9;0.1;
259309734;Betty Crocker Van Buttercream Icing 450G;null;null;Home Baking;Baking;421;0.0;70.5;null;15.4;null;0.0;0.5;
284952037;Tesco Ready To Roll Icing Chocolate 250G;£1.79;£0.72/100g;Home Baking;Baking;407;1.8;null;73.3;8.5;4.9;3.3;0.1;
278585324;Tesco Ready To Roll Coloured Icing Pink 250G;£1.79;£0.72/100g;Home Baking;Baking;408;0.1;null;85.5;6.3;3.4;0.5;0.1;
271273307;Allinson Easy Bake Yeast 6X7g;£0.98;£23.34/kg;Home Baking;Baking;null;null;null;null;null;null;null;null;
285468799;Dr.Oetker Cocoa Powder 25G;£1.29;£51.60/kg;Home Baking;Baking;361 ;20;null;null;21;null;28;2.15;
284952158;Tesco Ready To Roll Icing Blue 250G;£1.79;£0.72/100g;Home Baking;Baking;409;0.2;null;87.9;6.2;3.3;0.5;0.1;
273635931;Dr. Oetker Baking Powder Gluten Free)Sach;£1.09;£36.34/kg;Home Baking;Baking;null;null;null;null;null;null;null;null;
280932920;Dr.Oetker Gelatine Sachet 3X12g;£1.09;£3.03/100g;Home Baking;Baking;null;null;null;null;null;null;null;null;
256891151;Hovis Fast Action Bread Yeast 42G;£1.15;£27.39/kg;Home Baking;Baking;null;null;null;null;null;null;null;null;
284952291;Tesco Ready To Roll Icing Green 250G;£1.79;£0.72/100g;Home Baking;Baking;409;0.2;null;85.2;6.4;3.5;0.5;0.1;
275954705;Dr Oetker Ground Arrowroot Sachets;£1.09;£1.09/each;Home Baking;Baking;355 ;0;null;null;0;null;null;0;
250535664;Tesco White Ready Ice 500G;£1.40;£0.28/100g;Home Baking;Baking;410;0;null;83.5;6.3;3.6;0.5;0.2;
250535520;Tesco White Ready Ice 1Kg;£2.20;£0.22/100g;Home Baking;Baking;410;0;null;83.5;6.3;3.6;0.5;0.2;
254914209;Jif Squeezy Lemon Juice 55Ml;£0.50;£0.91/100ml;Home Baking;Baking;24;0.5;null;null;trace;null;0.1;0.25;
271189056;Dr. Oetker Liquid Glucose Tube 140G;£1.00;£7.15/kg;Home Baking;Baking;320 ;0;null;null;0;null;null;0.01;
278837857;Dr.Oetker Free Range Egg White Powder Sachet;£1.00;£1.00/each;Home Baking;Baking;367 ;84;null;null;0.2;null;null;0.8;
273643299;Dr. Oetker Bicarbonate Of Soda Sachet;£1.09;£25.96/kg;Home Baking;Baking;null;null;null;null;null;null;null;null;
283610726;Borwicks Baking Powder 100G;£1.00;£10.00/kg;Home Baking;Baking;null;null;null;null;null;null;null;null;
285468897;Dr.Oetker Milk Chocolately Cake Covering 150G;£0.99;£6.60/kg;Home Baking;Baking;570 ;3.1;null;null;37;null;null;0;
257623232;Allinson Dried Active Baking Yeast 125G;£0.65;£5.20/kg;Home Baking;Baking;null;null;null;null;null;null;null;null;
278584850;Tesco Ready To Roll Coloured Icing Yellow 250G;£1.79;£0.72/100g;Home Baking;Baking;412;0.1;null;82.3;6.5;3.5;0.5;0.1;
281184910;Nielsen Massey Coffee Extract 60Ml;£3.85;£6.42/100ml;Home Baking;Baking;null;null;null;null;null;null;null;null;
275414239;Tesco Finest British Blackberry &Bramley Apple Compote 350G;£2.00;£0.57/100g;Home Baking;Baking;121;0.7;null;26.4;0.6;0.3;1.4;0.1;
281183963;Nielsen Massey Vanilla Pods 60Ml;£4.99;£8.32/100ml;Home Baking;Baking;null;null;null;null;null;null;null;null;
281198099;Nielsen Massey Peppermint Extract 60Ml;£3.85;£6.42/100ml;Home Baking;Baking;null;null;null;null;null;null;null;null;
281184501;Nielsen Massey Chocolate Extract 60Ml;£3.85;£6.42/100ml;Home Baking;Baking;null;null;null;null;null;null;null;null;
277866553;Lyle's Golden Syrup Baking Bottle 600G;£1.89;£0.32/100g;Home Baking;Baking;310;0.5;null;null;0;null;null;0.8;
275492940;Tesco Finest Alphonso Mango Coulis 255Ml;£2.00;£0.78/100ml;Home Baking;Baking;120;0.1;null;27.3;0.4;0;0.7;0;
275413776;Tesco Finest Belgian Chocolate Ganache Sauce 350G;£2.00;£0.57/100g;Home Baking;Baking;443;4.1;null;38.4;20.4;13.0;0.5;0.1;
250428970;Tesco Ingredient Lemon Juice 250Ml;£0.60;£0.24/100ml;Home Baking;Baking;26;0.3;null;1.4;0.1;0.1;0.3;0.1;
281197958;Nielsen Massey Orange Extract 60Ml;£3.85;£6.42/100ml;Home Baking;Baking;null;null;null;null;null;null;null;null;
254851415;Lyles Golden Syrup 907G;£1.95;£0.22/100g;Home Baking;Baking;325;0.5;null;null;nil;null;null;null;
281197716;Nielsen Massey Lemon Extract 60Ml;£3.85;£6.42/100ml;Home Baking;Baking;null;null;null;null;null;null;null;null;
259921596;Tesco Fast Action Dried Yeast 56G;£0.83;£14.83/kg;Home Baking;Baking;null;null;null;null;null;null;null;null;
250794771;Tesco Everyday Value Golden Syrup 680G;£1.18;£0.17/100g;Home Baking;Baking;328;0.1;null;82.0;0;0;0;0.1;
257090354;Lyles Black Treacle 454G;£1.15;£0.25/100g;Home Baking;Baking;1232Kj;1.7;null;null;null;0;trace;null;
254851421;Lyles Golden Syrup 454G;£1.15;£0.25/100g;Home Baking;Baking;325;0.5;null;null;nil;null;null;null;
278589983;Tesco Fair Trade Madagascan Vanilla Pods 2S;£4.49;£2.25/each;Home Baking;Baking;null;null;null;null;null;null;null;null;
280318634;Lyle's Golden Syrup Breakfast 340G;£1.75;£0.52/100g;Home Baking;Baking;310;0.5;null;null;0;null;null;0.8;
281184150;Nielsen Massey Almond Extract 60Ml;£3.85;£6.42/100ml;Home Baking;Baking;null;null;null;null;null;null;null;null;
255547279;Tesco Lemon Juice 500Ml;£0.95;£0.19/100ml;Home Baking;Baking;26;0.3;null;1.4;0.1;0.1;0.3;0.1;
275493213;Tesco Finest Forest Fruits Coulis 255Ml;£2.00;£0.78/100ml;Home Baking;Baking;125;0.1;null;29.0;0.4;0;0.4;0;
275954452;Dr.Oetker Food Colour Gel Sky Blue 10G;£0.78;£0.78/10g;Home Baking;Baking;null;null;null;null;null;null;null;null;
278532048;Dr.Oetker American Peppermint Natural Extract 35Ml;£0.98;£0.28/10ml;Home Baking;Baking;null;null;null;null;null;null;null;null;
278531907;Dr.Oetker Limited Edition Natural Extract 35Ml;£0.98;£0.28/10ml;Home Baking;Baking;null;null;null;null;null;null;null;null;
285419412;Dr.Oetker Caramel Flavour 35Ml;£1.29;£0.37/10ml;Home Baking;Baking;null;null;null;null;null;null;null;null;
276520019;Tesco Finest Raspberry Sauce 250G;£1.90;£0.76/100g;Home Baking;Baking;205;0.5;null;40.8;0.5;0.4;0.6;null;
275975012;Dr Oetker Food Colour Gel Neon Orange 10 G;£0.78;£0.78/10g;Home Baking;Baking;null;null;null;null;null;null;null;null;
254914123;Dr. Oetker Glycerine 38Ml;£0.65;£0.17/10ml;Home Baking;Baking;null;null;null;null;null;null;null;null;
275954164;Dr.Oetker Food Colour Gel Jet Black 10G;£0.78;£0.78/10g;Home Baking;Baking;null;null;null;null;null;null;null;null;
275975156;Dr Oetker Food Colour Gel Hot Pink 10G;£0.78;£0.78/10g;Home Baking;Baking;null;null;null;null;null;null;null;null;
278532342;Dr.Oetker Madagascan Vanilla 35Ml;£0.98;£0.28/10ml;Home Baking;Baking;null;null;null;null;null;null;null;null;
260158692;Tesco Finest Maple Syrup No 1 Light 330G;£5.49;£1.67/100g;Home Baking;Baking;254;0;null;61.5;0.1;0.1;0.2;0.1;
275658215;Dr. Oetker Lime Green Food Colour 10G;£0.78;£0.78/10g;Home Baking;Baking;null;null;null;null;null;null;null;null;
276519886;Tesco Finest Chocolate Sauce 250G;£1.90;£0.76/100g;Home Baking;Baking;370;3.3;null;35.6;14.9;8.7;1.3;null;
275503301;Tesco Finest Passion Fruit Coulis 255Ml;£2.00;£0.78/100ml;Home Baking;Baking;175;0.6;null;33.8;1.7;0.2;2.6;0;
275416151;Tesco Finest Timperley Rhuharb, Bramley Apple And Ginger 350G;£2.00;£0.57/100g;Home Baking;Baking;123;0.4;null;25.8;0.1;0.1;0.5;0.1;
275976316;Dr Oetker Food Coloured Gel Sunshine Yellow 10G;£0.78;£0.78/10g;Home Baking;Baking;null;null;null;null;null;null;null;null;
275975663;Dr Oetker Food Colour Gel Ultra Violet 10G;£0.78;£0.78/10g;Home Baking;Baking;null;null;null;null;null;null;null;null;
275658175;Dr. Oetker Bright Red Food Colour 10G;£0.78;£0.78/10g;Home Baking;Baking;null;null;null;null;null;null;null;null;
275416024;Tesco Finest Cherry And Pear Compote 350G;£2.00;£0.57/100g;Home Baking;Baking;135;0.4;null;27.7;0.1;0.1;0.6;0.1;
258448893;Dr.Oetker Select Vanilla Extract 75Ml;£2.98;£0.40/10ml;Home Baking;Baking;null;null;null;null;null;null;null;null;
274662793;Nielsen Massey Rose Water 60Ml;£3.85;£64.17/l;Home Baking;Baking;null;null;null;null;null;null;null;null;
284863678;Tesco Yellow Food Colouring 60Ml;£1.30;£0.22/10ml;Home Baking;Baking;null;null;null;null;null;null;null;null;
278361313;Tesco Orange Water 150Ml;£1.29;£0.09/10ml;Home Baking;Baking;4;0.3;null;0.1;0.2;0.1;0.1;0;
278533335;Dr.Oetker Moroccan Almond 35Ml;£0.98;£0.28/10ml;Home Baking;Baking;null;null;null;null;null;null;null;null;
256333542;Cake Angels Chocoholic's Delight 137G;£2.49;£1.82/100g;Home Baking;Baking;2031 kJ;4.3;null;null;21.1;null;0.7;0.1;
271257172;Hansells Vanilla Paste 120G;£3.99;£33.25/kg;Home Baking;Baking;null;null;null;null;null;null;null;null;
282152394;Cadbury Bournville Cocoa Fair Trade Powder 250G;£2.28;£0.91/100g;Home Baking;Baking;415 ;23.0;null;null;21.5;null;33.5;1.40;
274663659;Nieslen Massey Vanilla Paste 118Ml;£5.99;£50.77/l;Home Baking;Baking;null;null;null;null;null;null;null;null;
271189367;Dr Oetker Chocolate Chunks 100G;£1.49;£1.49/100g;Home Baking;Baking;504 ;8.4;null;null;25;null;null;0.4;
278361054;Tesco Rose Water 150G;£1.29;£0.09/10ml;Home Baking;Baking;8;0.1;null;0.1;0.1;0.1;0.1;0.1;
284883429;Tesco Blue Food Colouring 60Ml;£1.30;£0.22/10ml;Home Baking;Baking;null;null;null;null;null;null;null;null;
254511283;Dr Oetker Chocolate Chip Plain 100G;£1.07;£1.07/100g;Home Baking;Baking;502 ;4.4;null;null;29;null;null;0;
278533364;Dr.Oetker Sicilian Lemon Natural Extract 35Ml;£0.98;£0.28/10ml;Home Baking;Baking;null;null;null;null;null;null;null;null;
253497323;Nielsen-Massey Pure Vanilla Extract 118Ml;£5.59;£0.47/10ml;Home Baking;Baking;null;null;null;null;null;null;null;null;
275887306;Hansells Vanilla Extract 50Ml;£3.49;£0.70/10ml;Home Baking;Baking;null;null;null;null;null;null;null;null;
284883222;Tesco Green Food Colouring 60Ml;£1.30;£0.22/10ml;Home Baking;Baking;null;null;null;null;null;null;null;null;
284863563;Tesco Red Food Colouring 60Ml;£1.30;£0.22/10ml;Home Baking;Baking;null;null;null;null;null;null;null;null;
273714325;Dr Oetker Cooks Chocolate Extra Dark 150G;£1.59;£1.06/100g;Home Baking;Baking;520 ;7.9;null;null;41;null;null;0;
278340586;Tesco Lemon Water 150Ml;£1.29;£0.09/10ml;Home Baking;Baking;8;0.1;null;0.1;0.3;0.3;0.1;0.1;
254511133;Dr. Oetker Milk Chocolate Chips 100G;£1.07;£1.07/100g;Home Baking;Baking;526 ;6;null;null;29;null;null;0;
275411945;Tesco Finest Baking Chocolate White With Vanilla 100G;£1.49;£1.49/100g;Home Baking;Baking;580;7.7;null;48.9;38.5;24.9;0;0;
268542495;Tesco Everyday Value Cooking Chocolate Plain 100G;£0.35;£0.35/100g;Home Baking;Baking;505;4.8;null;50.5;30.1;17.2;1.3;0.1;
273418083;Green And Black's White Cooks Bar 150G;£2.49;£1.66/100g;Home Baking;Baking;2420 kJ -;7.9;null;null;38.5;null;0.1;0.25;
279315080;Tesco Finest Milk Chocolate Drops 100G;£1.79;£1.79/100g;Home Baking;Baking;568;7.2;null;45.1;38.8;24.9;0.7;0.1;
278244694;Tesco Milk Chocolate Chips 100G;£0.80;£0.80/100g;Home Baking;Baking;527;5.6;null;60.2;28.3;16.9;2.2;0.3;
278588724;Tesco Fudge Chunks 85G;£1.10;£1.30/100g;Home Baking;Baking;400;1.9;null;63.5;12.2;6.1;0;0.3;
254913717;Tesco Milk Chocolate Cake Covering 300G;£0.67;£0.22/100g;Home Baking;Baking;499;2.9;null;47.5;30.6;28.1;1.8;0.3;
273714423;Dr Oetker Fine Cooks Chocolate Milk 150G;£1.59;£1.06/100g;Home Baking;Baking;561 ;7.3;null;null;36;null;null;0;
275411830;Tesco Finest Baking Chocolate Plain 100G;£1.49;£1.49/100g;Home Baking;Baking;547;9.4;null;14.0;48.0;28.7;2.9;0.1;
254913700;Tesco Plain Chocolate Cake Covering 300G;£0.67;£0.22/100g;Home Baking;Baking;580;3.9;null;45.5;40.5;36.5;5.3;0.5;
275412034;Tesco Finest Baking Chocolate Milk 100G;£1.49;£1.49/100g;Home Baking;Baking;568;7.2;null;45.1;38.8;24.9;0.7;0.1;
255774919;Green And Black Organic Cooking Chocolate 150G;£2.49;£1.66/100g;Home Baking;Baking;2405 kJ -;9.1;null;null;42.0;null;10.0;0.13;
268380743;Menier White Chocolate Patissier 100G;£1.20;£1.20/100g;Home Baking;Baking;556 ;7.7;null;null;33.1;null;0.0;0.24;
268380680;Menier Milk Chocolate Patissier 100G;£1.20;£1.20/100g;Home Baking;Baking;538 ;7.3;null;null;30.4;null;2.8;0.18;
271249493;Green And Black Milk Cooks Bar 150G;£2.49;£1.66/100g;Home Baking;Baking;2345 kJ -;9.8;null;null;36.0;null;3.0;0.23;
278274664;Tesco Milk Chocolate Chunks 100G;£1.00;£1.00/100g;Home Baking;Baking;536;7.1;null;55.6;30.8;18.3;2.1;0.3;
279302688;Tesco Finest Plain Chocolate Drops 100G;£1.79;£1.79/100g;Home Baking;Baking;547;9.4;null;14.0;48.0;28.7;2.9;0.1;
254913775;Menier Chocolate Patissier 100G;£1.20;£1.20/100g;Home Baking;Baking;590 ;8.0;null;null;44.9;null;15.3;0.02;
268542437;Tesco Everyday Value Cooking Chocolate Milk 100G;£0.35;£0.35/100g;Home Baking;Baking;530;5.4;null;58.8;29.8;15.0;0.1;0.1;
278245411;Tesco Plain Chocolate Chunks 100G;£1.00;£1.00/100g;Home Baking;Baking;516;4.2;null;54.8;28.0;17.1;7.4;0;
278236013;Tesco Plain Chocolate Chips 100G;£0.80;£0.80/100g;Home Baking;Baking;500;5.4;null;52.4;26.1;16.2;8.9;0.1;
283840252;Cake Angels Swirl Jar Happy Birthday 106G;£2.29;£2.17/100g;Home Baking;Baking;402 ;0.5;92.2;null;3.5;null;0.3;0.0;
278754937;Cake Angels Animal Print Party Candles;£0.99;£0.06/each;Home Baking;Baking;null;null;null;null;null;null;null;null;
278245486;Tesco White Chocolate Cake Covering 300G;£0.67;£0.22/100g;Home Baking;Baking;560;1.9;null;62.5;33.6;15.9;0;0.5;
283842198;Cake Angels Swirl Jar Colourpops 106G;£2.29;£2.17/100g;Home Baking;Baking;442 ;2.0;81.2;null;11.1;null;0.9;0.5;
271256075;Cake Angels Pink And White Marshmallows170g;£1.65;£0.97/100g;Home Baking;Baking;350 ;0.0;null;null;1.3;null;0.0;0.0;
279935820;Cake Angels Seasonal Fun Cake Sprinkles 67G;null;null;Home Baking;Baking;399;0.2;96.6;null;1.3;null;0.2;Trace;
282485881;Cake Angels Flower Fun Icing 10G;£1.60;£16.00/100g;Home Baking;Baking;null;2.3;96.4;null;0.1;null;0.3;0.1;
278245324;Tesco White Chocolate Chunks 100G;£1.00;£1.00/100g;Home Baking;Baking;542;6.8;null;59.5;30.7;18.1;0;0.3;
278729398;Cake Angels Spots And Stripes Party Candles;£0.99;£0.06/each;Home Baking;Baking;null;null;null;null;null;null;null;null;
282485748;Cake Angels Rainbow 145G;£2.49;£1.72/100g;Home Baking;Baking;1826 kJ -;2.1;null;null;8.8;null;0.9;0.1;
285364144;Cake Angels Ice Cream Cake Kit 380G;£2.49;£0.73/100g;Home Baking;Baking;null;2.6;59.3;null;6.1;null;1.1;0.6;
284553135;Betty Crocker Sprinkles Vanilla Frost 470G;£2.85;£0.61/100g;Home Baking;Baking;419 ;0.0;null;null;14.7;null;0.0;0.48;
278235814;Tesco White Chocolate Chips 100G;£0.80;£0.80/100g;Home Baking;Baking;539;5.2;null;62.2;29.9;17.6;0;0.5;
283844553;Cake Angel Swirl Jar Pearlescent 130G;£2.29;£1.77/100g;Home Baking;Baking;444 ;2.7;79.7;null;11.2;null;4.1;0.0;
282485817;Cake Angels Chocolate Passion 90G;null;null;Home Baking;Baking;2114 kJ -;5.3;null;null;25.0;null;3.9;0.2;
277683607;Cake Angels Party Candles Mixed Colours 16S;£0.99;£0.06/each;Home Baking;Baking;null;null;null;null;null;null;null;null;
278730568;Cake Angels Balloon Party Candles;£1.10;£0.22/each;Home Baking;Baking;null;null;null;null;null;null;null;null;
278728825;Cake Angels Spothearts Stars Party 16 Candles;£0.99;£0.06/each;Home Baking;Baking;null;null;null;null;null;null;null;null;
275976230;Dr Oetkerglitter Writing Icing Neon 76G;£1.78;£2.35/100g;Home Baking;Baking;273 ;0;null;null;0;null;null;0.05;
283819440;Cake Angels Swirl Jar Tutti Frutti 88G;£2.29;£2.61/100g;Home Baking;Baking;475 ;2.1;null;null;17.4;null;0.3;0.6;
271199390;Dr. Oetker Sugar Strands 55G;£1.29;£1.29/each;Home Baking;Baking;408 ;0;null;null;1.4;null;null;0.03;
276084523;Dr. Oetker Designer Icing Pouch 140G;£2.00;£1.43/100g;Home Baking;Baking;386 ;0;null;null;6.0;null;null;0;
271254549;Dr. Oetker Silver Shimmer Spray;£3.99;£3.99/each;Home Baking;Baking;487;0;null;null;5.0;null;null;0;
271189614;Dr Oetker Sugar Butterflies 35G;£1.29;£3.69/100g;Home Baking;Baking;412 ;0.7;null;null;5.2;null;null;0;
283054278;Dr.Oetker Edible Wafer Cup Cake Cases 30G;£2.49;£8.30/100g;Home Baking;Baking;354 ;0;null;null;0.5;null;null;0.03;
276089034;Dr. Oetker Neon Sugar 4-Cell Jar 100G;£2.49;£2.49/100g;Home Baking;Baking;404 ;0;null;null;0.1;null;null;0;
282995951;Dr.Oetker Cream Of Tartar Sachets 30G;£1.09;£3.64/100g;Home Baking;Baking;null;null;null;null;null;null;null;null;
282996938;Dr.Oetker Bicarbonate Soda 200G;£1.29;£0.65/100g;Home Baking;Baking;null;null;null;null;null;null;null;null;
282979049;Dr.Oetker Chocolate Silver Pearls 52G;£1.99;£3.83/100g;Home Baking;Baking;513 ;3.1;null;null;23;null;5.7;0.01;
271196859;Dr. Oetker Hundred And Thousands 65G;£1.29;£1.99/100g;Home Baking;Baking;381 ;0;null;null;0;null;null;0;
276084385;Dr. Oetker Giant Chocolate Hearts 40G;£1.49;£3.73/100g;Home Baking;Baking;579 ;5.7;null;null;39;null;null;0.17;
271216336;Dr. Oetker Chocolate Strands 55G;£1.29;£2.35/100g;Home Baking;Baking;400 ;1.4;null;null;2.4;null;null;0.01;
270887354;Dr. Oetker White Designer Icing Pouch 140G;£2.00;£1.43/100g;Home Baking;Baking;387 ;0;null;null;6.2;null;null;0;
282996414;Dr.Oetker Baking Powder 170G;£1.29;£0.76/100g;Home Baking;Baking;null;null;null;null;null;null;null;null;
271254307;Dr. Oetker Gold Shimmer Spray;£3.99;£3.99/each;Home Baking;Baking;487 ;0;null;null;5.0;null;null;0;
275974825;Dr Oetker Giant Chocolate Stars 20G;£1.49;£7.45/100g;Home Baking;Baking;579 ;5.7;null;null;39;null;null;0.17;
271256173;Cake Angels White Marshmallows170g;£1.65;£0.97/100g;Home Baking;Baking;350 ;0.0;null;null;1.3;null;0.0;0.0;
275974629;Dr Oetker Designer Icing Pouch Blue 140G;£2.00;£1.43/100g;Home Baking;Baking;392 ;0;null;null;6.0;null;null;0.06;
282978511;Dr.Oetker Ocean Pearls 50G;£1.29;£2.58/100g;Home Baking;Baking;378 ;0.4;null;null;0.3;null;null;0.11;
282996132;Dr.Oetker Leaf Gelatine 13G;£1.59;£12.24/100g;Home Baking;Baking;null;null;null;null;null;null;null;null;
275616657;Tesco Choc/ Caramel Writing Icing 76G;£1.98;£2.61/100g;Home Baking;Baking;394;1.1;null;68.6;11.0;2.3;1.7;0.2;
282995640;Dr.Oetker Zebra Chocolate Triangles 27G;£1.99;£7.38/100g;Home Baking;Baking;579 ;5.7;null;null;39;null;null;0.17;
282996072;Dr.Oetker Extra Dark Chunks 100G;£1.49;£1.49/100g;Home Baking;Baking;515 ;8.5;null;null;39;null;null;0;
279348501;Tesco Cake Stencils 12S;£2.00;£2.00/each;Home Baking;Baking;null;null;null;null;null;null;null;null;
254329614;Fiddes Payne Magic Miniatures 10G;£1.60;£16.00/100g;Home Baking;Baking;397;1.7;null;null;0.1;null;0.1;0.1;
279344085;Tesco Foil Baking Trays 5S;£1.25;£0.25/each;Home Baking;Baking;null;null;null;null;null;null;null;null;
282996040;Dr.Oetker Vege-Gel Sachets 19.5G;£1.10;£5.65/100g;Home Baking;Baking;260 ;0;null;null;0;null;20;1.3;
284863436;Tesco Cupcake 4 Cupcake Box;£2.00;£1.00/each;Home Baking;Baking;null;null;null;null;null;null;null;null;
282979873;Dr.Oetker Rainbow Popping Candy 55G;£1.99;£3.62/100g;Home Baking;Baking;469 ;2.8;null;null;16;null;null;0.10;
282997148;Dr.Oetker Vanilla Grinder 12G;£4.99;£41.59/100g;Home Baking;Baking;323;5.1;null;null;9.0;null;36;0.01;
273325244;Fiddes Payne Flower Power Cake Decorations 15G;£1.49;£9.94/100g;Home Baking;Baking;397;1.7;null;null;0.1;null;0.1;0.1;
282978269;Dr.Oetker Lemon Meringue 40G;£1.99;£4.98/100g;Home Baking;Baking;456 ;0;null;null;12;null;null;0.00;
279347548;Tesco Cake Pop Kit Non Food;£2.98;£2.98/each;Home Baking;Baking;null;null;null;null;null;null;null;null;
282977777;Dr.Oetker Heart Shaped Mallows 100G;£1.89;£1.89/100g;Home Baking;Baking;324 ;5.5;null;null;0;null;null;0.3;
279348144;Tesco Animal Print Cupcake Cases 100S;£1.22;£0.01/each;Home Baking;Baking;null;null;null;null;null;null;null;null;
284849615;Tesco Cupcake Print Cupcake Cases;£1.30;£0.01/each;Home Baking;Baking;null;null;null;null;null;null;null;null;
270887372;Dr.Oetker Wafer Daisies 10 X 2G 12 Daisies;£1.49;£7.45/100g;Home Baking;Baking;354 ;0;null;null;0;null;null;0.03;
275624342;Tesco Edible Butterfly Wafer 6 Pack 2G;£1.50;£5.00/10g;Home Baking;Baking;373;0.4;null;5.3;3.5;1.2;3.1;0.1;
275624238;Tesco Pink And White Edible Wafer Daisies 7G;£2.00;£2.86/10g;Home Baking;Baking;350;0.5;null;0.1;0.6;0.3;1.4;0.1;
275617414;Tesco Primary Writing Icing 76G;£1.98;£2.61/100g;Home Baking;Baking;385;0.3;null;73.3;7.0;0.6;0.6;0.1;
285131662;Tesco Sprinkles Mini Meringues Lemon 30G;£0.95;£3.17/100g;Home Baking;Baking;392;4.1;null;81.9;0.1;0.1;0.7;0.1;
285131800;Tesco Sprinkles Glimmer Sugar Baby Blue 75G;£0.95;£1.27/100g;Home Baking;Baking;402;0.2;null;99.3;0.3;0.2;0.5;0.01;
285133032;Tesco Lustre Edible Blue And Pink2.1G;£3.49;£166.20/100g;Home Baking;Baking;null;null;null;null;null;null;null;null;
285131610;Tesco Sprinkles Mocha Beans 70G;£1.50;£2.15/100g;Home Baking;Baking;521;6.5;null;47.6;30.0;18.0;8.9;0.1;
279348017;Tesco Spotty Cupcake Cases 4 Designs 100S;£1.22;£0.01/each;Home Baking;Baking;null;null;null;null;null;null;null;null;
279347888;Tesco Foil Cupcake Cases 60S;£2.00;£0.03/each;Home Baking;Baking;null;null;null;null;null;null;null;null;
285131783;Tesco Sprinkles Mini Meringues Pistachio 25G;£0.95;£3.80/100g;Home Baking;Baking;391;4.4;null;77.5;0.1;0.1;1.0;0.1;
278838015;Tesco Pink And White Marshmallows 100G;£0.73;£0.73/100g;Home Baking;Baking;333;5.5;null;56.6;0.9;0.1;0.1;0.1;
279344494;Tesco Piping Bags And Plastic Nozzle Kit;£3.50;£3.50/each;Home Baking;Baking;null;null;null;null;null;null;null;null;
285131869;Tesco Sprinkles Coloured Letters 40G;£0.95;£2.38/100g;Home Baking;Baking;420;0.7;null;77.3;5.6;3.4;1.9;0.1;
285139469;Tesco Glitter Edible Black And Terracotta;£3.49;£3.49/each;Home Baking;Baking;null;null;null;null;null;null;null;null;
285131466;Tesco Sprinkles Gold Pearls Crispy 55G;£1.50;£2.73/100g;Home Baking;Baking;454;4.1;null;64.4;13.9;8.4;1.4;0.2;
284863079;Tesco Spaceship 4 Cupcake Box;£2.00;£1.00/each;Home Baking;Baking;null;null;null;null;null;null;null;null;
275617264;Tesco Popping Candy 63G;£1.65;£2.50/100g;Home Baking;Baking;414;0.1;null;77.3;4.3;2.6;0.5;0.1;
285131541;Tesco Sprinkles Gold Crunch 75G;£1.50;£2.00/100g;Home Baking;Baking;390;0.2;null;96.8;0.1;0.1;0.7;0.01;
282484801;Tesco Mini Coloured Stars Sprinkles 60G;£0.95;£1.59/100g;Home Baking;Baking;425;0.6;null;90.3;5.5;2.5;0.7;0.1;
284849788;Tesco Spaceship Print Cupcake Cases;£1.30;£0.01/each;Home Baking;Baking;null;null;null;null;null;null;null;null;
285133003;Tesco Lustre Edible Gold And Silver 2.1G;£3.49;£166.20/100g;Home Baking;Baking;null;null;null;null;null;null;null;null;
278509117;Tesco White Chocolate Stars 40G;£0.95;£2.38/100g;Home Baking;Baking;544;4.6;null;63.0;29.8;17.9;1.3;0.2;
257026069;Cakeboards 10" Round Cake Drum;£1.69;£1.69/each;Home Baking;Baking;null;null;null;null;null;null;null;null;
285131938;Tesco Sprinkles Raspberry Fudge 85G;£0.95;£1.12/100g;Home Baking;Baking;428;0.1;null;74.8;8.0;0.9;0.5;0.01;
285132217;Tesco Sprinkles Sugar Sand Lime Green 50G;£0.95;£1.90/100g;Home Baking;Baking;399;0.1;null;98.9;0.2;0.2;0.8;0.1;
285000397;Tesco Tulip Cases Chocolate And Caramel 12 Pack;£2.00;£0.17/each;Home Baking;Baking;null;null;null;null;null;null;null;null;
275617783;Tesco Strawberry Glimmer Crunch 74G;£0.95;£1.29/100g;Home Baking;Baking;401;0.1;null;98.2;0.7;0.6;0.5;0.2;
256922678;Tesco Cocoa 250G;£1.99;£0.80/100g;Home Baking;Baking;407;22.0;null;0.5;21.0;12.6;27.0;0;
285132091;Tesco Sprinkles Sugar Sand Orange 50G;null;null;Home Baking;Baking;400;0.1;null;98.1;0.3;0.3;0.5;0.2;
250610609;Green And Blacks Organic Cocoa Fair Trade 125G;£2.20;£1.76/100g;Home Baking;Baking;null;22.5;null;null;22.6;null;30.5;null;
254890351;Cadbury Fair Trade Bournville Cocoa 250G;£2.28;£0.91/100g;Home Baking;Baking;1720 kJ 472 kJ 6% 8400 kJ /;23;null;null;21.5;null;33.5;1.40;
256403840;Dr Oetker Fun Baking Cases;£1.01;£0.01/each;Home Baking;Baking;null;null;null;null;null;null;null;null;
254890345;Cadbury Fair Trade Bourneville Cocoa 125G;£1.55;£1.24/100g;Home Baking;Baking;1720 kJ 472 kJ 6% 8400kJ/;23;null;null;21.5;null;33.5;1.40;
254817463;Dr. Oetker Baking Cases;£0.55;£0.01/each;Home Baking;Baking;null;null;null;null;null;null;null;null;
284849454;Tesco Sugarcraft Modelling Kit;£5.50;£5.50/each;Home Baking;Baking;null;null;null;null;null;null;null;null;
275617875;Tesco Triple Chocolate Curls 30G;£0.95;£3.17/100g;Home Baking;Baking;525;6.3;null;55.8;28.3;17.2;2.5;0.2;
285131973;Tesco Sprinkles Sugar Sand Red 50G;£0.95;£1.90/100g;Home Baking;Baking;401;0.1;null;98.8;0.4;0.4;0.8;0.1;
252107074;Dr. Oetker American Style Muffin Cases;£1.05;£0.01/each;Home Baking;Baking;null;null;null;null;null;null;null;null;
275618160;Tesco White Shimmer Pearls 88G;£0.95;£1.08/100g;Home Baking;Baking;400;0.1;null;97.3;1.0;0.9;0.5;0.1;
271188783;Dr. Oetker 50 Cupcake Cases;£1.99;£0.04/each;Home Baking;Baking;null;null;null;null;null;null;null;null;
285131380;Tesco Sprinkles Silver Pearls Crispy 55G;£1.50;£2.73/100g;Home Baking;Baking;454;4.1;null;62.7;13.9;8.4;2.0;0.2;
266187706;Fiddes Payne Candle 0;£1.00;£1.00/each;Home Baking;Baking;null;null;null;null;null;null;null;null;
266187739;Fiddes Payne Candle 1;£1.00;£1.00/each;Home Baking;Baking;null;null;null;null;null;null;null;null;
277663637;Cake Angels Celebration Candles 6S;£1.69;£0.28/each;Home Baking;Baking;null;null;null;null;null;null;null;null;
266188024;Fiddes Payne Candle 5;£1.00;£1.00/each;Home Baking;Baking;null;null;null;null;null;null;null;null;
254889872;Camp Chicory And Coffee 241Ml Bottle;£1.70;£0.71/100ml;Home Baking;Baking;null;null;null;null;null;null;null;null;
266188151;Fiddes Payne Candle 8;£1.00;£1.00/each;Home Baking;Baking;null;null;null;null;null;null;null;null;
266187958;Fiddes Payne Candle 4;£1.00;£1.00/each;Home Baking;Baking;null;null;null;null;null;null;null;null;
266187906;Fiddes Payne Candle 3;£1.00;£1.00/each;Home Baking;Baking;null;null;null;null;null;null;null;null;
266188116;Fiddes Payne Candle 7;£1.00;£1.00/each;Home Baking;Baking;null;null;null;null;null;null;null;null;
258049841;Carnation Sweetened Condensed Milk Squeezy Bottle 450G;£2.36;£5.25/kg;Home Baking;Baking;325 ;7.3;null;null;8.0;null;0.0;0.43;
257071135;Tesco Organic Self Raising Flour 1Kg;£1.26;£1.26/kg;Home Baking;Baking;353;12.5;null;0.1;1.7;0.3;3.8;0.7;
252395497;Carnation Light Evaporated Milk 410G;£1.20;£2.93/kg;Home Baking;Baking;452kJ 227kJ;6.9;null;null;4.0;null;0.0;null;
258049553;Carnation Condensed Light Milk 405G;£1.44;£3.56/kg;Home Baking;Baking;1187 kJ 595 kJ;8.9;null;null;0.2;null;0.0;null;
258050084;Carnation Sweetened Condensed Milk 397G;£1.44;£3.63/kg;Home Baking;Baking;1372kJ 687kJ;7.3;null;null;8.0;null;0.0;null;
279526164;Fiddes Payne Happy Birthday Candles 13 Each;£1.10;£1.10/each;Home Baking;Baking;null;null;null;null;null;null;null;null;
266188197;Fiddes Payne Candle 9;£1.00;£1.00/each;Home Baking;Baking;null;null;null;null;null;null;null;null;
257067302;Tesco Organic Plain Flour 1Kg;£1.26;£1.26/kg;Home Baking;Baking;361;11.8;null;0.3;1.7;0.3;3.0;0.1;
266188076;Fiddes Payne Candle 6;£1.00;£1.00/each;Home Baking;Baking;null;null;null;null;null;null;null;null;
266187808;Fiddes Payne Candle 2;£1.00;£1.00/each;Home Baking;Baking;null;null;null;null;null;null;null;null;
258051618;Carnation Sweetened Condensed Milk Squeezy Tube 170G;£1.10;£6.48/kg;Home Baking;Baking;1372kJ 687kJ;7.3;null;null;8.0;null;0.0;0.43;
250820902;Betty Crocker Bisquick 500G;£1.69;£3.38/kg;Home Baking;Baking Mixes;1664kJ 343kJ;9.9;58.4;null;12.9;null;3.2;2.5;
275976420;Betty Crocker Caramel Cup Cakes 302G;£2.25;£7.46/kg;Home Baking;Baking Mixes;1709kJ 1008kJ 12%;2.8;null;null;5.8;null;0.9;0.9;
284553037;Betty Crocker Double Chocolate Traybake 420G;£2.25;£0.54/100g;Home Baking;Baking Mixes;1693kJ 650kJ -;5.6;74.7;null;8.2;null;3.1;0.77;
271255894;Betty Crocker Milk Chocolate Cake 500G;£2.25;£4.50/kg;Home Baking;Baking Mixes;1705kJ 1008kJ;5.3;72.9;null;9.9;null;1.1;2.0;
284552891;Betty Crocker Apple And Cinnamon Traybake 420G;£2.25;£0.54/100g;Home Baking;Baking Mixes;1662kJ 642kJ -;5.1;77.0;null;6.6;null;2.7;0.75;
277866259;Betty Crocker Chocolate And Orange Swirl Cake 435G;£2.25;£0.52/100g;Home Baking;Baking Mixes;1738kJ 852kJ;5.6;78.8;null;7.6;null;2.7;1.4;
271254503;Betty Crocker Chocolate Chunk Brownie 415G;£2.25;£5.43/kg;Home Baking;Baking Mixes;1752kJ 654kJ -;4.8;80.8;null;7.2;null;3.8;0.6;
277866956;Betty Crocker Classic Vanilla Cake Mix 450G;£2.25;£0.50/100g;Home Baking;Baking Mixes;1735kJ 914kJ;5.1;79.3;null;7.8;null;1.4;1.6;
258149204;Betty Crocker Chocolate Chip Cookie Mix 200G;£1.48;£7.40/kg;Home Baking;Baking Mixes;473;5.2;65.2;null;20.9;null;1.8;1.0;
256240847;Betty Crocker Devils Food Cake Mix 500G;£2.25;£4.50/kg;Home Baking;Baking Mixes;416;4.9;null;null;10.2;null;3.4;2.0;
267257074;Betty Crocker Chocolate Cup Cakes 301G;£2.25;£7.48/kg;Home Baking;Baking Mixes;1698kJ 946kJ -;3.9;79.3;null;7.0;null;3.1;1.5;
271255963;Betty Crocker Sunny Lemon Cake 295G;£2.25;£7.63/kg;Home Baking;Baking Mixes;1686kJ 820kJ -;3.6;80.9;null;6.5;null;1.1;1.3;
275603298;Betty Crocker Red Velvet Cake Mix 450G;£2.25;£5.00/kg;Home Baking;Baking Mixes;1766kJ 933kJ;5.2;76.3;null;9.8;null;2.2;1.3;
279767477;Betty Crocker Red Velvet Cupcake 297G;£2.25;£7.58/kg;Home Baking;Baking Mixes;1733kJ 945kJ;3.2;null;null;6.4;null;1.5;0.9;
260202716;Betty Crocker Chocolate Swirl Cake Mix 500G;£2.25;£4.50/kg;Home Baking;Baking Mixes;1691kJ 1007kJ;4.6;null;null;7.5;null;2.2;1.2;
256709381;Betty Crocker Carrot Cake Mix 500G;£2.25;£4.50/kg;Home Baking;Baking Mixes;1650kJ 984kJ;4.4;77.0;null;6.6;null;2.7;1.3;
260509940;Betty Crocker Chocolate Chunk Muffin Mix 335G;£2.25;£6.72/kg;Home Baking;Baking Mixes;1774kJ 1096kJ -;6.4;71.0;null;11.7;null;3.1;1.82;
268450373;Betty Crocker Lemon Cup Cake 303G;£2.25;£7.43/kg;Home Baking;Baking Mixes;1699kJ 949kJ -;2.7;84.5;null;5.7;null;0.7;0.9;
256822735;Betty Crocker Chocolate Chip Cookie Mix 453G;£2.25;£4.97/kg;Home Baking;Baking Mixes;429;4.7;null;null;11.4;null;2.0;1.1;
253175998;Betty Crocker Chocolate Fudge Brownie Mix 415G;£2.25;£5.43/kg;Home Baking;Baking Mixes;1729kJ 543kJ -;4.4;83.3;null;5.7;null;3.4;0.9;
271025366;Tesco Chocolate Fudge Cake Mix 502G;£1.69;£3.37/kg;Home Baking;Baking Mixes;373;5.3;null;36.1;14.8;6.5;1.0;0.3;
256240409;Betty Crocker Wild Blueberry Muffin Mix 375G;£2.25;£6.00/kg;Home Baking;Baking Mixes;1415kJ 1060kJ -;5.3;65.8;null;5.0;null;2.6;1.7;
271004685;Tesco Chocolate Cupcake Mix 315G;£1.45;£4.61/kg;Home Baking;Baking Mixes;441;4.1;null;39.5;24.2;12.0;2.4;0.4;
283696330;Greens Gooey Buns With Chocolate Sauce Filling 394G;£1.89;£0.48/100g;Home Baking;Baking Mixes;1450kJ 1090kJ;3.40;55.2;null;11.7;null;null;0.77;
271170918;Mcdougalls Crumble Mix 450G;£0.99;£2.20/kg;Home Baking;Baking Mixes;1876kJ -;5.2;null;null;16.9;null;1.8;null;
277866334;Betty Crocker Van And Cinnamon Swirl Cake 450G;£2.25;£0.50/100g;Home Baking;Baking Mixes;1731kJ 870kJ;4.7;79.9;null;7.5;null;1.9;1.5;
285397888;Despicable Me Minions Cupcake 220G;£1.99;£9.05/kg;Home Baking;Baking Mixes;1328kJ 757kJ;3.9;null;null;6.6;null;0.8;0.41;
260496567;Tesco Chocolate Brownie Mix 284G;£1.10;£3.88/kg;Home Baking;Baking Mixes;438;5.0;null;50.0;19.3;9.7;2.5;0.3;
283695066;Greens Mr Maker Cake Kit 361G;£2.69;£0.75/100g;Home Baking;Baking Mixes;370;11.0;67.8;null;6.0;null;null;0.3;
279767534;Betty Crocker Vanilla Cupcake 303G;£2.25;£7.43/kg;Home Baking;Baking Mixes;1727kJ 957kJ 11%;3.2;85.8;null;5.6;null;0.8;0.94;
284507295;Disney Minnie Marshmallow Kit 150G;£2.49;£16.60/kg;Home Baking;Baking Mixes;null;2.5;null;null;0.7;null;0.5;0.0;
283695538;Greens Rainbow Cake Kit 473G;£2.49;£0.53/100g;Home Baking;Baking Mixes;1637kJ 1853kJ;4.19;58.1;null;15.5;null;null;0.39;
280571943;Greens Cake Mix Tom And Jerry 199G;£1.89;£8.48/kg;Home Baking;Baking Mixes;1452kJ 317kJ;4.1;null;null;5.6;null;1.6;null;
284507102;Disney Spiderman Cookie Kit 229G;null;null;Home Baking;Baking Mixes;null;3.2;null;null;8.8;null;2.2;0.1;
283696572;Greens Mini Daisy Kit 250G;£1.89;£0.76/100g;Home Baking;Baking Mixes;1528kJ 182kJ;3.2;75.2;null;5.1;null;null;0.3;
259335760;Greens Original Cheesecake Mix 259G;£0.88;£3.40/kg;Home Baking;Baking Mixes;1341kJ 1249kJ;4.5;39.5;null;16.0;null;null;0.7;
283694948;Greens One Direction Chocolate Cupcake Kit 298G;£2.69;£0.90/100g;Home Baking;Baking Mixes;411;3.37;58.2;null;17.8;null;null;0.65;
258149170;Betty Crocker White Chocolate Cookie Mix 200G;£1.48;£7.40/kg;Home Baking;Baking Mixes;485;5.5;67.2;null;21.4;null;0.7;1.0;
283696186;Greens Gooey Buns And Strawberry Filling Kit 398G;£1.89;£0.48/100g;Home Baking;Baking Mixes;1462kJ 1071kJ;4.0;57.8;null;10.8;null;null;0.8;
284507393;Disney Princess Carriage Kit 196G;£2.29;£11.69/kg;Home Baking;Baking Mixes;372kJ 1619kJ;1.0;null;null;3.2;null;0.2;0.1;
279221000;Tesco Vanilla Cupcake Mix 290G;£1.45;£5.00/kg;Home Baking;Baking Mixes;415;3.7;null;42.8;19.5;10.5;1.1;0.4;
285397577;Thorntons Chocolate Brownie 290G;£1.24;£4.28/kg;Home Baking;Baking Mixes;1750 kJ 805 kJ;4.8;null;null;18.2;null;2.8;0.36;
285397865;Thorntons Mini Chocolate Tortes 240G;£2.49;£10.38/kg;Home Baking;Baking Mixes;1900 kJ 665 kJ;4.6;null;null;30.3;null;4.1;0.09;
271004823;Tesco Lemon Cupcake Mix 300G;£1.45;£4.84/kg;Home Baking;Baking Mixes;407;3.7;null;40.5;19.1;11.1;1.5;0.4;
271004702;Tesco Chocolate Sponge Cake Mix 400G;£1.00;£2.50/kg;Home Baking;Baking Mixes;328;6.3;null;26.4;10.4;4.7;2.9;0.5;
250227804;Tesco Everyday Value Batter Mix 128G;£0.15;£1.18/kg;Home Baking;Baking Mixes;211;7.7;null;2.4;4.6;0.6;2.1;0.6;
271027773;Tesco Triple Chocolate Cookie 285G;£1.16;£4.08/kg;Home Baking;Baking Mixes;442;5.7;null;39.9;19.4;11.0;2.7;0.6;
285393915;Thorntons Chocolate Cake Mix 500G;£1.24;£2.48/kg;Home Baking;Baking Mixes;1539 kJ 1032 kJ;6.2;null;null;18.5;null;2.3;0.06;
271171324;Aunt Bessie's Yorkshire Pudding Mix 128G;£0.86;£6.72/kg;Home Baking;Baking Mixes;1277kJ 2747kJ;8.8;null;null;15.6;null;1.4;0.58;
271238344;Peppa Pigs Muddy Puddle Cupcake Mix 225G;£1.69;£7.52/kg;Home Baking;Baking Mixes;null;4.4;null;null;9.0;null;0.6;null;
287208045;Tesco Lemon Drizzle Cake Mix 510G;£1.89;£3.67/kg;Home Baking;Baking Mixes;380;4.0;null;36.3;17.6;6.8;1.3;0.4;
275414049;Tesco Finest Belgian Chocolate Truffle Kit 230G;£4.00;£1.74/100g;Home Baking;Baking Mixes;486;5.9;null;49.2;25.8;15.9;2.0;0.1;
255883583;Tesco Batter Mix 260G;£0.45;£1.74/kg;Home Baking;Baking Mixes;211;7.7;null;2.4;4.6;0.6;2.5;0.6;
273466917;Tesco Victoria Sponge Mix 400G;£0.99;£2.48/kg;Home Baking;Baking Mixes;332;5.9;null;29.7;8.0;3.3;1.4;0.5;
273001092;Tesco Everyday Value Sponge Mix 230G;null;null;Home Baking;Baking Mixes;310;6.0;null;24.5;5.0;2.0;2.0;0.5;
271171134;Aunt Bessie's Dumpling Mix 140G;£0.86;£6.15/kg;Home Baking;Baking Mixes;1242kJ 646kJ;4.6;null;null;12.3;null;2.8;0.73;
261013885;Tesco Dumplings Mix 137G;£0.46;£3.36/kg;Home Baking;Baking Mixes;244;5.2;null;1.8;7.9;4.2;5.2;0.6;
271025308;Tesco Chocolate Tray Bake Mix 530G;£1.99;£3.76/kg;Home Baking;Baking Mixes;369;5.2;null;30.1;14.7;7.1;1.0;0.3;
268230075;Jane Asher Smarties Faces 239G;£1.50;£6.28/kg;Home Baking;Baking Mixes;1606 kJ 448 kJ;3.9;null;null;7.3;null;0.8;null;
271004938;Tesco Vegetable Suet 200G;£0.79;£3.95/kg;Home Baking;Baking Mixes;204;3.6;null;1.9;7.9;4.1;1.5;1.0;
256859070;Tesco Scone Mix 320G;£0.70;£2.19/kg;Home Baking;Baking Mixes;310;7.7;null;15.5;7.4;3.5;2.3;0.4;
254916553;Tesco Shortcrust Pastry Mix 450G;£0.59;£1.32/kg;Home Baking;Baking Mixes;438;8.1;null;2.4;19.4;8.5;3.9;0.3;
271171416;Aunt Bessie's Crumble Mix 400G;£0.93;£2.33/kg;Home Baking;Baking Mixes;2057kJ 1317kJ;6.2;null;null;22.1;null;2.7;0.38;
271171203;Aunt Bessie's Pastry Mix 500G;£0.93;£1.86/kg;Home Baking;Baking Mixes;2086kJ 1210kJ;8.2;null;null;23.5;null;2.4;0.35;
265869171;Tesco Pizza Base Mix 145G;£0.68;£4.69/kg;Home Baking;Baking Mixes;275;10.2;null;0.7;6.6;1.6;3.8;null;
250176719;Tesco Crumble Mix 225G;£0.45;£2.00/kg;Home Baking;Baking Mixes;504;7.0;null;19.8;23.7;9.9;2.5;0.1;
254914486;Tesco Cashews 100G;£2.00;£20.00/kg;Home Baking;Dried Fruit & Nuts;586;17.7;null;4.6;48.2;9.5;4.3;0.1;
254914463;Tesco Brazils 100G;£2.00;£20.00/kg;Home Baking;Dried Fruit & Nuts;695;14.3;null;2.4;68.2;17.4;5.7;0.01;
261591556;Tesco Whole Almonds 200G;£2.29;£11.45/kg;Home Baking;Dried Fruit & Nuts;592;21.2;null;3.9;49.4;3.7;12.2;0.01;
254914492;Tesco Chopped Mixed Nuts 100G;£0.65;£6.50/kg;Home Baking;Dried Fruit & Nuts;593;23.4;null;5.4;50.8;7.8;0.7;0.1;
258797594;Tesco Pine Nut Kernels 100G;£2.75;£27.50/kg;Home Baking;Dried Fruit & Nuts;694;14.0;null;3.9;68.6;4.6;2.5;0.01;
259652136;Tesco Sesame Seeds 100G;£0.85;£8.50/kg;Home Baking;Dried Fruit & Nuts;619;18.2;null;0.4;58.0;10.5;10.5;0.1;
258797559;Tesco Sunflower Seeds 100G;£0.85;£8.50/kg;Home Baking;Dried Fruit & Nuts;597;19.8;null;1.7;47.5;6.6;8.0;0.01;
258511806;Tesco Pecans 100G;£1.90;£19.00/kg;Home Baking;Dried Fruit & Nuts;704;9.2;null;4.3;70.1;5.7;6.3;0.01;
271084335;Tesco Pumpkin Seeds 100G;£0.85;£8.50/kg;Home Baking;Dried Fruit & Nuts;593;30.2;null;1.4;49.1;8.7;6.0;0.1;
271090212;Tesco Poppy Seeds 100G;£0.85;£8.50/kg;Home Baking;Dried Fruit & Nuts;520;18.0;null;3.0;41.6;4.5;19.5;0.1;
255625763;Crazy Jack Organic Desiccated Coconut 200G;£2.29;£11.45/kg;Home Baking;Dried Fruit & Nuts;665 ;6.9;null;null;64;null;16;null;
271090172;Tesco Pecan Halves 200G;£3.30;£16.50/kg;Home Baking;Dried Fruit & Nuts;706;10.9;null;4.1;70.1;5.7;4.7;0.01;
271090154;Tesco Golden Linseed 100Grams;£0.85;£8.50/kg;Home Baking;Dried Fruit & Nuts;514;18.3;null;1.6;42.2;3.7;27.3;0.1;
271090137;Tesco Pistachio Kernels 100G;£2.00;£20.00/kg;Home Baking;Dried Fruit & Nuts;579;20.3;null;7.7;45.4;5.6;10.3;0.01;
271257713;Allinson Easy Bake Yeast Tin 100G;£0.99;£9.90/kg;Home Baking;Dried Fruit & Nuts;null;null;null;null;null;null;null;null;
262394536;Tesco Cashew Nuts 200G;£2.75;£13.75/kg;Home Baking;Dried Fruit & Nuts;582;18.2;null;5.9;43.9;7.8;3.3;0.1;
256004166;Tesco Chopped Mixed Nuts 200G;£1.20;£6.00/kg;Home Baking;Dried Fruit & Nuts;616;27.1;null;5.1;50.8;7.6;6.0;0.1;
271096004;Tesco Macadamia Halves 100G;£2.00;£20.00/kg;Home Baking;Dried Fruit & Nuts;752;7.9;null;4.6;75.8;12.1;8.6;0.1;
251455987;Crazy Jack Organic Almonds 100G;£1.99;£1.99/100g;Home Baking;Dried Fruit & Nuts;587 ;21;null;null;49;null;12;null;
255729295;Crazy Jack Organic Pine Nuts 100G;£4.99;£49.90/kg;Home Baking;Dried Fruit & Nuts;712 ;13.7;null;null;68;null;3.7;null;
259463129;Tesco Whole Blanched Hazelnuts 100G;£2.00;£20.00/kg;Home Baking;Dried Fruit & Nuts;651;13.7;null;3.5;61.2;4.7;11.0;0;
275930653;Whitworths Chopped Dates 250G;£1.99;£7.96/kg;Home Baking;Dried Fruit & Nuts;295;3.3;null;null;0.2;null;4.0;Trace;
261591602;Tesco Whole Hazelnuts 200G;£2.30;£11.50/kg;Home Baking;Dried Fruit & Nuts;673;16.6;null;3.8;63.5;4.7;6.5;0.1;
254915306;Tesco Greek Currants 500G;£1.54;£3.08/kg;Home Baking;Dried Fruit & Nuts;306;2.1;null;72.0;0.2;0.1;3.8;0.2;
275712318;Whitworths Blocked Dates 375G;£1.99;£5.31/kg;Home Baking;Dried Fruit & Nuts;380kJ 1255kJ;1.0;null;null;0.1;null;1.2;null;
275714535;Whitworths Pecans 70G;£1.99;£28.43/kg;Home Baking;Dried Fruit & Nuts;730kJ 2920kJ;2.7;null;null;17.5;null;1.2;null;
275713611;Whitworths Toasted Chopped Mixed Nuts 200G;£1.99;£9.95/kg;Home Baking;Dried Fruit & Nuts;2565kJ 641kJ;17.5;null;null;52.3;null;8.8;Trace;
275712111;Whitworths Crystalised Ginger 175G;£1.99;£11.38/kg;Home Baking;Dried Fruit & Nuts;351;0.3;null;null;0.5;null;0.5;0.1;
254914244;Tesco Italian Mixed Peel 200G;£0.74;£3.70/kg;Home Baking;Dried Fruit & Nuts;303;0.1;null;45.0;0.2;0.1;4.3;0.9;
278975727;Tesco Morello Flavoured Glace Cherries 200G;£1.99;£9.95/kg;Home Baking;Dried Fruit & Nuts;323;1.0;null;55.0;0.4;0.3;1.7;0.01;
275713939;Whitworths Chopped Hazelnuts 125G;£1.99;£15.92/kg;Home Baking;Dried Fruit & Nuts;710kJ 2840kJ;4.4;null;null;15.8;null;1.8;null;
268195906;Whitworths Extra Juicy Currants 350G;£1.99;£5.69/kg;Home Baking;Dried Fruit & Nuts;287;2.3;null;null;0.4;null;1.9;Trace;
281282235;T Pre-Soaked Mixed Fruit With Cranberry Diced Apricot 500G;£1.65;£0.33/100g;Home Baking;Dried Fruit & Nuts;294;2.2;null;63.7;0.1;0.1;5.6;0.1;
267254516;Tesco French Glace Cherries 100G;£1.19;£11.90/kg;Home Baking;Dried Fruit & Nuts;308;0.3;null;46.5;0.3;0;0.9;0;
271110023;Opies Black Cherries In Kirsch 390G;£3.99;£10.24/kg;Home Baking;Dried Fruit & Nuts;62;0.5;null;null;0.2;null;1.1;0.4;
257260044;Tesco Glace Cherries Natural Coloured 200G;£1.40;£7.00/kg;Home Baking;Dried Fruit & Nuts;327;0.3;null;49.5;0.2;0;1.4;0;
273791791;Whitworths Desiccated Coconut 200G;£1.99;£1.00/100g;Home Baking;Dried Fruit & Nuts;2603kJ 651kJ;5.6;null;null;62.0;null;13.7;0.1;
264908041;Opies Chinese Stem Ginger 350G;£2.50;£7.15/kg;Home Baking;Dried Fruit & Nuts;null;null;null;null;null;null;null;null;
271110081;Opies Crystallised Ginger 200G;£2.35;£11.75/kg;Home Baking;Dried Fruit & Nuts;362;0.2;null;null;0.5;null;2.3;0.13;
254915312;Tesco Greek Currants 1Kg;£2.99;£2.99/kg;Home Baking;Dried Fruit & Nuts;306;2.1;null;72.0;0.2;0.1;3.8;0.2;
250647589;Tesco Everyday Value Dried Mixed Fruit 500G;£0.95;£1.90/kg;Home Baking;Dried Fruit & Nuts;293;2.2;null;67.5;1.0;0.3;2.4;0.2;
273791894;Whitworths Flaked Almonds 150G;£1.99;£1.33/100g;Home Baking;Dried Fruit & Nuts;2666kJ 667kJ;25.5;null;null;55.8;null;7.4;Trace;
254914394;Tesco Whole Sweet Almonds 100G;£1.15;£11.50/kg;Home Baking;Dried Fruit & Nuts;592;21.2;null;3.9;49.4;3.7;12.2;0.01;
256192794;Tesco Roasted Chopped Hazelnut 100G;£2.00;£20.00/kg;Home Baking;Dried Fruit & Nuts;675;15.0;null;5.1;62.4;4.5;9.4;0.1;
254998691;Tesco Flaked Almonds 200G;£2.29;£11.45/kg;Home Baking;Dried Fruit & Nuts;629;21.1;null;4.2;55.8;4.4;7.4;0.1;
254914388;Tesco Ground Almonds 200G;£2.29;£11.45/kg;Home Baking;Dried Fruit & Nuts;629;21.1;null;4.2;55.8;4.4;7.4;0.1;
254914359;Tesco Flaked Almonds 100G;£1.15;£11.50/kg;Home Baking;Dried Fruit & Nuts;629;21.1;null;4.2;55.8;4.4;7.4;0.1;
273791952;Whitworths Ground Almonds 150G;£1.99;£1.33/100g;Home Baking;Dried Fruit & Nuts;2666kJ 667kJ;25.5;null;null;55.8;null;7.4;Trace;
278502712;Happiness Is Organic Desiccated Coconut 150G;£1.60;£10.67/kg;Home Baking;Dried Fruit & Nuts;670;6.9;null;null;64.5;null;16.3;0.10;
254998702;Tesco Toasted Flaked Almonds 100G;£1.25;£12.50/kg;Home Baking;Dried Fruit & Nuts;643;21.2;null;4.3;56.7;4.7;10.0;0.1;
254914365;Tesco Whole Blanched Almonds 100G;£1.15;£11.50/kg;Home Baking;Dried Fruit & Nuts;629;21.1;null;4.2;55.8;4.4;7.4;0.1;
254914371;Tesco Ground Almonds 100G;£1.15;£11.50/kg;Home Baking;Dried Fruit & Nuts;629;21.1;null;4.2;55.8;4.4;7.4;0.1;
278506846;Happiness Is Homemade Organic Sultanas 350G;£1.99;£5.69/kg;Home Baking;Dried Fruit & Nuts;326;3.1;null;null;0.5;null;3.7;0.03;
268299074;Whitworths Extra Juicy Mixed Fruit 350G;£1.99;£5.69/kg;Home Baking;Dried Fruit & Nuts;296;2.4;null;null;0.6;null;0.5;0.1;
278504543;Happiness Is Homemade Organic Raisins 350G;£1.99;£5.69/kg;Home Baking;Dried Fruit & Nuts;326;3.1;null;null;0.5;null;3.7;0.03;
275713732;Whitworths Chopped Almonds 125G;£1.99;£15.92/kg;Home Baking;Dried Fruit & Nuts;2666kJ 667kJ;25.5;null;null;55.8;null;7.4;Trace;
254915329;Tesco Dried Mixed Fruit 500G;£1.54;£3.08/kg;Home Baking;Dried Fruit & Nuts;304;2.3;null;68.2;0.1;0.1;2.4;0.1;
254915335;Tesco Dried Mixed Fruit 1Kg;£2.99;£2.99/kg;Home Baking;Dried Fruit & Nuts;304;2.3;null;67.9;0.1;0.1;2.4;0.1;
254914411;Tesco Walnut Halves 100G;£1.25;£12.50/kg;Home Baking;Dried Fruit & Nuts;696;14.7;null;2.6;68.5;5.6;3.5;0.1;
255731527;Crazy Jack Organic Flaked Almonds 75G;£1.74;£23.20/kg;Home Baking;Dried Fruit & Nuts;616 ;21;null;null;53;null;9.9;null;
250647566;Tesco Everyday Value Sultanas 500G;£0.84;£1.68/kg;Home Baking;Dried Fruit & Nuts;296;2.7;null;69.4;0.4;0.1;2.0;0.1;
254998719;Tesco Walnut Pieces 200G;£2.40;£12.00/kg;Home Baking;Dried Fruit & Nuts;696;14.7;null;2.6;68.5;5.6;3.5;0.1;
254914434;Tesco Walnut Pieces 100G;£1.25;£12.50/kg;Home Baking;Dried Fruit & Nuts;698;14.7;null;2.6;68.5;7.5;4.7;0.1;
254915433;Sun-Maid Californian Raisins 500G;£2.79;£5.58/kg;Home Baking;Dried Fruit & Nuts;1,322 kJ -;3.0;76.9;null;0.7;null;5.8;0.02;
259169098;Tesco Sultanas 1Kg;£2.99;£2.99/kg;Home Baking;Dried Fruit & Nuts;310;2.8;null;65.4;0.2;0.1;2.4;0.1;
268597366;Whitworths Sunny Raisins 14X14g;£1.89;£7.50/kg;Home Baking;Dried Fruit & Nuts;294;2.6;null;null;0.4;null;5.3;null;
267461920;East End Desiccated Coconut 200G;£1.00;£5.00/kg;Home Baking;Dried Fruit & Nuts;2492kJ -;5.6;null;null;62.0;null;null;null;
254915370;Tesco Californian Seedless Raisins 1Kg;£2.99;£2.99/kg;Home Baking;Dried Fruit & Nuts;293;2.1;null;69.3;0.4;0.2;2.0;0.2;
255973160;Sunmaid Raisin Snacks 6 X 42.5G;£2.19;£8.59/kg;Home Baking;Dried Fruit & Nuts;1,322 kJ -;3.0;null;null;null;null;5.8;0.02;
259169069;Tesco Sultanas 500G;£1.54;£3.08/kg;Home Baking;Dried Fruit & Nuts;310;2.8;null;65.4;0.2;0.1;2.4;0.1;
268615974;Tesco Goodness Raisins 168G;£1.29;£7.68/kg;Home Baking;Dried Fruit & Nuts;297;2.1;null;69.3;0.4;0.1;4.0;0.2;
258141777;Whitworths Sunny Raisin 6X42.5G;£1.89;£7.42/kg;Home Baking;Dried Fruit & Nuts;294;2.6;null;null;0.4;null;5.3;null;
254915364;Tesco Californian Seedless Raisins 500G;£1.54;£3.08/kg;Home Baking;Dried Fruit & Nuts;293;2.1;null;69.3;0.4;0.2;2.0;0.2;
268238579;Whitworths Extra Juicy Sultanas 325G;£1.99;£6.13/kg;Home Baking;Dried Fruit & Nuts;53%NRV 16%NRV;2.7;null;null;0.4;null;2.0;Trace;
252140027;Crazy Jack Organic Dried Raisins 375G;£1.79;£4.78/kg;Home Baking;Dried Fruit & Nuts;324 ;3;null;null;0.5;null;3.7;null;
275931243;Whitworths Chopped Dates And Walnuts 250G;£1.99;£7.96/kg;Home Baking;Dried Fruit & Nuts;1581kJ 395kJ;6.1;null;null;13.9;null;3.9;Trace;
275930440;Whitworths Walnut Pieces 100G;£1.99;£19.90/kg;Home Baking;Dried Fruit & Nuts;2910kJ 727kJ;17.3;null;null;68.5;null;3.5;Trace;
254930086;Sunmaid Raisin Snacks 250G;£2.79;£11.16/kg;Home Baking;Dried Fruit & Nuts;180 kJ 1285 kJ;0.4;10.0;null;0.0;null;0.8;null;
258289809;Tesco Everyday Value Self Raising Flour 1.5Kg;£0.45;£0.30/kg;Home Baking;Flour & Suet;348;10.0;null;1.6;0.4;0.1;3.0;0.7;
253980373;Allinson Bakers Grade Very Strong White Flour 1.5Kg;£1.72;£1.15/kg;Home Baking;Flour & Suet;351;14;null;null;2.1;null;3.6;0.03;
254917828;Tesco Plain Flour 1.5Kg;£0.80;£0.53/kg;Home Baking;Flour & Suet;340;10.0;null;1.5;1.3;0.2;3.1;0.01;
271273388;Allinson Very Strong Wholemeal Bread Flour 1.5Kg;£1.72;£1.15/kg;Home Baking;Flour & Suet;333;13;null;null;2.5;null;11;0.03;
256783233;Allinson Strong White Bread Flour 1.5Kg;£1.72;£1.15/kg;Home Baking;Flour & Suet;348;12;null;null;1.7;null;3.3;0.03;
255076035;Homepride Plain Flour 1Kg;£1.50;£1.50/kg;Home Baking;Flour & Suet;341;9.73;null;null;0.9;null;null;0.02;
254917759;Tesco Self Raising Flour 1.5Kg;£0.80;£0.53/kg;Home Baking;Flour & Suet;335;9.9;null;1.5;1.3;0.2;3.0;0.7;
254917805;Mcdougalls Self Raising Flour 500G;£0.78;£1.56/kg;Home Baking;Flour & Suet;null;9.9;null;null;1.4;null;3.0;0.75;
254917903;Mcdougalls Plain Flour 500G;£0.78;£1.56/kg;Home Baking;Flour & Suet;null;10.4;null;null;1.3;null;3.2;0;
260713778;Allinson Wholemeal Plain Flour 1Kg;£1.39;£1.39/kg;Home Baking;Flour & Suet;350;12;null;null;2.6;null;10;0.03;
258289700;Tesco Everyday Value Plain Flour 1.5Kg;£0.45;£0.30/kg;Home Baking;Flour & Suet;341;10.3;null;1.5;1.3;0.2;3.1;0.01;
282150223;Mcdougalls Fine Plain Flour 1.25Kg;£1.00;£0.80/kg;Home Baking;Flour & Suet;null;10.4;null;null;1.3;null;3.2;0;
259306524;Allinson Seed And Grain Flour 1Kg;£1.39;£1.39/kg;Home Baking;Flour & Suet;344;11.5;null;null;2.3;null;5.2;Trace;
282150309;Mcdougalls Self Raising Flour 1.25Kg;£1.00;£0.80/kg;Home Baking;Flour & Suet;null;9.9;null;null;1.4;null;3.0;0.75;
255075791;Homepride Self Raising Flour 1Kg;£1.50;£1.50/kg;Home Baking;Flour & Suet;340;9.61;null;null;0.7;null;null;1.12;
250254086;Allinson Wholemeal Seed And Grain Flour 1Kg;£1.39;£1.39/kg;Home Baking;Flour & Suet;340;14.6;null;null;2.1;null;14.6;0.15;
260713749;Allinson Strong White Flour 3Kg;£2.00;£0.67/kg;Home Baking;Flour & Suet;342;12.1;null;null;1.4;null;3.1;Trace;
258144405;Mcdougalls Oo Flour 1Kg;£1.65;£1.65/kg;Home Baking;Flour & Suet;1409kJ -;11.0;null;null;1.4;null;3.1;null;
254917892;Tesco Plain Flour 500G;£0.40;£0.80/kg;Home Baking;Flour & Suet;366;9.4;null;1.5;1.3;0.2;3.1;0.01;
254917794;Tesco Self Raising Flour 500G;£0.40;£0.80/kg;Home Baking;Flour & Suet;355;8.9;null;1.3;1.2;0.2;3.1;0.9;
251183058;Doves Farm Organic Rye Flour 1Kg;£1.95;£1.95/kg;Home Baking;Flour & Suet;1288kJ -;7.8;null;null;1.9;null;13.4;0.13;
285024271;Tesco Multiseed Bread Mix 500G;£0.80;£1.60/kg;Home Baking;Flour & Suet;257;10.6;null;2.2;5.3;2.3;4.1;0.9;
254917990;Hovis Malted Brown Granary Flour 1Kg;£1.70;£1.70/kg;Home Baking;Flour & Suet;334 ;14.7;null;null;2.1;null;5.6;null;
254917949;Tesco Strong Brown Bread Flour 1.5Kg;£0.95;£0.63/kg;Home Baking;Flour & Suet;335;13.8;null;1.7;2.0;0.3;6.4;0.01;
285021337;Tesco Focaccia Bread Mix 500G;£0.80;£1.60/kg;Home Baking;Flour & Suet;225;8.5;null;4.9;1.4;0.2;2.9;0.3;
252015539;Tesco Crusty White Farmhouse Bread Mix 500G;£0.80;£1.60/kg;Home Baking;Flour & Suet;241;10.1;null;3.2;1.3;0.2;3.4;1.0;
285021504;Tesco Finest Self Raising Sponge Flour 1Kg;£1.39;£1.39/kg;Home Baking;Flour & Suet;337;9.0;null;1.1;1.0;0.2;2.1;1.6;
253907836;Hovis Strong White Bread Flour 1.5Kg;£1.70;£1.14/kg;Home Baking;Flour & Suet;332 ;12.0;null;null;1.4;null;3.2;null;
254917926;Tesco Strong Stone Ground 100% Wholemeal Bread Flour 1.5Kg;£1.10;£0.73/kg;Home Baking;Flour & Suet;333;14.0;null;2.7;2.3;0.6;9.5;0.1;
256258153;Hovis Premium White Bread Mix 495G;£0.98;£1.98/kg;Home Baking;Flour & Suet;1013kJ 638kJ;8.2;null;null;1.8;null;3.1;null;
252380883;Tesco Organic Strong White Flour 1Kg;£1.33;£1.33/kg;Home Baking;Flour & Suet;360;12.7;null;0.1;1.7;0.3;3.3;0.1;
254917984;Mcdougalls Self Raising Supreme Sponge Flour 1Kg;£1.65;£1.65/kg;Home Baking;Flour & Suet;1491kJ -;8.0;null;null;1.4;null;1.1;null;
285021389;Tesco Sourdough Bread Mix 500G;£0.80;£1.60/kg;Home Baking;Flour & Suet;247;9.5;null;3.2;3.0;0.6;4.8;0.8;
279447424;Tesco Finest Very Strong White Bread Flour 1Kg;£1.39;£1.39/kg;Home Baking;Flour & Suet;346;14.8;null;1.4;1.3;null;3.0;0.01;
260713853;Allinson Wholemeal Self Raising Flour 1Kg;£1.39;£1.39/kg;Home Baking;Flour & Suet;326;11;null;null;2.4;null;10;1.1;
258144250;Hovis Granary Bread Mix 495G;£0.98;£1.98/kg;Home Baking;Flour & Suet;969kJ 611kJ;8.7;null;null;2.5;null;4.2;null;
285021268;Tesco Finest Pasta Flour With Durum 1Kg;£1.39;£1.39/kg;Home Baking;Flour & Suet;347;13.3;null;1.8;1.3;0.2;2.1;0.1;
279447211;Tesco Finest Pastry Flour 1Kg;£1.39;£1.39/kg;Home Baking;Flour & Suet;346;9.0;null;3.3;1.5;null;3.4;0.2;
252015574;Tesco Crusty Wholemeal Bread Mix 500G;£0.80;£1.60/kg;Home Baking;Flour & Suet;237;11.5;null;2.2;1.8;0.3;7.2;1.0;
251183035;Doves Farm Organic Spelt Flour 1Kg;£2.09;£2.09/kg;Home Baking;Flour & Suet;1400kJ -;13.3;null;null;2.5;null;8.5;0.03;
251183248;Wrights Parmesan And Sun Dried Tomato Bread Mix 500G;£0.90;£1.80/kg;Home Baking;Flour & Suet;443kJ 985kJ;4.2;null;null;0.6;null;1.1;null;
251009733;Wrights Ciabatta Bread Mix 500G;£0.90;£1.80/kg;Home Baking;Flour & Suet;480kJ 1066kJ;4.4;null;null;1.4;null;1.0;null;
265612930;Atora Shredded Suet 200G;£1.10;£5.50/kg;Home Baking;Flour & Suet;3298 kJ;1.2;null;null;81.5;null;0.2;Trace;
251260094;Carrs Sauce Flour 500G;£0.62;£1.24/kg;Home Baking;Flour & Suet;216kJ 1439kJ;1.5;null;null;0.2;null;null;trace;
254240355;Wrights Cheese And Onion Bread Mix 500G;£0.90;£1.80/kg;Home Baking;Flour & Suet;449kJ 997kJ;4.1;null;null;0.8;null;0.9;null;
257071135;Tesco Organic Self Raising Flour 1Kg;£1.26;£1.26/kg;Home Baking;Flour & Suet;353;12.5;null;0.1;1.7;0.3;3.8;0.7;
251009595;Wrights Mixed Grain Bread Mix 500G;£0.90;£1.80/kg;Home Baking;Flour & Suet;449kJ 999kJ;4.0;null;null;1.3;null;1.8;null;
254881575;Tesco Cornflour 500G;£1.19;£2.38/kg;Home Baking;Flour & Suet;358;0.4;null;0;0.5;0.1;0;0.1;
265612901;Atora Shredded Vegetable Light Suet 200G;£1.10;£5.50/kg;Home Baking;Flour & Suet;2970 kJ;2.5;null;null;65.7;null;1.3;Trace;
254881569;Tesco Cornflour 250G;£0.75;£3.00/kg;Home Baking;Flour & Suet;358;0.4;null;0;0.5;0.1;0;0.1;
264746479;Wrights Strong Wholemeal Bread Flour;£1.30;£0.87/kg;Home Baking;Flour & Suet;310;12.7;null;null;2.2;null;9.0;0.0;
254881581;Mcdougalls Instant Thickening Granules 170G;£0.81;£4.77/kg;Home Baking;Flour & Suet;463;Trace;null;null;18.7;null;Trace;null;
257067302;Tesco Organic Plain Flour 1Kg;£1.26;£1.26/kg;Home Baking;Flour & Suet;361;11.8;null;0.3;1.7;0.3;3.0;0.1;
264746525;Wrights Strong White Bread Flour;£1.30;£0.87/kg;Home Baking;Flour & Suet;341;11.7;null;null;1.4;null;3.1;0.0;
254917932;Tesco Strong White Bread Flour 1.5Kg;£0.95;£0.63/kg;Home Baking;Flour & Suet;343;12.6;null;1.4;1.4;0.2;3.1;0.01;
254916000;Robertsons Traditional Mincemeat 411G;£1.49;£3.63/kg;Home Baking;Seasonal Baking;1207 kJ 290 kJ;0.8;null;null;2.7;null;null;Trace;
283111272;Tesco Snacking Lemon Jumbo Golden Raisins 60G;£1.00;£16.67/kg;Home Baking;Fruit Snacking;293;2.1;null;69.3;0.4;0;2.0;0.2;
255622795;Crazy Jack Organic Cranberries 100G;£2.49;£24.90/kg;Home Baking;Fruit Snacking;339 ;0.1;null;null;1.6;null;4;null;
260278336;Crazy Jack Organic Blueberries 100G;£3.99;£39.90/kg;Home Baking;Fruit Snacking;328 ;0.1;null;null;1.1;null;4.7;null;
283110546;Tesco Wholefoods Thompsons Raisins 150G;£1.00;£6.67/kg;Home Baking;Fruit Snacking;293;2.1;null;69.3;0.4;0;2.0;0.1;
267773263;Frootz Raspberry Buttons 18G;£0.45;£25.00/kg;Home Baking;Fruit Snacking;1253 kJ 226 kJ;0.7;null;null;0.8;null;1.8;0.1;
272440074;Fruit Bowl Peelers Blackcurrant 60G;£1.50;£25.00/kg;Home Baking;Fruit Snacking;1356kJ 271kJ;1.5;null;null;1.0;null;7.5;0.25;
284982669;Bear Pure Fruit Yoyo Mango 5 X 20G;£2.29;£22.90/kg;Home Baking;Fruit Snacking;kJ 1151 kJ 115;1.9;null;null;0.2;null;8;0;
271110311;Forest Feast Sensational Mango Sour 60G;£1.50;£25.00/kg;Home Baking;Fruit Snacking;358Kcal;1.05;null;null;0.3;null;0.5;Trace;
286782799;Bear Pure Fruit Yoyo Stawberry 9X20g;null;null;Home Baking;Fruit Snacking;kJ 1151 kJ 115;1.9;63.4;null;0.2;null;8;0;
264919955;Fruit Bowl School Bars Raspberry 100G;£1.48;£14.80/kg;Home Baking;Fruit Snacking;337;1.0;null;null;3.6;null;7.1;0.5;
267774642;Frootz Orange Buttons 18G;£0.45;£25.00/kg;Home Baking;Fruit Snacking;1266 kJ 228 kJ;0.6;null;null;0.2;null;1.1;0.1;
283110903;Tesco Raisins, Nut, Gojiberry And Seed Mix 60G;£1.00;£16.67/kg;Home Baking;Fruit Snacking;495;15.6;null;24.9;31.4;3.5;5.5;0.1;
283111355;Tesco Snacking Trail Mix 60G;£1.00;£16.67/kg;Home Baking;Fruit Snacking;434;11.6;null;37.2;20.4;2.6;6.0;0.1;
271266950;Crazy Jack Organic Ready To Eat Dates 250G;null;null;Home Baking;Fruit Snacking;293 ;2.4;null;null;0.38;null;7.9;null;
279525453;Fruit Bowl Sea Shapes 5X18g;£1.39;£15.45/kg;Home Baking;Fruit Snacking;1230kJ 221kJ;0.6;null;null;0.5;null;4.8;0.32;
284982842;Bear Pure Fruit Yoyo Raspberry 5 X 20G;£2.29;£22.90/kg;Home Baking;Fruit Snacking;kJ 1151 kJ 115;1.9;null;null;0.2;null;8;0;
267775746;Frootz Strawberry Buttons 18G;£0.45;£25.00/kg;Home Baking;Fruit Snacking;1242 kJ 224 kJ;0.9;null;null;0.2;null;1.6;0.1;
251434684;Forest Feast Exotic Dried Mango 130G;£2.00;£15.39/kg;Home Baking;Fruit Snacking;332Kcal;1.7;null;null;0.9;null;4.5;Trace;
283111545;Tesco Snacking Raisins And Berries 60G;£1.00;£16.67/kg;Home Baking;Fruit Snacking;334;2.2;null;61.4;0.5;0.1;3.8;0.1;
279524892;Fruit Bowl Jungle Shapes 5X18g;£1.39;£15.45/kg;Home Baking;Fruit Snacking;1230kJ 221kJ;0.6;null;null;0.5;null;4.8;0.32;
255093475;Fruit Bowl Yoghurt Fruit Flakes Strawberry 25G;£0.45;£18.00/kg;Home Baking;Fruit Snacking;453;1.3;null;null;19;null;3.9;0.2;
284738021;Fruit Factory Sports Mix Up 90G;£1.85;£20.56/kg;Home Baking;Fruit Snacking;327;0.4;null;null;0.1;null;0.2;0.18;
284737805;Fruit Factory Fruit Wheels 15G;£0.40;£26.67/kg;Home Baking;Fruit Snacking;330;4.5;null;null;0.7;null;1.7;0.28;
286701009;Fruit Heroes Strawberry Multipack 5 Bars 100G;£1.00;£1.00/100g;Home Baking;Fruit Snacking;null;2,0;null;null;3,5;null;null;0,0;
285549364;Sunny Raisin Chocolate Multipack 5X25g;£1.89;£1.52/100g;Home Baking;Fruit Snacking;1738 kJ 435 kJ;4.5;null;null;15.5;null;1.1;0.1;
284741431;Ocean Spray Blueberry Cranberries Craisins 150G;£1.80;£12.00/kg;Home Baking;Fruit Snacking;349;0;82;null;0.6;null;7.2;0;
286748109;Fruit Heroes Blackcurrant 5 Pack 100G;£1.00;£1.00/100g;Home Baking;Fruit Snacking;null;2,0;null;null;3,5;null;null;0,0;
257228994;Fruit Bowl Yoghurt Coated Fruit Flakes Raisins 30G;£0.45;£15.00/kg;Home Baking;Fruit Snacking;455;2.0;null;null;19;null;3.0;0.2;
284737949;Fruit Factory Fruit Stars 20G;£0.40;£20.00/kg;Home Baking;Fruit Snacking;310;2.0;null;null;0.3;null;2.0;0.1;
265285210;Fruit Factory Variety Strings 20G;£0.40;£20.00/kg;Home Baking;Fruit Snacking;325;7.5;null;null;0.4;null;1.8;0.1;
266412284;Humzingers Orchard Fruits Flavour 130G;£1.99;£15.31/kg;Home Baking;Fruit Snacking;280;2.5;null;null;0.6;null;12.2;0.1;
278508239;Fruit Factory Fruit Gummies 80Grams;£1.85;£23.13/kg;Home Baking;Fruit Snacking;360;0.3;null;null;0.5;null;1.6;0.1;
278482020;Ocean Spray Craisins 150G;£1.80;£12.00/kg;Home Baking;Fruit Snacking;351;0;82;null;0.6;null;8.2;0;
284738171;Ocean Spray Greek Yoghurt Cranberries 100G;£1.80;£18.00/kg;Home Baking;Fruit Snacking;469;1.8;68;null;21;null;1.4;0.16;
278907700;Sunny Raisin Caramel Coated Raisin Snack Pk25g;£0.45;£18.00/kg;Home Baking;Fruit Snacking;429;4.6;null;null;19.8;null;2.4;Trace;
284555916;Fruit Bowl Sours 4 Fruits 5X20g;£1.69;£1.69/100g;Home Baking;Fruit Snacking;1230kJ 246kJ;0.6;null;null;0.5;null;4.8;0.32;
286732888;Fruit Heroes Banana 5 Pack 100G;£1.00;£1.00/100g;Home Baking;Fruit Snacking;null;2,5;null;null;3,0;null;null;0,0;
286748271;Fruit Heroes Apple And Raspberry 5 Pack 100G;£1.00;£1.00/100g;Home Baking;Fruit Snacking;1350 kJ/320 270/65;2,0;null;null;3,5;null;null;0,0;
272691093;Ocean Spray Dried Craisins Cranberry 150G;£1.80;£12.00/kg;Home Baking;Fruit Snacking;353;0;83;null;0.7;null;7.6;0;
278632022;Fruit Factory Fruit Wheels 75G;£1.85;£24.67/kg;Home Baking;Fruit Snacking;330;4.5;null;null;0.7;null;1.7;0.28;
255732394;Sunsweet Stoned Prunes 500G;£3.39;£6.78/kg;Home Baking;Fruit Snacking;968kJ 387kJ;2.18;null;null;0.38;null;7.1;0.01;
278653814;Whitworths Blueberry And Seed Shot 25G;£0.49;£19.60/kg;Home Baking;Fruit Snacking;382;9.3;null;null;16.1;null;2.9;0.1;
278908209;Sunny Raisin Milk And White Chocolate Share Pack 100G;£1.49;£14.90/kg;Home Baking;Fruit Snacking;433;4.4;null;null;18.9;null;1.0;0.3;
255300836;Tesco Ready To Eat Prunes 250G;£1.49;£5.96/kg;Home Baking;Fruit Snacking;161;2.5;null;34.0;0.4;0.1;5.7;0.1;
285514322;Whitworths Berry White Chocolate Shot 25G;£0.49;£1.96/100g;Home Baking;Fruit Snacking;540;14.5;null;31.5;34.7;2.7;7.0;0.1;
275721359;Whitworths Cherries And Berries 70G;£1.99;£28.43/kg;Home Baking;Fruit Snacking;313;0.7;null;null;0.6;null;4.2;Trace;
285549617;Sunny Raisin Yoghurt Multipack 5X25g;£1.89;£1.52/100g;Home Baking;Fruit Snacking;1875 kJ 469 kJ;3.2;null;null;20.4;null;0.5;0.1;
255300888;Tesco Ready To Eat Prunes 500G;£1.99;£3.98/kg;Home Baking;Fruit Snacking;160;2.5;null;33.8;0.4;0.1;5.7;0.1;
278907942;Sunny Raisin Chocolate Share Pack 100G;£1.49;£14.90/kg;Home Baking;Fruit Snacking;414;4.5;null;null;15.5;null;1.1;0.1;
264778660;Tesco Everyday Value Prunes 250G;£1.19;£4.76/kg;Home Baking;Fruit Snacking;161;2.5;null;34.0;0.4;0.1;5.7;0.1;
278653728;Whitworths Berry And Almond Shot 25G;£0.49;£19.60/kg;Home Baking;Fruit Snacking;387;6.1;null;null;13.7;null;5.5;0.1;
271238287;Whitworths Apple 25G;£0.45;£18.00/kg;Home Baking;Fruit Snacking;1349kJ 337kJ;0.2;null;null;0.1;null;0.4;null;
278908716;Sunny Raisin Yoghurt Share Pack 100G;£1.49;£14.90/kg;Home Baking;Fruit Snacking;447;3.2;null;null;20.4;null;0.4;0.1;
254809070;Tesco Ready To Eat Apricots 500G;£3.25;£6.50/kg;Home Baking;Fruit Snacking;209;2.4;null;37.7;0.1;0.1;6.2;0.1;
278908100;Sunny Raisin Milk White Chocolate Coated Raisin Snack Pk 25G;£0.45;£1.80/100g;Home Baking;Fruit Snacking;433;4.4;null;null;18.9;null;1.0;0.3;
254809058;Tesco Ready To Eat Apricots 250G;£2.50;£10.00/kg;Home Baking;Fruit Snacking;209;2.4;null;37.7;0.1;0.1;6.2;0.1;
285646531;Whitworths Apricots 30G;£0.45;£15.00/kg;Home Baking;Fruit Snacking;753kJ 226kJ;4.0;null;null;0.6;null;6.3;Trace;
267718819;Whitworths Banana Chips 175G;£1.99;£11.38/kg;Home Baking;Fruit Snacking;524;1.9;null;null;29.7;null;3.4;Trace;
285694801;Whitworths Banana Chips 18G;£0.45;£25.00/kg;Home Baking;Fruit Snacking;1407kJ 253kJ;1.9;null;null;29.7;null;3.4;Trace;
253024285;Tesco Ready To Eat Figs 250G;£1.59;£6.36/kg;Home Baking;Fruit Snacking;234;3.3;null;48.4;1.5;0.5;6.9;0.3;
280484706;Whitworths Extra Juicy Snacking Raisins 325G;£1.96;£6.04/kg;Home Baking;Fruit Snacking;293;2.1;null;null;0.4;null;2.0;0.1;
271238264;Whitworths Figs 175G;£1.99;£11.38/kg;Home Baking;Fruit Snacking;234;3.3;null;null;1.5;null;6.9;0.1;
285645872;Whitworths Pineapple 25G;£0.45;£18.00/kg;Home Baking;Fruit Snacking;1485kJ 371kJ;0.4;null;null;0.2;null;0.5;0.5;
285514002;Whitworths Pineapple Pieces Multipack 5X25g;£1.99;£1.60/100g;Home Baking;Fruit Snacking;1485kJ 371kJ;0.4;null;null;0.2;null;0.5;0.5;
285694732;Whitworths Prunes 30G;£0.45;£15.00/kg;Home Baking;Fruit Snacking;678kJ 203kJ;2.5;null;null;0.4;null;5.7;Trace;
285694847;Whitworths Mango 25G;£0.45;£18.00/kg;Home Baking;Fruit Snacking;1100kJ 275kJ;0.3;null;null;13;null;0.5;null;
285514175;Whitworths Fruity Biscuit Shot 25G;£0.49;£1.96/100g;Home Baking;Fruit Snacking;251;1.7;null;null;9.5;null;1.8;0.1;
285694663;Whitworths Dates 30G;£0.45;£15.00/kg;Home Baking;Fruit Snacking;1252kJ 376kJ;3.3;null;null;0.2;null;4.0;Trace;
285476363;Whitworths Cranberries Multipack 5X25g;£1.99;£1.60/100g;Home Baking;Fruit Snacking;1401kJ 350kJ;0.1;null;null;1.4;null;5.7;Trace;
271238206;Whitworths Mango 60G;£1.99;£33.17/kg;Home Baking;Fruit Snacking;303;1.8;null;null;0.3;null;2.8;0.2;
271238241;Whitworths Cranberries 150G;£1.99;£13.27/kg;Home Baking;Fruit Snacking;331;0.1;null;null;1.4;null;5.7;Trace;
271237893;Whitworths Frootz Apple Fruit Buttons18g;£0.45;£25.00/kg;Home Baking;Fruit Snacking;2192 kJ 395 kJ;0.3;null;null;0.2;null;1.3;0.1;
271237835;Whitworths Frootz Blackcurrant Buttons 18G;£0.45;£25.00/kg;Home Baking;Fruit Snacking;1199 kJ 216 kJ;0.6;null;null;0.2;null;2.3;0.1;
278653193;Whitworths Raisin And Choco Shot 25G;£0.49;£19.60/kg;Home Baking;Fruit Snacking;354;3.3;null;null;8.0;null;2.2;0.1;
285514282;Whitworths Orange Chocolate Seed Shot 25G;£0.49;£1.96/100g;Home Baking;Fruit Snacking;270;7.0;null;null;12.8;null;1.9;0.1;
280484188;Whitworths Extra Juicy Raisins 325G;£1.99;£6.13/kg;Home Baking;Fruit Snacking;293;2.1;null;null;0.4;null;2.0;0.1;
280484977;Whitworths Juicy Large Prunes 200G;£1.99;£9.95/kg;Home Baking;Fruit Snacking;160;2.5;null;null;0.4;null;5.7;Trace;
278905005;Whitworths Honey Apricot Flavours 140G;£1.99;£14.22/kg;Home Baking;Fruit Snacking;178;4.0;null;null;0.6;null;6.3;Trace;
285694692;Whitworths Cranberries 25G;£0.45;£18.00/kg;Home Baking;Fruit Snacking;1401kJ 350kJ;0.1;null;null;1.4;null;5.7;Trace;
286783372;Whitworths Chopped Apricots 140G;£1.99;£1.43/100g;Home Baking;Fruit Snacking;178;4.0;null;null;0.6;null;6.3;Trace;
271237812;Whitworths Strawberry Buttons Multipack 5X18g;£2.25;£25.00/kg;Home Baking;Fruit Snacking;1242 kJ 224 kJ;0.9;null;null;0.2;null;1.6;0.1;
275947023;Whitworths Sunny Chocolate Coated Raisins 25G;£0.45;£18.00/kg;Home Baking;Fruit Snacking;105;1.1;null;null;3.9;null;0.3;null;
259320838;Fruit Bowl Fruit Flakes Blackcurrant8x20;£3.25;£20.32/kg;Home Baking;Fruit Snacking;1400kJ 280kJ;1.0;null;null;2.0;null;3.0;null;
285549928;Yu! Mango Piece In Yoghurt Coating 5 Pack;£2.20;£0.44/each;Home Baking;Fruit Snacking;367;3.0;null;null;9.5;null;10.6;0.3;
285550004;Yu! Apple Piece In Yoghurt Coating 5 Pack;£2.20;£0.44/each;Home Baking;Fruit Snacking;370;3.0;null;null;9.7;null;10.5;0.3;
275945647;Whitworths Sunny Yoghurt Coated Raisins 25G;£0.45;£18.00/kg;Home Baking;Fruit Snacking;115;0.8;null;null;5.1;null;0.1;null;
285526725;Whitworths Toffee Pecan Shot 25G;£0.49;£1.96/100g;Home Baking;Fruit Snacking;323;3.7;null;null;17.4;null;2.5;0.3;
285477212;Whitworths Raisin Multipack 5X30g;£1.99;£1.33/100g;Home Baking;Fruit Snacking;1245kJ 374kJ;2.1;null;null;0.4;null;2.0;0.2;
275951795;Whitworths Sunny Raisin Custard Coated Raisin 25G;£0.45;£18.00/kg;Home Baking;Fruit Snacking;125;1.1;null;null;5.2;null;0.2;null;
285508033;Yu! 100% Strawberry In Yoghurt Coating Multipack 5 Pack;£2.20;£0.44/each;Home Baking;Fruit Snacking;389;3.0;null;null;9.9;null;10.2;0.3;
285551732;Yu! Strawberry Fruit Hearts 5 Pack;£2.00;£0.40/each;Home Baking;Fruit Snacking;320;1.6;null;null;2.1;null;12.1;trace;
285508148;Yu! 100% Strawberry Mini Chews 5 Pack;£2.00;£0.40/each;Home Baking;Fruit Snacking;320;1.6;null;null;2.1;null;12.1;trace;
271254025;Yu Bar Strawberry With Yoghurt Coating 90G;£1.79;£19.89/kg;Home Baking;Fruit Snacking;1831 kJ 549 kJ;4.7;null;null;16.2;null;null;null;
285508217;Yu! Mango Fruit Stars 5 Pack;£2.00;£0.40/each;Home Baking;Fruit Snacking;316;1.6;null;null;2.0;null;11.8;trace;
280484770;Whitworths Soft Dates 300G;£1.99;£6.64/kg;Home Baking;Fruit Snacking;295;3.3;null;null;0.2;null;4.0;Trace;
285551199;Yu! 100% Raspberry Mini Chews 5 Pack;£2.00;£0.40/each;Home Baking;Fruit Snacking;313;1.5;null;null;1.5;null;12;trace;
285551118;Yu! 100% Mango Mini Chews 5 Pack;£2.00;£0.40/each;Home Baking;Fruit Snacking;316;1.6;null;null;2.0;null;11.8;trace;
286783732;Whitworths Whole Apricots 140G;£1.99;£1.43/100g;Home Baking;Fruit Snacking;178;4.0;null;null;0.6;null;6.3;Trace;
267773086;Whitworths Raisins 30G;£0.45;£15.00/kg;Home Baking;Fruit Snacking;430kJ 1225kJ;1.1;null;null;0.2;null;0.2;null;
277044512;Fruit Bowl Yoghurt Flakes Blackcurrant 4X25g;£1.69;£16.90/kg;Home Baking;Fruit Snacking;453;1.3;null;null;19;null;3.9;0.2;
254915364;Tesco Californian Seedless Raisins 500G;£1.54;£3.08/kg;Home Baking;Fruit Snacking;293;2.1;null;69.3;0.4;0.2;2.0;0.2;
255973160;Sunmaid Raisin Snacks 6 X 42.5G;£2.19;£8.59/kg;Home Baking;Fruit Snacking;1,322 kJ -;3.0;null;null;null;null;5.8;0.02;
268597366;Whitworths Sunny Raisins 14X14g;£1.89;£7.50/kg;Home Baking;Fruit Snacking;294;2.6;null;null;0.4;null;5.3;null;
254930086;Sunmaid Raisin Snacks 250G;£2.79;£11.16/kg;Home Baking;Fruit Snacking;180 kJ 1285 kJ;0.4;10.0;null;0.0;null;0.8;null;
259169098;Tesco Sultanas 1Kg;£2.99;£2.99/kg;Home Baking;Fruit Snacking;310;2.8;null;65.4;0.2;0.1;2.4;0.1;
268238579;Whitworths Extra Juicy Sultanas 325G;£1.99;£6.13/kg;Home Baking;Fruit Snacking;53%NRV 16%NRV;2.7;null;null;0.4;null;2.0;Trace;
277160950;Fruit Bowl Yoghurt Flakes Strawberry 4X25grams;£1.69;£16.90/kg;Home Baking;Fruit Snacking;453;1.3;null;null;19;null;3.9;0.2;
259169069;Tesco Sultanas 500G;£1.54;£3.08/kg;Home Baking;Fruit Snacking;310;2.8;null;65.4;0.2;0.1;2.4;0.1;
270934167;Tesco Yoghurt Coated Strawberry Fruit Bites 125G;£1.30;£10.40/kg;Home Baking;Fruit Snacking;485;3.2;null;70.1;21.0;18.0;0.5;0.3;
254915433;Sun-Maid Californian Raisins 500G;£2.79;£5.58/kg;Home Baking;Fruit Snacking;1,322 kJ -;3.0;76.9;null;0.7;null;5.8;0.02;
271189177;Bear Strawberry Yoyo Multipack 5X20g;£2.29;£22.90/kg;Home Baking;Fruit Snacking;kJ 1151 kJ 115;1.9;63.4;null;0.2;null;8;0;
254915370;Tesco Californian Seedless Raisins 1Kg;£2.99;£2.99/kg;Home Baking;Fruit Snacking;293;2.1;null;69.3;0.4;0.2;2.0;0.2;
268615974;Tesco Goodness Raisins 168G;£1.29;£7.68/kg;Home Baking;Fruit Snacking;297;2.1;null;69.3;0.4;0.1;4.0;0.2;
250647566;Tesco Everyday Value Sultanas 500G;£0.84;£1.68/kg;Home Baking;Fruit Snacking;296;2.7;null;69.4;0.4;0.1;2.0;0.1;
277160028;Fruit Bowl Yoghurt Flakes Raisin 4X25grams;£1.69;£16.90/kg;Home Baking;Fruit Snacking;455;2.0;null;null;19;null;3.0;0.2;
258141777;Whitworths Sunny Raisin 6X42.5G;£1.89;£7.42/kg;Home Baking;Fruit Snacking;294;2.6;null;null;0.4;null;5.3;null;
277160875;Fruit Bowl Yoghurt Flakes Raspberry 4X25grams;£1.69;£16.90/kg;Home Baking;Fruit Snacking;453;1.3;null;null;19;null;3.9;0.2;
278653659;Whitworths Apricot And Seed Shot 25G;£0.49;£19.60/kg;Home Baking;Fruit Snacking;322;7.0;null;null;10.4;null;6.0;Trace;
282614122;Bear Blackcurrant Yoyo Multipack 5X20g;£2.29;£22.90/kg;Home Baking;Fruit Snacking;kJ 1151 kJ 115;1.9;63.4;null;0.2;null;8;0;
252140027;Crazy Jack Organic Dried Raisins 375G;£1.79;£4.78/kg;Home Baking;Fruit Snacking;324 ;3;null;null;0.5;null;3.7;null;
265388411;Fruit Factory Fruit Hearts Strawberry 5X20g;£1.85;£18.50/kg;Home Baking;Fruit Snacking;310;2.0;null;null;0.3;null;2.0;0.1;
265285233;Fruit Factory Fruit Strings 5X20g;£1.85;£18.50/kg;Home Baking;Fruit Snacking;325;7.5;null;null;0.4;null;1.8;0.1;
259320798;Fruit Bowl Yoghurt Flakes Strawberry 8X25g;£3.25;£16.25/kg;Home Baking;Fruit Snacking;449Kcal;1.7;null;null;20.6;null;2.0;null;
259320800;Fruit Bowl Fruit Flakes Strawberry 8X20g;£3.25;£20.32/kg;Home Baking;Fruit Snacking;320;1.5;null;null;1.0;null;7.5;0.25;
265388463;Fruit Factory Fruit Stars 5X20g;£1.85;£18.50/kg;Home Baking;Fruit Snacking;310;2.0;null;null;0.3;null;2.0;0.1;
276669609;Fruit Bowl Raspberry Peelers 60G;£1.50;£25.00/kg;Home Baking;Fruit Snacking;1356kJ 271kJ;1.5;null;null;1.0;null;7.5;0.25;
255355857;Kelloggs Duo Fruit Winders Strawberry 6 Pack;£1.48;£14.51/kg;Home Baking;Fruit Snacking;393 ;0.2;null;null;8;null;2;0.13;
258182434;Humdinger Lunch Box Minis 12X14g;£1.49;£8.87/kg;Home Baking;Fruit Snacking;305;2.9;null;null;0.5;null;5.3;0.05;
251182877;Fruit Bowl School Bars Blackcurrant 100G;£1.48;£14.80/kg;Home Baking;Fruit Snacking;337;1.0;null;null;3.6;null;7.1;0.5;
265285285;Fruit Factory Fruit Strings Strawberry 5X20g;£1.85;£18.50/kg;Home Baking;Fruit Snacking;335;7.1;null;null;0.2;null;2.0;0.1;
259320679;Fruit Bowl Yoghurt Flakes Blackcurrant8x25;£3.25;£16.25/kg;Home Baking;Fruit Snacking;1883kJ 471kJ;1.7;null;55.0;20.6;12.0;2.0;null;
272440258;Fruit Bowl Peelers Strawberry 60G;£1.50;£25.00/kg;Home Baking;Fruit Snacking;1356kJ 271kJ;1.5;null;null;1.0;null;7.5;0.25;
271237858;Whitworths Frootz Blackcurrant Multipack Buttons 5X18g;£2.25;£25.00/kg;Home Baking;Fruit Snacking;1199 kJ 216 kJ;0.6;null;null;0.2;null;2.3;0.1;
275951858;Frootz Apple Multipack 5X18g;£2.25;£25.00/kg;Home Baking;Fruit Snacking;2192 kJ 395 kJ;0.3;null;null;0.2;null;1.3;0.1;
266412779;Humzinger Summer Fruits 10X13g;£1.99;£15.31/kg;Home Baking;Fruit Snacking;275;2.4;null;null;0.3;null;11.6;0.1;
255269147;Kelloggs Duo Fruit Winders Strawberry And Blackcurrant 6 Pack;£1.48;£14.51/kg;Home Baking;Fruit Snacking;393 ;0.2;null;null;8;null;2;0.13;
251182819;Fruit Bowl School Bars Strawberry 100G;£1.48;£14.80/kg;Home Baking;Fruit Snacking;337;1.0;null;null;3.6;null;7.1;0.5;
264920152;Fruit Bowl Yoghurt Flakes Raisin 8X30g;£3.25;£13.55/kg;Home Baking;Fruit Snacking;455;2.0;null;null;19;null;3.0;0.2;
264920117;Fruit Bowl Yoghurt Flakes Raspberry 8X25g;£3.25;£16.25/kg;Home Baking;Fruit Snacking;453;1.3;null;null;19;null;3.9;0.2;
255339802;Kelloggs Duo Fruit Winders Apple And Strawberry 6 Pack;£1.48;£14.51/kg;Home Baking;Fruit Snacking;393 ;0.2;null;null;8;null;2;0.13;
272439664;Whitworths Frootz Raspberry Multipack 5X18g;£2.25;£25.00/kg;Home Baking;Fruit Snacking;1253 kJ 226 kJ;0.7;null;null;0.8;null;1.8;0.1;
271237956;Whitworths Frootz Orange Buttons 5X18g;£2.25;£25.00/kg;Home Baking;Fruit Snacking;1266 kJ 228 kJ;0.6;null;null;0.2;null;1.1;0.1;
271238137;Whitworths Sunny Raisinsi 8X14g;£1.00;£8.93/kg;Home Baking;Fruit Snacking;305;2.6;null;null;0.4;null;5.3;null;
271238108;Whitworths Sunny Raisins Fruits 6X28g;£1.89;£11.25/kg;Home Baking;Fruit Snacking;290;2.1;null;null;0.4;null;4.3;null;
268420651;Ambrosia Creamed Rice Pudding 4 Pack 540G;£1.00;£0.20/100g;Desserts;Desserts;104;3.3;null;null;2.5;null;Trace;null;
282644941;Ambrosia Custard Original Pot 190G;£0.75;£0.40/100g;Desserts;Desserts;99;2.9;null;null;2.8;null;0.0;0.13;
282644322;Ambrosia Custard Original Pot 120G;£0.48;£0.40/100g;Desserts;Desserts;99;2.9;null;null;2.8;null;0;0.13;
282645404;Ambrosia Rice Minis 330G;£1.00;£0.30/100g;Desserts;Desserts;101 ;3.3;null;null;2.5;null;0.0;0.13;
282644503;Ambrosia Custard Chocolate Pot 120G;£0.48;£0.40/100g;Desserts;Desserts;112;3.0;null;null;2.9;null;0.5;0.10;
284539090;Ambrosia Custard Apple And Blackberry Compote 135G;£0.66;£0.49/100g;Desserts;Desserts;98;2.3;null;null;1.4;null;0.2;0.10;
282644843;Ambrosia Custard Light Pot 120G;£0.48;£0.40/100g;Desserts;Desserts;90;2.9;null;null;1.8;null;0;0.13;
282644411;Ambrosia Custard Banana Pot 120G;£0.48;£0.40/100g;Desserts;Desserts;102;2.8;null;null;2.9;null;0;0.10;
268420645;Ambrosia Ready To Eat Devon Custard 4 X 125G;£1.00;£0.20/100g;Desserts;Desserts;100;2.9;null;null;2.9;null;0.0;null;
276867571;Ambrosia Rice Apple 120G;£0.50;£0.42/100g;Desserts;Desserts;454kJ;3.0;null;null;2.3;null;null;null;
284539274;Ambrosia Custard And Rhubarb Compote 135G;£0.66;£0.49/100g;Desserts;Desserts;98;2.3;null;null;1.4;null;0.1;0.12;
276667370;Ambrosia Devon Dream 260Ml;£0.89;£0.34/100ml;Desserts;Desserts;102;3.1;null;null;3.1;null;0.0;null;
282645102;Ambrosia Custard Minis 330G;£1.00;£0.30/100g;Desserts;Desserts;100 ;2.9;null;null;2.9;null;0.0;0.13;
273245315;Ambrosia Rice Pot Chocolate 120G;£0.50;£0.42/100g;Desserts;Desserts;105;3.1;null;null;2.4;null;0.1;0.12;
284539049;Ambrosia Devon Custard And Sticky Toffee 117G;£0.66;£0.56/100g;Desserts;Desserts;125;3.0;null;null;2.8;null;0.1;0.12;
273270716;Ambrosia Light Rice Pot 115G;£0.50;£0.44/100g;Desserts;Desserts;83;3.4;null;null;0.9;null;0.1;0.13;
276867634;Ambrosia Rice Apple 190G;£0.69;£0.36/100g;Desserts;Desserts;455kJ -;3.0;null;null;2.2;null;null;null;
268420639;Ambrosia Low Fat Custard 4 X 125G;£1.00;£0.20/100g;Desserts;Desserts;378 kJ/ 473 kJ/;2.9;null;null;1.8;null;0.0;0.13;
282645001;Ambrosia Devon Dream 468Ml;£1.00;£0.21/100ml;Desserts;Desserts;100;3.1;null;null;3.1;null;0.0;0.15;
282644716;Ambrosia Custard Straw Pot 120G;£0.48;£0.40/100g;Desserts;Desserts;101;2.8;null;null;2.8;null;0;0.10;
273270906;Ambrosia Rice Pot Original 120G;£0.50;£0.42/100g;Desserts;Desserts;101;3.3;null;null;2.5;null;0.0;0.13;
273271208;Ambrosia Rice Pot Strawberry 190G;£0.69;£0.36/100g;Desserts;Desserts;435kJ;2.9;null;null;2.2;null;null;null;
273271030;Ambrosia Rice Pot Original 190G;£0.69;£0.36/100g;Desserts;Desserts;440kJ;3.3;null;null;2.5;null;null;null;
253788048;Dole Peaches In Strawberry Jelly 4X123g;£2.43;£0.49/100g;Desserts;Desserts;78 ;0.1;19.3;null;0.1;null;0.8;null;
271154495;Dole Tropical Fruit In Juice 113G;£0.49;£0.71/100g;Desserts;Desserts;null;null;null;null;null;null;null;null;
252017140;Dole Fruit Gel Bowls Mandarins In Orange 4X123g;£2.43;£0.49/100g;Desserts;Desserts;79 ;0.1;19.6;null;0.1;null;0.6;null;
273271272;Ambrosia Rice Pot Strawberry 120G;£0.50;£0.42/100g;Desserts;Desserts;101;2.9;null;null;2.2;null;0.2;0.14;
276864960;Dole Mandarins And Pineapple In Juice 4X113g;£2.43;£0.54/100g;Desserts;Desserts;57 ;0.4;13.2;null;0.1;null;0.7;0.1;
284539268;Ambrosia Rice Pudding Raspberry 145G;£0.66;£0.56/100g;Desserts;Desserts;123;3.1;null;null;2.2;null;0.2;0.16;
267919226;Dole Tropical Fruit In Tropical Jelly 123G;£0.49;£0.40/100g;Desserts;Desserts;null;null;null;null;null;null;null;null;
276866416;Dole Tropical Fruit In B/Currat Jelly 4*123G;£2.43;£0.49/100g;Desserts;Desserts;78 ;0.1;18.9;null;0.1;null;0.7;0.1;
276865348;Dole Peach And Pineapple In Juice 113G;£0.49;£0.72/100g;Desserts;Desserts;null;null;null;null;null;null;null;null;
284539124;Ambrosia Rice Puddings Strawberry 145G;£0.66;£0.46/100g;Desserts;Desserts;96;2.6;null;null;2.0;null;0.2;0.10;
275851464;Dole Pineapple In Raspberry Jelly 123G;£0.49;£0.40/100g;Desserts;Desserts;null;null;null;null;null;null;null;null;
271154662;Dole Pineapple In Pineapple Jelly 4X123g;£2.43;£0.49/100g;Desserts;Desserts;77 ;0.1;19.1;null;0.1;null;0.6;null;
276865020;Dole Mango And Pineapple In Juice 4X113g;£2.43;£0.54/100g;Desserts;Desserts;57 ;0.5;12.8;null;0.2;null;1.1;0.1;
271142843;Dole Pineapple In Juice 113G;£0.49;£7.21/kg;Desserts;Desserts;null;null;null;null;null;null;null;null;
256494840;Dole Fruit Festival Fruit Bowls 4 X 113G;£2.43;£0.89/100g;Desserts;Desserts;63 ;0,4;15,3;null;0,1;null;1;null;
257982218;Dole Mixed Fruit In Peach Jelly 4X123g;£2.43;£0.49/100g;Desserts;Desserts;78 ;0.1;19.3;null;0.1;null;0.8;null;
255933191;Dole Fruit Bowl Peaches In Juice 4X113g;£2.43;£0.89/100g;Desserts;Desserts;64 ;0,4;15,5;null;0,1;null;0,8;null;
252467088;Hartleys No Added Sugar Ready To Eat Jelly Strawberry 115G;£0.49;£0.43/100g;Desserts;Desserts;14 kJ 17 kJ;Trace;null;null;0.0;null;null;0.08;
252466728;Hartleys Noadded Sugar Ready To Eat Jelly Orange 115G;£0.45;£0.39/100g;Desserts;Desserts;12kJ 15kJ;Trace;null;null;0.0;null;null;0.07;
283609314;Hartleys Strawberry 10Cal Jelly 175G;£0.69;£0.39/100g;Desserts;Desserts;14 kJ 25 kJ;Trace;null;null;0.0;null;null;0.08;
283609821;Hartleys Orange 10Cal Jelly 175G;£0.69;£0.39/100g;Desserts;Desserts;12 kJ 20 kJ;Trace;null;null;0.0;null;null;0.07;
264204643;Hartleys Apple And Watermelon Ready To Eat Jelly 175G;£0.69;£0.39/100g;Desserts;Desserts;19 kJ 33 kJ;0.0;null;null;0.0;null;null;0.25;
260667072;Hartley's Ready To Eat Reduced Sugar Jelly C/Berry&Rasp175g;£0.69;£0.39/100g;Desserts;Desserts;20kJ 35kJ;0.0;null;null;0.0;null;null;0.25;
282470262;Hartleys Jelly Strawberry Multipack 12X125g;£4.50;£0.30/100g;Desserts;Desserts;340 kJ 425 kJ;0.0;null;null;0.0;null;null;0.1;
263029777;Hartley Ready To Eat No Added Sugar Raspberry Jelly 115G;£0.49;£0.43/100g;Desserts;Desserts;19 kJ 22 kJ;0.0;null;null;0.0;null;null;0.15;
262282229;Hartleys Low Calorie Ready To Eat Jelly B/Berr And Blackcurrant 175G;£0.69;£0.39/100g;Desserts;Desserts;19 kJ 33 kJ;0.0;null;null;0.0;null;null;0.20;
260667056;Hartley's Ready To Eat Reduced Sugar Jelly Mango Passion Fruit 175G;£0.69;£0.39/100g;Desserts;Desserts;19 kJ 33 kJ;0.0;null;null;0.0;null;null;0.25;
262188451;Hartleys Sugar Free Lemon And Lime Jelly 23G;£0.75;£32.61/kg;Desserts;Desserts;25 kJ 36 kJ;1.3;null;null;0.5;null;null;0.07;
282470472;Hartleys Jelly Blackcurrant Multipack 12X125g;£4.50;£0.30/100g;Desserts;Desserts;340 kJ 425 kJ;0.0;null;null;0.0;null;null;0.1;
264772194;Hartleys Pineapple In Jelly 175G;£0.69;£0.39/100g;Desserts;Desserts;257 kJ 449 kJ;0.1;null;null;0.0;null;null;Trace;
252467998;Hartleys Ready To Eat Jelly Blackcurrant 125G;£0.45;£0.36/100g;Desserts;Desserts;340 kJ 425 kJ;0.0;null;null;0.0;null;null;0.1;
283609677;Hartleys Raspberry 10Cal Jelly 175G;£0.69;£0.39/100g;Desserts;Desserts;14 kJ 24 kJ;Trace;null;null;0.0;null;null;0.07;
252468398;Hartleys Ready To Eat Jelly Orange 125G;£0.45;£0.36/100g;Desserts;Desserts;340 kJ 425 kJ;0.0;null;null;0.0;null;null;0.25;
252467318;Hartleys Ready To Eat Jelly Raspberry 125G;£0.45;£0.36/100g;Desserts;Desserts;340 kJ 425 kJ;0.0;null;null;0.0;null;null;0.1;
264772159;Hartleys Raspberries In Jelly 175G;£0.69;£0.39/100g;Desserts;Desserts;260 kJ 455 kJ;0.3;null;null;0.0;null;null;0.08;
252465758;Hartleys Ready To Eat Jelly Lemon And Lime 125G;£0.45;£0.36/100g;Desserts;Desserts;340 kJ 425 kJ;0.0;null;null;0.0;null;null;0.25;
252468628;Hartleys Ready To Eat Jelly Strawberry 125G;£0.45;£0.36/100g;Desserts;Desserts;340 kJ 425 kJ;0.0;null;null;0.0;null;null;0.25;
283725527;Jelly Belly Cotton Candy Jelly 2X120g;£1.25;£0.52/100g;Desserts;Desserts;null;Trace;null;null;Trace;null;Trace;null;
283725435;Jelly Belly Berry Blue Jelly 2 X 120G;£1.25;£0.52/100g;Desserts;Desserts;null;Trace;null;null;Trace;null;Trace;null;
260120546;Tesco Goodness Apple And Strawberry Fruit Slurpers4x90;£1.98;£0.55/100g;Desserts;Desserts;77;0.3;null;16.1;0.3;0.1;1.6;0.01;
284429548;Tesco Banana And Apricot Fruit And Yoghurt Slurper 360G;£1.98;£0.55/100g;Desserts;Desserts;70;1.5;null;11.3;1.0;0.6;1.4;0.01;
260876626;Tesco Grapefruit Segment Fruit Jce4x120g;£1.95;£6.97/kg;Desserts;Desserts;63;0.1;null;9.6;0.1;0.1;0.9;0.01;
283725562;Jelly Belly Green Apple Jelly 2X120g;£1.25;£0.52/100g;Desserts;Desserts;null;Trace;null;null;Trace;null;Trace;null;
268747316;Tesco Goodness Tropical Slurpers 4X90g;£1.98;£0.55/100g;Desserts;Desserts;55;0.3;null;11.5;0.1;0.1;1.4;0.01;
285104482;Tesco Blackcurrant Jelly 4X120g;£1.50;£0.31/100g;Desserts;Desserts;75;0.1;null;17.8;0.1;0.1;0.5;0.1;
268747535;Tesco Chocolate Custard 150G;£0.38;£0.25/100g;Desserts;Desserts;99;3.2;null;12.0;2.3;1.4;0.3;0.1;
260120264;Tesco Goodness Apple Fruit Slurpers 4X90g;£1.98;£0.55/100g;Desserts;Desserts;77;0.3;null;16.1;0.3;0.1;1.6;0.01;
285117737;Tesco Mandarin Pieces In Fruit Juice 4X120g;£1.75;£0.55/100g;Desserts;Desserts;64;0.1;null;12.3;0.2;0.1;0.9;0.1;
285104706;Tesco Orange Jelly 4X120g;£1.50;£0.31/100g;Desserts;Desserts;73;0.1;null;17.2;0.1;0.1;0.5;0.1;
285115872;Tesco Pear And Peach Pieces In Fruit Juice 4X120g;null;null;Desserts;Desserts;62;0.3;null;10.5;0.1;0.1;0.5;0.1;
285104453;Tesco Orange Flavoured Jelly And Mandarin Pieces 4X120g;£1.75;£0.37/100g;Desserts;Desserts;79;0.1;null;17.9;0.1;0.1;0.5;0.1;
258573778;Tesco Peach Pieces Juice Fruit Pots4x120g;£1.95;£6.10/kg;Desserts;Desserts;56;0.4;null;10.7;0.1;0.1;0.5;0.1;
284449553;Tesco Apple Banana And Raspberry Fruit And Yoghurt Slurper 360G;£1.98;£0.55/100g;Desserts;Desserts;60;1.2;null;10.3;0.9;0.6;0.9;0.1;
260120402;Tesco Goodness Apple And Banana Fruit Slurpers 4X90g;£1.98;£0.55/100g;Desserts;Desserts;77;0.3;null;16.1;0.3;0.1;1.6;0.01;
285117651;Tesco Peach And Pineapple Pieces Fruit Juice 4X120g;£1.75;£0.55/100g;Desserts;Desserts;67;0.3;null;12.7;0.1;0.1;0.5;0.1;
276186011;Tesco Mango Jelly And Peach Pieces 4X130g;£1.49;£0.31/100g;Desserts;Desserts;72;0.1;null;16.0;0.1;0.1;0.5;0.1;
284448306;Tesco Apple And Mango Fruit And Yoghurt Slurper 360G;£1.98;£0.55/100g;Desserts;Desserts;70;0.5;null;9.2;1.0;0.6;1.1;0.1;
255767652;Tesco Ready To Eat Custard 4X150g;£1.37;£0.23/100g;Desserts;Desserts;98;3.2;null;12.0;2.3;1.4;0;0.1;
258398369;Tesco Ready To Eat Low Fat Custard 4X150g;£1.37;£0.23/100g;Desserts;Desserts;88;3.2;null;12.0;1.3;0.8;0;0.1;
284983582;Weight Watchers Berry Crush 90G;£0.85;£0.94/100g;Desserts;Desserts;null;0.5;9.8;null;0.2;null;2.1;0.02;
277063823;Birds Dream Topping 36G;£0.75;£2.09/100g;Desserts;Desserts;672;6.2;null;null;57.2;null;0.4;null;
286140338;Thorntons Chocolate Mousse 150G;£1.24;£0.83/100g;Desserts;Desserts;1553 kJ 1338 kJ;3.1;null;null;27.5;null;1.1;0.09;
286149248;Thorntons Vanilla Chocolate Cheesecake 310G;£1.24;£0.40/100g;Desserts;Desserts;1520kJ 1292kJ;5.2;null;null;22.8;null;2.5;0.48;
276154654;Tesco Pineapple Jelly And Pineapple Pieces 4X130g;£1.49;£0.31/100g;Desserts;Desserts;85;0.1;null;20.1;0.1;0.1;0.5;0.1;
284996549;Weight Watchers Diced Pear In Mixed Berry Jelly 4X120g;£2.29;£0.48/100g;Desserts;Desserts;null;0.1;null;null;0.1;null;0.7;0.1;
285118304;Tesco Tropical Fruit Cocktail Nata Coco Fruit Juice 4X120g;£1.75;£0.63/100g;Desserts;Desserts;57;0.2;null;12.7;0.1;0.1;0.5;0.1;
284983680;Carnation Chocolate Filling And Topping 363G;£1.89;£5.21/kg;Desserts;Desserts;1481 kJ 741kJ;4.9;null;null;14.1;null;2.0;0.08;
265386995;Tesco Ready To Eat Pot Custard 150G;£0.38;£0.25/100g;Desserts;Desserts;98;3.2;null;12.0;2.3;1.4;0;0.1;
260037305;Birds No Added Sugar Dream Topping 33G;£0.75;£2.28/100g;Desserts;Desserts;675;6.2;null;null;59.3;null;0.4;null;
285115814;Tesco Strawberry Jelly 4X120g;£1.50;£0.31/100g;Desserts;Desserts;73;0.1;null;17.7;0.1;0.1;0.5;0.1;
284983357;Weight Watchers Tropical Crush 90G;£0.85;£0.94/100g;Desserts;Desserts;null;0.7;10.3;null;0.2;null;1.7;0.1;
285118235;Tesco Pineapple In Pineapple Juice 4X120g;£1.75;£0.55/100g;Desserts;Desserts;47;0.3;null;10.4;0.1;0.1;0.5;0.01;
260491872;Carnation Caramel 397G;£1.60;£4.04/kg;Desserts;Desserts;1271kJ 636kJ;5.5;null;null;6.0;null;0.0;0.15;
284997335;Weight Watchers Pineapple And Mandarin In Mango Jelly 4X120g;£2.29;£0.48/100g;Desserts;Desserts;null;0.1;4.6;null;0.1;null;0.5;0.1;
285104142;Tesco Tropical Flavour Jelly Peach&Pear Pieces 4X120g;£1.75;£0.37/100g;Desserts;Desserts;85;0.2;null;19.7;0.1;0.1;0.5;0.1;
286149127;Thorntons Chocolate Dessert 185G;£1.24;£0.67/100g;Desserts;Desserts;1882 kJ 1109 kJ;4.2;null;null;31.7;null;2.3;0.06;
265387049;Tesco Ready To Eat Low Fat Pot Custard 150G;£0.38;£0.25/100g;Desserts;Desserts;88;3.2;null;12.0;1.3;0.8;0;0.1;
257533367;Carnation Condensed Milk 1Kg;£3.70;£3.70/kg;Desserts;Desserts;1372kJ 687kJ;7.3;null;null;8.0;null;0.0;null;
254902477;Carnation Evaporated Milk 410G;£1.20;£2.93/kg;Desserts;Desserts;668kJ 335kJ;7.7;null;null;9.0;null;0.0;null;
254903142;Nestle Tip Top Dessert Topping 160G;£0.59;£0.37/100g;Desserts;Desserts;447 kJ 224 kJ;3.5;null;null;6.4;null;0.1;null;
258049553;Carnation Condensed Light Milk 405G;£1.44;£3.56/kg;Desserts;Desserts;1187 kJ 595 kJ;8.9;null;null;0.2;null;0.0;null;
256909311;Tesco Evaporated Milk 170G;£0.55;£3.24/kg;Desserts;Desserts;162;7.6;null;12.7;9.0;5.5;0;0.3;
271015349;Tesco Double Cream Alternative 500G;£0.99;£0.20/100g;Desserts;Desserts;315;2.2;null;1.7;31.8;22.6;0.6;0.1;
267385428;Tesco Instant Dried Skimmed Milk 198G;£1.43;£7.23/kg;Desserts;Desserts;353;35.9;null;49.8;0.6;0.4;1.0;1.1;
258051618;Carnation Sweetened Condensed Milk Squeezy Tube 170G;£1.10;£6.48/kg;Desserts;Desserts;1372kJ 687kJ;7.3;null;null;8.0;null;0.0;0.43;
254902569;Marvel Dried Milk 340G Tin;£3.70;£10.89/kg;Desserts;Desserts;348;36.1;null;null;0.6;null;0.0;null;
255821338;Nestle Tip Top Squirty Cream 250G;£1.39;£0.56/100g;Desserts;Desserts;1139 kJ 228 kJ;2.4;null;null;26.0;null;Trace;null;
258049841;Carnation Sweetened Condensed Milk Squeezy Bottle 450G;£2.36;£5.25/kg;Desserts;Desserts;325 ;7.3;null;null;8.0;null;0.0;0.43;
254902696;Carnation Extra Thick Cream Topping 283G;£1.29;£0.46/100g;Desserts;Desserts;975kJ 487kJ;2.8;null;null;23.4;null;0.0;null;
282208871;Carnation Cook With It Cooking Creme 525G;null;null;Desserts;Desserts;487 kJ 245kJ -;6.3;null;null;6.0;null;Nil;0.22;
254902431;Carnation Evaporated Milk 170G;£0.65;£3.83/kg;Desserts;Desserts;668kJ 335kJ;7.7;null;null;9.0;null;0.0;null;
252395497;Carnation Light Evaporated Milk 410G;£1.20;£2.93/kg;Desserts;Desserts;452kJ 227kJ;6.9;null;null;4.0;null;0.0;null;
256909870;Tesco Evaporated Milk 410G;£0.65;£1.59/kg;Desserts;Desserts;162;7.6;null;12.7;9.0;5.5;0;0.3;
258050084;Carnation Sweetened Condensed Milk 397G;£1.44;£3.63/kg;Desserts;Desserts;1372kJ 687kJ;7.3;null;null;8.0;null;0.0;null;
258290438;Tesco Everyday Value Dried Skimmed Milk 454G;£1.15;£2.54/kg;Desserts;Desserts;353;35.9;null;49.8;0.6;0.4;1.0;1.1;
267377676;Tesco Instant Dried Skimmed Milk 340G;£2.06;£6.06/kg;Desserts;Desserts;353;35.9;null;49.8;0.6;0.4;1.0;1.1;
256653140;Carnation Evaporated Milk 3 X 170G;£1.69;£3.32/kg;Desserts;Desserts;668kJ 335kJ;7.7;null;null;9.0;null;0.0;null;
256909294;Tesco Low Fat Evaporated Semi Skimmed Milk 170G;£0.55;£3.24/kg;Desserts;Desserts;110;6.9;null;11.6;4.0;2.5;0;0.3;
254903689;Angel Delight Strawberry 59G;£0.32;£5.43/kg;Desserts;Desserts;483;2.3;null;null;20.8;null;Trace;null;
258870038;Birds Trifle Strawberry Serve 4-6 141G;£1.49;£10.57/kg;Desserts;Desserts;416;2.6;null;null;10.5;null;1.6;null;
252470498;Hartleys Blackcurrant Jelly 135G;£0.54;£0.40/100g;Desserts;Desserts;1258kJ 425kJ;5.5;null;null;0.0;null;null;0.4;
256909887;Tesco Low Fat Evaporated Semi Skimmed Milk 410G;£0.65;£1.59/kg;Desserts;Desserts;110;6.9;null;11.6;4.0;2.5;0;0.3;
254903729;Angel Delight Chocolate 67G;£0.32;£4.78/kg;Desserts;Desserts;457;3.4;null;null;17.7;null;2.4;null;
271160118;Greens Quick Jel Orange 70G;£0.68;£9.72/kg;Desserts;Desserts;422kJ -;0.1;null;null;0.4;null;1.2;null;
286416157;Hartleys Jelly Pot Mandarin 175G;£0.69;£0.39/100g;Desserts;Desserts;257kJ 450kJ;0.1;null;null;0.0;null;null;0.08;
265083282;Greens Quick Jel Red 70G;£0.68;£9.72/kg;Desserts;Desserts;520kJ -;0.1;null;null;0.4;null;1.1;null;
252470918;Hartleys Lemon Jelly 135G;£0.54;£0.40/100g;Desserts;Desserts;1258 kJ 425 kJ;5.5;null;null;0.0;null;null;0.50;
261048135;Greens Classic Carmelle Dessert Mix 70G;£0.60;£0.86/100g;Desserts;Desserts;376kJ 599kJ;3.3;15.1;null;1.7;null;null;0.25;
252471998;Hartleys Orange Jelly 135G;£0.54;£0.40/100g;Desserts;Desserts;1258 kJ 425 kJ;5.5;null;null;0.0;null;null;0.50;
286416226;Hartleys Black Cherry Jelly 135G;£0.54;£0.40/100g;Desserts;Desserts;1258 kJ 425 kJ;5.5;null;null;0.0;null;null;0.50;
252471468;Hartleys Lime Jelly 135G;£0.54;£0.40/100g;Desserts;Desserts;1258 kJ 425 kJ;5.5;null;null;0.0;null;null;0.50;
254903712;Angel Delight Butterscotch 66G;£0.32;£4.85/kg;Desserts;Desserts;474;2.1;null;null;18.8;null;Trace;null;
284743803;Angel Delight Bubblegum 59G;£0.32;£5.43/kg;Desserts;Desserts;116;3.1;null;null;4.6;null;0.0;0.50;
254915928;Greens Lemon Pie Filling Mix 2 X 70G;£0.55;£3.93/kg;Desserts;Desserts;370kJ -;0.7;17.7;null;1.5;null;null;0.25;
260467696;Birds Trifle Raspberry Serve 4-6 141G;£1.49;£10.57/kg;Desserts;Desserts;418;2.7;null;null;10.9;null;1.1;null;
258406010;Greens Lemon Meringue Crunch 260G;£0.99;£3.81/kg;Desserts;Desserts;1097kJ 963kJ;2.1;40.6;null;10.0;null;null;0.48;
254903706;Angel Delight Banana 59G;£0.32;£5.43/kg;Desserts;Desserts;474;2.3;null;null;20.9;null;0.3;null;
286415469;Hartleys Ready To Eat Apple No Added Sugar Jelly 115G;£0.49;£0.43/100g;Desserts;Desserts;25 kJ 29 kJ;Trace;null;null;0.3;null;null;0.10;
281467305;Hartleys Pineapple Jelly 135G;£0.44;£0.33/100g;Desserts;Desserts;1258 kJ 425 kJ;5.5;null;null;0.0;null;null;0.50;
275502521;Tesco Finest Raspberry And Kirsch Jelly 255G;£1.98;£0.78/100g;Desserts;Desserts;240;0.3;null;56.5;0.6;0.2;0.6;null;
254903902;Tesco Delight Strawberry No Added Sugar 49G;£0.29;£5.92/kg;Desserts;Desserts;115;3.5;null;5.8;4.5;3.6;0.3;0.5;
259009611;Pearce Duff Assorted Blancmange 146G;£0.58;£3.98/kg;Desserts;Desserts;417 kJ 584 kJ;2.9;null;null;3.6;null;null;null;
286415826;Hartleys Ready To Eat Pineapple Jelly Pot 125G;£0.49;£0.39/100g;Desserts;Desserts;357 kJ 446 kJ;Trace;null;null;0.4;null;null;0.09;
286415786;Hartleys Ready To Eat Blackcurrant No Added Sugar Jelly 115G;£0.49;£0.43/100g;Desserts;Desserts;30 kJ 35 kJ;Trace;null;null;0.4;null;null;0.1;
250461917;Tesco Everyday Value Strawberry Whip 38G;£0.15;£3.95/kg;Desserts;Desserts;99;3.6;null;5.0;3.9;3.0;0.1;0.4;
252472628;Hartleys Strawberry Jelly 135G;£0.54;£0.40/100g;Desserts;Desserts;1258 kJ 425 kJ;5.5;null;null;0.0;null;null;0.4;
252472438;Hartleys Raspberry Jelly 135G;£0.54;£0.40/100g;Desserts;Desserts;1258 kJ 425 kJ;5.5;null;null;0.0;null;null;0.4;
252468818;Hartleys Sugar Free Jelly Blackcurrant 23G;£0.75;£3.27/100g;Desserts;Desserts;26 kJ 37 kJ;1.2;null;null;0.0;null;null;0.07;
258618053;Hartleys Sugar Free Orange Jelly 23G;£0.75;£3.27/100g;Desserts;Desserts;25 kJ 36 kJ;1.3;null;null;0.5;null;null;0.07;
254903919;Tesco Chocolate Delight No Added Sugar 49G;£0.29;£5.92/kg;Desserts;Desserts;109;3.7;null;5.4;4.4;3.4;0.5;0.5;
254171056;Tesco Delight Banana No Added Sugar 49G;£0.29;£5.92/kg;Desserts;Desserts;116;3.8;null;6.4;4.7;3.7;0.2;0.5;
286149352;Tesco Marshmallow Mix 180G;£1.60;£0.89/100g;Desserts;Desserts;295;4.7;null;54.7;1.0;0.4;0;0.1;
254903925;Tesco Delight Butterscotch No Added Sugar 49G;£0.29;£5.92/kg;Desserts;Desserts;113;3.8;null;5.3;4.5;3.5;0.2;0.5;
252469218;Hartleys Sugar Free Jelly Raspberry 23G;£0.75;£3.27/100g;Desserts;Desserts;25 kJ 36 kJ;1.1;null;null;0.5;null;null;0.07;
281466646;Hartleys Tangerine Jelly 135G;null;null;Desserts;Desserts;1258 kJ 425 kJ;5.5;null;null;0.0;null;null;0.5;
275502394;Tesco Finest Sparkling Passion Fruit And Champagne Jelly 255G;£1.98;£0.78/100g;Desserts;Desserts;265;0.4;null;64.1;0.5;0.1;1.2;null;
252469938;Hartleys Sugar Free Jelly Strawberry 23G;£0.75;£3.27/100g;Desserts;Desserts;25 kJ 36 kJ;1.2;null;null;0.5;null;null;0.07;
284551926;Ambrosia Devon Custard Pot 500G;£1.39;£0.28/100g;Desserts;Desserts;99;2.9;null;null;2.8;null;0.0;0.13;
265243306;Ambrosia Chocolate Custard 465G;£1.00;£0.22/100g;Desserts;Desserts;482 kJ 723 kJ;3.2;null;null;2.9;null;0.7;null;
275880037;Tesco Raspberry Delight 49G;£0.29;£0.59/100g;Desserts;Desserts;110;3.4;null;5.5;4.2;3.3;0.1;0.5;
256647574;Ambrosia Ready To Serve Devon Custard 500G;£1.00;£0.20/100g;Desserts;Desserts;416 kJ/ 520 kJ/;2.9;null;null;2.8;null;0.0;0.13;
271246352;Ambrosia Ready To Serve Devon Custard 3 X 400G;£2.39;£0.20/100g;Desserts;Desserts;99;2.9;null;null;2.8;null;0.0;0.13;
284551615;Ambrosia Custard Low Fat Pot 500G;£1.39;£0.28/100g;Desserts;Desserts;89;2.9;null;null;1.8;null;0.0;0.13;
286149231;Tesco Meringue Mix 150G;£1.60;£1.07/100g;Desserts;Desserts;376;1.6;null;91.3;0.4;0.1;0.6;0.1;
256952926;Ambrosia Ready To Serve Devon Custard Low Fat 1Kg;£1.65;£0.17/100g;Desserts;Desserts;378 kJ/ 473 kJ/;2.9;null;null;1.8;null;0.0;0.13;
258869377;Birds Custard Powder Original Flavoured 300G Drum;£0.98;£0.33/100g;Desserts;Desserts;347;0.4;null;null;0.1;null;Trace;null;
256647136;Ambrosia Ready To Serve Devon Custard 1Kg;£1.65;£0.17/100g;Desserts;Desserts;416 kJ/ 520 kJ/;2.9;null;null;2.8;null;0.0;0.13;
265711450;Tesco Custard Powder 300G;£0.70;£0.23/100g;Desserts;Desserts;80;3.0;null;6.2;1.0;0.6;0.5;0.2;
271132757;Aunt Bessie's Instant Custard With No Added Sugar 70G;£0.55;£0.79/100g;Desserts;Desserts;364kJ 407kJ;1.3;null;null;2.4;null;0.4;0.27;
260012254;Birds Instant Custard Original Triple Pack 225G;£1.39;£0.62/100g;Desserts;Desserts;424;4.2;null;null;11.2;null;0.4;null;
260012225;Birds Instant Custard Low Fat Triple Pack 225G;£1.39;£0.62/100g;Desserts;Desserts;405;4.2;null;null;7.8;null;0.4;null;
256687042;Ambrosia Ready To Serve Devon Custard Low Fat 500G;£1.00;£0.20/100g;Desserts;Desserts;378 kJ/ 473 kJ/;2.9;null;null;1.8;null;0.0;0.13;
271127073;Aunt Bessie's Instant Custard 78G;£0.55;£0.71/100g;Desserts;Desserts;428kJ 482kJ;1.2;null;null;3.2;null;0.4;0.22;
254001656;Birds Instant Custard Original 75G Sachet;£0.69;£0.92/100g;Desserts;Desserts;414;4.1;null;null;9.1;null;0.4;null;
259065382;Birds Custard Powder Original Flavoured 600G Drum;£1.95;£0.33/100g;Desserts;Desserts;347;0.4;null;null;0.1;null;Trace;null;
271246784;Ambrosia Low Fat Custard 400G;£0.99;£0.25/100g;Desserts;Desserts;89;2.9;null;null;1.8;null;0.0;0.13;
271246162;Ambrosia Devon Custard 400G;£0.99;£0.25/100g;Desserts;Desserts;99;2.9;null;null;2.8;null;0.0;0.13;
271914253;Tesco Low Fat Creamy Custard 400G;£0.60;£0.15/100g;Desserts;Desserts;75;2.3;null;7.8;2.3;1.8;0.1;0.1;
273245200;Ambrosia Rice Pudding Pot 500G;£1.49;£0.30/100g;Desserts;Desserts;104;3.3;null;null;2.5;null;Trace;null;
271246070;Ambrosia Creamed Semolina 400G Tin;£0.99;£0.25/100g;Desserts;Desserts;80;3.3;null;null;1.7;null;0.1;0.15;
268420518;Tesco No Added Sugar Instant Custard Mix 70G;£0.38;£0.54/100g;Desserts;Desserts;74;1.1;null;3.6;2.5;2.0;0.1;0.1;
256546682;Tesco Creamed Rice Pudding 213G Tin;£0.44;£0.21/100g;Desserts;Desserts;95;3.0;null;10.0;1.7;1.0;0.2;null;
271241795;Ambrosia Low Fat Rice Pudding 400G;£0.99;£0.25/100g;Desserts;Desserts;88;3.2;null;null;1.3;null;0.0;0.13;
271245013;Tesco Ready To Serve Custard 400G;£0.60;£0.15/100g;Desserts;Desserts;98;2.7;null;9.0;3.9;2.6;0.1;0.1;
271244832;Tesco Everyday Value Ready To Serve Custard 385G;£0.17;£0.04/100g;Desserts;Desserts;69;2.7;null;8.3;1.0;0.8;0;0.1;
256525603;Tesco Ready To Serve Custard 1Kg;£0.95;£0.10/100g;Desserts;Desserts;98;2.2;null;11.5;2.9;1.5;0;0.1;
274026746;Tesco Ready To Serve Custard 500G;£0.67;£0.13/100g;Desserts;Desserts;98;2.2;null;11.5;2.9;1.5;0;0.1;
274026907;Tesco Ready To Serve Low Fat Custard 500G;£0.67;£0.13/100g;Desserts;Desserts;86;2.2;null;11.5;1.5;0.8;0;0.1;
253200938;Tesco Everyday Value Instant Custard Powder 70G;£0.15;£0.21/100g;Desserts;Desserts;67;0.6;null;8.3;0.9;0.8;0.1;0.2;
256525557;Tesco Low Fat Ready To Serve Custard 1Kg;£0.95;£0.10/100g;Desserts;Desserts;86;2.2;null;11.5;1.5;0.8;0;0.1;
268420478;Tesco Instant Custard Mix 76G;£0.38;£0.50/100g;Desserts;Desserts;80;1.1;null;8.9;2.5;2.0;0.1;0.1;
271246542;Ambrosia Creamed Rice Pudding 3 X 400G;£2.39;£0.20/100g;Desserts;Desserts;96;3.2;null;null;2.2;null;0.0;0.13;
271246093;Ambrosia Creamed Macaroni 400G Tin;£0.99;£0.25/100g;Desserts;Desserts;88;3.7;null;null;1.7;null;0.3;0.15;
254905589;Ambrosia Creamed Rice 400G Tin;£0.99;£0.25/100g;Desserts;Desserts;96;3.2;null;null;2.2;null;0.0;0.13;
257407068;Tesco Creamed Rice Pudding 400G;£0.55;£0.14/100g;Desserts;Desserts;101;3.1;null;10.2;2.2;1.4;0.1;0.1;
271245404;Ambrosia Creamed Rice Sultanas And Nutmeg 400G Tin;£0.99;£0.25/100g;Desserts;Desserts;107;3.4;null;null;2.9;null;0.1;0.10;
254905802;Ambrosia Creamed Tapioca 425G Tin;£0.99;£0.25/100g;Desserts;Desserts;75;2.7;null;null;1.6;null;0.0;0.18;
254905670;Tesco Creamed Rice Pudding 624G;£0.70;£0.11/100g;Desserts;Desserts;101;3.1;null;10.2;2.2;1.4;0.1;0.1;
271244538;Tesco Everyday Value Rice Pudding 400G;£0.15;£0.04/100g;Desserts;Desserts;81;3.1;null;7.2;0.8;0.5;0.1;0.1;
282663906;Kipling Golden Syrup Sponge Pudding 2X95g;£1.69;£0.89/100g;Desserts;Desserts;1537kJ 1660kJ;3.1;null;null;15.5;null;0.6;0.41;
252935942;Auntys Golden Syrup Puddings 200G;£1.49;£0.75/100g;Desserts;Desserts;293;3.3;null;null;4.1;null;0.8;0.6;
276673840;Aunty's Butterscotch And Pecan Steamed Puddings 190G;£1.49;£0.78/100g;Desserts;Desserts;308;3.8;null;null;7.2;null;1.0;0.6;
256567259;Tesco Low Fat Rice Pudding 624G;£0.70;£0.11/100g;Desserts;Desserts;92;3.2;null;10.1;1.3;0.8;0.1;0.1;
282662922;Mr Kipling Sponge Pudding Raspberry 2X95g;£1.69;£0.89/100g;Desserts;Desserts;1527kJ 1649kJ;3.1;null;null;15.6;null;0.7;0.38;
252424118;Tesco Low Fat Rice Pudding 400G;£0.55;£0.14/100g;Desserts;Desserts;92;3.2;null;10.1;1.3;0.8;0.1;0.1;
257842554;Auntys Sticky Toffee Puddings 200G;£1.49;£0.75/100g;Desserts;Desserts;294;3.4;null;null;4.8;null;1.0;0.6;
282663751;Mr Kipling Sponge Pudding Lemon 2X95g;£1.69;£0.89/100g;Desserts;Desserts;1548kJ 1672kJ;3.2;null;null;16.7;null;0.7;0.39;
257804243;Auntys Spotted Dick Puddings 200G;£1.49;£0.75/100g;Desserts;Desserts;294;4.0;null;null;6.0;null;1.5;0.7;
286581530;Cadbury Milk Chocolate Puddings 2X95g;£1.69;£8.90/kg;Desserts;Desserts;360;4.2;null;null;16.0;null;0.8;0.50;
286581835;Mr Kipling Cherry Bakewell Puddings 2X95g;£1.69;£8.90/kg;Desserts;Desserts;1536kJ 1661kJ;3.1;null;null;15.7;null;0.6;0.37;
270924726;Tesco Everyday Value Syrup Steamed Pudding 200G;£1.00;£0.50/100g;Desserts;Desserts;291;3.5;null;35.6;4.7;1.2;1.9;0.7;
281446457;Tesco Low Fat Syrup Sponge Pudding 2 X 90G;£1.00;£0.56/100g;Desserts;Desserts;270;3.9;null;26.4;2.5;0.6;0.7;0.6;
257804145;Auntys Ginger Syrup Steamed Puddings 2X100g;£1.49;£0.75/100g;Desserts;Desserts;293;3.4;null;null;4.2;null;0.9;0.6;
255375088;Auntys Strawberry Puddings 2X110g;£1.49;£0.68/100g;Desserts;Desserts;289;3.3;null;null;4.3;null;0.9;0.6;
252935965;Auntys Chocolate Fudge Puddings 2X100g;£1.49;£0.75/100g;Desserts;Desserts;329;3.7;null;null;9.3;null;1.9;0.6;
260074491;Tesco Chocolate Sponge Puddings 220G;£1.44;£0.66/100g;Desserts;Desserts;321;3.5;null;33.8;8.9;5.1;2.1;0.6;
282663630;Mr Kipling Sponge Pudding Sticky Toff2x95g;£1.69;£0.89/100g;Desserts;Desserts;1314kJ 1419kJ;3.0;null;null;10.0;null;0.9;0.64;
277924888;Ricola Liquorice Sugar Free Herb Drops 45G;£1.29;£2.87/100g;Desserts;Desserts;235 ;0;96;null;1;null;null;0;
260074370;Tesco Syrup Sponge Puddings 2X110g;£1.44;£0.66/100g;Desserts;Desserts;282;3.2;null;37.4;4.0;1.0;1.0;0.6;
265014856;Edlers Large Flan Case;£0.99;£0.99/each;Desserts;Dessert Cases, Bases & Fillings;322;6.7;null;null;4.9;null;3.1;1.4;
260491872;Carnation Caramel 397G;£1.60;£4.04/kg;Desserts;Dessert Cases, Bases & Fillings;1271kJ 636kJ;5.5;null;null;6.0;null;0.0;0.15;
285679486;Tesco Finest Meringue Pavlova;£1.49;£1.49/each;Desserts;Dessert Cases, Bases & Fillings;393;4.7;null;90.1;0.2;0.1;0;0.2;
265014780;Edlers Sweet Pastry Case;£0.99;£0.99/each;Desserts;Dessert Cases, Bases & Fillings;460;6.1;null;null;24.2;null;2.4;0.1;
284743072;Tesco Finest All Buttr Pastry Tartlets 8 Pack;£2.48;£0.31/each;Desserts;Dessert Cases, Bases & Fillings;486;7.3;null;18.2;22.7;15.2;2.4;0.2;
280519765;Tesco Mini Pastry Canapes 12S 42G;£1.99;£4.74/100g;Desserts;Dessert Cases, Bases & Fillings;456;8.7;null;2.8;13.4;1.1;2.9;1.2;
275969515;Tesco Finest All Buttermini Tartlets 9S 90G;£1.98;£2.20/100g;Desserts;Dessert Cases, Bases & Fillings;486;7.3;null;18.2;22.7;15.2;2.4;0.2;
254948630;Tesco 8 Trifle Sponges 160G;£0.89;£0.11/each;Desserts;Dessert Cases, Bases & Fillings;356;8.6;null;43.5;4.0;1.0;1.4;0.8;
254877419;Tesco Ground Rice 500G;£0.99;£0.20/100g;Desserts;Dessert Cases, Bases & Fillings;89;4.1;null;5.0;1.8;1.1;0.5;0.1;
275969550;Tesco Finest All Butter Pastry Case;£1.98;£1.14/100g;Desserts;Dessert Cases, Bases & Fillings;491;7.8;null;19.2;23.1;15.4;2.4;0.2;
254948618;Tesco 8 Meringue Nests;£1.00;£0.13/each;Desserts;Dessert Cases, Bases & Fillings;389;4.7;null;91.8;0.3;0.1;0;0.5;
256322866;Tesco Flaked Pudding Rice 250G;£0.80;£0.32/100g;Desserts;Dessert Cases, Bases & Fillings;147;4.3;null;6.2;6.1;3.6;0.9;0.2;
260245738;Tesco Finest Meringue Nests 8S;£1.59;£0.20/each;Desserts;Dessert Cases, Bases & Fillings;386;4.8;null;91.2;0.2;0.1;0;0.3;
265014895;Edlers Medium Flan Case;£0.79;£0.79/each;Desserts;Dessert Cases, Bases & Fillings;322;6.7;null;null;4.9;null;3.1;1.4;
285198559;Ready To Fill Finest Quiche Case 85G;null;null;Desserts;Dessert Cases, Bases & Fillings;null;null;null;null;null;null;null;null;
260246259;Tesco 16 Plain Mini Meringues 78.4G;£1.56;£1.99/100g;Desserts;Dessert Cases, Bases & Fillings;393;4.7;null;93.2;0.2;0.1;0;0.2;
265014820;Edlers Savoury Pastry Case;£0.99;£0.99/each;Desserts;Dessert Cases, Bases & Fillings;493;8.0;null;null;30.9;null;2.3;0.9;
259066536;Birds Whisk And Serve Semolina 98G Packet;£0.64;£0.65/100g;Desserts;Dessert Cases, Bases & Fillings;435;5.9;null;null;13.1;null;1.1;null;
252024701;Savoiardi Lady Fingers 200G;£1.39;£0.70/100g;Desserts;Dessert Cases, Bases & Fillings;1605kJ;8.0;null;null;2.5;null;2.0;0.28;
257226299;Askeys 6 Brandy Snap Baskets 150G;£1.74;£1.16/100g;Desserts;Dessert Cases, Bases & Fillings;2043kJ 470kJ;2.6;null;null;20.5;null;null;0.04;
254878073;Whitworths Semolina 500G;£0.98;£0.20/100g;Desserts;Dessert Cases, Bases & Fillings;334;11.1;null;null;1.4;null;3.7;null;
254877391;Tesco Pudding Rice 500G;£0.99;£0.20/100g;Desserts;Dessert Cases, Bases & Fillings;175;5.3;null;7.3;7.0;4.1;0.8;0.3;
276701416;Princes Black Cherry Fruit Filling 410G;£1.19;£0.29/100g;Desserts;Dessert Cases, Bases & Fillings;null;trace;null;null;trace;null;null;trace;
254948751;Tesco Sponge Fingers 200G;£0.89;£0.45/100g;Desserts;Dessert Cases, Bases & Fillings;401;8.1;null;55.7;3.5;1.4;1.6;0.1;
276701566;Princes Summer Fruit Filling 410G;£1.19;£0.29/100g;Desserts;Dessert Cases, Bases & Fillings;null;0.6;null;null;0.2;null;null;trace;
285198726;Tesco Profiteroles Desert Kit 38G;£1.79;£4.72/100g;Desserts;Dessert Cases, Bases & Fillings;538;17.1;null;0.3;36.1;22.1;2.5;0.4;
280519644;Tesco Mini Vol-Au Vents 12S 66G;£1.99;£3.02/100g;Desserts;Dessert Cases, Bases & Fillings;554;8.4;null;1.1;37.6;19.7;2.4;1.1;
275413776;Tesco Finest Belgian Chocolate Ganache Sauce 350G;£2.00;£0.57/100g;Desserts;Dessert Toppings;443;4.1;null;38.4;20.4;13.0;0.5;0.1;
264797032;Askeys Treat Caramel Crackin 225G;£1.10;£0.49/100g;Desserts;Dessert Toppings;2741kJ -;1.5;null;null;54.8;null;null;0.03;
275503301;Tesco Finest Passion Fruit Coulis 255Ml;£2.00;£0.78/100ml;Desserts;Dessert Toppings;175;0.6;null;33.8;1.7;0.2;2.6;0;
275414239;Tesco Finest British Blackberry &Bramley Apple Compote 350G;£2.00;£0.57/100g;Desserts;Dessert Toppings;121;0.7;null;26.4;0.6;0.3;1.4;0.1;
262982416;Askeys Ice Cream Sprinkles 145G;£1.50;£1.04/100g;Desserts;Dessert Toppings;251;0;null;null;27.9;null;null;null;
275492940;Tesco Finest Alphonso Mango Coulis 255Ml;£2.00;£0.78/100ml;Desserts;Dessert Toppings;120;0.1;null;27.3;0.4;0;0.7;0;
276519886;Tesco Finest Chocolate Sauce 250G;£1.90;£0.76/100g;Desserts;Dessert Toppings;370;3.3;null;35.6;14.9;8.7;1.3;null;
255569783;Askeys Round Icecream Cornets 21Pk;£1.00;£0.05/each;Desserts;Dessert Toppings;1651kJ 63kJ;14.0;null;null;2.6;null;3.0;0.45;
254902477;Carnation Evaporated Milk 410G;£1.20;£2.93/kg;Desserts;Dessert Toppings;668kJ 335kJ;7.7;null;null;9.0;null;0.0;null;
254902431;Carnation Evaporated Milk 170G;£0.65;£3.83/kg;Desserts;Dessert Toppings;668kJ 335kJ;7.7;null;null;9.0;null;0.0;null;
253989300;Askeys Ice Cream Wafers 48 Pack;£0.63;£0.01/each;Desserts;Dessert Toppings;1644kJ 46kJ;13.1;null;null;2.7;null;2.4;0.5;
256841263;Askeys Cafe Curls 20'S;£1.00;£0.05/each;Desserts;Dessert Toppings;1919kJ 76kJ;8.2;null;null;14.0;null;2.4;0.43;
259834797;Askeys Cup Cornets 21'S;£1.00;£0.05/each;Desserts;Dessert Toppings;1651kJ 56kJ;14.0;null;null;2.6;null;3.0;0.45;
275416151;Tesco Finest Timperley Rhuharb, Bramley Apple And Ginger 350G;£2.00;£0.57/100g;Desserts;Dessert Toppings;123;0.4;null;25.8;0.1;0.1;0.5;0.1;
256653140;Carnation Evaporated Milk 3 X 170G;£1.69;£3.32/kg;Desserts;Dessert Toppings;668kJ 335kJ;7.7;null;null;9.0;null;0.0;null;
275493213;Tesco Finest Forest Fruits Coulis 255Ml;£2.00;£0.78/100ml;Desserts;Dessert Toppings;125;0.1;null;29.0;0.4;0;0.4;0;
260158692;Tesco Finest Maple Syrup No 1 Light 330G;£5.49;£1.67/100g;Desserts;Dessert Toppings;254;0;null;61.5;0.1;0.1;0.2;0.1;
252864864;Askeys Pompadour Fan Wafers 18 Pack;£1.00;£0.06/each;Desserts;Dessert Toppings;1701kJ 178kJ;8.4;null;null;3.0;null;2.6;0.22;
275416024;Tesco Finest Cherry And Pear Compote 350G;£2.00;£0.57/100g;Desserts;Dessert Toppings;135;0.4;null;27.7;0.1;0.1;0.6;0.1;
276520019;Tesco Finest Raspberry Sauce 250G;£1.90;£0.76/100g;Desserts;Dessert Toppings;205;0.5;null;40.8;0.5;0.4;0.6;null;
251084878;Askeys Treat Toffee Sauce 325G;£1.10;£0.34/100g;Desserts;Dessert Toppings;1404kJ -;1.4;77;null;2.0;null;null;0.12;
264757230;Askeys Treat Raspberry Sauce 325G;£1.10;£0.34/100g;Desserts;Dessert Toppings;1346kJ -;0.5;79;null;0.5;null;null;0.1;
271154996;Buckwud Maple Syrup 250G;£5.99;£2.40/100g;Desserts;Dessert Toppings;271 Kcal;0.5;null;null;0.5;null;0.5;0.03;
276371575;Tesco Finest Salted Caramel Dessert Sauce 260G;£1.90;£0.73/100g;Desserts;Dessert Toppings;441;3.5;null;43.7 (49% of NRV);23.3;15.0;2.0;0.8 (13% of NRV);
251084953;Askeys Treat Milk Chocolate Sauce 325G;£1.10;£0.34/100g;Desserts;Dessert Toppings;1751kJ -;0.8;65;null;17;null;null;0.1;
251084982;Askeys Treat Strawberry Sauce 325G;£1.10;£0.34/100g;Desserts;Dessert Toppings;1343kJ -;0.5;79;null;0.5;null;null;0.1;
275660845;Tesco Dipped Waffle Cones 6'S;null;null;Desserts;Dessert Toppings;453;7.5;null;31.2;14.3;9.5;0.6;0.4;
265485175;Clarks Original Maple Syrup 180Ml;£1.98;£1.10/100ml;Desserts;Dessert Toppings;259;0.1;64.6;null;0.1;null;null;0.1;
276207304;T.Sqeezy Mango And Passion Fruit 280G;null;null;Desserts;Dessert Toppings;193;0.4;null;44.0;0.3;0.1;0.2;0.1;
251085203;Askeys Treat Chocolate Chunk Crackin 225G;£1.10;£0.49/100g;Desserts;Dessert Toppings;2588kJ -;3.2;null;null;45.8;null;null;0.13;
275919794;Tesco Chocolate Covered Honeycomb 59G;£0.89;£1.51/100g;Desserts;Dessert Toppings;469;3.0;null;64.0;16.6;10.1;0.6;0.2;
284411033;Tesco Chocolate Ice Cream Sprinkles 96G;£2.00;£1.64/100g;Desserts;Dessert Toppings;509;4.1;null;59.0;24.7;15.5;0.7;1.0;
285846726;Reese's Shell Topping 205G;£3.19;£1.56/100g;Desserts;Dessert Toppings;634 ;2.0;47.6;null;null;null;null;0.5;
266565632;Askeystreat Butterscotch Limited Edition Sauce 325G;£1.10;£0.34/100g;Desserts;Dessert Toppings;1395kJ -;0.5;82;null;0.5;null;null;0.09;
259199822;Askeys Waffle Cones 10 Pack;£1.00;£0.10/each;Desserts;Dessert Toppings;1835kJ 220kJ;9.0;null;null;9.9;null;1.8;0.2;
286784549;Clarks Original Maple Syrup 500Ml;£4.99;£1.00/100ml;Desserts;Dessert Toppings;259;0.1;64.6;null;0.1;null;null;0.1;
282011636;Carousel Oyster Delights 6S;£1.19;£0.20/each;Desserts;Dessert Toppings;455Kcal;4.7;null;null;21.1;null;null;null;
282448586;Askeys Treat Maple 325G;£1.10;£0.34/100g;Desserts;Dessert Toppings;1327kJ -;0.5;null;null;0.5;null;null;0.08;
285846663;Reese's Peanut Butter Topping 198G;£3.19;£1.62/100g;Desserts;Dessert Toppings;624 ;18.5;null;null;null;null;null;1.5;
260158571;Tesco Chocolate Dessert Sauce 300G;£1.49;£0.50/100g;Desserts;Dessert Toppings;319;2.0;null;38.8;7.6;4.8;1.1;0.1;
275889080;Tesco Princess Sprinkles Mixed 86G;£2.40;£2.80/100g;Desserts;Dessert Toppings;402;0.5;null;83.9;1.8;1.1;0.6;0.1;
275967914;Tesco Micro Mallows Pink And White 14G;£0.75;£5.36/100g;Desserts;Dessert Toppings;337;6.1;null;63.5;0.2;0.1;0.6;0.1;
260157917;Tesco Toffee Dessert Sauce 305G;£1.49;£0.49/100g;Desserts;Dessert Toppings;338;1.9;null;61.4;6.5;4.6;0.3;0.5;
275678894;Tesco Ice Cream Cones 10'S;£0.79;£0.08/each;Desserts;Dessert Toppings;390;9.3;null;1.8;3.7;1.8;1.7;null;
282486471;Tesco Ice Cream 18 Cones;£1.49;£0.08/each;Desserts;Dessert Toppings;390;9.3;null;1.8;3.7;1.8;1.7;0.4;
275678824;Tesco Ice Cream Wafers 50'S;£0.55;£0.01/each;Desserts;Dessert Toppings;405;10.7;null;0.4;3.5;0.4;3.4;null;
284410996;Tesco Sweet Ice Cream Sprinkles Mixed 178G;£2.00;£1.27/100g;Desserts;Dessert Toppings;411;0.9;null;85.4;4.4;3.0;0.6;0.1;
274401550;Tesco Maple Syrup 250G;£3.99;£1.60/100g;Desserts;Dessert Toppings;273;0.1;null;63.7;0.4;0.3;0.5;0;
260157802;Tesco Strawberry Dessert Sauce 280G;£1.49;£0.53/100g;Desserts;Dessert Toppings;179;0.4;null;43.2;0.1;0.1;1.4;0.1;
284410587;Tesco Treasure Sprinkles Mixed 83G;£2.40;£3.39/100g;Desserts;Dessert Toppings;419;0.9;null;87.0;5.1;3.1;0.7;0.2;
283645915;Tesco Large Waffle 10 Cones;£1.35;£0.14/each;Desserts;Dessert Toppings;null;null;null;null;null;null;null;null;
272478231;Calypso Jubbly Ice Lollies Cola 8X62ml;£1.69;£3.41/l;Desserts;Ice Lollies;27Kcal;0.1;null;null;0;null;null;0.01;
276671560;Mr Freeze Freeze Pops 20X45ml;£1.49;£0.17/100ml;Desserts;Ice Lollies;null;null;null;null;null;null;null;null;
286816087;Calypso Jubbly Cherry 10X62ml;£1.69;£0.27/100ml;Desserts;Ice Lollies;29;0.1;null;null;0;null;null;0.01;
286816381;Mr Freeze Limited Edition Blue Raspberry Freezepops20x45m;£1.69;£0.19/100ml;Desserts;Ice Lollies;null;null;null;null;null;null;null;null;
276671387;Mr Freeze Freeze Pops 30X20ml;£1.29;£0.22/100ml;Desserts;Ice Lollies;null;null;null;null;null;null;null;null;
286816542;Disney Frozen Assorted Freezepops20x45m;£1.69;£0.19/100ml;Desserts;Ice Lollies;28 ;0;null;null;0;null;null;0;
257823963;Calypso Jubbly Ice Lollies Strawberry 8X62ml;£1.69;£0.27/100ml;Desserts;Ice Lollies;27Kcal;0.1;null;null;0;null;null;0.01;
272484194;Calypso Jubbly Ice Lollies Orange 8X62ml;£1.69;£3.41/l;Desserts;Ice Lollies;26Kcal;0.1;null;null;0;null;null;0.01;
264661037;Tesco Finest New Zealand Clover Honey 340G;null;null;Jams, Sweet & Savoury Spreads;Honey;326;0.5;null;81.0;0.1;0;0.1;0.01;
279783324;Rowse Squeezy Wildflower Honey 340G;£2.99;£0.88/100g;Jams, Sweet & Savoury Spreads;Honey;329;0.5;null;null;0.5;null;0.5;0.03;
254850860;Tesco Clear Honey 454G;£1.45;£0.32/100g;Jams, Sweet & Savoury Spreads;Honey;326;0.5;null;81.0;0.1;0.1;0.1;0.1;
254000830;Rowse Pure Natural Blossom Honey Clear 250G;£1.78;£0.71/100g;Jams, Sweet & Savoury Spreads;Honey;329;0.5;81.5;null;0.5;null;0.5;0.03;
267231906;Rowse Organic Clear Honey Honey 340G;£2.99;£0.88/100g;Jams, Sweet & Savoury Spreads;Honey;329;0.5;81.5;null;0.5;null;0.5;0.03;
264660996;Tesco Finest Acacia Honey 340G;£4.29;£1.27/100g;Jams, Sweet & Savoury Spreads;Honey;326;0.5;null;81.0;0.1;0;0.1;0.01;
284845781;Rowse Supahoney With Lemon 250G;£5.49;£2.20/100g;Jams, Sweet & Savoury Spreads;Honey;348;0.1;null;null;0.1;null;null;0.1;
280333143;Comvita Manuka Honey Umf 5+ 500G;£16.99;£3.40/100g;Jams, Sweet & Savoury Spreads;Honey;1370kJ 137kJ;null;null;null;null;null;null;null;
261147444;Tiptree Acacia Honey 340G;£4.99;£1.47/100g;Jams, Sweet & Savoury Spreads;Honey;null;null;null;null;null;null;null;null;
264661285;Tesco Finest Orange Blossom Honey 340G;£2.99;£0.88/100g;Jams, Sweet & Savoury Spreads;Honey;326;0.5;null;81.0;0.1;0;0.1;0.01;
278331672;Rowse Manuka Honey +5 250G;£9.59;£3.84/100g;Jams, Sweet & Savoury Spreads;Honey;348;0.1;null;null;0.1;null;null;0.1;
264769734;Gales Blossom Honey Clear 340G;£2.38;£0.70/100g;Jams, Sweet & Savoury Spreads;Honey;null;null;null;null;null;null;null;null;
267259256;Rowse Squeezy Light And Mild Honey 340G;£2.59;£0.76/100g;Jams, Sweet & Savoury Spreads;Honey;329;0.5;null;null;0.5;null;0.5;0.03;
258158216;Tesco Everyday Value Clear Honey 340G;£0.99;£0.29/100g;Jams, Sweet & Savoury Spreads;Honey;326;0.5;null;81.0;0.1;0.1;0.1;0.1;
254409042;Tesco Finest English Set Honey 340G;£3.99;£1.18/100g;Jams, Sweet & Savoury Spreads;Honey;326;0.5;null;81.0;0.1;0;0.1;0.01;
274192801;Rowse Clear Honey 340G;£2.59;£0.76/100g;Jams, Sweet & Savoury Spreads;Honey;329;0.5;null;null;0.5;null;0.5;0.03;
271510356;Tesco Finest Eucalyptus Honey 340G;£2.99;£0.88/100g;Jams, Sweet & Savoury Spreads;Honey;326;0.5;null;81.0;0.1;0;0.1;0.01;
284744203;Tesco Finest Limited Edition Honey 340G;£3.49;£1.03/100g;Jams, Sweet & Savoury Spreads;Honey;326;0.5;null;81.0;0.1;0;0.1;0.01;
272692437;Tiptree Essex Blossom Honey 340G;£4.99;£1.47/100g;Jams, Sweet & Savoury Spreads;Honey;1229 kJ;0.4;null;null;Trace;null;null;null;
278340079;Rowse Manuka Honey 10+ 250G;£11.99;£4.80/100g;Jams, Sweet & Savoury Spreads;Honey;348;0.1;null;null;0.1;null;null;0.1;
254000899;Rowse Pure Natural Blossom Honey Set 250G;£1.78;£0.71/100g;Jams, Sweet & Savoury Spreads;Honey;329;0.5;81.5;null;0.5;null;0.5;0.03;
254850946;Tesco Pure Set Honey 454G;£1.45;£0.32/100g;Jams, Sweet & Savoury Spreads;Honey;326;0.5;null;81.0;0.1;0.1;0.1;0.1;
284832750;Rowse Squeezy Greek Honey 250G;£2.99;£1.20/100g;Jams, Sweet & Savoury Spreads;Honey;329;0.5;null;null;0.5;null;0.5;0.03;
256059953;Gales Squeezy Honey 340G;£2.59;£0.76/100g;Jams, Sweet & Savoury Spreads;Honey;null;null;null;null;null;null;null;null;
284845556;Rowse Squeezy Chinese Honey 250G;£2.99;£1.20/100g;Jams, Sweet & Savoury Spreads;Honey;329;0.5;null;null;0.5;null;0.5;0.03;
284832871;Rowse Honey With Apple 250G;£1.50;£0.60/100g;Jams, Sweet & Savoury Spreads;Honey;329;0.5;null;null;0.5;null;0.5;0.03;
284832600;Rowse Squeezy Australian Honey 250G;£2.99;£1.20/100g;Jams, Sweet & Savoury Spreads;Honey;329;0.5;null;null;0.5;null;0.5;0.03;
267621870;Tiptree Manuka Manuka Honey 340G;£13.99;£4.12/100g;Jams, Sweet & Savoury Spreads;Honey;null;null;null;null;null;null;null;null;
284845510;Rowse Honey With Cinnamon 250G;£1.50;£0.60/100g;Jams, Sweet & Savoury Spreads;Honey;329;0.5;null;null;0.5;null;0.5;0.03;
264769740;Gales Pure Set Honey 340G;£2.38;£0.70/100g;Jams, Sweet & Savoury Spreads;Honey;null;null;null;null;null;null;null;null;
284832502;Rowse Squeezy Acacia Honey 250G;£2.99;£1.20/100g;Jams, Sweet & Savoury Spreads;Honey;329;0.5;null;null;0.5;null;0.5;0.03;
250044899;Tesco Organic Pure Set Honey 340G;£2.80;£0.82/100g;Jams, Sweet & Savoury Spreads;Honey;326;0.5;null;81.0;0.1;0.1;0.1;0.1;
284832709;Rowse Squeezy Orange Blossom Honey 250G;£2.99;£1.20/100g;Jams, Sweet & Savoury Spreads;Honey;329;0.5;81.5;null;0.5;null;0.5;0.03;
274193005;Rowse Set Honey 340G;£2.59;£0.76/100g;Jams, Sweet & Savoury Spreads;Honey;329;0.5;null;null;0.5;null;0.5;0.03;
255771108;Rowse Squeezy Clear Honey 340G;£2.59;£0.76/100g;Jams, Sweet & Savoury Spreads;Honey;329;0.5;null;null;0.5;null;0.5;0.03;
278339871;Rowse Manuka Honey 15+ 250G;£19.99;£8.00/100g;Jams, Sweet & Savoury Spreads;Honey;348;0.1;null;null;0.1;null;null;0.1;
284845619;Rowse Supahoney Manuka And Honey 250G;£5.49;£2.20/100g;Jams, Sweet & Savoury Spreads;Honey;348;0.1;null;null;0.1;null;null;0.1;
278331499;Rowse Squeezy Honey 250G;£1.50;£0.60/100g;Jams, Sweet & Savoury Spreads;Honey;329;0.5;null;null;0.5;null;0.5;0.03;
284832807;Rowse Honey With Raspberry 250G;£1.50;£0.60/100g;Jams, Sweet & Savoury Spreads;Honey;329;0.5;null;null;0.5;null;0.5;0.03;
271531020;Rowse Cut Comb In Acacia Honey 340G;£6.99;£2.06/100g;Jams, Sweet & Savoury Spreads;Honey;329;0.5;null;null;0.5;null;0.5;0.03;
274088885;Tesco Squeezy Clear Honey 340G;£1.79;£0.53/100g;Jams, Sweet & Savoury Spreads;Honey;326;0.5;null;81.0;0.1;0;0.1;0.1;
260259031;Tesco Organic Squeezy Clear Honey 340G;£2.80;£0.82/100g;Jams, Sweet & Savoury Spreads;Honey;326;0.5;null;81.0;0.1;0.1;0.1;0.1;
284831388;Fruit Shoot Strawberry And Summer Fruit Squeezy Jam300g;£1.69;£0.56/100g;Jams, Sweet & Savoury Spreads;Jam & Marmalade;177;0.8;null;null;0.3;null;1.1;0.0;
251736217;Tesco Finest Apricot Conserve 340G;£1.50;£0.44/100g;Jams, Sweet & Savoury Spreads;Jam & Marmalade;246;0.5;null;59.3;0.1;0.1;0.9;0.1;
253415519;Hartleys Best Strawberry Jam 340G;£1.00;£0.29/100g;Jams, Sweet & Savoury Spreads;Jam & Marmalade;1050 kJ 157 kJ;0.4;null;null;0.2;null;null;0.06;
272506182;Tesco Reduced Sugar Apricot Jam 340G;£0.75;£0.22/100g;Jams, Sweet & Savoury Spreads;Jam & Marmalade;178;0.5;null;38.6;0.1;0.1;0.6;0.1;
261843674;Mackays Scottish Strawberry Preserve 340G;£1.49;£0.44/100g;Jams, Sweet & Savoury Spreads;Jam & Marmalade;270;0.3;null;null;0;null;null;0;
258219531;St Dalfour Strawberry Fruit Spread 284G;£1.99;£0.70/100g;Jams, Sweet & Savoury Spreads;Jam & Marmalade;211 ;0.5;null;null;0.1;null;1.2;null;
250782923;Bonne Maman Raspberry Conserve 370G;£1.72;£0.47/100g;Jams, Sweet & Savoury Spreads;Jam & Marmalade;null;null;null;null;null;null;null;null;
250782900;Bonne Maman Apricot Conserve 370G;£1.72;£0.47/100g;Jams, Sweet & Savoury Spreads;Jam & Marmalade;null;null;null;null;null;null;null;null;
250782952;Bonne Maman Strawberry Conserve 370G;£1.72;£0.47/100g;Jams, Sweet & Savoury Spreads;Jam & Marmalade;null;null;null;null;null;null;null;null;
254850249;Tiptree Strawberry Conserve 340G;£2.19;£0.64/100g;Jams, Sweet & Savoury Spreads;Jam & Marmalade;null;null;null;null;null;null;null;null;
262219329;Tiptree East Anglian Strawberry Conserve 340G;£2.19;£0.64/100g;Jams, Sweet & Savoury Spreads;Jam & Marmalade;null;null;null;null;null;null;null;null;
272574883;Tesco Reduced Sugar Strawberry Jam 340G;£0.75;£0.22/100g;Jams, Sweet & Savoury Spreads;Jam & Marmalade;184;0.4;null;41.8;0.2;0.1;1.6;0.1;
253958280;Tiptree Apricot Conserve 340G;£2.19;£0.64/100g;Jams, Sweet & Savoury Spreads;Jam & Marmalade;null;null;null;null;null;null;null;null;
253093038;Tesco Everyday Value Strawberry Jam 454G;£0.29;£0.06/100g;Jams, Sweet & Savoury Spreads;Jam & Marmalade;250;0.5;null;53.8;0.1;trace;0.8;null;
254849557;Tesco Apricot Jam 454G;£0.75;£0.17/100g;Jams, Sweet & Savoury Spreads;Jam & Marmalade;245;0.5;null;53.6;0.1;0.1;0.8;0.1;
252728024;St Dalfour Thick Apricot Fruit Spread 284G;£1.99;£0.70/100g;Jams, Sweet & Savoury Spreads;Jam & Marmalade;211 ;0.5;null;null;0.1;null;1.1;null;
257994045;Hartleys Best Apricot Jam 340G;£1.00;£0.29/100g;Jams, Sweet & Savoury Spreads;Jam & Marmalade;1039 kJ 156 kJ;0.4;null;null;0.0;null;null;0.08;
284754024;Tesco Strawberry Squeezy Jam 340G;£1.00;£0.29/100g;Jams, Sweet & Savoury Spreads;Jam & Marmalade;260;0.3;null;61.6;0.3;0.2;0.7;0.1;
254849603;Tesco Strawberry Jam 454G;£0.75;£0.17/100g;Jams, Sweet & Savoury Spreads;Jam & Marmalade;259;0.5;null;57.8;0.1;0.1;0.9;0.1;
251735881;Tesco Finest Strawberry Conserve 340G;£1.50;£0.44/100g;Jams, Sweet & Savoury Spreads;Jam & Marmalade;253;0.5;null;60.1;0.2;0.1;1.0;0.1;
284754062;Tesco Raspberry Squeezy Jam 340G;£1.00;£0.29/100g;Jams, Sweet & Savoury Spreads;Jam & Marmalade;252;0.3;null;59.0;0.4;0.4;0.8;0.2;
251736033;Tesco Finest Raspberry Conserve 340G;£1.50;£0.44/100g;Jams, Sweet & Savoury Spreads;Jam & Marmalade;252;0.7;null;58.7;0.2;0.1;2.6;0.1;
252937963;Tiptree Tiny Tipraspberry Conserve 340G;£2.19;£0.64/100g;Jams, Sweet & Savoury Spreads;Jam & Marmalade;null;null;null;null;null;null;null;null;
251736275;Tesco Finest Scandinavian Blackcurrant Conserve 340G;£1.50;£0.44/100g;Jams, Sweet & Savoury Spreads;Jam & Marmalade;251;0.6;null;57.8;0.1;0.1;3.1;0.1;
253000100;Hartleys Family Apricot Jam 454G;£1.59;£0.35/100g;Jams, Sweet & Savoury Spreads;Jam & Marmalade;1090 kJ 164 kJ;0.3;null;null;0.0;null;null;Trace;
284831434;Fruit Shoot Apple And Blackcurrant Squeezy Jam 300G;£1.69;£0.56/100g;Jams, Sweet & Savoury Spreads;Jam & Marmalade;176;0.4;null;null;0.3;null;1.7;0.0;
253958631;Tiptree Blackcurrant Conserve 340G;£2.19;£0.64/100g;Jams, Sweet & Savoury Spreads;Jam & Marmalade;null;null;null;null;null;null;null;null;
258219433;St Dalfour Raspberry Fruit Spread 284G;£1.99;£0.70/100g;Jams, Sweet & Savoury Spreads;Jam & Marmalade;229 ;0.6;null;null;0.3;null;2.8;null;
252613603;Hartleys Family Strawberry Jam 454G;£1.59;£0.35/100g;Jams, Sweet & Savoury Spreads;Jam & Marmalade;1099 kJ 165 kJ;0.3;null;null;0.1;null;null;0.2;
272573964;Tesco Reduced Sugar Raspberry Jam 340G;£0.75;£0.22/100g;Jams, Sweet & Savoury Spreads;Jam & Marmalade;169;1.2;null;35.5;0.2;0.1;1.9;0.1;
268417726;Tiptree Raspberry Seedless Conserve 340G;£2.19;£0.64/100g;Jams, Sweet & Savoury Spreads;Jam & Marmalade;null;null;null;null;null;null;null;null;
257993714;Mackays Scottish Raspberry Preserve 340G;£1.49;£0.44/100g;Jams, Sweet & Savoury Spreads;Jam & Marmalade;271;0.4;null;null;0;null;null;0;
254849592;Tesco Raspberry Jam 454G;£0.75;£0.17/100g;Jams, Sweet & Savoury Spreads;Jam & Marmalade;245;0.5;null;53.2;0.1;0.1;2.3;0.1;
257993927;Hartleys Blackcurrant Jam 454G;£1.59;£0.35/100g;Jams, Sweet & Savoury Spreads;Jam & Marmalade;1091 kJ 164 kJ;0.3;null;null;0.0;null;null;0.2;
257994080;Hartleys Best Blackcurrant Jam 340G;£1.00;£0.29/100g;Jams, Sweet & Savoury Spreads;Jam & Marmalade;1045 kJ 157 kJ;0.3;null;null;0.0;null;null;0.34;
252813401;Bonne Maman Blackcurrant Conserve 370G;£1.72;£0.47/100g;Jams, Sweet & Savoury Spreads;Jam & Marmalade;null;null;null;null;null;null;null;null;
253000031;Hartleys Family Raspberry Jam Seedless 454G;£1.59;£0.35/100g;Jams, Sweet & Savoury Spreads;Jam & Marmalade;1100 kJ 165 kJ;0.5;null;null;0.1;null;null;0.20;
257995303;Hartleys Best Raspberry Jam 340G;£1.00;£0.29/100g;Jams, Sweet & Savoury Spreads;Jam & Marmalade;1048kJ 157kJ;0.4;null;null;0.1;null;null;0.17;
253736836;Hartleys Best Raspberry Jam Seedless 340G;£1.00;£0.29/100g;Jams, Sweet & Savoury Spreads;Jam & Marmalade;1050 kJ 158 kJ;0.6;null;null;0.0;null;null;0.21;
254849563;Tesco Blackcurrant Jam 454G;£0.75;£0.17/100g;Jams, Sweet & Savoury Spreads;Jam & Marmalade;239;0.5;null;51.6;0.1;0.1;2.6;0.1;
258315532;Streamline Reduced Sugar Strawberry Jam 340G;£1.45;£0.43/100g;Jams, Sweet & Savoury Spreads;Jam & Marmalade;176;0.4;null;null;0.3;null;0.8;0.0;
284861853;Frank Coopers Oxford Red Plum Conserve 340G;£2.19;£0.64/100g;Jams, Sweet & Savoury Spreads;Jam & Marmalade;1034 kJ 155 kJ;0.3;null;null;0.3;null;null;0.13;
282121120;Streamline Reduced Sugar Thin Cut Marmalade 340G;£1.45;£0.43/100g;Jams, Sweet & Savoury Spreads;Jam & Marmalade;174;0.4;null;null;0.2;null;0.8;0.0;
268491859;Streamline Reduced Sugar Thick Cut Orange Marmalde 340G;£1.45;£0.36/100g;Jams, Sweet & Savoury Spreads;Jam & Marmalade;170;0.4;null;null;0.2;null;0.8;null;
274827288;Stute No Added Sugar Diabetic Fine Cut Marmalade 430G;£1.65;£0.38/100g;Jams, Sweet & Savoury Spreads;Jam & Marmalade;153 ;0.3;null;null;0.2;null;null;0.02;
250782975;Bonne Maman Wild Blueberry Conserve 370G;£2.02;£0.55/100g;Jams, Sweet & Savoury Spreads;Jam & Marmalade;null;null;null;null;null;null;null;null;
270967024;Bonne Maman Damson Plum Conserve 370G;£1.72;£0.47/100g;Jams, Sweet & Savoury Spreads;Jam & Marmalade;null;null;null;null;null;null;null;null;
272573740;Tesco Reduced Sugar Blackcurrant Jam 340G;£0.75;£0.22/100g;Jams, Sweet & Savoury Spreads;Jam & Marmalade;178;0.4;null;37.1;0.1;0.1;0.8;0.1;
268491491;Streamline Reduced Sugar Blackcurrant Jam 340G;£1.45;£0.36/100g;Jams, Sweet & Savoury Spreads;Jam & Marmalade;183;0.8;null;null;0.7;null;2.9;null;
268491548;Streamline Reduced Sugar Raspberry Seedless Jam 340G;£1.45;£0.36/100g;Jams, Sweet & Savoury Spreads;Jam & Marmalade;181;0.7;null;null;0.7;null;0.0;null;
272573849;Tesco Reduced Sugar Orange Marmalade 340G;£0.59;£0.17/100g;Jams, Sweet & Savoury Spreads;Jam & Marmalade;181;0.5;null;38.9;0.1;0.1;0.1;0.1;
282337700;Frank Coopers Strawberry Conserve 340G;£2.19;£0.64/100g;Jams, Sweet & Savoury Spreads;Jam & Marmalade;1071 kJ 161 kJ;0.4;null;null;0.6;null;null;0.13;
282337746;Frank Coopers Raspberry Conserve 340G;£2.19;£0.64/100g;Jams, Sweet & Savoury Spreads;Jam & Marmalade;1025 kJ 154 kJ;0.5;null;null;0.1;null;null;0.20;
274818852;Stute No Added Sugar Diabetic Strawberry Jam 430G;£1.65;£0.38/100g;Jams, Sweet & Savoury Spreads;Jam & Marmalade;154 ;0.4;null;null;0.2;null;null;0.02;
260508267;Bonne Maman Black Cherry Conserve 370G;£2.02;£0.55/100g;Jams, Sweet & Savoury Spreads;Jam & Marmalade;null;null;null;null;null;null;null;null;
284848288;Streamline Reduced Sugar Black Cherry Jam 340G;£1.45;£0.43/100g;Jams, Sweet & Savoury Spreads;Jam & Marmalade;172;0.7;null;null;0.2;null;0.7;0.0;
250782819;Bonne Maman Peach Conserve 370G;£1.72;£0.47/100g;Jams, Sweet & Savoury Spreads;Jam & Marmalade;null;null;null;null;null;null;null;null;
284861902;Frank Coopers Oxford Red Cherry Conserve 340G;£2.19;£0.64/100g;Jams, Sweet & Savoury Spreads;Jam & Marmalade;1089 kJ 163 kJ;0.4;null;null;0.3;null;null;0.2;
284831457;Fruit Shoot Orange Squeezy Jam 300G;£1.69;£0.56/100g;Jams, Sweet & Savoury Spreads;Jam & Marmalade;174;0.4;null;null;0.3;null;1.0;0.0;
254849534;Tesco Seedless Raspberry Jam 454G;£0.75;£0.17/100g;Jams, Sweet & Savoury Spreads;Jam & Marmalade;252;0.6;null;55.0;0.1;0.1;2.3;0.1;
253520878;Hartleys Best Pineapple Jam 340G;£1.00;£0.29/100g;Jams, Sweet & Savoury Spreads;Jam & Marmalade;1045 kJ 157 kJ;0.2;null;null;0.1;null;null;0.09;
279723731;Hartley's Smooth Blackcurrant Jam 340G;£1.69;£0.50/100g;Jams, Sweet & Savoury Spreads;Jam & Marmalade;1075 kJ 161 kJ;0.5;null;null;0.0;null;null;0.2;
279723564;Hartleys Reduced Sugar Strawberry Jam 320G;£1.00;£0.31/100g;Jams, Sweet & Savoury Spreads;Jam & Marmalade;779 kJ 117 kJ;0.4;null;null;0.2;null;null;0.15;
256361715;St Dalfour Orange And Ginger Spread 284G;£1.99;£0.70/100g;Jams, Sweet & Savoury Spreads;Jam & Marmalade;239 ;0.5;null;null;0.1;null;1;null;
257994264;Hartleys Best Blueberry Jam 340G;£1.00;£0.29/100g;Jams, Sweet & Savoury Spreads;Jam & Marmalade;1050 kJ 158 kJ;0.2;null;null;0.1;null;null;0.19;
267651534;Mackays Seedless Bramble Preserve 340G;£1.49;£0.44/100g;Jams, Sweet & Savoury Spreads;Jam & Marmalade;269;0.3;null;null;0;null;null;0;
284861605;Robertsons Ginger Preserve 454G;£1.39;£0.31/100g;Jams, Sweet & Savoury Spreads;Jam & Marmalade;1130 kJ 170 kJ;0.1;null;null;0.0;null;null;0.1;
259402669;St Dalfour Black Cherry 284G;£1.99;£0.70/100g;Jams, Sweet & Savoury Spreads;Jam & Marmalade;212 ;0.8;null;null;0.1;null;1.2;null;
261148996;Mackays Rhubarb And Ginger Preserve 340G;£1.49;£0.44/100g;Jams, Sweet & Savoury Spreads;Jam & Marmalade;269;0.3;null;null;0;null;null;0;
268419164;St Dalfour Fig Royale 284G;£1.99;£0.70/100g;Jams, Sweet & Savoury Spreads;Jam & Marmalade;215 ;0.9;null;null;0.4;null;2.8;null;
253864004;Hartleys Best Black Cherry Jam 340G;£1.00;£0.29/100g;Jams, Sweet & Savoury Spreads;Jam & Marmalade;1043 kJ 156 kJ;0.4;null;null;0.2;null;null;0.16;
254849626;Tesco Bramble Jelly 454G;£0.75;£0.17/100g;Jams, Sweet & Savoury Spreads;Jam & Marmalade;244;0.5;null;53.2;0.1;0.1;1.7;0.1;
279723691;Hartley's Smooth Apricot Jam 340G;£1.69;£0.50/100g;Jams, Sweet & Savoury Spreads;Jam & Marmalade;1058 kJ 159 kJ;0.4;null;null;0.0;null;null;0.03;
282337775;Hartleys Best Strawberry Seedless Jam 340G;£1.00;£0.29/100g;Jams, Sweet & Savoury Spreads;Jam & Marmalade;1047 kJ 157 kJ;0.4;null;null;0.2;null;null;0.01;
279723397;Hartleys Reduced Sugar Blackcurrant Jam 320G;£1.00;£0.31/100g;Jams, Sweet & Savoury Spreads;Jam & Marmalade;770 kJ 116 kJ;0.5;null;null;0.1;null;null;0.3;
279723454;Hartleys Reduced Sugar Raspberry Jam 320G;£1.00;£0.31/100g;Jams, Sweet & Savoury Spreads;Jam & Marmalade;782 kJ 117 kJ;0.7;null;null;0.2;null;null;0.23;
279723593;Hartleys Reduced Sugar Apricot Jam 320G;£1.00;£0.31/100g;Jams, Sweet & Savoury Spreads;Jam & Marmalade;770 kJ 116 kJ;0.5;null;null;0.1;null;null;0.12;
251155052;Mackays Scottish Three Berry Preserve 340G;£1.49;£0.44/100g;Jams, Sweet & Savoury Spreads;Jam & Marmalade;272;0.3;null;null;0;null;null;0;
279723823;Hartley's Smooth Raspberry Jam 340G;£1.69;£0.50/100g;Jams, Sweet & Savoury Spreads;Jam & Marmalade;1067 kJ 160 kJ;0.6;null;null;0.1;null;null;0.04;
279723881;Hartley's Smooth Strawberry Jam 340G;£1.69;£0.50/100g;Jams, Sweet & Savoury Spreads;Jam & Marmalade;1067 kJ 160 kJ;0.4;null;null;0.2;null;null;0.04;
261455350;Tesco Finest Greengage Conserve 340G;£1.50;£0.44/100g;Jams, Sweet & Savoury Spreads;Jam & Marmalade;251;0.4;null;59.3;0.3;0.1;1.3;0.1;
274748387;Tesco Finest Morello Cherry Conserve 340G;£1.50;£0.44/100g;Jams, Sweet & Savoury Spreads;Jam & Marmalade;243;0.5;null;59.5;0.1;0.1;0.8;0.1;
255572127;Frank Coopers Original Oxford Marmalade 454G;£1.99;£0.44/100g;Jams, Sweet & Savoury Spreads;Jam & Marmalade;41;0.1;null;null;0;null;0.2;null;
252937940;Tiptree Black Cherry Conserve 340G;£2.19;£0.64/100g;Jams, Sweet & Savoury Spreads;Jam & Marmalade;null;null;null;null;null;null;null;null;
254850756;Mamade Prepared Seville Oranges Thin Cut 850G;£1.99;£0.23/100g;Jams, Sweet & Savoury Spreads;Jam & Marmalade;1158 kJ;0.2;null;null;Trace;null;null;Trace;
254850572;Hartleys Old English Marmalade 454G;£1.59;£0.35/100g;Jams, Sweet & Savoury Spreads;Jam & Marmalade;1108 kJ 166 kJ;0.3;null;null;0.1;null;null;0.10;
274360274;La Vieja Seville Orange Marmalade 375G;£1.59;£0.42/100g;Jams, Sweet & Savoury Spreads;Jam & Marmalade;null;null;null;null;null;null;null;null;
271843987;Tiptree Rhubarb With Ginger Conserve 340G;£2.19;£0.64/100g;Jams, Sweet & Savoury Spreads;Jam & Marmalade;null;null;null;null;null;null;null;null;
257231350;Mackays The Dundee Orange Marmalade 340G;£1.25;£0.37/100g;Jams, Sweet & Savoury Spreads;Jam & Marmalade;269;0.3;null;null;0;null;null;0;
251262322;Mackays Natural Fruit Seville Orange Marmalade 340G;£1.25;£0.37/100g;Jams, Sweet & Savoury Spreads;Jam & Marmalade;269;0.3;null;null;0;null;null;0;
280879009;Tesco Ginger Preserve 340G;£0.75;£0.22/100g;Jams, Sweet & Savoury Spreads;Jam & Marmalade;259;0.1;null;59.8;0.1;0.1;0.5;0.1;
258289994;Tesco Everyday Value Mixed Fruit Jam 454G;£0.29;£0.06/100g;Jams, Sweet & Savoury Spreads;Jam & Marmalade;250;0.5;null;52.9;0.5;0.5;0.8;null;
258536909;Robertsons Golden Shred Marmalade 227G;£0.99;£0.44/100g;Jams, Sweet & Savoury Spreads;Jam & Marmalade;1077 kJ 161 kJ;0.1;null;null;0.0;null;null;0.20;
255571203;Frank Coopers Fine Cut Oxford Marmalade 454G;£1.99;£0.44/100g;Jams, Sweet & Savoury Spreads;Jam & Marmalade;40;0.1;null;null;Trace;null;0.1;null;
272063157;Tiptree Victoria Plum Conserve 340G;£2.19;£0.64/100g;Jams, Sweet & Savoury Spreads;Jam & Marmalade;null;null;null;null;null;null;null;null;
254630435;Frank Coopers Vintage Oxford Marmalade 454G;£1.99;£0.44/100g;Jams, Sweet & Savoury Spreads;Jam & Marmalade;1076 kJ 161 kJ;null;null;null;0.2;null;0.6;0.10;
260442067;Bonne Maman Orange Fine Shred Marmalade 370G;£1.72;£0.39/100g;Jams, Sweet & Savoury Spreads;Jam & Marmalade;null;0.3;null;null;0.1;null;0.6;0;
267196957;Tesco Plum Jam 454G;£0.75;£0.17/100g;Jams, Sweet & Savoury Spreads;Jam & Marmalade;239;0.5;null;52.3;0.1;0.1;0.9;0.1;
267702953;Tesco Finest Hedgerow Conserve 340G;£1.50;£0.44/100g;Jams, Sweet & Savoury Spreads;Jam & Marmalade;244;0.6;null;58.9;0.1;0.1;2.3;0.1;
251155046;Mackays Vintage Orange Marmalade 340G;£1.25;£0.37/100g;Jams, Sweet & Savoury Spreads;Jam & Marmalade;269;0.4;null;null;0;null;null;0;
254850658;Robertsons Golden Shred Marmalade 454G;£1.29;£0.28/100g;Jams, Sweet & Savoury Spreads;Jam & Marmalade;1077 kJ 161 kJ;0.1;null;null;0.0;null;null;0.20;
256605440;Tesco Everyday Value Orange Marmalade 454G;£0.27;£0.06/100g;Jams, Sweet & Savoury Spreads;Jam & Marmalade;260;0.5;null;56.8;0.1;trace;0.5;null;
282337815;Robertsons Orange Marmalade Single/Est 340G;£1.50;£0.44/100g;Jams, Sweet & Savoury Spreads;Jam & Marmalade;1075 kJ 161 kJ;0.1;null;null;0.0;null;null;0.14;
265435496;Tesco Shredless Orange Marmalade 454G;£0.55;£0.12/100g;Jams, Sweet & Savoury Spreads;Jam & Marmalade;276;0.1;null;56.8;0.1;0.1;0.7;0.1;
254994954;Tiptree Tawny Orange Marmalade 454G;£2.19;£0.48/100g;Jams, Sweet & Savoury Spreads;Jam & Marmalade;null;null;null;null;null;null;null;null;
251736822;Tesco Finest Bitter Orange Marmalade 340G;£1.29;£0.38/100g;Jams, Sweet & Savoury Spreads;Jam & Marmalade;258;0.3;null;63.7;0.1;0.1;0.9;0.1;
254994948;Tiptree Orange Marmalade 454G;£2.09;£0.46/100g;Jams, Sweet & Savoury Spreads;Jam & Marmalade;null;null;null;null;null;null;null;null;
282337838;Robertsons Lemon Marmalade Single Estate 340G;£1.50;£0.44/100g;Jams, Sweet & Savoury Spreads;Jam & Marmalade;1073 kJ 161 kJ;0.0;null;null;0.0;null;null;0.1;
256023385;Robertsons Golden Shredless Marmalade 454G;£1.29;£0.28/100g;Jams, Sweet & Savoury Spreads;Jam & Marmalade;1077 kJ 162 kJ;0.1;null;null;0.0;null;null;0.20;
280447158;Bonne Maman Orange Marmalade Coarse Cut 370G;£1.72;£0.47/100g;Jams, Sweet & Savoury Spreads;Jam & Marmalade;null;0.4;null;null;0.1;null;1;0;
253320994;Roses Orange Fine Cut Marmalade 454G;£1.69;£0.37/100g;Jams, Sweet & Savoury Spreads;Jam & Marmalade;null;0.1;null;null;0.0;null;null;0.16;
254850330;Tesco Fine Cut Orange Marmalade 454G;£0.55;£0.12/100g;Jams, Sweet & Savoury Spreads;Jam & Marmalade;259;0.2;null;61.7;0.1;0.1;0.5;0.1;
253957102;Tiptree Old Times Orange Marmalade 454G;£2.19;£0.48/100g;Jams, Sweet & Savoury Spreads;Jam & Marmalade;null;null;null;null;null;null;null;null;
253355434;Tiptree Orange Marmalade 454G;£2.19;£0.48/100g;Jams, Sweet & Savoury Spreads;Jam & Marmalade;null;null;null;null;null;null;null;null;
251152280;Tiptree Orange And Tangerine Marmalade 454G;£2.19;£0.48/100g;Jams, Sweet & Savoury Spreads;Jam & Marmalade;null;null;null;null;null;null;null;null;
284831964;Lvf Seville Orange Thick Cut Marmalade 375G;£1.59;£0.42/100g;Jams, Sweet & Savoury Spreads;Jam & Marmalade;null;null;null;null;null;null;null;null;
254850347;Tesco Thick Cut Orange Marmalade 454G;£0.55;£0.12/100g;Jams, Sweet & Savoury Spreads;Jam & Marmalade;252;0.2;null;48.7;0.5;0.3;1.3;0.1;
271843872;Tiptree No Peel Marmalade 454G;£2.19;£0.48/100g;Jams, Sweet & Savoury Spreads;Jam & Marmalade;null;null;null;null;null;null;null;null;
261836337;Robertsons Golden Marmalade Shreddless 227G;£0.99;£0.44/100g;Jams, Sweet & Savoury Spreads;Jam & Marmalade;1077 kJ 162 kJ;0.1;null;null;0.0;null;null;0.20;
259402491;St Dalfour Thick Cut Orange Spread 284G;£1.99;£0.70/100g;Jams, Sweet & Savoury Spreads;Jam & Marmalade;211 ;0.6;null;null;0.1;null;1.6;null;
268424514;Mackays Three Fruit Marmalade 340G;£1.25;£0.37/100g;Jams, Sweet & Savoury Spreads;Jam & Marmalade;270;0.3;null;null;0;null;null;0;
272580224;Tesco Finest Orange Curd 320G;£1.69;£0.53/100g;Jams, Sweet & Savoury Spreads;Jam & Marmalade;348;2.9;null;58.8 (65% of NRV);9.0;5.9;0.2;0.3 (5% of NRV);
274454953;Tesco Lemon And Lime Marmalade 454G;£0.55;£0.12/100g;Jams, Sweet & Savoury Spreads;Jam & Marmalade;261;0.1;null;52.8;0.1;0.1;0.5;0.3;
251737124;Tesco Finest Three Fruit Marmalade 340G;£1.29;£0.38/100g;Jams, Sweet & Savoury Spreads;Jam & Marmalade;261;0.5;null;63.6;0.2;0.1;1.6;0.2;
254850543;Roses Lemon And Lime Marmalade 454G;£1.69;£0.37/100g;Jams, Sweet & Savoury Spreads;Jam & Marmalade;null;0.1;null;null;0.0;null;null;0.24;
265455303;Tesco Shredless Lemon Marmalade 454G;£0.55;£0.12/100g;Jams, Sweet & Savoury Spreads;Jam & Marmalade;272;0.1;null;60.1;0.1;0.1;0.2;0.1;
254850670;Robertsons Silver Shred Marmalade 454G;£1.29;£0.28/100g;Jams, Sweet & Savoury Spreads;Jam & Marmalade;1074 kJ 161 kJ;0.1;null;null;0.0;null;null;0.10;
272576057;Tesco Finest Lime Curd 320G;£1.69;£0.53/100g;Jams, Sweet & Savoury Spreads;Jam & Marmalade;345;2.8;null;55.9;9.9;6.6;0.2;0.3;
254850537;Roses Lime Marmalade 454G;£1.69;£0.37/100g;Jams, Sweet & Savoury Spreads;Jam & Marmalade;null;0.1;null;null;0.0;null;null;null;
253392458;Heinz Original Sandwich Spread 270G;£1.29;£0.48/100g;Jams, Sweet & Savoury Spreads;Savoury Spreads & Pastes;220;0.9;null;null;13.1;null;0.6;null;
260446685;Marmite Squeezy Yeast Extract 200G;£2.35;£1.18/100g;Jams, Sweet & Savoury Spreads;Savoury Spreads & Pastes;null;null;null;null;null;null;null;null;
276976038;Tesco Yeast Extract 225G;£1.89;£0.84/100g;Jams, Sweet & Savoury Spreads;Savoury Spreads & Pastes;229;38.7;null;0.4;0.1;0.1;0.5;null;
271526292;Shippams Classics Beef Spread 35G;£0.50;£1.43/100g;Jams, Sweet & Savoury Spreads;Savoury Spreads & Pastes;176;15.0;null;null;11.0;null;null;null;
254880991;Marmite Yeast Extract 250G;£2.35;£0.94/100g;Jams, Sweet & Savoury Spreads;Savoury Spreads & Pastes;null;null;null;null;null;null;null;null;
263007890;Princes Beef Paste 75G;£0.69;£0.92/100g;Jams, Sweet & Savoury Spreads;Savoury Spreads & Pastes;201;15.8;null;null;12.8;null;null;null;
255075883;Patum Peperium Spiced Anchovy Relish 42.5G;£1.59;£3.75/100g;Jams, Sweet & Savoury Spreads;Savoury Spreads & Pastes;null;null;null;null;null;null;null;null;
263013202;Kraft Vegemite Yeast Extract 220G;£1.97;£0.90/100g;Jams, Sweet & Savoury Spreads;Savoury Spreads & Pastes;179 ;24.5;null;null;0.7;null;0;8.75;
261149511;Heinz Sandwich Spread Light 270G;£1.29;£0.48/100g;Jams, Sweet & Savoury Spreads;Savoury Spreads & Pastes;161;1.1;null;null;9.2;null;0.9;null;
274377451;Princes Ham And Beef Paste 75G;£0.69;£0.92/100g;Jams, Sweet & Savoury Spreads;Savoury Spreads & Pastes;177;15.2;null;null;10.8;null;null;null;
254620706;Shippams Beef Spread 75G;£0.79;£1.06/100g;Jams, Sweet & Savoury Spreads;Savoury Spreads & Pastes;176;15.0;null;null;11.0;null;null;null;
254174554;Princes Chicken And Ham Paste 75G;£0.69;£0.92/100g;Jams, Sweet & Savoury Spreads;Savoury Spreads & Pastes;220;14.5;null;null;15.9;null;null;null;
263007832;Princes Chicken And Stuffing Paste 75G;£0.69;£0.92/100g;Jams, Sweet & Savoury Spreads;Savoury Spreads & Pastes;198;13.9;3.6;null;14.2;null;null;null;
254880962;Marmite Yeast Extract 125G;£1.65;£1.32/100g;Jams, Sweet & Savoury Spreads;Savoury Spreads & Pastes;null;null;null;null;null;null;null;null;
271620393;Princes Chicken Paste 75G;£0.69;£0.92/100g;Jams, Sweet & Savoury Spreads;Savoury Spreads & Pastes;137;15.4;null;null;7.2;null;null;null;
284831889;Shippams Gourmet Chicken And Bacon 75G;£0.89;£1.19/100g;Jams, Sweet & Savoury Spreads;Savoury Spreads & Pastes;145;11.6;null;null;9.6;null;2.6;0.88;
262378566;Marmite Squeezy Yeast Extract 400G;£4.65;£1.17/100g;Jams, Sweet & Savoury Spreads;Savoury Spreads & Pastes;null;null;null;null;null;null;null;null;
254881022;Marmite Yeast Extract 500G;£3.75;£0.75/100g;Jams, Sweet & Savoury Spreads;Savoury Spreads & Pastes;null;null;null;null;null;null;null;null;
271526418;Shippams Classics Chicken Spread 35G;£0.50;£1.43/100g;Jams, Sweet & Savoury Spreads;Savoury Spreads & Pastes;154;16.1;null;null;8.6;null;null;null;
254620666;Shippams Chicken Spread 75G;£0.79;£1.06/100g;Jams, Sweet & Savoury Spreads;Savoury Spreads & Pastes;154;16.1;null;null;8.6;null;null;null;
254851565;Tesco Beef Paste 75G;£0.45;£0.60/100g;Jams, Sweet & Savoury Spreads;Savoury Spreads & Pastes;227;15.9;null;0.1;17.5;6.6;2.0;1.1;
250329436;Tesco Everyday Value Chicken Paste 75G;£0.25;£0.33/100g;Jams, Sweet & Savoury Spreads;Savoury Spreads & Pastes;190;13.4;null;0.1;13.8;3.7;1.9;1.0;
254851588;Tesco Tuna/Mayonnaise Paste 75G;£0.45;£0.60/100g;Jams, Sweet & Savoury Spreads;Savoury Spreads & Pastes;222;16.6;null;0.3;16.2;1.5;1.6;1.1;
271526706;Shippams Classics Crab Spread 35G;£0.50;£1.43/100g;Jams, Sweet & Savoury Spreads;Savoury Spreads & Pastes;null;null;null;null;null;null;null;null;
254851594;Tesco Crab Paste 75G;£0.45;£0.60/100g;Jams, Sweet & Savoury Spreads;Savoury Spreads & Pastes;122;15.2;null;0.4;4.9;1.5;2.8;1.3;
271526504;Shippams Classics Salmon Spread 35G;£0.50;£1.43/100g;Jams, Sweet & Savoury Spreads;Savoury Spreads & Pastes;210;12.0;null;null;14.7;null;null;null;
271412173;Tesco Salmon Paste 75G;£0.45;£0.60/100g;Jams, Sweet & Savoury Spreads;Savoury Spreads & Pastes;198;12.0;null;0.6;13.5;2.9;0.8;1.2;
254851571;Tesco Chicken And Ham Paste 75G;£0.45;£0.60/100g;Jams, Sweet & Savoury Spreads;Savoury Spreads & Pastes;222;12.8;null;0.1;17.0;5.0;1.9;0.9;
250331110;Tesco Everyday Value Salmon Paste 75G;£0.25;£0.33/100g;Jams, Sweet & Savoury Spreads;Savoury Spreads & Pastes;165;12.3;null;1.1;10.3;2.3;1.6;1.0;
254620712;Shippams Salmon Spread 75G;£0.79;£1.06/100g;Jams, Sweet & Savoury Spreads;Savoury Spreads & Pastes;210;12.0;null;null;14.7;null;null;null;
284831843;Shippams Gourmet Tuna And Sweetcorn 75G;£0.89;£1.19/100g;Jams, Sweet & Savoury Spreads;Savoury Spreads & Pastes;108;12.4;null;null;4.0;null;1.6;0.75;
254174519;Princes Sardine And Tomato Paste 75G;£0.69;£0.92/100g;Jams, Sweet & Savoury Spreads;Savoury Spreads & Pastes;140;14.4;null;null;6.4;null;2.6;null;
263007918;Princes Salmon Paste 75G;£0.69;£0.92/100g;Jams, Sweet & Savoury Spreads;Savoury Spreads & Pastes;205;12.6;null;null;14.1;null;2.8;null;
254851605;Tesco Chicken Paste 75G;£0.45;£0.60/100g;Jams, Sweet & Savoury Spreads;Savoury Spreads & Pastes;190;13.5;null;0.1;13.7;3.6;1.7;1.0;
258014992;Tesco Ham And Beef Paste 75G;£0.45;£0.60/100g;Jams, Sweet & Savoury Spreads;Savoury Spreads & Pastes;220;15.4;null;0.3;16.5;11.4;2.3;1.1;
264613654;Shippams Gourmet Smoked Salmon And Cream Cheese 75G;£0.89;£1.19/100g;Jams, Sweet & Savoury Spreads;Savoury Spreads & Pastes;190;9.9;null;null;14.1;null;1.3;0.73;
254625603;Shippams Crab Spread 75G;£0.79;£1.06/100g;Jams, Sweet & Savoury Spreads;Savoury Spreads & Pastes;152;12.6;null;null;7.1;null;null;null;
254174289;Princes Tuna And Mayonnaise Paste 75G;£0.69;£0.92/100g;Jams, Sweet & Savoury Spreads;Savoury Spreads & Pastes;218;15.1;null;null;15.4;null;2.4;null;
254851542;Tesco Sardine And Tomato Paste 75G;£0.45;£0.60/100g;Jams, Sweet & Savoury Spreads;Savoury Spreads & Pastes;133;13.8;null;1.5;5.4;1.6;0.7;1.3;
250329488;Tesco Everyday Value Ham And Beef Paste 75G;£0.25;£0.33/100g;Jams, Sweet & Savoury Spreads;Savoury Spreads & Pastes;225;13.7;null;0.1;18.0;6.6;3.1;1.4;
284847963;Meridian Peanut Butter Crunchy 100% Nuts 280G;£1.99;£0.71/100g;Jams, Sweet & Savoury Spreads;Sweet Spreads;596 ;29.6;null;null;46.0;null;8.5;0.0;
279723529;Sun-Pat Choc-A-Nut Peanut Spread 340G;£2.25;£0.66/100g;Jams, Sweet & Savoury Spreads;Sweet Spreads;562;16.9;33.7;null;38.6;null;null;0.3;
279723748;Sun-Pat No Added Sugar Peanut Butter 340G;£1.79;£0.53/100g;Jams, Sweet & Savoury Spreads;Sweet Spreads;616;25.1;13.6;null;49.7;null;null;1.2;
278214621;Duerr's Smooth Peanut Butter 340G;£1.99;£0.59/100g;Jams, Sweet & Savoury Spreads;Sweet Spreads;2593kj;26.9;null;null;58.2;null;null;null;
279723351;Sun-Pat Smooth Peanut Butter 600G;£2.99;£0.50/100g;Jams, Sweet & Savoury Spreads;Sweet Spreads;608;25.0;15.2;null;48.2;null;null;1.2;
264961696;Whole Earth Organic Crunchy Peanut Butter 340G;£2.68;£0.59/100g;Jams, Sweet & Savoury Spreads;Sweet Spreads;2470 kJ -;27.3;null;null;46.0;null;7.3;1.0;
250792306;Tesco Everyday Value Crunchy Peanut Butter 340G;£0.62;£0.18/100g;Jams, Sweet & Savoury Spreads;Sweet Spreads;678;26.4;null;3.6;59.9;10.8;5.0;0.7;
263010303;Peanut Butter&Co Crunchy Peanut Butter 340G;£2.49;£0.73/100g;Jams, Sweet & Savoury Spreads;Sweet Spreads;795 kJ 2486 kJ - - -;8;null;null;16;null;2;0.1;
284862302;Sun Pat Crunchy No Added Sugar Peanut Spread 340G;£1.79;£0.53/100g;Jams, Sweet & Savoury Spreads;Sweet Spreads;613;25.6;13.8;null;49.1;null;null;0.9;
284847836;Meridian Peanut Butter Smooth 100% Nuts 280G;£1.99;£0.71/100g;Jams, Sweet & Savoury Spreads;Sweet Spreads;596 ;29.6;null;null;46.0;null;8.5;0.0;
278215326;Duerr's Crunchy Peanut Butter 340G;£1.99;£0.59/100g;Jams, Sweet & Savoury Spreads;Sweet Spreads;2753kj;27.4;null;null;58.5;null;null;null;
285925132;Whole Earth Smooth Peanut Butter Sunflower Seed 340G;£2.99;£0.88/100g;Jams, Sweet & Savoury Spreads;Sweet Spreads;2374kJ -;23.5;null;null;47.8;null;6.1;1.5;
259433808;Sunpat Peanut Butter Crunchy 454G;£1.80;£0.40/100g;Jams, Sweet & Savoury Spreads;Sweet Spreads;609;25.3;15.1;null;48.2;null;null;1.0;
275503756;Whole Earth No Added Sugar Crunchy Peanut Butter 454G;£3.19;£1.41/100g;Jams, Sweet & Savoury Spreads;Sweet Spreads;2660 kJ -;27.7;null;null;54.3;null;6.7;1.1;
285925253;Whole Earth Smooth Peanut Butter Mixed Seeds 340G;£2.99;£0.88/100g;Jams, Sweet & Savoury Spreads;Sweet Spreads;2356kJ -;23.8;null;null;47.4;null;7.1;1.6;
264769567;Tesco Crunchy Peanut Butter 340G;£1.30;£0.38/100g;Jams, Sweet & Savoury Spreads;Sweet Spreads;663;27.2;null;2.3;57.8;10.8;6.7;0.7;
263010326;Peanut Butter&Co Smooth Peanut Butter 340G;£2.49;£0.73/100g;Jams, Sweet & Savoury Spreads;Sweet Spreads;795 kJ 2486 kJ - - -;8;null;null;16;null;2;0.1;
264604694;Tesco Crunchy Peanut Butter 700G;£2.35;£0.34/100g;Jams, Sweet & Savoury Spreads;Sweet Spreads;663;27.2;null;2.3;57.8;10.8;6.7;0.7;
279723604;Sun-Pat Crunchy Peanut Butter 600G;£2.99;£0.50/100g;Jams, Sweet & Savoury Spreads;Sweet Spreads;609;25.3;15.1;null;48.2;null;null;1.0;
255161153;Tesco Wholenut Peanut Butter 340G;£1.30;£0.38/100g;Jams, Sweet & Savoury Spreads;Sweet Spreads;626;25.9;null;3.2;51.7;8.3;8.7;0.6;
271390744;Tesco Honey Roast Crunchy Peanut Butter 340G;£1.30;£0.38/100g;Jams, Sweet & Savoury Spreads;Sweet Spreads;643;26.4;null;8.4;53.7;9.5;4.9;0.8;
264604671;Tesco Smooth Peanut Butter 700G;£2.35;£0.34/100g;Jams, Sweet & Savoury Spreads;Sweet Spreads;672;26.4;null;1.9;58.8;11.3;4.4;1.0;
264769626;Tesco Smooth Peanut Butter 340G;£1.30;£0.38/100g;Jams, Sweet & Savoury Spreads;Sweet Spreads;672;26.4;null;1.9;58.8;11.3;4.4;1.0;
268420524;Meridian Almond Butter 170G;£2.39;£1.41/100g;Jams, Sweet & Savoury Spreads;Sweet Spreads;650 ;25.3;null;null;55.5;null;11.7;0.5;
275504064;Whole Earth Smooth Peanut Butter 454G;£3.19;£1.41/100g;Jams, Sweet & Savoury Spreads;Sweet Spreads;2673 kJ;26.3;null;null;54.5;null;6.5;1.0;
281928141;Lotus Biscuit Spread Crunchy 380G;£2.25;£0.59/100g;Jams, Sweet & Savoury Spreads;Sweet Spreads;572 ;3,4;null;null;35,7;null;0,9;0,62;
284831630;Peanut Butter And Co Chocolate Dream 340G;£2.49;£0.73/100g;Jams, Sweet & Savoury Spreads;Sweet Spreads;712 kJ 2224 kJ - - -;6;null;null;13;null;2;0.1;
259802530;Nutella Hazelnut Chocolate Spread 200G;£1.35;£0.68/100g;Jams, Sweet & Savoury Spreads;Sweet Spreads;null;null;null;null;null;null;null;null;
264987406;Whole Earth Organic Smooth Peanut Butter 340G;£2.68;£0.59/100g;Jams, Sweet & Savoury Spreads;Sweet Spreads;2600 kJ -;25.6;null;null;51.2;null;4.9;0.9;
284847669;Maltesers Teasers Chocolate Spread 200G;£2.00;£1.00/100g;Jams, Sweet & Savoury Spreads;Sweet Spreads;2258kJ 452kJ (5%);4.9;null;null;31.3;null;null;0.25;
284847592;Milkyway Chocolate Spread 225G;£2.00;£0.89/100g;Jams, Sweet & Savoury Spreads;Sweet Spreads;2330kJ 350kJ (4%);3.6;null;null;35.1;null;null;0.18;
284862679;Sun Pat Rich Roast Peanut Spread 340G;£2.25;£0.66/100g;Jams, Sweet & Savoury Spreads;Sweet Spreads;621;23.7;14.0;null;50.8;null;null;0.9;
268420553;Meridian Cashew Butter 170G;£2.39;£1.41/100g;Jams, Sweet & Savoury Spreads;Sweet Spreads;628;20.6;null;null;51.26;null;4.3;0.0;
284847358;Galaxy Hazelnut Chocolate Spread 225G;£2.00;£0.89/100g;Jams, Sweet & Savoury Spreads;Sweet Spreads;2307kJ 346kJ (4%);2.7;null;null;34.1;null;null;0.13;
281928072;Lotus Biscuit Spread Smooth 400G;£2.25;£0.56/100g;Jams, Sweet & Savoury Spreads;Sweet Spreads;590 ;2,8;null;null;39,2;null;0,8;0,53;
259433753;Sunpat Peanut Butter Smooth 454G;£1.80;£0.40/100g;Jams, Sweet & Savoury Spreads;Sweet Spreads;608;25.0;15.2;null;48.2;null;null;1.2;
254959415;Nutella Hazelnut Chocolate Spread 400G;£1.98;£0.50/100g;Jams, Sweet & Savoury Spreads;Sweet Spreads;null;null;null;null;null;null;null;null;
251624367;Tesco Reduced Fat Peanut Butter 340G;£1.30;£0.38/100g;Jams, Sweet & Savoury Spreads;Sweet Spreads;570;18.4;null;8.8;37.9;7.2;3.6;0.4;
261300276;;null;null;Jams, Sweet & Savoury Spreads;Sweet Spreads;null;null;null;null;null;null;null;null;
284848311;Whole Earth 3 Nut Butter 227G;£3.19;£1.41/100g;Jams, Sweet & Savoury Spreads;Sweet Spreads;2476kJ;19.3;null;null;53.1;null;5.4;1.7;
284754335;Tesco Bourbon Biscuit Spread 400G;£1.99;£0.50/100g;Jams, Sweet & Savoury Spreads;Sweet Spreads;592;3.0;null;37.0;40.0;9.6;1.9;0.1;
271599170;Tesco White Chocolate Spread 400G;£1.50;£0.38/100g;Jams, Sweet & Savoury Spreads;Sweet Spreads;575;3.6;null;57.0;37.0;9.9;0;0.2;
282917832;Tesco Finest Crunchy Hazelnut Choco Spread 200G;£1.69;£0.85/100g;Jams, Sweet & Savoury Spreads;Sweet Spreads;588;4.7;null;48.7;40.2;5.4;2.1;0.1;
284754442;Tesco Chocolate Chip Cookie Spread 400G;£1.99;£0.50/100g;Jams, Sweet & Savoury Spreads;Sweet Spreads;571;3.3;null;35.0;38.0;11.0;1.7;0.2;
284997485;Gales Lemon Curd 410G;£1.20;£0.29/100g;Jams, Sweet & Savoury Spreads;Sweet Spreads;1235 kJ -;0.8;null;null;4.9;null;null;0.10;
284754252;Tesco Custard Cream Spread 400G;null;null;Jams, Sweet & Savoury Spreads;Sweet Spreads;591;3.4;null;34.0;40.0;9.8;0.9;0.4;
282917740;Tesco Finest 30% Dark Chocolate Spread 200G;£1.69;£0.85/100g;Jams, Sweet & Savoury Spreads;Sweet Spreads;588;7.7;null;28.9;44.4;7.1;9.0;0.1;
274417687;Tesco Chocolate And Orange Spread 400G;£1.50;£0.38/100g;Jams, Sweet & Savoury Spreads;Sweet Spreads;563;2.4;null;59.0;35.0;7.5;1.3;0.1;
250838346;Nutella Hazelnut Chocolate Spread 750G;£3.49;£0.47/100g;Jams, Sweet & Savoury Spreads;Sweet Spreads;null;null;null;null;null;null;null;null;
251170920;Tesco Chocolate Spread 400G;£1.50;£0.38/100g;Jams, Sweet & Savoury Spreads;Sweet Spreads;563;2.4;null;59.0;35.0;7.5;1.3;0.1;
282917999;Tesco Finest Salted Caramel And Chocolate Spread 200G;£1.69;£0.85/100g;Jams, Sweet & Savoury Spreads;Sweet Spreads;580;2.4;null;55.7;38.0;6.6;1.6;0.2;
274372272;Tesco Chocolate Caramel Swirl Spread 400G;£1.50;£0.38/100g;Jams, Sweet & Savoury Spreads;Sweet Spreads;583;1.8;null;57.0;38.0;9.5;0.8;1.0;
266364426;Tesco Finest Lemon Curd 320G;£1.69;£0.53/100g;Jams, Sweet & Savoury Spreads;Sweet Spreads;335;2.6;null;60.0 (67% of NRV);9.2;5.9;0.2;0.3 (5% of NRV);
264868398;Tesco Hazlenut Chocolate Spread 400G;£1.50;£0.38/100g;Jams, Sweet & Savoury Spreads;Sweet Spreads;551;5.7;null;53.0;34.0;6.9;2.9;0.1;
274828546;Tesco Everyday Value Chocolate Spread 400G;£0.80;£0.20/100g;Jams, Sweet & Savoury Spreads;Sweet Spreads;563;2.5;null;55.0;36.0;8.3;2.6;0.1;
250796481;Tesco Everyday Value Lemon Curd 411G;£0.22;£0.05/100g;Jams, Sweet & Savoury Spreads;Sweet Spreads;296;0.8;null;51.7;5.7;2.7;0.5;0.2;
284754393;Tesco Cookies And Cream Spread 400G;£1.99;£0.50/100g;Jams, Sweet & Savoury Spreads;Sweet Spreads;573;3.7;null;48.0;38.0;9.8;0;0.5;
272576057;Tesco Finest Lime Curd 320G;£1.69;£0.53/100g;Jams, Sweet & Savoury Spreads;Sweet Spreads;345;2.8;null;55.9;9.9;6.6;0.2;0.3;
271390675;Tesco Chocolate Duo Spread 400G;£1.50;£0.38/100g;Jams, Sweet & Savoury Spreads;Sweet Spreads;573;1.5;null;59.0;36.0;9.5;1.3;0.1;
282917901;Tesco Finest Smooth Almond Chocolate Spread 200G;£1.69;£0.85/100g;Jams, Sweet & Savoury Spreads;Sweet Spreads;593;9.7;null;38.3;43.1;7.2;5.9;0.5;
266677626;Durkee Marshmallow Fluff Strawberry 213G;£1.99;£0.93/100g;Jams, Sweet & Savoury Spreads;Sweet Spreads;1382 kJ 166 kJ;1.0;null;null;0.3;null;null;0.1;
284980994;Tiptree Passion Fruit Curd 312G;£2.69;£0.86/100g;Jams, Sweet & Savoury Spreads;Sweet Spreads;null;null;null;null;null;null;null;null;
272580224;Tesco Finest Orange Curd 320G;£1.69;£0.53/100g;Jams, Sweet & Savoury Spreads;Sweet Spreads;348;2.9;null;58.8 (65% of NRV);9.0;5.9;0.2;0.3 (5% of NRV);
254851398;Tesco Lemon Curd 411G;£0.60;£0.15/100g;Jams, Sweet & Savoury Spreads;Sweet Spreads;294;0.8;null;53.5;4.9;1.8;0.5;0.3;
274906045;Fluff Marshmallow Spread 213G;£2.00;£0.94/100g;Jams, Sweet & Savoury Spreads;Sweet Spreads;1382 kJ 166 kJ;1.0;null;null;0.3;null;null;0.1;
257902812;Foxs Glacier Mints 200G;£1.29;£0.43/100g;Sweets, Mints & Chewing Gum;Boiled Sweets;null;0.0;null;null;0.1;null;0.0;null;
273089079;Tesco Everyday Value Clear Mints 160G;£0.35;£0.22/100g;Sweets, Mints & Chewing Gum;Boiled Sweets;393;0.1;null;67.4;0.3;0.2;0.5;0.1;
281182388;Tesco Sugar Free Buttermints;£0.66;£0.83/100g;Sweets, Mints & Chewing Gum;Boiled Sweets;285;1.0;null;0.5;6.9;3.8;0.1;0.5 (8% of NRV);
268379158;Tesco Mint Humbugs 200G;£0.89;£0.45/100g;Sweets, Mints & Chewing Gum;Boiled Sweets;409;0.3;null;66.3;4.4;2.1;0.5;0.2;
267673940;Tesco Sweet Shop Chocolate Limes 200G;£0.89;£0.45/100g;Sweets, Mints & Chewing Gum;Boiled Sweets;409;0.5;null;62.8;2.4;1.3;0.7;0.1;
268378378;Tesco Butter Mintoes 200G;£0.89;£0.45/100g;Sweets, Mints & Chewing Gum;Boiled Sweets;418;0.1;null;56.1;8.2;5.1;0.7;1.0;
254962520;Fox's Glacier Fruits 200G;£1.29;£0.65/100g;Sweets, Mints & Chewing Gum;Boiled Sweets;null;Trace;null;null;0.1;null;0.0;null;
266632962;Tesco Rhubarb And Custard Sweets 200G;£0.89;£0.45/100g;Sweets, Mints & Chewing Gum;Boiled Sweets;392;0.1;null;75.2;0.3;0.2;0.5;0.1;
268378551;Tesco Sweet Shop Cough Candy 200G;£0.89;£0.45/100g;Sweets, Mints & Chewing Gum;Boiled Sweets;395;0.1;null;65.4;0.9;0.5;0.5;0.1;
261346116;Tesco Sweet Shop Lemon Sherbets 200G;£0.89;£0.45/100g;Sweets, Mints & Chewing Gum;Boiled Sweets;390;0.1;null;69.2;0.1;0.1;0.5;0.1;
255681522;Tesco Fruit Drops 250G;£0.89;£0.36/100g;Sweets, Mints & Chewing Gum;Boiled Sweets;385;0.1;null;67.6;0.7;0.3;0.5;0.3;
274038185;Tesco Mint Imperials 200G;£0.89;£0.45/100g;Sweets, Mints & Chewing Gum;Boiled Sweets;413;0.2;null;96.3;3.0;2.6;0;0.1;
281182463;Tesco Sugar Free Humbugs;£0.66;£0.83/100g;Sweets, Mints & Chewing Gum;Boiled Sweets;259;0.7;null;0.5;2.7;1.4;0.1;0.1 (2% of NRV);
266632651;Tesco Pear Drops 200G;£0.89;£0.45/100g;Sweets, Mints & Chewing Gum;Boiled Sweets;394;0.1;null;70.0;0.2;0.1;0.5;0.1;
268379626;Tesco Mint Assortment 200G;£0.89;£0.45/100g;Sweets, Mints & Chewing Gum;Boiled Sweets;415;0.4;null;60.8;6.6;3.3;0.5;0.5;
281182273;Tesco Healthy Living Lemon Sherbets 80G;£0.66;£0.83/100g;Sweets, Mints & Chewing Gum;Boiled Sweets;261;0.1;null;0.1;4.3;2.0;0.5;0.8 (13% of NRV);
252934897;Wrigleys Extra Cool Breeze Gum 5 Pack;£1.57;£0.31/each;Sweets, Mints & Chewing Gum;Chewing Gum;158 ;0;null;null;0;null;null;0;
277959207;Mentos Pure Fresh Peppermint Gum 5 Pack;£1.49;£0.30/each;Sweets, Mints & Chewing Gum;Chewing Gum;166 ;0;null;null;0;null;null;0;
257307100;Extra Spearmint Gum 5 Pack;£1.57;£0.31/each;Sweets, Mints & Chewing Gum;Chewing Gum;153 ;0;null;null;0;null;null;0;
284513903;Ricola Mountain Mint Sugar Free Sweet;£1.39;£1.39/each;Sweets, Mints & Chewing Gum;Chewing Gum;null;0;98;null;0;null;null;0;
282394775;Chupa Chups Cottoncndy Tutti Frutti Gum 11G;£0.40;£3.64/100g;Sweets, Mints & Chewing Gum;Chewing Gum;null;null;null;null;null;null;null;null;
276579024;Extra White Gum Bottle 46 Pieces;£2.49;£0.05/each;Sweets, Mints & Chewing Gum;Chewing Gum;150 ;0;null;null;0;null;null;0.05;
279832890;Bazooka Bubble Gum Chunks 6Pkx6g;£0.35;£0.97/100g;Sweets, Mints & Chewing Gum;Chewing Gum;300;0;null;null;0;null;null;null;
257306907;Extra Peppermint Gum 5 Pack;£1.57;£0.31/each;Sweets, Mints & Chewing Gum;Chewing Gum;150 ;0;null;null;0;null;null;0;
282372536;Wrigley Extra Bubblemint Gum 5 Pack;£1.57;£0.31/each;Sweets, Mints & Chewing Gum;Chewing Gum;144 ;0;null;null;0;null;null;0.05;
276578694;Airwaves Menthol And Eucalyptus Gum Bottle 46 Pieces;£2.49;£0.05/each;Sweets, Mints & Chewing Gum;Chewing Gum;146 ;0;null;null;0;null;null;0;
262428905;Airwaves Black Mint Gum 5 Pack;£1.89;£0.38/each;Sweets, Mints & Chewing Gum;Chewing Gum;143 ;0;null;null;0;null;null;0;
257306815;Airwaves Menthol And Eucalyptus Gum 5 Pack;£1.89;£0.38/each;Sweets, Mints & Chewing Gum;Chewing Gum;144 ;0;null;null;0;null;null;0;
282394723;Chupa Chups Babol Tutti Frutti Bubblegum;£0.35;£1.27/100g;Sweets, Mints & Chewing Gum;Chewing Gum;null;null;null;null;null;null;null;null;
287912023;Extra Soft Peppermint 3 Pack 74.6G;£2.60;£3.49/100g;Sweets, Mints & Chewing Gum;Chewing Gum;154 ;0;null;null;0;null;null;0;
279783394;Wrigley Extra Bottle Spearmint 60Pce;£2.00;£0.03/each;Sweets, Mints & Chewing Gum;Chewing Gum;153 ;0;null;null;0;null;null;0;
282371451;Wrigley Extra Bubblemint Gum Bottle 46 Pieces;£2.49;£0.05/each;Sweets, Mints & Chewing Gum;Chewing Gum;144 ;0;null;null;0;null;null;0.05;
268044641;Wrigleys Extra White Gum 5 Pack;£1.57;£0.31/each;Sweets, Mints & Chewing Gum;Chewing Gum;150 ;0;null;null;0;null;null;0.05;
279782677;Wrigleys Extra Peppermint Gum Bottle 60 Pieces;£2.00;£0.03/each;Sweets, Mints & Chewing Gum;Chewing Gum;150 ;0;null;null;0;null;null;0;
277959374;Mentos Pure Fresh Spearmint Gum 5 Pack;£1.49;£0.30/each;Sweets, Mints & Chewing Gum;Chewing Gum;168 ;0;null;null;0;null;null;0;
268044848;Wrigleys Extra Ice Peppermint Gum 5 Pack;£1.57;£0.31/each;Sweets, Mints & Chewing Gum;Chewing Gum;143 ;0;null;null;0;null;null;0;
285103615;5 Pulse 7 Sticks;£0.59;£0.08/each;Sweets, Mints & Chewing Gum;Chewing Gum;160 ;0;null;null;0;null;null;0;
259907026;Extra Spearmint Gum 10 Pieces;£0.41;£0.04/each;Sweets, Mints & Chewing Gum;Chewing Gum;153 ;0;null;null;0;null;null;0;
277491120;Extra White Bubblemint Gum 10 Pieces;£0.46;£0.05/each;Sweets, Mints & Chewing Gum;Chewing Gum;150 ;0;null;null;0;null;null;0.05;
255051237;Extra Ice Peppermint Gum 10 Pieces;£0.46;£0.05/each;Sweets, Mints & Chewing Gum;Chewing Gum;143 ;0;null;null;0;null;null;0;
271493749;Extra Strawberry Gum 10 Pieces;£0.41;£0.04/each;Sweets, Mints & Chewing Gum;Chewing Gum;172 ;0;null;null;0;null;null;0;
257620932;Extra Spearmint Gum 25 Pieces;£0.99;£0.04/each;Sweets, Mints & Chewing Gum;Chewing Gum;153 ;0;null;null;0;null;null;0;
253747627;Airwaves Menthol And Eucalyptus Gum 10 Pieces;£0.42;£0.04/each;Sweets, Mints & Chewing Gum;Chewing Gum;144 ;0;null;null;0;null;null;0;
273599057;Airwaves Blackcurrant Gum 10 Pieces;£0.42;£0.04/each;Sweets, Mints & Chewing Gum;Chewing Gum;153 ;0;null;null;0;null;null;0;
251890252;Extra Cool Breeze Gum 10 Pieces;£0.41;£0.04/each;Sweets, Mints & Chewing Gum;Chewing Gum;158 ;0;null;null;0;null;null;0;
258532286;Extra Peppermint Mints 16 Pieces;£0.42;£0.03/each;Sweets, Mints & Chewing Gum;Chewing Gum;244 ;0;null;null;1.2;null;null;0;
285420297;Tubble Gum 35G;£0.89;£2.55/100g;Sweets, Mints & Chewing Gum;Chewing Gum;null;null;null;null;null;null;null;null;
257620961;Extra Cool Breeze Gum 25 Pieces;£0.99;£0.04/each;Sweets, Mints & Chewing Gum;Chewing Gum;158 ;0;null;null;0;null;null;0;
253222897;Extra Peppermint Gum 25 Pieces;null;null;Sweets, Mints & Chewing Gum;Chewing Gum;150 ;0;null;null;0;null;null;0;
285103650;5 Glare 7 Sticks;£0.59;£0.08/each;Sweets, Mints & Chewing Gum;Chewing Gum;166 ;0;null;null;0;null;null;0;
276578475;5 Turbulence 7 Stick;£0.59;£0.08/each;Sweets, Mints & Chewing Gum;Chewing Gum;157 ;0;null;null;0;null;null;0;
255626324;Extra Peppermint Gum 10 Pieces;£0.41;£0.04/each;Sweets, Mints & Chewing Gum;Chewing Gum;150 ;0;null;null;0;null;null;0;
268044497;Extra White Peppermint Gum 10 Pieces;£0.41;£0.04/each;Sweets, Mints & Chewing Gum;Chewing Gum;150;0;null;null;0;null;null;0.05;
287910503;Extra Strawberry Soft Chew Single;£0.92;£3.61/100g;Sweets, Mints & Chewing Gum;Chewing Gum;158 ;0;null;null;0;null;null;0;
271132285;Mentos Fruity Fresh 3 Layers Gum 16G;£0.59;£3.69/100g;Sweets, Mints & Chewing Gum;Chewing Gum;147 ;0.3;null;null;1.1;null;1;null;
287910889;Extra New Gen Bubblegum Single;£0.92;£3.66/100g;Sweets, Mints & Chewing Gum;Chewing Gum;154 ;0;null;null;0;null;null;0;
261667364;Trident Splash Strawberry &Lime 9 Pieces;£0.50;£0.06/each;Sweets, Mints & Chewing Gum;Chewing Gum;null;null;null;null;null;null;null;null;
261667940;Trident Tropical Twist Sugar Free Gum 14 Pieces;£0.50;£0.04/each;Sweets, Mints & Chewing Gum;Chewing Gum;173;0.5;null;null;3.1;null;null;0.03;
278353012;Wrigleys Spearmint 7 Sticks;£0.39;£0.06/each;Sweets, Mints & Chewing Gum;Chewing Gum;null;null;null;null;null;null;null;null;
262627952;Extra Ice Spearmint Mints 33 Pieces;£1.05;£0.03/each;Sweets, Mints & Chewing Gum;Chewing Gum;237 ;0;null;null;0.8;null;0;null;
262632866;Extra Ice Peppermint Mints 33 Pieces;£1.05;£0.03/each;Sweets, Mints & Chewing Gum;Chewing Gum;241 ;0;null;null;0.8;null;null;0;
282372381;Wrigleys Extra Ice Citrus Gum 10 Pieces;£0.46;£0.05/each;Sweets, Mints & Chewing Gum;Chewing Gum;163 ;0;null;null;0;null;null;0.68;
256389510;Wrigleys Airwave Cherry Menthol 10 Pellets;£0.42;£0.04/each;Sweets, Mints & Chewing Gum;Chewing Gum;146 ;0;null;null;0;null;null;0;
260528053;Wrigleys Juicy Fruit 33G 10 Sticks;£0.39;£1.19/100g;Sweets, Mints & Chewing Gum;Chewing Gum;null;null;null;null;null;null;null;null;
260391028;Wrigleys Hubba Bubba Triple Tape;£0.89;£0.89/each;Sweets, Mints & Chewing Gum;Chewing Gum;null;null;null;null;null;null;null;null;
278361048;Wrigley's Doublemint 7 Stick;£0.39;£0.06/each;Sweets, Mints & Chewing Gum;Chewing Gum;null;null;null;null;null;null;null;null;
260272043;Wrigley Airwaves Black Mint Gum 10 Pellets;£0.42;£0.04/each;Sweets, Mints & Chewing Gum;Chewing Gum;143 ;0 );null;null;0;null;null;0;
277944991;Fruittella Summer Fruits Bag 150G;£1.00;£0.67/100g;Sweets, Mints & Chewing Gum;Chewy Sweets;400 ;0.8;null;null;6.8;null;null;0.03;
268549506;Fruittella Duo Stix Bag 150G;£1.00;£0.67/100g;Sweets, Mints & Chewing Gum;Chewy Sweets;400 ;0,8;null;null;6,8;null;null;0,03;
271354212;Skittles Crazy Sours Pouch 174G;£0.97;£0.56/100g;Sweets, Mints & Chewing Gum;Chewy Sweets;1688 kJ 760 kJ (9%);0;null;null;4.2;null;null;0.03;
282595007;Maoam Minis 10 Pack;£1.00;£0.10/each;Sweets, Mints & Chewing Gum;Chewy Sweets;null;null;null;null;null;null;null;null;
275596472;Haribo Maoam Pinballs 200G;£1.00;£0.50/100g;Sweets, Mints & Chewing Gum;Chewy Sweets;null;null;null;null;null;null;null;null;
254097403;Skittles Fruits 174G Bag;£0.97;£0.56/100g;Sweets, Mints & Chewing Gum;Chewy Sweets;1712 kJ 770 kJ (9%);0;null;null;4.2;null;null;0.03;
284513955;Haribo Maoam Sour Stripes 200G;£1.00;£0.50/100g;Sweets, Mints & Chewing Gum;Chewy Sweets;null;null;null;null;null;null;null;null;
284181528;Tesco Rainbow Fruits Chewy Sweets 200G;£0.89;£0.45/100g;Sweets, Mints & Chewing Gum;Chewy Sweets;391;0.1;null;74.2;3.5;1.6;1.3;0.2;
274649429;Haribo Maoam Joystixx 215G;£1.00;£0.47/100g;Sweets, Mints & Chewing Gum;Chewy Sweets;null;null;null;null;null;null;null;null;
282372283;Skittles Wildberry 174G Pouch;£0.97;£0.56/100g;Sweets, Mints & Chewing Gum;Chewy Sweets;1713 kJ 771 kJ (9%);0;null;null;4.2;null;null;0.03;
266867956;Starburst Fruity Chews 192G Bag;£0.97;£0.51/100g;Sweets, Mints & Chewing Gum;Chewy Sweets;404 ;0;null;null;7.3;null;null;0;
251773725;Fruit-Tella 4 Pack;£1.19;£0.73/100g;Sweets, Mints & Chewing Gum;Chewy Sweets;400 ;0,8;null;null;6,8;null;null;null;
277945569;Fruittella Strawberry 4 Pack 164G;£1.19;£0.73/100g;Sweets, Mints & Chewing Gum;Chewy Sweets;401 ;0,8;null;null;6,8;null;null;0,03;
282411416;Chewits Chewmix Bag 180G;£1.29;£0.72/100g;Sweets, Mints & Chewing Gum;Chewy Sweets;383 ;0;null;null;3;null;null;0.2;
265322933;Haribo Maoam Stripes 200G;£1.00;£0.56/100g;Sweets, Mints & Chewing Gum;Chewy Sweets;null;null;null;null;null;null;null;null;
282430480;Nestle Rowntrees Fruit Pastilles 3 Pack 157.5G;£1.00;£0.00/g;Sweets, Mints & Chewing Gum;Chewy Sweets;1492 kJ 398 kJ 8400 kJ -;4.1;null;null;0.1;null;0.1;0.28;
282411451;Chewits Extreme Chewmix Bag 180G;£1.29;£0.72/100g;Sweets, Mints & Chewing Gum;Chewy Sweets;380 ;0;null;null;3;null;null;0.2;
284181488;Tesco Cool Mint Chews 80G;£0.50;£0.63/100g;Sweets, Mints & Chewing Gum;Chewy Sweets;398;0.1;null;81.6;3.5;1.6;0.8;0.1;
281198335;Fruittella Magics 4 Pack 164G;£1.19;£0.73/100g;Sweets, Mints & Chewing Gum;Chewy Sweets;100 ;0.9;null;54;6.9;6.9;null;0.03;
254097236;Chewits Multipack 5 Pack;£1.35;£0.90/100g;Sweets, Mints & Chewing Gum;Chewy Sweets;1622 kJ -;0;null;null;3;null;null;0.2;
288001792;Haribo Jelly Babies 200G;£1.00;£0.50/100g;Sweets, Mints & Chewing Gum;Chewy Sweets;null;null;null;null;null;null;null;null;
265384035;Barratt Refresher Roll Single;£0.35;£0.35/each;Sweets, Mints & Chewing Gum;Chewy Sweets;380;Trace;null;null;1.4;null;Trace;2.76;
271537647;Barratt Fruit Salad Stick Pack 36G;£0.35;£0.97/100g;Sweets, Mints & Chewing Gum;Chewy Sweets;395 ;0.8;null;null;6.0;null;Trace;0.4;
287660913;Milk Chocolate Bubble Bar 150G;£1.00;£0.67/100g;Sweets, Mints & Chewing Gum;Chewy Sweets;null;null;null;null;null;null;null;null;
282248598;Haribo Sour Rainbow Spaghetti 180G;£1.00;£0.00/g;Sweets, Mints & Chewing Gum;Chewy Sweets;null;null;null;null;null;null;null;null;
287786563;Haribo Balla Balla Maxi Strawberry 180G;£1.00;£0.56/100g;Sweets, Mints & Chewing Gum;Chewy Sweets;null;null;null;null;null;null;null;null;
276971798;Flyers Liquorice Crystal Centres;£1.00;£0.82/100g;Sweets, Mints & Chewing Gum;Chewy Sweets;1561kJ 175 kJ;4.1;null;null;1.2;null;null;null;
282248425;Haribo Jelly Beans 160G;£0.70;£0.00/g;Sweets, Mints & Chewing Gum;Chewy Sweets;null;null;null;null;null;null;null;null;
271372236;Barratts Jumbo Soft Nougat 100G;£0.59;£0.59/100g;Sweets, Mints & Chewing Gum;Chewy Sweets;1600 kJ -;4.6;null;null;4.2;null;2.1;0.04;
276901928;Swizzels Rainbow Drops Multibag;£1.00;£0.80/100g;Sweets, Mints & Chewing Gum;Chewy Sweets;null;null;null;null;null;null;null;null;
282412179;Chewits Extremly Sour Pineapple 34G;£0.36;£1.06/100g;Sweets, Mints & Chewing Gum;Chewy Sweets;388;0.2;null;null;2.9;null;null;0.09;
282372202;Skittles Wildberry 55G;£0.60;£1.10/100g;Sweets, Mints & Chewing Gum;Chewy Sweets;1713 kJ 942 kJ (11%);0;null;null;4.2;null;null;0.03;
261183348;Fruittella Strawberry Stick 41G;£0.60;£1.47/100g;Sweets, Mints & Chewing Gum;Chewy Sweets;null;null;null;null;null;null;null;null;
259138187;Fruittella Crunchies 23G;£0.35;£1.53/100g;Sweets, Mints & Chewing Gum;Chewy Sweets;null;null;null;null;null;null;null;null;
282595249;Haribo Roulette 7Pk;£1.00;£0.14/each;Sweets, Mints & Chewing Gum;Chewy Sweets;null;null;null;null;null;null;null;null;
277493106;Peanut And Fruit Nougat 180G;null;null;Sweets, Mints & Chewing Gum;Chewy Sweets;null;null;null;null;null;null;null;null;
282614879;Haribo Mega Mini Selection 200G;£1.00;£0.00/g;Sweets, Mints & Chewing Gum;Chewy Sweets;null;null;null;null;null;null;null;null;
253273191;Chewits Strawberry Single;£0.35;£0.35/each;Sweets, Mints & Chewing Gum;Chewy Sweets;383 ;0;null;null;3;null;null;0.2;
284182101;Barratt Mini Flumps Party Bag 170G;£0.99;£0.58/100g;Sweets, Mints & Chewing Gum;Jelly & Soft Sweets;null;null;null;null;null;null;null;null;
279627937;Jelly Bean Gourmet Mix Pouch 113G;£1.49;£1.32/100g;Sweets, Mints & Chewing Gum;Jelly & Soft Sweets;null;null;null;null;null;null;null;null;
284278182;Bassetts Jelly Babies Berry Mix 190G;£1.00;£0.53/100g;Sweets, Mints & Chewing Gum;Jelly & Soft Sweets;1435kJ 379kJ 8400 kJ;3.6;null;null;0;null;null;0.03;
274900247;Haribo Super Mix 215 G;£0.97;£0.45/100g;Sweets, Mints & Chewing Gum;Jelly & Soft Sweets;null;null;null;null;null;null;null;null;
285420585;Haribo Fizzy Bubblegum Bottles 215G;£1.29;£0.60/100g;Sweets, Mints & Chewing Gum;Jelly & Soft Sweets;null;null;null;null;null;null;null;null;
275340798;Haribo Rhubarb And Custard Splats 215G;£1.29;£0.60/100g;Sweets, Mints & Chewing Gum;Jelly & Soft Sweets;null;null;null;null;null;null;null;null;
279628164;Jelly Bean Fruit Cocktail Cup 200G;£2.49;£1.25/100g;Sweets, Mints & Chewing Gum;Jelly & Soft Sweets;null;null;null;null;null;null;null;null;
282317851;Maynards Discovery Patch Animals 160G;£1.48;£0.93/100g;Sweets, Mints & Chewing Gum;Jelly & Soft Sweets;1385 kJ 360 kJ 8400 kJ;3.8;null;null;0.2;null;null;0.03;
274900368;Haribo Tangfastics 215 G;£0.97;£0.45/100g;Sweets, Mints & Chewing Gum;Jelly & Soft Sweets;136;null;null;null;null;null;null;Trace;
287732253;Haribo Bear Buddies 200G;£1.29;£0.00/g;Sweets, Mints & Chewing Gum;Jelly & Soft Sweets;null;null;null;null;null;null;null;null;
275444468;Haribo Strawberry Softies 190G;£1.29;£0.68/100g;Sweets, Mints & Chewing Gum;Jelly & Soft Sweets;null;null;null;null;null;null;null;null;
262739877;Haribo Starmix Minis 200G;£1.40;£0.70/100g;Sweets, Mints & Chewing Gum;Jelly & Soft Sweets;138;null;null;null;null;null;0.12;Trace;
272492680;Bassetts Jelly Babies 190G;£1.48;£0.78/100g;Sweets, Mints & Chewing Gum;Jelly & Soft Sweets;null;3.5;null;null;Trace;null;Trace;null;
284024733;Haribo Minions 200G;£1.29;£0.65/100g;Sweets, Mints & Chewing Gum;Jelly & Soft Sweets;null;null;null;null;null;null;null;null;
274900103;Haribo Starmix 215G;£0.97;£0.45/100g;Sweets, Mints & Chewing Gum;Jelly & Soft Sweets;null;null;null;null;null;null;null;null;
287732414;Haribo Tangy Minions 200G;£1.29;£0.00/g;Sweets, Mints & Chewing Gum;Jelly & Soft Sweets;null;null;null;null;null;null;null;null;
279628014;Jelly Beans Super Sours 113G;£1.49;£1.32/100g;Sweets, Mints & Chewing Gum;Jelly & Soft Sweets;null;null;null;null;null;null;null;null;
256964198;Haribo Tangfastics;£0.10;£0.10/each;Sweets, Mints & Chewing Gum;Jelly & Soft Sweets;null;null;null;null;null;null;null;null;
285158711;Bassetts Jelly Babies 350G;£2.00;£0.57/100g;Sweets, Mints & Chewing Gum;Jelly & Soft Sweets;1435 kJ 378 kJ 8400 kJ/;3.6;null;null;0;null;null;0.03;
285981536;Katjes Brad The Bunny 140G;£1.29;£0.92/100g;Sweets, Mints & Chewing Gum;Jelly & Soft Sweets;340 ;0,4;null;null;0,2;null;null;0,33;
282317908;Maynards Discovery Patch Body Bits 160G;£1.48;£0.93/100g;Sweets, Mints & Chewing Gum;Jelly & Soft Sweets;1385kJ 330kJ 8400 kJ;3.8;null;null;0.2;null;null;0.03;
282317937;Maynards Discovery Patch Monsters 160G;£1.48;£0.93/100g;Sweets, Mints & Chewing Gum;Jelly & Soft Sweets;1385 kJ 8400 kJ;3.8;null;null;0.2;null;null;0.03;
272137059;Rowntrees Pick And Mix Bag 150G;£1.00;£0.67/100g;Sweets, Mints & Chewing Gum;Jelly & Soft Sweets;1545 kJ 501 kJ 8400 kJ -;2.8;null;null;1.1;null;0.1;0.33;
272122831;Rowntrees Fruit Pastilles Bag 170G;£1.00;£0.59/100g;Sweets, Mints & Chewing Gum;Jelly & Soft Sweets;1491 kJ 314 kJ 8400 kJ -;4.1;null;null;0.1;null;0.1;0.30;
285158636;Maynards Wine Gums 350G;£2.00;£0.57/100g;Sweets, Mints & Chewing Gum;Jelly & Soft Sweets;1400 kJ 330 kJ 8400 kJ/;4.7;null;null;0.2;null;null;0.03;
282390318;Rowntrees Randoms Tandems 150G;£1.00;£0.67/100g;Sweets, Mints & Chewing Gum;Jelly & Soft Sweets;1435 kJ 213 kJ 8400 kJ -;6.4;null;null;0.3;null;0.9;0.09;
257739936;Natural Confectionery Co Jelly Squirms 180G;£1.48;£0.82/100g;Sweets, Mints & Chewing Gum;Jelly & Soft Sweets;1400 kJ 385 kJ;3.3;null;null;0.1;null;null;0.30;
272493080;Maynards Wine Gums 190G;£1.48;£0.78/100g;Sweets, Mints & Chewing Gum;Jelly & Soft Sweets;null;5.7;null;null;0.2;null;0.0;null;
272141917;Rowntrees Fruit Gums Bag 170G;£1.29;£0.76/100g;Sweets, Mints & Chewing Gum;Jelly & Soft Sweets;1460 kJ 340 kJ 8400 kJ -;4.3;null;null;0.2;null;0.1;0.48;
257759486;Natural Confectionery Co Jelly Snakes 200G;£1.00;£0.50/100g;Sweets, Mints & Chewing Gum;Jelly & Soft Sweets;1355 kJ 355 kJ;3.7;null;null;0.2;null;null;0.03;
282390192;Rowntrees Randoms Sweet And Sour 150G;£1.00;£0.67/100g;Sweets, Mints & Chewing Gum;Jelly & Soft Sweets;1423kJ 392kJ 8400kJ -;4.5;78.5;null;0.3;null;0.2;null;
275280701;Maynards Sour Patch Kids 160G;£1.00;£0.63/100g;Sweets, Mints & Chewing Gum;Jelly & Soft Sweets;1385 kJ 740 kJ;2.8;null;null;0.1;null;0.0;null;
284831002;Maynards Discovery Treat Size 352G;£3.20;£0.91/100g;Sweets, Mints & Chewing Gum;Jelly & Soft Sweets;1380 kJ 221 kJ 8400 kJ;3.8;null;null;0.2;null;null;0.05;
272141595;Rowntrees Jelly Tots Bag 160G;£1.29;£0.81/100g;Sweets, Mints & Chewing Gum;Jelly & Soft Sweets;1495 kJ 196 kJ 8400 kJ -;0.1;null;null;Trace;null;0.1;0.50;
272141727;Rowntrees Randoms Bag 160G;£1.00;£0.63/100g;Sweets, Mints & Chewing Gum;Jelly & Soft Sweets;1386 kJ 404 kJ 8400 kJ -;4.9;null;null;0.3;null;0.6;0.10;
272122572;Rowntrees Tootie Frooties 150G;£1.29;£0.86/100g;Sweets, Mints & Chewing Gum;Jelly & Soft Sweets;1678 kJ 238 kJ 8400 kJ -;Trace;null;null;3.3;null;Trace;0.30;
277926425;Squashes New Refreshers 160G;£1.49;£0.93/100g;Sweets, Mints & Chewing Gum;Jelly & Soft Sweets;null;2.7;null;null;0;null;null;null;
272493004;Maynards Sports Mixture 190G;£1.00;£0.53/100g;Sweets, Mints & Chewing Gum;Jelly & Soft Sweets;null;8.9;null;null;0.2;null;0.0;null;
283994490;Rowntrees Fruit Pastilles Froosions 160G;£1.29;£0.81/100g;Sweets, Mints & Chewing Gum;Jelly & Soft Sweets;1490 kJ 397 kJ 8400 kJ -;4.1;null;null;Trace;null;0.1;0.30;
272492893;Maynards Midget Gems 190G;£1.00;£0.53/100g;Sweets, Mints & Chewing Gum;Jelly & Soft Sweets;null;8.9;null;null;0.2;null;0.0;null;
270948634;Tesco Everyday Value Midget Gems 175G;£0.25;£0.14/100g;Sweets, Mints & Chewing Gum;Jelly & Soft Sweets;344;1.3;null;55.2;0.6;0.3;0.5;0.1;
277971186;Squashies Love Hearts 160 G;£1.49;£0.93/100g;Sweets, Mints & Chewing Gum;Jelly & Soft Sweets;null;3.4;null;null;0.1;null;null;null;
277971111;Squashies Drumsticks 160 G;£1.49;£0.93/100g;Sweets, Mints & Chewing Gum;Jelly & Soft Sweets;355;3.7;null;null;0.1;null;null;0.05;
271529035;Rowntrees Randoms 4 Pack 200Grams;£1.75;£0.88/100g;Sweets, Mints & Chewing Gum;Jelly & Soft Sweets;1386 kJ 404 kJ 8400 kJ -;4.9;null;null;0.3;null;0.6;0.10;
271373598;Tesco Midget Gems 200G;£0.89;£0.45/100g;Sweets, Mints & Chewing Gum;Jelly & Soft Sweets;342;6.1;null;57.5;0.6;0.5;1.5;0.1;
256582465;Tesco Fruit Pastilles 250G;£0.89;£0.36/100g;Sweets, Mints & Chewing Gum;Jelly & Soft Sweets;344;4.1;null;58.4;0.4;0.2;0.6;0.1;
263755971;Rowntrees Jelly Tots 112G 4 Pack;£1.09;£0.97/100g;Sweets, Mints & Chewing Gum;Jelly & Soft Sweets;1495 kJ 196 kJ 8400 kJ -;0.1;null;null;Trace;null;0.1;0.50;
277971036;Squashies Double Lollies 160 G;£1.49;£0.93/100g;Sweets, Mints & Chewing Gum;Jelly & Soft Sweets;null;2.7;null;null;0;null;null;null;
279344424;Bear Pure Fruit Yoyos Mango 20G;null;null;Sweets, Mints & Chewing Gum;Jelly & Soft Sweets;kJ 1151 kJ 115;1.9;62.2;null;0.2;null;8;0;
268379400;Tesco Jelly Beans 200G;£0.89;£0.45/100g;Sweets, Mints & Chewing Gum;Jelly & Soft Sweets;365;0.1;null;60.2;0.7;0.5;0.9;0.1;
275048534;Tesco Fizzy Bubblegum Bottles 170G;£0.89;£0.52/100g;Sweets, Mints & Chewing Gum;Jelly & Soft Sweets;330;4.9;null;63.1;0;trace;0;null;
250009660;Maynards Wine Gums 4 Pack;£1.00;£0.48/100g;Sweets, Mints & Chewing Gum;Jelly & Soft Sweets;null;5.7;null;null;0.2;null;0.0;null;
256582494;Tesco Wine Gums 250G;£0.89;£0.36/100g;Sweets, Mints & Chewing Gum;Jelly & Soft Sweets;348;5.9;null;54.9;0.9;0.7;0.5;0.1;
279377040;Tesco Fizzy Apple Laces 180G;£0.89;£0.49/100g;Sweets, Mints & Chewing Gum;Jelly & Soft Sweets;350;2.9;null;58.0;0.4;0.1;0.7;0.1;
254573427;Tesco Jelly Babies 250G;£0.89;£0.36/100g;Sweets, Mints & Chewing Gum;Jelly & Soft Sweets;343;5.8;null;75.4;0.8;0.3;0.5;0.1;
268378919;Tesco Fruit Jellies 200G;£0.89;£0.45/100g;Sweets, Mints & Chewing Gum;Jelly & Soft Sweets;345;0.1;null;72.7;0.5;0.3;1.1;0.2;
282390157;Rowntrees Chewy Tots 8 Pack 105.6G;£1.29;£1.23/100g;Sweets, Mints & Chewing Gum;Jelly & Soft Sweets;1703kJ 226kJ 8400kJ 3%;Nil;null;null;3.8;null;1.2;0.10;
272079323;Rowntrees Fruit Pastilles 4 Pack;£1.75;£0.83/100g;Sweets, Mints & Chewing Gum;Jelly & Soft Sweets;1492 kJ 398 kJ 8400 kJ -;4.1;null;null;0.1;null;0.1;0.28;
275048747;Tesco Fizzy Strawberry Bits 180G;£0.89;£0.49/100g;Sweets, Mints & Chewing Gum;Jelly & Soft Sweets;370;1.8;null;70.0;1.5;1.0;1.0;null;
279344603;Bear Pure Fruit Yoyos Strawberry 20G;£0.60;£3.00/100g;Sweets, Mints & Chewing Gum;Jelly & Soft Sweets;kJ 1151 kJ 115;1.9;63.4;null;0.2;null;8;0;
251864347;Haribo Starmix Handy Pack 50G;£0.60;£1.20/100g;Sweets, Mints & Chewing Gum;Jelly & Soft Sweets;null;null;null;null;null;null;null;null;
274650110;Haribo Tangfastics Handy Pack 50G;£0.60;£1.20/100g;Sweets, Mints & Chewing Gum;Jelly & Soft Sweets;340;6.3;78.3;null;0.2;null;0.3;Trace;
252036088;Skittles Crazy Sours 55G;£0.60;£1.10/100g;Sweets, Mints & Chewing Gum;Jelly & Soft Sweets;1688 kJ 928 kJ (11%);0;null;null;4.2;null;null;0.03;
278563938;Candyking Favourite Fizzy Cola Bottle 142G;£1.00;£0.70/100g;Sweets, Mints & Chewing Gum;Jelly & Soft Sweets;null;null;null;null;null;null;null;null;
250814789;Candy Land Marsh Mallows 200G;£0.64;£0.32/100g;Sweets, Mints & Chewing Gum;Jelly & Soft Sweets;337 ;3.4;null;null;Trace;null;0.1;Trace;
281100622;Jelly Belly Flip Top Box 30G;£0.60;£2.00/100g;Sweets, Mints & Chewing Gum;Jelly & Soft Sweets;1560 kJ -;0.1;null;null;0.2;null;0.1;null;
250146312;Maynards Wine Gums Roll;£0.60;£0.60/each;Sweets, Mints & Chewing Gum;Jelly & Soft Sweets;null;5.7;null;null;0.2;null;0.0;null;
251875991;Rowntrees Fruit Pastilles Single;£0.60;£1.15/100g;Sweets, Mints & Chewing Gum;Jelly & Soft Sweets;1492kJ 398kJ 8400kJ 5%;4.1;null;null;0.1;null;0.1;0.28;
278006384;Princess Chocolate Mini Mallows 150 G;£1.49;£0.99/100g;Sweets, Mints & Chewing Gum;Jelly & Soft Sweets;460;5.9;null;null;18.5;null;2.5;null;
254026955;Tesco Marshmallows 200G;£0.89;£0.45/100g;Sweets, Mints & Chewing Gum;Jelly & Soft Sweets;332;4.1;null;64.6;0.4;0.2;0.5;0.1;
250151616;Skittles Fruits 55G;£0.60;£1.10/100g;Sweets, Mints & Chewing Gum;Jelly & Soft Sweets;1712 kJ 942 kJ (11%);0;null;null;4.2;null;null;0.03;
276579284;Skittles Confused 55G;£0.60;£1.10/100g;Sweets, Mints & Chewing Gum;Jelly & Soft Sweets;1712 kJ 942 kJ (11%);0;null;null;4.2;null;null;0.03;
255526448;Starburst Fruit Chews Stick 45G;£0.60;£1.34/100g;Sweets, Mints & Chewing Gum;Jelly & Soft Sweets;1708 kJ 796 kJ (9%);0;null;null;7.3;null;null;0;
264720930;Rowntrees Random Bag 50G;£0.60;£1.20/100g;Sweets, Mints & Chewing Gum;Jelly & Soft Sweets;1386 kJ 404 kJ 8400 kJ -;4.9;null;null;0.3;null;0.6;0.10;
259230048;Rowntrees Tooty Frooties Single Bag;£0.60;£0.60/each;Sweets, Mints & Chewing Gum;Jelly & Soft Sweets;1678 kJ 238 kJ 8400 kJ -;Trace;null;null;3.3;null;Trace;0.30;
265850365;Tesco Marshmallows 50G;£0.40;£0.80/100g;Sweets, Mints & Chewing Gum;Jelly & Soft Sweets;337;4.5;null;66.0;0.9;0.6;0.5;0.1;
259078666;Rowntrees Fruit Gums 48G;£0.60;£1.25/100g;Sweets, Mints & Chewing Gum;Jelly & Soft Sweets;1460 kJ 340 kJ 8400 kJ -;4.3;null;null;0.2;null;0.1;0.48;
251855721;Rowntrees Jelly Tots;£0.60;£0.60/each;Sweets, Mints & Chewing Gum;Jelly & Soft Sweets;1495 kJ 196 kJ 8400 kJ -;0.1;null;null;Trace;null;0.1;0.50;
265159625;Barratts Flumps Cable;£0.10;£0.10/each;Sweets, Mints & Chewing Gum;Kids Sweets;1340 kJ -;4.1;null;null;Trace;null;null;0.18;
278563938;Candyking Favourite Fizzy Cola Bottle 142G;£1.00;£0.70/100g;Sweets, Mints & Chewing Gum;Kids Sweets;null;null;null;null;null;null;null;null;
280403677;Tesco Fizzy Alphabet Gummies 80G;£0.40;£0.50/100g;Sweets, Mints & Chewing Gum;Kids Sweets;361;0.1;null;71.1;0.6;0.3;0.5;0.3;
279832890;Bazooka Bubble Gum Chunks 6Pkx6g;£0.35;£0.97/100g;Sweets, Mints & Chewing Gum;Kids Sweets;300;0;null;null;0;null;null;null;
280238469;M And M Peanut Funsize 220G;£3.69;£1.68/100g;Sweets, Mints & Chewing Gum;Kids Sweets;2144kJ 429kJ (5%);9.7;null;null;25.6;null;null;0.09;
256179436;Tesco Dolly Mixtures 85G;£0.40;£0.47/100g;Sweets, Mints & Chewing Gum;Kids Sweets;391;1.5;null;90.7;2.2;1.1;0.5;0.1;
271234988;Tesco Gummy Mix 85G;£0.40;£0.47/100g;Sweets, Mints & Chewing Gum;Kids Sweets;328;6.4;null;44.1;0.2;0.1;0;0.1;
279906262;Tesco Fizzy Bubblegum Lances 75G;£0.40;£0.53/100g;Sweets, Mints & Chewing Gum;Kids Sweets;365;2.7;null;60.0;2.3;1.3;0.6;0.1;
275059890;Tesco Banana Milkshakes Bottles 80G;£0.40;£0.50/100g;Sweets, Mints & Chewing Gum;Kids Sweets;350;5.1;null;61.8;0.3;0.2;0.6;0.1;
257133731;Tesco Fizzy Cola Lances 75G;£0.40;£0.53/100g;Sweets, Mints & Chewing Gum;Kids Sweets;365;2.7;null;60.0;2.3;1.3;1.0;0.1;
284118594;Tesco Magic Laces Cola 75G;£0.40;£0.53/100g;Sweets, Mints & Chewing Gum;Kids Sweets;360;3.3;null;51.8;2.9;1.5;0.8;0.1;
270964528;Tesco Jelly Cherries 75G;£0.40;£0.53/100g;Sweets, Mints & Chewing Gum;Kids Sweets;317;5.2;null;51.9;0.2;0.1;0.4;0.1;
284182061;Tesco Bubblegum Mushrooms 200G;£0.99;£0.50/100g;Sweets, Mints & Chewing Gum;Kids Sweets;352;5.6;null;71.0;0.6;0.4;0.5;0.1;
284182124;Tesco Flying Saucers 17.5G;£0.40;£2.29/100g;Sweets, Mints & Chewing Gum;Kids Sweets;364;0.2;null;51.8;0;0;0;1.0;
251108921;Haribo Kids Mix Up/ Starmix;£0.10;£0.10/each;Sweets, Mints & Chewing Gum;Kids Sweets;null;null;null;null;null;null;null;null;
271234660;Tesco Fizzy Cola Bottles 85G;£0.40;£0.47/100g;Sweets, Mints & Chewing Gum;Kids Sweets;325;5.4;null;55.9;0.1;0.1;0;null;
255259088;Tesco Fizzy Multicolour Sweet Belt 75G;£0.40;£0.53/100g;Sweets, Mints & Chewing Gum;Kids Sweets;367;2.3;null;63.6;2.1;1.1;0.5;0.1;
265850365;Tesco Marshmallows 50G;£0.40;£0.80/100g;Sweets, Mints & Chewing Gum;Kids Sweets;337;4.5;null;66.0;0.9;0.6;0.5;0.1;
251610320;Milky Way Magic Stars;£0.60;£1.82/100g;Sweets, Mints & Chewing Gum;Kids Sweets;2330kJ 769kJ (9%);6.4;null;null;34.7;null;null;0.20;
280403717;Tesco Gummy Safari Animals 80G;£0.40;£0.50/100g;Sweets, Mints & Chewing Gum;Kids Sweets;355;0.1;null;60.2;1.0;0.8;1.0;0.1;
274000615;Tesco Mini Jelly Beans 100G;£0.40;£0.47/100g;Sweets, Mints & Chewing Gum;Kids Sweets;371;0.1;null;47.9;0.8;0.6;0.5;0.1;
265850025;Tesco White Snowies 70G;£0.40;£0.57/100g;Sweets, Mints & Chewing Gum;Kids Sweets;495;1.7;null;73.4;19.9;17.0;0.4;null;
275049199;Tesco Shrimps And Bananas 80G;£0.40;£0.50/100g;Sweets, Mints & Chewing Gum;Kids Sweets;377;2.9;null;81.1;0.3;0.1;0.5;0.1;
266721091;Haribo Maoam Giant Stripes;£0.10;£0.10/each;Sweets, Mints & Chewing Gum;Kids Sweets;null;null;null;null;null;null;null;null;
256407784;Giant New Refresher Chew Bar (C);£0.10;£0.10/each;Sweets, Mints & Chewing Gum;Kids Sweets;413;0.4;null;null;5.8;null;null;0.1;
284118634;Tesco Magic Laces Pear 75G;£0.40;£0.53/100g;Sweets, Mints & Chewing Gum;Kids Sweets;360;3.3;null;51.8;2.9;1.5;0.8;0.1;
266779794;Kelloggs Strawberry Winders 17G;£0.35;£2.06/100g;Sweets, Mints & Chewing Gum;Kids Sweets;393 ;0.2;null;null;8;null;2;0.13;
280833110;Fruit Bowl Fruit Flakes Raspberry 25G;£0.60;£2.40/100g;Sweets, Mints & Chewing Gum;Kids Sweets;1400KJ 350KJ;1.0;78.0;null;2.0;null;2.0;0.1;
284181880;Tesco Raspberry Mushrooms 75G;£0.40;£0.53/100g;Sweets, Mints & Chewing Gum;Kids Sweets;350;5.6;null;67.9;0.7;0.5;0.5;0.1;
259595981;Tesco White Chocolate Buttons 70G;£0.40;£0.57/100g;Sweets, Mints & Chewing Gum;Kids Sweets;550;5.1;null;61.2;31.3;20.3;0.4;0.3;
285103195;Tesco Teeth And Lips 75G;£0.40;£0.53/100g;Sweets, Mints & Chewing Gum;Kids Sweets;328;6.5;null;50.0;0.2;0.1;0;0.1;
256761242;Tesco Strawberry Pencils 75G;£0.40;£0.53/100g;Sweets, Mints & Chewing Gum;Kids Sweets;371;2.0;null;69.0;1.8;1.3;0.3;0.1;
280833231;Fruit Bowl Yoghurt Flakes Strawberry 30G;£0.60;£2.00/100g;Sweets, Mints & Chewing Gum;Kids Sweets;1883KJ 565KJ;1.7;64.2;null;20.6;null;3.8;0.17;
257133783;Tesco Strawberry Laces 75G;£0.40;£0.53/100g;Sweets, Mints & Chewing Gum;Kids Sweets;357;3.3;null;51.7;2.8;1.5;0.8;0.1;
259595923;Tesco Milk Chocolate Buttons 70G;£0.40;£0.57/100g;Sweets, Mints & Chewing Gum;Kids Sweets;540;7.5;null;54.4;31.1;18.9;3.0;0.3;
256385065;Chewits Xtremly Sour Apple Stick Pack;£0.35;£0.35/each;Sweets, Mints & Chewing Gum;Kids Sweets;380;0;null;null;3;null;null;0.2;
257133685;Tesco Strawberry Flavour Lances 75G Pe;£0.40;£0.53/100g;Sweets, Mints & Chewing Gum;Kids Sweets;362;2.6;null;59.5;2.3;1.2;0.6;0.1;
275059976;Tesco Multi Coloured Lace 75G;£0.40;£0.53/100g;Sweets, Mints & Chewing Gum;Kids Sweets;357;3.2;null;52.0;2.8;1.5;0.8;0.1;
270965130;Tesco Milk Bottles 75G;£0.40;£0.53/100g;Sweets, Mints & Chewing Gum;Kids Sweets;335;6.3;null;52.0;0.2;0.1;0;0.1;
284118496;Tesco Multi Coloured Fizzy Pencils 75G;£0.40;£0.53/100g;Sweets, Mints & Chewing Gum;Kids Sweets;372;1.5;null;65.4;1.3;0.9;1.5;0.1;
284507632;Millions Multi Millions 7Pack;£1.00;£0.14/each;Sweets, Mints & Chewing Gum;Kids Sweets;null;0;91;null;4,3;null;null;0,1;
285420343;Yupi Gummy Pizza 23G;£0.35;£1.53/100g;Sweets, Mints & Chewing Gum;Kids Sweets;null;null;null;null;null;null;null;null;
268698500;Maoam Sour Giant Stripes 15G;£0.10;£0.10/each;Sweets, Mints & Chewing Gum;Kids Sweets;null;null;null;null;null;null;null;null;
259141009;Chupa Chupa Melody Pops 15G;£0.35;£2.34/100g;Sweets, Mints & Chewing Gum;Kids Sweets;null;null;null;null;null;null;null;null;
275739258;Chupa Chups Crazy Dips Strawberry 14G;£0.35;£2.50/100g;Sweets, Mints & Chewing Gum;Kids Sweets;389 ;0;null;null;0;null;null;0;
278608184;Swizzels Chunky Drumstick Lolly;£0.10;£0.61/100g;Sweets, Mints & Chewing Gum;Kids Sweets;null;null;null;null;null;null;null;null;
285000846;Squashies Drumstick Bubblegum 160G;£1.49;£0.93/100g;Sweets, Mints & Chewing Gum;Kids Sweets;353;3.8;83.7;null;0.1;null;null;0.1;
285347539;Kinnerton Candy Stick 18G;£0.40;£2.23/100g;Sweets, Mints & Chewing Gum;Kids Sweets;null;null;null;null;null;null;null;null;
273659661;Wham Chew Bar 25G;£0.20;£0.80/100g;Sweets, Mints & Chewing Gum;Kids Sweets;394;0.1;null;null;3.6;null;Trace;Trace;
279784393;Push Pop Multipack 3 X 15G;£1.19;£2.65/100g;Sweets, Mints & Chewing Gum;Kids Sweets;null;null;null;null;null;null;null;null;
285420366;Disney Power Dips 12G;£0.35;£2.92/100g;Sweets, Mints & Chewing Gum;Kids Sweets;395 ;0;null;null;0;null;0;0.07;
278609788;Swizzels Matlow Wine Gummies Roll 16G;£0.10;£0.63/100g;Sweets, Mints & Chewing Gum;Kids Sweets;null;null;null;null;null;null;null;null;
260000245;Kinnerton Milk Chocolate Lolly;£0.55;£0.55/each;Sweets, Mints & Chewing Gum;Kids Sweets;null;null;null;null;null;null;null;null;
257214676;Barratts Dip Dabs 23G;£0.35;£1.53/100g;Sweets, Mints & Chewing Gum;Kids Sweets;386;Trace;null;null;0.6;null;0.5;2.19;
285419887;Chupa Chups Shootz 25G;£0.35;£1.40/100g;Sweets, Mints & Chewing Gum;Kids Sweets;391 ;0;null;null;null;null;null;0,03;
265384146;Barratt Sherbert Fountain 25G;£0.35;£1.40/100g;Sweets, Mints & Chewing Gum;Kids Sweets;1584kJ 398kJ;1.0;null;null;0.4;null;null;3.25;
277924721;Leaf Chewits Blackcurrant Stick 30G;£0.35;£1.17/100g;Sweets, Mints & Chewing Gum;Kids Sweets;383 ;0;null;null;3;null;null;0.21;
272664990;Chupa Chups Xxl Lolly 29G;£0.35;£1.21/100g;Sweets, Mints & Chewing Gum;Kids Sweets;365 ;0;null;null;0;null;null;0,1;
285420464;Disney Grap Pop 15G;£0.69;£4.60/100g;Sweets, Mints & Chewing Gum;Kids Sweets;null;null;null;null;null;null;null;null;
273614547;Hubba Bubba Strawberry Gum 5 Pieces;£0.40;£0.08/each;Sweets, Mints & Chewing Gum;Kids Sweets;null;null;null;null;null;null;null;null;
254836175;Cadburys Curly Wurly 26G;£0.30;£1.16/100g;Sweets, Mints & Chewing Gum;Kids Sweets;455 ;3.3;null;null;18.0;null;0.7;0.68;
254891246;Kinder Chocolate 8 Pack 100G;£1.20;£1.20/100g;Sweets, Mints & Chewing Gum;Kids Sweets;2360/566 296/71 4%;null;null;null;null;null;null;null;
285435130;Milkybar Kid White Chocolate 6 Pack 72G;£1.29;£1.80/100g;Sweets, Mints & Chewing Gum;Kids Sweets;2278 kJ 273 kJ 8400 kJ -;7.5;null;null;31.6;null;Nil;0.40;
275341342;Cadbury Freddo Caramel 6 Pack 117G;£1.00;£0.86/100g;Sweets, Mints & Chewing Gum;Kids Sweets;null;5.5;null;null;24.8;null;0.5;null;
259547405;Swizzels Giant Love Hearts 39G (C);£0.35;£0.90/100g;Sweets, Mints & Chewing Gum;Kids Sweets;null;null;null;null;null;null;null;null;
275341411;Cadbury Freddo 18G;£0.20;£1.12/100g;Sweets, Mints & Chewing Gum;Kids Sweets;530 ;7.5;null;null;30.5;null;0.7;0.23;
268580846;Cadbury's Fudge Bar;£0.20;£0.20/each;Sweets, Mints & Chewing Gum;Kids Sweets;445 ;2.5;null;null;15;null;0.5;0.38;
258032328;Swizzels Rainbow Drops 80G;£0.50;£0.63/100g;Sweets, Mints & Chewing Gum;Kids Sweets;null;null;null;null;null;null;null;null;
284775667;Cadbury Dairy Milk Buttons 6 Pack;£1.39;£0.23/each;Sweets, Mints & Chewing Gum;Kids Sweets;2215kJ 319kJ 8400 kJ/;7.6;null;null;30.5;null;0.7;0.23;
259298175;Kinder Surprise Individual Easter Egg 20g;null;null;Sweets, Mints & Chewing Gum;Kids Sweets;null;null;null;null;null;null;null;null;
271614896;Cadbury Dairy Milk Freddo 6 Bars 108G;£1.39;£1.29/100g;Sweets, Mints & Chewing Gum;Kids Sweets;2210 kJ 398 kJ 8400 kJ/;7.5;null;null;30.5;null;0.7;0.23;
271650783;Cadbury Fair Trade Dairy Milk Little Bar 21G;£0.20;£0.95/100g;Sweets, Mints & Chewing Gum;Kids Sweets;530 ;7.5;null;null;30.5;null;0.7;0.23;
251195015;Topps Push Pop Original;£0.55;£3.67/100g;Sweets, Mints & Chewing Gum;Kids Sweets;null;null;null;null;null;null;null;null;
266724669;Animal Bar Milk Chocolate Pack 19G;£0.25;£0.25/each;Sweets, Mints & Chewing Gum;Kids Sweets;525;5.3;null;null;27.8;null;1.1;0.15;
278637627;Tesco Sugar Free Peppermint Gum 20 Pieces;£0.39;£0.02/each;Sweets, Mints & Chewing Gum;Kids Sweets;156;0.5;null;NaN.0;0.5;0.5;0.7;0 (0% of NRV);
279784888;Cadburys Chomp 6 Pack;£1.00;£0.17/each;Sweets, Mints & Chewing Gum;Kids Sweets;1955 kJ 460 kJ;3.0;null;null;19.5;null;0.7;0.25;
275341324;Cadbury Chomp 23.5G;£0.20;£0.85/100g;Sweets, Mints & Chewing Gum;Kids Sweets;null;3.0;null;null;19.0;null;0.7;null;
267970801;Topps Ring Pop (C);£0.35;£0.35/each;Sweets, Mints & Chewing Gum;Kids Sweets;null;null;null;null;null;null;null;null;
257885218;Topps Mega Mouth Candy Spray 23G (C);£0.89;£0.04/each;Sweets, Mints & Chewing Gum;Kids Sweets;null;null;null;null;null;null;null;null;
275356601;Kinder Chocolate 4 Pack 50G;£0.60;£1.20/100g;Sweets, Mints & Chewing Gum;Kids Sweets;null;8.7;null;null;null;null;null;null;
250788220;Milkybar Medium White Chocolate Bar 25G;£0.49;£1.96/100g;Sweets, Mints & Chewing Gum;Kids Sweets;2278kJ 570kJ 8400kJ -;7.5;null;null;31.6;null;Nil;0.40;
278244717;Mini Milk Chocolate Lollipop 16G;£0.20;£0.13/10g;Sweets, Mints & Chewing Gum;Kids Sweets;563 ;5.4;null;null;37.7;null;0.6;null;
255609374;Barratt Liquorice Catherine Wheels;£0.89;£0.79/100g;Sweets, Mints & Chewing Gum;Liquorice;null;null;null;null;null;null;null;null;
272492835;Bassetts Liquorice Allsorts 190G;£1.48;£0.78/100g;Sweets, Mints & Chewing Gum;Liquorice;null;5.6;null;null;4.2;null;1.2;null;
277924888;Ricola Liquorice Sugar Free Herb Drops 45G;£1.29;£2.87/100g;Sweets, Mints & Chewing Gum;Liquorice;235 ;0;96;null;1;null;null;0;
271315910;Henry Goode's Soft Eating Liquorice 200G;£1.39;£0.70/100g;Sweets, Mints & Chewing Gum;Liquorice;435 ;3.2;null;null;1.4;null;1.6;0.1;
279047811;Tesco Soft Eating Mango Liquorice 170G;£0.89;£0.52/100g;Sweets, Mints & Chewing Gum;Liquorice;350;3.1;null;48.3;1.4;1.1;2.1;0.1;
278507281;H. Goode's Soft Strawberry Flavour Liquorice 200G;£1.39;£0.70/100g;Sweets, Mints & Chewing Gum;Liquorice;85;0.8;null;null;0.4;null;0.5;null;
285172434;Bassetts Liquorice Allsorts 350G;£2.00;£0.57/100g;Sweets, Mints & Chewing Gum;Liquorice;1605 kJ 8400 kJ/;5.6;null;null;4.2;null;null;0.10;
254070043;Tesco Liquorice Twists 250G;£0.89;£0.36/100g;Sweets, Mints & Chewing Gum;Liquorice;325;3.9;null;47.0;1.7;0.9;2.3;0.2;
256582436;Tesco Liquorice Allsorts 250G;£0.89;£0.36/100g;Sweets, Mints & Chewing Gum;Liquorice;381;2.7;null;66.4;5.9;4.5;2.3;0.1;
276971798;Flyers Liquorice Crystal Centres;£1.00;£0.82/100g;Sweets, Mints & Chewing Gum;Liquorice;1561kJ 175 kJ;4.1;null;null;1.2;null;null;null;
285419927;Mentos Choco And Mint 3 Pack 114G;£1.35;£1.19/100g;Sweets, Mints & Chewing Gum;Mints;406 ;2,7;null;null;7,8;null;null;0,6;
254048318;Nestle Polo Mints Original 6X34g;£1.99;£0.98/100g;Sweets, Mints & Chewing Gum;Mints;1707 kJ 179 kJ 8400 kJ -;Trace;null;null;1.0;null;Nil;0.01;
282412231;Ricola Orange Mint Sugar Free Box 45G;£1.29;£2.87/100g;Sweets, Mints & Chewing Gum;Mints;235 ;0;96;null;0;null;0;null;
262350230;Mentos Fruits 4 Pack;£1.19;£0.78/100g;Sweets, Mints & Chewing Gum;Mints;388 ;0;null;null;1,9;null;null;0,1;
254432232;Tic Tac Mint 4 Pack;£1.45;£0.36/each;Sweets, Mints & Chewing Gum;Mints;1685 / 397 kJ/kcal;0.1;null;null;0.5;null;null;0.028;
263584176;Ricola Elderflower Sugar Free Herb Drops 45G;£1.29;£2.87/100g;Sweets, Mints & Chewing Gum;Mints;235 ;0;97;null;0;null;null;0;
277959167;Mentos Mint Bag 175G;£1.00;£0.57/100g;Sweets, Mints & Chewing Gum;Mints;390 ;0;null;null;1,9;null;null;0,1;
285103788;Tic Tac Apple 18G;£0.60;£3.34/100g;Sweets, Mints & Chewing Gum;Mints;1689/398 kJ/kcal -;0.1;null;null;0.7;null;null;0.01;
259696896;Ricola Cranberry Sugar Free Herb Drops 45G;£1.29;£2.87/100g;Sweets, Mints & Chewing Gum;Mints;235 ;0;null;null;0;null;null;0;
268046126;Trebor Extra Strong Peppermint 4 Pack 166G;£1.00;£0.61/100g;Sweets, Mints & Chewing Gum;Mints;null;0.3;null;null;Trace;null;Trace;null;
268046218;Trebor Softmints Spearmint Mints 4 Pack 179G;£1.00;£0.56/100g;Sweets, Mints & Chewing Gum;Mints;1595 kJ 715 kJ -;Trace;null;null;Trace;null;Trace;null;
268046374;Trebor Softmints Peppermint Mints 4 Pack 179G;£1.00;£0.56/100g;Sweets, Mints & Chewing Gum;Mints;null;Trace;null;null;Trace;null;0.0;null;
262632906;Mentos Mint 4 Pack 152G;£1.19;£0.78/100g;Sweets, Mints & Chewing Gum;Mints;390 ;0;null;null;1,9;null;null;0,1;
275349282;Polo Fruit Tube 3 Pack 111 G;£1.09;£0.98/100g;Sweets, Mints & Chewing Gum;Mints;1641kJ 237kJ 8400 kJ -;Nil;null;null;0.3;null;0.8;0.10;
267952034;Trebor Softmints Peppermint Mints 7 Pack;£1.89;£0.27/each;Sweets, Mints & Chewing Gum;Mints;null;Trace;null;null;Trace;null;0.0;null;
255705968;Tesco Extra Strong Mints 5 Pack 204G;£0.99;£0.49/100g;Sweets, Mints & Chewing Gum;Mints;398;0.7;null;97.1;0.1;0;0;0.2;
277946015;Mentos Fruits Bag 175G;£1.00;£0.57/100g;Sweets, Mints & Chewing Gum;Mints;388 ;0;null;null;1,9;null;null;0,1;
253471428;Polo Sugar Free Mints 3 Pack;£1.09;£0.36/each;Sweets, Mints & Chewing Gum;Mints;980 kJ 100 kJ 8400 kJ 1 %;Nil;null;null;Nil;null;Nil;0.01;
277959115;Mentos Mix Strawberry 4 Pack 150G;£1.19;£0.79/100g;Sweets, Mints & Chewing Gum;Mints;388 ;0;null;null;1,9;null;null;0,1;
268045899;Trebor Extra Strong Mints 7 Rolls 219.8G;£1.89;£0.86/100g;Sweets, Mints & Chewing Gum;Mints;null;0.3;null;null;Trace;null;Trace;null;
264837736;Mentos Fruit Roll 38G;£0.60;£1.58/100g;Sweets, Mints & Chewing Gum;Mints;null;null;null;null;null;null;null;null;
262319165;Tic-Tac Refreshing Mint 18G;£0.60;£3.34/100g;Sweets, Mints & Chewing Gum;Mints;1685/397 kJ/kcal -;0.1;null;null;0.5;null;null;0.028;
265174883;Tic Tac Cherry Passion 18G;£0.60;£3.34/100g;Sweets, Mints & Chewing Gum;Mints;1640/386 kJ/kcal -;0.1;null;null;0.5;null;null;0.01;
259774412;Trebor Softmint Spearmints (C);£0.60;£0.04/each;Sweets, Mints & Chewing Gum;Mints;null;Trace;null;null;Trace;null;null;null;
271131482;Mentos Mint Roll 38G;£0.60;£1.58/100g;Sweets, Mints & Chewing Gum;Mints;null;null;null;null;null;null;null;null;
273793074;Tic Tac Strawberry 100 Pack 49G;£1.25;£2.56/100g;Sweets, Mints & Chewing Gum;Mints;1676/394 kJ/kcal;0;94.8;null;0.6;null;null;0.03;
262319107;Tic-Tac Lime And Orange 18G;£0.60;£3.34/100g;Sweets, Mints & Chewing Gum;Mints;1640/386 kJ/kcal -;0.1;null;null;0.4;null;null;0.01;
273792778;Tic Tac Cherry Passion 4 Pack;£1.45;£0.36/each;Sweets, Mints & Chewing Gum;Mints;386 ;0.1;null;null;0.5;null;null;0.01;
253091889;Polo Sugar Free Mints Roll (C);£0.60;£0.60/each;Sweets, Mints & Chewing Gum;Mints;980 kJ 100 kJ 8400 kJ 1 %;Nil;null;null;Nil;null;Nil;0.01;
251610372;Tic Tac Lime And Orange 4 Pack 72G;£1.45;£2.02/100g;Sweets, Mints & Chewing Gum;Mints;null;null;null;null;null;null;null;null;
262632866;Extra Ice Peppermint Mints 33 Pieces;£1.05;£0.03/each;Sweets, Mints & Chewing Gum;Mints;241 ;0;null;null;0.8;null;null;0;
262627952;Extra Ice Spearmint Mints 33 Pieces;£1.05;£0.03/each;Sweets, Mints & Chewing Gum;Mints;237 ;0;null;null;0.8;null;0;null;
280005169;Tic-Tac Spearmint 18G;£0.60;£3.34/100g;Sweets, Mints & Chewing Gum;Mints;kcal/kJ 394/1672 kcal/kJ 2/8;0.1;null;null;0.4;null;null;null;
264865165;Smint Peppermint 35G;£1.25;£3.58/100g;Sweets, Mints & Chewing Gum;Mints;239 ;0;null;null;0,3;null;null;0;
273793028;Tic Tac Strawberry 18G;£0.60;£3.34/100g;Sweets, Mints & Chewing Gum;Mints;1676/394 kJ/kcal -;0;null;null;0.6;null;null;0.03;
277972375;Tic Tac Strawberry Fields 4 Pack;£1.45;£0.36/each;Sweets, Mints & Chewing Gum;Mints;null;null;null;null;null;null;null;null;
259091373;Trebor Softmints Single Tube;£0.60;£0.60/each;Sweets, Mints & Chewing Gum;Mints;null;Trace;null;null;Trace;null;null;null;
258508460;Trebor Extra Strong Mints 48G Roll;£0.60;£0.05/each;Sweets, Mints & Chewing Gum;Mints;null;0.3;null;null;Trace;null;null;null;
251892716;Polo Mints Single;£0.60;£0.60/each;Sweets, Mints & Chewing Gum;Mints;1707kJ 179kJ 8400kJ -;Trace;null;null;1.0;null;Nil;0.01;
256584906;Kinder Mini Treats 16 Pack 200G;£2.00;£1.00/100g;Sweets, Mints & Chewing Gum;Party Packs;2360/566 296/71 4%;null;null;null;null;null;null;null;
250171333;Cadburys Fudge 6 Pack 147G;£1.39;£0.95/100g;Sweets, Mints & Chewing Gum;Party Packs;1880 kJ 480 kJ 8400 kJ/;2.5;null;null;15;null;0.5;0.38;
255912481;Tesco Cool Coconut Mini Bars 11 Pack 275G;£1.35;£0.49/100g;Sweets, Mints & Chewing Gum;Party Packs;485;3.7;null;46.8;27.7;23.2;5.4;0.4;
264258567;Milkybar Buttons Minis 12 Pack 189G;£2.79;£1.48/100g;Sweets, Mints & Chewing Gum;Party Packs;2279kJ 365kJ 8400kJ -;7.5;null;null;31.6;null;Nil;0.40;
262641243;Milkybar White Chocolate Buttons 4 Pack 80G;£1.19;£1.49/100g;Sweets, Mints & Chewing Gum;Party Packs;2279 kJ 456 kJ 8400 kJ -;7.5;null;null;31.6;null;Nil;0.40;
282553887;Maltesers Funsize Minis 9 Pack 195G;£2.79;£1.44/100g;Sweets, Mints & Chewing Gum;Party Packs;2115kJ 412kJ (5%);8.1;null;null;24.8;null;null;0.41;
282553674;Mars Variety Funsize Minis 35 Pack 600G;null;null;Sweets, Mints & Chewing Gum;Party Packs;2115kJ 412kJ (5%);8.1;null;null;24.8;null;null;0.41;
250172902;Cadburys Curly Wurly 5 Pack 130G;£1.39;£1.07/100g;Sweets, Mints & Chewing Gum;Party Packs;1910 kJ 497 kJ 8400 kJ/;3.3;null;null;18.0;null;0.7;0.68;
282553979;Milky Way Magic Stars Minis 10 Pack 120G;£2.79;£2.33/100g;Sweets, Mints & Chewing Gum;Party Packs;2330kJ 280kJ (3%);6.4;null;null;34.7;null;null;0.20;
282553455;Mars Funsize Minis 13 Pack 250G;£2.79;£1.12/100g;Sweets, Mints & Chewing Gum;Party Packs;1863kJ 335kJ (4%);3.9;null;null;15.7;null;null;0.43;
282553602;Milky Way Funsize Minis 14 Pack 227G;£2.79;£1.23/100g;Sweets, Mints & Chewing Gum;Party Packs;1875kJ 291kJ (3%);3.9;null;null;15.5;null;null;0.57;
281762508;Tesco Chocolate Fun Bar 388G;£2.50;£0.64/100g;Sweets, Mints & Chewing Gum;Party Packs;495;8.6;null;42.2;26.0;10.4;3.0;0.7;
264258452;Smarties Minis 18 Pack 260G;£2.79;£1.08/100g;Sweets, Mints & Chewing Gum;Party Packs;1976 kJ 285 kJ 8400 kJ -;5.0;null;null;19.6;null;1.0;0.15;
264643071;Milkyway 6 Pack 131.4G;£1.19;£0.91/100g;Sweets, Mints & Chewing Gum;Party Packs;1884kJ 405kJ (5%);4.0;null;null;15.9;null;null;0.53;
255028099;Kinder Suprise 3 Pack 60G;£2.00;£3.34/100g;Sweets, Mints & Chewing Gum;Party Packs;null;null;null;null;null;null;null;null;
252947317;Kinder Snack Bars 6 Pack 126G;£1.25;£0.99/100g;Sweets, Mints & Chewing Gum;Party Packs;null;null;null;null;null;null;null;null;
285692659;Cadbury Twirl Treat Size 154G;£2.79;£1.82/100g;Sweets, Mints & Chewing Gum;Party Packs;2235 kJ 313 kJ 8400 kJ/;7.6;null;null;31.0;null;0.8;0.25;
264319657;Nestle Treat Size Minis 22 Pack 310G;£3.00;£0.97/100g;Sweets, Mints & Chewing Gum;Party Packs;2279kJ 365kJ - 8400kJ;1.2;null;null;31.6;null;Nil;0.40;
285692803;Cadbury Dairy Milk Buttons Chocolate Treat Size Minis 13 Pack 187G;£2.79;£1.65/100g;Sweets, Mints & Chewing Gum;Party Packs;2215 kJ 319 kJ 8400 kJ;7.6;null;null;30.5;null;0.7;0.23;
250283166;Cadbury Fair Trade Dairy Milk For Kids 6 Pack;£1.00;£0.81/100g;Sweets, Mints & Chewing Gum;Party Packs;2210 kJ 465 kJ 8400 kJ/;7.5;null;null;30.5;null;0.7;0.23;
281762172;Tesco Wild And Whippy Bars 256G;£1.35;£0.48/100g;Sweets, Mints & Chewing Gum;Party Packs;452;3.6;null;64.2;16.3;9.6;0.8;0.7;
282553789;Twix Funsize 275G;£2.79;£1.02/100g;Sweets, Mints & Chewing Gum;Party Packs;2072kJ 414kJ (5%);4.5;null;null;23.9;null;null;0.44;
262739877;Haribo Starmix Minis 200G;£1.40;£0.70/100g;Sweets, Mints & Chewing Gum;Party Packs;138;null;null;null;null;null;0.12;Trace;
281198335;Fruittella Magics 4 Pack 164G;£1.19;£0.73/100g;Sweets, Mints & Chewing Gum;Party Packs;100 ;0.9;null;54;6.9;6.9;null;0.03;
280010208;Haribo Starmix Mega 25 Pack 400G;£2.49;£0.62/100g;Sweets, Mints & Chewing Gum;Party Packs;null;null;null;null;null;null;null;null;
277945569;Fruittella Strawberry 4 Pack 164G;£1.19;£0.73/100g;Sweets, Mints & Chewing Gum;Party Packs;401 ;0,8;null;null;6,8;null;null;0,03;
257551898;Haribo Starmix 450G Drum;£2.49;£0.55/100g;Sweets, Mints & Chewing Gum;Party Packs;null;null;null;null;null;null;null;null;
284507632;Millions Multi Millions 7Pack;£1.00;£0.14/each;Sweets, Mints & Chewing Gum;Party Packs;null;0;91;null;4,3;null;null;0,1;
279749194;Haribo Super Mix Drum 450G;£2.49;£0.55/100g;Sweets, Mints & Chewing Gum;Party Packs;null;null;null;null;null;null;null;null;
257266660;Haribo Tangfastics Drum 450G;£2.49;£0.52/100g;Sweets, Mints & Chewing Gum;Party Packs;null;null;null;null;null;null;null;null;
268553983;Swizzels Lots Of Lollies 210G;£1.00;£0.48/100g;Sweets, Mints & Chewing Gum;Party Packs;null;0.2;null;null;3.7;null;null;0.1;
254097236;Chewits Multipack 5 Pack;£1.35;£0.90/100g;Sweets, Mints & Chewing Gum;Party Packs;1622 kJ -;0;null;null;3;null;null;0.2;
281762111;Tesco Crazy Caramel Bars 14 Pack 257G;£1.35;£0.53/100g;Sweets, Mints & Chewing Gum;Party Packs;468;3.9;null;55.7;19.7;11.4;1.4;0.6;
272079692;Smarties 4 Pack 152G;£1.75;£1.16/100g;Sweets, Mints & Chewing Gum;Party Packs;1941 kJ 392 kJ 8400 kJ -;4.8;null;null;18.4;null;0.9;0.15;
268551756;Swizzels Bumper Bag 210G;£1.00;£0.48/100g;Sweets, Mints & Chewing Gum;Party Packs;null;0.2;null;null;4.1;null;null;0.7;
273712673;Haribo Maoam Party Mix 350G;£2.49;£0.71/100g;Sweets, Mints & Chewing Gum;Party Packs;null;null;null;null;null;null;null;null;
276132904;Haribo Mega Party Mix 400G;£2.49;£0.62/100g;Sweets, Mints & Chewing Gum;Party Packs;null;null;null;null;null;null;null;null;
268551991;Swizzels Matlow Chew Crew 210G;£1.00;£0.48/100g;Sweets, Mints & Chewing Gum;Party Packs;null;0.2;null;null;5.7;null;null;0.1;
263755971;Rowntrees Jelly Tots 112G 4 Pack;£1.09;£0.97/100g;Sweets, Mints & Chewing Gum;Party Packs;1495 kJ 196 kJ 8400 kJ -;0.1;null;null;Trace;null;0.1;0.50;
251773725;Fruit-Tella 4 Pack;£1.19;£0.73/100g;Sweets, Mints & Chewing Gum;Party Packs;400 ;0,8;null;null;6,8;null;null;null;
254964040;The Jelly Bean Factory Gourmet Beans 200G;£2.49;£1.25/100g;Sweets, Mints & Chewing Gum;Party Packs;null;null;null;null;null;null;null;null;
281762290;Tesco Cool Coconut 10 Pack 250G;£1.50;£0.60/100g;Sweets, Mints & Chewing Gum;Party Packs;485;3.7;null;46.8;27.7;23.2;5.4;0.4;
280117866;Tangfastics Minis 200G;£1.40;£0.70/100g;Sweets, Mints & Chewing Gum;Party Packs;136;null;null;null;null;null;0.12;Trace;
284278271;Cadbury Eclairs Velvets Coffee 151G;£1.00;£0.66/100g;Sweets, Mints & Chewing Gum;Toffees & Fudge;1895 kJ 131 kJ 8400 kJ/;3.3;null;null;19.5;null;null;0.33;
271086886;Tesco Milk Chocolate Eclairs 200G;null;null;Sweets, Mints & Chewing Gum;Toffees & Fudge;478;5.3;null;51.7;21.0;12.2;0.7;1.3;
266403306;Werthers Original Chewy Toffees 135G;£1.39;£1.03/100g;Sweets, Mints & Chewing Gum;Toffees & Fudge;427 ;3.5;null;null;14.9;null;null;0.63;
268379849;Tesco Sweet Shop Strawberry Bon Bons 200G;£0.89;£0.45/100g;Sweets, Mints & Chewing Gum;Toffees & Fudge;442;0.9;null;63.6;12.3;5.9;0.8;0.1;
271153346;Cadbury Chocolate Eclairs 180G;£1.99;£1.11/100g;Sweets, Mints & Chewing Gum;Toffees & Fudge;null;4.2;null;null;17.5;null;0.4;null;
271950480;Tesco Dairy Fudge 175G;£0.89;£0.51/100g;Sweets, Mints & Chewing Gum;Toffees & Fudge;426;0.3;null;68.9;10.7;5.2;0.5;0.5;
252704467;Werthers Original Stick 50G;£0.60;£1.20/100g;Sweets, Mints & Chewing Gum;Toffees & Fudge;null;null;null;null;null;null;null;null;
284118323;Tesco Spearmint Flavoured Chewy Sweets 200G;£0.89;£0.45/100g;Sweets, Mints & Chewing Gum;Toffees & Fudge;422;0.5;null;60.0;9.3;4.4;0.9;0.1;
280832134;Tesco Finest Harrogate Butter Toffee 150G;£1.99;£1.33/100g;Sweets, Mints & Chewing Gum;Toffees & Fudge;440;2.1;null;43.2;20.8;15.4;0;0.8;
282317989;Cadbury Eclairs Velvets 151G;£1.00;£0.66/100g;Sweets, Mints & Chewing Gum;Toffees & Fudge;1900kJ 130kJ 8400 kJ/;3.3;null;null;20;null;null;0.33;
271086840;Tesco Dairy Toffee 200G;£0.89;£0.45/100g;Sweets, Mints & Chewing Gum;Toffees & Fudge;460;1.8;null;47.9;17.7;9.9;0.5;0.7;
268450396;Thorntons Original Toffee 300G;£3.00;£1.00/100g;Sweets, Mints & Chewing Gum;Toffees & Fudge;2098 kJ -;1.8;null;null;28;null;null;0.68;
277857316;Cadbury Eclair Orange 180G;£1.00;£0.56/100g;Sweets, Mints & Chewing Gum;Toffees & Fudge;1910 kJ 135 kJ;4.3;null;null;17.5;null;null;0.48;
285612393;Thorntons Continental 60Th Birthday 452G;£15.00;£3.32/100g;Sweets, Mints & Chewing Gum;Toffees & Fudge;2199 kJ -;5.7;null;null;31;null;null;0.20;
284181572;Tesco Raspberry Bon Bons 200G;£0.89;£0.45/100g;Sweets, Mints & Chewing Gum;Toffees & Fudge;408;0.1;null;72.3;6.4;2.9;1.1;0.1;
280831469;Tesco Finest Clotted Ceam Fudge 150G;£1.99;£1.33/100g;Sweets, Mints & Chewing Gum;Toffees & Fudge;426;1.4;null;63.6;15.9;10.1;0;0.2;
285612243;Thorntons Continental Viennese 145G;£5.00;£3.45/100g;Sweets, Mints & Chewing Gum;Toffees & Fudge;2281 kJ -;4.1;null;null;33;null;null;0.33;
285612180;Thorntons Continental Alpini 180G;£5.00;£2.78/100g;Sweets, Mints & Chewing Gum;Toffees & Fudge;2253 kJ -;6.9;null;null;31;null;null;0.15;
267104296;Werthers Original 135G;£0.98;£0.54/100g;Sweets, Mints & Chewing Gum;Toffees & Fudge;425 ;0.3;null;null;8.6;null;null;1.00;
267044412;Werthers Original Sugar Free Butter Candy 80G;£0.98;£1.23/100g;Sweets, Mints & Chewing Gum;Toffees & Fudge;290 ;0.2;null;null;8.8;null;null;1.2;
280831982;Tesco Finest Sea Salt Chocolate Fudge 150G;£1.99;£1.33/100g;Sweets, Mints & Chewing Gum;Toffees & Fudge;438;1.6;null;64.8;16.7;10.7;0.8;1.0;
267579107;Bokomo Pro Nutro Chocolate Cereal 500G;£5.00;£1.00/100g;World Foods;African Groceries;null;null;null;null;null;null;null;null;
273824074;General Mills Lucky Charms Cereal Cup 49G;£1.50;£3.07/100g;World Foods;American Groceries;null;8.2;null;null;4.1;null;4.1;null;
274748289;General Mills Lucky Charms Chocolate Cereal 340G;£5.50;£1.62/100g;World Foods;American Groceries;null;3.6;null;null;5.4;null;3.6;null;
274777916;Charleston Chew Vanilla Flavoured Bar 53.2G;£1.10;£2.07/100g;World Foods;American Groceries;null;3.8;null;null;11.3;null;null;0.2;
279600583;Beaver Sweet Hot Mustard 368G;£3.75;£1.02/100g;World Foods;American Groceries;null;null;null;null;null;null;null;null;
286201077;Kelloggs Pop Tarts Frosted Raspberry 416G;£3.50;£0.84/100g;World Foods;American Groceries;null;2;null;17;null;null;null;null;
286186226;Malt-O-Meal Apple Zings Cereal 354G;£3.00;£0.85/100g;World Foods;American Groceries;null;1;null;16;null;null;null;null;
279361588;Kelloggs Pop Tarts Frosted S'mores 416G;£3.50;£0.84/100g;World Foods;American Groceries;null;3;null;19;null;null;null;null;
273824949;General Mills Lucky Charms Cereal 453G;£5.00;£1.11/100g;World Foods;American Groceries;1585kj -;7.4;null;null;3.7;null;3.7;null;
279533282;Kelloggs P/Tarts Frosted Confetti Cupcake 400G;£3.50;£0.88/100g;World Foods;American Groceries;null;2;null;16;null;null;null;null;
281205622;Calhoun Bend Mill Cornbread Mexican Mix 227G;£3.50;£1.55/100g;World Foods;American Groceries;1435kJ 8400kJ;8.3;null;null;2.8;null;5.0;null;
273849373;Kelloggs Pop Tarts Frosted Blueberry 416G;£3.50;£0.84/100g;World Foods;American Groceries;null;3.8;73.1;null;9.6;null;1.9;0.3;
279361283;Kelloggs P/Tarts Frosted Chocchip Cookie Dough 400G;£3.50;£0.88/100g;World Foods;American Groceries;null;2;null;18;null;null;null;null;
273860427;Kelloggs Pop Tarts Frosted Hot Fudge Sundae 384G;£3.50;£0.91/100g;World Foods;American Groceries;null;4.2;70.8;null;10.4;null;4.2;0.4;
274769517;G/M Lucky Charms Treats Marshmallow Cereal Bars 144G;£3.75;£2.61/100g;World Foods;American Groceries;null;less than 1;null;10;null;null;null;null;
273860208;Kelloggs Pop Tarts Frosted Ckies&Creme 400G;£3.50;£0.88/100g;World Foods;American Groceries;null;4.0;70.0;null;10.0;null;2.0;0.6;
279319594;Cheetos Crunchy Cheddar Jalapeno Flavoured Snks 56.7G;£1.40;£2.47/100g;World Foods;American Groceries;null;3.5;null;null;21.2;null;1.8;0.5;
274769575;3 Musketeers Chocolate Bar 54.4G;£1.20;£2.21/100g;World Foods;American Groceries;504;8.0;null;null;24;null;Less than 0.1;null;
286186261;Malt-O-Meal Colossal Crunch Cereal 396G;£3.00;£0.76/100g;World Foods;American Groceries;null;1;null;13;null;null;null;null;
273825476;General Mills Reeses Puffs Cereal 368G;£5.00;£1.36/100g;World Foods;American Groceries;null;6.9;null;null;10.3;null;3.4;null;
273862172;Quaker Instant Grits Original 340.2G;£4.50;£1.33/100g;World Foods;American Groceries;1396kJ -;7.1;null;null;0.1;null;3.6;null;
284515187;Demets Flipz Milk Chocolate Pretzels 100G(C);£2.30;£2.30/100g;World Foods;American Groceries;null;7.5;null;null;18.4;null;3.3;null;
281157802;Hersheys Cookies & Creme Bar 43G;£0.70;£1.63/100g;World Foods;American Groceries;521 ;8.1;null;null;null;null;null;0.6;
286160585;Hersheys Kisses Milk Chocolate 150G;£3.00;£2.00/100g;World Foods;American Groceries;null;3;null;13;null;null;null;null;
284538762;Demets Flipz White Fudge Covered Pretzels 100G(C);£2.30;£2.30/100g;World Foods;American Groceries;null;6.4;null;null;20.1;null;0.73;null;
281612923;Hostess Twinkies Golden Sponge Cakes 10S 385G;£7.50;£1.95/100g;World Foods;American Groceries;null;2.6;null;null;11.7;null;0.0;null;
274769552;Hersheys Payday Peanut Caramel Bar 52G;£1.20;£2.31/100g;World Foods;American Groceries;null;null;null;null;null;null;null;null;
273861357;Durkee Marshmallow Fluff Spread 454G;£4.00;£0.88/100g;World Foods;American Groceries;null;0.0;null;null;0.0;null;null;0.01;
279321636;Jell-O Black Cherry Gelatin Dessert 8.5G;£2.00;£23.53/100g;World Foods;American Groceries;null;40.0;null;null;0.0;null;null;2.4;
279532012;Jell-O Oreo Cookies And Creme Instant Pudding 119G;£2.75;£2.32/100g;World Foods;American Groceries;null;0.0;null;null;3.2;null;0.0;1.3;
283489702;Hersheys Cookies & Chocolate Bar 43G;£0.70;£1.63/100g;World Foods;American Groceries;477 ;7.3;46.6;null;null;null;null;0.2;
283230732;Hersheys Creamy Milk Chocolate Bar 45G;£0.70;£1.56/100g;World Foods;American Groceries;null;8.7;55.5;null;null;null;null;0.25;
274391122;Hersheys Milk Duds Chocolate And Caramel 52G;£1.10;£2.12/100g;World Foods;American Groceries;null;1.9;null;null;15.4;null;null;0.6;
273837289;Jell-O Chocolate Instant Pudding Sugar Free 39G;£2.75;£7.06/100g;World Foods;American Groceries;null;10.0;null;null;0.0;null;10.0;1.1;
279320706;Jiffy Corn Muffin Mix 240G;£1.50;£0.63/100g;World Foods;American Groceries;null;5.3;null;null;11.8;null;2.6;0.9;
279320073;Hersheys Chocolate Syrup 680G;£3.50;£0.52/100g;World Foods;American Groceries;258 ;1.7;null;null;0.9;null;null;0.09;
282819919;Frontera Texas Original Taco Skillet Sauce 226G;£2.25;£1.00/100g;World Foods;American Groceries;null;0;null;null;3.3;null;null;3.2;
279348870;Keebler Ready Crust Graham Crumb Crust 170G;£4.00;£2.36/100g;World Foods;American Groceries;null;4.8;null;null;23.8;null;4.8;0.5;
279320787;Hidden Valley Original Ranch Dressing 236Ml;null;null;World Foods;American Groceries;null;3.3;null;null;46.7;null;0.0;0.9;
281222031;Cream Of Wheat Instant Hot Cereal Original Flavoured 336G;£4.50;£1.34/100g;World Foods;American Groceries;null;3;null;0;null;null;null;null;
279835253;Ice Breakers Fruit Sours Sugar Free 42G;£1.50;£3.58/100g;World Foods;American Groceries;null;null;null;null;null;null;null;null;
279477716;M&Ms Peanut Butter Chocolate Candies 46.2G;£1.50;£3.25/100g;World Foods;American Groceries;null;8.7;null;null;30.3;null;2.2;0.2;
279568655;Mccormick Old Bay Seasoning 170G;£5.00;£2.95/100g;World Foods;American Groceries;null;0.0;null;null;0.0;null;0.0;26.7;
279532484;Mgf Gluten Free Pancake And Waffle Mix 454G;£5.00;£1.11/100g;World Foods;American Groceries;null;10.5;71.1;null;0.0;null;5.3;0.8;
279833059;Mike And Ike Tropical Typhoon Candies 141G;£2.50;£1.78/100g;World Foods;American Groceries;null;0;null;null;0;null;null;Trace;
279477653;Lawrys Seasoned Salt 113G;£2.75;£2.44/100g;World Foods;American Groceries;null;0.0;null;null;0.0;null;0.0;31.7G;
286137677;Mike And Ike Red Rageous Chewy Candies 141G;£2.50;£1.78/100g;World Foods;American Groceries;null;0;null;null;0;null;null;Trace;
279363252;Kraft Macaroni And Cheese Dinner White Cheddar 206.9G;£3.00;£1.45/100g;World Foods;American Groceries;null;14.3;null;null;3.6;null;2.9;0.3;
279477699;M&Ms Mint Dark Chocolate Candies 42.5G;£1.50;£3.53/100g;World Foods;American Groceries;null;4.7;null;null;23.5;null;4.7;0.0;
273751234;Nabisco Grahams Crackers Original 408G;£5.50;£1.35/100g;World Foods;American Groceries;null;4.8G;null;null;9.7G;null;9.5G;0.5G;
279477739;M&Ms Pretzel Chocolate Candies 32.3G;£1.50;£4.65/100g;World Foods;American Groceries;null;6.2;null;null;15.5;null;3.1;0.5;
279363396;Kraft Macaroni And Cheese Dinner Whole Grain 170G;£3.00;£1.77/100g;World Foods;American Groceries;null;11.4;null;null;5.0;null;7.1;0.8;
279797147;Moms American Peanut Butter Crunchy 454G;£4.25;£0.94/100g;World Foods;American Groceries;633 ;23;null;null;49;null;7.9;1.0;
279819941;Mike And Ike Original Fruit Candies 141G;£2.50;£1.78/100g;World Foods;American Groceries;null;0;null;null;0;null;null;Trace;
286169092;Mars Milky Way Simply Caramel Bar 54.1G;£1.30;£2.41/100g;World Foods;American Groceries;null;2;null;31;null;null;null;null;
286185947;Mega Marshmallows Fat Free 700G;£4.00;£0.57/100g;World Foods;American Groceries;1420 kJ 355 kJ -;3.6;79;null;0;null;null;0.02;
273860824;Kraft Macaroni And Cheese Family Size Dinner 411G;£4.75;£1.16/100g;World Foods;American Groceries;null;10;null;6;null;null;null;null;
282819954;Malt-O-Meal Marshmallow Mateys Cereal 320G;£3.00;£0.94/100g;World Foods;American Groceries;null;6.7G;null;null;3.3G;null;3.3G;0.7G;
286137510;Mike And Ike Berry Blast Chewy Candies 141G;£2.50;£1.78/100g;World Foods;American Groceries;null;0;null;null;0;null;null;Trace;
279477664;Lipton Onion Recipe Soup And Dip Mix 56.7G;£4.75;£8.38/100g;World Foods;American Groceries;null;0.0;null;null;0.0;null;14.3;8.7;
279797337;Moms American Peanut Butter Smooth 454G;£4.25;£0.94/100g;World Foods;American Groceries;633 ;23;null;null;49;null;7.9;1.0;
279478053;Nabisco Teddy Grahams Cinnamon Snacks 283G;£5.50;£1.95/100g;World Foods;American Groceries;null;6.7;null;null;13.3;null;6.7;0.3;
284507018;Reeses Pieces Peanut Butter Candy 113G (C);£2.50;£2.22/100g;World Foods;American Groceries;null;12.5;null;null;22.5;null;5.0;0.4;
273924848;Reeses White 2 Peanut Butter Cups 42G;£2.00;£4.77/100g;World Foods;American Groceries;542;11.7;53.7;null;null;null;null;1.0;
279478001;Nabisco Teddy Grahams Chocolate Snacks 283G;£5.50;£1.95/100g;World Foods;American Groceries;null;6.7;null;null;15.0;null;6.7;0.4;
279545210;Reeses Dark Peanut Butter Cups 2S 42G;£1.30;£3.10/100g;World Foods;American Groceries;null;9.5;null;null;33.3;null;4.8;0.3;
279599664;Quaker Instant Oatmeal Flavour Variety 430G;£5.50;£1.28/100g;World Foods;American Groceries;null;9.3;null;null;4.7;null;7.9;0.5;
279570346;Reeses Peanut Butter Chips 283G;£4.75;£1.68/100g;World Foods;American Groceries;null;20.0;null;null;30.0;null;6.7;0.0;
279545544;Snickers Peanut Butter Squared Bar 50.5G;£1.80;£3.57/100g;World Foods;American Groceries;null;7.9;null;null;25.7;null;2.0;0.3;
279477929;Nabisco Oreo Double Stuff Heads Tail Cookies 432G;£6.00;£1.39/100g;World Foods;American Groceries;null;3.4;null;null;24.1;null;0.0;0.3;
286168951;Nestle Oh Henry Bars In Milk Chocolate 2S 51G;£1.30;£2.55/100g;World Foods;American Groceries;null;3;null;24;null;null;null;null;
279489155;Skittles Tropical Candies 61.5G;£1.50;£2.44/100g;World Foods;American Groceries;null;0.0;null;null;4.1;null;0.0;0.0;
279833416;Pop Rocks Popping Candy Cola Flavour 7G;£0.45;£0.64/10g;World Foods;American Groceries;113 Kj 1614 Kj;0;null;null;null;null;null;null;
279833572;Pop Rocks Magic Popping Candy Strawberry Flavoured 6G;£0.45;£0.75/10g;World Foods;American Groceries;48 Kj 1605 Kj;0;null;null;null;null;0 m;null;
279600865;Rufus Teague Touch O Heat Barbecue Sauce 198G;£4.00;£2.03/100g;World Foods;American Groceries;753 kJ -;1.0;null;null;Trace;null;2.0;null;
286167508;Red Vines Original Red Twists 141G;£2.70;£1.92/100g;World Foods;American Groceries;null;1;null;16;null;null;null;null;
273862074;Nestle Butterfinger Candy Bar 53.8G;£1.20;£2.24/100g;World Foods;American Groceries;null;7.5;null;null;20.6;null;1.9;null;
286169112;Skittles Desserts Candies 56.7G;£1.50;£2.65/100g;World Foods;American Groceries;null;0;null;42;null;null;null;null;
273861933;Nestle Baby Ruth Candy Bar 59.5G;£1.00;£1.69/100g;World Foods;American Groceries;null;6.7;null;null;23.5;null;1.7;null;
286169011;Nestle Butter Finger Peanut Butter Cups 42.5G;£1.50;£3.53/100g;World Foods;American Groceries;null;3;null;22;null;null;null;null;
279477866;Nabisco Oreo Chocolate Creme Cookies 432G;£6.00;£1.39/100g;World Foods;American Groceries;null;3.3;null;null;23.3;null;3.3;0.4;
279399371;Snyders Hot Buffalo Wing Pretzel Pces125g;£1.50;£1.20/100g;World Foods;American Groceries;2048.0kj 2560.0kj;7.6;58.6;null;24.5;null;2.4;null;
279600836;Rufus Teague Honey Sweet Barbecue Sauce 198G;£4.00;£2.03/100g;World Foods;American Groceries;878 kJ -;1.0;null;null;Trace;null;2.0;null;
279599802;Beaver Coney Island Hot Dog Mustard 354G;£3.75;£1.06/100g;World Foods;American Groceries;null;null;null;null;null;null;null;null;
279215244;A.1. Steak Sauce 142G;£4.00;£2.82/100g;World Foods;American Groceries;null;0.0;17.6;null;0.0;null;0.0;1.6;
279600456;Beaver Extra Hot Jalapeno Mustard 368G;£3.75;£1.02/100g;World Foods;American Groceries;null;null;null;null;null;null;null;null;
279564573;Heinz Chilli Sauce 340G;£3.50;£1.03/100g;World Foods;American Groceries;null;0.0;null;null;0.0;null;0.0;1.4;
286169132;Wrigleys Extra Sweet Watermelon Sugar Free 15S 40.5G;£1.90;£4.70/100g;World Foods;American Groceries;null;0;null;0;null;null;null;null;
279545901;Twix Peanut Butter Milk Chocolate Bar 47.6G;£1.80;£3.79/100g;World Foods;American Groceries;null;10.7;null;null;30.3;null;4.3;0.3;
273759272;Wonka Nerds Wild Cherry & Watermelon Candy 46.7G;£1.00;£2.15/100g;World Foods;American Groceries;null;0;null;14;null;null;null;null;
279547127;Wonka Surf And Turf Nerds 46.7G;£1.00;£2.15/100g;World Foods;American Groceries;null;0.00;93.3;null;0.00;null;0.0;null;
279319916;Heinz Original Cocktail Sauce 340G;£3.50;£1.03/100g;World Foods;American Groceries;null;1.7;null;null;0.0;null;1.7;1.0;
286133756;Beaver Wasabi Horseradish Extra Hot 354G;£3.75;£1.06/100g;World Foods;American Groceries;null;null;null;null;null;null;null;null;
279546514;Wonka Double Dipped Nerds 46.7G;£1.00;£2.15/100g;World Foods;American Groceries;null;0.00;93.3;null;0.00;null;0.0;null;
279547755;Wrigleys Extra Milk Chocolate Chip Gum Sugar Free 15S 40.5G;£1.90;£4.70/100g;World Foods;American Groceries;null;0.0;null;null;0.0;null;0.0;0.0;
279547450;Wrigleys Big Red Cinnamon Gum 15S 40.5G;£1.90;£4.70/100g;World Foods;American Groceries;null;0;null;2;null;null;null;null;
280803365;Wonka Runts Theatre Box 141.7G;£2.50;£1.77/100g;World Foods;American Groceries;null;0;null;13;null;null;null;null;
278044614;Wonka Rainbow Nerds Theatre Box 141G;£2.50;£1.78/100g;World Foods;American Groceries;null;0;null;14;null;null;null;null;
279546071;Wonka Nerds Strawberry & Grape 46.7G;£1.00;£2.15/100g;World Foods;American Groceries;null;0.0;93.3;null;0;null;0.0;null;
286140010;Frontera Classic Fajita Skillet Sauce 226G;£2.25;£1.00/100g;World Foods;American Groceries;null;0.0;null;null;0.0;null;0.0;3.5;
273881304;Tootsie Roll Bar 63.8G;£0.85;£1.34/100g;World Foods;American Groceries;null;0;null;16;null;null;null;null;
286140315;Frontera Red Chile Enchilada Sauce 226G;£2.25;£1.00/100g;World Foods;American Groceries;null;0.0;null;null;0.0;null;0.0;3.5;
286182933;Ortega Black Beans With Diced Jalapenos 425G;£1.50;£0.35/100g;World Foods;American Groceries;null;6;null;2;null;null;null;null;
279601616;Arizona Green Tea With Ginseng And Honey 473Ml;£2.00;£0.42/100ml;World Foods;American Groceries;null;0.0;null;null;0.0;null;0.0;0.0;
286138169;Frontera New Mexico Taco Skillet Sauce 226G;£2.25;£1.00/100g;World Foods;American Groceries;null;1.0;null;null;1.7;null;1.0;2.3;
286183270;Ortega Refried Beans Traditional 453G;£2.00;£0.44/100g;World Foods;American Groceries;null;7;null;1;null;null;null;null;
286182893;Ortega Diced Green Chiles Mild 113G;£1.75;£1.55/100g;World Foods;American Groceries;null;1;null;1;null;null;null;null;
279489040;Progresso Breadcrumbs Italian Style 425G;£3.50;£0.82/100g;World Foods;American Groceries;null;14.3;null;null;5.4;null;3.6;1.6;
279348599;Kano Pancake Syrup 568G;£3.50;£0.62/100g;World Foods;American Groceries;null;0.0;null;null;0.0;null;0.0;0.1;
273813818;Boylan Natural Root Beer 335Ml;£1.70;£0.51/100ml;World Foods;American Groceries;null;0.0;null;null;0.0;null;0.0;Trace;
286169230;Herrs Salsa Con Queso With Real Cheese 425.3G;£4.00;£0.94/100g;World Foods;American Groceries;null;1;null;1;null;null;null;null;
279601098;Arizona Blueberry White Tea 473Ml;£2.00;£0.42/100ml;World Foods;American Groceries;null;0.0;null;null;0.0;null;0.0;0.0;
286171612;Ortega Taco Kit 283G;£3.50;£1.24/100g;World Foods;American Groceries;null;2;null;2;null;null;null;null;
279169234;Aunt Jemima Original Syrup 355Ml;£4.50;£1.27/100ml;World Foods;American Groceries;null;0.0;86.7;null;0.0;null;0.0;0.2;
286174004;Ortega Taco Sauce Mild 226G;£2.00;£0.89/100g;World Foods;American Groceries;null;0;null;1;null;null;null;null;
279321279;Gatorade Fruit Punch Drink 591Ml;£1.75;£0.30/100ml;World Foods;American Groceries;null;0.0;null;null;0.0;null;0.0;0.0;
286171848;Ortega Taco Seasoning Mix 35.4G;£1.00;£0.28/10g;World Foods;American Groceries;null;0;null;Less than 1;null;null;null;null;
273750621;Hersheys Reeses Shell Topping 205G;£3.19;£1.56/100g;World Foods;American Groceries;null;1;null;null;48.6;null;null;0.5;
279320954;Gatorade Fierce Grape Drink 591Ml;£1.75;£0.30/100ml;World Foods;American Groceries;null;0.0;null;null;0.0;null;0.0;0.0;
286172231;Ortega Taco Sauce Medium 226G;£2.00;£0.89/100g;World Foods;American Groceries;null;0;null;1;null;null;null;null;
279320833;Gatorade Cool Blue Drink 591Ml;£1.75;£0.30/100ml;World Foods;American Groceries;null;0;null;14;null;null;null;null;
286184597;Nestle Coffee Mate Vanilla Latte 425.2G;£6.50;£1.53/100g;World Foods;American Groceries;null;0;null;7;null;null;null;null;
286151861;Snapple Grapeade Juice Drink 473Ml;£1.75;£0.37/100ml;World Foods;American Groceries;190 -;0;null;46;null;null;null;null;
286201768;Whipped Fluffy Marshmallow Spread Vanilla 198G;£1.50;£0.76/100g;World Foods;American Groceries;null;1;null;null;0;null;0;33;
286185383;Reeses Creamy Peanut Butter 510G;£3.49;£0.68/100g;World Foods;American Groceries;null;25.0;null;null;50.0;null;9.4;1.02;
286159789;Snapple Cranberry Raspberry Juice Drink 473Ml;£1.75;£0.37/100ml;World Foods;American Groceries;null;0;null;26;null;null;null;null;
286169190;Herrs Bite Size Dippers Tortilla Chips 368.6G;£4.50;£1.23/100g;World Foods;American Groceries;null;2;null;0;null;null;null;null;
273849200;Karo Light Corn Syrup 473Ml;£3.50;£0.74/100ml;World Foods;American Groceries;null;0;null;null;0;null;null;0.3;
280770949;Jif Peanut Butter Crunchy 454G;£4.00;£0.88/100g;World Foods;American Groceries;null;21.9;null;null;50.0;null;6.3;null;
286159023;Snapple Pink Lemonade Juice Drink 473Ml;£1.75;£0.37/100ml;World Foods;American Groceries;null;0;null;49;null;null;null;null;
286184885;Hersheys Chocolate Spread 368G;£4.50;£1.23/100g;World Foods;American Groceries;null;3;null;19;null;null;null;null;
286159328;Snapple Apple Juice Drink 473Ml;£1.75;£0.37/100ml;World Foods;American Groceries;null;0;null;47;null;null;null;null;
286201578;Whipped Fluffy Marshmallow Spread Strawberry 198G;£1.50;£0.76/100g;World Foods;American Groceries;null;1;null;null;0;null;0;33;
273814103;Crisco All Vegetable Shortening 453G;£3.50;£7.73/kg;World Foods;American Groceries;null;0;null;null;100;null;null;0;
279532248;Mgf Buttermilk And Honey Pancake And Waffle Mix 681G;£6.00;£0.88/100g;World Foods;American Groceries;null;9.1;72.7;null;1.1;null;2.3;1.3;
266677626;Durkee Marshmallow Fluff Strawberry 213G;£1.99;£0.93/100g;World Foods;American Groceries;1382 kJ 166 kJ;1.0;null;null;0.3;null;null;0.1;
279477964;Nabisco Oreo Peanut Butter Creme Cookies 432G;£6.00;£1.39/100g;World Foods;American Groceries;null;8.0;null;null;20.0;null;4.0;0.4;
273861046;Libbys 100% Pure Pumpkin Pie Filling 425G;£2.00;£0.47/100g;World Foods;American Groceries;40 ;1.7;null;null;0.4;null;3.0;null;
279319369;Cheetos Crunchy Cheese Flavoured Snacks 56.7G;£1.40;£2.47/100g;World Foods;American Groceries;null;3.5;null;null;21.2;null;1.8;0.5;
273862212;Smuckers Goober Grape And Peanut Butter Spread 510G;£4.50;£0.88/100g;World Foods;American Groceries;null;13.2;null;null;24.5;null;null;0.7;
273862235;Smuckers Goober Strawberry And Peanut Butter Spread 510G;£4.50;£0.88/100g;World Foods;American Groceries;null;13.2;null;null;24.5;null;null;0.7;
286211825;Snyders Honey Mustard And Onion Pretzels 340.2G;£3.30;£0.97/100g;World Foods;American Groceries;null;7.1;null;null;25.0;null;0.0;2.1;
279602425;Jack Links Beef Jerky Sweet And Hot 25G;£1.70;£6.80/100g;World Foods;American Groceries;1144 kJ - 286 kJ;38.8;null;null;3.3;null;null;4.6;
274391145;Snyders Jalapeno Pretzel Pieces 125G;£1.50;£1.20/100g;World Foods;American Groceries;2176kj 2720kj;7.1;68;null;24.4;null;3.2;null;
274391180;Snyders Honey Mustard And Onion Pretzel Pces125g;£1.50;£1.20/100g;World Foods;American Groceries;2017kj 2521kj;7.0;60.3;null;23.6;null;3.1;null;
286212162;Snyders Jalapeno Pretzel Pieces 340.2G;£3.30;£0.97/100g;World Foods;American Groceries;null;7.1;null;null;17.9;null;0.0;3.3;
286169178;Nabisco Oreo Mint Creme Chocolate Cookies 432G;£6.00;£1.39/100g;World Foods;American Groceries;null;null;null;13;null;null;null;null;
279602327;Jack Links Beef Jerky Original 25G;£1.70;£6.80/100g;World Foods;American Groceries;1227 kJ - 307 kJ;45.0;null;null;3.3;null;null;5.3;
267753166;Royal Rassogulla 500G;£3.00;£0.60/100g;World Foods;Asian Groceries;null;null;null;null;null;null;null;null;
277614633;Thai Taste Coconut Milk Pouch 200Ml;£1.29;£0.65/100ml;World Foods;Asian Groceries;186 ;1.4;null;null;18.8;null;null;0.05;
272855073;Yutaka Soba Noodles 250G;£1.29;£0.52/100g;World Foods;Asian Groceries;349;11.5;null;null;1.2;null;null;1.5;
267019345;Levi Roots Reggae Reggae Cooking Sauce 350G;£1.49;£0.43/100g;World Foods;Asian Groceries;127;1.3;null;null;1.2;null;null;0.65;
286059297;Pizza Mia Halal Pepperoni Pizza 365G;£2.20;£0.60/100g;World Foods;Asian Groceries;270 ;12.8;28.0;3.0;11.3;4.7;2.7;1.20;
253663271;Yutaka Japanese Wasabi Paste 43G;£1.99;£4.63/100g;World Foods;Asian Groceries;256;3.84;null;null;9.2;null;null;5.4;
267752835;Royal Rassomalai 500G;£3.50;£0.70/100g;World Foods;Asian Groceries;null;null;null;null;null;null;null;null;
272666106;Blue Dragon Coconut Cream Block 200G;£1.35;£0.68/100g;World Foods;Asian Groceries;666;7.1;7.7;null;63.6;null;null;0.1;
268548356;Royal Gajar Halwa 250G;£3.00;£1.20/100g;World Foods;Asian Groceries;null;null;null;null;null;null;null;null;
272666227;Blue Dragon Fish Sauce 150Ml;£1.39;£0.93/100ml;World Foods;Asian Groceries;57;7.8;null;null;0.1;null;null;26.2;
282842931;Yutaka Red Miso Soup 50G;£1.50;£3.00/100g;World Foods;Asian Groceries;745kJ 123kJ;11.9;null;null;6.2;null;null;9.7;
272652186;Thai Taste Easy Pad Thai Meal Kit 232G;£2.29;£0.99/100g;World Foods;Asian Groceries;274 ;6.4;null;null;1.1;null;null;1.8;
253663576;Yutaka Sushi Ginger 190G;£1.99;£1.05/100g;World Foods;Asian Groceries;6;0.1;null;null;02;null;null;2.14;
282529592;Thai Taste Rice Noodles 200G;£1.49;£0.75/100g;World Foods;Asian Groceries;347 ;4.8;null;null;0.6;null;null;0.5;
253656602;Yutaka Japanese Mirin 150Ml;£1.59;£1.06/100ml;World Foods;Asian Groceries;218 ;0.1;null;null;0.5;null;null;0.1;
253662911;Yutaka Sushi Nori 11G;£1.79;£16.28/100g;World Foods;Asian Groceries;1024kJ/ -;53.3;null;null;2.9;null;null;1.4;
259873306;Thai Taste Yellow Chilli And Ginger 200Ml;£1.29;£0.65/100ml;World Foods;Asian Groceries;148 ;0.1;null;null;0.1;null;null;null;
267753045;Royal Gulabjam 500G;£3.00;£0.60/100g;World Foods;Asian Groceries;null;null;null;null;null;null;null;null;
286059176;Pizza Mia Halal Meat Feast Pizza 395G;null;null;World Foods;Asian Groceries;254 ;11.8;29.9;2.9;9.1;3.9;2.5;1.20;
280678754;Nem Viet Pho Kit 160G;£2.69;£1.69/100g;World Foods;Asian Groceries;281 ;4.8;null;null;0.5;null;null;6.8;
253656458;Yutaka Sushi Rice 500G;£1.99;£0.40/100g;World Foods;Asian Groceries;343;6.7;null;null;0.5;null;null;0.01;
282669860;Al'fez Natural Tahini 160G;£1.99;£1.25/100g;World Foods;Asian Groceries;686 ;24.5;12;null;60;null;11.6;0.43;
272916318;Yutaka Tofu 349G;£1.59;£0.46/100g;World Foods;Asian Groceries;62;6.9;null;null;2.7;null;null;0.1;
272854926;Yutaka Udon Noodles 250G;£1.29;£0.52/100g;World Foods;Asian Groceries;352;9.5;null;null;0.9;null;null;2.3;
261502786;Ahmed Halal Mango Jelly 85G;£0.50;£5.89/kg;World Foods;Asian Groceries;80Kcal;0;null;null;0;null;0;null;
287690480;Kohinoor Rice Bran Oil 500Ml;£2.00;£0.40/100ml;World Foods;Asian Groceries;824 ;0;null;null;91.5;null;0;0;
265579151;East End Premium Chakki Gold Atta 5Kg;£4.50;£0.90/kg;World Foods;Asian Groceries;331;10.5;null;null;1.1;null;8.6;null;
255776883;Al'fez Falafel 150G;£0.99;£0.66/100g;World Foods;Asian Groceries;null;7.1;null;null;13.8;null;8.8;null;
282669402;Alfez Apricot And Chilli Stir Fry 120G;£1.49;£1.25/100g;World Foods;Asian Groceries;null;1.19;14.1;null;7.0;null;1.29;0.52;
282669742;Al'fez Moroccan Meal Kit 275G;£2.49;£0.91/100g;World Foods;Asian Groceries;null;7.3;50.2;null;6.3;null;3.8;0.59;
287529955;Ktc Cold Pressed Linseed Oil 250Ml;£2.00;£0.80/100ml;World Foods;Asian Groceries;null;null;null;null;null;null;null;null;
287524592;Ktc 100% Virgin Coconut Oil Pure And Natural 500Ml;£9.00;£1.80/100ml;World Foods;Asian Groceries;898;0;null;null;99.8;null;0;0;
282669468;Al'fez Paprika And Coriandr Stir Fry 120G;£1.49;£1.25/100g;World Foods;Asian Groceries;null;1.9;7.4;null;4.6;null;1.29;0.2;
259876332;Al'fez Apricot And Coriander Tagine Pour Sauce 350G;£1.89;£0.54/100g;World Foods;Asian Groceries;null;1.4;19.0;null;5.1;null;1.2;null;
287530411;Ktc Pure Almond Oil 750Ml;£5.00;£0.67/100ml;World Foods;Asian Groceries;null;null;null;null;null;null;null;null;
282669635;Al'fez Moroccan Meatball Sauce 350G;£1.99;£0.57/100g;World Foods;Asian Groceries;null;1.6;15.2;null;5.5;null;0.5;0.34;
259874910;Al'fez Harissa Paste 100G;£1.79;£1.79/100g;World Foods;Asian Groceries;null;4.0;null;null;11.2;null;3.4;2.02;
261501653;Ahmed Halal Strawberry Jelly 85G;£0.50;£5.89/kg;World Foods;Asian Groceries;80Kcal;0;null;null;0;null;0;null;
282842842;Yutaka Yellow Miso Soup 50G;£1.50;£3.00/100g;World Foods;Asian Groceries;653kJ 108kJ;9.7;null;null;4.8;null;null;10.1;
287524632;Ktc Pure Groundnut Peanut Oil 1 Litre;£3.00;£0.30/100ml;World Foods;Asian Groceries;899;Nil;null;null;99.9;null;null;null;
259669825;Pillsbury Chakki Fresh Atta 5Kg;£6.50;£1.30/kg;World Foods;Asian Groceries;407kJ 1355kJ;3.6;null;null;null;null;null;null;
265181200;Koh-I-Noor Besan Gram Flour 1Kg;£1.29;£1.29/kg;World Foods;Asian Groceries;1490kJ;22.2;null;null;3.2;null;7.0;null;
272477762;Tesco Medium Chapatti Flour 5Kg;£3.00;£0.60/kg;World Foods;Asian Groceries;367;11.9;null;1.4;1.6;0.3;5.7;0.01;
253221086;Apna Rice 5Kg;£6.00;£1.20/kg;World Foods;Asian Groceries;360 K cal / 1560kJ;8.9;null;null;1.6;null;null;null;
265923769;Laila Light Atta Medium Flour 10Kg;£6.00;£0.60/kg;World Foods;Asian Groceries;319 ;10.9;null;null;1.8;null;8.0;null;
283820103;Badshah Superior Aged Basmati Rice 7.5Kg;£8.00;£1.07/kg;World Foods;Asian Groceries;350;8.6;null;null;0.9;null;1.5;Trace;
261501476;East End Premium Gold Chakki Atta 1.5Kg;£2.00;£1.34/kg;World Foods;Asian Groceries;331;10.5;null;null;1.1;null;8.6;null;
267128509;Natco Rice Flour 1.5Kg;£1.79;£1.20/kg;World Foods;Asian Groceries;1473kJ -;6.5;null;null;1.0;null;null;null;
271657355;Tesco Medium Chapatti Flour 10Kg;£5.00;£0.50/kg;World Foods;Asian Groceries;367;11.9;null;1.4;1.6;0.3;5.7;0.01;
267780087;Akash Basmati Rice 5Kg;£8.00;£1.60/kg;World Foods;Asian Groceries;351;7.3;null;null;0.6;null;0.9;trace;
266030234;Kohinoor Gold Basmati Rice 10Kg;£14.00;£1.40/kg;World Foods;Asian Groceries;355;9.4;null;null;1.2;null;0.5;0;
259665645;Laila Chapatti Flour 1.5Kg;£1.79;£1.20/kg;World Foods;Asian Groceries;319 ;10.9;null;null;1.8;null;8.0;null;
267780070;Akash Basmati Rice 2Kg;£4.50;£2.25/kg;World Foods;Asian Groceries;1464 kilojoules -;null;null;null;null;null;0.5 rams;null;
267830639;Akash Basmati Rice 10Kg;£15.00;£1.50/kg;World Foods;Asian Groceries;351;7.3;null;null;0.6;null;0.9;trace;
283819250;Badshah Superior Aged Basmati Rice 4Kg;£6.00;£1.50/kg;World Foods;Asian Groceries;350;8.6;null;null;0.9;null;1.5;null;
261627216;Virani Gram Flour 2Kg;£2.59;£1.30/kg;World Foods;Asian Groceries;1583kJ;22.9;null;null;6.5;null;6.7;null;
272478254;Tesco Wholemeal Chapatti Flour 10Kg;£5.50;£0.55/kg;World Foods;Asian Groceries;330;12.3;null;4.2;1.1;0.2;8.8;0.1;
272478156;Tesco Everyday Value Chapatti Flour 10Kg;£4.00;£0.40/kg;World Foods;Asian Groceries;334;12.0;null;4.2;0.9;0.2;7.3;0.1;
287508928;Akash Brown Basmati Rice 2Kg;£4.00;£2.00/kg;World Foods;Asian Groceries;1598kj;8.9;null;null;2.5;null;2.2;trace;
272477900;Tesco Fine White Chapatti Flour 10Kg;£5.50;£0.55/kg;World Foods;Asian Groceries;338;11.5;null;3.7;0.7;0.1;5.0;0.1;
284851865;Kohinoor Gold Extra Long Basmati Rice 4Kg;null;null;World Foods;Asian Groceries;null;null;null;null;null;null;null;null;
268557915;Laila Basmati Rice 4Kg;£7.00;£1.75/kg;World Foods;Asian Groceries;372;8.9;null;null;1.6;null;null;null;
267052333;Tesco Finest Basmati Rice 10Kg;£16.50;£1.65/kg;World Foods;Asian Groceries;349;8.5;null;0.1;0.8;0.3;2.1;0;
272384635;Tesco Everyday Value Basmati Rice 2Kg;£2.75;£1.38/kg;World Foods;Asian Groceries;356;8.5;null;0.2;1.0;0.2;1.8;0.01;
272206992;Tesco Finest Basmati Rice 2Kg;£4.50;£2.25/kg;World Foods;Asian Groceries;349;8.5;null;0.1;0.8;0.3;2.1;0;
267052097;Tesco Finest Basmati Rice 5Kg;£9.00;£1.80/kg;World Foods;Asian Groceries;349;8.5;null;0.1;0.8;0.3;2.1;0;
267052346;Tesco Pakistani Basmati Rice 5Kg;£7.00;£1.40/kg;World Foods;Asian Groceries;355;8.5;null;0.3;0.9;0.2;0.4;null;
272691657;Kohinoor Gold Basmati Rice 2Kg;£4.50;£2.25/kg;World Foods;Asian Groceries;346;7;null;null;0.6;null;null;null;
259674185;Tilda Pure Basmati Rice 4Kg;£10.00;£2.50/kg;World Foods;Asian Groceries;null;7.8;null;null;0.8;null;1.0;0.01;
272384042;Tesco Indian Basmati Rice 2Kg;£3.00;£1.50/kg;World Foods;Asian Groceries;360;8.5;null;0.2;1.0;0.2;1.8;null;
267573079;Tesco Everyday Value Basmati Rice 5Kg;£6.50;£1.30/kg;World Foods;Asian Groceries;356;8.5;null;0.2;1.0;0.2;1.8;0.01;
267573309;Tesco Everyday Value Basmati Rice 10Kg;£12.50;£1.25/kg;World Foods;Asian Groceries;356;8.5;null;0.2;1.0;0.2;1.8;0.01;
264339076;Rozana Everyday Rice 5Kg;£6.00;£1.20/kg;World Foods;Asian Groceries;349;7.8;null;null;0.9;null;1.8;Trace;
267574124;Tesco Indian Basmati Rice 10Kg;£13.50;£1.35/kg;World Foods;Asian Groceries;360;8.5;null;0.2;1.0;0.2;1.8;0.01;
267161935;Tesco Everyday Value Broken Basmati Rice 10Kg;£7.50;£0.75/kg;World Foods;Asian Groceries;356;8.5;null;0.2;1.0;0.2;1.8;0;
267052356;Tesco Pakistani Basmati Rice 10Kg;£13.50;£1.35/kg;World Foods;Asian Groceries;355;8.5;null;0.3;0.9;0.2;0.4;null;
263501068;Tilda Pure Basmati Rice 7.5Kg;£17.50;£2.34/kg;World Foods;Asian Groceries;null;7.8;null;null;0.8;null;1.0;0.01;
266688982;Tesco Indian Basmati Rice 5Kg;£7.25;£1.45/kg;World Foods;Asian Groceries;360;8.5;null;0.2;1.0;0.2;1.8;0.01;
282248120;Tilda Humara Kheer Rice 220G;£1.00;£0.46/100g;World Foods;Asian Groceries;null;2.1;null;null;8.3;null;0.5;0.1;
272490175;Laila Basmati Rice 2Kg;£4.00;£2.00/kg;World Foods;Asian Groceries;360;8.9;null;null;1.6;null;null;null;
267142215;East End Kewra Water 190Ml;£0.99;£0.52/100ml;World Foods;Asian Groceries;null;null;null;null;null;null;null;null;
267142181;East End Rose Water 190Ml;£0.99;£0.52/100ml;World Foods;Asian Groceries;null;null;null;null;null;null;null;null;
287531208;Maaza Tropical Juice Drink 1 Litre;£1.20;£0.12/100ml;World Foods;Asian Groceries;218 kJ = 53 cal;null;13 r;null;0.0 r;null;null;0.02 r;
253320280;Rubicon Lychee Exotic Juice Drink 288Ml;£0.60;£0.21/100ml;World Foods;Asian Groceries;55;0;null;null;0;null;null;0;
272409850;Rubicon Mango Light Juice Drink 1Ltr;£1.29;£0.13/100ml;World Foods;Asian Groceries;17;0.5;null;null;0;null;null;0.02;
267687532;Rooh Afza Summer Drink 800Ml;£3.39;£0.42/100ml;World Foods;Asian Groceries;null;null;null;null;null;null;null;null;
256735746;Rubicon Exotic Guanabana Juice Drink 1 Litre;£1.29;£0.13/100ml;World Foods;Asian Groceries;54;0.5;null;null;0;null;null;0.01;
265626332;Rubicon Guava Juice Drink 1 Litre;£1.49;£0.15/100ml;World Foods;Asian Groceries;54;0;null;null;0;null;null;0.01;
287531220;Maaza Banana Juice Drink 1 Litre;£1.20;£0.12/100ml;World Foods;Asian Groceries;258 kJ = 61 cal;null;14.7 r;null;0.0 r;null;null;0.02 r;
253320781;Rubicon Guava Exotic Juice Drink 288Ml;£0.60;£0.21/100ml;World Foods;Asian Groceries;54;0;null;null;0;null;null;0.01;
282154242;Foco Coconut Water Mango 500Ml;£1.99;£0.40/100ml;World Foods;Asian Groceries;25 ;0.2;null;null;0.1;null;null;0.1;
251286340;Rubicon Lychee Juice Drink 1 Litre;£1.29;£0.13/100ml;World Foods;Asian Groceries;55;0;null;null;0;null;null;0;
287531243;Maaza Lychee Juice Drink 1 Litre;£1.20;£0.12/100ml;World Foods;Asian Groceries;211 kJ = 50 cal;null;12.1 r;null;0.0 r;null;null;0.02 r;
282615567;Trophy Basmati Rice 8Kg;£8.99;£1.13/kg;World Foods;Asian Groceries;347 Kcal;7;null;null;1;null;2;null;
287531180;Maaza Guava Juice Drink 1 Litre;£1.20;£0.12/100ml;World Foods;Asian Groceries;212 kJ = 50 cal;null;11.9 r;11.6 r;0.0 r;null;null;0.02;
287547403;Maaza Papaya Juice Drink 1 Litre;£1.20;£0.12/100ml;World Foods;Asian Groceries;182 kJ = 43 cal;null;10.2;null;0.0;null;null;0.02;
276918120;Foco Coconut Water 500Ml;£1.99;£0.40/100ml;World Foods;Asian Groceries;22 ;0.1;null;null;0.2;null;null;trace;
261625604;East End Mango Juice Drink 1L;£0.90;£0.90/l;World Foods;Asian Groceries;54;0.5;null;null;0.5;null;0.6;0.01;
287531168;Maaza Mango Juice Drink 1 Litre;£1.20;£0.12/100ml;World Foods;Asian Groceries;215 kJ = 51 cal;null;12.4 r;null;0.0 r;null;null;0.02 r;
261625437;Rubicon Mango Exotic Juice Drink 288Ml;£0.60;£0.21/100ml;World Foods;Asian Groceries;54;0.5;null;null;0;null;null;0;
278004680;Rubicon Mango Sparkling Drink 8 X 330Ml;£3.79;£0.14/100ml;World Foods;Asian Groceries;49;0.5;null;null;0;null;null;0.01;
265182389;Rubicon Water Melon Juice Drink 1Ltr;£1.29;£0.13/100ml;World Foods;Asian Groceries;42;0.5;null;null;0;null;null;0;
254866507;Rubicon Sparkling Mango Juice Drink 330Ml;£0.60;£0.18/100ml;World Foods;Asian Groceries;49;0.5;null;null;0;null;null;0.01;
256607708;Sun Exotic Pineapple And Coconut Juice Drink 1Ltr;£1.29;£0.13/100ml;World Foods;Asian Groceries;53;0;null;null;0;null;null;0.01;
275454836;Rubicon Sparklng Passion Juice Drink 2Ltr;£1.60;£0.08/100ml;World Foods;Asian Groceries;53;0.5;null;null;0;null;null;0.02;
271383321;Saka Natural Mineral Water 6 X 1.5Ltr;£2.00;£0.02/100ml;World Foods;Asian Groceries;null;null;null;null;null;null;null;null;
272758597;Rubicon Still Guava Juice Drink 500Ml;£1.19;£0.24/100ml;World Foods;Asian Groceries;54;0;null;null;0;null;null;0.02;
265415645;Rubicon Pomegranate Juice Drink 1Ltr;£1.29;£0.13/100ml;World Foods;Asian Groceries;47;0.5;null;null;0;null;null;0.01;
284197162;Singh Is King Energy Drink 250Ml;£0.50;£0.20/100ml;World Foods;Asian Groceries;null;0,40;null;null;0,10;null;0,10;0,07;
254866513;Rubicon Sparkling Passion Fruit Juice Drink 330Ml;£0.60;£0.18/100ml;World Foods;Asian Groceries;52;0;null;null;0;null;null;0.01;
254866467;Rubicon Sparkling Guava Juice Drink 330Ml;£0.60;£0.18/100ml;World Foods;Asian Groceries;52;0;null;null;0;null;null;0;
275290355;Rubicon Sparklng Mango Juice Drink 2Ltr;£1.60;£0.08/100ml;World Foods;Asian Groceries;49;0.5;null;null;0;null;null;0.02;
254390067;Rubicon Passion Fruit Juice Drink 1Ltr;£1.29;£0.13/100ml;World Foods;Asian Groceries;55;0.5;null;null;0;null;null;0.01;
274184362;Rubicon Sparkling Pomegranate Drink 330Ml;£0.60;£0.18/100ml;World Foods;Asian Groceries;52;0;null;null;0;null;null;0.01;
261732419;Rubicon Sparkling Lychee Juice Drink 330Ml;£0.60;£0.18/100ml;World Foods;Asian Groceries;53;0.01;null;null;0;null;0.5;null;
272758712;Rubicon Still Mango Juice Drink 500Ml;£1.19;£0.24/100ml;World Foods;Asian Groceries;54;0.5;null;null;0;null;null;0.02;
261818313;Rubicon Sparkling Mango Juice Drink 500Ml;£1.19;£0.24/100ml;World Foods;Asian Groceries;49;0.5;null;null;0;null;null;0.02;
272417391;Rubicon Passion Fruit Sparkling Drink 8 X 330Ml;£3.99;£0.15/100ml;World Foods;Asian Groceries;52;0;null;null;0;null;null;0.01;
280609512;Rubicon Sparkling Lychee Drink 2 Litre;£1.60;£0.08/100ml;World Foods;Asian Groceries;53;0.5;null;null;0;null;null;0.02;
253321895;Rubicon Passion Fruit Exotic Juice Drink 288Ml;£0.60;£0.21/100ml;World Foods;Asian Groceries;55;0.5;null;null;0;null;null;0.01;
277486224;Sun Exotic Sparkling Tropical Drink 2 Litre;£1.59;£0.08/100ml;World Foods;Asian Groceries;52;0;null;null;0;null;null;0.05;
258017672;Suncrest Lassi Yoghurt Drink Sweet 500G;£1.10;£0.22/100g;World Foods;Asian Groceries;301KJ -;2.9;12.2;null;1.3;null;null;null;
277486207;Sun Exotic Sparkling Pineapple And Coconut Drink 2 Litre;£1.59;£0.08/100ml;World Foods;Asian Groceries;53;0;null;null;0;null;null;0.05;
287530929;Thai Coco Pure Coconut Water 1 Litre;£3.00;£0.30/100ml;World Foods;Asian Groceries;null;0;null;10;0;null;null;null;
287530702;Suncrest Mango Juice Drink 250Ml;£0.50;£0.20/100ml;World Foods;Asian Groceries;49;0.2;null;null;0.1;null;Less than 0.1;Less than 0.1;
287530866;Suncrest Lassi Yoghurt Drink Strawberry And Raspberry 500G;£1.10;£0.22/100g;World Foods;Asian Groceries;3;2.8;11.6;null;0.1;null;0;null;
266289792;Sun Exotic Pineapple And Coconut Juice Drink 330Ml;£0.60;£0.18/100ml;World Foods;Asian Groceries;53;0;null;null;0;null;null;0.04;
273169578;Wonderfarm Young Coconut Water 330Ml;£0.59;£0.18/100ml;World Foods;Asian Groceries;38Kcal;0.1;null;null;0.1;null;0;null;
287530820;Suncrest Sparkling Mango Juice Drink 330Ml;£0.50;£0.15/100ml;World Foods;Asian Groceries;52 ;0;12.8;null;0;null;null;0;
265273633;Sunpride Mango Juice Drink 1 Litre;£0.69;£0.07/100ml;World Foods;Asian Groceries;198kJoules -;0.1;null;null;Trace;null;0.4;null;
265557766;Sunpride Tropical Juice Drink 1 Litre;£0.69;£0.07/100ml;World Foods;Asian Groceries;96kJoules 192kJoules;Trace;null;null;Trace;null;Trace;null;
258017741;Suncrest Lassi Yoghurt Drink Mango 500G;£1.10;£0.22/100g;World Foods;Asian Groceries;292KJ - 69.8 KCAL;2.7;12.1;null;1.2;null;null;null;
287854425;Suncrest Aloe Vera Original Drink 500Ml;null;null;World Foods;Asian Groceries;2 ;0;null;null;0;null;0;0.021;
287854483;Suncrest Aloe Vera Mango Drink 500Ml;null;null;World Foods;Asian Groceries;6 ;0;null;null;0;null;0;0.018;
284427732;White Pearl Red Grape Juice Drink 750Ml;£1.50;£0.20/100ml;World Foods;Asian Groceries;64;0.0;15.6;null;0.0;null;null;0.03;
256681993;Sun Exotic Tropical Fruit Juice Drink 1Ltr;£1.29;£0.13/100ml;World Foods;Asian Groceries;50;0;null;null;0;null;null;0;
287530662;Suncrest Tropical Fruit Juice Drink 250Ml;£0.50;£0.20/100ml;World Foods;Asian Groceries;46;0.3;null;null;0.2;null;Less than 0.1;Less than 0.1;
287530797;Suncrest Hawaiian Fruit Juice Drink 250Ml;£0.50;£0.20/100ml;World Foods;Asian Groceries;48;0.2;null;null;0.1;null;Less than 0.1;Less than 0.1;
284429082;White Pearl White Grape Juice Drink 750Ml;£1.50;£0.20/100ml;World Foods;Asian Groceries;64;0.0;15.6;null;0.0;null;null;0.03;
287530843;Suncrest Sparkling Passion Fruit Juice Drink 330Ml;£0.50;£0.15/100ml;World Foods;Asian Groceries;52 ;0;12.8;null;0;null;null;0;
272451320;Aasani Chilli And Lemon Potato Twists 90G;£0.59;£0.66/100g;World Foods;Asian Groceries;487;3.8;null;1.7;24.6;2.4;3.8;2.5;
273121410;Cofresh Chilli And Lemon Potato Grills 33G;£0.40;£1.43/100g;World Foods;Asian Groceries;null;2.56;null;null;22.94;null;null;null;
287593468;Cofresh Hot Chilli Flavour Potato Hoops 80G;£0.70;£0.88/100g;World Foods;Asian Groceries;null;2.75;null;null;25.17;null;null;null;
272450839;Aasani Masala Potato Twists 90G;£0.59;£0.66/100g;World Foods;Asian Groceries;487;3.7;null;2.9;24.5;2.4;3.6;2.8;
287549856;Cofresh Chilli Potato Spirals Hot And Spicy 80G;£0.70;£0.88/100g;World Foods;Asian Groceries;null;3.38;null;null;24.82;null;null;null;
282299715;Cofresh Fun Bite Chilli Cheese And Jalapeno Puffs 80G;£0.70;£0.88/100g;World Foods;Asian Groceries;null;null;null;null;null;null;null;null;
287549729;Cofresh Chilli And Lemon Flavour Potato Grills 80G;£0.70;£0.88/100g;World Foods;Asian Groceries;null;2.56;null;null;22.94;null;null;null;
287548517;Cofresh Chana Dal 325G;£1.00;£0.31/100g;World Foods;Asian Groceries;null;20.88;null;null;20.32;null;null;null;
287569515;Cofresh Cheese And Onion Flavour Potato Grills 80G;£0.70;£0.88/100g;World Foods;Asian Groceries;null;2.61;null;null;22.98;null;null;null;
287548362;Cofresh Gujarati Mix 325G;£1.00;£0.31/100g;World Foods;Asian Groceries;null;17.19;null;null;28.04;null;null;null;
287548270;Cofresh Bombay Mix 325G;£1.00;£0.31/100g;World Foods;Asian Groceries;null;9.19;null;null;17.36;null;null;null;
267356233;Cofresh Chilli And Lemon Party Snack Mix 90G;£0.70;£0.78/100g;World Foods;Asian Groceries;null;null;null;null;null;null;null;null;
282299600;Cofresh Assorted Fun Bites Multi Pack 12 X 8G;£1.29;£1.35/100g;World Foods;Asian Groceries;null;null;null;null;null;null;null;null;
268581528;Cofresh Cornflake Mix No Sugar 325G;£0.99;£0.31/100g;World Foods;Asian Groceries;null;null;null;null;null;null;null;null;
287549038;Cofresh Corn Flake Mix 325G;£1.00;£0.31/100g;World Foods;Asian Groceries;null;9.63;null;null;32.92;null;null;null;
287549228;Cofresh Chevda 325G;£1.00;£0.31/100g;World Foods;Asian Groceries;null;16.38;null;null;31.68;null;null;null;
265725036;Cofresh Cassava Chilli Chips 180G;£0.89;£0.49/100g;World Foods;Asian Groceries;null;1.63;null;null;21.16;null;null;null;
268456378;Cofresh Chilli And Lemon Potato Fries 175G;£1.49;£0.85/100g;World Foods;Asian Groceries;null;null;null;null;null;null;null;null;
259588074;Cofresh Chakri Sticks 300G;£1.38;£0.46/100g;World Foods;Asian Groceries;null;null;null;null;null;null;null;null;
282299675;Cofresh Fun Bites Spicy Tomato Puffs 80G;£0.70;£0.88/100g;World Foods;Asian Groceries;null;null;null;null;null;null;null;null;
273121709;Cofresh Hot Chilli Potato Hoops 28G;£0.40;£1.43/100g;World Foods;Asian Groceries;null;2.75;null;null;25.17;null;null;null;
287569671;Cofresh Mild And Tangy Jalapeno Potato Grills 80G;£0.70;£0.88/100g;World Foods;Asian Groceries;null;3.56;null;null;22.9;null;null;null;
287547979;Cofresh Sev Mamra 325G;£1.00;£0.31/100g;World Foods;Asian Groceries;null;15.13;null;null;31.49;null;null;null;
287605082;Oh My Guru Cool Raita Potato Crisps 150G;£1.89;£1.26/100g;World Foods;Asian Groceries;2109kJ/ 633kJ/;5.7;53.7;null;29.2;null;2.4;1.49;
287548068;Cofresh Spicy Chick Peas 325G;£1.00;£0.31/100g;World Foods;Asian Groceries;null;18.44;null;null;10.47;null;null;null;
287547864;Cofresh London Mix 325G;£1.00;£0.31/100g;World Foods;Asian Groceries;null;null;null;null;null;null;null;null;
287548682;Cofresh Spicy Green Peas And Peanuts 325G;£1.00;£0.31/100g;World Foods;Asian Groceries;null;21.19;null;null;12.71;null;null;null;
267345908;Haldirams Masala Moong Dal 200G;£1.19;£0.60/100g;World Foods;Asian Groceries;466 ;20;null;null;20;null;null;null;
261492230;Haldirams Aloo Bhujia 200G;£1.19;£0.60/100g;World Foods;Asian Groceries;265kJ 2646kJ;0.5;null;null;null;null;null;null;
282223725;Kohinoor Bhakarwadi 200G;£1.09;£0.55/100g;World Foods;Asian Groceries;2245 kJ 673.50 kJ 8.0;10;null;null;33;null;1;1.67;
287572332;Cofresh Potato Crisps Chilli And Masala Flavoured 100G;null;null;World Foods;Asian Groceries;2201kJ 550kJ -;5.9;null;null;31.6;null;3.7;1.8;
287593497;Cofresh Hot Chilli Potato Crinkles 80G;£0.70;£0.88/100g;World Foods;Asian Groceries;null;4.38;null;null;19.93;null;null;null;
287547708;Cofresh Spicy Balti Mix 325G;£1.00;£0.31/100g;World Foods;Asian Groceries;null;10.63;null;null;27.66;null;null;null;
259951145;Haldirams Khatta Meetha 200G;£1.19;£0.60/100g;World Foods;Asian Groceries;235kJ 2352kJ;1;null;null;null;null;null;null;
287593226;Cofresh Potato Crisps Sweet Chilli Flavoured 100G;null;null;World Foods;Asian Groceries;2207kJ 552kJ -;5.8;null;null;31.3;null;3.0;1.4;
282223748;Kohinoor Mini Samosas 200G;£1.09;£0.55/100g;World Foods;Asian Groceries;2245 kJ 673.50 kJ 8.0;10;null;null;33;null;0;2.17;
259951208;Haldirams Bombay Mix 200G;£1.19;£0.60/100g;World Foods;Asian Groceries;235 kJ 2352 kJ;2;null;null;null;null;null;null;
282223685;Kohinoor Hing Chana 200G;£1.09;£0.55/100g;World Foods;Asian Groceries;1714 kJ 514.20 kJ 6.1;20;null;null;10;null;20;2.23;
287605122;Oh My Guru Hot Masala Potato Crisps 150G;£1.89;£1.26/100g;World Foods;Asian Groceries;2120kJ/ 636kJ/;5.7;53.7;null;29.4;null;2.8;1.17;
273121634;Cofresh Jalapeno Potato Grills 33G;£0.40;£1.43/100g;World Foods;Asian Groceries;null;3.56;null;null;22.9;null;null;null;
271059280;Regal Madeira Cakes Triple Value Pack 3 Pieces;£1.99;£0.66/each;World Foods;Asian Groceries;null;null;null;null;null;null;null;null;
272556945;Regal Lightly Salted Popcorn 150G;£1.29;£0.86/100g;World Foods;Asian Groceries;435;10.0;null;null;16.0;null;12.0;1.8;
267461920;East End Desiccated Coconut 200G;£1.00;£5.00/kg;World Foods;Asian Groceries;2492kJ -;5.6;null;null;62.0;null;null;null;
271050560;Regal Almond Cake Slices 5 Pieces;£1.19;£0.24/each;World Foods;Asian Groceries;1054kJ 2066kJ;2.30;null;null;null;null;0.30;0.23;
267797217;Regal Original Cake Rusks 28 Pieces;£3.29;£0.51/100g;World Foods;Asian Groceries;496kJ 2362kJ;1.9;null;null;null;null;null;0.24;
272556968;Regal Cinema Style Sweet Popcorn 250G;£1.29;£0.52/100g;World Foods;Asian Groceries;450Kcal;7.4;null;null;14.6;null;null;null;
282299905;Delasheras Magdalena Cakes 12S 350G;£1.20;£0.34/100g;World Foods;Asian Groceries;476 ;5,00;null;null;27,00;null;null;null;
267830651;Regal Baqar Khani 350G;£2.25;£0.64/100g;World Foods;Asian Groceries;866kJ 2667kJ;2.4;null;null;null;null;null;0.16;
271056450;Regal Angel Cake Slices 5 Pieces;£1.19;£0.24/each;World Foods;Asian Groceries;1018kJ 1996kJ;2.20;null;null;null;null;0.30;0.22;
267830668;Regal Classic Fruit Cake Slices 7S;£1.19;£0.17/each;World Foods;Asian Groceries;535kJ 1783kJ;1.53;null;null;null;null;0.60;0.19;
271056916;Regal Original Cake Rusks 18 Pieces;£2.29;£0.13/each;World Foods;Asian Groceries;496kJ 2362kJ;1.9;null;null;null;null;null;0.21;
267830720;Regal Crunchy Rusks 200G;£1.19;£0.60/100g;World Foods;Asian Groceries;null;null;null;null;null;null;null;null;
271058102;Regal Petit Cream Rolls 5 Pieces;£1.30;£0.26/each;World Foods;Asian Groceries;null;null;null;null;null;null;null;null;
287605243;Oh My Guru Spicy Tomato Potato Crisps 150G;£1.89;£1.26/100g;World Foods;Asian Groceries;2087kJ/ 626kJ/;5.6;51.8;null;29.4;null;2.9;1.73;
287605220;Oh My Guru Tangy Lime Potato Crisps 150G;£1.89;£1.26/100g;World Foods;Asian Groceries;2106kJ/ 632kJ/;5.6;53.3;null;29.3;null;2.6;1.22;
271628747;Britannia Milk Rusks 620G;£2.99;£0.48/100g;World Foods;Asian Groceries;463 ;11;78;null;12.5;null;3;null;
287605180;Omg Sweet And Sour Mango Chutney Potato Crisps 150G;£1.89;£1.26/100g;World Foods;Asian Groceries;2119kJ/ 636kJ/;5.3;54.4;null;29.3;null;2.5;0.90;
254407292;Pride Lemon Juice 250Ml;£0.65;£0.26/100ml;World Foods;Asian Groceries;null;null;null;null;null;null;null;null;
282299220;Cabico Pastry Twists 230G;null;null;World Foods;Asian Groceries;522;null;56,5;null;30;null;null;1;
287605062;Omg Smoked Garlic And Tomato Potato Crisps 150G;£1.89;£1.26/100g;World Foods;Asian Groceries;2082kJ/ 624kJ/;5.6;51.8;null;29.3;null;2.7;1.82;
267789884;East End Black Eye Beans 400G;£0.50;£2.09/kg;World Foods;Asian Groceries;121;8.8;null;null;0.7;null;null;null;
267459428;Regal Puff Pastry Finger Biscuits 200G;£0.99;£0.50/100g;World Foods;Asian Groceries;null;null;null;null;null;null;null;null;
267141677;East End Peeled Plum Tomatoes 400G;£0.39;£0.98/kg;World Foods;Asian Groceries;20;1.1;null;null;0.2;null;0.8;trace;
261633243;East End Green Lentils 500G;£1.29;£2.58/kg;World Foods;Asian Groceries;297;24.0;null;null;1.9;null;null;null;
267798016;East End Borlotti Beans 400G;£0.50;£1.25/kg;World Foods;Asian Groceries;null;null;null;null;null;null;null;null;
267798032;East End Mango Slices In Syrup 425G;£0.99;£0.43/100g;World Foods;Asian Groceries;null;null;null;null;null;null;null;null;
267798026;East End Butter Beans 400G;£0.39;£0.98/kg;World Foods;Asian Groceries;null;null;null;null;null;null;null;null;
261633174;East End Black Eye Beans 500G;£1.29;£2.58/kg;World Foods;Asian Groceries;311;23.0;null;null;1.6;null;null;null;
261633256;East End Oily Toor Dal 500G;£1.29;£2.58/kg;World Foods;Asian Groceries;372;21.6;null;null;3.6;null;null;null;
261633370;East End Chana Dal 500G;£1.29;£2.58/kg;World Foods;Asian Groceries;362;22.8;null;null;4.1;null;null;null;
272706291;East End Curried Chick Peas 400Ml;null;null;World Foods;Asian Groceries;76;5.0;null;null;1.5;null;null;null;
267141268;East End Chick Peas 400G;£0.39;£0.98/kg;World Foods;Asian Groceries;null;null;null;null;null;null;null;null;
267141206;East End Red Kidney Beans 400G;£0.39;£1.63/kg;World Foods;Asian Groceries;null;null;null;null;null;null;null;null;
267141579;East End Chopped Tomatoes 400G;£0.39;£0.98/kg;World Foods;Asian Groceries;22;1.2;null;null;0.3;null;1.0;0.12;
261633289;East End Brown Lentils 500G;£1.29;£2.58/kg;World Foods;Asian Groceries;297;24.0;null;null;1.9;null;null;null;
267798003;East End Cannellini Beans 400G;£0.50;£0.13/100g;World Foods;Asian Groceries;null;null;null;null;null;null;null;null;
261633433;East End Moong Dall Washed 500G;£1.29;£2.58/kg;World Foods;Asian Groceries;279;23.9;null;null;1.1;null;null;null;
267798084;East End Lychees In Syrup 567G;£0.99;£1.75/kg;World Foods;Asian Groceries;83Kcal;0.2;19.4;null;0.3;null;0.3;0.02;
267776029;East End Popcorn 500G;£1.29;£2.58/kg;World Foods;Asian Groceries;385;12.0;null;null;5.0;null;null;null;
267141533;East End Kala Chana Yellow Gram 400G;£0.59;£1.48/kg;World Foods;Asian Groceries;null;null;null;null;null;null;null;null;
261633266;East End Urid Dall Washed 500G;£1.29;£2.58/kg;World Foods;Asian Groceries;275;24.9;null;null;1.4;null;null;null;
261633312;East End Red Lentils 500G;£1.29;£2.58/kg;World Foods;Asian Groceries;342;23.8;56.3;null;1.3;null;4.9;0.09;
267752806;Indus Mung Beans 2Kg;£2.99;£1.50/kg;World Foods;Asian Groceries;279;23.9;46.3;null;1.1;null;null;0.03;
287651112;Natco Chick Peas 1Kg;£1.99;£0.20/100g;World Foods;Asian Groceries;365Kcal;18.8;62.1;null;4.6;null;11.6;null;
267752490;Indus Mung Dal Washed 2Kg;£2.99;£1.50/kg;World Foods;Asian Groceries;279;23.9;46.3;null;1.1;null;null;0.03;
267752173;Indus Chana Dal 2Kg;£2.99;£1.50/kg;World Foods;Asian Groceries;378;20.5;62.9;null;6.0;null;null;0.06;
267752046;Indus Brown Lentils 2Kg;£2.99;£1.50/kg;World Foods;Asian Groceries;297;24.3;48.8;null;1.9;null;null;0.03;
261633329;East End Whole Moong Beans 500G;£1.29;£2.58/kg;World Foods;Asian Groceries;350;24.0;null;null;0.5;null;null;null;
267753304;Indus Chick Peas 2Kg;£2.99;£1.50/kg;World Foods;Asian Groceries;378;20.5;62.9;null;6.0;null;null;0.06;
287604601;Natco Mung Dal Yellow 1Kg;£1.99;£0.20/100g;World Foods;Asian Groceries;347Kcal;23.9;62.6;null;1.2;null;16.3;null;
261633272;East End Red Kidney Beans 500G;£1.29;£2.58/kg;World Foods;Asian Groceries;266;22.0;null;null;1.5;null;null;null;
287651242;Natco Mung Beans 1Kg;£1.99;£0.20/100g;World Foods;Asian Groceries;313Kcal;23.8;51.0;null;1.5;null;9.4;null;
287651164;Natco Green Lentils 1Kg;£1.99;£0.20/100g;World Foods;Asian Groceries;288Kcal;26.1;58.9;null;0.5;null;14.2;null;
261633208;East End Urid Whole 500G;null;null;World Foods;Asian Groceries;275;24.9;null;null;1.4;null;null;null;
287651072;Natco Chana Dal 1Kg;£1.99;£0.20/100g;World Foods;Asian Groceries;298Kcal;24.0;59.7;null;3.1;null;16.1;null;
267141926;East End Spinach Puree 795G;£1.29;£0.16/100g;World Foods;Asian Groceries;34;3.5;null;null;0.6;null;3.4;0.38;
261633427;East End Yellow Split Peas 500G;£1.29;£2.58/kg;World Foods;Asian Groceries;302;23.1;null;null;2.4;null;null;null;
280710745;Laila Kesar Mango Pulp 850G;£1.50;£0.18/100g;World Foods;Asian Groceries;90 ;null;22;null;0.0;null;null;null;
267797897;Goldreef Guava Halves In Syrup 410G;£0.99;£2.42/kg;World Foods;Asian Groceries;76 ;2,6;14,9;null;0,1;null;2,7;0,0;
267751652;Indus Red Split Lentils 2Kg;£2.99;£1.50/kg;World Foods;Asian Groceries;318;23.8;56.3;null;1.3;null;null;0.1;
287604676;Natco Toor Dal Oily 1Kg;£1.99;£0.20/100g;World Foods;Asian Groceries;331 Kcal;21.2;52.1;null;4.2;null;11.4;null;
262824851;Cofresh Sesame Bar 30G;£0.39;£1.30/100g;World Foods;Asian Groceries;null;null;null;null;null;null;null;null;
272535607;Aasani Almonds 750G;£7.50;£1.00/100g;World Foods;Asian Groceries;640;23.6;null;4.8;56.4;4.4;7.2;1.0;
272535803;Aasani Cashews 750G;£7.00;£0.93/100g;World Foods;Asian Groceries;585;17.7;null;4.6;48.2;8.3;3.2;null;
262828426;Cofresh Coconut Bar 50G;£0.39;£0.78/100g;World Foods;Asian Groceries;null;null;null;null;null;null;null;null;
285069042;Aasani Red Skin Peanut Kernels 500G;£1.19;£0.24/100g;World Foods;Asian Groceries;579;25.6;null;6.2;46.0;8.7;6.2;0.01;
287651826;Natco Yellow Split Peas 1Kg;£1.99;£0.20/100g;World Foods;Asian Groceries;343Kcal;22.1;58.2;null;2.4;null;6.3;null;
267789573;New Lamthong Jackfruit In Syrup 565G;£0.99;£0.43/100g;World Foods;Asian Groceries;[412] kJ / [100] kcal -;[6.4];null;null;[0];null;null;null;
262828737;Cofresh Peanut Bar 40G;£0.39;£0.98/100g;World Foods;Asian Groceries;null;null;null;null;null;null;null;null;
287604653;Natco Red Lentils 1Kg;£1.99;£0.20/100g;World Foods;Asian Groceries;353Kcal;25.8;60.1;null;1.06;null;30.5;null;
268596442;Cofresh Monkey Nuts 450G;£1.69;£0.38/100g;World Foods;Asian Groceries;null;null;null;null;null;null;null;null;
273121744;Cofresh Roasted And Salted Cashews And Almonds 175G;£2.00;£1.15/100g;World Foods;Asian Groceries;null;null;null;null;null;null;null;null;
284603941;Cofresh Eat Real Fruit And Nut Milk Chocolate Bar 40G;£0.60;£1.50/100g;World Foods;Asian Groceries;820kJ - 2050kJ 8400kJ;3;19;null;12;null;4;0.1;
280906192;Aasani Roasted And Salted Jumbo Pistachios 500G;£7.00;£1.40/100g;World Foods;Asian Groceries;625;23.9;null;6.3;52.6;6.3;5.6;1.7;
267335264;Cofresh Crunchy Corn Nuts Chilli And Lemon 175G;£0.99;£0.57/100g;World Foods;Asian Groceries;null;8.06;null;null;10.67;null;null;null;
262825809;Cofresh Mixed Nut Bar 40G;£0.39;£0.98/100g;World Foods;Asian Groceries;null;null;null;null;null;null;null;null;
284603964;Cofresh Eat Real Fruit And Nut Yoghurt Coated Bar 40G;£0.60;£1.50/100g;World Foods;Asian Groceries;692kJ - 1730kJ 8400kJ;3;24;null;6;null;4;0.1;
273121145;Cofresh Roasted Black Pepper Cashews 175G;£2.30;£1.32/100g;World Foods;Asian Groceries;null;null;null;null;null;null;null;null;
273122167;Cofresh Roasted And Salted Cashew Nuts 175G;£2.00;£1.15/100g;World Foods;Asian Groceries;null;null;null;null;null;null;null;null;
267335304;Cofresh Roasted And Salted Crunchy Corn Nuts 175G;£0.99;£0.57/100g;World Foods;Asian Groceries;null;null;null;null;null;null;null;null;
282223276;Pimlico Halal Galaxy Mix 450G;£1.99;£0.44/100g;World Foods;Asian Groceries;93 ;2.3;null;null;0.03;null;null;Trace;
261575052;Cofresh Sesame Coated Caramel Peanuts 175G;£0.99;£0.57/100g;World Foods;Asian Groceries;563;6.5;null;null;35.3;null;null;null;
284091341;Arabian Delights Chocodates With Almonds 150G;£3.00;£2.00/100g;World Foods;Asian Groceries;null;null;null;null;null;null;null;null;
282153370;Haribo Halal Happy Cola Sour 100G;£0.95;£0.95/100g;World Foods;Asian Groceries;338 ;6.9;77.6;null;0.1;null;0.1;null;
277512765;Aasani Instant Spicy Chicken Noodles 80G;£0.29;£0.36/100g;World Foods;Asian Groceries;120;2.9;null;0.8;4.4;2.2;0.5;null;
283445870;Natco Crunchy Coated Balti Peanuts 130G;£1.00;£0.77/100g;World Foods;Asian Groceries;509;15.3;39.2;null;30.4;null;null;3.0;
277512724;Aasani Instant Curry Noodles 80G;£0.29;£3.63/kg;World Foods;Asian Groceries;120;2.7;null;0.7;4.6;2.3;0.8;null;
282153295;Haribo Halal Phantasia 100G;£0.95;£0.95/100g;World Foods;Asian Groceries;360 ;5.74;84.0;null;0.1;null;0.1;null;
282152987;Haribo Halal Happy Cola Original 100G;£0.95;£0.95/100g;World Foods;Asian Groceries;334 ;7.5;76.1;null;0.1;null;0.1;null;
261226230;Ko-Lee Go Noodles Bombay Masala 65G;£0.45;£6.93/kg;World Foods;Asian Groceries;372KJ/89K CAL 985.8KJ/235.85K CAL;null;null;null;null;null;null;null;
267762731;Go Fresh Chilli And Lemon Corn Nuts 250G;£0.99;£0.40/100g;World Foods;Asian Groceries;null;null;null;null;null;null;null;null;
273120964;Cofresh Spicy Roasted Balti Cashews 175G;£2.00;£1.15/100g;World Foods;Asian Groceries;null;null;null;null;null;null;null;null;
277512379;Aasani Instant Spicy Vegetable Noodles 80G;£0.29;£3.63/kg;World Foods;Asian Groceries;120;2.7;null;0.7;4.4;2.1;1.1;null;
261150376;Angelo Vermicelli Nests 500G;£1.39;£2.78/kg;World Foods;Asian Groceries;1499 kj -;12;null;null;1;null;null;null;
287508992;Pimlico Vegetarian Fizzy Fruit Flavoured Jelly Sweets 450G;£1.99;£0.44/100g;World Foods;Asian Groceries;320 ;0.00;null;null;0.00;null;null;Trace;
283440982;Natco Roasted And Salt Peanut Corn And Daria Mix 160G;£1.00;£0.63/100g;World Foods;Asian Groceries;507;20.3;null;null;28.4;null;null;1.5;
282152837;Haribo Halal Gold Bears 100G;null;null;World Foods;Asian Groceries;336 ;7;77;null;0.1;null;0.1;null;
273121208;Cofresh Sesame Coated Caramel Cashews 150G;£1.89;£1.26/100g;World Foods;Asian Groceries;null;null;null;null;null;null;null;null;
277512016;Aasani Instant Spicy Tomato Noodles 80G;£0.29;£3.63/kg;World Foods;Asian Groceries;125;2.8;null;0.8;4.8;2.3;0.4;null;
273120555;Cofresh Spicy Roasted Balti Peanuts 175G;£0.99;£0.57/100g;World Foods;Asian Groceries;null;null;null;null;null;null;null;null;
261228660;Ko-Lee Go Noodles Thai Hot And Spicy 65G;£0.45;£6.93/kg;World Foods;Asian Groceries;372kJ/89K CAL 985.8kJ/235.85K CAL;null;null;null;null;null;null;null;
272556657;Koka Instant Noodles Chicken Flavour 70G;£0.89;£12.72/kg;World Foods;Asian Groceries;null;null;null;null;null;null;null;null;
254462363;Koka Instant Noodles Vegetable Flavour 85G;£0.39;£4.59/kg;World Foods;Asian Groceries;null;null;null;null;null;null;null;null;
267769729;Maggi 2 Minute Assam Laksa Noodles 78G;£0.39;£5.00/kg;World Foods;Asian Groceries;null;1.8;null;null;3.6;null;0.7;null;
272556674;Koka Instant Noodles Curry Flavour 70G;£0.89;£12.72/kg;World Foods;Asian Groceries;null;null;null;null;null;null;null;null;
254462378;Koka Instant Noodles Curry Flavour 85G;£0.39;£4.59/kg;World Foods;Asian Groceries;null;null;null;null;null;null;null;null;
287615594;Hakkai Red Chilli Sauce 200G;£0.75;£0.38/100g;World Foods;Asian Groceries;594kJ/ 36kJ/;0.5;34.5;null;0;null;5.9;5;
261227540;Ko-Lee Go Noodles Roast Chicken 65G;£0.45;£6.93/kg;World Foods;Asian Groceries;372KJ/89K CAL 985.8KJ/235.85K CAL;null;null;null;null;null;null;null;
283054157;Maggi 2 Minute Masala Spicy Noodles 70G;null;null;World Foods;Asian Groceries;411kJ 1311kJ 8400kJ -;2.4;null;null;3.5;null;0.8;0.67;
282223529;Kohinoor Goan Vindaloo Cook- Sauce 375G;£1.19;£0.32/100g;World Foods;Asian Groceries;152;1;null;null;12;null;1;null;
282223558;Kohinoor Harya Methi Malai Cook-In Sauce 375G;£1.19;£0.32/100g;World Foods;Asian Groceries;179;3;null;null;13;null;11;null;
254462173;Koka Instant Noodles Chicken Flavour 85G;£0.39;£4.59/kg;World Foods;Asian Groceries;null;null;null;null;null;null;null;null;
287615522;Hakkai Green Chilli Sauce 190G;£0.75;£0.40/100g;World Foods;Asian Groceries;110kJ/ 6.6kJ/;0.8;5.3;null;0;null;2.7;6;
287631879;Hakkai Chilli Vinegar 170Ml;£0.75;£0.44/100ml;World Foods;Asian Groceries;12kJ/ 0.7kJ/;0.0;0.0;null;0.0;null;0.0;0.0;
282299583;Holy Cow Delhi Tikka Masala Curry Sauce 250G;£1.69;£0.68/100g;World Foods;Asian Groceries;131;2.3;null;null;10.0;null;1.8;1.6;
282223495;Kohinoor Butter Chicken Cook-In Sauce 375G;£1.19;£0.32/100g;World Foods;Asian Groceries;259;2;null;null;23;null;2;null;
266026165;Maggi 2 Minute Curry Flavour Noodles 79G;£0.39;£4.94/kg;World Foods;Asian Groceries;- -;9.5;null;null;18.7;null;3.9;null;
254462228;Koka Instant Noodles Tomato Flavour 85G;£0.39;£4.59/kg;World Foods;Asian Groceries;null;null;null;null;null;null;null;null;
282299773;Holy Cow Goan Prawn Curry Sauce 250G;£1.69;£0.68/100g;World Foods;Asian Groceries;113;1.2;null;null;10.5;null;1.2;0.9;
266026159;Maggi 2 Minute Chicken Flavour Noodles 77G;null;null;World Foods;Asian Groceries;null;1.8;null;null;3.6;null;0.6;null;
282333353;Kohinoor Punjab Jalfrezi Cook-In Sauce 375G;£1.19;£0.32/100g;World Foods;Asian Groceries;142;1;null;null;10;null;2;null;
284127992;Ashoka Dal Makhani 280G;£1.29;£0.46/100g;World Foods;Asian Groceries;8 ;4.29;null;null;6.98;null;null;null;
287612977;Our Little Secret Bengal Shorshe Jhol Cooking Sauce 350G;£1.79;£0.51/100g;World Foods;Asian Groceries;427kJ/ 748kJ/;2.3;5.8;null;7.5;null;1.5;0.45;
287606363;Our Little Secret Chennai Chettinad Cooking Sauce 350G;£1.79;£0.51/100g;World Foods;Asian Groceries;464kJ/ 811kJ/;2.1;5.4;null;8.8;null;1.3;0.53;
284851721;Kohinoor India On Platter Pav Bhaji 300G (C);£1.00;£0.33/100g;World Foods;Asian Groceries;151 Kcal;2;null;null;10;null;1;null;
287606864;Our Little Secret Keralan Moilee Cooking Sauce 350G;£1.79;£0.51/100g;World Foods;Asian Groceries;422kJ / 739kJ /;1.7;5.1;null;8.0;null;1.3;0.40;
287613233;Our Little Secret Gujarati Jeeru Mari Cooking Sauce 350G;£1.79;£0.51/100g;World Foods;Asian Groceries;486kJ/ 850kJ/;1.8;6.8;null;8.9;null;1.3;0.45;
287613043;Our Little Secret Rajasthani Laal Maas Cooking Sauce 350G;£1.79;£0.51/100g;World Foods;Asian Groceries;380kJ/ 665kJ/;2.0;5.4;null;6.5;null;1.7;0.78;
287615162;Hakkai Schezwan Stir Fry Sauce 250G;£1.00;£0.40/100g;World Foods;Asian Groceries;349kJ/ 69.8kJ/;0.8;17.2;null;1.2;null;4.9;2.8;
287661503;Ktc Lime Juice 200Ml;£0.75;£0.38/100ml;World Foods;Asian Groceries;85 ;0;null;null;0;null;0;0;
284128271;Ashoka Punjabi Choley 280G;£1.29;£0.46/100g;World Foods;Asian Groceries;4 ;2.00;null;null;4.31;null;null;null;
284128392;Ashoka Bombay Biryani 280G;£1.29;£0.46/100g;World Foods;Asian Groceries;3 ;2.70;null;null;3.60;null;null;null;
287615277;Hakkai Manchurian Stir Fry Sauce 250G;£1.00;£0.40/100g;World Foods;Asian Groceries;280kJ/ 56kJ/;0.6;14.9;null;0.5;null;3.4;6.5;
287606752;Our Little Secret Andhra Pulusu Cooking Sauce 350G;£1.79;£0.51/100g;World Foods;Asian Groceries;402kJ / 704kJ /;2.1;6.3;null;6.8;null;1.0;0.90;
284851502;Kohinoor India On Platter Aloo Saag 300G (C);£1.00;£0.33/100g;World Foods;Asian Groceries;151 Kcal;2;null;null;7;null;3;null;
287613392;Our Little Secret Goan Xacutti Cooking Sauce 350G;£1.79;£0.51/100g;World Foods;Asian Groceries;419kJ/ 733kJ/;1.6;5.4;null;7.8;null;1.4;0.40;
284851197;Kohinoor India On Platter Dal Tadka 300G (C);£1.00;£0.33/100g;World Foods;Asian Groceries;103 Kcal;5;null;null;3;null;1;null;
255577427;East End Semolina Coarse 1.5Kg;£2.00;£1.34/kg;World Foods;Asian Groceries;337Kcal;12.5;66.7;null;2.2;null;4.1;null;
287607022;Our Little Secret Lahori Nihari Cooking Sauce 350G;£1.79;£0.51/100g;World Foods;Asian Groceries;350kJ 613kJ;2.3;6.1;null;5.6;null;0.5;0.68;
282333439;Kohinoor Madras Curry Cook-In Sauce 375G;£1.19;£0.32/100g;World Foods;Asian Groceries;137;2;null;null;9;null;1;null;
282185061;Ktc Tamarind Slab 200G;null;null;World Foods;Asian Groceries;null;null;null;null;null;null;null;null;
260739402;East End Coriander Whole 100G;£0.99;£0.10/10g;World Foods;Asian Groceries;null;null;null;null;null;null;null;null;
259741288;East End Crushed Chilli 75G;£0.99;£0.13/10g;World Foods;Asian Groceries;null;null;null;null;null;null;null;null;
259740896;East End Chilli Powder Extra Hot 100G;£0.99;£0.10/10g;World Foods;Asian Groceries;null;null;null;null;null;null;null;null;
267778701;East End All Purpose Seasoning 100G;£0.99;£0.10/10g;World Foods;Asian Groceries;null;null;null;null;null;null;null;null;
282187404;Natco Semolina Coarse 500G;£0.79;£0.16/100g;World Foods;Asian Groceries;1428kJ -;12.5;null;null;2.2;null;4.1;null;
282191214;Natco Maize Meal White 500G;£0.79;£0.16/100g;World Foods;Asian Groceries;null;null;null;null;null;null;null;null;
267776824;East End Fennel Seeds 100G;£0.99;£0.10/10g;World Foods;Asian Groceries;null;null;null;null;null;null;null;null;
255575078;Natco Corn Meal Fine 1.5Kg;£1.79;£1.20/kg;World Foods;Asian Groceries;3Kcal;5.9;null;null;1.5;null;0.4;null;
264539990;East End Cinnamon Sticks 100G;£0.99;£0.20/10g;World Foods;Asian Groceries;null;null;null;null;null;null;null;null;
267144432;Nishaan Garlic Paste 283G;£1.39;£0.49/100g;World Foods;Asian Groceries;76 Kcal;4.0;13.3;null;0.2;null;2.4;1.0;
267144449;Nishaan Ginger Garlic Paste 283G;£1.39;£0.49/100g;World Foods;Asian Groceries;59 Kcal;2.4;10.5;null;0.3;null;2.4;1.0;
259685788;East End Cumin Whole Jeera 100G;£0.99;£0.10/10g;World Foods;Asian Groceries;null;null;null;null;null;null;null;null;
259685759;East End Garam Masala Powder 100G;£0.99;£0.10/10g;World Foods;Asian Groceries;null;null;null;null;null;null;null;null;
282186993;Natco Semolina Fine 1.5Kg;£2.00;£0.13/100g;World Foods;Asian Groceries;1428kJ -;12.5;null;null;2.2;null;4.1;null;
282185251;Ktc Gourmet Crispy Fried Onions 400G;null;null;World Foods;Asian Groceries;610 ;6.0;null;null;46.0;null;4.0;1.0;
267144455;Nishaan Ginger Paste 283G;£1.39;£0.49/100g;World Foods;Asian Groceries;42 Kcal;0.8;7.6;null;0.4;null;2.4;1.0;
260753684;East End Amchoor Powder 85G;£0.99;£0.12/10g;World Foods;Asian Groceries;null;null;null;null;null;null;null;null;
260740958;East End Ajwain Seeds 100G;£0.99;£0.10/10g;World Foods;Asian Groceries;null;null;null;null;null;null;null;null;
282187122;Natco Pure Milk Powder 300G;£1.99;£0.66/100g;World Foods;Asian Groceries;null;null;null;null;null;null;null;null;
260745740;East End Garlic Powder 100G;£0.99;£0.10/10g;World Foods;Asian Groceries;null;null;null;null;null;null;null;null;
260747790;East End Green Cardamom 50G;£1.99;£0.40/10g;World Foods;Asian Groceries;null;null;null;null;null;null;null;null;
259685840;East End Hot Madras Curry Powder 100G;£0.99;£0.10/10g;World Foods;Asian Groceries;null;null;null;null;null;null;null;null;
260743172;East End Mild Madras Curry Powder 100G;£0.99;£0.10/10g;World Foods;Asian Groceries;null;null;null;null;null;null;null;null;
267779464;East End Tikka Masala 85G;£0.99;£0.12/10g;World Foods;Asian Groceries;null;null;null;null;null;null;null;null;
260741289;East End Mustard Seeds Brown 100G;£0.99;£0.10/10g;World Foods;Asian Groceries;null;null;null;null;null;null;null;null;
260739362;East End Ginger Powder 100G;£0.99;£0.10/10g;World Foods;Asian Groceries;null;null;null;null;null;null;null;null;
267334737;East End Rogan Josh Masala 85G;£0.99;£0.12/10g;World Foods;Asian Groceries;null;null;null;null;null;null;null;null;
267779504;East End Jalfrezi Masala 85G;£0.99;£0.12/10g;World Foods;Asian Groceries;null;null;null;null;null;null;null;null;
260742962;East End Klowunji Seeds Black 100G;£0.99;£0.10/10g;World Foods;Asian Groceries;null;null;null;null;null;null;null;null;
259685828;East End Paprika Powder 100G;£0.99;£0.10/10g;World Foods;Asian Groceries;null;null;null;null;null;null;null;null;
259741019;East End Ground Cumin Powder 100G;£0.99;£0.10/10g;World Foods;Asian Groceries;null;null;null;null;null;null;null;null;
261150641;East End Kasuri Methi 100G;£0.70;£0.07/10g;World Foods;Asian Groceries;null;null;null;null;null;null;null;null;
259685863;East End Ground Coriander Powder 100G;£0.99;£0.10/10g;World Foods;Asian Groceries;null;null;null;null;null;null;null;null;
260752604;East End Mustard Seeds Black 100G;£0.99;£0.10/10g;World Foods;Asian Groceries;null;null;null;null;null;null;null;null;
267776156;East End Punchpooran 100G;£0.99;£0.10/10g;World Foods;Asian Groceries;null;null;null;null;null;null;null;null;
259740683;East End Tandoori Masala 100G;£0.99;£0.10/10g;World Foods;Asian Groceries;null;null;null;null;null;null;null;null;
260748339;East End Poppy Seeds 100G;£0.99;£0.10/10g;World Foods;Asian Groceries;null;null;null;null;null;null;null;null;
267777973;East End Sesame Seeds Washed 100G;£0.99;£0.99/100g;World Foods;Asian Groceries;null;null;null;null;null;null;null;null;
259740971;East End Turmeric Powder 100G;£0.99;£0.10/10g;World Foods;Asian Groceries;null;null;null;null;null;null;null;null;
267776784;East End Whole Mixed Spices 100G;£0.99;£0.10/10g;World Foods;Asian Groceries;null;null;null;null;null;null;null;null;
272651170;Indus Methi Seeds 400G;£1.29;£0.03/10g;World Foods;Asian Groceries;null;null;null;null;null;null;null;null;
267756330;Indus Paprika Powder 400G;£1.99;£0.05/10g;World Foods;Asian Groceries;282;14.1;53.99;null;12.9;null;null;0.17;
272622003;Indus Cumin Seeds 400G;£1.89;£0.05/10g;World Foods;Asian Groceries;375 ;17.8;44.2;null;22.3;null;null;0.4;
272640442;Indus Garam Masala 400G;£1.75;£0.04/10g;World Foods;Asian Groceries;null;null;null;null;null;null;null;null;
267756128;Indus Madras Curry Powder (Hot) 400G;£1.99;£0.05/10g;World Foods;Asian Groceries;null;null;null;null;null;null;null;null;
272630805;Indus Cloves 150G;£2.59;£0.17/10g;World Foods;Asian Groceries;274;5.9;65.5;null;13.0;null;null;0.7;
267756439;Indus Coriander Seeds (Daniya) 300G;£1.09;£0.04/10g;World Foods;Asian Groceries;null;null;null;null;null;null;null;null;
267755469;Indus Chilli Powder 400G;£1.99;£0.05/10g;World Foods;Asian Groceries;282 ;13.5;49.7;null;14.3;null;null;7.2;
272640632;Indus Garlic Powder 400G;£1.50;£0.04/10g;World Foods;Asian Groceries;331;16.55;72.73;null;0.73;null;null;0.15;
272640350;Indus Fennel Seeds 300G;£1.29;£0.04/10g;World Foods;Asian Groceries;null;null;null;null;null;null;null;null;
287614952;Hakkai Chinese Seasoning Masala Manchurian 50G;£0.50;£0.10/10g;World Foods;Asian Groceries;167kJ/ 8kJ/;1.2;8.8;null;0.0;null;0.0;23.5;
272622274;Indus Cardamom Black 150G;£3.49;£0.23/10g;World Foods;Asian Groceries;null;null;null;null;null;null;null;null;
287614848;Hakkai Chinese Hakka Seasoning Masala 50G;£0.50;£0.10/10g;World Foods;Asian Groceries;701kJ/ 35kJ/;5.0;27.5;null;4.2;null;8.3;51.7;
267756831;Indus Red Chilli Crushed 200G;£1.99;£0.10/10g;World Foods;Asian Groceries;null;null;null;null;null;null;null;null;
272622118;Indus Ajwain Seeds 300G;£1.39;£0.05/10g;World Foods;Asian Groceries;333;19.8;null;null;14.6;null;null;null;
272629468;Indus Chilli Powder Extra Hot 400G;£1.85;£0.05/10g;World Foods;Asian Groceries;314;12.0;55.0;null;17.0;null;null;null;
287614791;Hakkai Chinese Chilli Seasoning Masala 50G;£0.50;£0.10/10g;World Foods;Asian Groceries;148kJ/ 7kJ/;1.2;7.6;null;0.0;null;0.0;23.5;
287614212;Hakkai Chinese Schezwan Masala Seasoning 50G;£0.50;£0.10/10g;World Foods;Asian Groceries;628kJ/ 31kJ/;5.9;20.5;null;4.9;null;12.6;42.0;
267756572;Indus Ground Coriander (Daniya) 400G;£1.99;£0.05/10g;World Foods;Asian Groceries;298 ;12.0;null;null;18.0;null;null;0.09;
272652468;Indus Tandoori Masala 400G;£1.85;£0.05/10g;World Foods;Asian Groceries;null;null;null;null;null;null;null;null;
267756301;Indus Turmeric (Haldi) Powder 400G;£1.99;£0.05/10g;World Foods;Asian Groceries;312 ;9.7;67.1;null;3.2;null;null;0.07;
275457107;Ashoka Mango Pickle Mild 500G;£1.79;£0.36/100g;World Foods;Asian Groceries;null;null;null;null;null;null;null;null;
256574778;Shan Chicken Tikka Barbecue Mix 50G;£0.70;£1.40/100g;World Foods;Asian Groceries;188 ;9.0;62.0;null;0.0;null;7.0;null;
287604987;Natco Bay Leaves 10G;£0.99;£0.99/10g;World Foods;Asian Groceries;null;null;null;null;null;null;null;null;
272652589;Indus Whole Black Pepper 300G;£2.99;£0.10/10g;World Foods;Asian Groceries;251 ;10.4;63.9;null;3.3;null;null;0.05;
267798061;East End Hot And Sweet Tomato Chilli Sauce 260G;£1.00;£0.39/100g;World Foods;Asian Groceries;98;0.9;22.9;null;0.2;null;0.6;2.5;
261408171;Laziza Biryani Plain Mix 100G;£0.99;£0.99/100g;World Foods;Asian Groceries;425 Kcal;14;null;null;14.2;null;null;null;
261161023;East End Honey Chilli Sauce 270G;£1.00;£0.37/100g;World Foods;Asian Groceries;176;0.9;42.5;null;0.1;null;0.5;1.5;
275457113;Ashoka Mixed Pickle 500G;£1.79;£0.36/100g;World Foods;Asian Groceries;null;null;null;null;null;null;null;null;
261422988;Laziza Zafrani Bombay Biryani Mix 130G;£0.99;£0.76/100g;World Foods;Asian Groceries;375 Kcal;12.5;null;null;18.7;null;null;null;
261161392;East End Mango Mint Sauce 260G;£1.00;£0.39/100g;World Foods;Asian Groceries;158;1.5;null;null;0.3;null;null;null;
256578768;Shan Karahi Fry Gosht Curry Mix 50G;£0.70;£1.40/100g;World Foods;Asian Groceries;313 ;13;null;null;null;null;null;null;
261413816;Laziza Seekh Kebab Masala Mix 100G;£0.99;£0.99/100g;World Foods;Asian Groceries;425 Kcal;14;null;null;14.2;null;null;null;
267780790;Laziza Chicken Tikka Masala Mix 100G;£0.99;£0.99/100g;World Foods;Asian Groceries;400 Kcal;10;null;null;15;null;null;null;
256571265;Shan Bombay Biryani Mix 65G;£0.70;£1.08/100g;World Foods;Asian Groceries;273 ;9.0;56.0;null;9.0;null;7.0;null;
267798055;East End Garlic Chilli Sauce 260G;£1.00;£0.39/100g;World Foods;Asian Groceries;112;1.6;null;null;2.0;null;null;null;
256577268;Shan Chaat Masala 100G;£0.70;£0.70/100g;World Foods;Asian Groceries;500 ;5.0;80.0;null;0.0;null;7.0;null;
261421995;Laziza Tandoori Barbecue Masala 100G;£0.99;£0.99/100g;World Foods;Asian Groceries;500 Kcal;14;null;null;21;null;null;null;
267780657;Laziza Lahori Chargha Masala Mix 90G;£0.99;£1.10/100g;World Foods;Asian Groceries;312 Kcal;12.5;null;null;6.2;null;null;null;
261160750;East End Tamarind Sauce 260G;£1.00;£0.39/100g;World Foods;Asian Groceries;203;0.5;49.3;null;0.3;null;0.7;2.5;
272409815;Aasani Chapattis 8S 360G;£0.89;£0.25/100g;World Foods;Asian Groceries;279;6.7;null;4.5;4.6;2.0;2.8;1.0;
272409239;Aasani Plain Naan Breads 2S 260G;£0.69;£0.27/100g;World Foods;Asian Groceries;259;7.2;null;3.6;3.8;0.3;2.9;0.6;
282224131;Maggi Hot And Sweet Tomato Chilli Sauce 400G;£1.70;£0.43/100g;World Foods;Asian Groceries;946kJ 151 kJ;0.60;null;null;0;null;0;null;
272409838;Aasani Mini Garlic And Coriander Naans 4S 188G;£0.69;£0.37/100g;World Foods;Asian Groceries;265;7.2;null;3.9;3.6;0.3;2.5;0.7;
254298768;Maggi Masala Chilli Sauce 400G;£1.70;£0.43/100g;World Foods;Asian Groceries;1259kJ 202 kJ;0.0;null;null;0.0;null;0.0;null;
272409694;Aasani Tandoori Naan Breads 2S 260G;£0.69;£0.27/100g;World Foods;Asian Groceries;260;7.9;null;2.9;3.6;0.3;3.4;0.8;
272409527;Aasani Chilli And Garlic Naan Breads 2S 260G;£0.69;£0.27/100g;World Foods;Asian Groceries;253;7.7;null;3.6;2.6;0.3;3.4;0.8;
267653175;Heera Garlic Mayonnaise 1 Litre;£1.99;£0.20/100ml;World Foods;Asian Groceries;null;null;null;null;null;null;null;null;
282223823;Maggi Chilli Sauce With Garlic 305G;£1.70;£0.56/100g;World Foods;Asian Groceries;null;null;null;null;null;null;null;null;
275457194;Natco Madras Plain Pappadoms 200G;null;null;World Foods;Asian Groceries;371Kcal;25.6;59.9;null;3.25;null;18.6;null;
261626436;Nishaan Chakki Roti 350G;£1.00;£0.29/100g;World Foods;Asian Groceries;286;8.2;46.4;null;6.9;null;2.7;1.6;
267654456;Heera Chilli Garlic Sauce 1 Litre;£1.99;£0.20/100ml;World Foods;Asian Groceries;null;null;null;null;null;null;null;null;
267771616;Maggi Tamarina Tamarind Sauce 425G;£1.35;£0.32/100g;World Foods;Asian Groceries;1146kJ 183 kJ;0.0;null;null;0.0;null;0.0;null;
287604699;Natco Garlic Pappadoms 200G;£1.00;£0.50/100g;World Foods;Asian Groceries;304;21.5;42.1;null;1.6;null;17.5;4.9;
261162264;East End Very Hot Green Chilli Sauce 260G;£1.00;£0.39/100g;World Foods;Asian Groceries;98;4.7;17.3;null;0.8;null;1.2;5.9;
267797413;Heera Raita Sauce 1 Litre;£1.99;£0.20/100ml;World Foods;Asian Groceries;null;null;null;null;null;null;null;null;
267664087;Heera Piri Piri Sauce 1 Litre;£1.99;£0.20/100ml;World Foods;Asian Groceries;null;null;null;null;null;null;null;null;
282192069;Natco Jeera Pappadums 200G;£0.90;£0.45/100g;World Foods;Asian Groceries;null;null;null;null;null;null;null;null;
275457171;Natco Black Pepper Pappadums 200G;£0.90;£0.45/100g;World Foods;Asian Groceries;null;null;null;null;null;null;null;null;
283846977;Gold Desi Blended Ghee 2Kg;£7.00;£3.50/kg;World Foods;Asian Groceries;903 Kcal;0.7;null;null;100;null;0.5;0.032;
272515499;Tesco Blended Pomace Oil 5 Litre Pet;£6.00;£0.12/100ml;World Foods;Asian Groceries;900;0;null;0;100.0;11.0;0;null;
282300522;Ktc Blended Mustard Oil 1 Litre;£2.25;£0.23/100ml;World Foods;Asian Groceries;899;Trace;null;null;99.9;null;null;Trace;
256412443;Ktc Coconut Oil 500Ml;£2.25;£0.45/100ml;World Foods;Asian Groceries;899 ;0.2;null;null;99.5;null;0.0;0.5;
267792286;Ktc Olive Pomace Oil 5 Litres;£13.49;£2.70/l;World Foods;Asian Groceries;899 Kcal;Trace;null;null;99.9;null;null;null;
267772834;Ktc Blended Pomace Oil 1 Litre;£2.00;£0.20/100ml;World Foods;Asian Groceries;899 Kcal;Trace;null;null;99.9;null;null;null;
259668279;Ktc Castor Oil 250Ml;£2.00;£0.80/100ml;World Foods;Asian Groceries;null;null;null;null;null;null;null;null;
273429294;Mai Thai Coconut Milk Reduced Fat 400 Ml;£0.69;£0.17/100ml;World Foods;Asian Groceries;null;0.8;null;null;7.6;null;0;null;
272515355;Tesco Pure Corn Oil 5 Litres;£6.49;£1.30/l;World Foods;Asian Groceries;828;0;null;0;92.0;12.0;0;0;
267792574;Ktc Pure Corn Oil 1 Litre;£2.00;£0.20/100ml;World Foods;Asian Groceries;899 ;0.01;0.0;null;99.9;null;0.0;0.01;
266507950;Cocofresh Coconut Milk 400Ml;£0.69;£0.17/100ml;World Foods;Asian Groceries;62 ;0.6;null;null;6.1;null;0;null;
261080130;Gits Gulab Jamun Mix 200G;£0.99;£4.95/kg;World Foods;Asian Groceries;242 KJ 1748 KJ;2.4;null;null;null;null;0.14;null;
267143099;A1 U-Shaped Vermicelli 200G;£0.49;£0.25/100g;World Foods;Asian Groceries;33 Kcal;10.40;null;null;00.00;null;00.00;null;
267791644;East End Pure Butter Ghee 500G;£3.85;£0.77/100g;World Foods;Asian Groceries;null;null;null;null;null;null;null;null;
259668348;Ktc Sesame Seed Oil 250Ml;£2.00;£0.80/100ml;World Foods;Asian Groceries;null;null;null;null;null;null;null;null;
272515844;Tesco Vegetable Oil 5 Litre Pet;£5.00;£0.10/100ml;World Foods;Asian Groceries;825;0;null;0;91.7;7.3;0;0;
268726658;Maggi Coconut Milk Powder 300G;£3.59;£1.20/100g;World Foods;Asian Groceries;null;6.8;25.2;null;61.9;null;1.0;null;
267772828;Ktc Rapeseed Oil 1 Litre;£1.50;£0.15/100ml;World Foods;Asian Groceries;899 ;0.01;0.0;null;99.9;null;0.0;0.01;
271168790;Tesco Pure Sunflower Oil 5 Litre Pet;£5.00;£0.10/100ml;World Foods;Asian Groceries;828;0;null;0;92.0;10.1;0;0;
256412178;Ktc Almond Oil 300Ml;£2.00;£0.67/100ml;World Foods;Asian Groceries;null;null;null;null;null;null;null;null;
267766986;Royal Chai Ginger Tea W/Out Sugar 180G;£1.99;£1.11/100g;World Foods;Asian Groceries;388 ;13.4;69.2;null;5.4;null;null;0;
260667014;Royal Chai Elaichi Tea With Sugar 220G;£1.99;£0.91/100g;World Foods;Asian Groceries;368 ;12.5;75.8;null;0.3;null;null;0;
260666954;Royal Chai Masala Tea With Sugar 220G;£1.99;£0.91/100g;World Foods;Asian Groceries;368 ;12.5;75.8;null;0.3;null;null;0;
250507108;Palanquin Spiced Tea Bags 40S 125G;£1.79;£1.44/100g;World Foods;Asian Groceries;null;null;null;null;null;null;null;null;
261150445;Palanquin Cardamom Tea Bags 40S 125G;£1.79;£1.44/100g;World Foods;Asian Groceries;null;null;null;null;null;null;null;null;
271208035;Pride Creamed Coconut 198G;£0.79;£0.40/100ml;World Foods;Asian Groceries;null;null;null;null;null;null;null;null;
261626649;Pride Coconut Milk 400Ml;£0.95;£0.24/100ml;World Foods;Asian Groceries;null;null;null;null;null;null;null;null;
279767609;Honey Bun Penny Fruit Bun 128G;£0.75;£0.59/100g;World Foods;Caribbean Groceries;null;null;null;null;null;null;null;null;
271736193;Aunt Mays Bajan Pepper Sauce 340G;£2.19;£0.64/100g;World Foods;Caribbean Groceries;230kJ -;1.4;null;null;1.4;null;1.0;null;
259347319;Grace Chicken Noodle Soup 60G;£0.59;£9.84/kg;World Foods;Caribbean Groceries;318;11.3;null;null;1.2;null;null;null;
277551240;Honey Bun Jamaican Spiced Bun 795G;£2.50;£0.32/100g;World Foods;Caribbean Groceries;null;4;null;13;null;null;null;null;
250174762;Dunns River Guava Jam 340G;£1.85;£0.54/100g;World Foods;Caribbean Groceries;null;null;null;null;null;null;null;null;
271762074;Grace Pumpkin Soup Mix 50G;£0.59;£1.18/100g;World Foods;Caribbean Groceries;312 ;10.4;null;null;1.3;null;null;null;
266240170;Indonesian Mie Instant Noodles Onion Chicken Flavoured 70G;£0.39;£0.56/100g;World Foods;Caribbean Groceries;null;8;null;4;null;null;null;null;
263587455;Encona Sweet Mango Chilli Dip 220Ml;£1.55;£0.71/100ml;World Foods;Caribbean Groceries;null;null;null;null;null;null;null;null;
271769620;Dunns River Jamaican Callaloo 540G;£1.59;£2.95/kg;World Foods;Caribbean Groceries;null;null;null;null;null;null;null;null;
271736354;Encona Thai Chilli And Garlic Sauce 220Ml;£1.55;£0.71/100ml;World Foods;Caribbean Groceries;null;null;null;null;null;null;null;null;
259312128;Dunns River Jamaican Style Hot Sauce 85Ml;£0.59;£0.69/100ml;World Foods;Caribbean Groceries;null;null;null;null;null;null;null;null;
266272039;Pronto Cinnamon Pot Porridge Mix 60G;£0.99;£1.65/100g;World Foods;Caribbean Groceries;null;null;null;24;null;null;null;null;
271761093;Dunns River Ackee In Salted Water 540G;£4.99;£9.25/kg;World Foods;Caribbean Groceries;null;null;null;null;null;null;null;null;
279749073;Dunns River Jamaican Callaloo 280G;£0.79;£0.45/100g;World Foods;Caribbean Groceries;null;null;null;null;null;null;null;null;
276534544;Tropical Soul Halal Corned Beef 340G;£2.49;£0.73/100g;World Foods;Caribbean Groceries;225;24.8;null;null;13.5;null;0;1.9;
263587524;Encona Original Hot Pepper Sauce 220Ml;£1.55;£0.71/100ml;World Foods;Caribbean Groceries;null;null;null;null;null;null;null;null;
259160453;Jamaicas Pride Ackees 540G;£4.29;£7.95/kg;World Foods;Caribbean Groceries;null;3.0;null;1.0;null;null;null;null;
259346827;Grace Cock Soup 50G;£0.59;£11.80/kg;World Foods;Caribbean Groceries;314;9.6;59;null;2.5;null;null;9.2;
266276006;Pronto Banana Pot Porridge Mix 60G;£0.99;£1.65/100g;World Foods;Caribbean Groceries;null;6;null;24;null;null;null;null;
282511534;Grace Halal Chicken Vienna Sausages 200G;£1.15;£0.96/100g;World Foods;Caribbean Groceries;186Kcal;10.7;null;null;14.3;null;2.0;1.76;
271736377;Encona Thai Chilli And Ginger Sauce 220Ml;£1.55;£0.71/100ml;World Foods;Caribbean Groceries;null;null;null;null;null;null;null;null;
257442342;Maggi Liquid Seasoning Standard 125Ml;£0.85;£0.68/100ml;World Foods;Caribbean Groceries;104 ;15.5;null;null;0.1;null;null;null;
271760543;Dunns River Caribbean Curry Powder Hot 100G;£0.89;£0.89/100g;World Foods;Caribbean Groceries;null;null;null;null;null;null;null;null;
272108198;Dunns River Lamb Seasoning 100G;£0.89;£0.89/100g;World Foods;Caribbean Groceries;null;null;null;null;null;null;null;null;
263565896;Dunns River Caribbean Fish Seasoning 100G;£0.89;£0.89/100g;World Foods;Caribbean Groceries;null;null;null;null;null;null;null;null;
266311789;Encona Thai Sweet Chilli Sauce 220Ml;£1.55;£0.71/100ml;World Foods;Caribbean Groceries;null;null;null;null;null;null;null;null;
277809933;Dunns River Hot And Spicy Chicken Fry Mix 300G;£2.89;£0.96/100g;World Foods;Caribbean Groceries;316;13.0;null;null;2.6;null;4.4;9.5;
254352954;Dunns River Jamaican Jerk Seasoning 100G;£0.89;£0.89/100g;World Foods;Caribbean Groceries;null;null;null;null;null;null;null;null;
252290131;Grace Jerk Barbecue Sauce 510G;£1.99;£0.39/100g;World Foods;Caribbean Groceries;null;null;null;null;null;null;null;null;
277809979;Dunns River Coat And Bake Chicken Fry Mix 300G;£2.89;£0.96/100g;World Foods;Caribbean Groceries;null;null;null;null;null;null;null;null;
254352862;Dunns River Carib Everyday Seasoning 100G;£0.89;£0.89/100g;World Foods;Caribbean Groceries;272;11.0;null;null;15.5;null;4.1;42.5;
272108284;Grace Browning Sauce 142Ml;£1.19;£0.84/100ml;World Foods;Caribbean Groceries;null;null;null;null;null;null;null;null;
266313447;Grace Coconut Milk Powder 50G;£0.59;£1.18/100g;World Foods;Caribbean Groceries;688;8;null;null;6;null;null;null;
266258944;Maggi Liquid Seasoning Hot 100Ml;£0.85;£0.85/100ml;World Foods;Caribbean Groceries;50 ;7.7;null;null;0.01;null;null;null;
259959684;Dunns River Coconut Milk 400Ml;£0.99;£0.25/100ml;World Foods;Caribbean Groceries;82;1.0;1.0;null;8.4;null;null;0.07;
277809795;Dunns River Original Chicken Fry Mix 300G;£2.89;£0.96/100g;World Foods;Caribbean Groceries;307;12.3;null;null;1.1;null;2.8;11.3;
271761473;Dunns River Creamed Coconut 200G;£0.99;£4.95/kg;World Foods;Caribbean Groceries;710 ;8;null;null;null;null;12;0.08;
254991721;Dunns River Chicken Seasoning 100G;£0.89;£0.89/100g;World Foods;Caribbean Groceries;null;null;null;null;null;null;null;null;
263565815;Dunns River All Purpose Seasoning 100G;£0.89;£0.89/100g;World Foods;Caribbean Groceries;null;null;null;null;null;null;null;null;
251860530;Dunns River Jamaican Jerk Seasoning 312G;£1.99;£0.64/100g;World Foods;Caribbean Groceries;null;null;null;null;null;null;null;null;
255934034;Dunns River Gungo Peas 400G;£0.75;£1.88/kg;World Foods;Caribbean Groceries;null;null;null;null;null;null;null;null;
266321149;Island Sun Coarse Cornmeal 500G;£0.79;£1.58/kg;World Foods;Caribbean Groceries;null;null;null;null;null;null;null;null;
277805131;Dunns River Black Beans In Salted Water 400G;£0.75;£1.88/kg;World Foods;Caribbean Groceries;57;4.1;6.3;null;0.6;null;5.1;0.35;
266320179;Island Sun Fine Cornmeal 500G;£0.79;£1.58/kg;World Foods;Caribbean Groceries;null;null;null;null;null;null;null;null;
260152709;Maggi Nigerian Seasoning Cubes 400G;£1.39;£0.35/100g;World Foods;Caribbean Groceries;159;6.3;null;null;4.7;null;0.7;62.50;
259214581;Island Sun Coconut Milk 400Ml;£0.79;£0.20/100ml;World Foods;Caribbean Groceries;77;0.8;null;null;7.6;null;0;null;
272154378;Island Sun Yellow Gari 500G;£0.99;£1.98/kg;World Foods;Caribbean Groceries;null;null;null;null;null;null;null;null;
266323965;Island Sun Rosecoco Beans 500G;£0.99;£1.98/kg;World Foods;Caribbean Groceries;null;null;null;null;null;null;null;null;
272154574;Island Sun Popcorn 2Kg;£2.99;£1.50/kg;World Foods;Caribbean Groceries;null;null;null;null;null;null;null;null;
266320104;Island Sun Black Eye Beans 500G;£0.99;£1.98/kg;World Foods;Caribbean Groceries;null;null;null;null;null;null;null;null;
266303459;Island Sun Cornmeal Coarse 1.5Kg;£1.99;£1.33/kg;World Foods;Caribbean Groceries;null;null;null;null;null;null;null;null;
272167772;Island Sun Gari 1.5Kg;£2.49;£1.66/kg;World Foods;Caribbean Groceries;null;null;null;null;null;null;null;null;
266323677;Island Sun Gari 500G;£0.99;£1.98/kg;World Foods;Caribbean Groceries;null;null;null;null;null;null;null;null;
266300480;Island Sun Natural Pop Corn 500G;£0.99;£1.98/kg;World Foods;Caribbean Groceries;null;null;null;null;null;null;null;null;
266304435;Island Sun Semolina Coarse 500G;£0.79;£1.58/kg;World Foods;Caribbean Groceries;null;null;null;null;null;null;null;null;
266317276;Mclas Vanilla Essence 480Ml;£1.99;£0.04/10ml;World Foods;Caribbean Groceries;null;null;null;null;null;null;null;null;
266308114;Island Sun Butter Beans 500G;£1.59;£3.18/kg;World Foods;Caribbean Groceries;null;null;null;null;null;null;null;null;
266324561;Island Sun Gungo Peas 500G;£0.90;£1.80/kg;World Foods;Caribbean Groceries;null;null;null;null;null;null;null;null;
258519888;Dunns River Red Kidney Beans 400G;£0.75;£1.88/kg;World Foods;Caribbean Groceries;null;null;null;null;null;null;null;null;
272275373;Island Sun Red Kidney Beans 500G;£0.99;£1.98/kg;World Foods;Caribbean Groceries;null;null;null;null;null;null;null;null;
279770052;Grace Aloe Vera Drink 1.5 Litre;£2.70;£0.18/100ml;World Foods;Caribbean Groceries;38;Trace;null;null;Trace;null;null;null;
268278963;Jammin Pineapple And Coconut Juice Drinks 10X200ml;£1.99;£0.10/100ml;World Foods;Caribbean Groceries;45;0.03;null;null;Trace;null;0.09;null;
263570371;J.F. Mills Yellow Cake Mix 500G;£1.09;£2.18/kg;World Foods;Caribbean Groceries;null;null;null;null;null;null;null;null;
268278888;Jammin Tropical Fruit Juice Drinks 10X200ml;£1.99;£0.10/100ml;World Foods;Caribbean Groceries;null;null;null;null;null;null;null;null;
287962078;Jammin Fruit Punch Juice Drink 3 X 250Ml;£0.89;£0.12/100ml;World Foods;Caribbean Groceries;28;0;6.6;null;0;null;0;0;
263573425;Grace Tropical Rhythms Mango And Carrot Juice 475Ml;£1.40;£0.30/100ml;World Foods;Caribbean Groceries;50;0;null;null;0;null;0;null;
255779768;Grace Tropical Rhythms Fruit Punch 475Ml;£1.40;£0.30/100ml;World Foods;Caribbean Groceries;54;0.4;null;null;0;null;0;null;
263570935;J.F. Mills White Cake Mix 500G;£1.99;£3.98/kg;World Foods;Caribbean Groceries;430Kcal;4;83;null;9;null;null;null;
282511494;Grace Coconut Water 1 Litre;£3.00;£0.30/100ml;World Foods;Caribbean Groceries;22;0;5.0;null;0;null;null;0.08;
279704852;Grace Aloe Vera Mango Drink 500Ml;£1.05;£0.21/100ml;World Foods;Caribbean Groceries;37;0.0;9.3;null;0.0;null;null;0.04;
255647869;J.F. Mills Festival Dough Mix 454G;£1.09;£2.41/kg;World Foods;Caribbean Groceries;null;3;null;5;null;null;null;null;
279705177;Grace Aloe Vera Strawberry Drink 500Ml;£1.05;£0.21/100ml;World Foods;Caribbean Groceries;36;0.0;9.0;null;0.0;null;null;0.04;
272122071;Grace Tropical Rhythms Pineapple & Ginger Drink 475Ml;£1.40;£0.30/100ml;World Foods;Caribbean Groceries;50;0;null;null;0;null;0;null;
255778838;Grace Tropical Rhythms Sorrell Ginger 475Ml;£1.40;£0.30/100ml;World Foods;Caribbean Groceries;null;null;null;null;null;null;null;null;
268278986;Jammin Fruit Paradise Juice Drinks 10X200ml;£1.99;£0.10/100ml;World Foods;Caribbean Groceries;47;0.1;null;null;Trace;null;Trace;null;
268512306;Jammin Tropical Juice Drink 1 Litre;£0.89;£0.09/100ml;World Foods;Caribbean Groceries;31;0;7.3;null;0;null;0;0;
271136701;Grace Coconut Water 310Ml;null;null;World Foods;Caribbean Groceries;32;0;7.3;null;0.3;null;null;0.06;
287946138;Jammin Fruit Punch Juice Drink 1 Litre;£0.89;£0.09/100ml;World Foods;Caribbean Groceries;28;0;null;null;0;null;0;0;
271736394;Grace Aloe Vera Drink 500Ml;£1.05;£0.21/100ml;World Foods;Caribbean Groceries;38;Trace;9.6;null;0.0;null;Trace;null;
271138474;Grace Coconut Water Smooth 310Ml;£0.95;£0.31/100ml;World Foods;Caribbean Groceries;28;0;6.8;null;0.1;null;null;0.06;
275566393;K.A. Still Fruit Punch Drink 1 Litre;£1.19;£0.12/100ml;World Foods;Caribbean Groceries;52;0;null;null;0;null;null;0;
287961678;Jammin Tropical Juice Drink 3 X 250Ml;£0.89;£0.12/100ml;World Foods;Caribbean Groceries;31;0;7.3;null;0;null;0;0;
280607232;K.A. Still Pineapple Drink 288Ml;£0.49;£0.17/100ml;World Foods;Caribbean Groceries;54;0;null;null;0;null;null;0;
279782723;Kool-Aid Unsweetened Soft Drink Mix Tropical Punch 4.5G;£0.30;£0.67/10g;World Foods;Caribbean Groceries;null;0.00;0.0;null;0.00;null;0.0;3.0;
285099112;Grace Mighty Malt Drink Can 330Ml;£0.79;£0.24/100ml;World Foods;Caribbean Groceries;null;null;null;null;null;null;null;null;
271138751;Grace Mighty Malt Drink 330Ml;£0.99;£0.30/100ml;World Foods;Caribbean Groceries;60;0.7;null;null;0;null;0.1;null;
275574544;K.A. Still Pineapple Drink 1 Litre;£1.19;£0.12/100ml;World Foods;Caribbean Groceries;53;Trace;null;null;Trace;null;null;null;
285211308;Askania Dark Malt Drink 250Ml;£0.50;£0.20/100ml;World Foods;Caribbean Groceries;48;0.5;11.5;null;0.1;null;0.11;0.0075;
275566370;K.A. Still Black Grape Drink 1 Litre;£1.19;£0.12/100ml;World Foods;Caribbean Groceries;53;Trace;null;null;Trace;null;null;null;
255611140;Supermalt Multipack 6 X 330Ml;£3.89;£0.20/100ml;World Foods;Caribbean Groceries;270kJ 900kJ;0.8;null;null;nil;null;null;null;
280607177;K.A. Still Strawberry Juice Drink 1 Litre;£1.19;£0.12/100ml;World Foods;Caribbean Groceries;53;0;null;null;0;null;null;0;
287965553;Tropical Sun 100% Natural Coconut Water 3 X 200Ml;£1.80;£0.30/100ml;World Foods;Caribbean Groceries;null;null;null;null;null;null;null;null;
280607192;K.A. Still Black Grape Drink 288Ml;£0.49;£0.17/100ml;World Foods;Caribbean Groceries;52;0;null;null;0;null;null;0;
280607217;K.A. Still Fruit Punch Drink 288Ml;£0.49;£0.17/100ml;World Foods;Caribbean Groceries;52;0;null;null;0;null;null;0;
272126084;Tropical Sun Natural Coconut Water 330Ml;£0.99;£0.30/100ml;World Foods;Caribbean Groceries;133 kJ -;0;null;null;0;null;0;0;
279782654;Kool-Aid Unsweetened Soft Drink Mix Grape Flavoured 3.9G;£0.30;£0.77/10g;World Foods;Caribbean Groceries;null;0.00;0.0;null;0.00;null;0.0;2.0;
266315026;Grace Mighty Malt Drink 6 X 330Ml;£4.50;£0.23/100ml;World Foods;Caribbean Groceries;null;null;null;null;null;null;null;null;
279770259;Kool-Aid Unsweetened Soft Drink Mix Cherry Flavoured 3.6G;null;null;World Foods;Caribbean Groceries;null;0.00;0.0;null;0.00;null;0.0;1.0;
279782775;Kool-Aid Drink Mix Cherry Flavour 538G;£3.50;£0.65/100g;World Foods;Caribbean Groceries;null;0.0;94.1;null;0.0;null;0.0;0.0;
279782441;Kool-Aid Unsweetened Soft Drink Mix Black Cherry 3.6G;£0.30;£0.83/10g;World Foods;Caribbean Groceries;null;0.00;0.0;null;0.00;null;0.0;3.0;
255762346;Big Bamboo Irish Moss Vanilla Flavoured Drink 284Ml;£0.99;£0.35/100ml;World Foods;Caribbean Groceries;null;null;null;null;null;null;null;null;
266318880;Supermalt Original Malt Drink 4 X 330Ml;£2.89;£0.22/100ml;World Foods;Caribbean Groceries;null;null;null;null;null;null;null;null;
272492432;Liberty Easy Cook Rice 5Kg;£3.50;£0.70/kg;World Foods;Caribbean Groceries;351;9.0;null;null;1.0;null;3.0;null;
259536574;Nestle Milo Tin 400G;£3.99;£1.00/100g;World Foods;Caribbean Groceries;null;null;null;null;null;null;null;null;
271113204;Dunns River Nurishment Strawberry 400G;£1.30;£0.33/100g;World Foods;Caribbean Groceries;null;null;null;null;null;null;null;null;
271113164;Dunns River Nurishment Vanilla 400G;£1.30;£0.33/100g;World Foods;Caribbean Groceries;null;null;null;null;null;null;null;null;
275061713;Serge Island Peanut Punch 240Ml;£0.79;£0.33/100ml;World Foods;Caribbean Groceries;null;8;null;25;null;null;null;null;
271113187;Dunns River Nurishment Chocolate 400G;£1.30;£0.33/100g;World Foods;Caribbean Groceries;null;null;null;null;null;null;null;null;
271113227;Dunns River Nurishment Banana 400G;£1.30;£0.33/100g;World Foods;Caribbean Groceries;null;null;null;null;null;null;null;null;
285102069;Dunns River Nurishment Original Mocha Flavoured 400G;£1.30;£0.33/100g;World Foods;Caribbean Groceries;null;null;null;null;null;null;null;0.25;
272435265;Island Sun Easy Cook Rice 10Kg;£10.49;£1.05/kg;World Foods;Caribbean Groceries;371;7;null;null;1;null;2;null;
260752306;Nestle Cerelac Honey And Wheat Baby Food 12Mths 400G;£2.99;£0.75/100g;World Foods;Caribbean Groceries;null;null;null;null;null;null;null;null;
258510053;Nestle Cerelac 6Mnth Wheat&Milk Cereal 400G;£2.99;£0.75/100g;World Foods;Caribbean Groceries;null;null;null;null;null;null;null;null;
260747146;Big Bamboo Irish Moss Peanut Flavoured Drink 284Ml;£0.99;£0.35/100ml;World Foods;Caribbean Groceries;null;null;null;null;null;null;null;null;
272154067;Island Sun Long Grain Rice 5Kg;£4.00;£0.80/kg;World Foods;Caribbean Groceries;351;9.0;null;null;1.0;null;3.0;null;
272109715;Grace Exotic Irish Moss 285Ml;£0.95;£0.33/100ml;World Foods;Caribbean Groceries;null;null;null;null;null;null;null;null;
271113244;Dunns River Nurishment Mango 400G;£1.30;£0.33/100g;World Foods;Caribbean Groceries;null;null;null;null;null;null;null;null;
278941854;Dunns River Nurishment Original Peanut Flavoured 400G;£1.30;£0.33/100g;World Foods;Caribbean Groceries;null;null;null;null;null;null;null;null;
260148289;Nestle Nido Instant Full Cream Milk Powder 400G;£3.79;£0.95/100g;World Foods;Caribbean Groceries;503 ;25.7;null;null;28.2;null;null;null;
261721542;Serge Island Egg Nog Drink 240Ml;£0.79;£0.33/100ml;World Foods;Caribbean Groceries;null;9;null;33;null;null;null;null;
271832171;Cawoods Jumbo Salted Cod Cutlets 350G;£4.49;£1.29/100g;World Foods;Caribbean Groceries;null;null;null;null;null;null;null;null;
266237664;Surya/Laila Jasmine Fragrant Rice 5Kg;£7.99;£1.60/kg;World Foods;Caribbean Groceries;330 Kcal;7.1;null;null;1.6;null;null;null;
253420236;Brunswick Sardines With Hot Peppers 106G;£0.99;£0.93/100g;World Foods;Caribbean Groceries;267 ;17;null;null;22;null;0;null;
260439396;Brunswick Sardines In Soya Oil 106G;£0.99;£1.10/100g;World Foods;Caribbean Groceries;275 ;17;null;null;23;null;0;null;
256541094;Island Sun Skinless And Boneless Saltfish 300G;£2.19;£0.73/100g;World Foods;Caribbean Groceries;null;14;null;0;null;null;null;null;
268111844;Samai Salted Plantain Chips 75G;£0.79;£1.06/100g;World Foods;Caribbean Groceries;536 ;1;null;null;32.1;null;7.1;null;
258503027;Wibisco Shirley Biscuits 100G;£0.49;£0.49/100g;World Foods;Caribbean Groceries;85 ;5.62;null;22.89;18.23;null;1.75;null;
272094840;Excelsior Water Crackers Cinnamon 143G;£0.69;£0.48/100g;World Foods;Caribbean Groceries;null;3;null;2;0;null;null;null;
268112336;Samai Sweet Plantain Chips 75G;£0.79;£1.06/100g;World Foods;Caribbean Groceries;571 ;1;null;null;35.7;null;7.1;null;
258503091;Wibisco Shirley Coconut Biscuits 100G;£0.49;£0.49/100g;World Foods;Caribbean Groceries;6 ;6.7;null;null;20.0;null;0;null;
285097892;Grace Green Plantain Chips Salted 85G;£0.90;£1.06/100g;World Foods;Caribbean Groceries;198;1.3;29.7;null;7.6;null;3.0;0.43;
273705019;Grace Mackerel In Brine 400G;£1.89;£0.47/100g;World Foods;Caribbean Groceries;289;16.9;Trace;null;24.6;null;0;null;
272168765;Samai Garlic Plantain Chips 75G;£0.79;£1.06/100g;World Foods;Caribbean Groceries;null;1;null;2;null;null;null;null;
285103385;Cawoods Dried Salted Cod Skinless And Boneless 250G;£3.25;£1.30/100g;World Foods;Caribbean Groceries;null;null;null;null;null;null;null;null;
250181678;Grace Mackerel In Tomato Sauce 400G;£1.89;£0.47/100g;World Foods;Caribbean Groceries;229;13.8;2.3;null;18.3;null;Trace;null;
268111464;Samai Chilli Plantain Chips 75G;£0.79;£1.06/100g;World Foods;Caribbean Groceries;null;1;null;2;null;null;null;null;
260153606;Ovaltine Biscuits 150G;£0.99;£0.66/100g;World Foods;Caribbean Groceries;null;3;null;8;null;null;null;null;
266223755;Koh Kae Coconut Cream Coated Peanuts 265G;£1.79;£0.68/100g;World Foods;Caribbean Groceries;null;19.48;null;11.42;32. 70;null;null;null;
266280939;Cawoods Skinless And Boneless Fish 250G;£1.99;£0.80/100g;World Foods;Caribbean Groceries;null;null;null;null;null;null;null;null;
285102222;Excelsior Jamaican Water Crackers 220G;£0.95;£0.43/100g;World Foods;Caribbean Groceries;98 ;11.27;null;null;1.02;null;2.92;null;
272125246;De Vina Sparkling Red Grape Juice 750Ml;£1.59;£0.21/100ml;World Foods;Caribbean Groceries;68;0.0;16.5;null;0.0;null;0.0;null;
287946098;Jammin Sparkling Black Grape Drink 500Ml;£0.69;£0.14/100ml;World Foods;Caribbean Groceries;26;0;6.3;null;0;null;0;0;
287946075;Jammin Sparkling Pineapple Drink 500Ml;£0.69;£0.14/100ml;World Foods;Caribbean Groceries;27;0;6.5;null;0;null;0;0;
275389585;K.A. Sparkling Fruit Punch Can 330Ml;£0.49;£0.15/100ml;World Foods;Caribbean Groceries;54;Trace;null;null;Trace;null;null;null;
268445610;K.A. Sparkling Pineapple Drink 2Ltr Price Marked;£1.59;£0.08/100ml;World Foods;Caribbean Groceries;49;0;null;null;0;null;null;0.01;
280608815;K.A. Sparkling Fruit Punch Drink 500Ml;£0.89;£0.18/100ml;World Foods;Caribbean Groceries;55;0;null;null;0;null;null;0.03;
268445276;K.A. Sparkling Black Grape Drink 2Ltr Price Marked;£1.59;£0.08/100ml;World Foods;Caribbean Groceries;51;Trace;null;null;Trace;null;null;null;
267766295;Jammin Sparkling Black Grape Drink 2 Litres;£0.89;£0.05/100ml;World Foods;Caribbean Groceries;26;0;6.3;null;0;null;0;0;
279783555;Baldwins Original Sarsaparilla Sparkling Drink 500Ml;£1.00;£0.20/100ml;World Foods;Caribbean Groceries;7 kJ;0.0;null;null;0.0;null;0.0;Trace;
280607298;K.A. Sparkling Karibbean Kola Can 330Ml;£0.49;£0.15/100ml;World Foods;Caribbean Groceries;60;0;null;null;0;null;null;null;
280607572;K.A. Sparkling Black Grape Drink 500Ml;£0.89;£0.18/100ml;World Foods;Caribbean Groceries;49;0;null;null;0;null;null;0.01;
268446010;K.A. Sparkling Fruit Punch Drink 2Ltr Price Marked;£1.59;£0.08/100ml;World Foods;Caribbean Groceries;55 ;Trace;null;null;Trace;null;null;null;
280607275;K.A. Sparkling Karibbean Kola Drink 2 Litre;£1.59;£0.08/100ml;World Foods;Caribbean Groceries;62;0;null;null;0;null;null;0.01;
280609215;K.A. Sparkling Pineapple Drink 500Ml;£0.89;£0.18/100ml;World Foods;Caribbean Groceries;49;0;null;null;0;null;null;0.01;
267765676;Jammin Sparkling Pineapple Drink 2 Litres;£0.89;£0.05/100ml;World Foods;Caribbean Groceries;27;0;6.5;null;0;null;0;0;
275351480;K.A. Sparkling Black Grape Soda Can 330Ml;£0.49;£0.15/100ml;World Foods;Caribbean Groceries;51;Trace;null;null;Trace;null;null;null;
267778766;Jammin Sparkling Fruit Punch Drink 2 Litres;£0.89;£0.05/100ml;World Foods;Caribbean Groceries;28;0;6.9;null;0;null;0;0.02;
287946115;Jammin Sparkling Fruit Punch Drink 500Ml;£0.69;£0.14/100ml;World Foods;Caribbean Groceries;28;0;6.9;null;0;null;0;0.02;
268451717;Abbotts Ginger Beer 330Ml Price Marked;£0.49;£0.15/100ml;World Foods;Caribbean Groceries;64Kcal;Trace;null;null;Trace;null;null;null;
287966068;De Vina Sparkling Red Grape Drink Non Alcohol 330Ml;£0.65;£0.20/100ml;World Foods;Caribbean Groceries;42;0.5;10.0;null;0.5;null;null;0.0;
275389752;K.A. Sparkling Pineapple Soda Can 330Ml;£0.49;£0.15/100ml;World Foods;Caribbean Groceries;49;0;null;null;0;null;null;0.01;
271737894;Marleys Mellow Mood Citrus Soda 355Ml;£1.50;£0.42/100ml;World Foods;Caribbean Groceries;null;0;null;null;0;null;null;27.5;
277082466;Marleys Mellow Mood Lite Mango Soda 355Ml;£1.50;£0.42/100ml;World Foods;Caribbean Groceries;null;0;null;null;0;null;null;27.5;
279668784;Old Jamaica Ginger Beer Extra Fiery 330Ml;£0.38;£0.12/100ml;World Foods;Caribbean Groceries;63;0.1;null;null;0.1;null;null;0.1;
274775918;Old Jamaica Sparkling Cream Soda Drink 330Ml;£0.38;£0.12/100ml;World Foods;Caribbean Groceries;null;null;null;null;null;null;null;null;
274647731;Old Jamaica Fruit Punch Drink 2 Litre;£1.00;£0.05/100ml;World Foods;Caribbean Groceries;null;null;null;null;null;null;null;null;
274777012;Old Jamaica Sparkling Grape Soda Drink 330Ml;£0.38;£0.12/100ml;World Foods;Caribbean Groceries;null;null;null;null;null;null;null;null;
254866444;Ting Grapefruit Crush 330Ml;£0.38;£0.12/100ml;World Foods;Caribbean Groceries;50;Less than 0.1;null;null;Less than 0.1;null;null;null;
258519168;Old Jamaica Ginger Beer 330Ml;£0.38;£0.12/100ml;World Foods;Caribbean Groceries;64;Less than 0.1;null;null;Less than 0.1;null;null;null;
287965530;Old Jamaica Orange And Mango Soft Drink 330Ml;£0.38;£0.12/100ml;World Foods;Caribbean Groceries;54;0.0;null;null;0.0;null;null;0.01;
284846394;Kx Fiery Energy Drink Sugar Free 250Ml;£0.59;£0.24/100ml;World Foods;Caribbean Groceries;null;null;null;null;null;null;null;null;
285097362;Ting Grapefruit Light 330Ml;£0.38;£0.12/100ml;World Foods;Caribbean Groceries;4;0.1;null;null;0.1;null;null;0.02;
274769638;Old Jamaica Sparkling Pineapple Soda Drink 330Ml;£0.38;£0.12/100ml;World Foods;Caribbean Groceries;null;null;null;null;null;null;null;null;
271736452;Marleys Mellow Mood Berry Soda 355Ml;£1.50;£0.42/100ml;World Foods;Caribbean Groceries;null;0;null;null;0;null;null;27.5;
280486733;Ting Grapefruit Crush 1.5 Litre;£1.00;£0.05/100ml;World Foods;Caribbean Groceries;50;Less than 0.1;null;null;Less than 0.1;null;null;null;
274648102;Old Jamaica Cream Soda Drink 2 Litre;£1.00;£0.05/100ml;World Foods;Caribbean Groceries;null;null;null;null;null;null;null;null;
274648534;Old Jamaica Pineapple Soda Drink 2 Litre;£1.00;£0.05/100ml;World Foods;Caribbean Groceries;null;null;null;null;null;null;null;null;
266304683;Old Jamaica Ginger Beer Light 330Ml;£0.38;£0.12/100ml;World Foods;Caribbean Groceries;null;null;null;null;null;null;null;null;
274645831;Old Jamaica Grape Soda Drink 2 Litre;£1.00;£0.05/100ml;World Foods;Caribbean Groceries;null;null;null;null;null;null;null;null;
274776364;Old Jamaica Sparkling Fruit Punch Drink 330Ml;£0.38;£0.12/100ml;World Foods;Caribbean Groceries;null;null;null;null;null;null;null;null;
271393453;Dalgety Honey And Ginger Herbal Tea 40G;£1.49;£3.73/100g;World Foods;Caribbean Groceries;null;0;null;22;null;null;null;null;
266240135;Pure Bulk Fruit Punch Syrup 1.9 Litres;£3.89;£0.21/100ml;World Foods;Caribbean Groceries;354;0;null;null;0;null;null;null;
285132816;Rum Bar Premium White Overproof Rum 200Ml;£9.50;£4.75/100ml;World Foods;Caribbean Groceries;null;null;null;null;null;null;null;null;
250199560;Baldwins Sarsaparilla 1 Litre;£1.59;£0.16/100ml;World Foods;Caribbean Groceries;114 ;0.1;null;null;0.1;null;0.1;0.01;
285132874;Rum Bar Premium Rum Cream 200Ml;£4.00;£2.00/100ml;World Foods;Caribbean Groceries;null;null;null;null;null;null;null;null;
279751357;Wray And Nephew Rum Cream 200Ml;£4.00;£2.00/100ml;World Foods;Caribbean Groceries;null;null;null;null;null;null;null;null;
271085046;Dalgety Lemon And Ginger Herbal Tea 40G;£1.49;£3.73/100g;World Foods;Caribbean Groceries;null;0;null;0;null;null;null;null;
279227898;Marleys One Drop Vanilla Light 325Ml;£1.60;£0.49/100ml;World Foods;Caribbean Groceries;192kJ/46kCal -;2.1;null;null;1.1;null;0;.03;
266235384;Pure Bulk Strawberry Syrup 1.9 Litres;£3.89;£0.21/100ml;World Foods;Caribbean Groceries;354;0;null;null;0;null;null;null;
279749274;Alize Red Passion Liqueur 700Ml;£15.00;£2.15/100ml;World Foods;Caribbean Groceries;null;null;null;null;null;null;null;null;
285140766;Red Label Jamaican Aperitif 200Ml;£2.80;£1.40/100ml;World Foods;Caribbean Groceries;null;null;null;null;null;null;null;null;
272943124;Red Label Jamaican Aperitif 750Ml;£6.99;£6.99/75cl;World Foods;Caribbean Groceries;null;null;null;null;null;null;null;null;
285103834;Bell Premium Lager Beer Can 500Ml;£1.50;£0.30/100ml;World Foods;Caribbean Groceries;null;null;null;null;null;null;null;null;
279226484;Marleys One Drop Mocha 325Ml;£1.60;£0.49/100ml;World Foods;Caribbean Groceries;301kJ/72kCal -;2.1;null;null;1.2;null;0;.03;
285132897;Worthy Park Premium Gold Jamaica Rum 200Ml;£8.50;£4.25/100ml;World Foods;Caribbean Groceries;null;null;null;null;null;null;null;null;
279225330;Marleys One Drop Coffee 325Ml;£1.60;£0.49/100ml;World Foods;Caribbean Groceries;285kJ/68kCal -;2.1;null;null;1.2;null;0;.03;
280645661;Cypressa Greek Halkidiki Pitted Green Olive 315G;£1.75;£1.03/100g;World Foods;Cypriot Groceries;498 kJ;1.4;null;null;12.1;null;null;null;
280645747;Cypressa Pumpkin Seeds Roasted And Salted 200G;£2.00;£1.00/100g;World Foods;Cypriot Groceries;569 ;24.4;null;null;45.6;null;null;null;
279768919;Cypressa Tahini 300G;£2.50;£0.83/100g;World Foods;Cypriot Groceries;659;26.9;null;null;58.2;null;null;0.0;
280647282;Cypressa Sunflower Seeds Roasted And Salted 200G;£1.20;£0.60/100g;World Foods;Cypriot Groceries;null;null;null;null;null;null;null;null;
280632175;Mezap Chocolate Coated Halva Bar With Cocoa 40G;£0.50;£1.25/100g;World Foods;Greek Groceries;null;12.4;47.7;null;32.3;null;null;0.0;
279856464;Zanae Giant Beans In Tomato Sauce 280G;£1.75;£0.63/100g;World Foods;Greek Groceries;6 Kcal;null;13;null;4.6;null;null;null;
279856723;Vrettos Snappy With Honey Baklava 50G;£0.75;£1.50/100g;World Foods;Greek Groceries;null;null;null;null;null;null;null;null;
255744783;Jannis Sesame Snack Bar 30G;£0.50;£1.67/100g;World Foods;Greek Groceries;528 ;16.6;null;27.0;null;null;null;null;
279843623;Zanae Meatballs In Tomato Sauce 280G;£2.00;£0.71/100g;World Foods;Greek Groceries;null;null;null;null;null;null;null;null;
285648794;Cypressa Stuffed Vine Leaves With Rice And Herbs 280G;£2.00;£0.71/100g;World Foods;Greek Groceries;132;2,2;null;null;7,5;null;null;null;
279855701;Caprice Classic Wafer Rolls With Hazelnut 250G;£3.00;£1.20/100g;World Foods;Greek Groceries;null;null;null;null;null;null;null;null;
279843594;Zanae Moussaka 280G;£2.00;£0.71/100g;World Foods;Greek Groceries;180 Kcal;5.6;15.1;null;10.8;null;null;null;
279845667;Minerva Greek Extra Virgin Olive Oil 500Ml;£3.75;£0.75/100ml;World Foods;Greek Groceries;824 ;null;0;null;null;null;null;null;
273949525;Barrys Tea Classic Blend Teabags 80S 250G;£3.00;£1.20/100g;World Foods;Irish Groceries;null;null;null;null;null;null;null;null;
288039934;Bewleys Drinking Chocolate Indulgent 250G;£3.00;£1.20/100g;World Foods;Irish Groceries;381;8.8;null;null;8.4;null;10.8;null;
288031312;Bolands Polo Golden Coconut Biscuits 200G;£1.40;£0.70/100g;World Foods;Irish Groceries;2153kJ 215kJ -;7.7;null;null;26.3;null;4.4;null;
272323138;Bolands Lemon Puff 200G;£1.10;£0.55/100g;World Foods;Irish Groceries;2121 kJ 297kJ;6.1;null;null;25.6;null;2.0;null;
273941194;Ballymaloe Country Relish 310G;£2.80;£0.90/100g;World Foods;Irish Groceries;161;1.8;null;null;trace;null;1.9;null;
288039911;Bryan Lynch Taco Mayonnaise 320G;£3.00;£0.94/100g;World Foods;Irish Groceries;null;null;null;null;null;null;null;null;
273941729;Bewleys Gold Roast Instant Coffee 100G;£3.50;£3.50/100g;World Foods;Irish Groceries;null;null;null;null;null;null;null;null;
272322934;Bolands Jam Mallows 250G;£1.50;£0.60/100g;World Foods;Irish Groceries;1670kJ 224kJ;4.2;null;null;12.1;null;2.5;null;
273949859;Cadbury Dairy Milk Mint Crisp Bar 54G;null;null;World Foods;Irish Groceries;null;7.4;null;null;26.5;null;0.6;null;
272052314;Bolands Kimberley Biscuits 300G;£1.50;£0.50/100g;World Foods;Irish Groceries;1823kJ 284kJ;6.9;null;null;14.5;null;2.8;null;
272052268;Bolands Chocolate Kimberley Teacake 132G;£1.30;£0.99/100g;World Foods;Irish Groceries;null;null;null;null;null;null;null;null;
272052297;Bolands Coconut Creams 200G;£1.50;£0.75/100g;World Foods;Irish Groceries;1652kJ 177kJ;4.6;null;null;11.4;null;2.2;null;
272052971;Barrys Tea Irish Breakfast Teabags 80S 250G;£3.00;£1.20/100g;World Foods;Irish Groceries;null;null;null;null;null;null;null;null;
272052372;Bolands Fig Rolls 200G;£0.85;£0.43/100g;World Foods;Irish Groceries;1570kJ 270kJ;4.1;null;null;8.0;null;5.0;null;
288017350;Chivers Lemon Curd 425G;£2.00;£0.47/100g;World Foods;Irish Groceries;293;0.8;null;null;4.9;null;0.3;null;
273949387;Barrys Tea Gold Blend Teabags 80S 250G;null;null;World Foods;Irish Groceries;null;null;null;null;null;null;null;null;
272053630;Cadbury Dairy Milk Tiffin 53G;£1.00;£1.89/100g;World Foods;Irish Groceries;null;7.7;null;null;26.5;null;0.9;null;
288039076;Bolands Lincoln Shortcake Biscuits 200G;£1.40;£0.70/100g;World Foods;Irish Groceries;1974kJ 146kJ -;6.7;null;null;18.7;null;1.7;null;
288017192;Chivers Strawberry Jam 454G;£2.00;£0.44/100g;World Foods;Irish Groceries;264;0.3;null;null;0.0;null;0.9;null;
272227874;Chef Brown Sauce 500G;£1.70;£0.34/100g;World Foods;Irish Groceries;122;0.3;null;null;0.1;null;0.3;null;
272062538;Cidona Apple Drink Can 330Ml;£0.70;£0.21/100ml;World Foods;Irish Groceries;98;Trace;null;null;Trace;null;Trace;null;
273960879;Club Orange Soft Drink 330Ml;£0.60;£0.18/100ml;World Foods;Irish Groceries;54;0;null;null;0;null;null;0.02;
274066911;Flahavans Irish Porridge Oats 1.5Kg;£2.20;£0.15/100g;World Foods;Irish Groceries;null;null;null;null;null;null;null;null;
273951395;Club Rock Shandy Soft Drink 2 Litre;£1.70;£0.09/100ml;World Foods;Irish Groceries;55;0;null;null;0;null;null;0.02;
272062550;Club Lemon Drink Can 330Ml;£0.60;£0.18/100ml;World Foods;Irish Groceries;51;0;null;null;0;null;null;0;
273951061;Club Diet Orange Soft Drink 2 Litre;£1.70;£0.09/100ml;World Foods;Irish Groceries;6;0;null;null;0;null;null;0.04;
273950424;Club Lemon Soft Drink 2 Litre;£1.70;£0.09/100ml;World Foods;Irish Groceries;51;0;null;null;0;null;null;0;
288042561;Grahams Fruit Loaf 400G;£3.00;£0.75/100g;World Foods;Irish Groceries;null;null;null;null;null;null;null;null;
288039842;Erin Meal Time Irish Country Stew Mix 39G;£1.10;£2.83/100g;World Foods;Irish Groceries;1540kJ 150kJ 8400kJ;7.3;null;null;6.0;null;2.0;6.4;
273983702;Fruitfield Old Time Irish Orange Marmalade Fine Cut 454G;£1.25;£0.28/100g;World Foods;Irish Groceries;269;0.1;null;null;0;null;null;(Trace);
273950724;Club Orange Soft Drink 2 Litre;£1.70;£0.09/100ml;World Foods;Irish Groceries;54;0;null;null;0;null;null;0.02;
273958825;Cidona Sparkling Apple Drink 2 Litre;£1.80;£0.09/100ml;World Foods;Irish Groceries;23;Trace;null;null;Trace;null;Trace;null;
273983247;Erin Irish Potato Soup 84G;£1.00;£1.20/100g;World Foods;Irish Groceries;349;10.4;null;null;5.0;null;5.6;null;
273983380;Erin Thick Country Vegetable Soup 72G;£1.00;£1.39/100g;World Foods;Irish Groceries;349;7.3;null;null;7.6;null;7.4;null;
272228401;Graces Irish Oatmeal Biscuits 135G;£1.90;£1.41/100g;World Foods;Irish Groceries;2300kJ/;6.8;null;null;33.2;null;null;null;
288039894;Fruitfield Old Time Irish Whiskey Marmalade 454G;£2.00;£0.44/100g;World Foods;Irish Groceries;276;0.2;null;null;0;null;0.9;0;
274078044;Flahavans Microwave Quick Porridge Oats 500G;£1.75;£0.35/100g;World Foods;Irish Groceries;null;null;null;null;null;null;null;0.25;
273983541;Erin Marrow Fat Peas No Soak 125G;£1.00;£8.00/kg;World Foods;Irish Groceries;1364kJ 426kJ 8400kJ;23.3;null;null;2.6;null;12.5;2.5;
272232159;Graces Irish Shortbread Biscuits 135G;£1.90;£1.41/100g;World Foods;Irish Groceries;2197kJ/;4.4;null;null;29.4;null;null;null;
272062515;Club Rock Shandy Can 330Ml;£0.60;£0.18/100ml;World Foods;Irish Groceries;55;0;null;null;0;null;null;0.01;
278680194;Keoghs Dubliner Irish Cheese And Onion Crisps125g;£2.00;£1.60/100g;World Foods;Irish Groceries;524kJ;7.7;null;null;33;null;4.8;null;
278680217;Keoghs Shamrock And Sour Cream Crisps 125G;£2.00;£1.60/100g;World Foods;Irish Groceries;522kJ;7.4;null;null;33;null;4.8;null;
288039548;Pop Notch Sweet And Salty Popcorn 80G;£1.75;£2.19/100g;World Foods;Irish Groceries;null;null;null;null;null;null;null;null;
273999804;Tayto Cheese And Onion Potato Crisps 6S 150G;£1.65;£1.10/100g;World Foods;Irish Groceries;2230kJ 554kJ -;7.6;null;null;34.0;null;4.5;1.5;
288017079;Tayto Assorted Flavour Potato Crisps 6S 150G;£1.65;£1.10/100g;World Foods;Irish Groceries;2227kJ 557kJ -;7.6;null;null;34.0;null;4.5;1.3;
282694495;Keoghs Sea Salt And Irish Cider Vinegar Crisps 125G;£2.00;£1.60/100g;World Foods;Irish Groceries;512;6.8;null;null;32.9;null;4.7;null;
274132672;Seerys Luxury Tea Brack 500G;£2.80;£0.56/100g;World Foods;Irish Groceries;250;3.65;null;null;1,0;null;2.0;null;
272052395;Healys 100% Pure Natural Honey 340G;£2.20;£0.65/100g;World Foods;Irish Groceries;null;null;null;null;null;null;null;null;
273985798;Mcdonnells Curry Sauce 250G;£3.00;£1.20/100g;World Foods;Irish Groceries;427;6.2;null;null;18.7;null;null;null;
288001593;Keoghs Roast Beef And Irish Stout Crisps 125G;£2.00;£1.60/100g;World Foods;Irish Groceries;null;null;null;null;null;null;null;null;
273983881;Oatfield Emerald Chocolate Caramels 150G;£1.90;£1.27/100g;World Foods;Irish Groceries;341 Kcal;2;null;null;20;null;null;null;
272322773;Seerys Whiskey Cake 500G;£2.80;£0.56/100g;World Foods;Irish Groceries;358 Kcal;4.6;null;null;11.3;null;1.6;null;
272052533;Mccanns Barm Brack 553G;£3.50;£0.63/100g;World Foods;Irish Groceries;310;5.9;60.5;null;5.7;null;3.3;0.8;
273967371;Mi Wadi Orange Cordial 1 Litre;£2.00;£0.20/100ml;World Foods;Irish Groceries;51;0.2;null;null;Trace;null;Trace;null;
273985619;Odlums White Soda Bread Mix 1Kg;£1.60;£0.16/100g;World Foods;Irish Groceries;1405kJ 8400kJ;10.4;null;null;1.2;null;3.0;2;
272255973;Nashs Red Lemonade 1.5 Litre;£1.40;£0.09/100ml;World Foods;Irish Groceries;null;null;null;null;null;null;null;null;
274133319;Whites Toasted Oats Apple And Cinnamon Crunch 500G;£2.00;£0.40/100g;World Foods;Irish Groceries;437;8.5;null;null;14.3;null;7.9;null;
273983760;Silvermints Mints 30G;£0.50;£1.67/100g;World Foods;Irish Groceries;406;0.8;98.9;null;0;null;null;0;
272228919;Seerys Porter Cake 500G;£2.80;£0.56/100g;World Foods;Irish Groceries;351 Kcal;4.3;null;null;9.8;null;1.4;null;
273999874;Tayto Assorted Flavour Potato Crisps 12S 300G;£3.25;£1.09/100g;World Foods;Irish Groceries;2227kJ 557kJ -;7.6;null;null;34.0;null;4.5;1.3;
274133106;Whites Toasted Oats Wild Fruit Crunch 500G;£2.00;£0.40/100g;World Foods;Irish Groceries;403;8.2;null;null;8.1;null;7.0;null;
281386032;Beksul Real Bread Crumbs 200G;£1.01;£0.51/100g;World Foods;Korean Groceries;null;null;null;null;null;null;null;null;
274857989;Cj Bibigo Korean Soybean Paste 500G;£2.80;£0.56/100g;World Foods;Korean Groceries;null;null;null;null;null;null;null;null;
284352649;Cj Bibigo Gochujang Korean Hot Sauce 60G;£1.00;£1.67/100g;World Foods;Korean Groceries;197 ;3.8;null;null;0.9;null;3.9;6.3;
256376197;Osem Sesame Coated Ring Pretzels 300G;£1.50;£0.50/100g;World Foods;Kosher Groceries;null;null;null;null;null;null;null;null;
259636611;Mr Freeds Small Fried Fish Balls 300G;£3.00;£10.00/kg;World Foods;Kosher Groceries;792kj / 188kCal;16.1;null;null;6.6;null;null;null;
254867161;Mrs Elswood Whole Sweet Cucumbers 670G;£1.49;£0.41/100g;World Foods;Kosher Groceries;40;0.7;null;null;0.2;null;1.5;null;
260365008;Chevington Mild Cheddar Cheese;£2.76;£10.03/kg;World Foods;Kosher Groceries;410;25.0;null;null;34.4;null;null;null;
273482385;Mrs Elswood Haimisha Cucumbers 670G;£1.35;£0.20/100g;World Foods;Kosher Groceries;null;null;null;null;null;null;null;null;
271386151;Rowse Squeezable Clear Honey 680G;£4.00;£0.59/100g;World Foods;Kosher Groceries;329;0.5;null;null;0.5;null;0.5;0.03;
280966505;Great Food Original Falafel 300G;£2.00;£0.67/100g;World Foods;Kosher Groceries;null;9.2;32.0;null;18.3;null;6.6;1.52;
263344806;Tomor Sunflower Margarine Tub 250G;£1.00;£0.40/100g;World Foods;Kosher Groceries;null;null;null;null;null;null;null;null;
260569833;Yarden Houmous And Tahina 400G;£3.50;£0.88/100g;World Foods;Kosher Groceries;338;6.5;null;null;28;null;null;1.3;
266659677;Tesco Kosher Baked Beans 420G;£0.45;£0.11/100g;World Foods;Kosher Groceries;87;4.3;null;5.5;0.5;0.1;4.1;0.7;
265132956;Mr Freeds Chopped Herring Salad 125G;£2.60;£2.08/100g;World Foods;Kosher Groceries;548kj / 131kCal;7.2;null;null;7.6;null;null;null;
251885005;Mr Freeds Kosher Potato Latkes 180G;£1.70;£0.94/100g;World Foods;Kosher Groceries;986kj / 236kCal;5.2;null;null;11.7;null;null;null;
250686605;Yarden Deluxe Houmous 400G;£3.50;£0.88/100g;World Foods;Kosher Groceries;312;6.0;null;null;27.0;null;null;1.25;
259016677;Yehuda Matzos 300G;£1.60;£0.53/100g;World Foods;Kosher Groceries;null;null;null;null;null;null;null;null;
256645904;Chevington Grated Mild Cheddar Cheese 400G;£4.00;£10.00/kg;World Foods;Kosher Groceries;410 Kcal;24.8;0.1;null;34.4;null;null;null;
264530776;Chevington Mature Cheddar;£2.55;£10.64/kg;World Foods;Kosher Groceries;410;25.0;null;null;34.4;null;null;null;
276743458;Whiptop Whipped Cream Spray 200Ml;null;null;World Foods;Kosher Groceries;null;null;null;null;null;null;null;null;
258016805;Yarden Aubergine In Mayonnaise 250G;£1.80;£0.72/100g;World Foods;Kosher Groceries;181;1.0;null;null;17.0;null;null;1.37;
262524503;Chevington Mild Cheddar Cheese Sliced 200G;£2.15;£10.75/kg;World Foods;Kosher Groceries;410Kcal;25.0;null;null;34.4;null;null;null;
284026408;Grants Traditional Smoked Scottish Salmon 300G;£4.00;£1.34/100g;World Foods;Kosher Groceries;null;23.0;0.3;null;7.1;null;0.1;null;
252489732;Blooms Cocktail Viennas 340G;£3.75;£1.11/100g;World Foods;Kosher Groceries;944kj;13.7;2.1;null;19.3;null;null;null;
254950528;Yarden Smoked Turkey Breast 142G;£2.60;£1.84/100g;World Foods;Kosher Groceries;98 Kcal;16;null;null;null;null;null;null;
265674723;Gilberts Turkey Pastrami 142G;£2.20;£1.55/100g;World Foods;Kosher Groceries;null;null;null;null;null;null;null;null;
250442416;Yarden Red Cabbage Mayonnaise 250G;£1.80;£0.72/100g;World Foods;Kosher Groceries;214;1.5;null;null;18.0;null;null;1.25;
254950592;Yarden Smoked Chicken Breast 142G;£2.60;£1.84/100g;World Foods;Kosher Groceries;5 Kcal;20;null;null;null;null;null;null;
265217004;Gilberts American Hot Dogs 350G;£3.50;£1.00/100g;World Foods;Kosher Groceries;714kj / 172kCal;14;null;null;12.5;null;null;null;
276681663;Auth. Brazilian Corn Meal 500G;£1.40;£0.28/100g;World Foods;Latin American Groceries;null;null;null;null;null;null;null;null;
286281758;Amazoo Acai Smoothie Original 750Ml;£5.00;£0.67/100ml;World Foods;Latin American Groceries;null;1.1;null;30;null;null;null;null;
286282763;Cachaca 51 Sugar Cane Spirit 700Ml;£22.00;£3.15/100ml;World Foods;Latin American Groceries;null;null;null;null;null;null;null;null;
280876675;Bauducco Wafers With Double Chocolate Flavoured Filling140g;null;null;World Foods;Latin American Groceries;2197kJ 659kJ;4.7;null;null;28;null;2.3;0.3;
276682005;Auth. Brazilian Toasted Cassava Flour 500G;£1.60;£0.32/100g;World Foods;Latin American Groceries;null;null;null;null;null;null;null;null;
280876617;Bauducco Chocolate And Vanilla Flavoured Cake 200G;£3.00;£1.50/100g;World Foods;Latin American Groceries;1760kJ 1054kJ;5.6;null;null;null;null;1.8;0.6;
283966155;Bauducco Sandwich Biscuits Chocolate 140G;£1.30;£0.93/100g;World Foods;Latin American Groceries;460;6,8;null;null;19;null;4,2;0,6;
276681444;Auth. Brazilian Cheese Bread Mix 500G;£3.50;£0.70/100g;World Foods;Latin American Groceries;null;null;null;null;null;null;null;null;
276682086;Auth. Brazilian Wheat For Kibe 500G;£1.50;£0.30/100g;World Foods;Latin American Groceries;null;null;null;null;null;null;null;null;
280876151;Cepera Biquinho Red Peppers 120G;£2.20;£44.00/kg;World Foods;Latin American Groceries;167;0;null;null;null;null;13.4;null;
280877081;Bauducco Wafers With Nut Flavoured Filling 140G;£1.50;£1.08/100g;World Foods;Latin American Groceries;2192kJ 659kJ;3.7;null;null;27;null;1.5;0.5;
266298660;Camil Black Beans/Feijao Preto 1Kg;£3.00;£3.00/kg;World Foods;Latin American Groceries;null;11;null;null;null;null;null;null;
267453452;Camil Carioca Beans/Feijao Carioca 1Kg;£3.00;£3.00/kg;World Foods;Latin American Groceries;null;11;null;null;null;null;null;null;
283967192;Bauducco Sandwich Biscuits Strawberry 140G;£1.30;£0.93/100g;World Foods;Latin American Groceries;485;7;null;null;21;null;2.4;0.9;
266870898;Compal Black Beans In Tin/Preto 845G;£1.80;£3.47/kg;World Foods;Latin American Groceries;null;null;null;null;null;null;null;null;
271745625;Cepera Malagueta Red Pepper 100G;£3.00;£0.30/10g;World Foods;Latin American Groceries;null;null;null;null;null;null;null;null;
280877616;Bauducco Coconut Flavoured Cake 200G;null;null;World Foods;Latin American Groceries;1861kJ 1117kJ;6.4;null;null;null;null;2.1;0.4;
286269503;Bauducco Toast Multi Grains 160G;£1.50;£0.94/100g;World Foods;Latin American Groceries;1470kJ 441kJ;14;null;null;8;null;6,0;1,3;
267472966;Compal Red Beans In Tin /Encarnado 845G;£1.80;£3.47/kg;World Foods;Latin American Groceries;null;null;null;null;null;null;null;null;
286267125;Bauducco Toast Original 160G;£1.50;£0.94/100g;World Foods;Latin American Groceries;1470kJ 441kJ;14;null;null;8;null;3,6;1,2;
286266852;Ducoco Kids Coconut Water Strawberry 200Ml;£0.55;£0.28/100ml;World Foods;Latin American Groceries;130 kJ -;0;8;null;0;null;0;0;
280877288;Hikari Salt With Garlic 500G;£1.50;£0.30/100g;World Foods;Latin American Groceries;0;1.4;null;null;null;null;0.0;null;
286267033;Ducoco Kids Coconut Water Red Grape 200Ml;£0.55;£0.28/100ml;World Foods;Latin American Groceries;140.5 kJ -;0.0;8.5;null;0.0;null;0.0;0.0;
271747243;Ducoco Coconut Water 200Ml;£0.95;£0.48/100ml;World Foods;Latin American Groceries;null;null;null;null;null;null;null;null;
286281879;Fast Fruit Papaya Juice 1 Litre;£2.80;£0.28/100ml;World Foods;Latin American Groceries;95;0;null;23;null;null;null;null;
286283172;Mix 51 Instant Lemon Powder Drink Mix 14S 322G;£6.00;£1.87/100g;World Foods;Latin American Groceries;null;0;null;20;null;null;null;null;
257393290;Guarana Antarctica Drink 330Ml;£0.90;£0.27/100ml;World Foods;Latin American Groceries;40;null;10;null;0;null;null;null;
271750664;Maguary Passion Fruit Juice Concentrate 500Ml;£3.50;£0.70/100ml;World Foods;Latin American Groceries;null;null;null;null;null;null;null;null;
271746780;Ducoco Coconut Water 1 Litre;£3.00;£3.00/l;World Foods;Latin American Groceries;null;null;null;null;null;null;null;null;
280877222;Hikari Salt With Fine Herbs 500G;£1.50;£0.30/100g;World Foods;Latin American Groceries;0;1.4;null;null;null;null;0.0;null;
286282521;Fast Fruit Cashew Juice 1 Litre;£2.80;£0.28/100ml;World Foods;Latin American Groceries;100;0;null;25;null;null;null;null;
267443464;Guarana Antarctica Drink 1.5 Litres;£2.40;£0.16/100ml;World Foods;Latin American Groceries;null;null;null;null;null;null;null;null;
286318521;Nestle Condensed Milk Cooked 397G;£3.50;£0.88/100g;World Foods;Latin American Groceries;1340 kJ -;6;57;null;7;null;null;0;
276702864;Hikari Cheese Bread Mix 250G;£2.60;£1.04/100g;World Foods;Latin American Groceries;null;null;27;null;null;null;null;null;
286348243;Macarico Tremocos Lupin Beans 500G;£2.80;£0.56/100g;World Foods;Latin American Groceries;546.0 kJ -;15.4;3.5;null;5.0;null;5.0;4.0;
271750388;Leao Matte Natural Tea 40G;£1.50;£3.75/100g;World Foods;Latin American Groceries;null;null;null;null;null;null;null;null;
286281919;Fast Fruit Passion Fruit Juice 1 Litre;£2.80;£0.28/100ml;World Foods;Latin American Groceries;null;0;null;27;null;null;null;null;
271750590;Maguary Cashew Fruit Juice Concentrate 500Ml;£3.50;£0.70/100ml;World Foods;Latin American Groceries;null;null;null;null;null;null;null;null;
286309601;Nestle Assorted Mini Chocolates 375G;£6.00;£1.60/100g;World Foods;Latin American Groceries;null;null;null;null;null;null;null;null;
286307200;Crokissimo Crunch Peanuts Parsley And Onion Flavoured 150G;£2.20;£1.47/100g;World Foods;Latin American Groceries;null;null;null;null;null;null;null;null;
267364465;Pilao Traditional Coffee 250G;£3.00;£1.20/100g;World Foods;Latin American Groceries;null;null;null;null;null;null;null;null;
286309440;Nestle Mucilon Porridge Mix Rice And Oats 230G;£3.00;£1.31/100g;World Foods;Latin American Groceries;376;7.14;null;null;null;null;null;0;
286271091;Predilecta Guava Paste Spread 320G;£2.80;£0.88/100g;World Foods;Latin American Groceries;980 kJ -;0;60;null;0;null;0;0;
286319249;Probar Tripe Stew With White Beans 500G;£3.50;£8.14/kg;World Foods;Latin American Groceries;101;null;6;null;null;null;null;0,9;
286318262;Organiq Natural Energy Drink 269Ml;£1.60;£0.60/100ml;World Foods;Latin American Groceries;null;null;null;null;null;null;null;null;
271744661;Predilecta Sweet Pumpkin Paste Canned 600G;£3.75;£6.25/kg;World Foods;Latin American Groceries;null;0;null;27;null;null;null;null;
286307396;Santa Helena Crokatto Peanut Brittle 15S 225G;£3.75;£1.67/100g;World Foods;Latin American Groceries;null;null;6,2;null;null;null;0,9;null;
271750745;Sazon Seasoning For Beans 60G;£2.00;£0.33/10g;World Foods;Latin American Groceries;null;null;null;null;null;null;null;null;
286266247;Vale D'ouro Biscoito Cheese Snack 100G;£1.70;£1.70/100g;World Foods;Latin American Groceries;2095kJ -;2;null;null;18;null;null;1;
265168793;Predilecta Guava Paste Fruit Pieces Block 350G;£1.80;£0.51/100g;World Foods;Latin American Groceries;null;null;null;null;null;null;null;null;
271750797;Sazon Seasoning For Beef 60G;£2.00;£0.33/10g;World Foods;Latin American Groceries;null;null;null;null;null;null;null;null;
280877403;Uniao Natural Demerara Sugar 1Kg;£2.00;£0.20/100g;World Foods;Latin American Groceries;null;null;null;null;null;null;null;null;
267339749;Sumol Pineapple Drink 1.5 Litres;£2.40;£1.60/l;World Foods;Latin American Groceries;43;null;10.7;null;0;null;0;null;
267641840;Sumol Passion Fruit Juice Drink 1.5L;£2.40;£0.16/100ml;World Foods;Latin American Groceries;null;null;null;null;null;null;null;null;
286270982;Santa Helena Mendorato Coated Peanuts 100G;£1.40;£1.40/100g;World Foods;Latin American Groceries;null;null;11;null;null;null;null;null;
286269555;Predilecta Lamen Noodles Chicken Flavour 85G;£0.60;£0.71/100g;World Foods;Latin American Groceries;472;10.5;null;null;null;null;null;null;
286318890;Probar Red Bean And Meat Stew 500G;£3.50;£8.14/kg;World Foods;Latin American Groceries;114;null;null;null;null;null;null;1;
267367237;Toddy Instant Chocolate Powder Original 400G;£1.99;£0.50/100g;World Foods;Latin American Groceries;null;null;null;null;null;null;null;null;
286271192;Santa Helena Pacoquita Sweet Ground Peanut 320G;£4.50;£1.41/100g;World Foods;Latin American Groceries;null;null;9,3;null;null;null;null;null;
286270915;Predilecta Lamen Noodles Meat Flavour 85G;£0.60;£0.71/100g;World Foods;Latin American Groceries;472;10.5;null;null;null;null;null;null;
286266472;Vale D'ouro Sequilhos Coconut Cookies 350G;£3.50;£1.00/100g;World Foods;Latin American Groceries;null;1.23;null;19;null;null;null;null;
286283595;Zaeli Cassava Starch Sour 500G;£1.70;£0.34/100g;World Foods;Latin American Groceries;null;0;18;null;null;null;null;null;
286266633;Vapza Steam Cooked Beans 500G;£3.00;£0.60/100g;World Foods;Latin American Groceries;133;8;null;null;null;null;9,3;null;
280877530;Vapza Steam Cooked White Canjica 500G;£2.40;£0.48/100g;World Foods;Latin American Groceries;104 ;2.4;null;null;null;null;2.4;null;
280876266;Vapza Steam Cooked Cassava 500G;£3.00;£0.60/100g;World Foods;Latin American Groceries;143 ;2.1;null;null;null;null;2.1;null;
286283445;Zaeli Cassava Starch Sweet 500G;£1.70;£0.34/100g;World Foods;Latin American Groceries;1510kJ 302kJ -;0;90;null;0;null;0;0;
283969526;Visconti Batata Palha Potato Sticks 140G;£2.40;£1.72/100g;World Foods;Latin American Groceries;496;6.8;null;null;null;null;3.2;null;
286308942;Zaeli Cassava Flour Seasoned 500G;£2.00;£0.40/100g;World Foods;Latin American Groceries;null;null;26;null;null;null;null;null;
279768919;Cypressa Tahini 300G;£2.50;£0.83/100g;World Foods;Mediterranean Groceries;659;26.9;null;null;58.2;null;null;0.0;
278776894;Aleyna Hot Jalapeno Sauce 500G;£1.00;£0.20/100g;World Foods;Mediterranean Groceries;45 ;1.0;null;null;0.9;null;1.8;3.0;
278770416;Aleyna Sun Dried Tomatoes In Oil 350G;£1.75;£0.50/100g;World Foods;Mediterranean Groceries;null;null;null;null;null;null;null;null;
279843594;Zanae Moussaka 280G;£2.00;£0.71/100g;World Foods;Mediterranean Groceries;180 Kcal;5.6;15.1;null;10.8;null;null;null;
278831472;Aleyna Cherry Peppers In Vinegar 480G;£1.00;£4.17/kg;World Foods;Mediterranean Groceries;null;null;null;null;null;null;null;null;
279843623;Zanae Meatballs In Tomato Sauce 280G;£2.00;£0.71/100g;World Foods;Mediterranean Groceries;null;null;null;null;null;null;null;null;
278774752;Aleyna Roasted Red Peppers 480G;£1.40;£0.44/100g;World Foods;Mediterranean Groceries;null;null;null;null;null;null;null;null;
278831339;Aleyna Hot Chillies In Vinegar 275G;£1.00;£7.41/kg;World Foods;Mediterranean Groceries;null;null;null;null;null;null;null;null;
278770480;Aleyna Sliced Red Jalapeno Peppers 480G;£1.00;£0.42/100g;World Foods;Mediterranean Groceries;null;null;null;null;null;null;null;null;
278776836;Aleyna Mini Gherkins In Vinegar 480G;£1.00;£0.36/100g;World Foods;Mediterranean Groceries;26 ;1.0;null;null;0.1;null;0.5;2.3;
285693883;Aleyna Garlic Salad In Vinegar 480G;£1.20;£4.00/kg;World Foods;Mediterranean Groceries;null;null;null;null;null;null;null;null;
285725236;Baci Perugina Dark Chocolate With Hazelnut Filling 4S 57G;£2.20;£3.86/100g;World Foods;Mediterranean Groceries;570;8.5;null;null;39.1;null;6.8;null;
279845667;Minerva Greek Extra Virgin Olive Oil 500Ml;£3.75;£0.75/100ml;World Foods;Mediterranean Groceries;824 ;null;0;null;null;null;null;null;
278770042;Aleyna Marinated Artichokes In Oil 290G;£2.50;£1.57/100g;World Foods;Mediterranean Groceries;null;null;null;null;null;null;null;null;
278831443;Aleyna Sliced Green Jalapeno Peppers 480G;£1.00;£4.17/kg;World Foods;Mediterranean Groceries;null;null;null;null;null;null;null;null;
285693975;Aleyna Tahini Sauce 500G;£2.00;£0.40/100g;World Foods;Mediterranean Groceries;103 ;2.8;null;null;8;null;1.6;1.7;
278775457;Aleyna Pickled Garlic Cloves 350G;£1.50;£0.43/100g;World Foods;Mediterranean Groceries;null;null;null;null;null;null;null;null;
278831495;Aleyna Capers In Vinegar 350G;£1.50;£0.67/100g;World Foods;Mediterranean Groceries;null;null;null;null;null;null;null;null;
279856464;Zanae Giant Beans In Tomato Sauce 280G;£1.75;£0.63/100g;World Foods;Mediterranean Groceries;6 Kcal;null;13;null;4.6;null;null;null;
278776444;Aleyna Pickled Chilli Peppers 440G;£1.00;£0.59/100g;World Foods;Mediterranean Groceries;null;null;null;null;null;null;null;null;
285672499;Rio Mare Tuna In Olive Oil 160G;£3.00;£2.89/100g;World Foods;Mediterranean Groceries;410 ;17;0;null;38;null;null;1,3;
285711667;Croc Frais Whole Olives A La Provencale 250G;£3.50;£1.40/100g;World Foods;Mediterranean Groceries;null;null;null;null;null;null;null;null;
285670426;Balocco Novellini 350G;£2.00;£0.57/100g;World Foods;Mediterranean Groceries;null;7,2;null;null;16,4;null;1,9;null;
279855701;Caprice Classic Wafer Rolls With Hazelnut 250G;£3.00;£1.20/100g;World Foods;Mediterranean Groceries;null;null;null;null;null;null;null;null;
285670582;Balocco Savoiardi 400G;£2.80;£0.70/100g;World Foods;Mediterranean Groceries;null;8,5;null;null;3,8;null;1,7;null;
285692233;Comtes Provence Apricot And Almond Preserve 340G;£3.50;£1.03/100g;World Foods;Mediterranean Groceries;null;0,63;null;47,11;null;null;null;16,5m;
285726532;San Benedetto Lemon Ice Tea 330Ml;£0.70;£0.21/100ml;World Foods;Mediterranean Groceries;null;null;null;null;null;null;null;null;
285670242;Balocco Amaretti 200G;£1.80;£0.90/100g;World Foods;Mediterranean Groceries;432 ;7,0;null;null;9,5;null;3,0;null;
285725668;Baci Perugina White Chocolate Praline Plus Hazelnut 4S 57G;£2.20;£3.86/100g;World Foods;Mediterranean Groceries;581 ;8,3;null;null;40,4;null;4,3;null;
285693416;El Lobo Almond And Honey Brittle Nougat Bar 75G;£3.00;£4.00/100g;World Foods;Mediterranean Groceries;null;6;null;15;null;null;null;null;
285672447;Parmalat Chef Bechamel Sauce 500Ml;null;null;World Foods;Mediterranean Groceries;null;null;null;null;null;null;null;null;
285709803;Fallini Formaggi Grated Cheese Dehydrated 80G;£1.50;£1.88/100g;World Foods;Mediterranean Groceries;0;46.6;3.1;null;null;null;null;null;
285694853;Mulino Bianco Grissini Torinesi 125G;£1.20;£0.96/100g;World Foods;Mediterranean Groceries;412 ;10,0;null;null;8,3;null;5,0;1,875;
255744783;Jannis Sesame Snack Bar 30G;£0.50;£1.67/100g;World Foods;Mediterranean Groceries;528 ;16.6;null;27.0;null;null;null;null;
285710956;Isabel Squid In Ink Sauce 115G;£1.20;£1.67/100g;World Foods;Mediterranean Groceries;146 ;11;null;null;null;null;0,5;1,2;
285711532;Isabel Mussels In Pickled Sauce 115G;£1.80;£2.61/100g;World Foods;Mediterranean Groceries;163 ;19;null;null;null;null;0,4;1,5;
285670639;Balocco Hazelnut Cream Wafers 250G;£2.00;£0.80/100g;World Foods;Mediterranean Groceries;null;9,3;null;null;28;null;null;0,34;
285692757;Safronsa Spices For Paella With Saffron 5S 15G;£2.20;£1.47/10g;World Foods;Mediterranean Groceries;null;null;null;null;null;null;null;null;
285680881;Comtes Provence Chestnut And Vanilla Preserve 370G;£3.50;£0.95/100g;World Foods;Mediterranean Groceries;null;1,47;null;52,98;null;null;null;11,22m;
285681085;Comtes Provence Corsican Marmalade Plus Clementine 340G;£3.50;£1.03/100g;World Foods;Mediterranean Groceries;null;0,38;null;50,17;null;null;null;20,76m;
285671575;Santal Pear Fruit Drink 1 Litre;£2.40;£0.24/100ml;World Foods;Mediterranean Groceries;null;null;null;null;null;null;null;null;
285670766;Santal Peach Fruit Drink 1 Litre;£2.40;£0.24/100ml;World Foods;Mediterranean Groceries;null;null;null;null;null;null;null;null;
285671984;Santal Red Orange Fruit Drink 1 Litre;£2.40;£0.24/100ml;World Foods;Mediterranean Groceries;null;null;null;null;null;null;null;null;
285726771;San Benedetto Peach Ice Tea 330Ml;£0.70;£0.21/100ml;World Foods;Mediterranean Groceries;null;null;null;null;null;null;null;null;
285693664;Yago Sangria 750Ml;£9.50;£1.27/100ml;World Foods;Mediterranean Groceries;null;null;null;null;null;null;null;null;
279856723;Vrettos Snappy With Honey Baklava 50G;£0.75;£1.50/100g;World Foods;Mediterranean Groceries;null;null;null;null;null;null;null;null;
276785707;House Wasabi Paste 43G;£1.50;£0.35/10g;World Foods;Oriental Groceries;null;1.4;null;null;11;null;4;10;
276787930;Kikkoman Instant White Miso Soup Mix 30G;£2.40;£0.80/10g;World Foods;Oriental Groceries;null;null;null;null;null;null;null;null;
276793346;Nishiki Premium Grade Rice 4.54Kg;£12.00;£2.65/kg;World Foods;Oriental Groceries;null;3;null;null;null;null;null;null;
276918794;Gap Chocolate Coated Biscuit Sticks 40G;£0.55;£0.14/10g;World Foods;Oriental Groceries;null;null;null;null;null;null;null;null;
276788284;Marukyo Red Bean And Chestnut Dorayaki Pancake 58G;null;null;World Foods;Oriental Groceries;null;null;null;null;null;null;null;null;
281936102;Cocon Mango Jelly Pudding 6 X 80G;£1.70;£0.35/100g;World Foods;Oriental Groceries;null;null;null;null;null;null;null;null;
276786073;Kikkoman Seasoning For Sushi 300Ml;£3.00;£1.00/100ml;World Foods;Oriental Groceries;null;null;null;null;null;null;null;null;
276785598;Yamamotoyama Green Tea Bags 16S 32G;£1.70;£0.53/10g;World Foods;Oriental Groceries;null;null;null;null;null;null;null;null;
263399009;Flying Goose Sriracha Hot Chilli Sauce 455Ml;£2.50;£0.55/100ml;World Foods;Oriental Groceries;122 ;2.3;null;null;1.0;null;null;null;
266045165;Lotte Chocolate Filled Koala Shaped Biscuits 50G;£1.50;£3.00/100g;World Foods;Oriental Groceries;null;null;null;null;null;null;null;null;
263413306;Chaokoh Coconut Milk 400Ml;£1.30;£0.33/100ml;World Foods;Oriental Groceries;null;null;null;null;null;null;null;null;
276807263;Kikkoman Yakitori Sauce 250Ml;£2.60;£1.04/100ml;World Foods;Oriental Groceries;null;null;null;null;null;null;null;null;
276786211;Wel Pac Dried Wakame Seaweed 56.7G;£1.50;£0.27/10g;World Foods;Oriental Groceries;null;null;null;null;null;null;null;null;
276788105;Marukyo Soft Red Bean Funwariyaki Pancake 55G;£1.50;£0.27/10g;World Foods;Oriental Groceries;null;null;null;null;null;null;null;null;
287320055;Deli Ben Crispy Prawn Chilli Sauce 240G;£2.95;£1.23/100g;World Foods;Oriental Groceries;null;null;null;null;null;null;null;null;
276785903;Satono Yuki Tofu 300G;£1.90;£0.63/100g;World Foods;Oriental Groceries;null;null;null;null;null;null;null;null;
281865197;Kikkoman Soy Sauce 1 Litre;£6.00;£0.60/100ml;World Foods;Oriental Groceries;null;null;null;null;null;null;null;null;
276786038;Kikkoman Sushi And Sashimi Soy Sauce 250Ml;£2.60;£1.04/100ml;World Foods;Oriental Groceries;null;null;null;null;null;null;null;null;
276786165;House Chilli Pepper 7 Spice Shichimi 18G;£1.80;£1.00/10g;World Foods;Oriental Groceries;null;null;null;null;null;null;null;null;
276787890;Nagai Roasted Seaweed Sushi Nori 28G;£1.50;£0.54/10g;World Foods;Oriental Groceries;null;null;null;null;null;null;null;null;
287393958;Ladybird Fish Fillets With Bamboo Sticks Barbecue 42.5G;£1.00;£2.36/100g;World Foods;Oriental Groceries;310 ;16.7;59.2;null;0.7;null;null;3.71;
263413777;Mae Ploy Green Curry Paste 400G;£1.80;£0.45/100g;World Foods;Oriental Groceries;400 kJ / -;4.5;null;null;1.4;null;8.6;14.9;
276865400;Mama Rice Noodles Beef Flavour 65G;£1.20;£1.85/100g;World Foods;Oriental Groceries;50;1.1;null;null;0.7;null;null;1.0;
287393970;Lin Lin Pickled Sour Mustard Green 300G;£0.95;£0.32/100g;World Foods;Oriental Groceries;29 kJ 105 kJ;Less than 1 .;null;null;null;null;null;null;
263413852;Mae Ploy Red Curry Paste 400G;£1.80;£0.45/100g;World Foods;Oriental Groceries;498 kJ / -;7.8;null;null;1.8;null;9.5;14.1;
281936004;Kanokwan Red Curry Paste 50G;£0.70;£1.40/100g;World Foods;Oriental Groceries;null;null;null;null;null;null;null;null;
266162279;Mama Mi Goreng Oriental Style Noodles 80G;£0.65;£0.81/100g;World Foods;Oriental Groceries;null;null;null;null;null;null;null;null;
276865624;Mama Rice Noodles Chicken Flavour 65G;£1.20;£1.85/100g;World Foods;Oriental Groceries;48;1.2;null;null;0.7;null;null;1.0;
263413005;Lobo Satay Seasoning Mix 100G;£1.00;£1.00/100g;World Foods;Oriental Groceries;420 ;8.7;null;null;12.0;null;2.6;7.3;
276918949;Gap Tom Yum Coated Biscuit Sticks 40G;£0.55;£0.14/10g;World Foods;Oriental Groceries;null;null;null;null;null;null;null;null;
259376618;Mama Kimchi Noodles 90G;£0.65;£0.72/100g;World Foods;Oriental Groceries;null;null;null;null;null;null;null;null;
287393935;Ladybird Fish Fillets With Bamboo Stick Chilli 42.5G;£1.00;£2.36/100g;World Foods;Oriental Groceries;328 ;16.3;64.0;null;0.8;null;null;4.58;
281935846;Mama Instant Cup Noodles Chicken Flavour 70G;£1.00;£1.43/100g;World Foods;Oriental Groceries;null;null;null;null;null;null;null;null;
276865509;Mama Instant Chand Clear Soup Noodles 65G;£1.20;£1.85/100g;World Foods;Oriental Groceries;46;0.8;null;null;0.5;null;null;1.1;
276826551;Healthy Boy Thai Sweet Chilli Sauce 700Ml;£1.70;£0.24/100ml;World Foods;Oriental Groceries;null;null;null;null;null;null;null;null;
259376584;Mama Hot And Spicy Noodles 90G;£0.65;£0.72/100g;World Foods;Oriental Groceries;null;null;null;null;null;null;null;null;
263399286;Mama Pork Noodles 60G;£0.40;£0.67/100g;World Foods;Oriental Groceries;null;null;null;null;null;null;null;null;
281936027;Kanokwan Pad Thai Paste 72G;£0.70;£0.97/100g;World Foods;Oriental Groceries;null;null;null;null;null;null;null;null;
281936042;Kanokwan Tom Yum Paste 30G;£0.70;£2.34/100g;World Foods;Oriental Groceries;null;null;null;null;null;null;null;null;
287411126;Glico Pocky Biscuit Sticks Chocolate Flavour 47G;£1.20;£2.56/100g;World Foods;Oriental Groceries;null;null;null;null;null;null;null;null;
287320061;Vitamins Mi Goreng Pedas Instant Noodles 88G;£0.37;£0.42/100g;World Foods;Oriental Groceries;null;null;null;null;null;null;null;null;
263398686;Squid Thai Fish Sauce 725Ml;£1.50;£0.21/100ml;World Foods;Oriental Groceries;34 kJ 226 kJ;1.5;null;null;0;null;null;3.275;
263413316;Calbee Prawn Crackers 85G;£1.39;£1.64/100g;World Foods;Oriental Groceries;557 kj 1988 kj;1.9;null;null;5.3;null;1.0;null;
276902962;Yeos Ezy-Cook Noodles 800G;£2.00;£0.25/100g;World Foods;Oriental Groceries;477;8.2;null;null;21.0;null;2.7;null;
276845833;Yeos Laksa Paste 185G;£1.60;£0.87/100g;World Foods;Oriental Groceries;null;null;null;null;null;null;null;null;
276886254;Bamboo Garden Bean Curd Sticks 200G;£2.60;£1.30/100g;World Foods;Oriental Groceries;589 ;47.9;null;null;39.8;null;1.1;null;
281936200;Tao Kae Noi Tempura Seaweed Original 40G;£1.70;£4.25/100g;World Foods;Oriental Groceries;629 ;5.33;null;null;47.3;null;null;0.84;
279841366;Mama Thai Green Curry Rice With Fish Meat 80G;£1.20;£1.50/100g;World Foods;Oriental Groceries;null;null;null;null;null;null;null;null;
273028193;Bin Bin Original Rice Crackers 150G;£1.30;£0.87/100g;World Foods;Oriental Groceries;488;5;null;null;18;null;null;0.7;
281927954;Star Rice Vermicelli (Maifun) 500G;£1.50;£0.30/100g;World Foods;Oriental Groceries;null;null;null;null;null;null;null;null;
279841268;Mama Thai Red Curry Rice With Shrimp 80G;£1.20;£1.50/100g;World Foods;Oriental Groceries;null;null;null;null;null;null;null;null;
287333783;Vitamins Mi Segera Instant Noodles Curry Flavoured 78G;£0.32;£0.41/100g;World Foods;Oriental Groceries;null;null;null;null;null;null;null;null;
287311786;Yeos Satay Sauce 270G;£1.60;£0.59/100g;World Foods;Oriental Groceries;null;null;null;null;null;null;null;null;
281936246;Tao Kae Noi Tempura Seaweed Spicy Flavoured 40G;£1.70;£4.25/100g;World Foods;Oriental Groceries;613 ;5.33;null;null;45.6;null;null;0.85;
276846014;Yeos Nasi Goreng Paste 190G;£1.60;£0.84/100g;World Foods;Oriental Groceries;187 ;2.7;null;null;10.9;null;2.0;null;
287313882;Yeos Szechuan Kung Po Sauce 285G;£1.60;£0.56/100g;World Foods;Oriental Groceries;null;null;null;null;null;null;null;null;
287335781;Vitamins Mi Segera Instant Noodles Seafood Flavoured 78G;£0.32;£0.41/100g;World Foods;Oriental Groceries;null;null;null;null;null;null;null;null;
276865043;Tiger Tiger 5Mm Rice Sticks 400G;£1.60;£0.40/100g;World Foods;Oriental Groceries;304;3;null;null;0.5;null;null;0.03;
263399159;Mama Shrimp Tom Yum Noodles 60G;£0.40;£0.67/100g;World Foods;Oriental Groceries;null;null;null;null;null;null;null;null;
287320084;Vitamins Mi Segera Instant Noodles Chicken Flavoured 80G;£0.32;£0.40/100g;World Foods;Oriental Groceries;null;null;null;null;null;null;null;null;
287282623;Chunsi Shanghai Style Noodles 340G;£1.00;£0.29/100g;World Foods;Oriental Groceries;357 ;12;null;null;1;null;null;1;
281977911;Goek Baby Koala Chocolate Flavoured Biscuits 60G;£1.00;£1.67/100g;World Foods;Oriental Groceries;470;3.7;null;null;28;null;0.9;0.25;
287378355;Cj Bibigo Sweet And Spicy Bulgogi Cooking Sauce 90G;£0.85;£0.94/100g;World Foods;Oriental Groceries;746kJ 672kJ;3.2;null;null;0.7;null;0.8;6.2;
286240813;Cj Bibigo Doenjang Sauce 60G;£1.00;£1.67/100g;World Foods;Oriental Groceries;153 ;12.5;null;null;1.8;null;4.6;9.9;
279841435;Jiaduobao Herbal Tea 310Ml;£0.95;£0.31/100ml;World Foods;Oriental Groceries;36;0;null;9.1;null;null;null;null;
287393745;Four Seas Caramel Corn 85G;£1.75;£2.06/100g;World Foods;Oriental Groceries;586;2.3;null;null;39.5;null;null;0.3;
282008802;Goek Baby Koala Milk Flavour Biscuits 60G;£1.00;£1.67/100g;World Foods;Oriental Groceries;470;3.7;null;null;28;null;0.9;0.25;
276866480;Ha Ha Sunflower Seeds 160G;£1.50;£0.94/100g;World Foods;Oriental Groceries;null;null;null;null;null;null;null;null;
259731818;Goldfish Chinese Hot And Spicy Curry Sauce 405G;£2.40;£0.59/100g;World Foods;Oriental Groceries;null;null;null;null;null;null;null;null;
287356151;Cj Bibigo Korean Bulgogi Cooking Sauce Original 90G;£0.85;£0.94/100g;World Foods;Oriental Groceries;628kJ 565kJ;2.6;null;null;0.1;null;1.9;4.9;
287282485;Chunsi Lanzhou Style Noodles 340G;£1.00;£0.29/100g;World Foods;Oriental Groceries;357 ;12;null;null;1;null;null;1;
263414246;Goldfish Chinese Curry Sauce 405G;£2.40;£0.59/100g;World Foods;Oriental Groceries;null;null;null;null;null;null;null;null;
286241236;Cj Bibigo Ssamjang Sauce 60G;£1.00;£1.67/100g;World Foods;Oriental Groceries;187;9.0;null;null;0.7;null;3.3;7.1;
276730410;Lee Kum Kee Black Bean Garlic Sauce 205G;£1.80;£0.88/100g;World Foods;Oriental Groceries;144 ;9.8;null;null;3.4;null;null;14.7;
276730807;Lee Kum Kee Chicken Marinade Teriyaki 410Ml;£2.00;£0.49/100ml;World Foods;Oriental Groceries;null;null;null;null;null;null;null;null;
287379665;Cj Bibigo Crispy Seaweed Snacks Sesame Flavoured 10G;£1.00;£10.00/100g;World Foods;Oriental Groceries;601 ;19.4;null;null;47.9;null;2.4;2.9;
287392809;Hung Fook Tong Soybean Drink 500Ml;£1.30;£0.26/100ml;World Foods;Oriental Groceries;193 kJ -;2.1;null;null;1.4;null;null;02;
276730502;Lee Kum Kee Char Siu Sauce 225G;£1.80;£0.80/100g;World Foods;Oriental Groceries;249 ;0.9;null;null;0.6;null;null;11.1;
276845522;Laoganma Black Bean Chilli Sauce 280G;£1.80;£0.64/100g;World Foods;Oriental Groceries;null;null;null;null;null;null;null;null;
276845994;Laoganma Chilli Sauce 280G;£1.80;£0.64/100g;World Foods;Oriental Groceries;null;null;null;null;null;null;null;null;
276731075;Lee Kum Kee Hoisin Sauce 210G;£1.80;£0.86/100g;World Foods;Oriental Groceries;230 ;1.2;null;null;1.3;null;null;6.6;
287258906;Lee Kum Kee Sauce For Tomato Garlic Prawns 70G;£0.85;£1.22/100g;World Foods;Oriental Groceries;152 ;3.2;null;null;0.5;null;null;5.9;
287282174;Lee Kum Kee Sauce For Honey Garlic Spare Ribs 70G;£0.85;£1.22/100g;World Foods;Oriental Groceries;238 ;2.3;null;null;0.5;null;null;5.9;
281841421;Lee Kum Kee Plum Sauce 220G;£1.80;£0.82/100g;World Foods;Oriental Groceries;243 ;0.5;59;null;0.8;null;null;30;
276786384;Lee Kum Kee Premium Oyster Sauce 255G;£2.75;£1.08/100g;World Foods;Oriental Groceries;136 ;5.0;null;null;0.5;null;null;11.3;
276732425;Lee Kum Kee Premium Dark Soy Sauce 500Ml;£1.40;£0.28/100ml;World Foods;Oriental Groceries;235 ;1.7;null;null;0.5;null;null;10.3;
259874236;Lee Kum Kee Double Deluxe Soy Sauce 150Ml;£1.70;£1.14/100ml;World Foods;Oriental Groceries;96 ;9.6;null;null;0.5;null;null;16.7;
276761102;Lee Kum Kee Sauce For Ma Po Tofu 80G;£0.85;£1.07/100g;World Foods;Oriental Groceries;134 ;3.6;null;null;7.1;null;null;8.1;
276760627;Lee Kum Kee Pure Sesame Oil 207Ml;£2.80;£1.36/100ml;World Foods;Oriental Groceries;819 ;0.5;null;null;91;null;null;0;
287282295;Lee Kum Kee Oriental Sesame Dressing 207Ml;£2.30;£1.12/100ml;World Foods;Oriental Groceries;122 ;3.8;null;null;5.6;null;null;7.8;
276732004;Lee Kum Kee Premium Dark Soy Sauce 150Ml;£1.20;£0.80/100ml;World Foods;Oriental Groceries;235 ;1.7;null;null;0.5;null;null;10.3;
276731668;Lee Kum Kee Panda Oyster Sauce 510G;£1.90;£0.37/100g;World Foods;Oriental Groceries;129 ;2.2;null;null;0.5;null;null;11.8;
276730675;Lee Kum Kee Chilli Garlic Sauce 190G;£1.80;£0.95/100g;World Foods;Oriental Groceries;106 ;2.1;null;null;1.0;null;null;11.8;
276761200;Lee Kum Kee Sauce For Shredded Pork 60G;£0.85;£1.42/100g;World Foods;Oriental Groceries;201 ;4.9;null;null;4.6;null;null;7.3;
287258852;Lee Kum Kee Sauce For Spicy Garlic Aubergine 80G;£0.85;£1.07/100g;World Foods;Oriental Groceries;105 ;2.1;null;null;2.5;null;null;8.7;
276732834;Lee Kum Kee Premium Light Soy Sauce 150Ml;£1.20;£0.80/100ml;World Foods;Oriental Groceries;92 ;7.7;null;null;0.5;null;null;17.2;
276760374;Lee Kum Kee Premium Light Soy Sauce 500Ml;£1.40;£0.28/100ml;World Foods;Oriental Groceries;92 ;7.7;null;null;0.5;null;null;17.2;
276760748;Lee Kum Kee Sauce For Black Bean Chicken 50G;£0.85;£1.70/100g;World Foods;Oriental Groceries;171 ;7.3;null;null;4.7;null;null;11.3;
276730911;Lee Kum Kee Chiu Chow Chilli Oil 170G;£2.90;£1.71/100g;World Foods;Oriental Groceries;676 ;3.3;null;null;70;null;null;6.9;
276730594;Lee Kum Kee Chilli Bean Sauce 195G;£1.80;£0.92/100g;World Foods;Oriental Groceries;88 ;3.4;null;null;1.8;null;null;10.8;
281841467;Lee Kum Kee Seasoned Soy Sauce For Seafood 207Ml;£1.00;£0.48/100ml;World Foods;Oriental Groceries;null;null;null;null;null;null;null;null;
276827244;Nissin Demae Ramen Tonkotsu Noodles 100G;£0.45;£0.45/100g;World Foods;Oriental Groceries;91 ;2.0;null;null;4.3;null;null;null;
286213028;Nissin Soba Chilli Instant Noodles 92G;£1.39;£1.52/100g;World Foods;Oriental Groceries;8 ;4,5;null;null;8,5;null;null;null;
276826925;Nissin Demae Ramen Sesame Noodles 100G;£0.45;£0.45/100g;World Foods;Oriental Groceries;94 ;1.9;null;null;4.4;null;null;null;
285633532;Nissin Soba Teriyaki Instant Noodles 90G;£1.39;£1.55/100g;World Foods;Oriental Groceries;214 ;5,2;null;null;9,4;null;null;2,3;
276827227;Nissin Demae Ramen Seafood Noodles 100G;£0.45;£0.45/100g;World Foods;Oriental Groceries;93 ;2.0;null;null;4.3;null;null;null;
282011227;Nong-Shim Instant Kimchi Noodle Soup 120G;£0.70;£0.58/100g;World Foods;Oriental Groceries;426 ;8,1;null;null;14;null;null;4,1;
276846803;Nissin Demae Ramen Beef Noodles 100G;£0.45;£0.45/100g;World Foods;Oriental Groceries;95 ;1.9;null;null;4.5;null;null;null;
287393820;Lucky 8 Fortune Cookies 70G;£1.20;£1.72/100g;World Foods;Oriental Groceries;398;5.2;null;null;2.6;null;null;0.15;
276761603;Lee Kum Kee Teriyaki Sauce 200G;£1.80;£0.90/100g;World Foods;Oriental Groceries;178 ;2.2;null;null;0.5;null;null;5.7;
276826695;Mr Kow Green Tea 550Ml;£0.80;£0.15/100ml;World Foods;Oriental Groceries;null;null;null;null;null;null;null;null;
276844886;Lee Kum Kee Soup Base For Sichuan Hot And Spicy 70G;£0.85;£0.12/10g;World Foods;Oriental Groceries;null;null;null;null;null;null;null;null;
276761730;Lee Kum Kee Vegetarian Stir Fry Sauce 510G;£2.00;£0.39/100g;World Foods;Oriental Groceries;133 ;1.3;null;null;0.5;null;null;11.3;
273027879;Mekong Rice Vermicelli 400G;£1.40;£3.50/kg;World Foods;Oriental Groceries;371;7;85;null;0;null;null;0;
285617629;Nissin Soba Classic Instant Noodles 90G;£1.39;£1.55/100g;World Foods;Oriental Groceries;0 ;4,3;null;null;9,4;null;null;null;
276826574;Nissin Demae Ramen Chicken Noodles 100G;£0.45;£0.45/100g;World Foods;Oriental Groceries;93 ;1.9;null;null;4.4;null;null;null;
276827043;Nissin Demae Ramen Spicy Noodles 100G;£0.45;£0.45/100g;World Foods;Oriental Groceries;94 ;1.9;null;null;4.5;null;null;null;
273099205;Mr Kow Ice Tea 500Ml;£0.80;£0.16/100ml;World Foods;Oriental Groceries;39;0;null;null;0;null;null;0.07;
276844696;Lee Kum Kee Soup Base For Satay Hot Pot 75G;£0.85;£0.11/10g;World Foods;Oriental Groceries;null;null;null;null;null;null;null;null;
276866658;Ma Ling Luncheon Meat 340G;£1.90;£0.56/100g;World Foods;Oriental Groceries;null;null;null;null;null;null;null;null;
282010787;Nong-Shim Instant Oolongmen Beef Noodle Soup 75G;£0.75;£1.00/100g;World Foods;Oriental Groceries;1,394kJ 1,859kJ;7.7;null;null;12.4;null;null;null;
259431868;Schweppes Cream Soda 355Ml;£0.80;£0.23/100ml;World Foods;Oriental Groceries;47;0;11.7;null;null;null;null;null;
282009450;Orient Stir Fry Noodles 350G;£1.50;£0.43/100g;World Foods;Oriental Groceries;171Kcal;5;null;null;0.8;null;null;0.2;
276867093;Ssf Noodle King Abalone And Chicken Soup Noodles 75G;£1.20;£1.60/100g;World Foods;Oriental Groceries;395;16.7;null;null;11.3;null;null;6.0;
265234064;Three Tigers Wasabi Peas 200G;£2.00;£10.00/kg;World Foods;Oriental Groceries;null;null;null;null;null;null;null;null;
265233819;Three Tigers Prawn Crackers 60G;null;null;World Foods;Oriental Groceries;null;null;null;null;null;null;null;null;
276867231;Sun Shun Fuk Amoy Flour Vermicelli 300G;£1.80;£0.60/100g;World Foods;Oriental Groceries;341;12.9;null;null;0.8;null;null;3.8;
276844949;Taijade Shaohsing Rice Wine 600Ml;£6.00;£1.00/100ml;World Foods;Oriental Groceries;null;null;null;null;null;null;null;null;
281977865;Ssf Noodle King Pepper Seafood Soup Noodles 70G;£0.75;£1.08/100g;World Foods;Oriental Groceries;381;18.3;null;null;10.1;null;null;6.9;
263414782;Sea Dyke Jasmine Tea Bags 40G;£1.00;£2.50/100g;World Foods;Oriental Groceries;null;null;null;null;null;null;null;null;
282011020;Nong-Shim Instant Shin Ramyun Noodle Soup 120G;£0.70;£0.58/100g;World Foods;Oriental Groceries;420 ;8,5;null;null;14;null;null;4,02;
282011043;October Fifth Mini Almond Cakes 8S 88G;£1.80;£2.05/100g;World Foods;Oriental Groceries;475;10.7;null;null;19.6;null;3.2;0.5;
276873131;Sun Shun Fuk Shanghai Noodles 340G;£1.20;£0.35/100g;World Foods;Oriental Groceries;344;12.7;null;null;0.0;null;null;1.3;
281978236;Ssf Noodle King Abalone And Chicken Soup Noodles 70G;£0.75;£1.08/100g;World Foods;Oriental Groceries;400;17.1;null;null;11.9;null;null;5.6;
273100533;Orient Udon Noodles 4 X 200G;£2.00;£0.25/100g;World Foods;Oriental Groceries;146;4.1;null;null;0.4;null;null;0.2;
276871784;Sun Shun Fuk Chinese Style Noodles 1.36Kg;£2.80;£0.21/100g;World Foods;Oriental Groceries;null;null;null;null;null;null;null;null;
265234185;Three Tigers Chilli Rice Crackers 200G;£2.00;£10.00/kg;World Foods;Oriental Groceries;null;null;null;null;null;null;null;null;
282010614;Nong-Shim Instant Shin Cup Noodle Soup 75G;£0.75;£1.00/100g;World Foods;Oriental Groceries;435 ;7;null;null;15;null;null;4,9;
282010931;October Fifth Egg Rolls 10S 72G;£1.80;£2.50/100g;World Foods;Oriental Groceries;516;6.4;null;null;26.8;null;1.8;1;
282010891;Nong-Shim Instant Oolongmen Chicken Noodle Soup 75G;£0.75;£1.00/100g;World Foods;Oriental Groceries;1,394kJ 1,859kJ;7.1;null;null;12.4;null;null;null;
276846475;Yangtse River Longkou Vermicelli 8X50g;£1.90;£0.48/100g;World Foods;Oriental Groceries;319;0.7;null;null;0.3;null;null;0.05;
263414766;Vitasoy Soy Bean Drink 6 X 250Ml;£2.00;£0.13/100ml;World Foods;Oriental Groceries;185 kJ 463 kJ;1.5;null;null;1.1;null;Less than 1;null;
263294513;Laciate Milk 3.2% 1 Litre;£0.89;£0.89/l;World Foods;Polish Foods;60 ;null;4.7;null;3.2;null;null;null;
262280560;Dawtona Tomato Puree 200G;£0.99;£4.95/kg;World Foods;Polish Foods;null;4.3;18.5;null;0.3;null;3.9;null;
272982209;Dawtona Swedish Salad 680G;£1.19;£0.18/100g;World Foods;Polish Foods;32 ;0.4;7.2;null;0.1;null;null;null;
273421320;Kwidzyn 5 Vegetable Salad 500G;£0.85;£0.30/100g;World Foods;Polish Foods;null;null;null;null;null;null;null;null;
263294438;Laciate Milk 2% 1 Litre;£0.89;£0.89/l;World Foods;Polish Foods;50 ;null;4.7;null;2.0;null;null;null;
275505218;Kwidzyn Salatka Obiadowa 700G;£1.00;£0.27/100g;World Foods;Polish Foods;43 ;1.0;null;null;0.1;null;null;null;
262299348;Dawtona Dill Cucumbers 900G;£1.69;£0.36/100g;World Foods;Polish Foods;null;1;3.7;null;0.1;null;2.2;null;
286003640;Kielecki Mayonnaise 310Ml;£1.39;£0.45/100ml;World Foods;Polish Foods;630;1,7;null;null;68,1;null;null;null;
262299302;Dawtona Sauerkraut 900G;£1.00;£0.17/100g;World Foods;Polish Foods;null;1.1;3.4;null;0.2;null;2.1;null;
262298568;Dawtona Red Cabbage And Apple 680G;£0.99;£0.25/100g;World Foods;Polish Foods;null;0.9;7.4;null;0.15;null;2.2;null;
273421464;Kwidzyn Carrots And Peas 500G;£0.85;£0.28/100g;World Foods;Polish Foods;null;null;null;null;null;null;null;null;
271635986;Milejow Beetroots Pulp 650G;£1.39;£0.21/100g;World Foods;Polish Foods;63 ;1.4;9.4;null;1.8;null;null;null;
265837508;Kwidzyn Pieczarki Marynowane 300G;£1.09;£0.61/100g;World Foods;Polish Foods;140 kJ 210 kJ;2.0;5.6;null;0.3;null;null;null;
274055976;Smak Baby Gherkins 300G;£1.35;£0.90/100g;World Foods;Polish Foods;31 ;0,5;null;null;0,2;null;null;null;
262299331;Dawtona Sauerkraut With Carrot 900G;£1.00;£0.17/100g;World Foods;Polish Foods;null;1.1;3.5;null;0.2;null;2.2;null;
262298522;Dawtona Pickled Red Peppers 680G;£1.55;£0.52/100g;World Foods;Polish Foods;null;0.7;5.4;null;0.2;null;2.7;null;
274055999;Kwidzyn Grated Beetroot With Horseradish 300G;£0.75;£0.25/100g;World Foods;Polish Foods;255 kJ 38 kJ;1.8;null;null;0.1;null;2.3;null;
263174621;Dawtona Ogorki Kwaszone 900G;£1.45;£0.35/100g;World Foods;Polish Foods;null;1;1.4;null;0.1;null;0.5;null;
275460333;Knorr Fix Crispy Potato Pancakes 20S 200G;£1.99;£1.00/100g;World Foods;Polish Foods;330;6;69;null;1.5;null;null;null;
267244452;Dawtona Grated Beetroot 510G;£0.99;£0.28/100g;World Foods;Polish Foods;null;1.6;8.6;null;0.1;null;2;null;
259664462;Prymat Ground Black Pepper 20G;£0.35;£1.75/100g;World Foods;Polish Foods;null;null;null;null;null;null;null;null;
266573271;Prymat Chicken Seasoning 30G;£0.35;£1.17/100g;World Foods;Polish Foods;null;null;null;null;null;null;null;null;
286070455;Winiary Spaghetti Bolognese Mix 44G;£0.79;£1.80/100g;World Foods;Polish Foods;1354kJ 2471kJ;10.7;57.4;null;3.1;null;10.2;10.4;
280919856;Prymat Mild Mustard 185G;£0.69;£0.37/100g;World Foods;Polish Foods;null;4,7;8,4;null;6,6;null;null;null;
261824357;Winiary Liquid Seasoning 210G;£0.75;£0.36/100g;World Foods;Polish Foods;18;2.8;null;null;0;null;null;null;
268614923;Kwidzyn Chrzan Tarty 160G;£0.69;£0.43/100g;World Foods;Polish Foods;452 kJ 45 kJ;2.1;10.3;null;4.9;null;null;null;
275460811;Winiary Pomyst Na Kurczaka W Sosie 30G;£0.79;£2.64/100g;World Foods;Polish Foods;1458kJ 995kJ;6.7;null;null;8.0;null;2.7;13.12;
259488457;Pudliszki Hot Tomato Ketchup 480G;£1.15;£0.24/100g;World Foods;Polish Foods;597 kJ 90 kJ;1.3;33.2;null;0.1;null;null;null;
260860672;Kucharek Seasoning 200G;£0.99;£0.50/100g;World Foods;Polish Foods;null;12,2;19,4;null;0,4;null;null;58,6;
262110048;Winiary Mayonnaise 400Ml;£1.59;£0.40/100ml;World Foods;Polish Foods;702;1,3;3,0;null;76,1;null;0,0;null;
267584072;Prymat Kebab-Gyros Seasoning 30G;£0.35;£1.17/100g;World Foods;Polish Foods;null;null;null;null;null;null;null;null;
275476885;Prymat Przyprawa Do Miesa Mielonego 20G;£0.35;£1.75/100g;World Foods;Polish Foods;null;null;null;null;null;null;null;null;
263190209;Prymat Breadcrumbs 400G;£0.99;£2.48/kg;World Foods;Polish Foods;null;11,6;null;null;null;null;null;1,5;
279842181;Prymat Sarepska Mustard 180G;£0.69;£0.38/100g;World Foods;Polish Foods;null;5,2;9,5;null;4,8;null;null;null;
280824121;Lubella Barley Groats 4S 300G;£0.79;£0.26/100g;World Foods;Polish Foods;1432 kJ/ -;8,5;null;null;1.4;null;3,2;0;
277924859;Wloclawek Ketchup Mild 380G;£1.15;£0.30/100g;World Foods;Polish Foods;104 ;1.8;22.1;null;0.5;null;null;null;
275287878;Winiary Dark Roasting Sauce 30G;£0.49;£1.64/100g;World Foods;Polish Foods;1507kJ 114kJ;8.6;58.8;null;9.4;null;1.7;12.9;
267584066;Prymat Sweet Paprika 20G;£0.35;£1.75/100g;World Foods;Polish Foods;null;null;null;null;null;null;null;null;
265820614;Kucharek Chicken Cube 120G;£0.89;£0.74/100g;World Foods;Polish Foods;null;null;null;null;null;null;null;null;
285985906;Kujawski Extra Virgin Rapeseed Oil 1 Litre;£1.80;£0.18/100ml;World Foods;Polish Foods;null;0;0;null;10,0;0,8;null;0;
265837111;Pamapol Beans With Sausages In Tomato Sauce 500G;£1.49;£2.98/kg;World Foods;Polish Foods;94 ;5,3;null;null;1,7;null;null;1,4;
275459710;Vifon Barbecue Chicken Instant Noodle Soup Mild 70G;£0.45;£0.06/10g;World Foods;Polish Foods;8 ;1.3;null;null;3.1;null;null;null;
265808843;Lowicz Traditional Pot With Vegetable 580G;£1.99;£3.44/kg;World Foods;Polish Foods;126 ;6.5;null;null;6.1;null;null;null;
264648296;Lowicz Meat Balls In Tomato Sauce 580G;£1.89;£3.26/kg;World Foods;Polish Foods;100 ;5,6;7,2;null;5,3;null;null;0,9;
259698836;Pamapol Golabki W Sosie Pomidorowym 500G;£1.49;£2.98/kg;World Foods;Polish Foods;53 ;3,1;null;null;1,8;null;null;0,9;
265838906;Pamapol Flaczki W Rosole 500G;£1.99;£0.40/100g;World Foods;Polish Foods;41 ;8;null;null;0,9;null;null;1;
263203853;Lowicz Spaghetti Sauce 300G;£1.25;£0.42/100g;World Foods;Polish Foods;85 ;1.6;null;null;2.7;null;null;null;
265808476;Lowicz Beef And Pork Tripe With Vegetables 580G;£2.49;£4.30/kg;World Foods;Polish Foods;72 ;null;3.0 );null;1.82;null;null;1.03;
267918272;Winiary Chicken Soup With Noodles 48G;£0.49;£1.03/100g;World Foods;Polish Foods;1327kJ 156kJ;11.2;57.7;null;3.1;null;5.1;15.6;
267536562;Vifon Chicken Curry Instant Noodles 70G;£0.45;£0.64/100g;World Foods;Polish Foods;6 ;1.3;null;null;3.3;null;null;null;
280932125;Krakus Red Borscht Concentrate 300Ml;£1.00;£0.33/100ml;World Foods;Polish Foods;296 ;1.2;null;null;1.2;null;null;null;
267536268;Vifon Chinese Chicken Instant Noodles 70G;£0.45;£0.64/100g;World Foods;Polish Foods;6 ;1.3;null;null;3.3;null;null;null;
259588114;Pamapol Bigos Domowy 500G;£1.49;£2.98/kg;World Foods;Polish Foods;108 ;2,9;null;null;8,5;null;null;1,6;
277909550;Lubella Egg Pasta 250G;£0.65;£0.26/100g;World Foods;Polish Foods;359 ;12;null;null;1,9;null;3,1;0,03;
275459791;Vifon Tom Yum Instant Noodle Soup Hot 70G;£0.45;£0.06/10g;World Foods;Polish Foods;6 ;1.3;null;null;3.3;null;null;null;
267536032;Vifon Golden Chicken Instant Noodles 70G;£0.45;£0.64/100g;World Foods;Polish Foods;6 ;1.3;null;null;3.3;null;null;null;
281514020;Winiary Chicken And Noodle Packet Soup 12G;£0.45;£3.75/100g;World Foods;Polish Foods;1418kJ 173kJ;7.4;66.0;null;4.2;null;1.8;14.9;
259347043;Lubella Pasta 400G;£0.79;£0.20/100g;World Foods;Polish Foods;null;null;null;null;null;null;null;null;
259698598;Pamapol Meatballs&Tomato Sauce 500G;£1.49;£2.98/kg;World Foods;Polish Foods;88 ;4,2;null;null;4,1;null;null;1,2;
275459641;Vifon Chicken Instant Noodle Soup Mild 70G;£0.45;£0.06/10g;World Foods;Polish Foods;8 ;1.3;null;null;3.1;null;null;null;
275478301;Winiary Instant Red Borsch 170G;£1.39;£0.82/100g;World Foods;Polish Foods;74kJ 148kJ;0.20;3.70;null;0.20;null;0;null;
271678831;E.Wedel Dark Chocolate Covered Vanilla Marshmallows 380G;£2.50;£0.66/100g;World Foods;Polish Foods;2,4% 8400 kJ 1842 kJ 195 kJ;0,6%;null;null;3,3%;null;null;0,2%;
271631040;Goplana Grzeski Chocolate Wafer 36G;£0.45;£1.25/100g;World Foods;Polish Foods;529 ;10.3;null;null;29.5;null;null;null;
275902733;E.Wedel Milk Chocolate With Hazelnuts 100G;£1.29;£1.29/100g;World Foods;Polish Foods;7,2% 2000 kcal 2414 kJ 603 kJ;4,6%;null;null;13,6%;null;3,6%;null;
275477596;Cheetos Cheese Corn Snacks 85G;£1.29;£0.15/10g;World Foods;Polish Foods;null;1.4;null;null;null;0.5;0.3;null;
275762886;Aksam Paluszki Beskidzkie Z Sola 300G;£0.75;£0.25/100g;World Foods;Polish Foods;398 ;10.9;74.0;null;5.8;null;null;3.4;
271681089;E.Wedel Aha! Sezamki Bar 27.2G;£0.25;£0.09/10g;World Foods;Polish Foods;null;null;null;null;null;null;null;null;
286029454;Goplana Grzeski Gofree Wafer Plus Vanilla And Chocolate 33G;£0.39;£1.19/100g;World Foods;Polish Foods;536 ;8,6;null;null;32;null;null;0,29;
272982365;Winiary Red Borsch Soup 60G;£0.49;£0.82/100g;World Foods;Polish Foods;1428kJ 171kJ;3.3;72.7;null;3.6;null;0.03;15.6;
280805714;Alibi Max Chocolate Bar With Coconut And Caramel 49G;£0.49;£1.00/100g;World Foods;Polish Foods;535;5.4;61.9;null;28.6;null;null;0.3;
267084905;Crunchips Paprika Crisps 150G;£1.99;£1.33/100g;World Foods;Polish Foods;2307 kJ -;5,6;null;null;37;null;3,3;1,9;
275903438;E.Wedel Milk Chocolate 100G;£0.95;£0.95/100g;World Foods;Polish Foods;2216 kJ;6.,0;null;null;30,0;null;null;0,25;
277926684;E.Wedel Milk Chocolate With Blueberry And Wild Strawberry 100G;£0.95;£0.95/100g;World Foods;Polish Foods;2082 kJ;4.7;null;null;26.3;null;1.5;null;
275464254;Flips Corn Puffs With Chocolate Flavour 70G;£0.69;£0.99/100g;World Foods;Polish Foods;540 ;null;66;null;28;null;null;null;
277926258;E.Wedel Dark Chocolate With Cherry Filling 100G;£0.95;£0.95/100g;World Foods;Polish Foods;6,0% 2000 kcal 2021 kJ 505 kJ;2,4%;null;null;9,1%;null;4,8%;null;
260860846;E.Wedel Supreme Jaffa Cakes Orange 147G;£0.99;£0.67/100g;World Foods;Polish Foods;363 ;3,4;null;null;7,3;null;1,4;null;
260854606;Winiary White Borsh Soup 66G;£0.49;£0.74/100g;World Foods;Polish Foods;1436kJ 235kJ;15.90;55.30;null;5.60;null;2.30;11.7;
262109356;E.Wedel Milk Chocolate With Strawberry 100G;£0.95;£0.95/100g;World Foods;Polish Foods;6,2% 2000 kcal 2088 kJ 522 kJ;2,2%;null;null;9,1%;null;1,6%;null;
263096892;Lajkonik Paluszki Salted Sticks 300G;£0.89;£0.30/100g;World Foods;Polish Foods;null;12;null;null;3,4;null;4,5;null;
286058943;Aksam Beskidzkie Salted Crackers 180G;£0.99;£0.55/100g;World Foods;Polish Foods;467 ;9,9;65,4;null;17,9;null;2,5;1,95;
275504484;Jutrzenka Akuku Owocki Fruit Jellies 90G;£0.59;£0.07/10g;World Foods;Polish Foods;341 ;5.9;null;null;0.1;null;null;null;
262109206;Jutrzenka Familijne Hazelnut Wafers 180G;£0.50;£0.28/100g;World Foods;Polish Foods;null;2;null;7;null;null;0;null;
262288033;Wawel Krakowska Chocolate Jellies 280G;£1.99;£0.71/100g;World Foods;Polish Foods;1464kJ/;1,0;null;null;7,3;null;null;0,02;
250725186;Nestle Princessa Coconut Wafer Bar 33G;£0.49;£1.49/100g;World Foods;Polish Foods;532 ;7,1;null;null;31,9;null;1,4;0,44;
250729988;Nestle Princessa Hazelnut Wafer Bar 35G;£0.49;£1.40/100g;World Foods;Polish Foods;524 ;6,1;null;null;29,8;null;2,0;0,33;
268260966;Wawel Krowka Mleczna 250G;£1.69;£0.68/100g;World Foods;Polish Foods;null;null;null;null;null;null;null;null;
280804796;Kopernik Chocolate Wafer With Peanut Cream 46G;£0.69;£1.50/100g;World Foods;Polish Foods;528 ;8.6;null;null;29.5;null;null;0.3;
271638326;Wawel Krowkowy 48G;£0.39;£0.81/100g;World Foods;Polish Foods;null;null;null;null;null;null;null;null;
267584861;Jutrzenka Jezyki Classic Bar 30G;£0.29;£0.97/100g;World Foods;Polish Foods;null;null;null;null;null;null;null;null;
275602817;Jutrzenka Bebe Herbatniki 16G;£0.15;£0.09/10g;World Foods;Polish Foods;430 ;7.2;76.6;null;10.3;null;null;0.43;
275522520;Wawel Kasztanki Filled Chocolates 330G;£2.50;£0.76/100g;World Foods;Polish Foods;null;3;null;23;null;null;null;null;
280805167;Jutrzenka Wafers With Vanilla Flavoured Cream 150G;£0.79;£0.53/100g;World Foods;Polish Foods;null;null;null;null;null;null;null;null;
262105049;Jutrzenka Jezyki Classic Biscuits 140G;£1.35;£0.96/100g;World Foods;Polish Foods;null;5,9;57,4;null;24,3;null;null;null;
263197611;Jutrzenka Familijne Chocolate Wafers 180G;£0.50;£0.28/100g;World Foods;Polish Foods;526 ;7,3;57,6;null;28,7;null;null;null;
266994509;Nestle Princessa Milk Chocolate Wafer Bar 35G;£0.49;£1.40/100g;World Foods;Polish Foods;535 ;6,2;null;null;30,3;null;2,1;0,32;
267585176;Jutrzenka Jezyki Coconut Bar 30G;£0.29;£0.97/100g;World Foods;Polish Foods;null;null;null;null;null;null;null;null;
280804592;Kopernik Chocolate Covered Gingerbread 60G;£0.99;£1.65/100g;World Foods;Polish Foods;423 ;6.3;null;null;11.8;null;null;null;
262287529;Jutrzenka Familijne Cream Wafers 180G;£0.50;£0.28/100g;World Foods;Polish Foods;null;2;null;10;null;null;null;null;
271680862;Olza Prince Polo Bar 17.5G;£0.25;£1.43/100g;World Foods;Polish Foods;530 ;5.4;null;null;30.0;null;3.9;0.28;
271630945;Goplana Grzeski Hazelnut Wafer 36G;£0.45;£1.25/100g;World Foods;Polish Foods;545 ;9.5;null;null;31.8;null;null;null;
265546645;Wawel Trufles In Chocolate 280G;£2.09;£0.75/100g;World Foods;Polish Foods;null;null;null;null;null;null;null;null;
271638418;Wawel Michalki Zamkowe 280G;£1.99;£0.71/100g;World Foods;Polish Foods;522 ;10,7;null;null;31,5;null;null;0.2;
265627947;Drosed Podlaski Chicken Pate And Tomatoes 100G;£0.45;£4.50/kg;World Foods;Polish Foods;null;null;null;null;null;null;null;null;
275459255;Lubella Kasza Manna Blyskawicz 500G;£0.65;£0.13/100g;World Foods;Polish Foods;345 ;10,4;null;null;1,7;null;null;null;
265649973;Drosed Chicken Ham 110G;£0.79;£7.19/kg;World Foods;Polish Foods;null;null;null;null;null;null;null;null;
265629526;Drosed Podlaski Chicken Pate 100G;£0.45;£4.50/kg;World Foods;Polish Foods;184;7;4;null;16;null;null;1.5;
275505034;Lubella Fluffy Cake Flour 1Kg;£0.79;£0.08/100g;World Foods;Polish Foods;352 ;10;null;null;1,1;null;3,1;0,03;
275505155;Lubella Fluffy Poznan Flour 1Kg;£0.79;£0.08/100g;World Foods;Polish Foods;349 ;11;null;null;1,2;null;3,3;0,03;
267662020;Polish Bakery Brown Bread 400 G;£0.75;£0.19/100g;World Foods;Polish Foods;231 ;8.7;48.8;null;1.5;null;5.2;0.8;
253533984;Drosed Belgian Chicken Pate 160G;£0.79;£0.49/100g;World Foods;Polish Foods;197 ;8,3;null;null;16,9;null;null;1,3;
286062868;Gellwe Strawberry Jelly Mix 75G;£0.49;£0.65/100g;World Foods;Polish Foods;null;null;null;null;null;null;null;null;
266647490;Drosed Podlaski Chicken Pate 155G;£0.69;£4.46/kg;World Foods;Polish Foods;181 ;7,0;null;null;15;null;null;1,4;
286060628;Gellwe Liquid Jelly Mix With Strawberry Pces 30G;£0.35;£1.17/100g;World Foods;Polish Foods;228 kJ/ 468 kJ;0;null;null;0;null;null;0,02;
267589886;Wawel Michalki White 280G;£1.99;£0.71/100g;World Foods;Polish Foods;null;10;null;null;33;null;null;0,33;
281004140;Wawel Michalki Chocolate Plus Coconut Candies 280G;£1.99;£0.71/100g;World Foods;Polish Foods;null;null;null;null;null;null;null;null;
265547903;Wawel Maciek Adwokat Chocolate Bar 40G;£0.39;£0.98/100g;World Foods;Polish Foods;null;null;null;null;null;null;null;null;
266383265;Neptun Mackerel Fillets In Oil 170G;£1.09;£1.07/100g;World Foods;Polish Foods;308 ;13,9;null;0,0;27,9;null;null;null;
266383566;Neptun Mackerel Fillets In Tomato Sauce 170G;£1.09;£1.29/100g;World Foods;Polish Foods;157 ;13,3;null;4,8;9,0;null;null;null;
284592704;Polish Bakery Half Wheat Half Rye Bread 900G;£1.00;£0.11/100g;World Foods;Polish Foods;233 ;5.7;51.1;null;1.5;null;6.6;1.0;
265622820;Drosed Podlaski Chicken Pate And Paprika 100G;£0.45;£4.50/kg;World Foods;Polish Foods;null;null;null;null;null;null;null;null;
266576302;Spichlerz Kielbasa Lekko Czosnkowa 300G;£2.00;£6.67/kg;World Foods;Polish Foods;null;null;null;null;null;null;null;null;
266382681;Caprio Multi-Vitamin Drink 2Ltr Carton;£1.19;£0.06/100ml;World Foods;Polish Foods;27 ;0;null;null;0;null;null;0;
268614406;Spichlerz Rusiecki Szynka Szlachecka 300G;£2.00;£6.67/kg;World Foods;Polish Foods;null;null;null;null;null;null;null;null;
265964737;Caprio Apple Drink 2 Litre Carton;£1.19;£0.06/100ml;World Foods;Polish Foods;113 kJ;0;null;null;0;null;null;0;
274155149;Spichlerz Smalec Staropolski Z Mieskiem 190G;£1.45;£7.64/kg;World Foods;Polish Foods;null;null;null;null;null;null;null;null;
265839224;Pamapol Konserwa Turystyczna 300G;£1.15;£3.84/kg;World Foods;Polish Foods;147 ;12;null;null;10;null;null;1,5;
265833599;Lowicz Plum Butter Jam 290G;£1.35;£0.47/100g;World Foods;Polish Foods;231 ;1.3;null;null;0.3;null;null;null;
274483993;N-Gine Energy Drink Blue 250Ml;£0.39;£0.16/100ml;World Foods;Polish Foods;null;null;null;null;null;null;null;null;
266384212;Neptun Sprats In Tomato Sauce 170G;£1.09;£1.29/100g;World Foods;Polish Foods;128 ;11,4;null;6,0;6,3;null;null;null;
265842093;Black Porsche Design Energy Drink Pet 500Ml;£0.99;£0.20/100ml;World Foods;Polish Foods;46;0;null;null;0;null;null;null;
286059308;Black Vitamin Energy Blueberry Flavoured Drink 250Ml;£0.49;£0.20/100ml;World Foods;Polish Foods;48 ;0;null;null;0;null;null;0;
265458559;Lowicz Strawberry Jam 280G;£0.99;£0.35/100g;World Foods;Polish Foods;142 ;0,5;null;null;0,5;null;null;0;
262194368;Black Energy Drink 250Ml;£0.49;£0.20/100ml;World Foods;Polish Foods;46 ;0;10.8;null;0;null;0;null;
267202256;Spichlerz Miesiwo W Sosie Wlasnym 300G;£2.00;£6.67/kg;World Foods;Polish Foods;null;null;null;null;null;null;null;null;
265815903;Neptun Paprykarz Fish Spread With Rice 310G;£0.99;£3.20/kg;World Foods;Polish Foods;89 ;7,6;null;2,8;null;null;null;1,2;
266385580;Caprio Apple And Raspberry Drink 2 Litre Carton;£1.19;£0.06/100ml;World Foods;Polish Foods;111 kJ /;0;null;null;0;null;null;0;
277910340;Sadecki Bartnik Multiflower Honey 400G;£2.75;£0.69/100g;World Foods;Polish Foods;319 ;0.3;null;null;trace;null;trace;null;
265859027;Pamapol Przysmak Sniadaniowy 300G;£1.15;£3.84/kg;World Foods;Polish Foods;147 ;12;null;null;10;null;null;1,5;
261964421;Caprio Orange Drink 2 Litre Carton;£1.19;£0.06/100ml;World Foods;Polish Foods;111 kJ /;0;null;null;0;null;null;0;
268436805;Black Mojito Energy Drink 250Ml;£0.49;£0.20/100ml;World Foods;Polish Foods;47 ;0;11.3;null;0;null;0;null;
280932822;Fitella Green Tea Aloe And Cranberry Drink 250Ml;£0.69;£0.28/100ml;World Foods;Polish Foods;null;0;7.7;null;0;null;null;null;
262279482;Dawtona Tomato Juice 330Ml;£0.75;£0.23/100ml;World Foods;Polish Foods;20 ;1.0;3.1;null;0.16;null;1.2;null;
260857037;Kubus Carrot Raspberry And Lime Drink 400Ml;£0.79;£0.20/100ml;World Foods;Polish Foods;41 ;0,1;null;null;0;null;null;0;
280823888;Kubus Apple And Banana Mousse 100G;£0.59;£0.59/100g;World Foods;Polish Foods;null;null;null;null;null;null;null;null;
275463088;Kubus Water Strawberry Drink 500Ml;£0.79;£0.16/100ml;World Foods;Polish Foods;null;null;null;null;null;null;null;null;
279842342;Kubus Apple Banana Carrot And Strawberry Mousse 100G;£0.59;£0.59/100g;World Foods;Polish Foods;55 ;0,7;null;null;0,3;null;2,0;0,08;
265836141;Kubus Carrot Drink 300Ml;£0.65;£0.22/100ml;World Foods;Polish Foods;51 ;0.4;null;null;0.1;null;1.4;null;
271636023;Frugo Black Drink 250Ml;£0.50;£0.20/100ml;World Foods;Polish Foods;null;0,5;null;null;0,5;null;null;0,01;
286063245;Frugo Yellow Fruit Drink 250Ml;£0.50;£0.20/100ml;World Foods;Polish Foods;null;null;null;null;null;null;null;null;
275602184;Kubus Go Multivitamin Drink 300Ml;£0.65;£0.22/100ml;World Foods;Polish Foods;null;null;null;null;null;null;null;null;
260857246;Kubus Carrot Orange And Lime Drink 400Ml;£0.79;£0.20/100ml;World Foods;Polish Foods;189 kJ / 44 (kcal) -;0,1;11,0;11,0;0,0;null;null;null;
263204408;Lowicz Raspberry Syrup 440Ml;£1.00;£0.23/100ml;World Foods;Polish Foods;260 ;0.04;64.9;null;0.0;null;null;null;
283162363;Kubus Carrot Apple And Raspberry Drink 300Ml;£0.65;£0.22/100ml;World Foods;Polish Foods;47 ;0,4;null;null;0,1;null;1,4;0,05;
267211140;Kubus Carrot Banana And Apple Drink 900Ml;£1.00;£0.11/100ml;World Foods;Polish Foods;52 ;0.4;null;null;0.1;null;1.2;null;
271638977;Kubus Green Banana Kiwi 900Ml;£1.00;£0.11/100ml;World Foods;Polish Foods;50 ;0.4;null;null;0.1;null;1.1;null;
275492116;Lowicz Raspberry And Lemon Syrup 440Ml;£1.00;£0.23/100ml;World Foods;Polish Foods;260 ;0.04;null;null;0.0;null;null;null;
267210947;Kubus Carrot Raspberry And Apple Drink 900Ml;£1.00;£0.11/100ml;World Foods;Polish Foods;51;0.3;null;null;0.1;null;1.3;null;
275492479;Lowicz Raspberry And Lime Tree Flower Syrup 440Ml;£1.00;£0.23/100ml;World Foods;Polish Foods;260 ;0.04;null;null;0.0;null;null;null;
271636138;Frugo Green Drink 250Ml;£0.50;£0.20/100ml;World Foods;Polish Foods;null;0,5;null;null;0,5;null;null;0,01;
274376947;Kubus Multi-Vitamin Drink 300Ml;£0.65;£0.22/100ml;World Foods;Polish Foods;46 ;0.2;null;null;0.1;null;0.8;null;
263201953;Tymbark Apple And Mint Drink 250Ml;£0.49;£0.20/100ml;World Foods;Polish Foods;36 ;0;null;null;0;null;null;0;
275597592;Bobovita Strawberry Porridge Over 6 Months 230G;£2.60;£1.14/100g;World Foods;Polish Foods;null;null;null;null;null;null;null;null;
271639037;Tymbark Cherry Apple 1 Litre;£0.99;£0.10/100ml;World Foods;Polish Foods;43 ;0.1;null;null;0.1;null;null;null;
260861417;Tymbark Multifruit Drink 2 Litre;£1.69;£0.09/100ml;World Foods;Polish Foods;47 ;0.1;null;null;0.1;null;0.1;null;
265845700;Tymbark Apple And Cherry Drink 250Ml;£0.49;£0.20/100ml;World Foods;Polish Foods;40 ;0;null;null;0;null;null;0;
271639066;Tymbark Apple Peach Strawberry Drink 200Ml;£0.39;£0.20/100ml;World Foods;Polish Foods;45 ;0;null;null;0;null;null;0;
280824432;Tymbark Apple And Redcurrant Drink 2 Litre;£1.00;£0.05/100ml;World Foods;Polish Foods;35 ;0;null;null;0;null;null;0;
260861377;Tymbark Green Banana Juice 1 Litre;£1.19;£0.12/100ml;World Foods;Polish Foods;55 ;0;null;null;0;null;null;0;
266382617;Tymbark Pure Tomato Juice 1 Litre;£1.19;£0.12/100ml;World Foods;Polish Foods;16 ;0,8;null;null;0,2;null;1,1;0,55;
271639054;Tymbark Cactus 1 Litre;£1.19;£0.12/100ml;World Foods;Polish Foods;45 ;0;null;null;0;null;null;0;
286058586;Tchibo Family Roasted Ground Coffee 250G;£1.79;£0.72/100g;World Foods;Polish Foods;null;null;null;null;null;null;null;null;
260861469;Tymbark Apple And Mint Nectar Drink 2L;£1.69;£0.09/100ml;World Foods;Polish Foods;41 ;0.1;null;null;0.1;null;null;null;
260861515;Tymbark Cherry And Apple Nectar Drink 2L;£1.69;£0.09/100ml;World Foods;Polish Foods;43 ;0.1;null;null;0.1;null;null;null;
275459301;Tymbark Next Green Tea Lemon Drink 500Ml;£0.79;£0.16/100ml;World Foods;Polish Foods;30 ;0;null;null;0;null;null;0;
285767203;Dimes Mixed Fruits Nectar 200Ml;£0.35;£0.18/100ml;World Foods;Turkish Groceries;null;null;null;null;null;null;null;null;
280583612;Marmarabirlik Extra Black Olives 250G;£1.75;£0.70/100g;World Foods;Turkish Groceries;null;null;null;null;null;null;null;null;
280622210;Kipa Tahini Halva Hazelnut Chocolate Sauce 300G;£3.00;£1.00/100g;World Foods;Turkish Groceries;2231.6kJ / 892kJ /;13.8;null;null;32.9;null;7.3;0.2;
280622622;Kipa Tahini Halva Pistachio 300G;£3.50;£1.17/100g;World Foods;Turkish Groceries;2290kJ / 916kJ /;13.8;null;null;37.0;null;9.7;0.22;
280610783;Efes Pilsener Premium Beer 500Ml;£1.50;£0.30/100ml;World Foods;Turkish Groceries;null;null;null;null;null;null;null;null;
280622469;Kipa Tahini Halva Vanilla 300G;£2.00;£0.67/100g;World Foods;Turkish Groceries;539;13.3;null;null;35.0;null;8.7;0.22;
285843430;Ulker 9 Kat Tat Wafers Plus Strawberry Cream 42G;£0.40;£0.95/100g;World Foods;Turkish Groceries;null;null;null;null;null;null;null;null;
280611183;Erikli Natural Spring Water 500Ml;£0.45;£0.09/100ml;World Foods;Turkish Groceries;null;null;null;null;null;null;null;null;
285767186;Dimes Classic Sour Cherry Nectar 200Ml;£0.35;£0.18/100ml;World Foods;Turkish Groceries;null;null;null;null;null;null;null;null;
285767163;Dimes Premium Apple Juice 200Ml;£0.35;£0.18/100ml;World Foods;Turkish Groceries;null;null;null;null;null;0,05;null;null;
285843303;Ulker 9 Kat Tat Wafers Plus Hazelnut Cream 42G;£0.40;£0.95/100g;World Foods;Turkish Groceries;null;null;null;null;null;null;null;null;
280542016;Ulker Cracker Sticks 36G;£0.25;£0.07/10g;World Foods;Turkish Groceries;null;null;null;null;null;null;null;null;
285816941;Ulker Albeni Milk Chocolate Plus Caramel And Biscuit Bar 40G;£0.40;£1.00/100g;World Foods;Turkish Groceries;null;null;null;null;null;null;null;null;
259245872;Billingtons Fair Trade Light Brown Sugar 500G;£1.39;£2.78/kg;Sugar & Sweeteners;Baking Sugars;1690kJ -;0;null;null;0;null;null;0.35;
273884278;Billingtons Light Muscovado 500G;£1.50;£3.00/kg;Sugar & Sweeteners;Baking Sugars;1670kJ;trace;null;null;0.0;null;null;null;
273910755;Whitworths Dark Brown Soft Sugar 350G;£1.59;£4.55/kg;Sugar & Sweeteners;Baking Sugars;385;0.5;96.0;null;0.0;null;null;0.1;
254917483;Tesco Light Soft Brown Sugar 500G;£1.49;£2.98/kg;Sugar & Sweeteners;Baking Sugars;399;0.1;null;99.1;0.1;0.1;0.5;0.4;
273883901;Billingtons Dark Muscovado 500G;£1.50;£3.00/kg;Sugar & Sweeteners;Baking Sugars;1630kJ;0.3;null;null;0.0;null;null;null;
254917477;Tesco Dark Soft Brown Sugar 500G;£1.49;£2.98/kg;Sugar & Sweeteners;Baking Sugars;391;0.1;null;97.3;0.1;0.1;0.5;0.2;
255210712;Tesco Dark Muscovado Sugar 1Kg Bag;£2.40;£2.40/kg;Sugar & Sweeteners;Baking Sugars;384;0.3;null;95.3;0.1;0.1;0.5;0.6;
255210983;Tesco Dark Muscovado Sugar 500G Pack;£1.49;£2.98/kg;Sugar & Sweeteners;Baking Sugars;384;0.3;null;95.3;0.1;0.1;0.5;0.6;
255211037;Tesco Light Muscovado Sugar 500G Pack;£1.49;£2.98/kg;Sugar & Sweeteners;Baking Sugars;395;0.1;null;98.1;0.1;0.1;0.5;0.2;
256775623;Tesco Light Brown Soft Sugar 1Kg Pack;£2.49;£2.49/kg;Sugar & Sweeteners;Baking Sugars;399;0.1;null;99.1;0.1;0.1;0.5;0.4;
273883855;Billingtons Dark Muscovado 1Kg;£2.90;£2.90/kg;Sugar & Sweeteners;Baking Sugars;1630kJ -;0;null;null;0;null;null;0.57;
282060773;Groovy Food Agave Light And Mild 250Ml;£2.50;£1.00/100ml;Sugar & Sweeteners;Baking Sugars;1249kJ 57.45kJ;0;null;null;0;null;null;0;
276673379;Tate And Lyle Fair Trade Light Soft Brown 325G;£1.29;£3.97/kg;Sugar & Sweeteners;Baking Sugars;1632kJ -;0;null;null;0;null;null;0.01;
256020457;Billingtons Molasses Sugar 500G;£1.19;£2.38/kg;Sugar & Sweeteners;Baking Sugars;1610kJ;0.7;null;null;0.0;null;null;null;
273911184;Whitworths Light Brown Soft Sugar 350G;£1.59;£4.55/kg;Sugar & Sweeteners;Baking Sugars;385;0.5;96.0;null;0.0;null;null;0.1;
273883947;Billingtons Light Muscovado 1Kg;£2.90;£2.90/kg;Sugar & Sweeteners;Baking Sugars;1670kJ -;0;null;null;0;null;null;0.18;
256775669;Tesco Dark Brown Soft Sugar 1Kg Bag;£2.49;£2.49/kg;Sugar & Sweeteners;Baking Sugars;391;0.1;null;97.3;0.1;0.1;0.5;0.2;
255210891;Tesco Light Muscovado Sugar 1Kg Bag;£2.40;£2.40/kg;Sugar & Sweeteners;Baking Sugars;395;0.1;null;98.1;0.1;0.1;0.5;0.2;
252528658;Caster Sugar 500G;£0.99;£1.98/kg;Sugar & Sweeteners;Caster Sugar;null;0;null;null;0;null;null;0;
276732074;Trade Aid Uk Pure Cane Caster Sugar 1Kg;£1.79;£1.79/kg;Sugar & Sweeteners;Caster Sugar;1700kJ -;0;null;null;0;null;null;0.01;
287281843;Caster Sugar 2Kg;£2.45;£1.23/kg;Sugar & Sweeteners;Caster Sugar;null;0;null;null;0;null;null;0;
276672829;Tate And Lyle Fair Trade Golden Caster 700G;£1.99;£2.85/kg;Sugar & Sweeteners;Caster Sugar;1695kj -;0;null;null;0;null;null;0.01;
255089008;Tesco Golden Caster 1Kg Bag;£1.90;£1.90/kg;Sugar & Sweeteners;Caster Sugar;400;0.1;null;99.8;0.1;null;0;0.2;
285509012;Billingtons Golden Caster 1Kg;£1.90;£1.90/kg;Sugar & Sweeteners;Caster Sugar;1700kJ;trace;null;null;0.0;null;null;null;
252528727;Caster Sugar 1Kg;£1.48;£1.48/kg;Sugar & Sweeteners;Caster Sugar;null;0;null;null;0;null;null;0;
259222006;Billingtons Fair Trade Demerara 500G;£1.79;£3.58/kg;Sugar & Sweeteners;Demerara Sugar;1690kJ -;0;null;null;0;null;null;0.35;
255200557;Tesco Demerara Sugar 2Kg Pack;£3.29;£1.65/kg;Sugar & Sweeteners;Demerara Sugar;399;0.1;null;99.5;0.1;0.1;0;0.1;
259291545;Billingtons Demerara Sugar 500G;£1.19;£2.38/kg;Sugar & Sweeteners;Demerara Sugar;1690kJ -;0;null;null;0;null;null;0.25;
276681041;Tate And Lyle Fair Trade Demerara 350G;£1.29;£3.69/kg;Sugar & Sweeteners;Demerara Sugar;1683kj -;0;null;null;0;null;null;0.01;
259291597;Billingtons Demerara Sugar 1Kg;£1.99;£1.99/kg;Sugar & Sweeteners;Demerara Sugar;1696kJ;0.2;null;null;0.0;null;null;null;
254917166;Tesco Demerara Sugar 500G;£1.00;£2.00/kg;Sugar & Sweeteners;Demerara Sugar;399;0.1;null;99.5;0.1;0.1;0;0.1;
276681225;Tate And Lyle Fair Trade Demerara 750G;£1.99;£2.66/kg;Sugar & Sweeteners;Demerara Sugar;1,695kJ;Nil;null;null;Nil;null;Nil;null;
254917172;Tesco Demerara Sugar 1Kg;£1.69;£1.69/kg;Sugar & Sweeteners;Demerara Sugar;399;0.1;null;99.5;0.1;0.1;0;0.1;
252528422;Granulated Sugar 1Kg;£0.59;£0.59/kg;Sugar & Sweeteners;Granulated Sugar;1700kj;0;null;null;0;null;null;0.01;
256926117;Silver Spoon Granulated Sugar Ceka 750G;£1.79;£2.39/kg;Sugar & Sweeteners;Granulated Sugar;null;0;null;null;0;null;null;0;
276673310;Tate And Lyle Fair Trade Golden Granulated 750G;£1.99;£2.66/kg;Sugar & Sweeteners;Granulated Sugar;1695kj -;0;null;null;0;null;null;0.01;
254917114;Tesco Golden Granulated Sugar 1 Kilograms Pack;£1.60;£1.60/kg;Sugar & Sweeteners;Granulated Sugar;401;0.1;null;99.7;0.1;0.1;0.5;0.1;
254385581;Trade Aid Uk Granulated Sugar 500G;£0.69;£1.38/kg;Sugar & Sweeteners;Granulated Sugar;1700kJ -;0;null;null;0;null;null;0.01;
259006689;Tesco Golden Granulated Sugar 2Kg Pack;£3.19;£1.60/kg;Sugar & Sweeteners;Granulated Sugar;401;0.1;null;99.7;0.1;0.1;0.5;0.1;
276672991;Tate And Lyle Fair Trade Golden Granulated 350G;£1.29;£3.69/kg;Sugar & Sweeteners;Granulated Sugar;1695kj -;0;null;null;0;null;null;0.01;
252528508;Granulated Sugar 2Kg;£1.15;£0.58/kg;Sugar & Sweeteners;Granulated Sugar;null;0;null;null;0;null;null;0;
287206934;Granulated Sugar 5Kg;£2.85;£0.57/kg;Sugar & Sweeteners;Granulated Sugar;1700kJ 68kJ - -;trace;null;null;0;null;null;null;
254917120;Billington's Golden Granulated Sugar 1Kg;£1.90;£1.90/kg;Sugar & Sweeteners;Granulated Sugar;1695kJ;0.0;null;null;0.0;null;null;null;
259222450;Billingtons Golden Granulated Sugar Fair Trade 500G;£1.69;£3.38/kg;Sugar & Sweeteners;Granulated Sugar;1695kJ -;0.0;null;null;0.0;null;null;null;
278973960;Silver Spoon Icing Shaker 210G;£1.99;£9.48/kg;Sugar & Sweeteners;Icing Sugar;400;0;null;null;0;null;null;0;
252528831;Icing Sugar 1Kg;£1.55;£1.55/kg;Sugar & Sweeteners;Icing Sugar;null;0;null;null;0;null;null;0;
259245722;Fondant Icing Sugar 500G;£1.09;£2.18/kg;Sugar & Sweeteners;Icing Sugar;1700kJ -;0;null;null;0;null;null;null;
252528791;Icing Sugar 500G;£0.78;£1.56/kg;Sugar & Sweeteners;Icing Sugar;null;0;null;null;0;null;null;0;
273911633;Whitworths Twist And Sprinkle Icing Sugar 200G;£1.99;£9.95/kg;Sugar & Sweeteners;Icing Sugar;399;0.0;null;null;0.0;null;null;0.0;
254915145;All In One Royal Icing Sugar 500G;£1.09;£2.18/kg;Sugar & Sweeteners;Icing Sugar;1683kJ -;0.7;null;null;Trace;null;null;null;
273910974;Whitworths Superfine Icing Sugar 450G;£1.59;£3.54/kg;Sugar & Sweeteners;Icing Sugar;400;0.0;100;null;0.0;null;null;0.0;
276730744;Tate And Lyle Pectin Sachets 3X8g;£1.49;£62.09/kg;Sugar & Sweeteners;Jam & Preserving Sugars;730kJ -;1;null;null;1;null;60;null;
254914198;Certo Apple Pectin 250G;£2.29;£9.16/kg;Sugar & Sweeteners;Jam & Preserving Sugars;null;null;null;null;null;null;null;null;
280471192;Jam Sugar 1Kg;£1.99;£1.99/kg;Sugar & Sweeteners;Jam & Preserving Sugars;1688kj -;0;null;null;0;null;null;0.02;
280472029;Preserving Sugar 1Kg;£2.09;£2.09/kg;Sugar & Sweeteners;Jam & Preserving Sugars;1700kj -;0;null;null;0;null;null;0.01;
267144294;Tate And Lyle White Rough Cut Cubes 500G;£1.59;£3.18/kg;Sugar & Sweeteners;Sugar Cubes & Coffee Crystals;1700kj 85kj;0;null;null;0;null;0;null;
276730698;Tate And Lyle Manbre Amber Sugar Crystals;£1.59;£3.18/kg;Sugar & Sweeteners;Sugar Cubes & Coffee Crystals;null;null;null;null;null;null;null;null;
267144069;Tate And Lyle Demerara Rough Cut Cubes 500G;£1.59;£3.18/kg;Sugar & Sweeteners;Sugar Cubes & Coffee Crystals;1683kj -;0;null;null;0;null;null;0.01;
280403049;White Sugar Cubes 500G;£0.98;£1.96/kg;Sugar & Sweeteners;Sugar Cubes & Coffee Crystals;1700kj -;0;null;null;0;null;0;null;
252529202;Demerara Sugar Cubes 500G;£1.69;£3.38/kg;Sugar & Sweeteners;Sugar Cubes & Coffee Crystals;1688kJ;0.0;null;null;0.0;null;null;null;
254917598;Canderel 300Pk;£2.93;£0.01/each;Sugar & Sweeteners;Sweeteners;3 ;0.01;null;null;0;null;null;0;
254917575;Canderel Sweetener 100 Pack;£1.28;£0.01/each;Sugar & Sweeteners;Sweeteners;3 ;0.01;null;null;0;null;null;0;
259247651;Hermesetas Mini Sweeteners 400Pk;£1.99;£0.01/each;Sugar & Sweeteners;Sweeteners;null;0;null;null;null;null;null;26.5;
259029184;Tesco Tablet Sweeteners 300 Tablets Pack;£1.72;£0.01/each;Sugar & Sweeteners;Sweeteners;311;24.6;null;49.4;null;null;5.1;2.3;
251699928;Tesco Sweetener Tablets Refill 5X100pk;£2.99;£0.01/each;Sugar & Sweeteners;Sweeteners;315;24.6;null;49.4;0.1;0;5.1;2.3;
256222915;Tesco Tablet Sweeteners 100 Tablets Pack;£0.99;£0.01/each;Sugar & Sweeteners;Sweeteners;315;24.6;null;49.4;0.1;null;5.1;null;
254602999;Splenda Low Calorie Sweetener 100 Pack;£1.50;£0.02/each;Sugar & Sweeteners;Sweeteners;2 ;0;null;null;0;null;0;0;
254603261;Splenda Low Calorie Sweetener 300Pk;£3.69;£0.01/each;Sugar & Sweeteners;Sweeteners;2 ;0;null;null;0;null;0;0;
272092824;Green Canderel Stevia 100 Pack;£0.94;£0.01/each;Sugar & Sweeteners;Sweeteners;3 ;0;null;null;0;null;0;null;
260927312;Tesco Everyday Value Sweetener 1200'S Tablets;£1.40;£0.00/each;Sugar & Sweeteners;Sweeteners;31;0;null;1.4;0;null;0;null;
262750183;Silverspoon Tablet Sweetener 400Pk;£2.19;£0.01/each;Sugar & Sweeteners;Sweeteners;341;22.06;null;null;0.16;null;null;0.85;
279768050;Canderel Sucralose Crunch 150G;£1.99;£13.27/kg;Sugar & Sweeteners;Sweeteners;0 kJ 0 kJ;0;null;null;0;null;null;0;
250028660;Canderel 5 Refill Sachets 500Pk;£4.84;£0.01/each;Sugar & Sweeteners;Sweeteners;3 ;0.01;null;null;0;null;null;0;
259247766;Sweetex Tablets 600Pk;£1.88;£0.00/each;Sugar & Sweeteners;Sweeteners;null;null;null;null;null;null;null;null;
256294086;Sweetex 1200 Tablet Pack;£2.89;£0.00/each;Sugar & Sweeteners;Sweeteners;null;Nil;null;null;Trace;null;null;null;
268442930;Tesco Sucralose Tablet Sweetener 300Pk;£1.50;£0.01/each;Sugar & Sweeteners;Sweeteners;313;5.2;null;65.1;0.1;0.1;2.6;0.8;
259247714;Hermesetas Mini Sweeteners 800Pk;£2.99;£0.00/each;Sugar & Sweeteners;Sweeteners;null;0;null;null;null;null;null;26.5;
260614861;Splenda Sweetener 500Pk;£5.60;£0.01/each;Sugar & Sweeteners;Sweeteners;2;0;null;null;0;null;0;0;
272061666;Tesco Stevia Sweetener 100 Pack;£1.36;£0.01/each;Sugar & Sweeteners;Sweeteners;185;1.9;null;1.2;0.1;0;0.5;42.0;
267985847;Canderel Yellow Sweeteners 200S;£1.12;£0.01/each;Sugar & Sweeteners;Sweeteners;3 ;0;null;null;0;null;null;0;
279770034;Total Sweet Sug Alternative 225G;£1.99;£8.85/kg;Sugar & Sweeteners;Sweeteners;6;Zero;null;null;Zero;null;null;Zero;
278974659;Truvia Tablets 100;£2.29;£0.02/each;Sugar & Sweeteners;Sweeteners;null;trace;null;null;trace;null;null;null;
275038759;Canderel Yellow 75G;£1.07;£14.27/kg;Sugar & Sweeteners;Sweeteners;8 kJ 1629 kJ;0;null;null;0;null;null;0;
272063451;Truvia 270G;£4.99;£18.49/kg;Sugar & Sweeteners;Sweeteners;0 ;0;null;null;0;null;null;null;
262750154;Silverspoon Sweetener 75G;£1.58;£21.07/kg;Sugar & Sweeteners;Sweeteners;1590kJ 8kJ;1.4;null;null;0;null;null;null;
272063497;Canderel Green Stevia Sweetener 75G;£1.44;£19.20/kg;Sugar & Sweeteners;Sweeteners;8 kJ 1598 kJ;0.01;null;null;0;null;null;0;
280920341;Truvia Pouch 150G;£2.99;£19.94/kg;Sugar & Sweeteners;Sweeteners;0 ;0;null;null;0;null;null;0;
261149367;Splenda Granular Ceka 75G Tin;£2.78;£37.07/kg;Sugar & Sweeteners;Sweeteners;8.3 kJ/ 1661 kJ/;0;null;null;0;null;0;null;
272061551;Tesco Stevia Sweetener 75G;£1.89;£25.20/kg;Sugar & Sweeteners;Sweeteners;390;0.2;null;19.8;0.4;0.1;0.5;null;
272063226;Tate&Lyle Light At Heart White Sugar Stevia Blend450g;£2.49;£5.54/kg;Sugar & Sweeteners;Sweeteners;1693kj 33.9kj;0;null;null;0;null;0;null;
259321649;Canderel Granular Sweetener 75G;£1.00;£13.34/kg;Sugar & Sweeteners;Sweeteners;8 kJ 1616 kJ;0.01;null;null;0;null;null;0;
259321730;Canderel Spoonful 40G;£1.49;£37.25/kg;Sugar & Sweeteners;Sweeteners;8 kJ 1616 kJ;0.01;null;null;0;null;null;0;
272062740;Tate&Lyle Light Heart Brown Sugar& Stevia Blend450g;null;null;Sugar & Sweeteners;Sweeteners;1678kj 33.6kj;0;null;null;0;null;0;null;
275318060;Tesco Granulated Sweetener 75G;£1.00;£13.34/kg;Sugar & Sweeteners;Sweeteners;379;0;null;20.4;0.4;0.2;0.5;null;
278973856;Truvia Baking Blend 500G;£4.99;£9.98/kg;Sugar & Sweeteners;Sweeteners;null;0;null;50;0;0;null;0;
259887244;Silver Spoon Half Spoon Sugar 500G;£1.20;£2.40/kg;Sugar & Sweeteners;Sweeteners;1700kJ 34kJ;0.8;null;null;0;null;0;null;
260614515;Tate And Lyle Fruit Sugar 250G;£0.98;£3.92/kg;Sugar & Sweeteners;Sweeteners;1700kJ -;0.0;null;null;0.0;null;null;0.0;
262860146;Tesco Granulated Sweetener 75G Jar;£1.00;£13.34/kg;Sugar & Sweeteners;Sweeteners;376;1.8;null;6.9;0;0;0;0.1;
255524836;Silver Spoon Half Spoon Sugar 1Kg;£2.00;£2.00/kg;Sugar & Sweeteners;Sweeteners;1700kJ 34kJ 68kJ -;0.8;null;null;0;null;0;-;
261149488;Splenda Granular Ceka 125G Tin;£3.15;£25.20/kg;Sugar & Sweeteners;Sweeteners;8.3 kJ/ 1661 kJ/;0;null;null;0;null;0;null;
274067392;Cooks And Co Green Chillies 300G;£1.59;£1.06/100g;Pickles, Chutneys & Olives;Antipasti;34;2;null;null;0;null;null;4.4;
284184698;Costa Del Mezze Scrocchi With Sea Salt 170G;£1.99;£1.18/100g;Pickles, Chutneys & Olives;Antipasti;447 ;10.1;null;null;15.6;null;3.6;3.0;
268247996;Cooks And Co Roasted Red Peppers 460G;£2.79;£0.78/100g;Pickles, Chutneys & Olives;Antipasti;27;1.6;4.5;null;0.3;null;null;1.7;
271621242;Fragata Nonpareille Capers 99G;£2.09;£3.22/100g;Pickles, Chutneys & Olives;Antipasti;27 ;0.8;null;null;0.7;null;null;8.5;
284239335;Jamie Oliver Bruschetta Black Olive 180G;£1.99;£1.11/100g;Pickles, Chutneys & Olives;Antipasti;null;1.8;null;null;29.6;null;3.4;null;
255100975;Fragata Capers 240G;£2.09;£1.55/100g;Pickles, Chutneys & Olives;Antipasti;27 ;0.8;null;null;0.7;null;null;8.5;
273573842;Peppadew Mild Piquante Peppers 400G;£2.99;£1.82/100g;Pickles, Chutneys & Olives;Antipasti;null;null;null;null;null;null;null;null;
280918264;Karyatis Baked Gigantes Beans 220G;£2.29;£1.05/100g;Pickles, Chutneys & Olives;Antipasti;null;null;null;null;null;null;null;null;
284239681;Jamie Oliver Olive And Fennel Bruschetta 180G;£1.99;£1.11/100g;Pickles, Chutneys & Olives;Antipasti;null;0.8;null;null;23.4;null;2.5;null;
284239180;Jamie Oliver Grilled Peppers 280G;£2.99;£1.07/100g;Pickles, Chutneys & Olives;Antipasti;67 ;0.74;null;null;3.8;null;3.3;null;
262362901;Fragata Hot Yellow Peppers 300G;£1.99;£1.66/100g;Pickles, Chutneys & Olives;Antipasti;14 ;0.3;null;null;0.2;null;1.5;3.0;
284239053;Jamie Oliver Artichoke Hearts 280G;£2.99;£1.07/100g;Pickles, Chutneys & Olives;Antipasti;72;1.5;null;null;5.58;null;4.7;null;
284239139;Jamie Oliver Sundried Tomatoes 280G;£2.99;£1.07/100g;Pickles, Chutneys & Olives;Antipasti;204;4.59;null;null;14.5;null;13;null;
280918229;Karyatis Stuffed Vine Leaves 220G;£2.29;£1.05/100g;Pickles, Chutneys & Olives;Antipasti;null;null;null;null;null;null;null;null;
284239600;Jamie Oliver Sun Dried Tomato R/On Bruschetta 180G;£1.99;£1.11/100g;Pickles, Chutneys & Olives;Antipasti;null;1.4;null;null;15.6;null;2.6;null;
284184888;Costa Del Mezze Scrocchi With Olives 170G;£1.99;£1.18/100g;Pickles, Chutneys & Olives;Antipasti;435 ;9,7;null;null;15,6;null;3,6;2,4;
273573174;Peppadew Hot Peppers 400G;£2.99;£1.82/100g;Pickles, Chutneys & Olives;Antipasti;null;null;null;null;null;null;null;null;
271615134;Fragata Caperberries 235G;£2.09;£1.90/100g;Pickles, Chutneys & Olives;Antipasti;26 ;1.2;null;null;0.4;null;null;6;
268553332;Peppadew Stuffed With Cream Cheese 250G;£3.89;£1.56/100g;Pickles, Chutneys & Olives;Antipasti;245 ;2.5;null;null;19.1;null;2.0;1.1;
286095345;Karyatis Roasted Red Peppers 450G;£2.49;£0.71/100g;Pickles, Chutneys & Olives;Antipasti;null;null;null;null;null;null;null;null;
280067550;Roquito Chilli Pepper Pearls 300G;£2.49;£1.32/100g;Pickles, Chutneys & Olives;Antipasti;353 kJ 85 kJ 1.0%;1.2;16.2;null;0.5;null;4.8;0.03;
286040071;Sacla Artichokes Lemon And Rosemary Infused Oil 285G;£2.99;£1.05/100g;Pickles, Chutneys & Olives;Antipasti;140;2.5;null;null;8.1;null;7.5;2.00;
265335941;Tesco Sun Dried Tomatoes 285G;£1.75;£1.21/100g;Pickles, Chutneys & Olives;Antipasti;163;3.0;null;6.4;11.9;1.4;7.9;2.8;
286039943;Sacla Roasted Peppers 290G;£2.99;£1.04/100g;Pickles, Chutneys & Olives;Antipasti;109;0.8;null;null;7.7;null;1.0;1.85;
279986557;Tesco Courgettes Antipasti 285G;£1.75;£1.03/100g;Pickles, Chutneys & Olives;Antipasti;59;1.5;null;2.8;4.1;0.4;2.5;2.3;
268569072;Tesco Sundried Tomato Antipasti 535G;£2.50;£0.93/100g;Pickles, Chutneys & Olives;Antipasti;163;3.0;null;6.4;11.9;1.4;7.9;2.8;
279717203;Tesco Mushroom Antipasti 285G;£1.75;£0.92/100g;Pickles, Chutneys & Olives;Antipasti;98;2.0;null;1.9;7.8;0.8;4.2;1.7;
278792574;Tesco Finest Borettane Onions In Balsamic Vinegar 300G;£2.49;£1.39/100g;Pickles, Chutneys & Olives;Antipasti;54;1.4;null;8.5;0.5;0.1;1.8;1.6;
285634113;Tesco Capucine Capers 190G;£1.89;£1.58/100g;Pickles, Chutneys & Olives;Antipasti;30;1.9;null;0.1;0.7;0.2;3.1;5.3;
265335774;Tesco Chargrilled Peppers 285G;£1.75;£1.03/100g;Pickles, Chutneys & Olives;Antipasti;93;0.8;null;9.1;4.7;0.6;3.4;2.0;
280067256;Roquito Sliced Chilli Peppers 300G;£2.49;£1.66/100g;Pickles, Chutneys & Olives;Antipasti;403 kJ 101 kJ 1.2%;1.1;21.3;null;0.6;null;2.1;0.13;
265915658;Tesco Artichoke Antipasti 285G;£1.75;£1.10/100g;Pickles, Chutneys & Olives;Antipasti;115;1.9;null;0.6;10.0;1.2;4.0;1.8;
286039724;Sacla Oven Roasted Tomatoes In Chilli Infused Oil 285G;£2.99;£1.05/100g;Pickles, Chutneys & Olives;Antipasti;121;1.6;null;null;7.3;null;5.1;2.30;
278792442;Tesco Finest Peperoni Grigliati Olive Peranzana 285G;£2.49;£0.87/100g;Pickles, Chutneys & Olives;Antipasti;145;1.6;null;10.1;9.8;1.0;4.2;2.7;
286039528;Sacla Sun Dried Tomatoes In Herb Infused Oil 280G;£2.99;£1.07/100g;Pickles, Chutneys & Olives;Antipasti;208;3.9;null;null;15.8;null;8.7;3.15;
250579272;Crespo Olives Herbs And Garlic 70G;£0.75;£1.08/100g;Pickles, Chutneys & Olives;Olives;177 Kcal;1.3;null;null;null;null;null;3.0;
268645206;Tesco Extra Large Pitted Black Olives 330G;£1.49;£0.93/100g;Pickles, Chutneys & Olives;Olives;158;1.1;null;0.1;14.4;2.4;3.8;2.1;
253688397;Fragata Olives Stuffed With Jalapeno 200G;£0.89;£1.05/100g;Pickles, Chutneys & Olives;Olives;169 ;0,8;null;null;18,0;null;null;3,5;
271615457;Sun Grown Pitted Black Olives 450G;£1.05;£0.46/100g;Pickles, Chutneys & Olives;Olives;155;1.3;null;0.1;14.5;2.0;3.1;2.0;
264353143;Crespo Olives Stuffed With Pimineto 354G;£1.49;£0.75/100g;Pickles, Chutneys & Olives;Olives;145 ;0,9;0;null;15;null;2,3;4;
284254783;Jamie Oliver Sicilian Queen Olive 314G;£2.99;£1.76/100g;Pickles, Chutneys & Olives;Olives;100kCal/419KJ -;1;2;null;10;null;2;null;
268682036;Fragata Low Salt Anchovy Stuffed Olives 350G;£1.49;£0.99/100g;Pickles, Chutneys & Olives;Olives;145 ;1.3;null;null;15;null;2.5;null;
280066038;Tesco Almond Stuffed Olives 235G;£1.99;£1.41/100g;Pickles, Chutneys & Olives;Olives;235;4.8;null;0.1;20.7;3.4;3.7;3.2;
264353212;Crespo Pitted Green Olives 354G;£1.49;£0.93/100g;Pickles, Chutneys & Olives;Olives;169 ;1;null;null;18;null;2;4;
282242967;Fragata Spanish Olive With Andalusia 70G;£0.99;£1.42/100g;Pickles, Chutneys & Olives;Olives;185 ;1.2;null;null;18.4;null;null;5.0;
282243091;Fragata Snack 'N Green Olives With Pinch Of Lemon 70G;£0.99;£1.42/100g;Pickles, Chutneys & Olives;Olives;162 ;1.1;null;null;16.0;null;null;5.0;
271615313;Sun Grown Pitted Green Olives 450G;£1.05;£0.46/100g;Pickles, Chutneys & Olives;Olives;140;0.8;null;0.1;12.8;2.5;2.5;5.0;
254885968;Crespo Black Olives Greek Style 250G;£1.49;£0.60/100g;Pickles, Chutneys & Olives;Olives;null;null;null;null;null;null;null;null;
264353195;Crespo Pitted Black Olives 354G;£1.49;£0.93/100g;Pickles, Chutneys & Olives;Olives;133 ;0,5;null;null;13,6;null;3;2,5;
253688633;Fragata Olives Stuffed With Garlic 200G;£0.89;£1.05/100g;Pickles, Chutneys & Olives;Olives;154 ;1.2;null;null;16.0;null;null;3.5;
250578751;Crespo Olives With Chilli Pepper 70G;£0.75;£1.08/100g;Pickles, Chutneys & Olives;Olives;335 Kcal;1.7;null;null;null;null;null;6.5;
258098908;Crespo Dry Black Olives With Herbs 70G;£0.75;£1.08/100g;Pickles, Chutneys & Olives;Olives;188 Kcal;1.1;null;null;null;null;null;2.3;
257910629;Crespo Mixed Cocktail Olives 70G;£0.75;£1.08/100g;Pickles, Chutneys & Olives;Olives;227 Kcal;1.2;null;null;null;null;null;2.5;
257411460;Fragata Olives Stuffed With Anchovy 200G;£0.89;£1.05/100g;Pickles, Chutneys & Olives;Olives;145 ;1,3;null;null;15,0;null;null;3,5;
250507871;Fragata Olives Stuffed With Lemon 200G;£0.89;£0.45/100g;Pickles, Chutneys & Olives;Olives;144 ;1,0;null;null;15,0;null;null;3,5;
268723356;Tesco Finest Cheese Stuffed Olives 285G;£2.49;£1.51/100g;Pickles, Chutneys & Olives;Olives;192;1.8;null;0.2;18.0;4.2;2.6;2.8;
279344724;Tesco Finest Halkadiki Olives With Meze 285G;£2.49;£1.51/100g;Pickles, Chutneys & Olives;Olives;202;1.4;null;0.5;19.0;2.4;2.9;1.5;
279344776;Tesco Finest Halkidiki Olives With Lemon And Garlic 285G;£2.49;£1.51/100g;Pickles, Chutneys & Olives;Olives;178;1.3;null;0.5;16.4;2.2;2.5;1.5;
281902816;Tesco Whole Black Olives 340G;£0.75;£0.40/100g;Pickles, Chutneys & Olives;Olives;176;1.0;null;0.1;17.0;3.0;3.1;2.0;
268645460;Tesco Pitted Queen Olives 340G;£0.99;£0.61/100g;Pickles, Chutneys & Olives;Olives;138;0.8;null;0.1;12.8;2.5;2.5;5.0;
268723270;Tesco Finest Whole Kalamata Olives 285G;£2.49;£1.51/100g;Pickles, Chutneys & Olives;Olives;211;1.8;null;2.2;21.1;2.3;2.7;5.0;
280054012;Tesco Jalapeno Stuffed Queen Olives 235G;£1.99;£1.66/100g;Pickles, Chutneys & Olives;Olives;105;1.1;null;0.1;9.0;1.8;2.9;4.0;
268679346;Tesco Finest Pimiento Stuffed Olives 285G;£2.49;£1.51/100g;Pickles, Chutneys & Olives;Olives;142;1.1;null;0.1;13.0;1.5;2.7;3.5;
262034518;Tesco Pitted Green Olives In Brine 935G;£2.00;£0.44/100g;Pickles, Chutneys & Olives;Olives;140;0.8;null;0.1;12.8;2.5;2.5;5.0;
253375738;Tesco Pitted Black Olives 330G;£0.75;£0.46/100g;Pickles, Chutneys & Olives;Olives;155;1.3;null;0.1;14.5;2.0;3.1;2.0;
258251497;Tesco Whole Green Olives In Brine 340G;£0.75;£0.40/100g;Pickles, Chutneys & Olives;Olives;140;1.2;null;0.1;13.6;2.6;3.1;5.0;
262035425;Tesco Pimiento Stuffed Olives In Brine 935G;£2.00;£0.34/100g;Pickles, Chutneys & Olives;Olives;140;0.7;null;0.1;12.6;2.4;2.9;5.0;
258251105;Tesco Sliced Black Olives In Brine 340G;£0.75;£0.44/100g;Pickles, Chutneys & Olives;Olives;155;1.3;null;0.1;14.5;2.0;3.1;2.0;
258251520;Tesco Pitted Green Olives In Brine 340G;£0.75;£0.46/100g;Pickles, Chutneys & Olives;Olives;140;0.8;null;0.1;12.8;2.5;2.5;5.0;
262034478;Tesco Pitted Black Olives In Brine 935G;£2.00;£0.44/100g;Pickles, Chutneys & Olives;Olives;155;1.3;null;0.1;14.5;2.0;3.1;2.0;
280054179;Tesco Sun Dried Tomato Stuffed Olives 240G;£1.99;£1.66/100g;Pickles, Chutneys & Olives;Olives;150;1.3;null;0.1;13.1;2.0;3.1;4.0;
258251330;Tesco Pimento Stuffed Olives In Brine 340G;£0.75;£0.40/100g;Pickles, Chutneys & Olives;Olives;140;0.7;null;0.1;12.8;2.4;2.9;5.0;
278272994;Tesco Pitted Kalamata Olives In Brine 290G;£1.89;£1.31/100g;Pickles, Chutneys & Olives;Olives;285;1.6;null;0.1;27.8;3.2;3.9;3.0;
276107348;Tesco Finest Olives Stuffed With Garlic 285G;£2.49;£1.51/100g;Pickles, Chutneys & Olives;Olives;152;0.9;null;0.1;15.0;3.1;3.1;4.5;
272367114;Baxters Crinkle Cut Beetroot 340G;£1.00;£0.32/100g;Pickles, Chutneys & Olives;Pickles;26;0.9;null;null;0.5;null;1.2;0.2;
275117361;Tesco Crinklecut Beetroot Sweet Vinegar 710G;£1.10;£0.24/100g;Pickles, Chutneys & Olives;Pickles;37;0.9;null;6.7;0.2;0.1;2.4;0.2;
285857857;Barry Norman Pickled Onions 560G;£2.40;£0.86/100g;Pickles, Chutneys & Olives;Pickles;null;null;null;null;null;null;null;null;
255055901;Baxters Baby Beets 567G;£1.50;£0.37/100g;Pickles, Chutneys & Olives;Pickles;26;0.9;null;null;0.5;null;1.2;0.2;
257038602;Baxters Crinkle Cut Beetroot 567G;£1.50;£0.37/100g;Pickles, Chutneys & Olives;Pickles;26;0.9;null;null;0.5;null;1.2;0.2;
254486467;Heinz Baby Beetroot 440G;£1.19;£0.26/100g;Pickles, Chutneys & Olives;Pickles;null;null;null;null;null;null;null;null;
262299302;Dawtona Sauerkraut 900G;£1.00;£0.17/100g;Pickles, Chutneys & Olives;Pickles;null;1.1;3.4;null;0.2;null;2.1;null;
275533386;Heinz Sliced Beetroot 440G;£1.19;£0.42/100g;Pickles, Chutneys & Olives;Pickles;179kJ 107kJ;1.1;null;null;0.1;null;1.3;null;
272309640;Tesco Whole Baby Beetroot Vinegar 340G;£0.65;£0.29/100g;Pickles, Chutneys & Olives;Pickles;28;1.0;null;4.3;0.2;0.1;2.6;0.1;
272309513;Tesco Pickled Sliced Beetroot 340G;£0.65;£0.30/100g;Pickles, Chutneys & Olives;Pickles;28;1.0;null;4.3;0.2;0.1;2.6;0.1;
262299348;Dawtona Dill Cucumbers 900G;£1.69;£0.36/100g;Pickles, Chutneys & Olives;Pickles;null;1;3.7;null;0.1;null;2.2;null;
258152856;Baxters Baby Beetroot 340G;£1.00;£0.32/100g;Pickles, Chutneys & Olives;Pickles;26;1.0;null;null;0.5;null;1.2;0.2;
259695972;Baxters Sliced Beets In Vinegar 567G;£1.50;£0.37/100g;Pickles, Chutneys & Olives;Pickles;22;0.7;null;null;0.5;null;0.8;0.4;
254885421;Tesco Whole Baby Beetroot Vinegar 710G;£1.10;£0.24/100g;Pickles, Chutneys & Olives;Pickles;28;1.0;null;4.3;0.2;0.1;2.6;0.1;
254885438;Tesco Whole Baby Sweet Beetroot In Vinegar 340G;£0.65;£0.29/100g;Pickles, Chutneys & Olives;Pickles;27;0.5;null;4.8;0.2;0.1;1.6;null;
259695459;Baxters Sliced Beetroot 340G;£1.00;£0.32/100g;Pickles, Chutneys & Olives;Pickles;22;0.7;null;null;0.5;null;0.8;0.4;
271239545;Tesco Finest Rosebud Beetroot In Red Wine And Orange 340G;£1.49;£0.67/100g;Pickles, Chutneys & Olives;Pickles;51;1.2;null;9.2;0.1;0.1;3.1;0.8;
272308451;Tesco Sweet Pickled Crinkle Cut Beetroot 340G;£0.65;£0.30/100g;Pickles, Chutneys & Olives;Pickles;37;0.9;null;6.7;0.2;0.1;2.4;0.2;
272309421;Tesco Pickled Sliced Beetroot 710G;£1.10;£0.24/100g;Pickles, Chutneys & Olives;Pickles;28;1.0;null;4.3;0.2;0.1;2.6;0.1;
273824874;Tesco Everyday Value Sliced Pickled Beetroot 340G;£0.39;£0.18/100g;Pickles, Chutneys & Olives;Pickles;29;1.1;null;4.3;0.2;0.1;2.6;0.2;
254885790;Haywards Crisp And Crunchy Traditional Onions 710G;£2.19;£0.60/100g;Pickles, Chutneys & Olives;Pickles;43;0.8;10;null;0.5;null;1.4;0.66;
255977484;Haywards Strong Pickled Onions 454G;£1.78;£0.74/100g;Pickles, Chutneys & Olives;Pickles;17;0.5;4.1;null;0.5;null;1.5;0.82;
254885588;Haywards Sweet Pickled Onions 454G;£1.78;£0.73/100g;Pickles, Chutneys & Olives;Pickles;27;0.5;6.8;null;0.5;null;1.8;1.5;
253617626;Heinz Silverskin Onions In Sweet Vinegar 440G;£1.19;£0.47/100g;Pickles, Chutneys & Olives;Pickles;175kJ 88kJ;1.1;null;null;0.1;null;1.5;null;
252230508;Tesco Everyday Value Pickled Silver Skin Onions 440G;£0.30;£0.13/100g;Pickles, Chutneys & Olives;Pickles;45;0.7;null;7.8;0.5;0.2;1.3;0.3;
257037183;Haywards Silverskin Onions 454G;£1.78;£0.73/100g;Pickles, Chutneys & Olives;Pickles;20;0.5;4.3;null;0.5;null;1.0;1.3;
254885594;Haywards Crisp And Mild Sweet Onions 710G;£2.19;£0.58/100g;Pickles, Chutneys & Olives;Pickles;27;0.5;6.8;null;0.5;null;1.8;1.5;
251776273;Garners Old Fashioned Pickle Onions 454G;£2.79;£1.22/100g;Pickles, Chutneys & Olives;Pickles;64;0.9;null;null;0.5;null;1.7;1.9;
256781955;Garners Sweet Baby Onions 454G;£2.79;£1.22/100g;Pickles, Chutneys & Olives;Pickles;107;0.9;null;null;0.5;null;2.1;1.9;
254885692;Haywards Traditional Pickled Onions In Vinegar 454G;£1.78;£0.74/100g;Pickles, Chutneys & Olives;Pickles;43;0.8;10;null;0.5;null;1.4;0.66;
266282563;Garners Pickled Shallots 300G;£2.49;£1.56/100g;Pickles, Chutneys & Olives;Pickles;97;1.0;null;null;0.5;null;2.5;1.8;
271239741;Tesco Finest Pearl Onions In Balsamic 350G;£1.49;£0.73/100g;Pickles, Chutneys & Olives;Pickles;50;0.6;null;9.2;0.1;0.1;1.2;0.2;
256039770;Tesco Sweet Silver Skin Onions In Vinegar 440G;£0.79;£0.36/100g;Pickles, Chutneys & Olives;Pickles;53;0.7;null;9.5;0.1;0;2.0;0.4;
254885571;Tesco Sweet Silver Skin Onions In Vinegar 710G;£1.25;£0.33/100g;Pickles, Chutneys & Olives;Pickles;53;0.7;null;9.5;0.1;0;2.0;0.4;
252590778;Garners Pickled Onions 750G;£3.99;£0.97/100g;Pickles, Chutneys & Olives;Pickles;64;0.9;null;null;0.5;null;1.7;1.9;
259313757;Tesco Pickled Silverskin Onions 440G;£0.79;£0.15/100g;Pickles, Chutneys & Olives;Pickles;48;0.8;null;7.1;0.5;0.2;1.3;0.6;
254885726;Tesco Pickled Silver Skin Onions 710G;£1.25;£0.33/100g;Pickles, Chutneys & Olives;Pickles;48;0.8;null;7.1;0.5;0.2;1.3;0.6;
267371256;Tesco Pickled Onions 710G;£1.25;£0.13/100g;Pickles, Chutneys & Olives;Pickles;35;0.9;null;1.9;0.2;0.1;1.1;0.5;
258193657;Opies Cocktail Pickled Onions 227G;£0.89;£0.74/100g;Pickles, Chutneys & Olives;Pickles;null;null;null;null;null;null;null;null;
260814814;Tesco Red Cabbage 710G;£1.25;£0.39/100g;Pickles, Chutneys & Olives;Pickles;50;0.9;null;8.2;0.2;0.1;2.6;0.9;
256632303;Branston Pickle 360G;£0.93;£0.26/100g;Pickles, Chutneys & Olives;Pickles;112;0.8;26;null;0.5;null;1.1;4;
256039194;Tesco Traditional Pickled Onions 440G;£0.79;£0.35/100g;Pickles, Chutneys & Olives;Pickles;35;0.9;null;1.9;0.2;0.1;1.1;0.5;
259838194;Branston Beetroot Pickle 360G;£1.60;£0.44/100g;Pickles, Chutneys & Olives;Pickles;106;0.8;22.0;null;0.6;null;2.3;0.8;
253303237;Heinz Piccalilli Pickle 275G;£0.99;£0.36/100g;Pickles, Chutneys & Olives;Pickles;421kJ 63kJ -;1.1;null;null;0.5;null;0.1;2.3;
256632804;Branston Pickle 720G;£1.83;£0.25/100g;Pickles, Chutneys & Olives;Pickles;157;0.5;34;null;0.7;null;1.8;3.5;
256956110;Branston Small Chunk Pickle 520G;£1.33;£0.26/100g;Pickles, Chutneys & Olives;Pickles;159;0.6;35;null;0.8;null;1.7;3.9;
256633636;Branston Sandwich Pickle 720G;£1.83;£0.25/100g;Pickles, Chutneys & Olives;Pickles;159;0.6;35;null;0.8;null;1.7;3.9;
253303433;Heinz Mild Mustard Pickle 280G;£0.99;£0.35/100g;Pickles, Chutneys & Olives;Pickles;526kJ 79kJ -;1.7;null;null;1.2;null;0.9;2.1;
256633210;Branston Sandwich Pickle 360G;£0.93;£0.26/100g;Pickles, Chutneys & Olives;Pickles;159;0.6;35;null;0.8;null;1.7;3.9;
253985045;Haywards Sweet Piccalilli Spreadables 270G;£1.19;£0.44/100g;Pickles, Chutneys & Olives;Pickles;105;0.7;22;null;0.8;null;0.7;2.3;
284932758;Garners Pickled Eggs 465G;£2.79;£1.10/100g;Pickles, Chutneys & Olives;Pickles;127;12.7;null;null;8.0;null;0.5;0.4;
256632597;Branston Pickle 520G;£1.33;£0.26/100g;Pickles, Chutneys & Olives;Pickles;157;0.5;34;null;0.7;null;1.8;3.5;
271263210;Branston Small Chunk Pickle Squeezy 350G;£1.50;£0.43/100g;Pickles, Chutneys & Olives;Pickles;653kJ/;0.6;35;null;0.8;null;1.7;3.9;
254886535;Haywards Piccalilli 460G;£1.89;£0.41/100g;Pickles, Chutneys & Olives;Pickles;51;1.4;9.2;null;0.7;null;1.2;1.5;
253319426;Heinz Ploughmans Pickle 280G;£0.99;£0.35/100g;Pickles, Chutneys & Olives;Pickles;420kJ 63kJ -;0.6;null;null;Trace;null;1.1;2.1;
284932948;Garners Pickled Cabbage 454G;£2.79;£1.47/100g;Pickles, Chutneys & Olives;Pickles;70;1.0;null;null;0.5;null;2.2;1.8;
280304691;Haywards Gherkins 660G;£1.85;£0.50/100g;Pickles, Chutneys & Olives;Pickles;22;0.5;4.9;null;0.5;null;2.2;0.60;
257036938;Haywards Mixed Pickle 460G;£1.74;£0.73/100g;Pickles, Chutneys & Olives;Pickles;10;0.5;2.4;null;0.5;null;1.6;1.5;
275961748;Haywards Red Cabbage 445G;£1.89;£0.88/100g;Pickles, Chutneys & Olives;Pickles;28;0.8;2.5;null;0.2;null;2.2;1.73;
257990412;Branston Smooth Pickle Squeezy 405G;£1.50;£0.37/100g;Pickles, Chutneys & Olives;Pickles;658kJ/;1.0;35;null;0.5;null;1.2;2.5;
250414393;Opies Cocktail Cherries Maraschino 225G;£1.49;£1.20/100g;Pickles, Chutneys & Olives;Pickles;null;null;null;null;null;null;null;null;
254886126;Opies Pickled Walnuts 390G;£2.49;£1.47/100g;Pickles, Chutneys & Olives;Pickles;null;null;null;null;null;null;null;null;
280068422;Tesco Mini Cornichons 340G;£0.99;£0.52/100g;Pickles, Chutneys & Olives;Pickles;17;1.8;null;0.5;0.3;0.1;2.0;1.4;
258193559;Opies Cocktail Gherkins 227G;£0.89;£0.77/100g;Pickles, Chutneys & Olives;Pickles;null;null;null;null;null;null;null;null;
256017387;Opies Lemon Slices 350G;£1.49;£0.88/100g;Pickles, Chutneys & Olives;Pickles;null;null;null;null;null;null;null;null;
257642192;Mrs Elswood Sweet And Sour Cucumbers 670G;£1.49;£0.41/100g;Pickles, Chutneys & Olives;Pickles;null;null;null;null;null;null;null;null;
250111964;Pandora Pickled Eggs 510G;£1.99;£0.71/100g;Pickles, Chutneys & Olives;Pickles;114;12.5;null;null;5.8;null;0.5;0.1;
256003109;Tesco Sandwich Piccalilli 330G;£0.95;£0.29/100g;Pickles, Chutneys & Olives;Pickles;85;0.4;null;15.4;0.6;0.1;1.6;2.1;
265339355;Tesco Original Pickle 295G;£0.65;£0.22/100g;Pickles, Chutneys & Olives;Pickles;133;0.5;null;29.2;0.1;0.1;2.1;3.0;
253617540;Heinz Red Cabbage 440G;£1.19;£0.60/100g;Pickles, Chutneys & Olives;Pickles;118kJ 59kJ;0.9;null;null;0.2;null;1.9;null;
279319041;Tesco Finest British Piccalilli 265G;£2.39;£0.90/100g;Pickles, Chutneys & Olives;Pickles;83;0.7;null;15.1;0.7;0.2;1.9;2.5;
280067475;Tesco Crinkle Cut Gherkins 340G;£0.99;£0.54/100g;Pickles, Chutneys & Olives;Pickles;53;0.7;null;10.8;0.2;0.1;2.5;0.6;
285391324;Mrs Elswood Hot Dill Cucumbers 670G;£1.49;£0.41/100g;Pickles, Chutneys & Olives;Pickles;null;0.8;null;null;0.2;null;null;0.7;
250328408;Tesco Everyday Value Sweet Pickle 290G;£0.24;£0.08/100g;Pickles, Chutneys & Olives;Pickles;109;0.5;null;21.7;0.1;0.1;0.8;2.7;
265363498;Tesco Sandwich Pickle 300G;£0.65;£0.22/100g;Pickles, Chutneys & Olives;Pickles;126;0.7;null;26.4;0.1;0.1;1.9;1.9;
285391399;Mrs Elswood Burger Gherkins Cucumbers 670G;£1.49;£0.41/100g;Pickles, Chutneys & Olives;Pickles;null;0.6;null;null;0.2;null;null;0.4;
275681244;Tesco Pickled Red Cabbage 340G;£0.79;£0.51/100g;Pickles, Chutneys & Olives;Pickles;50;0.9;null;8.2;0.2;0.1;2.6;0.9;
280068727;Tesco Cornichons With Chilli 340G;£0.99;£0.52/100g;Pickles, Chutneys & Olives;Pickles;64;1.1;null;13.6;0.1;0.1;2.2;1.8;
262007753;Mrs Elswood Sandwich Slices Cucumbers 540G;£1.49;£0.48/100g;Pickles, Chutneys & Olives;Pickles;null;null;null;null;null;null;null;null;
265305770;Tesco Mustard Piccalilli 330G;£0.95;£0.27/100g;Pickles, Chutneys & Olives;Pickles;69;0.6;null;9.4;0.6;0.1;1.2;1.4;
264659830;Tesco Sweet Piccalilli 360G;£0.95;£0.26/100g;Pickles, Chutneys & Olives;Pickles;75;0.6;null;12.7;0.5;0.1;0.5;1.2;
254886149;Tesco Sweet Pickle 615G;£1.15;£0.19/100g;Pickles, Chutneys & Olives;Pickles;133;0.5;null;29.2;0.1;0.1;2.1;3.0;
265339165;Tesco Sweet Pickle 495G;£0.95;£0.21/100g;Pickles, Chutneys & Olives;Pickles;133;0.5;null;29.2;0.1;0.1;2.1;3.0;
251774724;Tesco Sandwich Pickle 620G;£1.15;£0.19/100g;Pickles, Chutneys & Olives;Pickles;126;0.7;null;26.4;0.1;0.1;1.9;1.9;
280068480;Tesco Sliced Gherkins 480G;£0.99;£0.38/100g;Pickles, Chutneys & Olives;Pickles;52;0.7;null;10.3;0.2;0.1;1.6;0.6;
280068606;Tesco Whole Pickled Gherkins 680G;£0.99;£0.27/100g;Pickles, Chutneys & Olives;Pickles;20;0.8;null;2.6;0.2;0.1;2.3;1.2;
256541249;Baxters Albert's Victorian Chutney 312G;£1.59;£0.51/100g;Pickles, Chutneys & Olives;Relishes & Chutneys;156;1.0;null;null;0.3;null;1.9;2.1;
267356816;Baxters Onion Caramalised Chutney 320G;£1.59;£0.50/100g;Pickles, Chutneys & Olives;Relishes & Chutneys;206;0.7;null;null;0.4;null;0.9;0.4;
271137204;Tesco Caramelised Onion Chutney 280G;£1.00;£0.36/100g;Pickles, Chutneys & Olives;Relishes & Chutneys;140;0.8;null;23.8;0.2;0.1;1.0;0.7;
256745285;Baxters Luxury Cranberry & Onion Chutney 300G;£2.45;£0.82/100g;Pickles, Chutneys & Olives;Relishes & Chutneys;173;0.2;null;null;0.2;null;0.7;0.6;
285418813;Eat 17 Chorizo Jam 110G;£3.49;£3.18/100g;Pickles, Chutneys & Olives;Relishes & Chutneys;344Kcal;10;null;null;14;null;null;2.1;
285964586;Branston Orchard Chutney 290G;£1.49;£0.51/100g;Pickles, Chutneys & Olives;Relishes & Chutneys;154;1.5;35;null;0.4;null;1.7;1.1;
254959231;Baxters Tomato Chutney 312G;£1.59;£0.51/100g;Pickles, Chutneys & Olives;Relishes & Chutneys;146;1.2;null;null;0.4;null;1.3;1.6;
251693474;Mrs H.S.Balls Original Recipe Chutney 470G;£1.89;£0.40/100g;Pickles, Chutneys & Olives;Relishes & Chutneys;753 kJ 113 kJ;1.3;null;null;0.1;null;0.6;1.2;
271395232;Tesco Finest Beetroot Relish 280G;£1.85;£0.66/100g;Pickles, Chutneys & Olives;Relishes & Chutneys;159;1.2;null;35.2;0.4;0.1;1.9;0.9;
274325899;Tesco Finest Chilli Relish 320G;£1.75;£0.55/100g;Pickles, Chutneys & Olives;Relishes & Chutneys;306;0.6;null;67.0;0.7;0.2;0.5;0.1;
285964471;Branston Caramelised Onion Chutney 290G;£1.49;£0.51/100g;Pickles, Chutneys & Olives;Relishes & Chutneys;169;1.2;37.4;null;1.3;null;1.1;0.71;
274544743;Eat 17 Bacon Jam 105G;£2.99;£2.85/100g;Pickles, Chutneys & Olives;Relishes & Chutneys;244Kcal;8;null;null;7.8;null;null;0.75;
254959225;Baxters Spicy Fruit Chutney 312G;£1.59;£0.51/100g;Pickles, Chutneys & Olives;Relishes & Chutneys;146;0.6;null;null;0.2;null;null;null;
273331288;English Provender Caramelised Red Onion Chutney 325G;£1.90;£0.59/100g;Pickles, Chutneys & Olives;Relishes & Chutneys;221;0.93;null;null;0.56;null;0.83;null;
283788757;Branston Red Onion Relish 335G;£1.65;£0.49/100g;Pickles, Chutneys & Olives;Relishes & Chutneys;151;0.8;32;null;1.4;null;1.4;0.97;
285964344;Branston Mediterranean Tomato Chutney 290G;£1.49;£0.51/100g;Pickles, Chutneys & Olives;Relishes & Chutneys;155;1.5;34.6;null;0.6;null;1.75;0.76;
283786863;Branston Tomato And Red Pepper Relish 350G;£1.65;£0.47/100g;Pickles, Chutneys & Olives;Relishes & Chutneys;160;1.3;37;null;0.5;null;0.7;1.2;
250534233;English Provender Ploughmans Plum Chutney 300G;£1.90;£0.63/100g;Pickles, Chutneys & Olives;Relishes & Chutneys;168;0.2;null;null;0.36;null;null;1;
260195802;Nandos Peri Peri Salsa 250Ml;£1.85;£0.74/100ml;Pickles, Chutneys & Olives;Relishes & Chutneys;372 kJ/88 kCal 186 kJ/44 kCal;1.04;null;14.2;null;null;null;null;
258469758;Sharwood Green Label Squeezy Mango Chutney 375G;£1.70;£0.45/100g;Pickles, Chutneys & Olives;Relishes & Chutneys;48;Trace;null;null;Trace;null;null;null;
279315638;Tesco Finest Victoria Plum Chutney 300G;£1.85;£0.60/100g;Pickles, Chutneys & Olives;Relishes & Chutneys;230;0.9;null;53.4;0.3;0.1;2.6;0.6;
274326005;Tesco Finest Pepper Chutney With Paprika 270G;£1.75;£0.65/100g;Pickles, Chutneys & Olives;Relishes & Chutneys;118;1.4;null;23.2;1.0;0.2;1.3;1.3;
279315713;Tesco Finest Fig Chutney 225G;£1.85;£0.82/100g;Pickles, Chutneys & Olives;Relishes & Chutneys;274;3.2;null;56.4;1.7;0.4;5.2;0.6;
286941842;Tiptree Sweet Pepper Relish 195G;£1.99;£1.03/100g;Pickles, Chutneys & Olives;Relishes & Chutneys;null;null;null;null;null;null;null;null;
255696234;Tesco Finest Mango Apricot And Coriander Chutney 300G;£1.85;£0.62/100g;Pickles, Chutneys & Olives;Relishes & Chutneys;200;1.3;null;45.8;0.4;0.1;2.5;1.1;
279318819;Tesco Finest Red Onion Chutney 225G;£1.85;£0.82/100g;Pickles, Chutneys & Olives;Relishes & Chutneys;246;1.0;null;58.9;0.3;0;1.6;0.5;
279318854;Tesco Finest Sweet Tomato And Piri Piri Chilli Chutney 300G;£1.85;£0.62/100g;Pickles, Chutneys & Olives;Relishes & Chutneys;224;1.3;null;48.1;2.4;0.3;2.1;1.2;
258763488;Tesco Tomato Chutney 300G;£0.99;£0.33/100g;Pickles, Chutneys & Olives;Relishes & Chutneys;173;1.5;null;33.7;0.1;0.1;1.6;1.2;
274391623;The English Provender Moroccan Spiced Chutney 300G;£1.90;£0.63/100g;Pickles, Chutneys & Olives;Relishes & Chutneys;160;0.6;null;null;0.8;null;2.1;null;
271137239;Tesco Ploughmans Plum Chutney 285G;£1.00;£0.35/100g;Pickles, Chutneys & Olives;Relishes & Chutneys;154;1.0;null;32.5;0.4;0.1;5.3;0.7;
271383868;Amy's Kitchen Chunky Tomato Soup 400G;£1.70;£0.43/100g;Organic & Free From;Food Cupboard Free From;53 ;1.2;null;null;1.4;null;1.2;null;
284332201;Amisa Organic Milk Chocolate Coconut Rice Cakes 105G;£1.40;£1.34/100g;Organic & Free From;Food Cupboard Free From;486 ;4.8;null;null;18.2;null;null;0.0;
284409935;Alpro Gingerbread Dessert 4 X 125G;£1.50;£3.00/kg;Organic & Free From;Food Cupboard Free From;86 ;3.6;null;10.0;2.8;1.3;0.5;0.20;
287194566;Choices White Chocolate Bunny Bar 40G;£1.00;£2.50/100g;Organic & Free From;Food Cupboard Free From;2437kJ 975kJ;0.4;64.2;null;33.7;null;11.6;null;
278701753;B Free Multigrain Wrap 6 X 46 G;null;null;Organic & Free From;Food Cupboard Free From;905kJ 416kJ;5.4;null;null;1.6;null;12.5;null;
287194704;Carrot And Stem Ginger Geobars 3X33g;£2.40;£2.43/100g;Organic & Free From;Food Cupboard Free From;1430kJ 472kJ;5;null;null;4;null;4;0.1;
274244885;Amy's Kitchen Mushroom Soup 400G;£1.70;£0.43/100g;Organic & Free From;Food Cupboard Free From;195 kJ 778 kJ 8400 kJ;1.0;null;null;2.5;null;0.5;0.7;
271383908;Amy's Kitchen Lentil Soup 400G;£1.70;£0.43/100g;Organic & Free From;Food Cupboard Free From;74 ;3.3;null;null;2.0;null;2.4;null;
254017373;Alpro Caramel Soya Dessert 4 X 125G;£1.50;£0.30/100g;Organic & Free From;Food Cupboard Free From;85 ;3.2;null;10.8;1.8;0.3;0.5;0.14;
282513054;Free From Shortbread 200G;£1.50;£0.75/100g;Organic & Free From;Food Cupboard Free From;525;5.5;null;30.1;28.9;17.0;2.7;0.6;
277017453;Amys Kitchen Rustic Vegetable Soup 397G;£2.00;£0.50/100g;Organic & Free From;Food Cupboard Free From;299 kJ 1188 kJ 8400 kJ;2.0;null;null;3.0;null;2.0;0.7;
262697292;Alpro Dark Chocolate Soya Dessert 4X125g;£1.50;£0.30/100g;Organic & Free From;Food Cupboard Free From;94 ;3.0;null;11.8;2.3;0.8;1.4;0.14;
252955739;Alpro Vanilla Soya Dessert 4 X 125G;£1.50;£0.30/100g;Organic & Free From;Food Cupboard Free From;85 ;3.2;null;10.7;1.9;0.4;0.5;0.14;
287194362;Choices Milk Chocolate Bunny Bar 40G;£1.00;£2.50/100g;Organic & Free From;Food Cupboard Free From;2397kJ 959kJ;2.1;62.1;null;34.7;null;2.7;null;
287194301;Choices Milk Chocolate Egg 65G;£2.50;£3.85/100g;Organic & Free From;Food Cupboard Free From;null;null;null;null;null;null;null;null;
278582506;Darling Spuds Salt And Vinegar Crisps 140G;null;null;Organic & Free From;Food Cupboard Free From;null;null;null;null;null;null;null;null;
284297478;Amisa Gluten Free Buckwheat Crisp Bread 150G;£1.85;£1.24/100g;Organic & Free From;Food Cupboard Free From;340 ;10.8;null;null;2.7;null;8.4;1.2;
255212998;Alpro Vanilla Soya Custard 525G;£0.90;£0.17/100g;Organic & Free From;Food Cupboard Free From;81 ;3;null;10;1.7;0.3;0.5;0.14;
252955630;Alpro Chocolate Soya Dessert 4 X 125G;£1.50;£0.30/100g;Organic & Free From;Food Cupboard Free From;83 ;3.0;null;10.5;1.9;0.5;1.1;0.14;
282458361;Tesco Free From Tagliatelle 250G;£1.40;£5.60/kg;Organic & Free From;Food Cupboard Free From;355;7.0;null;0.5;1.0;0.2;2.0;0.1;
284371632;Creative Nature Organic Peruvian Cacao Nibs 300G;£8.50;£28.34/kg;Organic & Free From;Food Cupboard Free From;551;13.0;23.7;null;53.8;null;21;null;
250304402;Doves Farm Gluten Free Flour 1Kg;£1.70;£1.70/kg;Organic & Free From;Food Cupboard Free From;1484kJ;4.8;80.1;null;0.9;null;1.0;0.03;
282072747;Eat Natural Cranberry Multipack 132G;£1.98;£1.50/100g;Organic & Free From;Food Cupboard Free From;478;4.7;null;null;24.6;null;5.9;0.07;
284181649;Doves Farm Organic Gluten Free Brown Rice Flour 120G;£1.65;£13.75/kg;Organic & Free From;Food Cupboard Free From;1518kJ -;6.7;null;null;2.8;null;1.9;0.01;
262564910;Dairy Free Chocolate Buttons 25G;£0.40;£1.60/100g;Organic & Free From;Food Cupboard Free From;543;7.9;null;null;31.0;null;6.0;0.01;
277407798;Doves Farm Fibre Flakes 300G;£3.25;£10.84/kg;Organic & Free From;Food Cupboard Free From;1481 kJ 444 KJ;7.1;69.7;null;1.5;null;null;null;
277407907;Dietary Special Rich Tea 125G;£1.40;£1.12/100g;Organic & Free From;Food Cupboard Free From;1991kJ 139kJ;1.8;80;null;16;null;1.0;0.75;
284181782;Doves Farm Gluten Free Buck Wheat Flour 130G;£1.65;£12.70/kg;Organic & Free From;Food Cupboard Free From;1465kJ -;12.6;null;null;2.5;null;3.1;0.03;
268920065;Doves Farm Xanthan Gum 100G;£2.35;£2.35/100g;Organic & Free From;Food Cupboard Free From;null;null;null;null;null;null;null;null;
284331916;Earth Balance Smooth Peanut Butter Spread 453G;£1.00;£2.21/kg;Organic & Free From;Food Cupboard Free From;null;null;null;null;null;null;null;null;
264177046;Doves Farm Gluten & Wheat Free White Self Raising Flour Blend 1Kg;£1.70;£1.70/kg;Organic & Free From;Food Cupboard Free From;1459kJ -;5.5;78.1;null;1.0;null;null;null;
257123599;Doves Farm Gluten & Wheat Free White Bread Flour 1Kg;£1.70;£1.70/kg;Organic & Free From;Food Cupboard Free From;1466kJ;4.8;79.9;null;0.7;null;1.1;0.13;
284371592;Creative Nature Organic Peruvian Cacao Powder 200G;£7.00;£35.00/kg;Organic & Free From;Food Cupboard Free From;346;25.6;50.8;null;11.5;null;31.3;null;
277408019;Dietary Special Custard Cream 125G;£1.40;£1.12/100g;Organic & Free From;Food Cupboard Free From;2095kJ 262kJ;4.9;70;null;22;null;1.0;0.55;
268890894;Ds-Gluten Free Crisp Bread 150G;£1.20;£0.80/100g;Organic & Free From;Food Cupboard Free From;380;6.0;null;null;1.7;null;2.3;1.4;
276342005;Eat Natural Brazil Multipack 4 X 35G;£1.98;£14.15/kg;Organic & Free From;Food Cupboard Free From;454;11.2;null;null;22.6;null;5.0;0.03;
276342644;Eat Natural Almond Multipack 4 X 35G;£1.98;£14.15/kg;Organic & Free From;Food Cupboard Free From;464;7.1;null;null;26.1;null;5.1;0.08;
287194612;Cocoa And Beetroot Geobars 3X33g;£2.40;£2.43/100g;Organic & Free From;Food Cupboard Free From;1435kJ 473kJ;7;null;null;5;null;5;0.6;
265916968;Dairy Free White Chocolate Buttons 25G;£0.40;£1.60/100g;Organic & Free From;Food Cupboard Free From;541;2.6;null;null;31.1;null;5.6;0.01;
280608867;Dietary Special Bourbon Biscuits 125G;£1.40;£1.12/100g;Organic & Free From;Food Cupboard Free From;2124kJ 265kJ;4.6;67;null;24;null;2.3;0.48;
274193218;Eat Natural Dark Chocolate Multipack;£1.98;£1.50/100g;Organic & Free From;Food Cupboard Free From;437;6.8;null;null;21.1;null;5.2;0.08;
282483013;Free From Tomato And Basil Sauce 340G;£2.00;£0.59/100g;Organic & Free From;Food Cupboard Free From;76;1.9;null;6.6;2.6;0.4;0.5;0.5;
282513365;Free From Honey Hoops 300G;£2.00;£0.67/100g;Organic & Free From;Food Cupboard Free From;381;6.0;null;19.0;1.0;0.3;2.0;0.3;
282483134;Free From Tomato And Chilli Pasta Sauce 340G;£2.00;£0.59/100g;Organic & Free From;Food Cupboard Free From;60;1.6;null;7.4;2.0;0.4;1.7;0.5;
282622351;Free From Finest Oat And Raisin Cookies 150G;£2.00;£1.34/100g;Organic & Free From;Food Cupboard Free From;422;6.2;null;38.0;15.0;8.5;5.1;0.5;
284603054;Eat Real Hummus Chips Tomato Basil 45G;£0.70;£1.56/100g;Organic & Free From;Food Cupboard Free From;527kJ - 1883kJ 8400kJ;2;null;null;7;null;1;0.8;
266804650;Eat Natural Toasted Muesli Buckwheat 500G;£2.25;£0.45/100g;Organic & Free From;Food Cupboard Free From;442;10.4;null;null;20.1;null;8.2;0.03;
284386690;Eat Natural Toasted Muesli Buckwheat 65G;£0.75;£11.54/kg;Organic & Free From;Food Cupboard Free From;442;10.4;null;null;20.1;null;8.2;0.03;
266804581;Eat Natural Toasted Muesli Vine Fruit 500G;£2.25;£0.45/100g;Organic & Free From;Food Cupboard Free From;437;12.2;null;null;19.9;null;7.0;0.04;
284279811;Goody Good Stuff Cola Breeze Gummies 100G;£1.25;£1.25/100g;Organic & Free From;Food Cupboard Free From;337 ;0.5;null;null;0.5;null;null;0.37;
284279736;Goody Good Stuff Summer Peaches Gummies 100G;£1.25;£1.25/100g;Organic & Free From;Food Cupboard Free From;335 ;0.5;null;null;0.5;null;null;0.38;
282446277;Free From White Chocolate Buttons 25G;£0.45;£1.80/100g;Organic & Free From;Food Cupboard Free From;526;0.4;null;42.6;32.4;19.7;15.0;0.1;
282512815;Free From Kids Cereal Selection 175G;£2.00;£1.15/100g;Organic & Free From;Food Cupboard Free From;380;5.0;null;21.0;1.5;0.5;2.8;0.3;
284279961;Goody Good Stuff Cheery Cherries Gummies 100G;£1.25;£1.25/100g;Organic & Free From;Food Cupboard Free From;319;0.5;null;null;0.5;null;null;0.31;
284347915;Eat Real Hummus Chips Sea Salt 45G;£0.70;£1.56/100g;Organic & Free From;Food Cupboard Free From;527kJ - 1883kJ 8400kJ;2;null;null;7;null;1;0.6;
284298051;Enjoy Life Boom Choco Dark Chocolate Gluten Free 32G;£1.20;£37.50/kg;Organic & Free From;Food Cupboard Free From;null;6.3;null;null;37.5;null;null;0.0;
284348154;Eat Real Quinoa Chips Tomato And Roasted Garlic 30G;£0.70;£2.34/100g;Organic & Free From;Food Cupboard Free From;691kJ - 2303kJ 8400kJ;2;20;null;9;null;1;0.6;
284590741;Free And Easy Organic Parsnip Soup 400G;null;null;Organic & Free From;Food Cupboard Free From;null;1.9;null;null;1.9;null;1;null;
284348033;Eat Real Quinoa Chips Cream And Chives 30G;£0.70;£2.34/100g;Organic & Free From;Food Cupboard Free From;715kJ - 2382kJ 8400kJ;2;20;null;9;null;1;0.6;
282513296;Free From Choco- Nut Pillows 300G;£2.50;£0.83/100g;Organic & Free From;Food Cupboard Free From;453;6.4;null;25.0;15.6;4.2;2.1;0.5;
286039338;Granovita Tomato Ketchup 380G;£2.00;£0.05/10g;Organic & Free From;Food Cupboard Free From;106;0.9;null;22.4;0.1;0.0;0.8;null;
274050054;Nairns Gluten Free Cheese Oat Cakes 135G;£1.50;£1.12/100g;Organic & Free From;Food Cupboard Free From;187kJ 2080kJ -;1.3;null;null;2.3;null;0.7;0.19;
284332495;Level Chocolate Protein Bar 160G;£1.00;£0.63/100g;Organic & Free From;Food Cupboard Free From;null;null;null;null;null;null;null;null;
284279903;Goody Good Stuff Tropical Fruit Gummies 100G;£1.25;£1.25/100g;Organic & Free From;Food Cupboard Free From;321;0.5;null;null;0.5;null;null;0.310;
284507525;Level Caramel Peanut Protein Bar 160G;null;null;Organic & Free From;Food Cupboard Free From;null;null;null;null;null;null;null;null;
252947761;Marigold Swiss Vegetable Bouillon Reduced Salt 150G;£2.00;£13.34/kg;Organic & Free From;Food Cupboard Free From;null;13.8;null;null;12.0;null;0.9;null;
268886433;Groovy Food Agave Nectar 250Ml;£2.50;£1.00/100ml;Organic & Free From;Food Cupboard Free From;1249kj 57.45kj;0;null;null;0;null;0;null;
261352984;Mayola Plain 310G;£2.00;£6.46/kg;Organic & Free From;Food Cupboard Free From;438;1.4;null;null;45.3;null;0.3;1.1;
264155130;Mrs Crimble's Corn Cakes 4 Pack;£1.30;£0.33/each;Organic & Free From;Food Cupboard Free From;1687 kJ 590 kJ;7.1;85.3;null;2.5;null;2.9;0.7;
277181971;Nairns Oats And Fruit Biscuits 160G;£1.80;£1.13/100g;Organic & Free From;Food Cupboard Free From;1965kJ -;8.2;null;null;19.1;null;5.7;1.1;
284507577;Level Chocolate Peanut Protein Bar 160G;null;null;Organic & Free From;Food Cupboard Free From;null;null;null;null;null;null;null;null;
272796741;Hale And Hearty Chocolate And Date Flapjacks 180G;£2.50;£1.39/100g;Organic & Free From;Food Cupboard Free From;1811kJ 652kJ;6.1;null;null;21.3;null;5.7;null;
268724332;Nairns Gluten Free Instant Porridge 8 X 27G;£3.00;£1.39/100g;Organic & Free From;Food Cupboard Free From;1536kJ 414kJ 888kJ -;12.7;null;null;9.4;null;9.4;Trace;
284458968;Linwoods Milled Organic Flaxseed 425G;£5.80;£13.65/kg;Organic & Free From;Food Cupboard Free From;null;21.9;null;null;46.2;null;28.9;0.05;
282012007;Nairns Chocolate Chip Biscuits 160G;£1.80;£1.13/100g;Organic & Free From;Food Cupboard Free From;197kJ 1968kJ -;0.8;null;null;2.0;null;0.6;0.10;
276504108;Kinnerton Dairy Free Chocolate Bar 85G;£1.40;£1.65/100g;Organic & Free From;Food Cupboard Free From;2303 kJ 489 kJ;6.6;null;null;36.1;null;null;0.03;
284459086;Linwoods Milled Flax, Nuts And Q10 360G;£5.00;£13.89/kg;Organic & Free From;Food Cupboard Free From;null;19.6;null;null;46.9;null;18.1;0.06;
284332512;Level Double Chocolate Protein Bar 160G;£1.00;£0.63/100g;Organic & Free From;Food Cupboard Free From;null;null;null;null;null;null;null;null;
256168392;Kelkin Chocolate Covered Rice Cakes 100G;£1.40;£1.40/100g;Organic & Free From;Food Cupboard Free From;502;6.3;62.2;null;24.7;null;2.8;null;
268350952;Nairns Gluten Free Oat Cakes 160G;£1.50;£0.94/100g;Organic & Free From;Food Cupboard Free From;182kJ 2024kJ;1.1;null;null;1.9;null;0.8;0.1;
277182094;Nairns Oats And Syrup Biscuits 160G;£1.80;£1.13/100g;Organic & Free From;Food Cupboard Free From;1965kJ -;8.6;null;null;20.4;null;7.2;1.17;
283631572;Nakd Berry Delight Bits 130G;£2.00;£1.54/100g;Organic & Free From;Food Cupboard Free From;null;null;null;null;null;null;null;null;
280589623;Nakd Berry Delight Bits 130G;£2.00;£1.54/100g;Organic & Free From;Food Cupboard Free From;1616kJ 566kJ;8.6;null;null;14.8;null;6.4;trace;
286894160;Nature's Store F&F Fibre Flakes 300G;£3.00;£1.00/100g;Organic & Free From;Food Cupboard Free From;null;7.1;null;null;1.9;null;10.0;0.3;
280589709;Nakd Cocoa Orange Bits 130G;£2.00;£1.54/100g;Organic & Free From;Food Cupboard Free From;607kJ 1736kJ;4;null;null;7;null;2;trace;
282012819;Nairns Wholegrain Crackers 114G;£1.50;£1.32/100g;Organic & Free From;Food Cupboard Free From;110kJ 1922kJ 2000;0.6;null;null;1.0;null;0.4;0.10;
279570916;Nakd Selection 4 X 35G Pack;£2.75;£0.69/each;Organic & Free From;Food Cupboard Free From;1736kJ 607kJ;11;45;null;20;null;6;trace;
285981640;Natures Path Chocolate Granola Bars 175G;£3.25;£1.86/100g;Organic & Free From;Food Cupboard Free From;1674kJ 586kJ;5.7;null;null;10;null;5.7;0.5;
283631528;Nakd Cocoa Delight Bits 130G;£2.00;£1.54/100g;Organic & Free From;Food Cupboard Free From;null;null;null;null;null;null;null;null;
282664669;Nakd Choco Crunch 30G;null;null;Organic & Free From;Food Cupboard Free From;1469kJ 440kJ;18.4;null;null;8.8;null;6.3;0.6;
286894246;Nature's Store F&F Tropical Muesli 250G;£2.50;£0.83/100g;Organic & Free From;Food Cupboard Free From;null;5.9;null;null;4.6;null;3.7;0.8;
279568413;Nakd Cocoa Orange Multipack 4 X 35G;£2.75;£0.69/each;Organic & Free From;Food Cupboard Free From;1736kJ 607kJ;11.0;null;null;20.0;null;6.4;0.1;
286893875;Nature's Store F&F Puffed Rice Cereal 225G;£2.00;£0.89/100g;Organic & Free From;Food Cupboard Free From;null;7.0;81.0;null;2.0;null;3.0;0.1;
286894042;Nature's Store Puffed Rice Cereal Honey 275G;£2.00;£0.73/100g;Organic & Free From;Food Cupboard Free From;null;6.0;78.0;null;3.5;null;2.5;0.1;
279570939;Nakd Rhubarb And Custard Multipack 4 X 35G;£2.75;£1.97/100g;Organic & Free From;Food Cupboard Free From;1525kJ 534kJ;6.6;55.1;null;12.1;null;5.0;0.1;
286894200;Nature's Store F&F Chocolate Muesli 300G;£2.50;£0.83/100g;Organic & Free From;Food Cupboard Free From;null;6.8;80.4;null;3.4;null;3.4;1.0;
276902772;Natures Path Choco Knobbly Rice Bites 5X28g;£2.49;£1.78/100g;Organic & Free From;Food Cupboard Free From;1643kJ 460kJ;3.6;null;null;10.7;null;3.6;null;
276879741;Natures Path Berry Bobbly Rice Bites 5X28g;£2.49;£1.78/100g;Organic & Free From;Food Cupboard Free From;1643kJ 460kJ;3.6;null;null;10.7;null;3.6;null;
280591533;Nakd Choco Delight Bits 130G;£2.00;£1.54/100g;Organic & Free From;Food Cupboard Free From;1621kJ 567kJ;9.4;null;null;15.1;null;6.8;trace;
285964528;Nakd Cashew Cookie Multipack 4X35g;£2.75;£1.97/100g;Organic & Free From;Food Cupboard Free From;1725kJ 604kJ;10.0;46.0;null;23.4;null;4.7;0.1;
273667363;Natures Path Mesa Sunrise Organic Cereal 355G;£2.75;£0.78/100g;Organic & Free From;Food Cupboard Free From;1673kJ 1164kJ;10;null;null;3.3;null;10;null;
284372216;Sukrin Low Fat Peanut Flour 40% Protein 250G;£5.00;£20.00/kg;Organic & Free From;Food Cupboard Free From;410;50;20;null;12;null;null;0;
284216489;Tesco Finest Free From Belgian Dark Chocolate Rocky Road 5 Pack;£2.75;£0.55/each;Organic & Free From;Food Cupboard Free From;483;3.2;null;41.4;24.7;14.7;2.3;0.3;
284372055;Sukrin Low Fat Almond Flour 40% Protein 250G;£5.00;£20.00/kg;Organic & Free From;Food Cupboard Free From;315 ;40;4;null;11;null;null;0;
262643270;No Wheat Chocolate And Orange Bars 5 Pack;£0.85;£0.17/each;Organic & Free From;Food Cupboard Free From;531 ;5.1;null;null;29.4;null;2.5;null;
280586382;Natures Store Caramel And Chocolate Rice Cakes 100G;£1.40;£1.40/100g;Organic & Free From;Food Cupboard Free From;null;6.6;64.4;null;22.7;null;1.7;0.12;
284331824;P28 High Protein Signature Flavor Spread 453G;null;null;Organic & Free From;Food Cupboard Free From;null;42.4;null;null;39.4;null;9.1;0.0;
286999324;Natures Path Gluten Free Munch 284G;£3.00;£1.00/100g;Organic & Free From;Food Cupboard Free From;1673kJ 619kJ;6.7;null;null;3;null;3.3;null;
283964497;Sacla Tomato Pesto Gluten Free 190G;null;null;Organic & Free From;Food Cupboard Free From;1409kJ 669kJ;1.6;null;null;35.7;null;0.2;1.0;
287378712;Perkier Fruity Berry Porridge Pot 60G;£1.50;£25.00/kg;Organic & Free From;Food Cupboard Free From;null;14.5;null;null;4.3;null;6.9;0.19;
280622976;Natures Path Chocolate Munch 284G;£3.00;£1.06/100g;Organic & Free From;Food Cupboard Free From;1533kJ 577kJ;6.7;null;null;3;null;6.7;null;
282663313;Perkier Golden Syrup Porridge Pot 60G;£1.50;£2.50/100g;Organic & Free From;Food Cupboard Free From;null;16.6;null;null;4.6;null;6.9;0.23;
284216397;Tesco Finest Free From All Butter Chocolate Millionaire 5 Pack;£2.75;£0.55/each;Organic & Free From;Food Cupboard Free From;511;6.0;null;36.3;28.8;13.4;0.5;0.4;
280569238;Natures Store Chocolate And Orange Rice Cake 100G;£1.40;£1.40/100g;Organic & Free From;Food Cupboard Free From;null;6.2;61.4;null;22.9;null;5.1;0.05;
284216587;Tesco Finest Free From Belgian Chocolate Brownie 5 Pack;£2.75;£0.55/each;Organic & Free From;Food Cupboard Free From;476;5.6;null;43.2;28.6;17.6;2.0;0.2;
284372182;Sukrin Low Fat Coconut Flour 40% Protein 400G;£5.00;£12.50/kg;Organic & Free From;Food Cupboard Free From;320 ;19;9;null;12;null;null;0;
283949873;Sacla Basil Pesto Gluten Free 190G;£2.30;£12.11/kg;Organic & Free From;Food Cupboard Free From;1895 kJ 853 kJ;2.8;null;null;45.4;null;1.0;3.00;
281100158;Natures Path Maple Sunrise 332G;£3.00;£9.04/kg;Organic & Free From;Food Cupboard Free From;1534kJ 704kJ;7.0;null;null;3.3;null;10;null;
284351996;Orgran No Egg Replacer Gluten Free 200G;£3.00;£15.00/kg;Organic & Free From;Food Cupboard Free From;9;0;null;null;0;null;null;null;
277313194;Natures Store White Chocolate Rice Cakes 100G;£1.40;£1.40/100g;Organic & Free From;Food Cupboard Free From;null;6.6;65.2;null;22.5;null;1.4;0.13;
267279176;Tesco Free From Chocolate & Crispie Bar 30G;£0.45;£1.50/100g;Organic & Free From;Food Cupboard Free From;566;2.7;null;41.9;35.0;20.8;2.3;0.1;
284384945;Tesco Free From Mini Breadsticks 125G;£1.40;£1.12/100g;Organic & Free From;Food Cupboard Free From;426;1.4;null;4.0;12.8;6.4;1.0;2.4;
284197222;Tesco Free From Bolognese Sauce 500G;£2.00;£4.00/kg;Organic & Free From;Food Cupboard Free From;50;1.8;null;8.4;0.7;0.1;1.5;0.8;
256876792;Tesco Free From Fusilli Pasta 500G;£1.40;£2.80/kg;Organic & Free From;Food Cupboard Free From;355;7.0;null;0.5;1.0;0.2;2.0;0.1;
259623436;Tesco Free From Belgian Chocolate Wafers 107G;£1.75;£1.64/100g;Organic & Free From;Food Cupboard Free From;546;6.0;null;49.0;33.0;20.0;2.3;0.2;
268583405;Tesco Free From Frosted Flakes;£1.50;£0.50/100g;Organic & Free From;Food Cupboard Free From;382;6.0;null;26.0;1.0;0.4;2.5;0.3;
266320087;Tesco Free From Chocolate Digestive Biscuits 200G;£1.40;£0.70/100g;Organic & Free From;Food Cupboard Free From;493;7.3;null;27.5;23.5;9.9;5.0;0.7;
256876734;Tesco Free From Penne Pasta 500G;£1.40;£2.80/kg;Organic & Free From;Food Cupboard Free From;355;7.0;null;0.5;1.0;0.2;2.0;0.1;
266319850;Tesco Free From Chocolate Chip Cookies 150G;£1.40;£0.93/100g;Organic & Free From;Food Cupboard Free From;487;5.2;null;35.1;22.5;9.7;5.0;0.5;
284385005;Tesco Free From Caramel Rice Cakes 165G;£1.40;£0.85/100g;Organic & Free From;Food Cupboard Free From;373;5.9;null;25.9;2.5;0.6;1.8;0.4;
267278966;Tesco Free From Chocolate Bar 35G;£0.45;£1.29/100g;Organic & Free From;Food Cupboard Free From;551;2.4;null;42.3;32.1;21.5;2.4;0.1;
268624646;Tesco Free From Plain Digestive Biscuits 150G;£1.40;£0.82/100g;Organic & Free From;Food Cupboard Free From;473;7.5;null;24.8;19.9;7.2;5.6;0.9;
268583152;Tesco Free From Choco Snaps Cereal;£1.50;£0.50/100g;Organic & Free From;Food Cupboard Free From;379;5.0;null;21.0;1.5;0.5;2.8;0.3;
264890284;Tesco Free From Lasagne 250G;£1.50;£6.00/kg;Organic & Free From;Food Cupboard Free From;355;7.0;null;0.5;1.0;0.2;2.0;0.1;
282448511;Tesco Free From Conchiglie 500G;£1.40;£2.80/kg;Organic & Free From;Food Cupboard Free From;355;7.0;null;0.5;1.0;0.2;2.0;0.1;
267280074;Tesco Free From Pure Oat Fruit Muesli 450G;£2.50;£0.56/100g;Organic & Free From;Food Cupboard Free From;388;10.5;null;30.0;11.0;1.4;5.6;0.1;
268624669;Tesco Free From Ginger Cookies 150G;£1.40;£0.93/100g;Organic & Free From;Food Cupboard Free From;484;3.6;null;41.9;21.2;9.6;3.1;0.4;
268583267;Tesco Free From Cornflakes;£1.50;£0.50/100g;Organic & Free From;Food Cupboard Free From;370;7.3;null;6.5;1.0;0.3;4.0;0.3;
282372818;Tesco Free From 6 Instant Porridge Sachets 162G;£2.00;£1.24/100g;Organic & Free From;Food Cupboard Free From;367;12.6;null;0.6;5.6;1.0;6.9;0.1;
282448442;Tesco Free From Cous Cous 375G;£2.00;£5.34/kg;Organic & Free From;Food Cupboard Free From;352;7.5;null;1.5;1.0;0.2;2.5;0.1;
284408775;The Chia Co Chia Seeds White 453G;£12.00;£26.50/kg;Organic & Free From;Food Cupboard Free From;281kJ 1870kJ;3.0;0.7;null;4.7;null;5.6;0.4;
284319840;Udi's Chocolate Wafers 130G;£1.50;£1.16/100g;Organic & Free From;Food Cupboard Free From;2300 kJ 690 kJ;3.3;null;null;30;null;0;0.3;
284592508;Udi's Gluten Free Chocolate Chip Brownie Mix 454G;£2.50;£5.51/kg;Organic & Free From;Food Cupboard Free From;1680 kJ 622 kJ;3.4;null;null;6.2;null;3.9;0.4;
284408798;The Chia Shots Seed Dispenser Pack Black 8G;£0.65;£81.25/kg;Organic & Free From;Food Cupboard Free From;null;null;null;null;null;null;null;null;
268584018;Tesco Free From Special Flakes;£1.50;£0.50/100g;Organic & Free From;Food Cupboard Free From;382;6.5;null;10.0;2.0;0.5;3.0;0.3;
284384968;Tesco Free From Wholegrain Rice Cakes 130G;£1.40;£1.08/100g;Organic & Free From;Food Cupboard Free From;393;7.8;null;0.5;3.2;0.9;3.1;0.01;
284592284;Udi's Gluten Free American Style Pancake Mix 454G;null;null;Organic & Free From;Food Cupboard Free From;null;null;null;null;null;null;null;null;
280072163;Udi's Cranberry Granola 311G;null;null;Organic & Free From;Food Cupboard Free From;2093 kJ;10.6;null;null;7.3;null;7.3;0.0;
284592203;Udi's Gluten Free Pastry Mix 454G;£2.50;£5.51/kg;Organic & Free From;Food Cupboard Free From;1396 kJ 503 kJ;4.0;null;null;1.2;null;2.5;1.1;
267280016;Tesco Free From Pure Oats 450G;£2.50;£0.56/100g;Organic & Free From;Food Cupboard Free From;359;12.8;null;1.1;5.4;0.9;8.6;0.1;
284319696;Udi's Cinnamon And Sugar Bagel Chips 170G;£1.75;£10.30/kg;Organic & Free From;Food Cupboard Free From;1551 kJ -;2.2;null;null;12.5;null;1.6;1.1;
284197202;Tesco Free From Sweet And Sour Sauce 510G;null;null;Organic & Free From;Food Cupboard Free From;100;0.3;null;20.4;0.4;0.2;0.5;0.7;
280032292;Udi's Apple And Cinnamon Pastries 260G;£1.00;£0.39/100g;Organic & Free From;Food Cupboard Free From;1521 kJ 791 kJ;1.9;null;null;10.2;null;8.9;0.9;
280051122;Udi's Blueberry Bars 200G;£3.00;£1.50/100g;Organic & Free From;Food Cupboard Free From;1533 kJ 613 kJ;4.8;null;null;5.6;null;4.7;0.2;
256876728;Tesco Free From Spaghetti 500G;£1.40;£2.80/kg;Organic & Free From;Food Cupboard Free From;355;7.0;null;0.5;1.0;0.2;2.0;0.1;
284408838;The Chia Shots Seed Dispenser Pack White 8G;£0.65;£81.25/kg;Organic & Free From;Food Cupboard Free From;null;null;null;null;null;null;null;null;
284592399;Udi's Gluten Free Chocolate Flavoured Cake Mix 425G;£2.50;£5.89/kg;Organic & Free From;Food Cupboard Free From;1537 kJ 630 kJ;4.0;null;null;2.3;null;2.9;0.7;
284592347;Udi's Gluten Free Chocolate Chip Cookie Mix 540G;£3.00;£5.56/kg;Organic & Free From;Food Cupboard Free From;1601 kJ 480 kJ;1.9;null;null;6.0;null;2.4;0.7;
283841055;Udi's Chocolate Sandwich Cookies 150G;£3.50;£2.34/100g;Organic & Free From;Food Cupboard Free From;473 ;4.3;null;null;18.1;null;2.6;0.4;
277391123;Trek Cocoa Coconut Flapjack Bar 50G;£0.90;£1.80/100g;Organic & Free From;Food Cupboard Free From;1957.5kJ 978.7kJ;18.1;null;null;25.3;null;4.5;0.8;
284592226;Udi's Gluten Free Sponge Cake Mix 425G;£2.50;£5.89/kg;Organic & Free From;Food Cupboard Free From;1485 kJ 535 kJ;2.6;null;null;0.2;null;0.5;0.6;
284592128;Udi's Gluten Free Pizza Base Mix 570G;£3.00;£5.27/kg;Organic & Free From;Food Cupboard Free From;1426 kJ 442 kJ;3.3;null;null;0.9;null;3.0;0.5;
284326347;Udi's Plain Bagel Chips 170G;£1.75;£10.30/kg;Organic & Free From;Food Cupboard Free From;1890 kJ -;3.3;70;null;16.7;null;3.3;0.2;
286069072;Daura Gluten Free Beer 4 X 330 Ml;£6.00;£4.55/l;Organic & Free From;Food Cupboard Free From;null;null;null;null;null;null;null;null;
284325803;Udis Summer Berry Bar 140G;null;null;Organic & Free From;Food Cupboard Free From;1593 kJ 446 kJ;3.6;75.0;null;5.4;null;7.1;0.4;
284347558;Wowbutter Creamy Nut Free Butter 500G;£4.50;£9.00/kg;Organic & Free From;Food Cupboard Free From;626 ;21.2;null;null;48.6;null;7;0.75;
281509401;Wholebake 9Bar Fruity 160G;£1.90;£1.19/100g;Organic & Free From;Food Cupboard Free From;null;5.7;null;null;13.7;null;1.9;null;
284319794;Udi's Lemon Wafers 200G;£1.50;£0.75/100g;Organic & Free From;Food Cupboard Free From;2166 kJ 650 kJ;0;null;null;23.3;null;0;0.3;
284327571;Udi's Salted Caramel Cashew Cookies 260G;£3.40;£1.31/100g;Organic & Free From;Food Cupboard Free From;null;null;null;null;null;null;null;null;
280107607;Udi's Naturel Granola 311G;null;null;Organic & Free From;Food Cupboard Free From;1828 kJ;9.9;null;null;13.6;null;6.7;0.0;
280071855;Udi's Vanilla Granola 311G;null;null;Organic & Free From;Food Cupboard Free From;2114 kJ;12.0;null;null;18.3;null;7.9;0.0;
276887783;Wholebake 9Bar Nutty 4X40g;£1.90;£1.19/100g;Organic & Free From;Food Cupboard Free From;null;6.1;null;null;16.3;null;2.0;null;
280047188;Udi's Strawberry Pastries 260G;£1.00;£0.39/100g;Organic & Free From;Food Cupboard Free From;1521 kJ 791 kJ;1.9;null;null;10.2;null;8.9;0.9;
284319483;Udi's Parmesan And Garlic Bagel Chips 170G;null;null;Organic & Free From;Food Cupboard Free From;1890 kJ -;3.3;70;null;16.7;null;3.3;0.2;
274049638;Wholebake 9 Bar Original 160G;£1.90;£1.19/100g;Organic & Free From;Food Cupboard Free From;null;7.3;null;null;16.2;null;2.1;null;
274049736;Wholebake 9 Bar Pumpkin 160G;£1.90;£1.19/100g;Organic & Free From;Food Cupboard Free From;null;8.6;null;null;13.8;null;2.5;null;
284347610;Wowbutter Crunchy Nut Free Butter 500G;£4.50;£9.00/kg;Organic & Free From;Food Cupboard Free From;626 ;21.2;null;null;48.6;null;7;0.75;
284329822;Udi's Peanut Butter Coconut Cookies 260G;£3.40;£1.31/100g;Organic & Free From;Food Cupboard Free From;null;null;null;null;null;null;null;null;
276414013;Geo Organics Fair Trade Baked Beans 400G;£1.00;£2.50/kg;Organic & Free From;Organic Range;88 Kcal;5.1;null;null;0.4;null;null;null;
266989316;Tesco Organic Chopped Tomatoes 390G;£0.75;£1.93/kg;Organic & Free From;Organic Range;25;1.4;null;4.0;0.2;0.1;0.9;0.1;
256039303;Tesco Organic Porridge 750G;£1.59;£0.21/100g;Organic & Free From;Organic Range;368;12.1;null;1.0;8.4;1.3;10.0;0.01;
260764233;Biona Organic Golden Linseed Bread 500G;£1.65;£3.30/kg;Organic & Free From;Organic Range;207;5.6;null;null;3.1;null;11.2;1.2;
271266950;Crazy Jack Organic Ready To Eat Dates 250G;null;null;Organic & Free From;Organic Range;293 ;2.4;null;null;0.38;null;7.9;null;
276778394;Tesco Organic Baked Beans In Tomato Sauce 420G;£0.60;£1.43/kg;Organic & Free From;Organic Range;94;4.8;null;5.3;0.6;0.1;5.5;0.5;
260764377;Biona Organic Amaranth/Quinoa Rye Bread 500G;£1.65;£3.30/kg;Organic & Free From;Organic Range;195;4.9;null;null;0.7;null;10.1;0.98;
252434072;Bijoux Organic Verts Lentils 400G;£1.00;£4.17/kg;Organic & Free From;Organic Range;54;4;6.8;null;0.3;null;4;0.08;
260278336;Crazy Jack Organic Blueberries 100G;£3.99;£39.90/kg;Organic & Free From;Organic Range;328 ;0.1;null;null;1.1;null;4.7;null;
266610602;Tesco Organic Chick Peas 380G;£0.65;£2.83/kg;Organic & Free From;Organic Range;128;7.2;null;0.4;2.9;0.3;4.1;0.1;
271757922;Flahavans Irish Organic Porridge 1Kg;£2.25;£0.23/100g;Organic & Free From;Organic Range;null;null;null;null;null;null;null;null;
266610752;Tesco Organic Red Kidney Beans 380G;£0.65;£2.83/kg;Organic & Free From;Organic Range;117;6.9;null;3.6;0.6;0.1;6.2;0.1;
262144054;Biona Organic Rye Pumpkin Seed Bread 500G;£1.65;£3.30/kg;Organic & Free From;Organic Range;196;5.8;null;null;3.5;null;11.6;1.15;
271529663;Tesco Organic Italian Passata 500G;£0.80;£1.60/kg;Organic & Free From;Organic Range;25;1.4;null;4.0;0.2;0.1;0.9;0.8;
273287708;Kallo Organic Beef Gravy Granules 12G;null;null;Organic & Free From;Organic Range;317;6.1;null;null;3.5;null;0.6;null;
255622795;Crazy Jack Organic Cranberries 100G;£2.49;£24.90/kg;Organic & Free From;Organic Range;339 ;0.1;null;null;1.6;null;4;null;
252389067;Kallo Organic Chicken Stock Cubes 66G;£1.20;£1.82/100g;Organic & Free From;Organic Range;null;null;null;null;null;null;null;null;
266610280;Tesco Organic Cannellini Beans 380G;£0.65;£2.83/kg;Organic & Free From;Organic Range;93;5.9;null;0.5;0.7;0.1;6.4;0.1;
253018258;Weetabix Organic Whole Grain Cereal 24 Pack;£2.99;£0.13/each;Organic & Free From;Organic Range;1531kJ/ 574kJ/;12;69;null;2.0;null;10;0.65;
273297420;Mornflake Organic Oats 750G;£1.99;£0.27/100g;Organic & Free From;Organic Range;1543kJ 617kJ 7%;12.1;null;null;8.4;null;9.1;0.01;
250616592;Tesco Organic Rapeseed Oil 1L;£3.00;£0.30/100ml;Organic & Free From;Organic Range;900;0;null;0;100.0;6.6;0;0;
255714243;Seeds Of Change Organic Tomato And Basil Sauce 500G;£2.40;£0.48/100g;Organic & Free From;Organic Range;63;1.2;null;null;2.9;null;null;0.65;
255094779;Sacla Organic Basil Pesto 190G;£2.40;£1.27/100g;Organic & Free From;Organic Range;455;5.2;null;null;45.9;null;4.4;2.9;
271004834;Seeds Of Change Organic Sun Dried Tomato Stir/Serve 195G;£2.30;£1.18/100g;Organic & Free From;Organic Range;159;1.1;null;null;13.3;null;null;1.15;
281921684;Tesco Organic Rapeseed Oil 500Ml;£1.50;£0.30/100ml;Organic & Free From;Organic Range;900;0;null;0;100.0;6.6;0;0;
255714076;Seeds Of Change Organic Bolognese Sauce 500G;£2.40;£0.48/100g;Organic & Free From;Organic Range;46;1.2;null;null;1.0;null;null;0.65;
260526631;Tesco Organic Whole Wheat Fusilli 500G;£1.00;£2.00/kg;Organic & Free From;Organic Range;340;12.7;null;2.1;2.5;0.2;9.0;0.1;
280363406;Tesco Organic Virgin Coconut Oil 300Ml;£5.00;£1.67/100ml;Organic & Free From;Organic Range;900;0;null;0;100.0;93.8;0;0;
267259325;Seeds Of Change Tomato And Basil Pasta Sauce 350G;£2.30;£0.66/100g;Organic & Free From;Organic Range;63;1.2;null;null;2.9;null;null;0.65;
255874968;Tesco Organic Spaghetti 500G;£1.00;£2.00/kg;Organic & Free From;Organic Range;350;12.5;null;4.2;1.4;0.1;2.6;0.1;
253296768;Tesco Organic Sunflower Oil 1L;£2.50;£0.25/100ml;Organic & Free From;Organic Range;900;0;null;0;100.0;12.0;0;null;
254795239;Seeds Of Change Tomato And Garlic Pasta Sauce350g;£2.30;£0.66/100g;Organic & Free From;Organic Range;60;1.2;null;null;2.4;null;null;0.65;
252295517;Seeds Of Change Organic Mediterranean Vegetable Sauce 350G;£2.30;£0.66/100g;Organic & Free From;Organic Range;60;1.2;null;null;2.9;null;null;0.64;
286318573;Vita Coco Organic Extra Virgin Coconut Oil 500Ml;£9.99;£19.98/l;Organic & Free From;Organic Range;784;0.00;null;null;91;null;null;0m;
267259262;Seeds Of Change Tomato And Chilli Pasta Sauce 350G;£2.30;£0.66/100g;Organic & Free From;Organic Range;57;1.2;null;null;2.2;null;null;0.66;
286318417;Vita Coco Organic Extra Virgin Coconut Oil 250Ml;£5.99;£23.96/l;Organic & Free From;Organic Range;784;0.00;null;null;91;null;null;0m;
262043041;Tesco Organic Whole Wheat Spaghetti 500G;£1.00;£2.00/kg;Organic & Free From;Organic Range;340;12.7;null;2.1;2.5;0.2;9.0;0.1;
252305663;Seeds Of Change Organic Tomato Basil Parmesan Sce350g;£2.30;£0.66/100g;Organic & Free From;Organic Range;59;1.5;null;null;2.9;null;null;0.65;
250208476;Sacla Organic Tomato Pesto 190G;£2.40;£1.27/100g;Organic & Free From;Organic Range;350;4.7;null;null;33.6;null;2.8;2.0;
259045417;Tesco Organic Extra Virgin Olive Oil 500Ml;£2.00;£0.40/100ml;Organic & Free From;Organic Range;900;0;null;0;100.0;14.3;0;0;
277787341;Aspall Organic Balsamic Vinegar 350Ml;£2.99;£0.85/100ml;Organic & Free From;Organic Range;0Kcal;0.5;17.5;null;0.0;null;0.0;null;
255774919;Green And Black Organic Cooking Chocolate 150G;£2.49;£1.66/100g;Organic & Free From;Organic Range;2405 kJ -;9.1;null;null;42.0;null;10.0;0.13;
251183035;Doves Farm Organic Spelt Flour 1Kg;£2.09;£2.09/kg;Organic & Free From;Organic Range;1400kJ -;13.3;null;null;2.5;null;8.5;0.03;
255731527;Crazy Jack Organic Flaked Almonds 75G;£1.74;£23.20/kg;Organic & Free From;Organic Range;616 ;21;null;null;53;null;9.9;null;
255729295;Crazy Jack Organic Pine Nuts 100G;£4.99;£49.90/kg;Organic & Free From;Organic Range;712 ;13.7;null;null;68;null;3.7;null;
252380946;Tesco Organic Basmati Rice 500G;£1.89;£3.78/kg;Organic & Free From;Organic Range;350;8.0;null;0.1;1.1;0.4;0.8;null;
268510886;Aspall Organic White Wine Vinegar 350Ml;£1.70;£0.49/100ml;Organic & Free From;Organic Range;null;Trace;0.6;null;Trace;null;Trace;0.01;
278506846;Happiness Is Homemade Organic Sultanas 350G;£1.99;£5.69/kg;Organic & Free From;Organic Range;326;3.1;null;null;0.5;null;3.7;0.03;
255625763;Crazy Jack Organic Desiccated Coconut 200G;£2.29;£11.45/kg;Organic & Free From;Organic Range;665 ;6.9;null;null;64;null;16;null;
278502712;Happiness Is Organic Desiccated Coconut 150G;£1.60;£10.67/kg;Organic & Free From;Organic Range;670;6.9;null;null;64.5;null;16.3;0.10;
252140027;Crazy Jack Organic Dried Raisins 375G;£1.79;£4.78/kg;Organic & Free From;Organic Range;324 ;3;null;null;0.5;null;3.7;null;
257071135;Tesco Organic Self Raising Flour 1Kg;£1.26;£1.26/kg;Organic & Free From;Organic Range;353;12.5;null;0.1;1.7;0.3;3.8;0.7;
250610609;Green And Blacks Organic Cocoa Fair Trade 125G;£2.20;£1.76/100g;Organic & Free From;Organic Range;null;22.5;null;null;22.6;null;30.5;null;
278504543;Happiness Is Homemade Organic Raisins 350G;£1.99;£5.69/kg;Organic & Free From;Organic Range;326;3.1;null;null;0.5;null;3.7;0.03;
251183058;Doves Farm Organic Rye Flour 1Kg;£1.95;£1.95/kg;Organic & Free From;Organic Range;1288kJ -;7.8;null;null;1.9;null;13.4;0.13;
251455987;Crazy Jack Organic Almonds 100G;£1.99;£1.99/100g;Organic & Free From;Organic Range;587 ;21;null;null;49;null;12;null;
261799858;Tesco Organic Balsamic Vinegar Of Modena 250Ml;£2.00;£0.80/100ml;Organic & Free From;Organic Range;131;1.1;null;26.9;0;0;0.2;0.1;
257067302;Tesco Organic Plain Flour 1Kg;£1.26;£1.26/kg;Organic & Free From;Organic Range;361;11.8;null;0.3;1.7;0.3;3.0;0.1;
268510850;Aspall Organic Cyder Vinegar 350Ml;£1.70;£0.49/100ml;Organic & Free From;Organic Range;null;Trace;0.7;null;Trace;null;Trace;0.01;
252380883;Tesco Organic Strong White Flour 1Kg;£1.33;£1.33/kg;Organic & Free From;Organic Range;360;12.7;null;0.1;1.7;0.3;3.3;0.1;
250525958;Clipper Organic Decaffeinated 40 Teabags 125G;£2.55;£2.04/100g;Organic & Free From;Organic Range;null;null;null;null;null;null;null;null;
262267640;Clipper Organic 80 Teabags 250G;£2.60;£1.04/100g;Organic & Free From;Organic Range;null;null;null;null;null;null;null;null;
280009712;Clipper Organic Peppermint Tea Bags 20S 30G;£1.69;£5.64/100g;Organic & Free From;Organic Range;null;null;null;null;null;null;null;null;
267687856;Clipper Organic Raspberry Leaf 20S 50G;£1.69;£3.38/100g;Organic & Free From;Organic Range;null;null;null;null;null;null;null;null;
267030516;Pukka Organic Cleanse Tea 20'S 36G;£1.89;£5.25/100g;Organic & Free From;Organic Range;null;null;null;null;null;null;null;null;
272361271;Clipper Tea Organic Earl Grey 80'S 200G;£3.19;£1.60/100g;Organic & Free From;Organic Range;null;null;null;null;null;null;null;null;
252424389;Jordans Organic Porridge Oats 750G;£1.99;£0.27/100g;Organic & Free From;Organic Range;1536kJ 1048kJ;11.7;null;null;9.3;null;9.0;null;
281927862;Clipper Organic C/Berry/ Raspberry Infusion 10S 25G;£1.00;£4.00/100g;Organic & Free From;Organic Range;null;null;null;null;null;null;null;null;
281507222;Pukka Clean Green Organic 20'S 30G;£1.89;£6.30/100g;Organic & Free From;Organic Range;null;null;null;null;null;null;null;null;
255592909;Clipper Organic White Tea 26'S 45G;£1.69;£3.76/100g;Organic & Free From;Organic Range;null;null;null;null;null;null;null;null;
274530914;Pukka Organic Wwf Peppermint And Licorice Tea 30G;£1.89;£6.30/100g;Organic & Free From;Organic Range;null;null;null;null;null;null;null;null;
250297948;Clipper Organic Nettle Tea Bags 20S 30G;£1.69;£5.64/100g;Organic & Free From;Organic Range;null;null;null;null;null;null;null;null;
274390388;Tick Tock Organic Green 40S 72G;£1.99;£2.77/100g;Organic & Free From;Organic Range;null;null;null;null;null;null;null;null;
280009082;Clipper Organic Chamomile Tea Bags 20S 30G;£1.69;£5.64/100g;Organic & Free From;Organic Range;null;null;null;null;null;null;null;null;
250719194;Tesco Organic Easy Cook Long Grain Rice 500G;£1.29;£2.58/kg;Organic & Free From;Organic Range;353;7.2;null;0.3;0.9;0.2;2.1;0.1;
275288324;Dragonfly Organic Moonlight Jasemine 20S 40G;£2.00;£5.00/100g;Organic & Free From;Organic Range;null;null;null;null;null;null;null;null;
281927902;Clipper Organic Apple / Elderflower Infusion 10S 25G;£1.00;£4.00/100g;Organic & Free From;Organic Range;null;null;null;null;null;null;null;null;
281927925;Clipper Organic Strawberry & Rhubarb Infusion 10S 25G;£1.00;£4.00/100g;Organic & Free From;Organic Range;null;null;null;null;null;null;null;null;
281507288;Pukka Green Matcha Organic 20 Sachets 30G;£1.89;£6.30/100g;Organic & Free From;Organic Range;null;null;null;null;null;null;null;null;
250506774;Twinings Organic Earl Grey 50 Tea Bags 125G;£3.99;£3.20/100g;Organic & Free From;Organic Range;null;null;null;null;null;null;null;null;
275281314;Clipper Rise And Shine Organic Tea Bags 20S 40G;£1.99;£4.98/100g;Organic & Free From;Organic Range;null;null;null;null;null;null;null;null;
264767068;Pukka Organic 3 Mint Tea 20'S 32G;£1.89;£5.91/100g;Organic & Free From;Organic Range;null;null;null;null;null;null;null;null;
285132528;Green And Blacks Organic Hot Chocolate 300G;£3.59;£1.20/100g;Organic & Free From;Organic Range;1655kJ 794kJ - 8400 kJ/;8.6;null;null;7.5;null;12.0;0.01;
260059740;Pukka Organic Detox Tea 20'S 40G;£1.89;£4.73/100g;Organic & Free From;Organic Range;null;null;null;null;null;null;null;null;
264766870;Pukka Organic Night Time Tea 20'S 36G;£1.89;£5.25/100g;Organic & Free From;Organic Range;null;null;null;null;null;null;null;null;
261251602;Clipper Organic Sleep Easy 20 Teabags 40G;£1.69;£4.23/100g;Organic & Free From;Organic Range;null;null;null;null;null;null;null;null;
264766979;Pukka Organic 3 Ginger Tea 20'S 36G;£1.89;£5.25/100g;Organic & Free From;Organic Range;null;null;null;null;null;null;null;null;
281507265;Pukka Jasmine Green Organic 20 Sachets 30G;£1.89;£6.30/100g;Organic & Free From;Organic Range;null;null;null;null;null;null;null;null;
281507305;Pukka Cool Mint Green Organic Tea 20 Sachets 30G;£1.89;£6.30/100g;Organic & Free From;Organic Range;null;null;null;null;null;null;null;null;
275288416;Dragonfly Organic Moroccan Mint Tea Bags 20S 40G;£2.00;£5.00/100g;Organic & Free From;Organic Range;null;null;null;null;null;null;null;null;
282364189;John West Steam Pot Basil 150G;£2.69;£17.94/kg;Non Chilled Ready Meals;Non Chilled Ready Meals;149 ;9.5;null;null;4.6;null;null;0.5;
282364051;John West Steam Pot Soy And Ginger 150G;£2.69;£17.94/kg;Non Chilled Ready Meals;Non Chilled Ready Meals;145 ;9.8;null;null;3.5;null;null;0.5;
277231642;Tesco Chicken Massaman Curry Jasmine Rice 350G;£2.00;£5.72/kg;Non Chilled Ready Meals;Non Chilled Ready Meals;152;4.7;null;3.8;5.5;3.2;2.0;0.6;
282339358;John West Steam Pot Coriander And Cumin 150G;£2.69;£17.94/kg;Non Chilled Ready Meals;Non Chilled Ready Meals;149 ;9.5;null;null;4.4;null;null;0.5;
277231763;Tesco Chicken Chow Mein With Noodles 350G;£2.00;£5.72/kg;Non Chilled Ready Meals;Non Chilled Ready Meals;150;4.5;null;7.8;2.8;0.6;1.5;0.4;
277232514;Tesco Chicken Pad Thai With Noodles 350G;£2.00;£5.72/kg;Non Chilled Ready Meals;Non Chilled Ready Meals;195;5.9;null;10.8;6.5;2.4;2.3;0.4;
282362928;John West Steam Pot Garlic And Chilli 150G;£2.69;£17.94/kg;Non Chilled Ready Meals;Non Chilled Ready Meals;142 ;9.5;null;null;3.7;null;null;1.0;
282362972;John West Steam Pot Lemon And Thyme 150G;£2.69;£17.94/kg;Non Chilled Ready Meals;Non Chilled Ready Meals;149 ;9.6;null;null;4.4;null;null;0.3;
277231567;Tesco Chicken Green Curry With Jasmine Rice 350G;£2.00;£5.72/kg;Non Chilled Ready Meals;Non Chilled Ready Meals;126;4.8;null;1.1;4.2;3.2;1.3;0.5;
277210425;Tesco Chicken Red Curry With Jasmine Rice 350G;£2.00;£5.72/kg;Non Chilled Ready Meals;Non Chilled Ready Meals;143;4.9;null;2.8;5.1;2.8;1.4;0.6;
277586567;Tesco Beef In Black Bean Sauce 350G;£2.00;£5.72/kg;Non Chilled Ready Meals;Non Chilled Ready Meals;100;6.9;null;2.8;0.3;0.1;0.4;0.6;
276142887;Kinder Chocolate 12 Pack 150G;null;null;Easter Chocolate & Sweets;Easter Eggs & Treats;null;null;null;null;null;null;null;null;
287221086;Nestle Black Magic Giant Premium Easter Egg 374g;null;null;Easter Chocolate & Sweets;Easter Eggs & Treats;2051kJ 399kJ 8400kJ -;4.1;null;null;23.5;null;4.4;0.05;
287221063;Nestle Dairy Box Giant Premium Easter Egg 380g;null;null;Easter Chocolate & Sweets;Easter Eggs & Treats;2294kJ 420kJ 8400kJ -;6.8;null;null;33.2;null;1.5;0.23;
254330197;Cadbury Giant Creme Easter Egg 497g;null;null;Easter Chocolate & Sweets;Easter Eggs & Treats;1860 kJ 744 kJ - 8400 kJ/;3.2;null;null;15;null;0.4;0.15;
287061948;Cadbury Oreo Large Easter Egg 278g;£3.00;£1.08/100g;Easter Chocolate & Sweets;Easter Eggs & Treats;2305 kJ 946 kJ - 8400 kJ/;6.1;null;null;34;null;0.9;0.48;
271895308;M&M Peanut Luxury Giant Easter Egg 358g;null;null;Easter Chocolate & Sweets;Easter Eggs & Treats;2144kJ 965kJ (12%);9.7;null;null;25.6;null;null;0.09;
251118878;Galaxy Indulgent Collection and Easter Egg 348g;null;null;Easter Chocolate & Sweets;Easter Eggs & Treats;2022kJ 971kJ (12%);5.0;null;null;23.8;null;null;0.40;
265923654;Cadbury Dairy Milk Giant Easter Egg 515g;null;null;Easter Chocolate & Sweets;Easter Eggs & Treats;2210 kJ 305 kJ - 8400 kJ/;7.5;null;null;30.5;null;0.7;0.23;
282073717;Cadbury Large Easter Egg Marvelous Creation 291g;£3.00;£1.04/100g;Easter Chocolate & Sweets;Easter Eggs & Treats;2185 kJ 1025 kJ - 8400 kJ/;7.2;null;null;29.0;null;0.9;0.43;
276632209;Cadbury Mini Eggs Large Easter Egg 286g;£3.00;£1.05/100g;Easter Chocolate & Sweets;Easter Eggs & Treats;2070 kJ 621 kJ - 8400 kJ/;4.6;null;null;21.5;null;1.3;0.20;
287221040;Nestle Yorkie Collection Giant Easter Egg 336g;null;null;Easter Chocolate & Sweets;Easter Eggs & Treats;2126kJ 936kJ 8400kJ -;5.3;null;null;25.4;null;1.7;0.23;
276379474;Nestle After Eight Giant Preium Easter Egg 500g;null;null;Easter Chocolate & Sweets;Easter Eggs & Treats;1779kJ 306kJ 8400kJ -;2.0;null;null;12.9;null;2.9;0.05;
261562316;Cadbury Roses Large Easter Egg 271g;null;null;Easter Chocolate & Sweets;Easter Eggs & Treats;2015 kJ 8400 kJ/;3.9;null;null;22.5;null;0.6;0.30;
287061516;Cadbury Caramel Large Egg 331G;null;null;Easter Chocolate & Sweets;Easter Eggs & Treats;2015 kJ 905 kJ - 8400 kJ/;4.8;null;null;23.5;null;0.4;0.40;
276632134;Cadbury Dairy Milk Giant Easter Egg 331g;null;null;Easter Chocolate & Sweets;Easter Eggs & Treats;2210kJ 995kJ - 8400 kJ/;7.5;null;null;30.5;null;0.7;0.23;
265946189;Malteser Luxury Large Easter Egg 294g;null;null;Easter Chocolate & Sweets;Easter Eggs & Treats;2252kJ 653kJ (8%);7.0;null;null;30.9;null;null;0.36;
287061827;Cadbury Heroes Large Easter Egg 274g;null;null;Easter Chocolate & Sweets;Easter Eggs & Treats;2050 kJ 8400 kJ/;5.1;null;null;24;null;0.7;0.30;
271894920;Nestle Caramel Collection Giant Easter Egg 364G;null;null;Easter Chocolate & Sweets;Easter Eggs & Treats;2031kJ 556kJ 8400kJ -;5.4;null;null;22.4;null;1.5;0.30;
276379388;After Eight Large Easter Egg 234G;null;null;Easter Chocolate & Sweets;Easter Eggs & Treats;2280kJ 465kJ 8400kJ -;5.5;null;null;33.8;null;7.1;0.08;
276386684;Kit Kat Collection Giant Easter Egg 344G;null;null;Easter Chocolate & Sweets;Easter Eggs & Treats;2249kJ 1082kJ 8400kJ -;9.7;null;null;31.2;null;2.1;0.56;
264336826;Cadbury Twirl Large Easter Egg 282g;null;null;Easter Chocolate & Sweets;Easter Eggs & Treats;2235 kJ 480 kJ - 8400 kJ/;7.6;null;null;31.0;null;0.8;0.25;
281879837;Maltesers Teasers Large Easter Egg 283g;null;null;Easter Chocolate & Sweets;Easter Eggs & Treats;2226kJ 779kJ (9%);7.2;null;null;29.8;null;null;0.32;
264336832;Cadbury Wispa Large Easter Egg 275g;null;null;Easter Chocolate & Sweets;Easter Eggs & Treats;2290 kJ 894 kJ - 8400 kJ/;7.3;null;null;34.0;null;1.0;0.23;
287220784;Nestle Quality Street Match Mint Medium Easter Egg 162g;null;null;Easter Chocolate & Sweets;Easter Eggs & Treats;2244kJ 460kJ 8400kJ -;4.7;null;null;29.3;null;1.3;0.18;
287233515;Kinnerton Small Avenger Kids Easter Egg & bar 65g;£1.50;£2.31/100g;Easter Chocolate & Sweets;Easter Eggs & Treats;2195kJ 549kJ 329kJ;5.4;null;null;28.6;null;null;0.28;
287247770;Kinnerton Disney Frozen Tiara Medium Egg 187g;£4.00;£2.14/100g;Easter Chocolate & Sweets;Easter Eggs & Treats;2195kJ 704kJ 593kJ;5.4;null;null;28.6;null;null;0.28;
265947643;Galaxy Minstrels Giant Easter Egg 324g;null;null;Easter Chocolate & Sweets;Easter Eggs & Treats;2116kJ 889kJ (11%);5.3;null;null;22.2;null;null;0.20;
287247672;Kinnerton Medium Darth Vader Egg & Bar 187g;£4.00;£2.14/100g;Easter Chocolate & Sweets;Easter Eggs & Treats;2195kJ 704kJ 593kJ;5.4;null;null;28.6;null;null;0.28;
287220980;Nestle Crunch Medium Easter Egg 162g;null;null;Easter Chocolate & Sweets;Easter Eggs & Treats;2252kJ 462kJ 8400kJ -;5.2;null;null;30.0;null;1.5;0.23;
265947614;Mars & Friends Giant Easter Egg 327g;null;null;Easter Chocolate & Sweets;Easter Eggs & Treats;2070kJ 518kJ (6%);4.5;null;null;23.9;null;null;0.41;
287220686;Nestle Quality Street Match Orange Medium Easter Egg 162g;null;null;Easter Chocolate & Sweets;Easter Eggs & Treats;2231kJ 457kJ 8400kJ -;4.6;null;null;29.2;null;1.6;0.18;
287247856;Kinnerton Medium Dalek Easter Egg & bar 187g;£4.00;£2.14/100g;Easter Chocolate & Sweets;Easter Eggs & Treats;525;5.4;null;null;28.6;null;null;0.28;
287220421;Nestle Rolo Gift Tin Medium Easter Egg 160g;null;null;Easter Chocolate & Sweets;Easter Eggs & Treats;2061kJ 375kJ 8400kJ -;5.5;null;null;22.9;null;1.5;0.25;
287220292;Nestle Drifter Campervan Large Easter Egg 216g;null;null;Easter Chocolate & Sweets;Easter Eggs & Treats;2031kJ 504kJ 8400kJ -;3.9;null;null;20.5;null;1.2;0.33;
287230737;Celebrations Large Easter Egg 268g;null;null;Easter Chocolate & Sweets;Easter Eggs & Treats;2079kJ 568kJ (7%);5.6;null;null;24.9;null;null;0.26;
271883576;Lion Bar Retro Large Easter Egg 220g;null;null;Easter Chocolate & Sweets;Easter Eggs & Treats;2250kJ 457kJ 8400kJ -;5.1;null;null;29.5;null;1.4;0.18;
281204030;Munchies Large Easter Egg 252G;null;null;Easter Chocolate & Sweets;Easter Eggs & Treats;2250kJ 459kJ 8400kJ -;5.1;null;null;29.5;null;1.4;0.18;
281879774;Mars Galaxy Ripple Large Easter Egg;null;null;Easter Chocolate & Sweets;Easter Eggs & Treats;2116kJ 889kJ (11%);5.3;null;null;22.2;null;null;0.20;
287220536;Nestle Munchies Gift Tin Medium Easter Egg 158g;null;null;Easter Chocolate & Sweets;Easter Eggs & Treats;2031kJ 370kJ 8400kJ -;5.4;null;null;22.4;null;1.5;0.30;
264321383;Quality Street Large Easter Egg 277G;null;null;Easter Chocolate & Sweets;Easter Eggs & Treats;2250kJ 459kJ 8400kJ -;5.1;null;null;29.5;null;1.4;0.18;
271883455;Yorkie Retro Digger Large Easter Egg 212g;null;null;Easter Chocolate & Sweets;Easter Eggs & Treats;2250kJ 457kJ 8400kJ -;5.1;null;null;29.5;null;1.4;0.18;
281203774;Aero Medium Easter Egg 124G;null;null;Easter Chocolate & Sweets;Easter Eggs & Treats;2227kJ 501kJ 8400kJ -;5.5;null;null;28.9;null;1.8;0.15;
261674666;Cadbury Mini Eggs Medium Easter Egg 136g;null;null;Easter Chocolate & Sweets;Easter Eggs & Treats;2070 kJ 797 kJ 8400 kJ/;4.6;null;null;21.5;null;1.3;0.20;
263345039;Smarties Medium Easter Egg 122G;null;null;Easter Chocolate & Sweets;Easter Eggs & Treats;2185kJ 365kJ 8400kJ 4%;5.3;null;null;27.0;null;1.6;0.15;
267534103;Smarties Milk Chocolate Chicken & Egg 107.5g;null;null;Easter Chocolate & Sweets;Easter Eggs & Treats;2185kJ 391kJ 8400kJ -;5.0;null;null;27.6;null;1.2;0.22;
254992363;Kit Kat Chunky Medium Easter Egg 148G;null;null;Easter Chocolate & Sweets;Easter Eggs & Treats;2144kJ 1029kJ 8400kJ -;5.5;null;null;25.2;null;1.9;0.19;
286096422;Tesco Medium Easter Egg & Chocolate Raisins 150g;£1.00;£0.67/100g;Easter Chocolate & Sweets;Easter Eggs & Treats;495;5.2;null;58.4;22.7;13.6;2.0;0.4;
286096192;Tesco Medium Milk Chocolate Easter Egg & Dotties 145g;£1.00;£0.69/100g;Easter Chocolate & Sweets;Easter Eggs & Treats;502;4.9;null;64.1;22.4;13.4;1.5;0.3;
264315195;Cadbury Dairy Milk Buttons Medium Easter Egg;null;null;Easter Chocolate & Sweets;Easter Eggs & Treats;2215 kJ 719 kJ - 8400 kJ/;7.6;null;null;30.5;null;0.7;0.23;
265947303;Maltesers Medium Easter Egg 127g;null;null;Easter Chocolate & Sweets;Easter Eggs & Treats;2210kJ 553kJ (7%);7.0;null;null;28.9;null;null;0.26;
254633962;Ferrero Kinder Surprise Special Edition Small Egg 100G;null;null;Easter Chocolate & Sweets;Easter Eggs & Treats;null;null;null;null;null;null;null;null;
255167901;Rolo Medium Easter Egg 131G;null;null;Easter Chocolate & Sweets;Easter Eggs & Treats;2172kJ 515kJ 8400kJ -;5.1;null;null;26.7;null;1.6;0.18;
265946742;Mars Medium Easter Egg 141g;null;null;Easter Chocolate & Sweets;Easter Eggs & Treats;1890kJ 964kJ (12%);4.3;null;null;16.9;null;null;0.39;
271895204;M&M Peanut Medium Egg 135g;null;null;Easter Chocolate & Sweets;Easter Eggs & Treats;2210kJ 553kJ (7%);7.0;null;null;28.9;null;null;0.26;
286095558;Tesco Medium Easter Egg & Milk Buttons 150g;£1.00;£0.67/100g;Easter Chocolate & Sweets;Easter Eggs & Treats;525;5.6;null;58.0;27.0;16.2;1.8;0.4;
264289167;Cadbury Flake Medium Easter Egg 153g;null;null;Easter Chocolate & Sweets;Easter Eggs & Treats;2230 kJ 312 kJ - 8400 kJ/;8.1;null;null;31;null;0.7;0.28;
264289305;Cadbury Dairy Milk Caramel Medium Easter Egg and Small Eggs 178g;£1.50;£0.84/100g;Easter Chocolate & Sweets;Easter Eggs & Treats;2025 kJ 817 kJ - 8400 kJ/;4.0;null;null;25.0;null;0.4;0.43;
255135070;Cadbury Crème Eggs Medium Easter Egg 178g;£1.50;£0.84/100g;Easter Chocolate & Sweets;Easter Eggs & Treats;1860 kJ 744 kJ - 8400 kJ/;3.2;null;null;15;null;0.4;0.15;
276386794;Rowntrees Randoms Large Easter Egg 250G;null;null;Easter Chocolate & Sweets;Easter Eggs & Treats;2250kJ 459kJ 8400kJ -;5.1;null;null;29.5;null;1.4;0.18;
287062020;Terrys Chocolate Orange Large Easter Egg 276g;£3.00;£1.09/100g;Easter Chocolate & Sweets;Easter Eggs & Treats;2200 kJ 881 kJ - 8400 kJ/;5.4;null;null;28.5;null;2.1;0.38;
286095869;Tesco Medium Milk Chocolate Easter Egg & Speckled Eggs 145g;£1.00;£0.69/100g;Easter Chocolate & Sweets;Easter Eggs & Treats;513;5.2;null;61.0;24.6;14.8;1.6;0.4;
281222590;Cadbury Mini Daim Eggs 86G;null;null;Easter Chocolate & Sweets;Easter Eggs & Treats;2210 kJ 250 kJ 8400 kJ/;7.3;null;null;30.5;null;0.7;0.28;
268319697;Ferrero Mini Eggs Cocoa 100G;£2.00;£2.00/100g;Easter Chocolate & Sweets;Easter Eggs & Treats;562 ;5.5;48.1;null;37.5;null;4.8;null;
252203069;Cadbury Mini Eggs Tube 103G;null;null;Easter Chocolate & Sweets;Easter Eggs & Treats;2070 kJ 518 kJ 8400 kJ;4.6;null;null;21.5;null;1.3;0.20;
265661491;Cadbury Mini Eggs Bag 328G;null;null;Easter Chocolate & Sweets;Easter Eggs & Treats;2070 kJ 518 kJ 8400 kJ;4.6;null;null;21.5;null;1.3;0.20;
250237084;Cadbury Individual Creme Easter Egg;£0.50;£0.50/each;Easter Chocolate & Sweets;Easter Eggs & Treats;1860 kJ 774 kJ 8400 kJ;3.2;null;null;15;null;0.4;0.15;
281222405;Cadbury Freddo Face Small Egg 96g;£1.00;£1.05/100g;Easter Chocolate & Sweets;Easter Eggs & Treats;2210kJ 530kJ 6% 8400 kJ/;7.6;null;null;30.5;null;0.7;0.23;
276185997;Cadbury Egg 'N' Spoon Double Chocolate 136G;£1.50;£1.11/100g;Easter Chocolate & Sweets;Easter Eggs & Treats;2370 kJ 806 kJ - 8400 kJ;4.9;null;null;37.5;null;1.5;0.18;
276186034;Cadbury Egg 'N' Spoon Vanilla 136G;£1.50;£1.11/100g;Easter Chocolate & Sweets;Easter Eggs & Treats;2375 kJ 807 kJ - 8400 kJ;7.4;null;null;37;null;0.4;0.25;
281222526;Cadbury Mini Dairy Milk Eggs 93G;null;null;Easter Chocolate & Sweets;Easter Eggs & Treats;2215 kJ 266 kJ 8400 kJ/;7.6;null;null;30.5;null;0.7;0.23;
263070686;Cadbury Dairy Milk Egg Heads 77G;£1.00;£1.30/100g;Easter Chocolate & Sweets;Easter Eggs & Treats;530 ;7.6;null;null;30.5;null;0.7;0.23;
255134883;Cadbury Creme Eggs 12 Pack 475G;null;null;Easter Chocolate & Sweets;Easter Eggs & Treats;1860 kJ 744 kJ 8400 kJ/;3.2;null;null;15;null;0.4;0.15;
254332425;Cadbury Caramel Individual Creme Easter Egg;null;null;Easter Chocolate & Sweets;Easter Eggs & Treats;2010 kJ 784 kJ 8400 kJ;4.0;null;null;24.5;null;0.4;0.38;
250946863;Cadbury Mini Creme Egg Bag 100G;null;null;Easter Chocolate & Sweets;Easter Eggs & Treats;1835 kJ 211 kJ 8400 kJ/;4.2;null;null;16.5;null;0.4;0.13;
261592624;Milkybar Small Easter Egg 65G;null;null;Easter Chocolate & Sweets;Easter Eggs & Treats;2278kJ 421kJ 8400kJ -;7.5;null;null;31.6;null;Nil;0.40;
252453918;Cadbury Mini Caramel Eggs Bag 86G;null;null;Easter Chocolate & Sweets;Easter Eggs & Treats;2050 kJ 230 kJ 8400 kJ/;4.4;null;null;25.5;null;0.4;0.35;
251501501;Cadbury Mini Eggs Bag 90G;null;null;Easter Chocolate & Sweets;Easter Eggs & Treats;2070 kJ 621 kJ 8400 kJ;4.6;null;null;21.5;null;1.3;0.20;
254147155;Cadbury Mini Eggs Carton 41.5G;null;null;Easter Chocolate & Sweets;Easter Eggs & Treats;2070 kJ 859 kJ 10% 8400 kJ/;4.6;null;null;21.5;null;1.3;0.20;
282052702;Kinnerton Small Kids Character Milk Chocolate Egg 45G;£1.00;£2.23/100g;Easter Chocolate & Sweets;Easter Eggs & Treats;525;5.4;null;null;28.6;null;null;0.28;
254897977;Cadbury Buttons Small Easter Egg 101g;null;null;Easter Chocolate & Sweets;Easter Eggs & Treats;2215 kJ 730 kJ 9% 8400 kJ/;7.6;null;null;30.5;null;0.7;0.23;
271773568;Galaxy Bubbles Individual Easter Egg 28g;null;null;Easter Chocolate & Sweets;Easter Eggs & Treats;2315kJ 648kJ (8%);6.5;null;null;34.1;null;1.5;null;
251104658;Galaxy Caramel Filled Individual Easter Egg 38g;null;null;Easter Chocolate & Sweets;Easter Eggs & Treats;2031kJ 772kJ (9%);5.5;null;null;25.3;null;1.3;null;
262738642;Guylian 21 Filled Mini Eggs 185G;null;null;Easter Chocolate & Sweets;Easter Eggs & Treats;null;null;null;null;null;null;null;null;
287128554;Lindt Little Chick Egg Box 168G;null;null;Easter Chocolate & Sweets;Easter Eggs & Treats;587 ;6,4;null;null;40;null;null;0,20;
287219124;Galaxy Caramel Filled Egg 3 Pack 114G;null;null;Easter Chocolate & Sweets;Easter Eggs & Treats;2037kJ 774kJ (9%);5.3;null;null;25.2;null;null;0.39;
262755552;Smarties Mini Eggs Pouch 100G;null;null;Easter Chocolate & Sweets;Easter Eggs & Treats;2083 kJ 356 kJ 8400 kJ -;3.9;null;null;20.4;null;2.8;0.10;
264324005;Lindt Chocolate Mini Eggs Pack 200G;£3.50;£1.75/100g;Easter Chocolate & Sweets;Easter Eggs & Treats;545 ;7.3;56;null;null;null;null;0.2;
271773292;Galaxy Caramel Mini Eggs 96G;null;null;Easter Chocolate & Sweets;Easter Eggs & Treats;2042kJ 245kJ (3%);5.2;null;null;25.1;null;null;0.39;
281204289;Kinder Mini Easter Eggs 182G;£2.50;£1.38/100g;Easter Chocolate & Sweets;Easter Eggs & Treats;null;null;null;null;null;null;null;null;
251308008;Lindt Lindor Milk Chocolate Mini Eggs Bag 100G;null;null;Easter Chocolate & Sweets;Easter Eggs & Treats;2538kJ -;5.4;null;null;45;null;null;0.13;
281441952;Hot Wheels Small Easter Egg and Toy 75g;null;null;Easter Chocolate & Sweets;Easter Eggs & Treats;560;5.4;null;null;36.0;null;3.0;0.1;
268317590;Ferrero Mini Eggs Hazelnut 100G;£2.00;£2.00/100g;Easter Chocolate & Sweets;Easter Eggs & Treats;569 ;6.7;49.4;null;37.8;null;null;0.168;
265666366;Kinder Mini Eggs 85G;£1.00;£1.18/100g;Easter Chocolate & Sweets;Easter Eggs & Treats;null;null;null;null;null;null;null;null;
258761475;Lindt Lindor Filled Individual Easter Egg 28g;£0.50;£1.79/100g;Easter Chocolate & Sweets;Easter Eggs & Treats;null;null;null;null;null;null;null;null;
262754864;Milkybar Mini Eggs Pouch 100G;null;null;Easter Chocolate & Sweets;Easter Eggs & Treats;2108 kJ 422 kJ 8400 kJ -;5.4;null;null;22.0;null;0.5;0.10;
287025094;Reeses Pieces Peanut Butter Easter Eggs 99g;null;null;Easter Chocolate & Sweets;Easter Eggs & Treats;503;11.1;62.8;null;null;null;null;0.3;
261412316;Thorntons Continental Alpini Treat Individual Easter Egg 36g;£0.50;£1.39/100g;Easter Chocolate & Sweets;Easter Eggs & Treats;null;null;null;null;null;null;null;null;
287233622;Kinnerton Frozen Mealtime Set 45G;null;null;Easter Chocolate & Sweets;Easter Eggs & Treats;2195kJ 494kJ;5.4;null;null;28.6;null;null;0.28;
257058814;Kinder Surprise Eggs 6 Pack 120G;£3.80;£3.17/100g;Easter Chocolate & Sweets;Easter Eggs & Treats;566;8.6;null;null;35.5;null;1;null;
264371887;Lindt Lindor Assorted Mini Eggs 100G;null;null;Easter Chocolate & Sweets;Easter Eggs & Treats;null;null;null;null;null;null;null;null;
282052420;Kinnerton Small Kids Character Milk Chocolate Egg 45G;null;null;Easter Chocolate & Sweets;Easter Eggs & Treats;2195 kJ 494 kJ;5.4;null;null;28.6;null;null;0.28;
276379267;Ferrero Rocher Medium Easter Egg 170g;£6.00;£3.53/100g;Easter Chocolate & Sweets;Easter Eggs & Treats;null;null;null;null;null;null;null;null;
281222428;Lindt Excellence 70% Dark Large Easter Egg 220g;£10.00;£4.55/100g;Easter Chocolate & Sweets;Easter Eggs & Treats;566 ;9.5;null;null;41;null;null;0.10;
281282644;Green & Black's Tasting Collection Giant Easter Egg 525g;£15.00;£2.86/100g;Easter Chocolate & Sweets;Easter Eggs & Treats;2405 kJ 990 kJ 12% 8400 kJ /;9.1;null;null;42.0;null;10.0;0.13;
252344118;Lindt Gold Bunnies and Medium Easter Egg 125g;£6.00;£4.80/100g;Easter Chocolate & Sweets;Easter Eggs & Treats;541 ;6.5;56;null;null;null;null;105m;
281281979;Green & Black's Thick Chocolate Shell Medium Easter Egg 165g;£6.00;£3.64/100g;Easter Chocolate & Sweets;Easter Eggs & Treats;565 ;9.8;null;null;36.0;null;3.0;0.23;
276810523;Elizabeth Shaw Mint Crisp Giant Easter Egg 325g;null;null;Easter Chocolate & Sweets;Easter Eggs & Treats;null;null;null;null;null;null;null;null;
261675014;Lindt Gold Bunny Large Luxury Easter Egg 260g;£12.00;£4.62/100g;Easter Chocolate & Sweets;Easter Eggs & Treats;550 ;7.2;55;null;null;null;null;0.2;
281282080;Green & Black's Dark Chocolate Thick Shell Medium Easter Egg 165g;null;null;Easter Chocolate & Sweets;Easter Eggs & Treats;2405 kJ 990 kJ - 8400 kJ;9.1;null;null;42.0;null;10.0;0.13;
264348789;Green & Black's Mint Thick Shell Medium Easter Egg 165g;£6.00;£3.64/100g;Easter Chocolate & Sweets;Easter Eggs & Treats;2310 kJ 950 kJ - 8400 kJ;8.8;null;null;34.5;null;2.7;0.25;
282052345;Thomas Set Meal Time Set 45G Easter Set;null;null;Easter Chocolate & Sweets;Easter Eggs & Treats;2195 kJ 494 kJ;5.4;null;null;28.6;null;null;0.28;
282185533;Guinness Giant Easter Egg with truffles 360g;£10.00;£2.78/100g;Easter Chocolate & Sweets;Easter Eggs & Treats;500 ;4.9;42.3;null;30.8;null;3.1;null;
281295934;Lindt Excellence Mixed Shell Large Easter Egg 265g;null;null;Easter Chocolate & Sweets;Easter Eggs & Treats;568 ;9.5;null;null;41;null;null;0.10;
276035784;Chokablok Chocolate Extremist Egg Slab 150G;null;null;Easter Chocolate & Sweets;Easter Eggs & Treats;537;7.3;null;49.6;31.4;19.2;2.6;0.3;
263526603;Butlers Giant Easter Egg 411g;£12.00;£2.92/100g;Easter Chocolate & Sweets;Easter Eggs & Treats;null;null;null;null;null;null;null;null;
264340066;Guylian Seashells Chocolates And Chocolate Egg 245G;null;null;Easter Chocolate & Sweets;Easter Eggs & Treats;2295 kJ;7.6;null;null;34;null;null;0.19;
264355256;Ferrero Rocher Large Easter Egg 275g;null;null;Easter Chocolate & Sweets;Easter Eggs & Treats;null;null;null;null;null;null;null;null;
251102418;Elizabeth Shaw Famous Names Large Easter Egg 240g;null;null;Easter Chocolate & Sweets;Easter Eggs & Treats;null;null;null;null;null;null;null;null;
281282039;Green & Black's Mint Thick Shell Medium Easter Egg 165g;£6.00;£3.64/100g;Easter Chocolate & Sweets;Easter Eggs & Treats;2405 kJ 990 kJ - 8400 kJ;9.1;null;null;42.0;null;10.0;0.13;
287024763;Scooby Doo Small Easter Egg and Toy 75g;£5.00;£6.67/100g;Easter Chocolate & Sweets;Easter Eggs & Treats;560;5.4;null;null;36.0;null;3.0;0.1;
250186569;Lindt Lindor Mini Cannister 115G;null;null;Easter Chocolate & Sweets;Easter Eggs & Treats;null;null;null;null;null;null;null;null;
287128393;Lindt Hello Cookies & Cream Shell Giant Easter Egg 314g;£10.00;£3.19/100g;Easter Chocolate & Sweets;Easter Eggs & Treats;557 ;7.2;null;null;36;null;null;0.24;
287230674;Monty Bojangles Berry Bubbly Large Easter Egg 200g;null;null;Easter Chocolate & Sweets;Easter Eggs & Treats;2269 kJ;5.0;null;null;34.7;null;null;0.4;
285898249;Tesco ChokaBlok Banoffee Bonanza Giant Easter Egg 300g;£5.00;£1.67/100g;Easter Chocolate & Sweets;Easter Eggs & Treats;557;6.2;null;48.3;35.1;21.8;2.1;0.2;
287128370;Lindt Lindor Strawberry & Cream Shell Medium Easter Egg 285g;£8.00;£2.81/100g;Easter Chocolate & Sweets;Easter Eggs & Treats;643 ;4.2;null;null;50;null;null;0.15;
259060978;Lindt Lindor Assorted Mini Large Eggs 215G;£8.00;£3.73/100g;Easter Chocolate & Sweets;Easter Eggs & Treats;610 ;5.1;null;null;45;null;null;0.13;
276631694;Lir Hand Decorated White Chocolate Egg 300G;£10.00;£3.34/100g;Easter Chocolate & Sweets;Easter Eggs & Treats;null;5.6;null;null;36.1;null;0.5;0.23;
276004078;Tesco Chokablok Americam Dreamcake Giant Easter Egg 300g;£5.00;£1.67/100g;Easter Chocolate & Sweets;Easter Eggs & Treats;557;6.6;null;49.5;35.4;22.1;2.7;0.2;
286096799;Tesco Chocolate Extremist Small Easter Egg 95g;£3.00;£3.16/100g;Easter Chocolate & Sweets;Easter Eggs & Treats;526;5.5;null;56.1;28.1;17.0;2.7;0.3;
280515896;Tesco ChokaBlock Dreamcake Giant Easter Egg 650g;null;null;Easter Chocolate & Sweets;Easter Eggs & Treats;556;5.9;null;53.3;34.1;21.6;0.8;0.01;
264350411;Lindt Lindor Mini Eggs Egg 322G;£12.00;£3.73/100g;Easter Chocolate & Sweets;Easter Eggs & Treats;633 ;4.8;56;null;49;null;null;0.11;
276387038;Lindt Small Easter Egg and Chick 105g;£4.00;£3.81/100g;Easter Chocolate & Sweets;Easter Eggs & Treats;null;null;null;null;null;null;null;null;
263466754;Lir Baileys Giant Easter Egg & Truffles 360g;null;null;Easter Chocolate & Sweets;Easter Eggs & Treats;578;5.1;null;null;41.6;24.7;1.5;null;
271883564;Tesco ChokaBlok Billionaires Giant Easter Egg 300g;£5.00;£1.67/100g;Easter Chocolate & Sweets;Easter Eggs & Treats;537;6.0;null;52.6;32.2;20.4;1.5;0.2;
282247616;Lir Hand Decorate Milk Chocolate Giant Easter Egg 325g;null;null;Easter Chocolate & Sweets;Easter Eggs & Treats;null;null;null;null;null;null;null;null;
252311808;Lindt Lindor Minis Large Egg 215G;£8.00;£3.73/100g;Easter Chocolate & Sweets;Easter Eggs & Treats;611;5.4;null;null;45;null;null;0.13;
264350584;Lindt Lindor Milk Chocolate Balls and Large Easter Egg 285g;null;null;Easter Chocolate & Sweets;Easter Eggs & Treats;620 ;4.9;null;null;48;null;null;0.15;
287128479;Lindt Lindor Mini Shell Egg 55G;null;null;Easter Chocolate & Sweets;Easter Eggs & Treats;632 ;4.7;null;null;49;null;null;0.21;
287230714;Monty Bojangles Scrumple Nutty Large Easter Egg 200g;null;null;Easter Chocolate & Sweets;Easter Eggs & Treats;2335 kJ;5.3;null;null;36.1;null;null;0.4;
277392871;Lindt Lindor Exclusive Giant Easter Egg 355g;£15.00;£4.23/100g;Easter Chocolate & Sweets;Easter Eggs & Treats;540 ;7.5;56;null;null;null;null;0.23;
271894880;Tesco ChokaBlok Choc Extremist Giant Easter Egg 300g;£5.00;£1.67/100g;Easter Chocolate & Sweets;Easter Eggs & Treats;557;6.6;null;49.5;35.4;22.1;2.7;0.2;
286149611;Tesco Finest Dark Vogue Giant Easter Egg 350g;£10.00;£2.86/100g;Easter Chocolate & Sweets;Easter Eggs & Treats;578;6.9;null;49.4;37.2;22.5;1.9;0.2;
280516132;Tesco Chokablok Excreme Brulee Egg Slab 150G;null;null;Easter Chocolate & Sweets;Easter Eggs & Treats;562;6.3;null;53.8;35.1;21.3;1.2;0.2;
276003943;Tesco ChokaBlok Totally Minted Giant Easter Egg 300g;£5.00;£1.67/100g;Easter Chocolate & Sweets;Easter Eggs & Treats;537;4.7;null;48.6;33.0;19.8;6.2;0.1;
280505188;Tesco ChokaBlok Very Berry Eton Mess Giant Easter Egg 300g;£5.00;£1.67/100g;Easter Chocolate & Sweets;Easter Eggs & Treats;553;5.9;null;54.7;33.5;21.2;0.9;0.2;
276083680;Tesco ChokaBlok King Billionaires Giant Easter Egg 650g;£10.00;£1.54/100g;Easter Chocolate & Sweets;Easter Eggs & Treats;545;6.1;null;53.2;32.7;20.8;1.6;0.2;
286149375;Tesco Finest Belgian Milk Chocolate Bird Medium Easter Egg 165g;null;null;Easter Chocolate & Sweets;Easter Eggs & Treats;581;6.9;null;52.1;37.7;22.9;1.7;0.2;
276055783;Tesco Finest Belgian Milk Chocolate Hand Finished Giant Easter Egg 370g;null;null;Easter Chocolate & Sweets;Easter Eggs & Treats;578;6.3;null;51.3;36.8;21.3;2.3;0.2;
286149450;Tesco Finest Milk Giant Vogue Easter Egg 350g;£10.00;£2.86/100g;Easter Chocolate & Sweets;Easter Eggs & Treats;583;6.3;null;44.0;36.2;21.6;6.5;0.1;
286137504;Tesco Finest Large Medly Easter Egg 285g;£15.00;£5.27/100g;Easter Chocolate & Sweets;Easter Eggs & Treats;566;5.6;null;52.2;34.8;20.9;3.4;0.2;
266732659;Tesco Finest Belgian White Chocolate & Strawberry Small Easter Egg 100g;null;null;Easter Chocolate & Sweets;Easter Eggs & Treats;553;5.6;null;56.3;33.6;20.2;0.5;0.2;
276046713;Tesco Finest Belgian Chocolate Giant Easter Egg 635g;null;null;Easter Chocolate & Sweets;Easter Eggs & Treats;575;6.6;null;51.2;37.1;22.5;2.6;0.2;
285898347;Tesco Finest Belgian Dark Chocolate Small Easter Egg with Ginger 100g;null;null;Easter Chocolate & Sweets;Easter Eggs & Treats;532;4.8;null;46.1;33.5;20.1;7.5;0.1;
286137683;Tesco Finest Egg Coop With Mini Eggs 126G;null;null;Easter Chocolate & Sweets;Easter Eggs & Treats;581;6.2;null;52.2;37.0;22.2;2.7;0.5;
286149438;Tesco Finest Belgian White Chocolate Bird Medium Easter Egg 165g;null;null;Easter Chocolate & Sweets;Easter Eggs & Treats;572;5.5;null;56.1;36.2;22.0;0.5;0.2;
276055103;Tesco Finest Gold Lustre Giant Easter Egg 345g;£10.00;£2.71/100g;Easter Chocolate & Sweets;Easter Eggs & Treats;583;6.3;null;42.1;36.1;22.3;7.0;0.1;
286149415;Tesco Finest Belgian Dark Chocolate Bird Medium Easter Egg 165g;£5.00;£3.04/100g;Easter Chocolate & Sweets;Easter Eggs & Treats;587;6.2;null;43.0;36.3;21.6;7.1;0.1;
286283693;Tesco Chokablok Eggstravaganza Chocolate Bar 150G;null;null;Easter Chocolate & Sweets;Easter Eggs & Treats;542;6.3;null;57.8;31.3;18.9;2.0;0.2;
286283802;Tesco Chokablok Chickablok Milk Chocolate Slab 150G;null;null;Easter Chocolate & Sweets;Easter Eggs & Treats;560;7.1;null;53.7;34.8;21.0;1.8;0.2;
271883386;Tesco ChokaBlok Egg The Rocky Road of Love Giant Easter Egg 300g;£5.00;£1.67/100g;Easter Chocolate & Sweets;Easter Eggs & Treats;536;6.5;null;52.0;31.9;20.1;1.5;0.2;
286133128;Tesco Finest Milk Painters Palette Giant Easter Egg 1KG;null;null;Easter Chocolate & Sweets;Easter Eggs & Treats;581;6.9;null;52.0;37.7;22.8;1.7;0.2;
286096528;Tesco Tichy American Dreamcake Small Easter Egg 95g;null;null;Easter Chocolate & Sweets;Easter Eggs & Treats;531;6.2;null;56.4;30.5;19.0;1.3;0.2;
287218897;Thorntons Brownie Giant Easter Egg 432g;null;null;Easter Chocolate & Sweets;Easter Eggs & Treats;2283 kJ;7.3;null;null;37;null;null;0.20;
287219055;Thorntons Eton Mess Giant Easter Egg 431g;null;null;Easter Chocolate & Sweets;Easter Eggs & Treats;2248 kJ;5.4;null;null;29;null;null;0.18;
264283784;Thorntons Classic Collection Large Easter Egg 220g;£4.00;£1.82/100g;Easter Chocolate & Sweets;Easter Eggs & Treats;2195 kJ;6.0;null;null;30;null;null;0.20;
264285661;Thorntons Classic Collection Large Easter Egg 282g;£10.00;£3.55/100g;Easter Chocolate & Sweets;Easter Eggs & Treats;2194 kJ;5.9;null;null;30;null;null;0.20;
287209050;Thorntons Rocket Medium Easter Egg 145g;null;null;Easter Chocolate & Sweets;Easter Eggs & Treats;2268 kJ;6.9;null;null;32;null;null;0.24;
264286441;Thorntons Miss Flutterby Chocolate Medium Easter Egg 149g;£3.00;£2.02/100g;Easter Chocolate & Sweets;Easter Eggs & Treats;2261 kJ -;6.9;null;null;32;null;null;0.20;
264286736;Thorntons Special Toffee Large Easter Egg 235g;null;null;Easter Chocolate & Sweets;Easter Eggs & Treats;2176 kJ -;5.0;null;null;29;null;null;0.35;
264356451;Cadbury Mini Eggs Medium Easter Egg and Mug 187g;null;null;Easter Chocolate & Sweets;Easter Eggs & Treats;2055 kJ 515 kJ 8400 kJ/;4.7;null;null;21.0;null;1.5;0.20;
286096701;Tesco Tichy Billionaires Dynamite Small Easter Egg 95g;£3.00;£3.16/100g;Easter Chocolate & Sweets;Easter Eggs & Treats;519;5.3;null;58.2;26.0;15.7;1.4;0.4;
264284126;Thorntons Chocolate Football Medium Egg 150g;£3.00;£2.00/100g;Easter Chocolate & Sweets;Easter Eggs & Treats;2268 kJ;6.8;null;null;32;null;null;0.24;
264456701;Thorntons Moment Large Easter Egg 200g;£4.00;£2.00/100g;Easter Chocolate & Sweets;Easter Eggs & Treats;2230 kJ -;6.5;null;null;31;null;null;0.20;
287209539;Thorntons Premium Large Easter Egg 227g;null;null;Easter Chocolate & Sweets;Easter Eggs & Treats;2255 kJ;6.5;null;null;32;null;null;0.22;
281205461;Thorntons Indulgent Dark Large Easter Egg 275g;£10.00;£3.64/100g;Easter Chocolate & Sweets;Easter Eggs & Treats;2327 kJ -;8.3;null;null;40;null;null;0.03;
264356514;Cadbury Creme Eggs Medium Easter Egg and Mug 197g;£3.00;£1.53/100g;Easter Chocolate & Sweets;Easter Eggs & Treats;1835 kJ 211 kJ 3% 8400 kJ/;4.2;null;null;16.5;null;0.4;0.13;
287218989;Thorntons Spring Favourites Giant Easter Egg 385g;£10.00;£2.60/100g;Easter Chocolate & Sweets;Easter Eggs & Treats;2170 kJ;5.7;null;null;29;null;null;0.23;
287209418;Thorntons Caramel Cheesecake Giant Easter Egg 448g;null;null;Easter Chocolate & Sweets;Easter Eggs & Treats;2235 kJ;6.6;null;null;31;null;null;0.24;
287218851;Thorntons Smiles Medium Easter Egg 200g;null;null;Easter Chocolate & Sweets;Easter Eggs & Treats;2269 kJ;6.7;null;null;32;null;null;0.23;
286096678;Tesco Rocky Road of Love Small Easter Egg 95g;null;null;Easter Chocolate & Sweets;Easter Eggs & Treats;519;5.6;null;58.1;26.9;16.2;1.4;0.4;
276700763;Family Guy Small Easter Egg and Mug 75g;null;null;Easter Chocolate & Sweets;Easter Eggs & Treats;560;5.4;null;null;36.0;null;3.0;0.1;
287293973;Princess Small Easter Egg 70g;£1.50;£2.15/100g;Easter Chocolate & Sweets;Easter Eggs & Treats;375;0.7;null;null;0;null;null;0.2;
287295147;Princess Egg And Premium Small Egg 55G;£5.00;£9.10/100g;Easter Chocolate & Sweets;Easter Eggs & Treats;527;6.6;null;null;29.6;null;null;0.1;
271772356;Milkybar Barn Gift Pack 160G;null;null;Easter Chocolate & Sweets;Easter Eggs & Treats;2267kJ 567kJ 8400kJ -;7.5;null;null;31.6;null;0.0;0.41;
281204266;Toffe Crisp Medium Easter Egg and Mug 188g;£3.00;£1.60/100g;Easter Chocolate & Sweets;Easter Eggs & Treats;2250kJ 459kJ 8400kJ -;5.1;null;null;29.5;null;1.4;0.18;
286003951;Tesco Easter Bunny Felt Bags 160G;null;null;Easter Chocolate & Sweets;Easter Eggs & Treats;539;5.5;null;59.6;30.0;18.9;1.8;0.2;
271894868;Nestle Yorkie Medium Easter Egg 192g;null;null;Easter Chocolate & Sweets;Easter Eggs & Treats;2250kJ 459kJ 8400kJ -;5.1;null;null;29.5;null;1.4;0.18;
266737412;Tesco Milk Chocolate Egg Hunt Bag 200G;£2.00;£1.00/100g;Easter Chocolate & Sweets;Easter Eggs & Treats;543;6.4;null;55.1;32.0;18.8;2.8;0.3;
287294937;Princess Bucket 76G;£4.00;£5.27/100g;Easter Chocolate & Sweets;Easter Eggs & Treats;1422kJ 114kJ;5.2;null;null;0;null;null;0.04;
287294572;Minions Bucket 82G;null;null;Easter Chocolate & Sweets;Easter Eggs & Treats;2259kJ 28kJ;4.9;null;null;34;null;null;0.2;
287293898;Minions Small Easter Egg 70g;£1.50;£2.15/100g;Easter Chocolate & Sweets;Easter Eggs & Treats;365;1.3;null;null;0.2;null;null;0;
287061312;Cadbury Mini Egg Plastic 231G;null;null;Easter Chocolate & Sweets;Easter Eggs & Treats;2070 kJ 797 kJ 8400 kJ/;4.6;null;null;21.5;null;1.3;0.20;
286095800;Tesco Basket Of Milk Chocolate Hollow Egg 385G;£5.00;£1.30/100g;Easter Chocolate & Sweets;Easter Eggs & Treats;525;5.6;null;58.0;27.0;16.2;1.8;0.4;
287295049;Minions Egg And Premium Small Egg 55G;£5.00;£9.10/100g;Easter Chocolate & Sweets;Easter Eggs & Treats;527;6.6;null;null;29.6;null;null;0.1;
263333261;Cadbury Easter Egg Trail 229G;£5.00;£2.19/100g;Easter Chocolate & Sweets;Easter Eggs & Treats;2055 kJ 655 kJ 8400 kJ/;4.7;null;null;21;null;1.5;0.20;
281426274;Haribo Easter Hunt Multipack 400G;£2.00;£0.50/100g;Easter Chocolate & Sweets;Easter Eggs & Treats;342 ;6.6;null;null;0.5;null;null;0.03;
281222117;Kinder Egg Hunt Kit 155.8G;£6.00;£3.86/100g;Easter Chocolate & Sweets;Easter Eggs & Treats;null;null;null;null;null;null;null;null;
287220127;Nestle Smarties Easter Egg Hunt 140G;null;null;Easter Chocolate & Sweets;Easter Eggs & Treats;2190kJ 383kJ 8400kJ -;5.0;null;null;27.8;null;1.2;0.22;
271935533;Kitkat Chunky Medium Easter Egg and Mug 196g;null;null;Easter Chocolate & Sweets;Easter Eggs & Treats;2250kJ 459kJ 8400kJ -;5.1;null;null;29.5;null;1.4;0.18;
271772097;Nestle Smarties Farmyard 167.5G;null;null;Easter Chocolate & Sweets;Easter Eggs & Treats;2185kJ 391kJ 8400kJ -;5.0;null;null;27.6;null;1.2;0.22;
286095452;Tesco Milk Chocolate Bunnies Net 85G;£1.00;£1.18/100g;Easter Chocolate & Sweets;Easter Eggs & Treats;466;4.2;null;63.8;19.3;11.4;1.3;0.3;
286095253;Tesco Milk Chocolate Eggs Net 85G;£1.00;£1.18/100g;Easter Chocolate & Sweets;Easter Eggs & Treats;520;5.7;null;58.9;25.9;15.5;1.8;0.4;
286003686;Tesco Princess Egg Carriage Gift Tin 90G;null;null;Easter Chocolate & Sweets;Easter Eggs & Treats;539;5.5;null;59.6;30.0;18.9;1.8;0.2;
286095322;Tesco Milk Choco Soft Centre Chicks Net 85G;£1.00;£1.18/100g;Easter Chocolate & Sweets;Easter Eggs & Treats;472;4.3;null;63.9;19.7;11.9;1.2;0.3;
280502099;Tesco Megga Egg Express Tin 90G;null;null;Easter Chocolate & Sweets;Easter Eggs & Treats;540;5.5;null;59.6;30.0;18.9;1.8;0.2;
286095489;Tesco Milk Chocolate Popping Candy Eggs Net 70G;£1.00;£1.43/100g;Easter Chocolate & Sweets;Easter Eggs & Treats;515;5.5;null;60.1;25.1;15.0;1.7;0.4;
280379405;Tesco Wild Chocolate Animal 120G;null;null;Easter Chocolate & Sweets;Easter Eggs & Treats;564;5.4;null;57.5;34.5;21.5;0.5;0.2;
286004218;Tesco Belgian Milk Chocolate Dinosaur 200G;null;null;Easter Chocolate & Sweets;Easter Eggs & Treats;561;7.0;null;49.8;36.2;21.8;2.2;0.2;
280379181;Tesco Chocolate Animal 250G;£4.00;£1.60/100g;Easter Chocolate & Sweets;Easter Eggs & Treats;540;5.5;null;59.9;30.1;19.0;1.7;0.2;
276142887;Kinder Chocolate 12 Pack 150G;null;null;Easter Chocolate & Sweets;Easter Chocolates & Sweets;null;null;null;null;null;null;null;null;
257058814;Kinder Surprise Eggs 6 Pack 120G;£3.80;£3.17/100g;Easter Chocolate & Sweets;Easter Chocolates & Sweets;566;8.6;null;null;35.5;null;1;null;
287355630;Celebrations Standard Bottle 320G;£4.00;£1.25/100g;Easter Chocolate & Sweets;Easter Chocolates & Sweets;2079kJ 568kJ (7%);5.6;null;null;24.9;null;null;0.39;
287128554;Lindt Little Chick Egg Box 168G;null;null;Easter Chocolate & Sweets;Easter Chocolates & Sweets;587 ;6,4;null;null;40;null;null;0,20;
258761475;Lindt Lindor Filled Individual Easter Egg 28g;£0.50;£1.79/100g;Easter Chocolate & Sweets;Easter Chocolates & Sweets;null;null;null;null;null;null;null;null;
261412316;Thorntons Continental Alpini Treat Individual Easter Egg 36g;£0.50;£1.39/100g;Easter Chocolate & Sweets;Easter Chocolates & Sweets;null;null;null;null;null;null;null;null;
263070686;Cadbury Dairy Milk Egg Heads 77G;£1.00;£1.30/100g;Easter Chocolate & Sweets;Easter Chocolates & Sweets;530 ;7.6;null;null;30.5;null;0.7;0.23;
271773568;Galaxy Bubbles Individual Easter Egg 28g;null;null;Easter Chocolate & Sweets;Easter Chocolates & Sweets;2315kJ 648kJ (8%);6.5;null;null;34.1;null;1.5;null;
263376808;Kinder Schokobon Milky Bites 200G;£2.50;£1.25/100g;Easter Chocolate & Sweets;Easter Chocolates & Sweets;null;null;null;null;null;null;null;null;
276185997;Cadbury Egg 'N' Spoon Double Chocolate 136G;£1.50;£1.11/100g;Easter Chocolate & Sweets;Easter Chocolates & Sweets;2370 kJ 806 kJ - 8400 kJ;4.9;null;null;37.5;null;1.5;0.18;
287219124;Galaxy Caramel Filled Egg 3 Pack 114G;null;null;Easter Chocolate & Sweets;Easter Chocolates & Sweets;2037kJ 774kJ (9%);5.3;null;null;25.2;null;null;0.39;
276186034;Cadbury Egg 'N' Spoon Vanilla 136G;£1.50;£1.11/100g;Easter Chocolate & Sweets;Easter Chocolates & Sweets;2375 kJ 807 kJ - 8400 kJ;7.4;null;null;37;null;0.4;0.25;
267534103;Smarties Milk Chocolate Chicken & Egg 107.5g;null;null;Easter Chocolate & Sweets;Easter Chocolates & Sweets;2185kJ 391kJ 8400kJ -;5.0;null;null;27.6;null;1.2;0.22;
286267396;Tesco Milk Chocolate Heart Lolly 50G;null;null;Easter Chocolate & Sweets;Easter Chocolates & Sweets;520;5.7;null;58.9;25.9;15.5;1.8;0.4;
255028099;Kinder Suprise 3 Pack 60G;£2.00;£3.34/100g;Easter Chocolate & Sweets;Easter Chocolates & Sweets;null;null;null;null;null;null;null;null;
255134883;Cadbury Creme Eggs 12 Pack 475G;null;null;Easter Chocolate & Sweets;Easter Chocolates & Sweets;1860 kJ 744 kJ 8400 kJ/;3.2;null;null;15;null;0.4;0.15;
254332425;Cadbury Caramel Individual Creme Easter Egg;null;null;Easter Chocolate & Sweets;Easter Chocolates & Sweets;2010 kJ 784 kJ 8400 kJ;4.0;null;null;24.5;null;0.4;0.38;
250237084;Cadbury Individual Creme Easter Egg;£0.50;£0.50/each;Easter Chocolate & Sweets;Easter Chocolates & Sweets;1860 kJ 774 kJ 8400 kJ;3.2;null;null;15;null;0.4;0.15;
251104658;Galaxy Caramel Filled Individual Easter Egg 38g;null;null;Easter Chocolate & Sweets;Easter Chocolates & Sweets;2031kJ 772kJ (9%);5.5;null;null;25.3;null;1.3;null;
282094289;Cadbury Biscuits Creme Egg 106G;null;null;Easter Chocolate & Sweets;Easter Chocolates & Sweets;1818 kJ 324 kJ 8400 kJ/;5.0;null;null;20.1;null;1.3;0.4;
281426274;Haribo Easter Hunt Multipack 400G;£2.00;£0.50/100g;Easter Chocolate & Sweets;Easter Chocolates & Sweets;342 ;6.6;null;null;0.5;null;null;0.03;
282073821;Cadbury Dairy Milk Hoppy Bunny Bar 100G;£1.00;£1.00/100g;Easter Chocolate & Sweets;Easter Chocolates & Sweets;2215 kJ 554 kJ 8400 kJ/;7.2;null;null;30;null;0.6;0.25;
267540314;Haribo Jelly Bunnies Handy Pack 50G;£0.50;£1.00/100g;Easter Chocolate & Sweets;Easter Chocolates & Sweets;344 ;6.6;79.0;null;0.2;null;0.3;Trace;
287294572;Minions Bucket 82G;null;null;Easter Chocolate & Sweets;Easter Chocolates & Sweets;2259kJ 28kJ;4.9;null;null;34;null;null;0.2;
286095800;Tesco Basket Of Milk Chocolate Hollow Egg 385G;£5.00;£1.30/100g;Easter Chocolate & Sweets;Easter Chocolates & Sweets;525;5.6;null;58.0;27.0;16.2;1.8;0.4;
276006116;Easter Bunnies And Chicks Mallow Mix 125G;null;null;Easter Chocolate & Sweets;Easter Chocolates & Sweets;314;6.0;null;68.5;0.1;0.1;0.5;0.1;
287221472;Haribo Easter Fun Pre Pack 220G;null;null;Easter Chocolate & Sweets;Easter Chocolates & Sweets;null;null;null;null;null;null;null;null;
281222117;Kinder Egg Hunt Kit 155.8G;£6.00;£3.86/100g;Easter Chocolate & Sweets;Easter Chocolates & Sweets;null;null;null;null;null;null;null;null;
287061390;Bassetts Jelly Babies Bunnies 190G;£1.00;£0.53/100g;Easter Chocolate & Sweets;Easter Chocolates & Sweets;1400 kJ 369 kJ 8400 kJ;3.5;null;null;0;null;null;0.03;
275909714;Haribo Fizzy Farm Animals 215G;£1.00;£0.47/100g;Easter Chocolate & Sweets;Easter Chocolates & Sweets;346 ;6.6;null;null;0.5;null;null;0.03;
287220127;Nestle Smarties Easter Egg Hunt 140G;null;null;Easter Chocolate & Sweets;Easter Chocolates & Sweets;2190kJ 383kJ 8400kJ -;5.0;null;null;27.8;null;1.2;0.22;
287294937;Princess Bucket 76G;£4.00;£5.27/100g;Easter Chocolate & Sweets;Easter Chocolates & Sweets;1422kJ 114kJ;5.2;null;null;0;null;null;0.04;
282099399;Ferrero Rocher Plastic Egg T16 200G;£5.00;£2.50/100g;Easter Chocolate & Sweets;Easter Chocolates & Sweets;null;null;null;null;null;null;null;null;
287219308;Aero Milk Individual Easter Egg 24g;null;null;Easter Chocolate & Sweets;Easter Chocolates & Sweets;541;6.5;null;null;30.8;null;2.2;0.21;
286003951;Tesco Easter Bunny Felt Bags 160G;null;null;Easter Chocolate & Sweets;Easter Chocolates & Sweets;539;5.5;null;59.6;30.0;18.9;1.8;0.2;
275910245;Haribo Twist & Stick 224G;£2.50;£1.12/100g;Easter Chocolate & Sweets;Easter Chocolates & Sweets;null;null;null;null;null;null;null;null;
287061312;Cadbury Mini Egg Plastic 231G;null;null;Easter Chocolate & Sweets;Easter Chocolates & Sweets;2070 kJ 797 kJ 8400 kJ/;4.6;null;null;21.5;null;1.3;0.20;
261413377;Cadbury Easter Chick And Buttons 142G;£3.00;£2.12/100g;Easter Chocolate & Sweets;Easter Chocolates & Sweets;530 ;7.6;null;null;30.5;null;0.7;0.23;
275920129;Haribo Easter Fun Bucket 512G;£4.00;£0.78/100g;Easter Chocolate & Sweets;Easter Chocolates & Sweets;null;null;null;null;null;null;null;null;
276142927;Kinder Easter Lambs 84G (14 X 6G);£5.00;£5.96/100g;Easter Chocolate & Sweets;Easter Chocolates & Sweets;null;null;null;null;null;null;null;null;
254601171;Kinder Surprise Bunnies 3 X 15G;null;null;Easter Chocolate & Sweets;Easter Chocolates & Sweets;null;null;null;null;null;null;null;null;
267760831;Lindt Gold Bunny White 5 Pack 50G;null;null;Easter Chocolate & Sweets;Easter Chocolates & Sweets;null;null;null;null;null;null;null;null;
287221149;Nestle After Eight Bunny 3x20g;null;null;Easter Chocolate & Sweets;Easter Chocolates & Sweets;2318kJ 464kJ 8400kJ -;5.7;null;null;36.0;null;7.4;0.02;
271772356;Milkybar Barn Gift Pack 160G;null;null;Easter Chocolate & Sweets;Easter Chocolates & Sweets;2267kJ 567kJ 8400kJ -;7.5;null;null;31.6;null;0.0;0.41;
287295049;Minions Egg And Premium Small Egg 55G;£5.00;£9.10/100g;Easter Chocolate & Sweets;Easter Chocolates & Sweets;527;6.6;null;null;29.6;null;null;0.1;
281221936;Lindt Medium Carrot Milk 140G;£5.00;£3.58/100g;Easter Chocolate & Sweets;Easter Chocolates & Sweets;559 ;9.0;null;null;37;null;2.5;0.3;
276106614;Lindt Carrot Double Milk 13.5G;£0.50;£3.71/100g;Easter Chocolate & Sweets;Easter Chocolates & Sweets;null;null;null;null;null;null;null;null;
287128312;Lindt Gold Bunny Paw 20G;null;null;Easter Chocolate & Sweets;Easter Chocolates & Sweets;550 ;7.2;null;null;33;null;null;0.20;
264358155;Lindt Gold Bunny 5 Pack 50G;null;null;Easter Chocolate & Sweets;Easter Chocolates & Sweets;570 ;7,4;null;null;37;null;null;0,20;
276106643;Lindt Gold Bunny Canister 100G;£3.50;£3.50/100g;Easter Chocolate & Sweets;Easter Chocolates & Sweets;570 ;7.4;51;null;null;null;null;0.2;
281204894;Kinder Mini Mix 79G;£2.50;£3.17/100g;Easter Chocolate & Sweets;Easter Chocolates & Sweets;null;null;null;null;null;null;null;null;
267540268;Lindt Gold Bunny 10G;null;null;Easter Chocolate & Sweets;Easter Chocolates & Sweets;null;null;null;null;null;null;null;null;
272366605;Malteaster Mini Bunnies 58G;null;null;Easter Chocolate & Sweets;Easter Chocolates & Sweets;2240kJ 260kJ (3%);7.0;null;null;30.4;null;null;0.33;
281203682;Nestle Milkybar Spring Animals 63G;null;null;Easter Chocolate & Sweets;Easter Chocolates & Sweets;2267kJ 476kJ 8400kJ -;7.5;null;null;31.6;null;0.0;0.41;
265926265;Lindt Milk Chocolate Lambs 5 Pack 50G;£2.50;£1.00/100g;Easter Chocolate & Sweets;Easter Chocolates & Sweets;null;null;null;null;null;null;null;null;
287219239;Malteaster Gifting Pack 139G;null;null;Easter Chocolate & Sweets;Easter Chocolates & Sweets;2240kJ 260kJ (3%);7.0;null;null;30.4;null;null;0.33;
264282026;Malteaster Bunny 29G;null;null;Easter Chocolate & Sweets;Easter Chocolates & Sweets;2252kJ 653kJ (8%);7.0;null;null;30.9;null;null;0.36;
276116850;Malteaster Bunny 5 Pack 145G;null;null;Easter Chocolate & Sweets;Easter Chocolates & Sweets;null;6.9;null;null;31.0;null;1.2;0.39;
275998100;Nestle Milkybar White Chocolate Bunny 25G;null;null;Easter Chocolate & Sweets;Easter Chocolates & Sweets;2267kJ 567kJ 8400kJ -;7.5;null;null;31.6;null;0.0;0.41;
271765198;Kinder Mini Figures 90G;null;null;Easter Chocolate & Sweets;Easter Chocolates & Sweets;null;null;null;null;null;null;null;null;
271771870;Nestle Smarties Little Chocolate Chick 21g;null;null;Easter Chocolate & Sweets;Easter Chocolates & Sweets;2196kJ 461kJ 8400kJ -;5.0;null;null;28.1;null;1.2;0.22;
281570793;Reeses Peanut Butter Individual Easter Egg 34g;null;null;Easter Chocolate & Sweets;Easter Chocolates & Sweets;540;12.6;53.7;null;30.6;null;null;1.0;
286188397;Tesco Mothers Day Milk Chocolate Trfls Pillow 110G;null;null;Easter Chocolate & Sweets;Easter Chocolates & Sweets;599;6.9;null;26.4;44.5;28.6;2.7;0.3;
280502099;Tesco Megga Egg Express Tin 90G;null;null;Easter Chocolate & Sweets;Easter Chocolates & Sweets;540;5.5;null;59.6;30.0;18.9;1.8;0.2;
286004218;Tesco Belgian Milk Chocolate Dinosaur 200G;null;null;Easter Chocolate & Sweets;Easter Chocolates & Sweets;561;7.0;null;49.8;36.2;21.8;2.2;0.2;
280379181;Tesco Chocolate Animal 250G;£4.00;£1.60/100g;Easter Chocolate & Sweets;Easter Chocolates & Sweets;540;5.5;null;59.9;30.1;19.0;1.7;0.2;
286095322;Tesco Milk Choco Soft Centre Chicks Net 85G;£1.00;£1.18/100g;Easter Chocolate & Sweets;Easter Chocolates & Sweets;472;4.3;null;63.9;19.7;11.9;1.2;0.3;
286095489;Tesco Milk Chocolate Popping Candy Eggs Net 70G;£1.00;£1.43/100g;Easter Chocolate & Sweets;Easter Chocolates & Sweets;515;5.5;null;60.1;25.1;15.0;1.7;0.4;
287231650;Swizzels Spring Selection Tub 750G;£4.00;£0.53/100g;Easter Chocolate & Sweets;Easter Chocolates & Sweets;null;null;null;null;null;null;null;null;
280378510;Tesco Mallow Lollipops 22G;£0.50;£0.00/g;Easter Chocolate & Sweets;Easter Chocolates & Sweets;370;0.1;null;71.1;0.5;0.3;0.5;0.1;
286004086;Tesco Make Your Own Easter Chocolate Lollipop Kit 100G;null;null;Easter Chocolate & Sweets;Easter Chocolates & Sweets;499;2.9;null;47.6;30.6;28.1;1.8;0.3;
280567183;Tesco Egg Jar Dinosaur Eggs 245G;null;null;Easter Chocolate & Sweets;Easter Chocolates & Sweets;510;4.2;null;58.5;24.1;15.0;1.2;0.1;
286267494;T.Mother's Day Chocolate Message Heart 200G;£2.00;£1.00/100g;Easter Chocolate & Sweets;Easter Chocolates & Sweets;562;7.0;null;50.2;36.2;21.8;2.0;0.2;
287295147;Princess Egg And Premium Small Egg 55G;£5.00;£9.10/100g;Easter Chocolate & Sweets;Easter Chocolates & Sweets;527;6.6;null;null;29.6;null;null;0.1;
286095253;Tesco Milk Chocolate Eggs Net 85G;£1.00;£1.18/100g;Easter Chocolate & Sweets;Easter Chocolates & Sweets;520;5.7;null;58.9;25.9;15.5;1.8;0.4;
286095452;Tesco Milk Chocolate Bunnies Net 85G;£1.00;£1.18/100g;Easter Chocolate & Sweets;Easter Chocolates & Sweets;466;4.2;null;63.8;19.3;11.4;1.3;0.3;
275997959;Nestle Milkybar White Chocolate Cow 70g;null;null;Easter Chocolate & Sweets;Easter Chocolates & Sweets;2267kJ 397kJ 8400kJ -;7.5;null;null;31.6;null;0.0;0.41;
271772097;Nestle Smarties Farmyard 167.5G;null;null;Easter Chocolate & Sweets;Easter Chocolates & Sweets;2185kJ 391kJ 8400kJ -;5.0;null;null;27.6;null;1.2;0.22;
276117019;Nestle Smarties Spring Animal Giftpack 63G;null;null;Easter Chocolate & Sweets;Easter Chocolates & Sweets;2196kJ 461kJ 8400kJ -;5.0;null;null;28.1;null;1.2;0.22;
280567246;Tesco Jelly Snakes And Milk Chocolate Eggs Jar 270G;null;null;Easter Chocolate & Sweets;Easter Chocolates & Sweets;465;4.1;null;63.4;18.0;11.2;1.1;0.1;
281222250;Ferrero Bunny 60G;null;null;Easter Chocolate & Sweets;Easter Chocolates & Sweets;621 ;7.3;40.8;null;46.7;null;3.9;null;
265658720;Kinder Bunny Surprise 75G;null;null;Easter Chocolate & Sweets;Easter Chocolates & Sweets;null;null;null;null;null;null;null;null;
281205305;Thorntons Cupcake Medium Easter Egg 149g;null;null;Easter Chocolate & Sweets;Easter Chocolates & Sweets;2261 kJ;6.9;null;null;32;null;null;0.20;
264330343;Ferrero Rocher Chocolate Bunny 162.5G;£5.00;£3.08/100g;Easter Chocolate & Sweets;Easter Chocolates & Sweets;null;null;null;null;null;null;null;null;
276886127;The Meaningful Chocolate Co Real Medium Easter Egg 150G;null;null;Easter Chocolate & Sweets;Easter Chocolates & Sweets;560;4.5;null;null;35;null;1.9;0.08;
261845954;Lindt Gold Bunny 100G;£2.00;£2.00/100g;Easter Chocolate & Sweets;Easter Chocolates & Sweets;2294 kJ /;7,2;null;55;33;20;null;0,20;
275998342;Thorntons Harry Hop A Lot 25G;null;null;Easter Chocolate & Sweets;Easter Chocolates & Sweets;2389 kJ -;6.1;null;null;38;null;null;0.18;
281866518;The Real Easter Egg Large Milk Chocolate Egg 280G;null;null;Easter Chocolate & Sweets;Easter Chocolates & Sweets;566;6.9;null;null;36.8;null;2.1;0.20;
281901642;Thorntons Harry Hopalot Milk 60G;£2.00;£3.34/100g;Easter Chocolate & Sweets;Easter Chocolates & Sweets;2268 kJ -;6.9;null;null;32;null;null;0.25;
281901466;Thorntons Harry Hopalot White 60G;£2.00;£3.34/100g;Easter Chocolate & Sweets;Easter Chocolates & Sweets;2276 kJ -;5.6;null;null;30;null;null;0.18;
257054162;Lindt Gold Bunny 50G;£1.00;£2.00/100g;Easter Chocolate & Sweets;Easter Chocolates & Sweets;550;7.2;null;null;33;null;null;0.20;
272079346;Thornton's Charlie Chick 250G;£5.00;£2.00/100g;Easter Chocolate & Sweets;Easter Chocolates & Sweets;2268 kJ;6.9;null;null;32;null;null;0.24;
286004161;Tesco Woodland Animal Chocolate Lollipop 35G;null;null;Easter Chocolate & Sweets;Easter Chocolates & Sweets;546;5.1;null;58.9;31.4;19.7;1.5;0.1;
286003686;Tesco Princess Egg Carriage Gift Tin 90G;null;null;Easter Chocolate & Sweets;Easter Chocolates & Sweets;539;5.5;null;59.6;30.0;18.9;1.8;0.2;
263099998;Lindt Dark Chocolate Bunny 200G;£3.00;£1.50/100g;Easter Chocolate & Sweets;Easter Chocolates & Sweets;2328 kJ /;7,9;null;35;39;24;null;0,04;
281901846;Thorntons Harry Hopalot White Medium Egg 151G;null;null;Easter Chocolate & Sweets;Easter Chocolates & Sweets;2276 kJ -;5.5;null;null;30;null;null;0.17;
276142979;Ferrero Rocher Easter Bunny 100G;£3.00;£3.00/100g;Easter Chocolate & Sweets;Easter Chocolates & Sweets;2632/634 kJ/kcal;7;42.8;null;47.5;null;null;0.13;
267562933;Thorntons Harry Hopalot Milk 250G;£5.00;£2.00/100g;Easter Chocolate & Sweets;Easter Chocolates & Sweets;2268 kJ -;6.9;null;null;32;null;null;0.24;
280379405;Tesco Wild Chocolate Animal 120G;null;null;Easter Chocolate & Sweets;Easter Chocolates & Sweets;564;5.4;null;57.5;34.5;21.5;0.5;0.2;
271765371;Cadbury Hollow Bunny 130G;£3.00;£2.31/100g;Easter Chocolate & Sweets;Easter Chocolates & Sweets;530;7.6;null;null;30.0;null;0.7;0.23;
255211498;Lindt Gold Bunny Milk 1Kg;null;null;Easter Chocolate & Sweets;Easter Chocolates & Sweets;550 ;7,2;null;null;33;null;null;0,20;
276143863;Lindt Gold Bunny And Ears 50G;null;null;Easter Chocolate & Sweets;Easter Chocolates & Sweets;550 ;7.2;55;null;null;null;null;0.2;
276082986;Tesco Hollow Bunny 120G;£0.79;£0.66/100g;Easter Chocolate & Sweets;Easter Chocolates & Sweets;544;6.3;null;55.0;32.2;18.8;2.8;0.3;
281222060;Thorntons White Harry Hopalot Model 250G;£5.00;£2.00/100g;Easter Chocolate & Sweets;Easter Chocolates & Sweets;2276 kJ -;5.5;null;null;30;null;null;0.18;
252341588;Lindt White Gold Bunny 200G;£3.00;£1.50/100g;Easter Chocolate & Sweets;Easter Chocolates & Sweets;572 ;7,0;null;null;36;null;null;0,25;
281570833;Reeses Peanut Butter Cup Bunny 141G;£4.00;£2.84/100g;Easter Chocolate & Sweets;Easter Chocolates & Sweets;null;null;null;null;null;null;null;null;
263433806;Lindt Gold Bunny Soft Toy With Gold Bunny 30G;null;null;Easter Chocolate & Sweets;Easter Chocolates & Sweets;570 ;7.4;51;null;null;null;null;0.2;
251095266;Lindt Gold Bunny Milk Chocolate 200G;£3.00;£1.50/100g;Easter Chocolate & Sweets;Easter Chocolates & Sweets;2294 kJ /;7,2;null;null;33;null;null;0,20;
287219683;Nestle After Eight Bunny 100g;null;null;Easter Chocolate & Sweets;Easter Chocolates & Sweets;2318kJ 580kJ 8400kJ -;5.7;null;null;36.0;null;7.4;0.02;
287001393;T.10 Mango Lime And Chilli Min Chicken Skewers 200G;£2.50;£12.50/kg;Frozen Meat & Poultry;Frozen BBQ Meat;180;33.6;null;1.4;4.3;1.0;0.4;1.8;
287040979;Tesco Barbecue Chinese Chicken Thighs 600G;£2.50;£4.17/kg;Frozen Meat & Poultry;Frozen BBQ Meat;233;23.2;null;2.4;14.0;3.8;0.5;0.5;
281785602;Tesco Barbecue 10 Chicken Sweet And Sticky Skewers 180G;£2.50;£13.89/kg;Frozen Meat & Poultry;Frozen BBQ Meat;196;23.0;null;5.7;8.9;2.4;0.5;0.7;
286830138;Tesco Barbecue Piri Piri Chicken Strips 305G;£2.50;£8.20/kg;Frozen Meat & Poultry;Frozen BBQ Meat;144;25.1;null;3.8;2.2;0.7;1.3;1.1;
287040904;Tesco Barbecue Chicken Drumsticks 600G;£2.50;£4.17/kg;Frozen Meat & Poultry;Frozen BBQ Meat;178;25.8;null;2.0;6.9;1.8;1.0;0.6;
286765060;Richmond 28 Thick Pork Sausages 1268G;£3.50;£2.77/kg;Frozen Meat & Poultry;Frozen BBQ Meat;254 ;12;16;null;16;null;null;2.2;
287040864;Tesco Barbecue Sweet Chilli Chicken Drumsticks 600G;£2.50;£4.17/kg;Frozen Meat & Poultry;Frozen BBQ Meat;203;30.2;null;2.0;8.0;2.2;0.5;0.7;
287170632;Tesco 10 Beef Burgers 567G;£2.50;£4.41/kg;Frozen Meat & Poultry;Frozen BBQ Meat;244;20.8;null;0.5;16.1;7.4;0.5;1.0;
287170433;Tesco 4 Caramelised Onion Beef Burgers 454G;£2.00;£4.41/kg;Frozen Meat & Poultry;Frozen BBQ Meat;293;18.9;null;4.0;20.2;9.4;0.7;0.5;
287233573;Walls Quick Cook Sausages 350G;£2.00;£5.72/kg;Frozen Meat & Poultry;Frozen BBQ Meat;1059kJ 741kJ 9% 8400kJ;11;null;null;16;null;null;1.5;
286830599;Tesco Barbecue Chilli Coconut Ginger Mini Chicken Fillets 320G;£2.50;£7.82/kg;Frozen Meat & Poultry;Frozen BBQ Meat;165;30.1;null;5.5;2.3;0.8;1.1;1.1;
286830530;Tesco Barbecue Tandoori Boneless Chicken Thighs 400G;£2.50;£6.25/kg;Frozen Meat & Poultry;Frozen BBQ Meat;222;22.1;null;3.0;12.1;3.2;1.4;0.9;
287170554;Tesco 4 Hot And Spicy Beef Burgers 454G;£2.00;£4.41/kg;Frozen Meat & Poultry;Frozen BBQ Meat;268;17.8;null;1.6;18.4;8.3;1.1;0.6;
287040305;Tesco Hot And Spicy Double Joint Chicken Wings 500G;£2.50;£5.00/kg;Frozen Meat & Poultry;Frozen BBQ Meat;247;21.0;null;3.1;15.2;4.6;0.6;1.3;
286830236;Tesco Barbecue Tex Mex Kebab Selection 360G;£2.50;£6.95/kg;Frozen Meat & Poultry;Frozen BBQ Meat;234;19.8;null;2.7;13.4;4.8;1.2;1.2;
281612140;Tesco Barbecue Pork Ribs Chinese Style 500G;£2.50;£5.00/kg;Frozen Meat & Poultry;Frozen BBQ Meat;312;25.8;null;5.8;19.7;7.5;1.0;1.0;
287418453;Riverway Foods 10 Pork Frozen Sausages 556G;£4.00;£7.20/kg;Frozen Meat & Poultry;Frozen BBQ Meat;1230kJ 1160kJ;13.6;10.8;null;21.9;null;0.5;1.3;
286830294;Tesco Barbecue Lamb Kofta Kebabs 300G;£2.50;£8.34/kg;Frozen Meat & Poultry;Frozen BBQ Meat;224;20.9;null;2.8;12.1;6.2;1.5;0.8;
286830576;Tesco Barbecue Chunky Chicken And Chorizo Skewers 260G;£2.50;£9.62/kg;Frozen Meat & Poultry;Frozen BBQ Meat;183;28.0;null;1.6;6.9;2.4;1.4;1.6;
282243505;Tesco Barbecue 28 Piece Bumper Pack 1.38Kg;£5.00;£3.63/kg;Frozen Meat & Poultry;Frozen BBQ Meat;115;4.3;null;2.2;2.3;0.3;2.8;0.01;
271209264;Bernard Matthews 10 Turkey Dinosaurs 500G;£2.00;£4.00/kg;Frozen Meat & Poultry;Frozen Breaded Poultry;null;12.3;null;1.7;17.8;2.9;2.2;0.8;
271278446;Bernard Matthews 15 Mini Kievs 340G;£2.00;£5.89/kg;Frozen Meat & Poultry;Frozen Breaded Poultry;null;14.2;null;0.6;10.8;3.0;2.4;null;
254591653;Birds Eye 10 Chicken Fingers 250G;£1.35;£5.40/kg;Frozen Meat & Poultry;Frozen Breaded Poultry;null;12.5;null;null;11.7;null;1.0;0.73;
287425801;Birds Eye 12 Wholegrain Chicken Nuggets 250G;£1.99;£7.96/kg;Frozen Meat & Poultry;Frozen Breaded Poultry;null;14.0;null;null;12.0;null;2.2;0.83;
268273486;Birds Eye 2 Crispy Chicken 170G;£1.69;£9.95/kg;Frozen Meat & Poultry;Frozen Breaded Poultry;null;13.4;null;null;13.1;null;1.5;1.1;
268269346;Birds Eye 2 Southern Fried Chicken 180G;£1.69;£9.39/kg;Frozen Meat & Poultry;Frozen Breaded Poultry;null;15.3;null;null;13.3;null;1.2;1.2;
275262579;Birds Eye 2 Reggae Reggae Chicken Chargrills 174G;£1.69;£9.72/kg;Frozen Meat & Poultry;Frozen Breaded Poultry;null;16.8;null;null;10.1;null;0.2;0.83;
268269254;Birds Eye 2 Original Chicken Chargrills 170G;£1.69;£9.95/kg;Frozen Meat & Poultry;Frozen Breaded Poultry;null;17.3;null;null;9.6;null;0.2;0.93;
282486217;Birds Eye 2 Chicken With Garlic And Herb Sauce 240G;£2.50;£10.42/kg;Frozen Meat & Poultry;Frozen Breaded Poultry;null;12.0;null;null;13.0;null;0.6;0.98;
282489992;Bernard Matthews British Turkey Numbers 338G;£2.00;£5.92/kg;Frozen Meat & Poultry;Frozen Breaded Poultry;null;14.3;null;null;16.0;null;2.3;null;
271209420;Bernard Matthews 10 Golden Drummers 500G;£2.00;£4.00/kg;Frozen Meat & Poultry;Frozen Breaded Poultry;null;13.7;null;1.1;13.7;2.4;0.4;0.5;
287196587;Birds Eye 2 Korma Chicken Chargrills 174G;£1.69;£9.72/kg;Frozen Meat & Poultry;Frozen Breaded Poultry;null;16.9;null;null;9.8;null;0.2;0.85;
286816916;Bernard Matthews Cheese Hamwich 340G;£1.50;£4.42/kg;Frozen Meat & Poultry;Frozen Breaded Poultry;null;12.6;null;null;16.3;null;3.0;1.0;
282486160;Birds Eye 2 Chicken With Cheese And Ham Sauce 240G;£2.50;£10.42/kg;Frozen Meat & Poultry;Frozen Breaded Poultry;null;13.0;null;null;12.0;null;0.7;0.99;
264758701;Birds Eye 12 Crispy Chicken Dippers 220G;£1.50;£6.82/kg;Frozen Meat & Poultry;Frozen Breaded Poultry;null;13.1;null;null;12.9;null;0.6;0.98;
278945395;Birds Eye 14 Chicken Space Shapes 350G;£2.00;£5.72/kg;Frozen Meat & Poultry;Frozen Breaded Poultry;null;14.6;null;null;14.9;null;0.8;0.68;
287066396;Birds Eye 32 Chicken Nuggets 630G;£3.00;£4.77/kg;Frozen Meat & Poultry;Frozen Breaded Poultry;null;14.3;null;null;11.9;null;1.0;1.0;
278945372;Birds Eye 2 Peri Peri Chicken Chargrills 174G;£1.69;£9.72/kg;Frozen Meat & Poultry;Frozen Breaded Poultry;null;16.9;null;null;9.5;null;0.2;1.1;
268273784;Birds Eye 2 Hot And Spicy Chicken 190G;£1.69;£9.39/kg;Frozen Meat & Poultry;Frozen Breaded Poultry;null;14.8;null;null;13.9;null;1.0;0.98;
264759314;Birds Eye 24 Crispy Chicken Dippers 440G;£2.00;£4.55/kg;Frozen Meat & Poultry;Frozen Breaded Poultry;null;13.1;null;null;12.9;null;0.6;0.98;
284296531;Birds Eye 4 Sweet Chilli Chicken 360G;£3.25;£9.03/kg;Frozen Meat & Poultry;Frozen Breaded Poultry;null;14.2;null;null;13.0;null;0.8;1.1;
274981023;Birds Eye 4 Chicken Quarter Pounders 454G;£2.00;£4.41/kg;Frozen Meat & Poultry;Frozen Breaded Poultry;null;12.2;null;null;21.2;null;0.5;1.2;
268270931;Birds Eye 4 Crispy Chicken 340G;£3.25;£9.56/kg;Frozen Meat & Poultry;Frozen Breaded Poultry;null;13.4;null;null;13.1;null;1.5;1.1;
282389718;Harry Ramsden's 4 Southern Fried Chicken Steaks 380G;£3.00;£7.90/kg;Frozen Meat & Poultry;Frozen Breaded Poultry;null;12.2;null;null;18.9;null;2.7;0.87;
274857183;Birdseye 2 Sticky Sweet Barbecue Chicken Chargrills 174G;£1.00;£5.75/kg;Frozen Meat & Poultry;Frozen Breaded Poultry;null;16.9;null;null;9.1;null;0.3;0.88;
277490737;Tesco 32 Piece Boneless Chicken Box 635G;£4.00;£6.30/kg;Frozen Meat & Poultry;Frozen Breaded Poultry;257;13.8;null;1.7;15.1;2.1;0.9;1.1;
271024465;Tesco 20 Battered Chicken Dippers 450G;£2.00;£4.45/kg;Frozen Meat & Poultry;Frozen Breaded Poultry;234;13.9;null;1.1;13.0;1.9;1.0;0.9;
287066603;Harry Ramsden's 18 O's And X's 450G;£3.00;£6.67/kg;Frozen Meat & Poultry;Frozen Breaded Poultry;null;12.4;null;null;14.7;null;2.1;1.08;
265043226;Tesco 4 Breaded Chicken Breast Fillets 400G;£2.50;£6.25/kg;Frozen Meat & Poultry;Frozen Breaded Poultry;200;18.7;null;1.0;8.2;1.0;0.5;0.5;
266634142;Tesco 4 Crispy Chicken 380G;£2.00;£5.27/kg;Frozen Meat & Poultry;Frozen Breaded Poultry;182;12.9;null;2.2;9.2;1.6;0.6;0.6;
266359272;Tesco 4 Breaded Chicken 380G;£2.00;£5.27/kg;Frozen Meat & Poultry;Frozen Breaded Poultry;227;14.0;null;1.0;12.3;1.8;0.7;1.0;
265439507;Birds Eye 42 Crispy Chicken Dippers 770G;£4.00;£5.20/kg;Frozen Meat & Poultry;Frozen Breaded Poultry;null;13.1;null;null;12.9;null;0.6;0.98;
266359370;Tesco 4 Garlic Butter Chicken Kievs 500G;£2.50;£5.00/kg;Frozen Meat & Poultry;Frozen Breaded Poultry;270;13.1;null;1.1;17.9;6.5;0;0.5;
277551188;Birdseye 4 Light Crunchy Breaded Chicken 360G;£1.62;£4.50/kg;Frozen Meat & Poultry;Frozen Breaded Poultry;null;15.0;null;null;12.8;null;0.9;0.96;
267708048;Tesco 30 Piece Bumper Chicken Takeout 900G;£5.00;£5.56/kg;Frozen Meat & Poultry;Frozen Breaded Poultry;218;18.5;null;0.3;12.2;1.7;0.6;0.9;
282389661;Harry Ramsden's 4 Crispy Batter Chicken Steaks 360G;£3.00;£8.34/kg;Frozen Meat & Poultry;Frozen Breaded Poultry;null;12.6;null;null;21.1;null;1.7;0.51;
268273179;Birds Eye 4 Southern Fried Chicken 360G;£3.25;£9.03/kg;Frozen Meat & Poultry;Frozen Breaded Poultry;null;15.3;null;null;13.3;null;1.2;1.2;
282389586;Harry Ramsden's 25 Crispy Chicken Dippers 450G;£3.00;£6.67/kg;Frozen Meat & Poultry;Frozen Breaded Poultry;null;11.3;null;null;22.1;null;1.5;0.53;
287196627;Birds Eye Inspirations 2 Chicken Peppercorn 240G;£2.50;£10.42/kg;Frozen Meat & Poultry;Frozen Breaded Poultry;null;13.0;null;null;12.0;null;0.7;1.1;
264758407;Birds Eye 4 Chicken Burgers 200G;£1.45;£7.25/kg;Frozen Meat & Poultry;Frozen Breaded Poultry;null;12.9;null;null;12.4;null;0.9;0.53;
262083718;Tesco 4 Southern Fried Chicken Breast Fillets 400G;£2.50;£6.25/kg;Frozen Meat & Poultry;Frozen Breaded Poultry;191;18.7;null;0.6;7.9;0.8;0.5;0.8;
287040412;Tesco Breaded Chicken Cheese And Ketchup Bites 190G;£1.00;£5.27/kg;Frozen Meat & Poultry;Frozen Breaded Poultry;241;16.3;null;1.6;10.8;1.3;3.3;0.9;
271023178;Tesco Breaded Chicken Nuggets 450G;£2.00;£4.45/kg;Frozen Meat & Poultry;Frozen Breaded Poultry;240;12.5;null;1.8;12.6;1.7;1.1;0.5;
266595596;Tesco Southern Fried Chicken Combo Wings 750G;£3.00;£4.00/kg;Frozen Meat & Poultry;Frozen Breaded Poultry;255;16.5;null;0.4;16.4;2.5;0.1;0.5;
282073026;Tesco Everyday Value 15 Battered Chicken Dippers 340G;£1.00;£2.95/kg;Frozen Meat & Poultry;Frozen Breaded Poultry;203;11.7;null;1.9;10.6;1.5;2.2;0.7;
264322376;Tesco Everyday Value 2 Chicken Kievs 250G;£0.88;£3.52/kg;Frozen Meat & Poultry;Frozen Breaded Poultry;null;null;null;null;null;null;null;null;
264322629;Tesco 4 Garlic Chicken 380G;£2.00;£5.27/kg;Frozen Meat & Poultry;Frozen Breaded Poultry;222;13.8;null;1.4;12.0;1.7;1.0;0.8;
274446940;Tesco Everyday Value Chicken Goujons And Pops 450G;£2.00;£4.45/kg;Frozen Meat & Poultry;Frozen Breaded Poultry;235;12.5;null;2.4;12.8;1.8;1.9;null;
287135009;Tesco Breaded Garlic And Herb Chicken Escalopes 255G;£1.50;£5.89/kg;Frozen Meat & Poultry;Frozen Breaded Poultry;274;13.8;null;1.2;17.0;2.5;0.6;0.7;
266633686;Tesco Breaded Mini Chicken Breast Fillets 300G;£2.00;£6.67/kg;Frozen Meat & Poultry;Frozen Breaded Poultry;210;17.2;null;0.9;8.5;0.8;0.5;0.8;
287040372;Tesco Barbecue Bites 190G;£1.00;£5.27/kg;Frozen Meat & Poultry;Frozen Breaded Poultry;235;15.3;null;1.7;10.1;1.1;3.2;0.7;
266632376;Tesco Southern Fried Chicken Drumsticks And Thighs 680G;£3.00;£4.42/kg;Frozen Meat & Poultry;Frozen Breaded Poultry;243;18.0;null;0.4;15.0;2.4;0.5;0.9;
282073049;Tesco Everyday Value Southern Fried Chicken Pops 270G;£0.95;£3.52/kg;Frozen Meat & Poultry;Frozen Breaded Poultry;286;11.2;null;1.1;18.4;2.7;1.8;1.0;
282073147;Tesco Everyday Value Southern Fried Chicken Sticks 260G;£0.95;£3.66/kg;Frozen Meat & Poultry;Frozen Breaded Poultry;273;11.4;null;1.0;17.0;2.6;1.5;1.0;
287134857;Tesco Battered Tempura Chicken Strips 378G;£2.50;£6.62/kg;Frozen Meat & Poultry;Frozen Breaded Poultry;206;17.2;null;0.6;9.8;1.1;0.7;0.9;
250218182;Tesco 4 Hot And Spicy Chicken 380G;£2.00;£5.27/kg;Frozen Meat & Poultry;Frozen Breaded Poultry;231;13.3;null;2.2;12.1;1.7;1.5;1.0;
264322406;Tesco Everyday Value Chicken Nuggets 320G;£0.72;£2.25/kg;Frozen Meat & Poultry;Frozen Breaded Poultry;235;11.6;null;0.8;12.2;1.5;0.6;0.7;
264322508;Tesco 4 Southern Fried Chicken 380G;£2.00;£5.27/kg;Frozen Meat & Poultry;Frozen Breaded Poultry;223;14.3;null;1.7;13.1;2.1;0;0.9;
287135171;Tesco Breaded Lemon And Chilli Chicken Escalopes 220G;£1.50;£6.82/kg;Frozen Meat & Poultry;Frozen Breaded Poultry;263;12.9;null;2.1;16.1;2.5;1.1;1.0;
252026221;Tesco Everyday Value 8 Breaded Chicken Burgers 456G;£0.97;£2.13/kg;Frozen Meat & Poultry;Frozen Breaded Poultry;249;12.4;null;1.4;14.5;3.5;1.0;0.8;
284556063;Tesco Free From 2 Ham Hock And Cheddar Crisp Bakes 270G;£2.25;£8.34/kg;Frozen Meat & Poultry;Frozen Breaded Poultry;257;13.2;null;1.0;14.4;4.4;1.5;1.2;
281865583;Tesco Free From 20 Chicken Nuggets 400G;£3.50;£8.75/kg;Frozen Meat & Poultry;Frozen Breaded Poultry;271;22.2;null;0.5;12.2;1.4;1.5;0.9;
272201133;Tesco Southern Fried Chicken Pops 190G;£1.00;£5.27/kg;Frozen Meat & Poultry;Frozen Breaded Poultry;274;14.3;null;1.0;12.9;1.3;0.8;1.4;
266633840;Tesco Southern Fried Mini Chicken Breast Fillets 300G;£2.00;£6.67/kg;Frozen Meat & Poultry;Frozen Breaded Poultry;202;17.9;null;1.3;9.2;1.0;0.5;0.5;
281865600;Tesco Free From 4 Breaded Chicken Steaks 380G;£3.75;£9.87/kg;Frozen Meat & Poultry;Frozen Breaded Poultry;259;18.4;null;0.5;11.7;1.4;1.9;0.8;
287503628;Tesco Free From Southern Fried Chicken Fillets 250G;£3.00;£12.00/kg;Frozen Meat & Poultry;Frozen Breaded Poultry;214;23.8;null;0.2;9.2;0.8;0.5;0.8;
264962787;Tesco Ultimate Breaded Chicken Nuggets 400G;£2.50;£6.25/kg;Frozen Meat & Poultry;Frozen Breaded Poultry;238;19.6;null;1.1;9.8;1.4;1.4;0.7;
287247931;Birds Eye 4 Minted Lambgrills 300G;£2.50;£8.34/kg;Frozen Meat & Poultry;Frozen Burgers;null;19.7;null;null;19.6;null;0.3;1.0;
279336204;Birds Eye 4 Beef Grills 340G;£2.50;£7.36/kg;Frozen Meat & Poultry;Frozen Burgers;null;15.8;null;null;25.3;null;0.2;0.90;
277759144;Tesco Finest 2 Aberdeen Angus Beef Burgers 340G;£3.00;£8.83/kg;Frozen Meat & Poultry;Frozen Burgers;285;16.3;null;0.2;24.2;11.1;0.5;0.8;
251980353;Birds Eye 4 Original Beef Quarter Pounders 454G;£2.49;£5.49/kg;Frozen Meat & Poultry;Frozen Burgers;null;14.6;null;null;24.8;null;0.4;0.73;
277759162;Tesco 4 Beef Quarter Pounders 454G;£2.00;£4.41/kg;Frozen Meat & Poultry;Frozen Burgers;305;14.0;null;0.6;26.1;11.0;0.4;0.8;
254750569;Birds Eye 4 Original Beef Burgers 227G;£1.49;£6.57/kg;Frozen Meat & Poultry;Frozen Burgers;null;14.6;null;null;24.8;null;0.4;0.73;
287170433;Tesco 4 Caramelised Onion Beef Burgers 454G;£2.00;£4.41/kg;Frozen Meat & Poultry;Frozen Burgers;293;18.9;null;4.0;20.2;9.4;0.7;0.5;
287170554;Tesco 4 Hot And Spicy Beef Burgers 454G;£2.00;£4.41/kg;Frozen Meat & Poultry;Frozen Burgers;268;17.8;null;1.6;18.4;8.3;1.1;0.6;
279948488;Tesco Free From 4 Beef Quarter Pounders 454G;£2.50;£5.51/kg;Frozen Meat & Poultry;Frozen Burgers;296;17.5;null;0.1;24.6;11.0;0.5;0.8;
277759058;Tesco Everyday Value 8 Beef Burgers 397G;£1.10;£2.78/kg;Frozen Meat & Poultry;Frozen Burgers;283;13.1;null;0.6;22.1;9.6;0.4;0.7;
266545184;Birds Eye Premium 4 Beef Quarter Pounders 454G;£3.29;£7.25/kg;Frozen Meat & Poultry;Frozen Burgers;null;16.5;null;null;28.6;null;0.3;0.65;
277759035;Country Store Aberdeen Angus 4 Quarter Pounders 454G;£2.19;£4.83/kg;Frozen Meat & Poultry;Frozen Burgers;305;27.3;null;0;21.6;10.2;0.7;0.9;
287170632;Tesco 10 Beef Burgers 567G;£2.50;£4.41/kg;Frozen Meat & Poultry;Frozen Burgers;244;20.8;null;0.5;16.1;7.4;0.5;1.0;
272797567;Birds Eye 12 Beef Burgers 680G;£4.20;£6.18/kg;Frozen Meat & Poultry;Frozen Burgers;null;14.6;null;null;24.8;null;0.4;0.73;
286700984;Acre Lane Farmhouse Minced Beef 454G;£2.00;£4.41/kg;Frozen Meat & Poultry;Frozen Meat;739 kJ -;21.37;null;null;10.0;null;0.0;0.2;
286695643;Acre Lane Farmhouse Medium Lamb Leg Joint 1.4Kg;£10.00;£7.15/kg;Frozen Meat & Poultry;Frozen Meat;741 kJ -;19.2;null;null;11.3;null;0;0.3;
287040328;Acre Lane Farmhouse 2 Lamb Shanks In Mint Gravy 750G;£5.75;£7.67/kg;Frozen Meat & Poultry;Frozen Meat;691 kJ 1382 kJ;17.5;null;null;8.8;null;0.5;0.5;
287128168;Tesco 2 Chicken Fillets With Creamy Leek 340G;£2.50;£7.36/kg;Frozen Meat & Poultry;Frozen Meat;145;20.6;null;1.4;6.1;3.4;0;0.5;
287134045;Tesco Chinese Style Pork Mini Ribs 350G;£2.00;£5.72/kg;Frozen Meat & Poultry;Frozen Meat;224;21.1;null;5.4;12.7;4.7;0.8;0.7;
287128001;Tesco Gammon Joint With Honey 550G;£3.00;£5.46/kg;Frozen Meat & Poultry;Frozen Meat;181;27.3;null;5.4;4.7;1.6;0;1.5;
274209904;Tesco Everyday Value Pork Belly Joint 600G;£3.00;£5.00/kg;Frozen Meat & Poultry;Frozen Meat;242;18.5;null;1.6;13.0;4.7;0.3;0.6;
264295983;Tesco Everyday Value Pork Chops 800G;£2.50;£3.13/kg;Frozen Meat & Poultry;Frozen Meat;326;29.9;null;0;22.9;8.1;0;0.3;
273145744;Tesco Everyday Value Lamb Chops 700G;£3.75;£5.36/kg;Frozen Meat & Poultry;Frozen Meat;342;26.9;null;0;26.0;12.4;0;0.3;
287128102;Tesco 2 Chicken Breasts With Tomato And Basil 340G;£2.50;£7.36/kg;Frozen Meat & Poultry;Frozen Meat;114;18.7;null;2.2;2.5;0.5;0.5;0.9;
274544766;Tesco Everyday Value Lamb Leg Joint;£8.84;£5.89/kg;Frozen Meat & Poultry;Frozen Meat;178;19.2;null;0;11.2;4.9;0;0.3;
286715644;Gressingham Duck Legs In Orange Sauce 450G;£2.99;£6.65/kg;Frozen Meat & Poultry;Frozen Meat;201;19.3;null;null;10.0;null;0.6;0.9;
286695992;Tesco Everyday Value Beef And Pork Mince 750G;£2.50;£3.34/kg;Frozen Meat & Poultry;Frozen Meat;null;null;null;null;null;null;null;null;
286695833;Tesco Healthy Living Minced Steak 500G;£3.00;£6.00/kg;Frozen Meat & Poultry;Frozen Meat;null;null;null;null;null;null;null;null;
287127716;Tesco 20 Beef Meatballs 400G;£2.00;£5.00/kg;Frozen Meat & Poultry;Frozen Meat;303;28.1;null;0.5;18.4;8.9;1.6;0.9;
287318122;Bernard Matthews Go Create Turkey Chunks 500G;£3.50;£7.00/kg;Frozen Meat & Poultry;Frozen Meat;null;21.6;null;null;1.0;null;0;1.1;
286715788;Gressingham Shredded Duck And Pancakes 200G;£2.00;£10.00/kg;Frozen Meat & Poultry;Frozen Meat;233;13.6;null;null;4.4;null;2.7;0.9;
260067183;Tesco Casserole Beef 500G;£3.50;£7.00/kg;Frozen Meat & Poultry;Frozen Meat;197;18.9;null;0;13.5;5.8;0;0.2;
287128180;Tesco Buffalo Chicken Wings 500G;£2.00;£4.00/kg;Frozen Meat & Poultry;Frozen Meat;230;23.3;null;2.0;13.7;3.8;0;0.8;
286695378;Acre Lane Farmhouse Small Lamb Leg Joint 750G;£5.00;£6.67/kg;Frozen Meat & Poultry;Frozen Meat;741 kJ -;19.2;null;null;11.3;null;0;0.3;
266738476;Tesco Simply Crispy Half Duck And 12 Pancakes 530G;£5.00;£9.44/kg;Frozen Meat & Poultry;Frozen Meat;256;20.5;null;6.4;10.5;2.6;1.0;1.1;
287133864;Tesco Pork Belly With Apple And Cider Sauce 450G;£3.00;£6.67/kg;Frozen Meat & Poultry;Frozen Meat;244;16.9;null;5.9;16.8;6.0;0.6;0.3;
286701447;Tesco Simply Beef Brisket In Ale Gravy 600G;£5.00;£8.34/kg;Frozen Meat & Poultry;Frozen Meat;213;21.9;null;0.8;13.5;5.8;0.4;0.4;
274447622;Tesco Simply Pork Shoulder In Barbecue Sauce 500G;£3.50;£7.00/kg;Frozen Meat & Poultry;Frozen Meat;165;18.4;null;2.0;7.6;3.1;0.6;0.6;
264295793;Tesco Minced Lamb 20% Fat 500G;£2.75;£5.50/kg;Frozen Meat & Poultry;Frozen Meat;247;16.8;null;0;20.0;9.8;0;0.3;
287230887;Tesco Simply Spicy Barbecue Rack Of Ribs 450G;£3.00;£6.67/kg;Frozen Meat & Poultry;Frozen Meat;191;14.9;null;7.4;10.2;3.3;0.2;0.2;
259077212;Tesco Minced Beef 20% Fat 1Kg;£3.50;£3.50/kg;Frozen Meat & Poultry;Frozen Meat;248;16.9;null;0;20.0;9.2;0;0.3;
268359891;Tesco Simply Roast Pork Loin Joint 900G;£4.00;£4.45/kg;Frozen Meat & Poultry;Frozen Meat;276;26.8;null;0.3;17.7;5.3;0.3;0.5;
267626093;Tesco Simply 2 Gammon Shanks 500G;null;null;Frozen Meat & Poultry;Frozen Meat;152;19.0;null;7.8;4.9;1.8;0.5;2.0;
287133962;Tesco Salt And Chilli Pork Rib Rack 450G;£3.00;£6.67/kg;Frozen Meat & Poultry;Frozen Meat;230;21.8;null;7.4;11.3;4.1;0;1.9;
260067183;Tesco Casserole Beef 500G;£3.50;£7.00/kg;Frozen Meat & Poultry;Frozen Meat & Poultry Simply Range;197;18.9;null;0;13.5;5.8;0;0.2;
264295793;Tesco Minced Lamb 20% Fat 500G;£2.75;£5.50/kg;Frozen Meat & Poultry;Frozen Meat & Poultry Simply Range;247;16.8;null;0;20.0;9.8;0;0.3;
272866296;Tesco Simply Chicken Breast Joint And Stuffing 800G;£4.50;£5.63/kg;Frozen Meat & Poultry;Frozen Meat & Poultry Simply Range;133;18.2;null;1.0;5.4;1.0;1.2;0.9;
272866077;Tesco Simply Chicken Breast Joint 800G;£4.50;£5.63/kg;Frozen Meat & Poultry;Frozen Meat & Poultry Simply Range;156;25.9;null;0;5.8;1.6;0.2;0.6;
258077908;Tesco Chicken Thighs 1Kg;£2.50;£2.50/kg;Frozen Meat & Poultry;Frozen Meat & Poultry Simply Range;217;16.9;null;0.1;16.2;4.5;0.5;0.2;
266738476;Tesco Simply Crispy Half Duck And 12 Pancakes 530G;£5.00;£9.44/kg;Frozen Meat & Poultry;Frozen Meat & Poultry Simply Range;256;20.5;null;6.4;10.5;2.6;1.0;1.1;
279513801;Tesco Simply Lamb Wellington 600G;£5.50;£9.17/kg;Frozen Meat & Poultry;Frozen Meat & Poultry Simply Range;259;9.9;null;2.2;12.9;5.7;2.0;1.2;
267626093;Tesco Simply 2 Gammon Shanks 500G;null;null;Frozen Meat & Poultry;Frozen Meat & Poultry Simply Range;152;19.0;null;7.8;4.9;1.8;0.5;2.0;
259077212;Tesco Minced Beef 20% Fat 1Kg;£3.50;£3.50/kg;Frozen Meat & Poultry;Frozen Meat & Poultry Simply Range;248;16.9;null;0;20.0;9.2;0;0.3;
268359891;Tesco Simply Roast Pork Loin Joint 900G;£4.00;£4.45/kg;Frozen Meat & Poultry;Frozen Meat & Poultry Simply Range;276;26.8;null;0.3;17.7;5.3;0.3;0.5;
276476682;Banham Poultry Chicken Livers 225G;£0.50;£2.23/kg;Frozen Meat & Poultry;Frozen Poultry;475kj 885kj;17.7;null;null;4.7;null;0.0;null;
268764026;Lakeland Cooked Chicken Breast Strips 340G;£2.00;£5.89/kg;Frozen Meat & Poultry;Frozen Poultry;116;23.7;null;null;1.7;null;0.0;0.78;
286693602;Tesco Chicken Breast Fillets 500G;£2.00;£4.00/kg;Frozen Meat & Poultry;Frozen Poultry;null;null;null;null;null;null;null;null;
271050237;Alyn Valley Chicken Breast Fillets 600G;£2.75;£4.59/kg;Frozen Meat & Poultry;Frozen Poultry;null;20.0;null;null;2.0;null;Trace;0.8;
266602226;Turkey Breast Roast 450G;£2.50;£5.56/kg;Frozen Meat & Poultry;Frozen Poultry;null;18.6;1.0;null;5.1;null;0.0;null;
286693392;Tesco 4 Cook From Frozen Chicken Breast Fillets 400G;£2.00;£5.00/kg;Frozen Meat & Poultry;Frozen Poultry;129;27.9;null;0.1;1.8;0.6;0.4;0.4;
272866296;Tesco Simply Chicken Breast Joint And Stuffing 800G;£4.50;£5.63/kg;Frozen Meat & Poultry;Frozen Poultry;133;18.2;null;1.0;5.4;1.0;1.2;0.9;
279570686;Tesco Simply Garlic And Herb Chicken Breast Joint 560G;£3.50;£6.25/kg;Frozen Meat & Poultry;Frozen Poultry;162;19.6;null;1.8;8.1;3.0;1.6;1.5;
258077908;Tesco Chicken Thighs 1Kg;£2.50;£2.50/kg;Frozen Meat & Poultry;Frozen Poultry;217;16.9;null;0.1;16.2;4.5;0.5;0.2;
272866077;Tesco Simply Chicken Breast Joint 800G;£4.50;£5.63/kg;Frozen Meat & Poultry;Frozen Poultry;156;25.9;null;0;5.8;1.6;0.2;0.6;
280485924;Azeem Halal Chicken Breast Fillets 1Kg;£5.00;£0.50/100g;Frozen Meat & Poultry;Frozen Poultry;94 ;20.0;null;null;1.4;null;null;1.2;
259192841;Tesco Everyday Value Chicken Portions 2Kg;£3.50;£1.75/kg;Frozen Meat & Poultry;Frozen Poultry;233;21.9;null;0.1;15.9;4.5;0.5;0.3;
287128053;Tesco Everyday Value Basted Chicken Joint 500G;£2.99;£5.98/kg;Frozen Meat & Poultry;Frozen Poultry;167;26.1;null;0.5;6.5;1.5;0.5;0.5;
286692122;Tesco 100% Chicken Breast Fillets 700G;£3.99;£5.70/kg;Frozen Meat & Poultry;Frozen Poultry;null;null;null;null;null;null;null;null;
281935092;Tesco Everyday Value Diced Chicken Breast 850G;£3.99;£4.70/kg;Frozen Meat & Poultry;Frozen Poultry;179;36.7;null;0.4;3.3;1.1;0.2;1.5;
258465837;Tesco Everyday Value Chicken Breast Fillets 1Kg;£3.85;£3.85/kg;Frozen Meat & Poultry;Frozen Poultry;100;19.0;null;0.9;2.0;0.5;1.0;null;
287186271;Tesco Everyday Value Chicken Wings 1.5 Kilograms;£2.50;£1.67/kg;Frozen Meat & Poultry;Frozen Poultry;128;13.5;null;0;8.2;2.3;0;0.1;
287186305;Tesco Chickenlegs 1.5Kg;£2.75;£1.84/kg;Frozen Meat & Poultry;Frozen Poultry;121;20.7;null;0;4.2;1.1;0;0.2;
285027204;Lakeland Cooked Diced Chicken Breast 340G;£2.00;£5.89/kg;Frozen Meat & Poultry;Frozen Poultry;116;23.7;null;null;1.7;null;0.0;0.8;
287418453;Riverway Foods 10 Pork Frozen Sausages 556G;£4.00;£7.20/kg;Frozen Meat & Poultry;Frozen Sausages;1230kJ 1160kJ;13.6;10.8;null;21.9;null;0.5;1.3;
280555822;Tesco Everyday Value 20 Pork Sausages 1Kg;£1.50;£1.50/kg;Frozen Meat & Poultry;Frozen Sausages;216;14.2;null;0.4;10.7;3.6;2.0;1.3;
274438368;Tesco 20 Thick Pork And Beef Sausages 900G;£2.50;£2.78/kg;Frozen Meat & Poultry;Frozen Sausages;228;14.1;null;0.7;14.1;5.0;1.7;1.2;
277599621;Walls 12 Thick Pork Sausages 500G;£1.99;£3.98/kg;Frozen Meat & Poultry;Frozen Sausages;268 ;13.1;null;null;18.3;null;1.8;null;
274437945;Tesco 20 Thick Irish Recipe Sausages 900G;£2.50;£2.78/kg;Frozen Meat & Poultry;Frozen Sausages;242;13.4;null;3.1;17.1;6.1;1.8;1.1;
254779271;Richmond 16 Thick Irish Recipe Sausages 725G;£2.00;£2.76/kg;Frozen Meat & Poultry;Frozen Sausages;254 ;12;16;null;16;null;null;2.2;
259061017;Richmond 18 Skinless Sausages 479G;£2.00;£4.18/kg;Frozen Meat & Poultry;Frozen Sausages;288;10.3;null;null;22.3;null;1.4;null;
287233573;Walls Quick Cook Sausages 350G;£2.00;£5.72/kg;Frozen Meat & Poultry;Frozen Sausages;1059kJ 741kJ 9% 8400kJ;11;null;null;16;null;null;1.5;
263742560;Tesco Butcher's Choice 12 Cumberland Sausages 600G;£2.50;£4.17/kg;Frozen Meat & Poultry;Frozen Sausages;277;14.3;null;1.1;22.5;7.7;2.0;1.3;
263742358;Tesco Butcher's Choice 12 Lincolnshire Sausages 600G;£2.50;£4.17/kg;Frozen Meat & Poultry;Frozen Sausages;231;14.3;null;2.4;15.9;6.0;1.0;1.3;
267244423;Tesco Free From 8 Thick Pork Sausages 454G;£2.00;£4.41/kg;Frozen Meat & Poultry;Frozen Sausages;298;13.0;null;0.3;23.4;9.9;null;1.2;
286765060;Richmond 28 Thick Pork Sausages 1268G;£3.50;£2.77/kg;Frozen Meat & Poultry;Frozen Sausages;254 ;12;16;null;16;null;null;2.2;
268049895;Tesco Butcher's Choice 12 Pork Sausages 600G;£2.50;£4.17/kg;Frozen Meat & Poultry;Frozen Sausages;228;15.2;null;0.4;14.7;5.1;1.8;1.5;
274438535;Tesco 20 Thick Pork Sausages 900G;£2.50;£2.78/kg;Frozen Meat & Poultry;Frozen Sausages;233;13.8;null;0.7;15.1;5.3;1.5;1.2;
282244061;Tesco 3 Mango Passion Fruit Frozen Yoghurt Lollies 270Ml;£2.00;£0.74/100ml;Ice Cream & Frozen Yoghurt;Frozen Yoghurt;129;2.2;null;22.3;2.2;1.4;0.7;0.1;
276547472;Tesco Frozen Yoghurt Mixed Berry 500Ml;£2.20;£0.44/100ml;Ice Cream & Frozen Yoghurt;Frozen Yoghurt;115;3.0;null;15.7;1.2;0.7;1.1;0.2;
287168682;Snog Passion Fruit Frozen Yoghurt 450Ml;£3.99;£0.89/100ml;Ice Cream & Frozen Yoghurt;Frozen Yoghurt;724kJ 420kJ -;27;null;null;5.6;null;null;0.13;
276547253;Tesco Frozen Yoghurt Mango And Passion Fruit 500Ml;£2.20;£0.44/100ml;Ice Cream & Frozen Yoghurt;Frozen Yoghurt;115;2.9;null;15.6;1.1;0.7;0.9;0.2;
282693041;Yoomoo Strawberry Frozen Yoghurt 500Ml;£2.00;£0.40/100ml;Ice Cream & Frozen Yoghurt;Frozen Yoghurt;603kJ 503kJ 8400kJ -;2.7;null;null;1.3;null;3.5;0.1;
287168834;Snog Strawberry And Raspberry Frozen Yoghurt 450Ml;£3.99;£0.89/100ml;Ice Cream & Frozen Yoghurt;Frozen Yoghurt;718kJ 416kJ -;2.7;null;null;5.6;null;null;0.13;
286816522;Yoomoo Yoghurt Lollies 6 X 55Ml;£2.00;£0.61/100ml;Ice Cream & Frozen Yoghurt;Frozen Yoghurt;547kJ 312kJ 8400kJ 4%;2.8;null;18.7;1.4;0.8;0.5;0.2;
282693104;Yoomoo Vanilla Frozen Yoghurt 500Ml;£2.00;£0.40/100ml;Ice Cream & Frozen Yoghurt;Frozen Yoghurt;524kJ 400kJ 8400kJ -;2.6;null;null;1.2;null;4.0;0.1;
282725615;Ben & Jerry Greek Style Vanilla Honey Caramel Frozen Yoghurt 500Ml;£4.99;£1.00/100ml;Ice Cream & Frozen Yoghurt;Frozen Yoghurt;820 kJ 690 kJ -;4;null;null;7;null;null;0.17;
287168460;Ben & Jerry Greek Style Blueberry Cheesecake Frozen Yoghurt 500Ml;£4.99;£1.00/100ml;Ice Cream & Frozen Yoghurt;Frozen Yoghurt;923 kJ 768 kJ -;3.6;null;null;8.6;null;null;0.2;
282244084;Tesco 3 Mixed Berry Frozen Yoghurt Lollies 270Ml;£2.00;£0.74/100ml;Ice Cream & Frozen Yoghurt;Frozen Yoghurt;117;2.2;null;19.8;2.3;1.4;0.7;0.1;
282743962;Ben & Jerry Greek Style Strawberry Shortcakes Frozen Yoghurt 500Ml;£4.99;£1.00/100ml;Ice Cream & Frozen Yoghurt;Frozen Yoghurt;800 kJ 680 kJ -;3.5;null;null;7;null;null;0.14;
264524650;Snickers Ice Cream 6 X 53Ml;£2.00;£0.63/100ml;Ice Cream & Frozen Yoghurt;Ice Cream Bars, Cones & Sandwiches;1409kJ 747kJ (9%);6.5;null;null;19.6;null;null;0.24;
279906930;Cornetto Mint Ice Cream Cone 4 X 90Ml;£2.00;£0.56/100ml;Ice Cream & Frozen Yoghurt;Ice Cream Bars, Cones & Sandwiches;1182 kJ 741 kJ 709 kJ -;3.4;37;null;14;null;null;0.24;
268039158;Tesco Everyday Value 8 Chocolate Ices 456Ml;£0.70;£0.15/100ml;Ice Cream & Frozen Yoghurt;Ice Cream Bars, Cones & Sandwiches;276;3.3;null;26.4;17.3;14.5;0.6;0.3;
282692727;Cadbury Dairy Milk Buttons Ice Cream Cones 4 X 100Ml;£2.50;£0.63/100ml;Ice Cream & Frozen Yoghurt;Ice Cream Bars, Cones & Sandwiches;165 ;2.0;null;null;8.5;null;0.6;0.13;
287169312;Cornetto Peanut Butter 4 X 90Ml;£2.99;£0.83/100ml;Ice Cream & Frozen Yoghurt;Ice Cream Bars, Cones & Sandwiches;1380 kJ 909 kJ 828 kJ -;3,3;null;null;21;null;null;0,28;
268040017;Tesco 8 Milk Chocolate Ices 560Ml;£1.00;£0.18/100ml;Ice Cream & Frozen Yoghurt;Ice Cream Bars, Cones & Sandwiches;314;3.3;null;21.9;23.3;20.1;0.1;0.1;
268039573;Tesco 8 Dark Chocolate Ices 560Ml;£1.00;£0.18/100ml;Ice Cream & Frozen Yoghurt;Ice Cream Bars, Cones & Sandwiches;305;3.5;null;23.9;19.9;17.1;0.1;0.2;
276993599;Cornetto Strawberry Ice Cream Cone 4 X 90Ml;£2.00;£0.56/100ml;Ice Cream & Frozen Yoghurt;Ice Cream Bars, Cones & Sandwiches;1071 kJ 713 kJ 643 kJ -;2.5;42;null;9.3;null;null;0.21;
287187152;Nestle Smarties Cone 70Ml;£2.49;£3.56/100ml;Ice Cream & Frozen Yoghurt;Ice Cream Bars, Cones & Sandwiches;1232kJ 709kJ 497kJ 8400kJ -;3.7;null;null;11.6;null;0.8;0.12;
251821479;Cadbury Flake 99 Cones 4 X 125Ml;£2.50;£0.50/100ml;Ice Cream & Frozen Yoghurt;Ice Cream Bars, Cones & Sandwiches;195 ;3.0;null;null;9.7;null;null;null;
277438144;Tesco 4 Cookies And Cream Cones 440Ml;£1.00;£0.23/100ml;Ice Cream & Frozen Yoghurt;Ice Cream Bars, Cones & Sandwiches;285;4.2;null;23.9;10.5;7.9;1.0;0.1;
276977515;Cornetto Classico Ice Cream Cone 4 X 90Ml;£2.00;£0.56/100ml;Ice Cream & Frozen Yoghurt;Ice Cream Bars, Cones & Sandwiches;1201 kJ 800 kJ 721 kJ -;3;31;null;17;null;null;0,2;
282243989;Tesco 4 Fudge And Clotted Cream Cones 440Ml;£1.50;£0.34/100ml;Ice Cream & Frozen Yoghurt;Ice Cream Bars, Cones & Sandwiches;314;3.7;null;27.2;14.3;10.6;0.6;0.2;
282693375;Cadbury Crunchie Ice Cream Minis 8 X 25Ml;£2.49;£1.25/100ml;Ice Cream & Frozen Yoghurt;Ice Cream Bars, Cones & Sandwiches;280 ;2.8;null;null;16.8;null;0.8;0.2;
277161154;Oreo Cones 4 X 100Ml;£2.00;£0.50/100ml;Ice Cream & Frozen Yoghurt;Ice Cream Bars, Cones & Sandwiches;200;3.0;null;null;8.7;null;0.9;0.28;
281947446;Tesco 4 Chocolate And Nut Cones 440Ml;£1.00;£0.23/100ml;Ice Cream & Frozen Yoghurt;Ice Cream Bars, Cones & Sandwiches;285;3.9;null;26.0;11.9;8.3;1.2;0.1;
287169390;Cornetto Cookie Dream 4 X 90Ml;£2.99;£0.83/100ml;Ice Cream & Frozen Yoghurt;Ice Cream Bars, Cones & Sandwiches;1379 kJ 919 kJ 827 kJ -;4;38;null;18;null;null;0,28;
282776151;Cadbury Dairy Milk Ice Cream Minis 8 X 25Ml;£2.49;£1.25/100ml;Ice Cream & Frozen Yoghurt;Ice Cream Bars, Cones & Sandwiches;295 ;2.9;null;null;17.6;null;0.9;0.15;
264524834;Mars Ice Cream 6 X 51Ml;£2.00;£0.65/100ml;Ice Cream & Frozen Yoghurt;Ice Cream Bars, Cones & Sandwiches;1148kJ 585kJ (7%);3.4;null;null;15.0;null;null;0.20;
282692742;Nestle Kit Kat Ice Cream Cones 4 X 125Ml;£1.50;£0.30/100ml;Ice Cream & Frozen Yoghurt;Ice Cream Bars, Cones & Sandwiches;964kJ 672kJ 841kJ 8400kJ -;2.8;null;null;10.2;null;0.7;0.17;
274391963;Tesco Everyday Value 4 Vanilla And Chocolate Cones 400Ml;£0.75;£0.19/100ml;Ice Cream & Frozen Yoghurt;Ice Cream Bars, Cones & Sandwiches;285;3.8;null;23.6;12.4;10.4;1.3;0.1;
281512828;Cadbury 8 Creme Egg Minis 200Ml;£2.00;£1.00/100ml;Ice Cream & Frozen Yoghurt;Ice Cream Bars, Cones & Sandwiches;290 ;2.8;null;null;16.4;null;0.8;0.12;
277115999;Snickers 10 Mini Ice Cream 248Ml;£3.49;£1.41/100ml;Ice Cream & Frozen Yoghurt;Ice Cream Bars, Cones & Sandwiches;1426kJ 354kJ (4%);6.4;null;null;20.0;null;null;0.23;
287569757;Nestle Maxibon Sandwich 3 Pack 300Ml;£2.00;£0.67/100ml;Ice Cream & Frozen Yoghurt;Ice Cream Bars, Cones & Sandwiches;1321 kJ 820 kJ 820kJ 8400 -;3.8;null;null;17.1;null;1.2;0.18;
268172926;Tesco 8 Neapolitan Chocolate Sandwiches 720Ml;£2.00;£0.28/100ml;Ice Cream & Frozen Yoghurt;Ice Cream Bars, Cones & Sandwiches;266;3.2;null;21.2;15.9;13.8;1.2;0.2;
287168546;Tesco Free From 4 Strawberry And Vanilla Cones 480Ml;£2.00;£0.42/100ml;Ice Cream & Frozen Yoghurt;Ice Cream Bars, Cones & Sandwiches;287;2.6;null;25.8;12.5;11.1;2.3;0.2;
276781907;Tesco 4 Toffee And Vanilla Cones 440Ml;£1.00;£0.23/100ml;Ice Cream & Frozen Yoghurt;Ice Cream Bars, Cones & Sandwiches;301;3.2;null;29.2;13.9;11.0;1.0;0.2;
282692932;Oreo Ice Cream Sandwich 6 X 55Ml;£2.99;£0.91/100ml;Ice Cream & Frozen Yoghurt;Ice Cream Bars, Cones & Sandwiches;200 ;3.5;null;null;7.6;null;0.5;0.09;
276781533;Tesco 4 Mint And Chocolate Cones 440Ml;£1.00;£0.23/100ml;Ice Cream & Frozen Yoghurt;Ice Cream Bars, Cones & Sandwiches;279;3.4;null;27.9;10.5;8.0;1.1;0.1;
285026931;Tesco 4 Hazelnut And Chocolate Ice Cream Cones 440Ml;£1.50;£0.34/100ml;Ice Cream & Frozen Yoghurt;Ice Cream Bars, Cones & Sandwiches;300;3.9;null;24.4;13.1;7.1;1.4;0.1;
287106488;Tesco Chocolate And Strawberry Mini Cones 10 X 30Ml;£2.00;£0.67/100ml;Ice Cream & Frozen Yoghurt;Ice Cream Bars, Cones & Sandwiches;335;4.2;null;19.5;15.7;10.6;2.1;0.2;
277115884;Mars 10 Mini Ice Cream 254Ml;£3.49;£1.38/100ml;Ice Cream & Frozen Yoghurt;Ice Cream Bars, Cones & Sandwiches;1225 kJ/ 311 kJ/;3.5;null;null;16.2;null;0.9;null;
276782843;Tesco 4 Strawberry And Vanilla Cones 440Ml;£1.00;£0.23/100ml;Ice Cream & Frozen Yoghurt;Ice Cream Bars, Cones & Sandwiches;261;3.2;null;24.8;9.9;7.9;0.9;0.1;
287174392;Magnum Almond Ice Cream 4 X 110Ml;£3.35;£0.76/100ml;Ice Cream & Frozen Yoghurt;Indulgent Ice Cream Chocolate Sticks;1384 kJ 1032 kJ 1135 kJ -;5;null;null;21;null;null;0.15;
258813547;Cadbury Crunchie Blast 3 X 100Ml;£1.50;£0.50/100ml;Ice Cream & Frozen Yoghurt;Indulgent Ice Cream Chocolate Sticks;225 ;2.8;null;null;13.3;null;0.4;0.11;
251114395;Magnum Mini Classic Almond White Ice Cream 6 X 60Ml;£2.00;£0.56/100ml;Ice Cream & Frozen Yoghurt;Indulgent Ice Cream Chocolate Sticks;1386 kJ 1155 kJ 693 kJ -;4,1;null;null;20;null;null;0,22;
287174302;Magnum Caramel Ice Cream 4 X 110Ml;£3.35;£0.76/100ml;Ice Cream & Frozen Yoghurt;Indulgent Ice Cream Chocolate Sticks;1230 kJ 951 kJ 1046 kJ -;3.5;32;null;17;null;null;0.18;
287175059;Magnum Mini Pink Raspberry Black Espresso 6X60ml;£3.89;£1.09/100ml;Ice Cream & Frozen Yoghurt;Indulgent Ice Cream Chocolate Sticks;1329 kJ 1107 kJ 665 kJ -;3,7;29;null;21;null;null;0,06;
287174043;Magnum Black Espresso Ice Cream 3 X 100Ml;£3.35;£1.12/100ml;Ice Cream & Frozen Yoghurt;Indulgent Ice Cream Chocolate Sticks;1208 kJ 991 kJ -;3,4;null;null;19;null;null;0,07;
282621087;Tesco Caramella 3 x 90ml;£1.00;£0.37/100ml;Ice Cream & Frozen Yoghurt;Indulgent Ice Cream Chocolate Sticks;354;3.1;null;33.5;22.2;14.7;0.3;0.3;
282623557;Tesco 3 Belgian Milk Chocolate Ice Creams 300Ml;£1.00;£0.33/100ml;Ice Cream & Frozen Yoghurt;Indulgent Ice Cream Chocolate Sticks;329;3.1;null;27.8;20.2;14.6;3.6;0.2;
274109038;Magnum Mania Ice Cream 8S 880Ml;£5.00;£0.57/100ml;Ice Cream & Frozen Yoghurt;Indulgent Ice Cream Chocolate Sticks;1399 kJ 1259 kJ 1385 kJ -;3,4;35;null;20;null;null;0,2;
282623436;Tesco 3 Belgian Chocolate And Mint Ice Creams 270Ml;£1.00;£0.37/100ml;Ice Cream & Frozen Yoghurt;Indulgent Ice Cream Chocolate Sticks;351;3.7;null;29.1;22.0;15.7;4.9;0.2;
287174878;Magnum Pink Raspberry Ice Cream 3 X 100Ml;£3.35;£1.12/100ml;Ice Cream & Frozen Yoghurt;Indulgent Ice Cream Chocolate Sticks;1346 kJ 1158 kJ -;2,9;null;null;21;null;null;0,09;
282623839;Tesco 3 Belgian White Chocolate Ice Creams 3 X 100Ml;£1.00;£0.33/100ml;Ice Cream & Frozen Yoghurt;Indulgent Ice Cream Chocolate Sticks;351;3.3;null;26.1;23.2;16.5;1.3;0.2;
287174734;Magnum Classic Ice Cream 4 X 110Ml;£3.35;£0.76/100ml;Ice Cream & Frozen Yoghurt;Indulgent Ice Cream Chocolate Sticks;1289 kJ 926 kJ 1018 kJ -;3.6;null;null;19;null;null;0.13;
260928236;Magnum Mint Ice Cream 4 X 110Ml;£3.35;£0.76/100ml;Ice Cream & Frozen Yoghurt;Indulgent Ice Cream Chocolate Sticks;1255 kJ 1004 kJ 1104 kJ -;3,2;32;null;18;null;null;0,11;
282776102;Cadbury Dairy Milk And Caramel Ice Cream Minis 6 X 50Ml;£3.49;£1.17/100ml;Ice Cream & Frozen Yoghurt;Indulgent Ice Cream Chocolate Sticks;250 ;3.0;null;null;14.4;null;0.5;0.13;
282373452;Tesco 6 Mini Caramel Dairy Ice Creams 300Ml;£2.99;£1.00/100ml;Ice Cream & Frozen Yoghurt;Indulgent Ice Cream Chocolate Sticks;381;3.6;null;34.0;24.5;16.1;0;0.2;
266343342;Magnum Mini Classic Dark Mint Ice Cream 6 X 60Ml;£2.00;£0.56/100ml;Ice Cream & Frozen Yoghurt;Indulgent Ice Cream Chocolate Sticks;1381 kJ 1151 kJ 691 kJ -;3,8;29;null;22;null;null;null;
282744722;Magnum Pistachio Ice Cream 3 X 110Ml;null;null;Ice Cream & Frozen Yoghurt;Indulgent Ice Cream Chocolate Sticks;1382 kJ 1080 kJ 1189 kJ -;3.8;30;null;22;null;null;0.11;
287174642;Magnum White Ice Cream 4 X 110Ml;£3.35;£0.76/100ml;Ice Cream & Frozen Yoghurt;Indulgent Ice Cream Chocolate Sticks;1259 kJ 904 kJ 995 kJ -;3.5;33;null;17;null;null;0.17;
282776030;Cadbury Dairy Milk Ice Creams 3 X 100Ml;£1.49;£0.50/100ml;Ice Cream & Frozen Yoghurt;Indulgent Ice Cream Chocolate Sticks;270 ;3.2;null;null;17.5;null;0.5;0.12;
282616376;Tesco Chocolatino Almond 3 x 90ML;£1.00;£0.37/100ml;Ice Cream & Frozen Yoghurt;Indulgent Ice Cream Chocolate Sticks;368;3.9;null;30.7;25.1;15.3;1.4;0.3;
286782367;Tesco Raspberry And Strawberry Mini Ice Cream 6 X 50Ml;£2.50;£0.83/100ml;Ice Cream & Frozen Yoghurt;Indulgent Ice Cream Chocolate Sticks;375;2.9;null;31.3;24.4;15.6;2.4;0.1;
286782718;Tesco Mini Ice Cream Selection 8 X 50Ml;£2.00;£0.50/100ml;Ice Cream & Frozen Yoghurt;Indulgent Ice Cream Chocolate Sticks;378;6.0;null;27.4;25.8;15.9;1.5;0.2;
287195542;Tesco Triple Chocolate Ice Cream 400Ml 4 Pack;£2.00;£0.50/100ml;Ice Cream & Frozen Yoghurt;Indulgent Ice Cream Chocolate Sticks;341;3.5;null;31.8;20.7;13.0;2.8;0.2;
287195473;Tesco Salted Caramel Ice Cream 400Ml 4 Pack;£2.00;£0.50/100ml;Ice Cream & Frozen Yoghurt;Indulgent Ice Cream Chocolate Sticks;324;3.6;null;32.0;17.9;11.1;1.1;0.4;
287195202;Tesco Hazelnut Crunch Ice Cream 400Ml 4 Pack;£2.00;£0.50/100ml;Ice Cream & Frozen Yoghurt;Indulgent Ice Cream Chocolate Sticks;339;3.3;null;29.3;21.9;11.4;1.2;0.2;
287195179;Tesco Cookie Crumble Ice Cream 400Ml 4 Pack;£2.00;£0.50/100ml;Ice Cream & Frozen Yoghurt;Indulgent Ice Cream Chocolate Sticks;333;3.2;null;34.4;18.0;11.3;0.5;0.3;
286733213;Tesco Cookies And Cream Ice Cream Roll 250G;£1.50;£0.60/100g;Ice Cream & Frozen Yoghurt;Ice Cream Desserts;222;4.5;null;23.3;6.2;3.4;0.9;0.4;
264534062;Viennetta Mint Ice Cream Dessert 650Ml;£1.00;£0.15/100ml;Ice Cream & Frozen Yoghurt;Ice Cream Desserts;1100 kJ 520 kJ -;2,5;null;null;16;null;null;0,14;
271164955;Tesco Ice Cream Roll 250G;£1.00;£0.40/100g;Ice Cream & Frozen Yoghurt;Ice Cream Desserts;180;2.1;null;21.0;4.7;2.5;0.6;0.2;
282490275;Tesco Neapolitan Ice Cream Block 1 Litre;£1.00;£0.10/100ml;Ice Cream & Frozen Yoghurt;Ice Cream Desserts;158;3.0;null;21.1;5.8;3.1;0.7;0.1;
254810666;Tesco Everyday Value 8 Raspberry Ripple Mousse 800Ml;£0.89;£0.11/100ml;Ice Cream & Frozen Yoghurt;Ice Cream Desserts;161;3.3;null;21.3;6.7;3.8;0.7;0.1;
272639600;Tesco Vanilla Ice Cream Block 1 Litre;£1.00;£0.10/100ml;Ice Cream & Frozen Yoghurt;Ice Cream Desserts;170;2.5;null;23.0;6.1;4.7;2.6;0.2;
264534200;Viennetta Vanilla Ice Cream Dessert 650Ml;£1.00;£0.15/100ml;Ice Cream & Frozen Yoghurt;Ice Cream Desserts;1000kJ 510kJ -;2.5;27;null;14;null;null;0.12;
282693375;Cadbury Crunchie Ice Cream Minis 8 X 25Ml;£2.49;£1.25/100ml;Ice Cream & Frozen Yoghurt;Ice Cream Minis;280 ;2.8;null;null;16.8;null;0.8;0.2;
287150561;Ben & Jerry Chocolate Fudge Brownie Ice Cream 100Ml;£1.25;£1.25/100ml;Ice Cream & Frozen Yoghurt;Ice Cream Minis;1100kJ 790kJ 9%;4.5;32;null;12;null;null;0.24;
251114395;Magnum Mini Classic Almond White Ice Cream 6 X 60Ml;£2.00;£0.56/100ml;Ice Cream & Frozen Yoghurt;Ice Cream Minis;1386 kJ 1155 kJ 693 kJ -;4,1;null;null;20;null;null;0,22;
286765820;Tesco Mint Chocolate Ice Cream 120Ml;£1.00;£0.83/100ml;Ice Cream & Frozen Yoghurt;Ice Cream Minis;239;4.1;null;25.6;9.4;6.3;1.4;0.1;
286765561;Tesco Triple Chocolate Ice Cream 120Ml;£1.00;£0.83/100ml;Ice Cream & Frozen Yoghurt;Ice Cream Minis;205;3.9;null;25.2;7.7;5.0;2.2;0.2;
277115884;Mars 10 Mini Ice Cream 254Ml;£3.49;£1.38/100ml;Ice Cream & Frozen Yoghurt;Ice Cream Minis;1225 kJ/ 311 kJ/;3.5;null;null;16.2;null;0.9;null;
282776102;Cadbury Dairy Milk And Caramel Ice Cream Minis 6 X 50Ml;£3.49;£1.17/100ml;Ice Cream & Frozen Yoghurt;Ice Cream Minis;250 ;3.0;null;null;14.4;null;0.5;0.13;
281512828;Cadbury 8 Creme Egg Minis 200Ml;£2.00;£1.00/100ml;Ice Cream & Frozen Yoghurt;Ice Cream Minis;290 ;2.8;null;null;16.4;null;0.8;0.12;
277115999;Snickers 10 Mini Ice Cream 248Ml;£3.49;£1.41/100ml;Ice Cream & Frozen Yoghurt;Ice Cream Minis;1426kJ 354kJ (4%);6.4;null;null;20.0;null;null;0.23;
258118541;Haagen-Dazs Vanilla Ice Cream 100Ml;£1.70;£1.70/100ml;Ice Cream & Frozen Yoghurt;Ice Cream Minis;1044 kJ;4.2;null;null;17.0;null;0.0;0.15;
266343342;Magnum Mini Classic Dark Mint Ice Cream 6 X 60Ml;£2.00;£0.56/100ml;Ice Cream & Frozen Yoghurt;Ice Cream Minis;1381 kJ 1151 kJ 691 kJ -;3,8;29;null;22;null;null;null;
287150342;Ben And Jerry's Cookie Dough Ice Cream 100Ml;£1.25;£1.25/100ml;Ice Cream & Frozen Yoghurt;Ice Cream Minis;1125kJ 810kJ 10%;4;29;null;15;null;null;0.14;
282776151;Cadbury Dairy Milk Ice Cream Minis 8 X 25Ml;£2.49;£1.25/100ml;Ice Cream & Frozen Yoghurt;Ice Cream Minis;295 ;2.9;null;null;17.6;null;0.9;0.15;
282373452;Tesco 6 Mini Caramel Dairy Ice Creams 300Ml;£2.99;£1.00/100ml;Ice Cream & Frozen Yoghurt;Ice Cream Minis;381;3.6;null;34.0;24.5;16.1;0;0.2;
286766669;Tesco Vanilla Caramel Ice Cream 120Ml;£1.00;£0.83/100ml;Ice Cream & Frozen Yoghurt;Ice Cream Minis;223;3.5;null;27.1;8.3;5.6;0.5;0.2;
276891092;Nestle Fab Minis 12 X 32Ml;£2.49;£0.65/100ml;Ice Cream & Frozen Yoghurt;Ice Cream Minis;621 kJ 212 kJ - -;0.5;null;null;5.1;null;0.3;null;
259837863;Haagen-Dazs Strawberry Cheesecake Ice Cream 100Ml;£1.70;£1.70/100ml;Ice Cream & Frozen Yoghurt;Ice Cream Minis;980 kJ;3.4;null;null;12.9;null;null;null;
286766082;Tesco White Chocolate And Raspberry Ice Cream 120Ml;£1.00;£0.83/100ml;Ice Cream & Frozen Yoghurt;Ice Cream Minis;202;2.2;null;17.6;8.5;5.8;0.5;0.2;
255162682;Twister Mini Ice Cream Lolly 8 X 50Ml;null;null;Ice Cream & Frozen Yoghurt;Ice Cream Minis;475kJ 370kJ 185kJ -;0.6;23;null;1.7;null;null;0.04;
260122786;Calippo Mini Ice Lolly 6 X 80Ml;null;null;Ice Cream & Frozen Yoghurt;Ice Cream Minis;370kJ 370kJ 300kJ -;0.5;21;null;0.5;null;null;0.013;
256028662;Mini Milk Ice Cream Lolly 12 X 35Ml;null;null;Ice Cream & Frozen Yoghurt;Ice Cream Minis;581 kJ 382 kJ 134 kJ -;4.4;22;null;3.2;null;null;0.16;
276891322;Nobbly Bobbly Minis 10 X 40Ml;£2.49;£0.62/100ml;Ice Cream & Frozen Yoghurt;Ice Cream Minis;1199kJ 513kJ;2.8;null;null;15.9;null;0.7;null;
283909973;Margarets Mango Frozen Yoghurt 480Ml;£4.00;£0.83/100ml;Ice Cream & Frozen Yoghurt;Ice Cream Tubs;null;3.5;null;null;2.5;null;null;0.2;
287150912;Ben & Jerry Utter Peanut Butter Clutter Ice Cream 500Ml;£4.99;£1.00/100ml;Ice Cream & Frozen Yoghurt;Ice Cream Tubs;1325 kJ 1100 kJ -;6.1;26;null;20;null;null;0.48;
268616190;Tiptree Scarlet Strawberry Icecream 500Ml;£4.99;£1.00/100ml;Ice Cream & Frozen Yoghurt;Ice Cream Tubs;null;null;null;null;null;null;null;null;
272391079;Ben & Jerry Core Karamel Sutra Ice Cream 500Ml;£4.99;£1.00/100ml;Ice Cream & Frozen Yoghurt;Ice Cream Tubs;1100 kJ 960 kJ -;4;null;null;14;null;null;0.11;
282692831;Cadbury Flake Ice Cream 480Ml;£3.00;£0.63/100ml;Ice Cream & Frozen Yoghurt;Ice Cream Tubs;205 ;3.0;null;null;11.1;null;0.1;0.10;
279793364;Ben And Jerry's Peanut Butter Cup Ice Cream 500Ml;£4.49;£0.90/100ml;Ice Cream & Frozen Yoghurt;Ice Cream Tubs;1300 kJ 1200 kJ -;7;null;null;21;null;null;0.43;
287150722;Ben & Jerry Speculoos Speculove Ice Cream 500Ml;£4.99;£1.00/100ml;Ice Cream & Frozen Yoghurt;Ice Cream Tubs;1298 kJ 1077 kJ -;3.8;28;null;20;null;null;0.22;
257236137;Mackies Traditional Luxury Dairy Ice Cream 1 Litre;£2.00;£0.20/100ml;Ice Cream & Frozen Yoghurt;Ice Cream Tubs;204;3.6;null;null;10.8;null;null;0.2;
251349290;Ben And Jerry's Half Baked Ice Cream 500Ml;£4.49;£0.90/100ml;Ice Cream & Frozen Yoghurt;Ice Cream Tubs;1100 kJ 930 kJ -;4.5;null;null;14;null;null;0.21;
287168342;Ben & Jerry What A Lotta Chocolate Ice Cream 500Ml;£4.99;£1.00/100ml;Ice Cream & Frozen Yoghurt;Ice Cream Tubs;1257 kJ 1031 kJ -;4.3;30;null;18;null;null;0.23;
268616178;Tiptree Lemon Curd Ice Cream 500Ml;£4.99;£1.00/100ml;Ice Cream & Frozen Yoghurt;Ice Cream Tubs;null;null;null;null;null;null;null;null;
256483317;Ben And Jerry's Phish Food Ice Cream 500Ml;£4.49;£0.90/100ml;Ice Cream & Frozen Yoghurt;Ice Cream Tubs;1100 kJ 980 kJ -;3.5;null;null;12;null;null;0.17;
276977624;Ben & Jerry Core Blondie Brownie Ice Cream 500Ml;£4.99;£1.00/100ml;Ice Cream & Frozen Yoghurt;Ice Cream Tubs;1100 kJ 970 kJ -;4;null;null;14;null;null;0.16;
252714904;Ben And Jerry's Cookie Dough Ice Cream 500Ml;£4.49;£0.90/100ml;Ice Cream & Frozen Yoghurt;Ice Cream Tubs;1100 kJ 970 kJ -;4;null;null;15;null;null;0.17;
285420441;Ben & Jerry Satisfy My Bowl Ice Cream 500Ml;£4.49;£0.90/100ml;Ice Cream & Frozen Yoghurt;Ice Cream Tubs;1147 kJ 1067 kJ 13%;3.2;null;null;14;null;null;0.25;
281768139;Cadbury Creme Egg Ice Cream 480Ml;£2.00;£0.42/100ml;Ice Cream & Frozen Yoghurt;Ice Cream Tubs;200 ;2.9;null;null;8.0;null;0.2;0.08;
287168834;Snog Strawberry And Raspberry Frozen Yoghurt 450Ml;£3.99;£0.89/100ml;Ice Cream & Frozen Yoghurt;Ice Cream Tubs;718kJ 416kJ -;2.7;null;null;5.6;null;null;0.13;
254586660;Ben & Jerry Chocolate Fudge Brownie Ice Cream 500Ml;£4.49;£0.90/100ml;Ice Cream & Frozen Yoghurt;Ice Cream Tubs;1100 kJ 900 kJ -;4.5;null;null;12;null;null;0.23;
250683303;Ben And Jerry's Caramel Chew Chew Ice Cream 500Ml;£4.49;£0.90/100ml;Ice Cream & Frozen Yoghurt;Ice Cream Tubs;1100 kJ 1000 kJ -;3.5;28;null;15;null;null;0.19;
287168682;Snog Passion Fruit Frozen Yoghurt 450Ml;£3.99;£0.89/100ml;Ice Cream & Frozen Yoghurt;Ice Cream Tubs;724kJ 420kJ -;27;null;null;5.6;null;null;0.13;
286815883;Cadbury Marvellous Creations Raspberry Chocolate Brownie Ice Cream 480Ml;£4.00;£0.83/100ml;Ice Cream & Frozen Yoghurt;Ice Cream Tubs;219;2.6;null;null;10.6;null;0.7;0.16;
286815566;Cadbury Marvellous Creations Salted Caramel Sour Cherry 480Ml;£4.00;£0.83/100ml;Ice Cream & Frozen Yoghurt;Ice Cream Tubs;223;2.9;null;null;11.8;null;0.8;0.27;
282692819;Daim Ice Cream 480Ml;£3.00;£0.63/100ml;Ice Cream & Frozen Yoghurt;Ice Cream Tubs;210;2.6;null;null;10.9;null;0.2;0.18;
288182976;Joe Delucci's Coconut Galato Ice Cream 500Ml;£3.99;£0.80/100ml;Ice Cream & Frozen Yoghurt;Ice Cream Tubs;null;null;null;null;null;null;null;null;
250163280;Haagen-Dazs Dulce De Leche Ice Cream 500Ml;£4.50;£0.90/100ml;Ice Cream & Frozen Yoghurt;Ice Cream Tubs;1114 kJ 958 kJ 11 %;4.4;null;null;15.7;null;0.1;0.16;
279511901;Haagen-Dazs Salted Caramel Ice Cream 500Ml;£4.50;£0.90/100ml;Ice Cream & Frozen Yoghurt;Ice Cream Tubs;1184 kJ 1018 kJ 12 %;4.0;null;null;17.3;null;0.0;0.48;
258961146;Haagen-Dazs Pralines & Cream Ice Cream 500Ml;£4.50;£0.90/100ml;Ice Cream & Frozen Yoghurt;Ice Cream Tubs;1147 kJ 986 kJ 12 %;4.0;null;null;16.2;null;0.2;0.30;
287348973;Haagen-Dazs Chocolate Salted Caramel 500Ml;£4.50;£0.90/100ml;Ice Cream & Frozen Yoghurt;Ice Cream Tubs;1221 kJ 1050 kJ 13 %;4.2;null;null;18.4;null;1.4;0.41;
250465003;Haagen-Dazs Strawberry Cheesecake Ice Cream 500Ml;£4.50;£0.90/100ml;Ice Cream & Frozen Yoghurt;Ice Cream Tubs;1095 kJ 941 kJ 11 %;3.8;null;null;14.4;null;0.3;0.28;
258961175;Haagen-Dazs Cookies & Cream Ice Cream 500Ml;£4.50;£0.90/100ml;Ice Cream & Frozen Yoghurt;Ice Cream Tubs;263 ;4.4;null;null;17.1;null;0.2;0.21;
286815134;Cadbury Marvellous Creations Fairground Candyfloss Ice Cream 480Ml;£4.00;£0.83/100ml;Ice Cream & Frozen Yoghurt;Ice Cream Tubs;210;2.3;null;null;9.1;null;0.5;0.08;
256071839;Haagen-Dazs Dairy Vanilla Ice Cream 500Ml;£4.50;£0.90/100ml;Ice Cream & Frozen Yoghurt;Ice Cream Tubs;1044 kJ 898 kJ 11%;4.2;null;null;17.0;null;0.0;0.15;
252335569;Kelly's Vanilla Cornish Dairy Ice Cream 1 Litre;£3.49;£0.35/100ml;Ice Cream & Frozen Yoghurt;Ice Cream Tubs;886kJ 529kJ - -;3.8;null;null;11.9;null;0.1;null;
258961209;Haagen-Dazs Strawberries And Cream Ice Cream 500Ml;£4.50;£0.90/100ml;Ice Cream & Frozen Yoghurt;Ice Cream Tubs;920 kJ 11 %;3.5;null;null;13.9;null;0.4;null;
288182924;Joe Delucci's Mediterranean Gelato Ice Cream 500Ml;£3.99;£0.80/100ml;Ice Cream & Frozen Yoghurt;Ice Cream Tubs;null;null;null;null;null;null;null;null;
257315107;Green And Black's Organic Chocolate Ice Cream 500Ml;£3.00;£0.60/100ml;Ice Cream & Frozen Yoghurt;Ice Cream Tubs;1045kJ 720kJ -;5.0;null;null;14.1;null;1.1;0.13;
257315165;Green And Black's Organic Vanilla Ice Cream 500Ml;£3.00;£0.60/100ml;Ice Cream & Frozen Yoghurt;Ice Cream Tubs;915kJ 630kJ -;4.5;null;null;13.3;null;0.1;0.15;
288183042;Joe Delucci's Berries And Cream Gelato 500Ml;£3.99;£0.80/100ml;Ice Cream & Frozen Yoghurt;Ice Cream Tubs;null;null;null;null;null;null;null;null;
279511849;Haagen-Dazs Macadamia Nut Brittle Ice Cream 500Ml;£4.50;£0.90/100ml;Ice Cream & Frozen Yoghurt;Ice Cream Tubs;1142 kJ 982 kJ 12 %;3.9;null;null;17.4;null;0.0;0.21;
286815497;Cadbury Marvellous Creations Jelly Popping Candy Ice Cream 480Ml;£4.00;£0.83/100ml;Ice Cream & Frozen Yoghurt;Ice Cream Tubs;217;2.3;null;null;10.3;null;0.5;0.09;
271939765;Tesco Finest Caffe Latte Ice Cream 500Ml;£3.00;£0.60/100ml;Ice Cream & Frozen Yoghurt;Ice Cream Tubs;280;3.3;null;23.6;19.1;12.2;0.1;0.1;
285026891;Tesco Cookie Dough Ice Cream 480Ml;£2.00;£0.42/100ml;Ice Cream & Frozen Yoghurt;Ice Cream Tubs;241;3.3;null;22.5;11.4;8.0;0.6;0.2;
282744431;Carte D'or Crema Di Mascarpone Ice Cream Dessert 900Ml;£1.94;£0.22/100ml;Ice Cream & Frozen Yoghurt;Ice Cream Tubs;880 kJ 470 kJ -;2.5;29;null;9;null;null;0.11;
271939684;Tesco Finest Madagascan Vanilla Ice Cream 500Ml;£3.00;£0.60/100ml;Ice Cream & Frozen Yoghurt;Ice Cream Tubs;235;3.7;null;18.0;16.3;10.5;0;0.1;
282725425;Carte D'or Gelateria Chocolate Ice Cream Dessert 900Ml;£1.94;£0.22/100ml;Ice Cream & Frozen Yoghurt;Ice Cream Tubs;860 kJ 530 kJ -;3.5;28;null;9;null;null;0.14;
285026879;Tesco Chocolate Brownie Ice Cream 480Ml;£2.00;£0.42/100ml;Ice Cream & Frozen Yoghurt;Ice Cream Tubs;241;4.0;null;23.8;10.8;7.5;0.9;0.2;
272640592;Carte D'or Vanilla Ice Cream Dessert 900Ml;£1.74;£0.19/100ml;Ice Cream & Frozen Yoghurt;Ice Cream Tubs;820 kJ 410 kJ -;2.5;29;null;7;null;null;0.15;
283198009;Oreo Ice Cream 480Ml;£3.00;£0.63/100ml;Ice Cream & Frozen Yoghurt;Ice Cream Tubs;235 ;3.8;null;null;11.4;null;0.7;0.35;
286714933;Tesco Finest Cornish Salted Caramel Ice Cream 500Ml;£3.00;£0.60/100ml;Ice Cream & Frozen Yoghurt;Ice Cream Tubs;236;3.6;null;19.4;16.0;10.5;0;0.5;
285026919;Tesco Caramel Shortcake Ice Cream 480Ml;£2.00;£0.42/100ml;Ice Cream & Frozen Yoghurt;Ice Cream Tubs;236;2.8;null;20.4;11.6;8.0;0.7;0.3;
272695025;Carte D'or Rum And Raisin 900Ml;£1.74;£0.19/100ml;Ice Cream & Frozen Yoghurt;Ice Cream Tubs;830 kJ 420 kJ -;2.5;null;null;8;null;null;0.14;
282724622;Carte D'or Caramel Ice Cream Dessert 900Ml;£1.74;£0.19/100ml;Ice Cream & Frozen Yoghurt;Ice Cream Tubs;969 kJ 507 kJ -;2.9;38;null;7.4;null;null;0.13;
286747387;Tesco Peanut Caramel Ice Cream 480Ml;£2.00;£0.42/100ml;Ice Cream & Frozen Yoghurt;Ice Cream Tubs;236;4.0;null;26.5;12.3;8.2;0.6;0.2;
287150146;Carte D'or Gelateria Blueberry Ice Cream 900Ml;£3.89;£0.43/100ml;Ice Cream & Frozen Yoghurt;Ice Cream Tubs;800 kJ 450 kJ -;2;31;null;7;null;null;0,085;
287135194;Carte D'or Chocolate Hazelnut Ice Cream 900Ml;£3.49;£0.39/100ml;Ice Cream & Frozen Yoghurt;Ice Cream Tubs;944 kJ 491 kJ 6%;4;27;null;11;null;null;0,15;
282029881;Tesco Finest Chocolate Ice Cream 500Ml;£3.00;£0.60/100ml;Ice Cream & Frozen Yoghurt;Ice Cream Tubs;354;4.5;null;21.6;27.5;16.8;0.4;0.1;
286747519;Tesco Pigs And Marshmallows Ice Cream 480Ml;£2.00;£0.42/100ml;Ice Cream & Frozen Yoghurt;Ice Cream Tubs;232;3.9;null;28.3;9.3;7.5;1.1;0.1;
286715166;Tesco Finest Sicilian Lemon Curd Ice Cream 500Ml;£3.00;£0.60/100ml;Ice Cream & Frozen Yoghurt;Ice Cream Tubs;270;3.8;null;28.3;15.7;10.3;0.2;0.2;
272404982;Carte D'or Strawberry Ice Cream Dessert 900Ml;£1.74;£0.19/100ml;Ice Cream & Frozen Yoghurt;Ice Cream Tubs;850 kJ 420 kJ -;3;29;null;8;null;null;0.16;
282745637;Carte D'or Eton Mess Ice Cream Dessert 900Ml;£1.94;£0.22/100ml;Ice Cream & Frozen Yoghurt;Ice Cream Tubs;760 kJ 440 kJ -;2;30;null;6;null;null;0.11;
284090181;Tesco Mint Chocolate Ice Cream 900Ml;£2.00;£0.22/100ml;Ice Cream & Frozen Yoghurt;Ice Cream Tubs;230;2.6;null;27.7;9.2;6.1;0.8;0.1;
277161315;Kelly's Clotted Cream And Raspberry 1Ltr;£2.00;£0.20/100ml;Ice Cream & Frozen Yoghurt;Ice Cream Tubs;838kJ 542kJ - -;3.4;null;null;9.6;null;0.5;0.2;
286766669;Tesco Vanilla Caramel Ice Cream 120Ml;£1.00;£0.83/100ml;Ice Cream & Frozen Yoghurt;Ice Cream Tubs;223;3.5;null;27.1;8.3;5.6;0.5;0.2;
258127829;Kelly's Clotted Cream And Strawberries 1 Litre;£2.00;£0.20/100ml;Ice Cream & Frozen Yoghurt;Ice Cream Tubs;798kJ 496kJ - -;3.5;null;null;8.7;null;0.2;0.1;
277006351;Tesco Vanilla Ice Cream 900Ml;£2.00;£0.22/100ml;Ice Cream & Frozen Yoghurt;Ice Cream Tubs;198;3.5;null;18.6;10.1;6.9;0.2;0.1;
255014795;Tesco Cherry Vanilla Ice Cream 900Ml;£2.19;£0.22/100ml;Ice Cream & Frozen Yoghurt;Ice Cream Tubs;210;2.0;null;25.9;6.7;4.6;0.3;0.1;
263585215;Swedish Glace Vanilla Non Dairy Frozen Dessert 750Ml;£2.20;£0.29/100ml;Ice Cream & Frozen Yoghurt;Ice Cream Tubs;208;3;null;null;11;null;null;0,25;
263417963;Tesco Cookies And Cream Ice Cream 900Ml;£2.00;£0.20/100ml;Ice Cream & Frozen Yoghurt;Ice Cream Tubs;225;2.8;null;31.0;8.8;8.0;1.3;0.2;
284090221;Tesco Triple Chocolate Ice Cream 900Ml;£2.00;£0.22/100ml;Ice Cream & Frozen Yoghurt;Ice Cream Tubs;212;3.1;null;27.3;8.1;5.3;1.2;0.1;
259670498;Franks Diabetic Vanilla Ice Cream 1 Litre;£2.00;£0.20/100ml;Ice Cream & Frozen Yoghurt;Ice Cream Tubs;163;3.4;null;null;7.7;null;null;null;
286765457;Tesco Mango And Vanilla Yoghurt 900Ml;£2.00;£0.22/100ml;Ice Cream & Frozen Yoghurt;Ice Cream Tubs;185;2.9;null;19.4;8.1;5.7;0.4;0.2;
286765820;Tesco Mint Chocolate Ice Cream 120Ml;£1.00;£0.83/100ml;Ice Cream & Frozen Yoghurt;Ice Cream Tubs;239;4.1;null;25.6;9.4;6.3;1.4;0.1;
272640822;Carte D'or Vanilla Light Frozen Dessert 900Ml;£1.74;£0.19/100ml;Ice Cream & Frozen Yoghurt;Ice Cream Tubs;610 kJ 300kJ -;2.5;null;null;4.5;null;null;0.16;
256838976;Kelly's Clotted Cream And Honeycomb 1 Litre;£3.99;£0.40/100ml;Ice Cream & Frozen Yoghurt;Ice Cream Tubs;909kJ 581kJ;3.5;null;null;9.9;null;0.1;0.2;
286766082;Tesco White Chocolate And Raspberry Ice Cream 120Ml;£1.00;£0.83/100ml;Ice Cream & Frozen Yoghurt;Ice Cream Tubs;202;2.2;null;17.6;8.5;5.8;0.5;0.2;
284090054;Tesco Caramel Vanilla Ice Cream 900Ml;£2.00;£0.22/100ml;Ice Cream & Frozen Yoghurt;Ice Cream Tubs;228;2.4;null;28.5;7.7;4.8;0.2;0.1;
284658386;Tesco Mississippi Mud Pie Ice Cream 900Ml;£2.00;£0.22/100ml;Ice Cream & Frozen Yoghurt;Ice Cream Tubs;216;3.6;null;22.7;8.5;5.9;1.1;0.3;
258127927;Kelly's Clotted Cream Cornish Ice Cream 1 Litre;£2.00;£0.20/100ml;Ice Cream & Frozen Yoghurt;Ice Cream Tubs;944kJ 564kJ - -;2.9;null;null;14.9;null;0.2;0.1;
286765561;Tesco Triple Chocolate Ice Cream 120Ml;£1.00;£0.83/100ml;Ice Cream & Frozen Yoghurt;Ice Cream Tubs;205;3.9;null;25.2;7.7;5.0;2.2;0.2;
284658265;Tesco White Chocolate And Raspberry Ice Cream 900Ml;£2.00;£0.22/100ml;Ice Cream & Frozen Yoghurt;Ice Cream Tubs;214;2.0;null;21.7;8.9;6.2;0.5;0.2;
253010261;Tesco Soft Scoop Mint Chocolate Chip 2 Litres;£1.70;£0.09/100ml;Ice Cream & Frozen Yoghurt;Ice Cream Tubs;196;4.1;null;24.5;8.3;4.9;0.6;0.1;
256844732;Tesco Cornish Ice Cream 2 Litres;£2.75;£0.14/100ml;Ice Cream & Frozen Yoghurt;Ice Cream Tubs;187;2.8;null;19.7;8.7;5.4;0.6;0.1;
254755161;Tesco Soft Scoop Chocolate 2 Litres;£1.70;£0.09/100ml;Ice Cream & Frozen Yoghurt;Ice Cream Tubs;170;3.9;null;24.2;6.3;4.1;0.5;0.1;
286732767;Tesco Soft Scoop Neapolitan Ice Cream 1Ltr;£1.00;£0.10/100ml;Ice Cream & Frozen Yoghurt;Ice Cream Tubs;158;3.0;null;21.1;5.8;3.1;0.7;0.1;
281361228;Tesco Healthy Living Caramel Iced Dessert 900Ml;£2.00;£0.22/100ml;Ice Cream & Frozen Yoghurt;Ice Cream Tubs;135;2.2;null;9.3;5.4;3.9;6.4;0.2;
286732940;Tesco Soft Scoop Vanilla Ice Cream 1Ltr;£1.00;£0.10/100ml;Ice Cream & Frozen Yoghurt;Ice Cream Tubs;176;2.7;null;19.7;7.7;4.5;0.6;0.1;
254755092;Tesco Soft Scoop Raspberry Ripple 2 Litres;£1.70;£0.09/100ml;Ice Cream & Frozen Yoghurt;Ice Cream Tubs;162;2.7;null;23.0;5.1;3.0;0.7;0.1;
287507169;Heartbrand Walls Tub Raspberry Ripple 1.8L;£1.80;£0.10/100ml;Ice Cream & Frozen Yoghurt;Ice Cream Tubs;784 kJ 364 kJ -;2.7;null;null;8.4;null;null;0.16;
286732652;Tesco Soft Scoop Raspberry Ripple Ice Cream 1Ltr;£1.00;£0.10/100ml;Ice Cream & Frozen Yoghurt;Ice Cream Tubs;162;2.7;null;23.0;5.1;3.0;0.7;0.1;
266168676;Walls Soft Scoop Vanilla Ice Cream 2 Litre;£1.80;£1.00/l;Ice Cream & Frozen Yoghurt;Ice Cream Tubs;781kJ 344kJ -;3;null;null;9.1;null;null;0.21;
254755063;Tesco Soft Scoop Neapolitan 2 Litres;£1.70;£0.09/100ml;Ice Cream & Frozen Yoghurt;Ice Cream Tubs;155;3.1;null;19.1;7.0;4.5;0.2;null;
254755040;Tesco Soft Scoop Vanilla 2 Litres;£1.70;£0.09/100ml;Ice Cream & Frozen Yoghurt;Ice Cream Tubs;176;2.7;null;19.7;7.7;4.5;0.6;0.1;
286732592;Tesco Soft Scoop Cornish Ice Cream 1Ltr;£2.00;£0.20/100ml;Ice Cream & Frozen Yoghurt;Ice Cream Tubs;187;2.8;null;19.7;8.7;5.4;0.6;0.1;
272630344;Walls Soft Scoop Vanilla Ice Cream 1800Ml;£1.80;£0.10/100ml;Ice Cream & Frozen Yoghurt;Ice Cream Tubs;585kJ 262kJ 3%;3;null;null;5.9;null;null;0.21;
252335598;Kelly's Cornish Vanilla Dairy Ice Cream 2 Litres;£4.00;£0.20/100ml;Ice Cream & Frozen Yoghurt;Ice Cream Tubs;886kJ 529kJ - -;3.8;null;null;11.9;null;0.1;null;
258295767;Tesco Everyday Value Soft Scoop Vanilla Ice Cream 2 Litre;£0.89;£0.05/100ml;Ice Cream & Frozen Yoghurt;Ice Cream Tubs;135;2.5;null;17.5;5.1;3.2;0.2;0.2;
276891092;Nestle Fab Minis 12 X 32Ml;£2.49;£0.65/100ml;Ice Cream & Frozen Yoghurt;Family Ice Lollies;621 kJ 212 kJ - -;0.5;null;null;5.1;null;0.3;null;
268239837;Barratt Refreshers 6 X 45Ml;£1.00;£0.37/100ml;Ice Cream & Frozen Yoghurt;Family Ice Lollies;463kJ 229kJ 8400kJ -;1.2;null;null;1.8;null;0.1;0.05;
287026110;T.Choccie Monkey Lollies 4 Pack 280Ml (4X70ml);£1.00;£0.36/100ml;Ice Cream & Frozen Yoghurt;Family Ice Lollies;167;2.9;null;17.4;8.5;7.8;2.8;0.1;
286816594;Nestle Fab Tropical 6 X 58Ml;£2.00;£0.58/100ml;Ice Cream & Frozen Yoghurt;Family Ice Lollies;606kJ 604kJ 350kJ 8400kJ -;0.5;null;null;5.1;null;0.3;0.05;
287129962;Rowntree's Randoms Minis 12 X 30Ml;£2.99;£0.83/100ml;Ice Cream & Frozen Yoghurt;Family Ice Lollies;561 kJ 574 kJ 176 kJ 8400 kJ -;0.8;null;null;2.0;null;0.2;0.06;
272539816;R Whites Premium Lemonade Ice Lollies 3 X 75Ml;£2.00;£0.89/100ml;Ice Cream & Frozen Yoghurt;Family Ice Lollies;null;0.5;null;null;1.5;null;0.1;null;
279602483;Tesco 12 Marvellous Minis 384Ml;£2.00;£0.52/100ml;Ice Cream & Frozen Yoghurt;Family Ice Lollies;152;0.1;null;25.7;5.4;2.4;0.1;0.1;
259039385;Rowntrees Fruit Pastilles Lollies 260Ml;£2.00;£0.77/100ml;Ice Cream & Frozen Yoghurt;Family Ice Lollies;354 kJ 352 kJ 236 kJ 8400kJ -;0.1;null;null;0.0;null;0.1;0.00;
263558565;Del Monte 100% Juice Orange 3 X 75Ml;£2.00;£0.89/100ml;Ice Cream & Frozen Yoghurt;Family Ice Lollies;389kJ 292kJ 8400kJ;1.2;null;null;0.1;null;0.2;0.01;
268240184;Del Monte Fruitini Fruit Ices 6 X 45Ml;£1.00;£0.37/100ml;Ice Cream & Frozen Yoghurt;Family Ice Lollies;98 ;0.3;null;null;Trace;null;null;null;
287040553;Tesco 12 Assorted Mini Lollies 396Ml;£2.00;£0.51/100ml;Ice Cream & Frozen Yoghurt;Family Ice Lollies;275;2.9;null;21.4;18.9;15.7;1.2;0.3;
253217458;Nestle Nobbly Bobbly Ice Lolly 4 X 70Ml;£2.00;£0.71/100ml;Ice Cream & Frozen Yoghurt;Family Ice Lollies;1323 kJ 928 kJ;2.7;null;null;16.7;null;0.6;null;
286816522;Yoomoo Yoghurt Lollies 6 X 55Ml;£2.00;£0.61/100ml;Ice Cream & Frozen Yoghurt;Family Ice Lollies;547kJ 312kJ 8400kJ 4%;2.8;null;18.7;1.4;0.8;0.5;0.2;
282801393;Tesco 5 Helter Skelters 350Ml;£1.00;£0.29/100ml;Ice Cream & Frozen Yoghurt;Family Ice Lollies;83;0.1;null;19.2;0.1;0.1;0.1;0.1;
282391663;Tesco 14 Family Favourites Lollies 865Ml;£3.00;£0.35/100ml;Ice Cream & Frozen Yoghurt;Family Ice Lollies;111;0.3;null;23.2;1.8;0.8;0.2;0.1;
258849770;Del Monte Raspberry Smoothie Lollies 3 X 90Ml;£2.49;£0.92/100ml;Ice Cream & Frozen Yoghurt;Family Ice Lollies;380kJ 342kJ 8400kJ;0.4;null;null;0.2;null;0.5;0.05;
276993697;Solero Exotic Ice Cream Lolly 3 X 88Ml;£2.00;£0.76/100ml;Ice Cream & Frozen Yoghurt;Family Ice Lollies;570 kJ 450 kJ 400 kJ -;1,5;28;null;1,5;null;null;0,072;
287129858;Nestle Fab Strawberry 6 X 58Ml;£2.00;£0.58/100ml;Ice Cream & Frozen Yoghurt;Family Ice Lollies;599kJ 597kJ 346 8400kJ -;0.6;null;null;5.1;null;0.3;0.10;
266545817;Tesco 6 Raspberry Ripple Screwballs 600Ml;£1.00;£0.17/100ml;Ice Cream & Frozen Yoghurt;Family Ice Lollies;185;2.5;null;25.1;8.0;4.3;0.3;0.1;
251861667;Twister Ice Cream Lolly 80Ml;£1.00;£1.25/100ml;Ice Cream & Frozen Yoghurt;Family Ice Lollies;500kJ 440kJ 360kJ -;0.8;23;null;2.5;null;null;0.053;
276547092;Tesco Everyday Value 6 Strawberry Flavoured Splits 210Ml;£0.79;£0.38/100ml;Ice Cream & Frozen Yoghurt;Family Ice Lollies;117;1.5;null;17.2;3.2;1.7;0.6;0.1;
282538969;Tesco 8 Cherryade Lemonade And Cola 440Ml;£1.00;£0.23/100ml;Ice Cream & Frozen Yoghurt;Family Ice Lollies;76;1.2;null;17.2;0.2;0.1;0.6;0.1;
287530238;Tesco 8 Sherbert Ice Lollies 280Ml Price Marked;£1.00;£0.36/100ml;Ice Cream & Frozen Yoghurt;Family Ice Lollies;107;0.3;null;23.9;1.0;0.6;0.6;0.1;
286749765;Tesco Fruit Whirl Lollies 6 X 50Ml;£1.00;£0.33/100ml;Ice Cream & Frozen Yoghurt;Family Ice Lollies;119;2.5;null;19.4;3.1;2.0;0.6;0.2;
287040236;Tesco Fruit Pops 8X35ml;£1.00;£0.36/100ml;Ice Cream & Frozen Yoghurt;Family Ice Lollies;133;1.1;null;18.2;6.1;5.5;0.5;0.1;
287530209;Tesco Goodness 8 Fruit Lollies 280Ml;£1.00;£0.36/100ml;Ice Cream & Frozen Yoghurt;Family Ice Lollies;74;0.3;null;16.9;0.2;0.1;0.6;0.1;
287530092;Tesco Goodness 8 Assorted Milk Lollies 280Ml;£1.00;£0.36/100ml;Ice Cream & Frozen Yoghurt;Family Ice Lollies;106;3.4;null;15.2;2.7;1.8;0.6;0.2;
266904589;Tesco Everyday Value 8 Fruit Flavour Lollies 280Ml;£0.63;£0.23/100ml;Ice Cream & Frozen Yoghurt;Family Ice Lollies;63;0.6;null;11.7;0.4;0.1;0.6;0.1;
287040196;Tesco Milkshake Twist Lollies 4X80ml;£1.00;£0.31/100ml;Ice Cream & Frozen Yoghurt;Family Ice Lollies;170;2.9;null;17.4;8.6;7.8;3.7;0.1;
272357622;Tesco Real Fruit Splits 6 X 73Ml;£1.00;£0.23/100ml;Ice Cream & Frozen Yoghurt;Family Ice Lollies;116;1.3;null;17.7;3.2;2.1;0.6;0.1;
256028662;Mini Milk Ice Cream Lolly 12 X 35Ml;null;null;Ice Cream & Frozen Yoghurt;Family Ice Lollies;581 kJ 382 kJ 134 kJ -;4.4;22;null;3.2;null;null;0.16;
286749206;Tesco Orange Juice Ice Lollies 6 X 73Ml;£1.00;£0.23/100ml;Ice Cream & Frozen Yoghurt;Family Ice Lollies;74;0.5;null;16.9;0.3;0.1;0.6;0.1;
286748069;Tesco Lemonade And Strawberry Lollies 6 X 50Ml;£1.00;£0.33/100ml;Ice Cream & Frozen Yoghurt;Family Ice Lollies;137;1.8;null;20.5;3.8;2.0;0.6;0.1;
287175134;Wall's Family Fun Minis 6 Pack 340Ml;£2.99;£0.88/100ml;Ice Cream & Frozen Yoghurt;Family Ice Lollies;475 kJ 370 kJ 185 kJ -;0,6;null;null;1,7;null;null;0,04;
268243503;Walls X-Pop 6 Pack 300Ml;£1.99;£0.66/100ml;Ice Cream & Frozen Yoghurt;Family Ice Lollies;456kJ 492kJ 246kJ -;0,5;23;null;1,5;null;null;0,01;
272492697;Peppa Pig 6 Ice Cream Lollies 360Ml;£1.50;£0.42/100ml;Ice Cream & Frozen Yoghurt;Family Ice Lollies;null;3.1;null;null;8.8;null;0.5;0.1;
282243920;Tesco Finest 4 Mango And Passion Fruit Lollies 292Ml;£2.49;£0.85/100ml;Ice Cream & Frozen Yoghurt;Family Ice Lollies;77;0.6;null;17.6;0.2;0.1;0.6;0.1;
287417696;Tesco Fruity Spirals Ice Lollies 8 X 60Ml;£2.00;£0.42/100ml;Ice Cream & Frozen Yoghurt;Family Ice Lollies;113;0.9;null;null;2.0;1.8;0.3;0.1;
276891322;Nobbly Bobbly Minis 10 X 40Ml;£2.49;£0.62/100ml;Ice Cream & Frozen Yoghurt;Family Ice Lollies;1199kJ 513kJ;2.8;null;null;15.9;null;0.7;null;
256174211;Tesco Finest Valencia Orange Juice Lollies 4 X 73Ml;£2.49;£0.85/100ml;Ice Cream & Frozen Yoghurt;Family Ice Lollies;92;0.7;null;21.6;0.2;0.1;0.6;0.1;
272356842;Tesco Goodness Rocket Lollies 8 X 58Ml;£1.00;£0.22/100ml;Ice Cream & Frozen Yoghurt;Family Ice Lollies;66;0.4;null;14.2;0.2;0.1;0.6;0.1;
282244061;Tesco 3 Mango Passion Fruit Frozen Yoghurt Lollies 270Ml;£2.00;£0.74/100ml;Ice Cream & Frozen Yoghurt;Adult Refreshment;129;2.2;null;22.3;2.2;1.4;0.7;0.1;
276993697;Solero Exotic Ice Cream Lolly 3 X 88Ml;£2.00;£0.76/100ml;Ice Cream & Frozen Yoghurt;Adult Refreshment;570 kJ 450 kJ 400 kJ -;1,5;28;null;1,5;null;null;0,072;
258849770;Del Monte Raspberry Smoothie Lollies 3 X 90Ml;£2.49;£0.92/100ml;Ice Cream & Frozen Yoghurt;Adult Refreshment;380kJ 342kJ 8400kJ;0.4;null;null;0.2;null;0.5;0.05;
286782874;Tesco Alcoholic Cocktail Ice Lollies 6 X 60Ml;£2.00;£0.56/100ml;Ice Cream & Frozen Yoghurt;Adult Refreshment;104;NaN.0;null;20.5;0.8;0.7;NaN.0;0.1;
256174211;Tesco Finest Valencia Orange Juice Lollies 4 X 73Ml;£2.49;£0.85/100ml;Ice Cream & Frozen Yoghurt;Adult Refreshment;92;0.7;null;21.6;0.2;0.1;0.6;0.1;
263558565;Del Monte 100% Juice Orange 3 X 75Ml;£2.00;£0.89/100ml;Ice Cream & Frozen Yoghurt;Adult Refreshment;389kJ 292kJ 8400kJ;1.2;null;null;0.1;null;0.2;0.01;
272539816;R Whites Premium Lemonade Ice Lollies 3 X 75Ml;£2.00;£0.89/100ml;Ice Cream & Frozen Yoghurt;Adult Refreshment;null;0.5;null;null;1.5;null;0.1;null;
282243920;Tesco Finest 4 Mango And Passion Fruit Lollies 292Ml;£2.49;£0.85/100ml;Ice Cream & Frozen Yoghurt;Adult Refreshment;77;0.6;null;17.6;0.2;0.1;0.6;0.1;
267514300;The Skinny Cow Mint Double Chocolate 3 X 100Ml;£2.50;£0.83/100ml;Ice Cream & Frozen Yoghurt;Adult Refreshment;813kJ 537kJ 8400kJ -;3.3;null;null;5.6;null;4.2;0.15;
282244084;Tesco 3 Mixed Berry Frozen Yoghurt Lollies 270Ml;£2.00;£0.74/100ml;Ice Cream & Frozen Yoghurt;Adult Refreshment;117;2.2;null;19.8;2.3;1.4;0.7;0.1;
263585215;Swedish Glace Vanilla Non Dairy Frozen Dessert 750Ml;£2.20;£0.29/100ml;Ice Cream & Frozen Yoghurt;Light & Dietary Needs Ice Cream;208;3;null;null;11;null;null;0,25;
258849793;Del Monte Mango Iced Smoothie 3 X 90Ml;£2.49;£0.92/100ml;Ice Cream & Frozen Yoghurt;Light & Dietary Needs Ice Cream;470kJ 423kJ 8400kJ;0.3;null;null;0.3;null;0.5;0.05;
267514300;The Skinny Cow Mint Double Chocolate 3 X 100Ml;£2.50;£0.83/100ml;Ice Cream & Frozen Yoghurt;Light & Dietary Needs Ice Cream;813kJ 537kJ 8400kJ -;3.3;null;null;5.6;null;4.2;0.15;
272640822;Carte D'or Vanilla Light Frozen Dessert 900Ml;£1.74;£0.19/100ml;Ice Cream & Frozen Yoghurt;Light & Dietary Needs Ice Cream;610 kJ 300kJ -;2.5;null;null;4.5;null;null;0.16;
259670498;Franks Diabetic Vanilla Ice Cream 1 Litre;£2.00;£0.20/100ml;Ice Cream & Frozen Yoghurt;Light & Dietary Needs Ice Cream;163;3.4;null;null;7.7;null;null;null;
285141051;Tesco Free From Creamy Iced Vanilla Dessert 500Ml;£2.00;£0.40/100ml;Ice Cream & Frozen Yoghurt;Light & Dietary Needs Ice Cream;220;1.7;null;19.5;12.3;11.2;0.3;0.2;
281316721;Tesco 8 Mini Fruit Frozen Yoghurt Lollies 400Ml;£2.00;£0.50/100ml;Ice Cream & Frozen Yoghurt;Light & Dietary Needs Ice Cream;133;1.8;null;17.9;2.3;1.5;0.6;0.1;
281361228;Tesco Healthy Living Caramel Iced Dessert 900Ml;£2.00;£0.22/100ml;Ice Cream & Frozen Yoghurt;Light & Dietary Needs Ice Cream;135;2.2;null;9.3;5.4;3.9;6.4;0.2;
286816522;Yoomoo Yoghurt Lollies 6 X 55Ml;£2.00;£0.61/100ml;Ice Cream & Frozen Yoghurt;Light & Dietary Needs Ice Cream;547kJ 312kJ 8400kJ 4%;2.8;null;18.7;1.4;0.8;0.5;0.2;
286715022;Tesco Mango Sorbet 500Ml;£2.50;£0.50/100ml;Ice Cream & Frozen Yoghurt;Sorbet;108;1.0;null;24.9;0.5;0.3;0;0.1;
250977912;Tesco Raspberry Sorbet 500Ml;£2.50;£0.50/100ml;Ice Cream & Frozen Yoghurt;Sorbet;118;0.6;null;18.3;0.4;0.2;0.6;0.2;
265711507;Tesco Lemon Sorbet 500Ml;£2.50;£0.50/100ml;Ice Cream & Frozen Yoghurt;Sorbet;95;0.3;null;18.3;0.2;0.1;0.6;0.1;
281823973;Tesco Finest Sicilian Mandarin Sorbetto 500Ml;£3.50;£0.70/100ml;Ice Cream & Frozen Yoghurt;Sorbet;112;1.2;null;25.9;0.3;0;0.1;0.1;
272332317;Tesco 6 Chocolate Eclairs 160G;£1.00;£0.63/100g;Frozen Desserts, Fruit & Pastry;Frozen Desserts;407;5.6;null;17.7;30.7;20.4;0.5;0.2;
287186432;Tesco Profiterole Gateau 780G;£3.50;£0.45/100g;Frozen Desserts, Fruit & Pastry;Frozen Desserts;296;4.7;null;17.7;18.4;9.7;1.6;0.4;
263348261;Tesco Double Chocolate Gateau 600G;£2.00;£0.33/100g;Frozen Desserts, Fruit & Pastry;Frozen Desserts;266;5.3;null;27.5;9.9;6.2;3.4;0.3;
287412632;Tesco Lemon Swirl Cheesecake 375G;null;null;Frozen Desserts, Fruit & Pastry;Frozen Desserts;343;4.9;null;26.1;17.4;6.5;0.7;0.3;
287186484;T.Blueberry Cream Pie 450G;£2.00;£4.45/kg;Frozen Desserts, Fruit & Pastry;Frozen Desserts;306;3.6;null;17.5;18.5;10.2;0.9;0.3;
259300185;Tesco Chocolate Fudge Cake 450G;£1.50;£0.33/100g;Frozen Desserts, Fruit & Pastry;Frozen Desserts;352;5.3;null;30.3;15.7;6.0;3.1;0.8;
274057064;Coppenrath & Wiese Toffee Swirl Cheesecake 405G;£1.50;£0.37/100g;Frozen Desserts, Fruit & Pastry;Frozen Desserts;342 ;5.3;null;null;17;null;null;0.40;
273981382;Coppenrath & Wiese Raspberry Swirl Cheesecake 445G;£1.50;£0.34/100g;Frozen Desserts, Fruit & Pastry;Frozen Desserts;316 ;5.4;null;null;16;null;null;0.45;
287186372;T.Wht Chocolate And Raspberry Gateau 515G;£2.50;£0.49/100g;Frozen Desserts, Fruit & Pastry;Frozen Desserts;286;4.8;null;22.8;15.5;9.5;0.8;0.2;
287186518;T.Pasn/Fruit Low Fat Greek Style Yoghurt Cheesecake 450G;£2.00;£0.44/100g;Frozen Desserts, Fruit & Pastry;Frozen Desserts;264;4.5;null;29.0;7.7;3.5;0.8;0.3;
261327865;Tesco Strawberry Gateau 375G;£1.50;£0.40/100g;Frozen Desserts, Fruit & Pastry;Frozen Desserts;203;2.8;null;19.6;8.3;5.4;0.9;0.2;
287451882;Tesco Raspberry Pavlova 274G;£2.00;£0.73/100g;Frozen Desserts, Fruit & Pastry;Frozen Desserts;272;2.6;null;32.0;12.2;7.7;2.4;0.3;
261008108;Tesco Double Chocolate Gateau 350G;£1.00;£0.29/100g;Frozen Desserts, Fruit & Pastry;Frozen Desserts;267;5.4;null;27.4;10.7;6.6;4.1;0.3;
277143412;Tesco Black Forest Gateau 630G;£2.00;£0.32/100g;Frozen Desserts, Fruit & Pastry;Frozen Desserts;239;3.7;null;21.9;11.2;7.0;1.1;0.3;
285278042;Tesco Finest New York Cheesecake 460G;£3.00;£0.65/100g;Frozen Desserts, Fruit & Pastry;Frozen Desserts;362;4.4;null;24.8;22.1;12.4;null;0.2;
287334661;Tesco Chocolate Cheesecake 425G;£1.50;£0.35/100g;Frozen Desserts, Fruit & Pastry;Frozen Desserts;364;5.1;null;25.7;20.6;7.7;1.1;0.4;
265226166;Tesco Profiteroles 235G;£1.00;£0.43/100g;Frozen Desserts, Fruit & Pastry;Frozen Desserts;330;4.5;null;11.6;25.8;15.1;1.1;0.2;
267282423;Tesco Banoffee Pie 500G;£2.00;£0.40/100g;Frozen Desserts, Fruit & Pastry;Frozen Desserts;281;2.5;null;24.9;13.6;7.1;1.4;0.4;
287186708;Tesco Lemon Meringue Cheesecake 840G;£3.00;£0.36/100g;Frozen Desserts, Fruit & Pastry;Frozen Desserts;266;5.7;null;30.2;8.1;4.1;0.7;0.2;
284905388;Tesco Chocolate Brownie Cheesecake 450G;£2.00;£0.44/100g;Frozen Desserts, Fruit & Pastry;Frozen Desserts;365;6.0;null;25.9;21.4;10.4;3.1;0.2;
266128868;Tesco New York Cheesecake 450G;£2.00;£0.44/100g;Frozen Desserts, Fruit & Pastry;Frozen Desserts;333;5.9;null;16.3;20.7;11.4;1.3;0.4;
286682036;Tesco Healthy Living 2 Lemon Drizzle Desserts 160G;£1.50;£0.94/100g;Frozen Desserts, Fruit & Pastry;Frozen Desserts;189;2.6;null;24.6;7.6;4.9;0.4;0.2;
258430435;Aunt Bessie's Bramley Apple Pie 550G;£1.50;£0.27/100g;Frozen Desserts, Fruit & Pastry;Frozen Desserts;1180kJ 1558kJ;2.4;null;null;11;null;1.1;0.20;
287186265;Tesco Finest Tiramisu Twin Pack 162G;£2.00;£1.24/100g;Frozen Desserts, Fruit & Pastry;Frozen Desserts;274;3.5;null;21.4;17.0;10.5;1.2;0.1;
279512819;Tesco Finest Raspberry Roulade 478G;£4.00;£0.84/100g;Frozen Desserts, Fruit & Pastry;Frozen Desserts;265;2.5;null;36.6;9.1;5.8;1.3;0.1;
260790443;Weight Watchers 2 Caramel Crunch Desserts 178G;£1.80;£1.02/100g;Frozen Desserts, Fruit & Pastry;Frozen Desserts;844kJ 751kJ 9%;4.6;null;null;2.9;null;1.7;0.3;
287412612;Tesco Strawberry Swirl Cheesecake 375G;£1.00;£0.27/100g;Frozen Desserts, Fruit & Pastry;Frozen Desserts;320;4.9;null;23.9;14.6;4.7;0.9;0.3;
268123571;Tesco Strawberry Cheesecake 500G;£1.50;£0.30/100g;Frozen Desserts, Fruit & Pastry;Frozen Desserts;244;3.5;null;22.0;9.9;3.7;1.7;0.3;
253282208;Weight Watchers 2 Chocolate Brownies 172G;£1.80;£1.05/100g;Frozen Desserts, Fruit & Pastry;Frozen Desserts;819 kJ 705 kJ 8%;5.1;null;null;3.8;null;2.4;0.3;
287334718;Tesco Salted Caramel Cheesecake 450G;£2.00;£0.44/100g;Frozen Desserts, Fruit & Pastry;Frozen Desserts;336;5.6;null;31.3;14.7;6.9;0.6;0.4;
287186363;Tesco Finest Raspberry And Lemon Cheesecake Twinpack 260G;£2.00;£0.77/100g;Frozen Desserts, Fruit & Pastry;Frozen Desserts;315;5.2;null;19.7;19.8;11.3;1.7;0.3;
287186461;Tesco Finest Raspberry Pannacotta Dessert 575 G;£4.00;£0.70/100g;Frozen Desserts, Fruit & Pastry;Frozen Desserts;264;2.1;null;19.7;19.3;11.9;1.4;0.1;
287489287;Tesco Finest Banoffee Pie 393G;£3.00;£0.76/100g;Frozen Desserts, Fruit & Pastry;Frozen Desserts;null;null;null;null;null;null;null;null;
276173631;Aunt Bessie Sticky Toffee Sponge Pudding 330G;£1.50;£0.46/100g;Frozen Desserts, Fruit & Pastry;Frozen Desserts;1273kJ 1054kJ;5.1;null;null;11;null;1.2;0.73;
253532697;Tesco Finest Toffee And Pecan Roulade 420G;£4.00;£0.95/100g;Frozen Desserts, Fruit & Pastry;Frozen Desserts;376;4.4;null;46.4;16.8;9.6;0.2;0.2;
279704253;Aunt Bessie Perfect For 2 Rhubarb Crumble 240G;£1.00;£0.42/100g;Frozen Desserts, Fruit & Pastry;Frozen Desserts;851kJ 862kJ;2.2;null;null;6.1;null;1.9;0.09;
279425824;Tesco Finest Sicilian Lemon Tart 458G;£3.00;£0.66/100g;Frozen Desserts, Fruit & Pastry;Frozen Desserts;320;4.6;null;28.1;13.6;8.1;0.8;0.1;
268525942;Tesco Finest Tarte Aux Framboises 470G;£3.00;£0.64/100g;Frozen Desserts, Fruit & Pastry;Frozen Desserts;235;2.9;null;22.6;6.2;4.4;4.5;0.3;
286682094;Tesco Healthy Living 2 Banoffee Desserts 160G;£1.50;£0.94/100g;Frozen Desserts, Fruit & Pastry;Frozen Desserts;169;4.1;null;20.2;5.5;3.6;0.4;0.2;
287148196;Tesco Finest Ecuadorian Chocolate Melt In The Middle Puddings 180G;£2.00;£1.12/100g;Frozen Desserts, Fruit & Pastry;Frozen Desserts;333;7.5;null;22.1;20.4;13.0;4.7;0.1;
287412684;Tesco Raspberry Sponge Puddings Twin Pack 220G;£1.00;£0.46/100g;Frozen Desserts, Fruit & Pastry;Frozen Desserts;314;3.0;null;26.9;10.6;4.4;1.1;0.2;
262780947;Almondy Daim Chocolate Cake 400G;£3.00;£0.75/100g;Frozen Desserts, Fruit & Pastry;Frozen Desserts;460 ;9.5;44;null;27;null;null;0.5;
268258889;Almondy Toblerone Chocolate Cake 400G;£3.00;£0.75/100g;Frozen Desserts, Fruit & Pastry;Frozen Desserts;440 ;9.8;44;null;26;null;null;0.3;
287412655;Tesco Spotted Dick With Custard Sauce Twin Pack 210G;£1.00;£0.48/100g;Frozen Desserts, Fruit & Pastry;Frozen Desserts;null;null;null;null;null;null;null;null;
267288388;Tesco Bramley Apple Crumble 500G;£1.50;£0.30/100g;Frozen Desserts, Fruit & Pastry;Frozen Desserts;236;1.8;null;25.0;5.5;2.4;2.8;0.2;
282723905;Tesco 6 Vanilla Slices 240G;£1.00;£0.44/100g;Frozen Desserts, Fruit & Pastry;Frozen Desserts;350;4.4;null;26.2;15.5;9.0;1.1;0.4;
258015962;Tesco Lemon Meringue Pie 475G;£2.00;£0.42/100g;Frozen Desserts, Fruit & Pastry;Frozen Desserts;286;3.4;null;34.2;7.3;3.4;0.8;0.2;
282012255;Tesco Free From Apple Crumble 500G;£2.50;£0.50/100g;Frozen Desserts, Fruit & Pastry;Frozen Desserts;263;1.5;null;20.4;10.7;4.0;1.4;0.4;
259680269;Aunt Bessie's Jam Roly Poly 300G;£1.50;£0.50/100g;Frozen Desserts, Fruit & Pastry;Frozen Desserts;1611kJ 1221kJ;3.8;null;null;12;null;1.9;0.61;
254752129;Tesco Apple Strudel 600G;£1.00;£0.17/100g;Frozen Desserts, Fruit & Pastry;Frozen Desserts;254;2.8;null;14.7;12.3;6.7;1.6;0.3;
274698554;Tesco Everyday Value Apple Crumble 400G;£0.88;£0.22/100g;Frozen Desserts, Fruit & Pastry;Frozen Desserts;262;2.7;null;28.7;5.9;2.7;1.7;0.1;
281513107;Tesco Free From Belgian Chocolate Melt Puddings 200G;£1.60;£0.80/100g;Frozen Desserts, Fruit & Pastry;Frozen Desserts;431;6.7;null;27.3;28.2;16.4;2.3;0.1;
254982640;Tesco Woodland Fruit Strudel 600G;£1.25;£0.21/100g;Frozen Desserts, Fruit & Pastry;Frozen Desserts;257;3.0;null;15.8;11.7;6.4;2.0;0.3;
277569968;Tesco Everyday Value Frozen Fruit Salad 450G;£0.90;£2.00/kg;Frozen Desserts, Fruit & Pastry;Frozen Fruit;45;0.5;null;10.0;0.1;0.1;1.1;0.1;
261374860;Tesco Frozen Mango Chunks 500G;null;null;Frozen Desserts, Fruit & Pastry;Frozen Fruit;70;0.7;null;13.8;0.2;0.1;2.6;null;
276879418;Tesco Frozen Pitted Dark Sweet Cherries 350G;£2.00;£5.72/kg;Frozen Desserts, Fruit & Pastry;Frozen Fruit;52;0.9;null;11.5;0.1;0.1;0.9;0.01;
279054497;Tesco Frozen Pineapple Chunks 450G;£2.00;£4.45/kg;Frozen Desserts, Fruit & Pastry;Frozen Fruit;55;0.5;null;10.3;0.1;0;1.4;null;
266890396;Tesco Frozen Raspberries 350G;£2.00;£5.72/kg;Frozen Desserts, Fruit & Pastry;Frozen Fruit;72;1.2;null;4.4;0.7;0;6.5;0;
282470351;Tesco Frozen Mango & Pineapple Smoothie Mix 500G;£2.20;£4.40/kg;Frozen Desserts, Fruit & Pastry;Frozen Fruit;86;1.0;null;13.0;0;0;3.0;null;
282470420;Tesco Frozen Strawberry Pineapple & Banana Smoothie Mix 500G;null;null;Frozen Desserts, Fruit & Pastry;Frozen Fruit;64;0.5;null;10.0;0;0;3.0;null;
258759778;Tesco Summer Fruits 500G;£2.00;£4.00/kg;Frozen Desserts, Fruit & Pastry;Frozen Fruit;33;1.0;null;5.4;0.2;0.1;3.2;0.01;
259443614;Country Store Frozen Mixed Fruits 500G;£1.70;£3.40/kg;Frozen Desserts, Fruit & Pastry;Frozen Fruit;38;0.9;null;7.3;0.1;0;2.2;null;
260759194;Tesco Frozen Blueberries 350G;£2.00;£5.72/kg;Frozen Desserts, Fruit & Pastry;Frozen Fruit;35;0.6;null;6.9;0.2;0;1.8;0.1;
287258970;Genius Gluten Free Short Crust Pastry 400G;£2.50;£6.25/kg;Frozen Desserts, Fruit & Pastry;Frozen Pastry & Homebaking;null;0.9;null;null;29.3;null;2.3;0.5;
252632373;Jus Rol Shortcrust Pastry 1Kg;£2.50;£0.25/100g;Frozen Desserts, Fruit & Pastry;Frozen Pastry & Homebaking;1955kJ 977kJ -;6.4;null;null;31.1;null;1.7;0.58;
282723905;Tesco 6 Vanilla Slices 240G;£1.00;£0.44/100g;Frozen Desserts, Fruit & Pastry;Frozen Pastry & Homebaking;350;4.4;null;26.2;15.5;9.0;1.1;0.4;
287026087;Tesco 6 Croissants 300G;£2.00;£0.67/100g;Frozen Desserts, Fruit & Pastry;Frozen Pastry & Homebaking;399;9.1;null;6.4;22.1;14.5;2.3;0.7;
272692304;Jus-Rol Shortcrust Pastry Sheets 2 X 320G;£2.25;£0.35/100g;Frozen Desserts, Fruit & Pastry;Frozen Pastry & Homebaking;1874kJ 937kJ -;6.2;null;null;29.5;null;1.6;0.55;
255774009;Jus Rol 6 Filo Pastry Sheets 270G;£1.50;£0.56/100g;Frozen Desserts, Fruit & Pastry;Frozen Pastry & Homebaking;1160kJ 522kJ -;7.5;null;null;2.6;null;1.9;0.50;
252632269;Jus Rol Puff Pastry 1Kg;£2.50;£0.25/100g;Frozen Desserts, Fruit & Pastry;Frozen Pastry & Homebaking;1577kJ 789kJ -;5.7;null;null;24.0;null;2.0;0.88;
272692264;Jus-Rol Puff Pastry Sheets 2 X 320G;£2.25;£0.35/100g;Frozen Desserts, Fruit & Pastry;Frozen Pastry & Homebaking;1547kJ 774kJ -;5.5;null;null;23.9;null;1.9;0.88;
285279591;The Ice Co Super Cubes 1Kg;£1.00;£1.00/kg;Ice Cubes & Frozen Cocktails;Ice Cubes;null;null;null;null;null;null;null;null;
258961797;Ice Cubes 2Kg;£1.00;£0.50/kg;Ice Cubes & Frozen Cocktails;Ice Cubes;null;null;null;null;null;null;null;null;
267797160;The Ice Co. Ice Crush 2Kg;£1.00;£0.50/kg;Ice Cubes & Frozen Cocktails;Ice Cubes;null;null;null;null;null;null;null;null;
271366987;Blue Keld Spring Water Ice Cubes 1Kg;£1.00;£1.00/kg;Ice Cubes & Frozen Cocktails;Ice Cubes;null;null;null;null;null;null;null;null;
285027072;Tesco 2 Lime And Coriander Basa Fillets 300G;£2.00;£6.67/kg;Frozen Fish & Seafood;Frozen Fish Fillets;98;16.3;null;1.5;1.7;0.7;0.3;0.9;
268093806;Tesco Fish Pie Mix 400G;£3.25;£8.13/kg;Frozen Fish & Seafood;Frozen Fish Fillets;78;16.6;null;0;1.3;0.7;0;0.5;
281878769;Tesco Everyday Value Smoked Salmon 400G;£3.00;£7.50/kg;Frozen Fish & Seafood;Frozen Fish Fillets;138;24.7;null;0;4.3;1.0;0;1.4;
266271501;Tesco Finest 2 Tuna Loin Steaks 300G;£4.00;£13.34/kg;Frozen Fish & Seafood;Frozen Fish Fillets;110;24.5;null;0.1;1.3;0.4;0;0.3;
264602391;Tesco 6 Wild Alaskan Salmon Fillets 600G;£4.00;£6.67/kg;Frozen Fish & Seafood;Frozen Fish Fillets;127;23.3;null;0.2;3.6;0.8;0;0.3;
287149425;Tesco Seafood Sticks 290G;£1.00;£3.45/kg;Frozen Fish & Seafood;Frozen Fish Fillets;118;7.2;null;4.2;1.7;0.1;0.5;1.5;
268228424;Tesco 5 Basa Fillets 500G;£3.25;£6.50/kg;Frozen Fish & Seafood;Frozen Fish Fillets;108;22.7;null;0.1;1.4;0.6;1.1;0.1;
282393062;Tesco 5 Haddock Fillets 400G;£3.25;£8.13/kg;Frozen Fish & Seafood;Frozen Fish Fillets;104;24.1;null;0.1;0.5;0.1;0.3;0.2;
284627740;Tesco Tuna Steaks 400G;£3.25;£8.13/kg;Frozen Fish & Seafood;Frozen Fish Fillets;123;27.6;null;0.1;1.3;0.4;0;0.1;
275963204;Tesco 4 Skinless Wild Alaskan Salmon Fillets 360G;£3.25;£9.03/kg;Frozen Fish & Seafood;Frozen Fish Fillets;101;21.5;null;0.1;1.6;0.5;0;0.2;
285027052;Tesco 2 Sweet Chilli Basa Fillets 300G;£2.00;£6.67/kg;Frozen Fish & Seafood;Frozen Fish Fillets;105;18.2;null;0.9;2.3;0.9;0.4;0.4;
278656691;Tesco 2 Extra Large Battered Cod Fillets 400G;£3.00;£7.50/kg;Frozen Fish & Seafood;Frozen Fish Fillets;209;10.5;null;0.4;10.1;0.9;1.7;0.7;
281878631;Tesco Everyday Value Smoked Cod 400G;£3.00;£7.50/kg;Frozen Fish & Seafood;Frozen Fish Fillets;67;16.5;null;0.1;0.1;0;0;1.1;
284118142;Tesco 4 Prime Smoked Haddock Fillets 360G;£3.25;£9.03/kg;Frozen Fish & Seafood;Frozen Fish Fillets;104;23.3;null;0.4;0.6;0.3;0.6;1.1;
264331503;Tesco Everyday Value White Fish Fillets 520G;£1.65;£3.18/kg;Frozen Fish & Seafood;Frozen Fish Fillets;52;12.2;null;0;0.4;0.1;0;0.2;
266264873;Tesco 5 Cod Fillets 450G;£3.25;£7.23/kg;Frozen Fish & Seafood;Frozen Fish Fillets;95;21.8;null;0.1;0.5;0.1;0.1;0.2;
284905198;Tesco 5 Battered Alaskan Pollock Fillets 500G;£2.00;£4.00/kg;Frozen Fish & Seafood;Frozen Fish Fillets;209;11.3;null;0.4;8.6;0.8;1.6;0.9;
284905175;Tesco 5 Breaded Alaskan Pollock Fillets 500G;£2.00;£4.00/kg;Frozen Fish & Seafood;Frozen Fish Fillets;220;12.2;null;0.3;9.0;0.6;1.9;0.4;
278946912;Tesco Finest 2 Beech Smoked Cod Loins 440G;£4.00;£9.10/kg;Frozen Fish & Seafood;Frozen Fish Fillets;67;16.5;null;0.1;0.1;0;0;1.1;
284754560;Tesco 4 Hake Fillets 500G;£3.25;£6.50/kg;Frozen Fish & Seafood;Frozen Fish Fillets;78;16.4;null;0;1.3;0.3;0.5;0.3;
287785982;Youngs 5 Pink Salmon Fillets 500G;£8.00;£16.00/kg;Frozen Fish & Seafood;Frozen Fish Fillets;558kJ 454kJ 5% 8400kJ;24.0;null;null;4.0;null;0.0;0.3;
285278762;Youngs Gastro 2 Lime And Chilli Basa Fillets 320G;£4.00;£12.50/kg;Frozen Fish & Seafood;Frozen Fish Fillets;792kJ 1205kJ - 8400kJ;15.6;null;null;9.1;null;0.4;0.8;
285278839;Youngs Gastro Garlic And Herb Plaice 230G;£4.00;£17.40/kg;Frozen Fish & Seafood;Frozen Fish Fillets;792kJ 838kJ - 8400kJ;13.4;null;null;9.8;null;0.7;0.9;
268449888;Youngs 2 Basa Fillets Tempura Batter 320G;£2.00;£6.25/kg;Frozen Fish & Seafood;Frozen Fish Fillets;775kJ 1165kJ - 8400kJ;14.2;null;null;9.3;null;1.1;0.7;
271330655;Youngs 4 Large Breaded Haddock Fillets 480G;£3.00;£6.25/kg;Frozen Fish & Seafood;Frozen Fish Fillets;947kJ 1103kJ - -;13.5;null;null;10.8;null;1.1;1.1;
272337750;Youngs Gastro 2 Florentine Crusted Pollock 340G;£4.00;£11.77/kg;Frozen Fish & Seafood;Frozen Fish Fillets;554kJ 848kJ - 8400kJ;13.8;null;null;6.7;null;0.6;0.5;
282490177;Youngs White Fish 4 Flaky Fillets 400G;£4.00;£10.00/kg;Frozen Fish & Seafood;Frozen Fish Fillets;303kJ 397kJ -;15.8;null;null;1.3;null;Nil;null;
267309970;Youngs Atlantic Cod 4 Chunky Fillets 400G;£4.00;£10.00/kg;Frozen Fish & Seafood;Frozen Fish Fillets;289kJ 380kJ;17.1;null;null;1.2;null;Nil;null;
278945274;Birds Eye 26 Crispy Fish Bites 350G;£3.00;£8.58/kg;Frozen Fish & Seafood;Frozen Breaded Fish;null;11.7;null;null;11.7;null;0.7;0.93;
286865454;Birds Eye Lightly Coated Lemon And Pepper 225G;£3.00;£13.34/kg;Frozen Fish & Seafood;Frozen Breaded Fish;null;14.0;null;null;10.0;null;0.8;0.83;
266537050;Birds Eye 4 Breaded Large Cod Fillets 480G;£2.00;£4.17/kg;Frozen Fish & Seafood;Frozen Breaded Fish;null;12.4;null;null;9.8;null;1.0;0.75;
266195171;Tesco 4 Breaded Cod Fillets 500G;£2.00;£4.00/kg;Frozen Fish & Seafood;Frozen Breaded Fish;219;12.4;null;1.3;9.1;0.7;2.6;0.7;
286865362;Birds Eye Lightly Coated Garlic And Herb 225G;£3.00;£13.34/kg;Frozen Fish & Seafood;Frozen Breaded Fish;null;14.0;null;null;10.0;null;0.8;0.84;
287134385;Tesco 2 Lhlty Dusted Pollock Fillets Chilli Lime And Coriander 260G;£3.00;£10.35/kg;Frozen Fish & Seafood;Frozen Breaded Fish;null;null;null;null;null;null;null;null;
287134166;Tesco 2 Yellow Finest Sole Lemon And Parsley 250G;£3.00;£12.00/kg;Frozen Fish & Seafood;Frozen Breaded Fish;150;14.6;null;0.4;5.5;0.5;1.4;0.6;
267045365;Birds Eye 4 Breaded Fish Fillets 400G;£3.00;£7.50/kg;Frozen Fish & Seafood;Frozen Breaded Fish;null;11.8;null;null;7.6;null;1.2;1.0;
266537086;Birdseye 4 Breaded Haddock Fillets 480G;£4.00;£8.34/kg;Frozen Fish & Seafood;Frozen Breaded Fish;null;12.8;null;null;9.8;null;1.0;0.73;
287133942;Tesco 2 Lightly Dusted Salt Pepper Basa Fillets 320G;£3.00;£9.38/kg;Frozen Fish & Seafood;Frozen Breaded Fish;164;16.7;null;0.2;6.4;0.7;1.4;0.5;
258609847;Tesco 4 Breaded Chunky Prime Haddock Fillets 500G;£2.50;£5.00/kg;Frozen Fish & Seafood;Frozen Breaded Fish;186;14.5;null;0.8;6.1;0.5;3.2;0.7;
282391496;Tesco 4 Breaded Haddock Fillets 400G;£2.00;£5.00/kg;Frozen Fish & Seafood;Frozen Breaded Fish;246;12.9;null;1.2;10.1;0.8;2.1;0.8;
266030960;Tesco 2 Lightly Dusted Prime Cod Fillets 285G;£3.00;£10.53/kg;Frozen Fish & Seafood;Frozen Breaded Fish;151;17.6;null;0.1;5.0;0.4;1.0;0.5;
285278436;Youngs 10 Flipper Dippers With Vegetables 250G;£1.00;£4.00/kg;Frozen Fish & Seafood;Frozen Breaded Fish;870kJ 635kJ;8.2;null;null;7.9;null;1.7;0.9;
287134022;Tesco 2 Tempura Basa Fillets Lemon And Herb 300G;£3.00;£10.00/kg;Frozen Fish & Seafood;Frozen Breaded Fish;159;17.1;null;0.3;6.5;0.9;1.5;0.6;
266030447;Tesco 4 Breaded Chunky Prime Plaice Fillets 500G;£2.50;£5.00/kg;Frozen Fish & Seafood;Frozen Breaded Fish;220;12.0;null;1.0;10.2;1.4;1.7;null;
282093405;Tesco 2 Plaice Fillets Spring Onion And Cheese Sauce 370G;£2.50;£6.76/kg;Frozen Fish & Seafood;Frozen Breaded Fish;199;11.9;null;0.6;9.3;1.8;1.8;0.6;
282093532;Tesco 2 Plaice Fillets Prawns In A White Wine Sauce 370G;£2.50;£6.76/kg;Frozen Fish & Seafood;Frozen Breaded Fish;183;11.3;null;0.5;8.1;1.4;1.8;0.6;
258609605;Tesco 4 Breaded Chunky Prime Cod Fillets 500G;£2.50;£5.00/kg;Frozen Fish & Seafood;Frozen Breaded Fish;186;13.1;null;0.8;6.7;0.5;3.1;0.8;
285393898;Birds Eye 3 Jumbo Breaded Fish Fillets 600G;£4.00;£6.67/kg;Frozen Fish & Seafood;Frozen Breaded Fish;null;11.8;null;null;9.5;null;1.0;0.95;
271330614;Youngs 4 Large Breaded Cod Fillets 480G;£3.00;£6.25/kg;Frozen Fish & Seafood;Frozen Breaded Fish;860kJ 1008kJ - -;11.1;null;null;9.6;null;1.6;1.1;
282093054;Tesco Free From 2 Breaded Pollock Fillets 270G;£2.00;£7.41/kg;Frozen Fish & Seafood;Frozen Breaded Fish;195;12.9;null;0.2;8.4;0.6;0.6;0.7;
264762806;Youngs Gastro 2 Basa Fillets Salt And Black Pepper 320G;£4.00;£12.50/kg;Frozen Fish & Seafood;Frozen Breaded Fish;785kJ 1156kJ - 8400kJ;15.8;null;null;8.3;null;0.6;0.7;
266536736;Birds Eye 4 Large Haddock Fillets Harry Ramsden Batter 480G;£4.00;£8.34/kg;Frozen Fish & Seafood;Frozen Battered Fish;null;11.8;null;null;15.4;null;0.6;1.1;
287134362;Youngs Gastro Beer Batter Cod Fillets 270G;£4.00;£14.82/kg;Frozen Fish & Seafood;Frozen Battered Fish;818kJ 972kJ - 8400kJ;13.6;null;null;9.0;null;1.1;0.9;
264330337;Tesco Everyday Value 4 Battered White Fish Portions 400G;£0.85;£2.13/kg;Frozen Fish & Seafood;Frozen Battered Fish;190;10.4;null;2.4;8.7;0.9;0.4;1.0;
271330413;Youngs Chip Shop 4 Large Cod Fillets 480G;£4.00;£8.34/kg;Frozen Fish & Seafood;Frozen Battered Fish;995kJ 1015kJ - 8400kJ;12.9;null;null;13.6;null;1.0;0.9;
278656691;Tesco 2 Extra Large Battered Cod Fillets 400G;£3.00;£7.50/kg;Frozen Fish & Seafood;Frozen Battered Fish;209;10.5;null;0.4;10.1;0.9;1.7;0.7;
266536916;Birds Eye 4 Large Cod Fillets Harry Ramsden Batter 480G;£2.00;£4.17/kg;Frozen Fish & Seafood;Frozen Battered Fish;null;11.4;null;null;15.4;null;0.6;1.1;
285397646;Birds Eye 3 Jumbo Battered Fish Fillets 600G;£4.00;£6.67/kg;Frozen Fish & Seafood;Frozen Battered Fish;null;10.7;null;null;13.9;null;0.6;1.2;
266196966;Tesco 4 Battered Cod Fillets 500G;£2.00;£4.00/kg;Frozen Fish & Seafood;Frozen Battered Fish;202;10.9;null;0.2;9.4;0.9;2.9;0.8;
271330281;Youngs Chip Shop 4 Large Haddock Fillets 480G;£4.00;£8.34/kg;Frozen Fish & Seafood;Frozen Battered Fish;915kJ 978kJ - 8400kJ;11.8;null;null;12.4;null;0.8;0.9;
287000273;Tesco Finest Cod Loin Black Sheep Beer Batter 380G;£4.00;£10.53/kg;Frozen Fish & Seafood;Frozen Battered Fish;210;13.5;null;0.5;11.4;1.0;0.6;0.6;
274597651;Youngs 2 Extra Large Beer Battered Fish Fillets 320G;£3.00;£9.38/kg;Frozen Fish & Seafood;Frozen Battered Fish;944kJ 1284kJ - -;11.8;null;null;12.9;null;0.8;1.2;
282489168;Youngs Chip Shop 2 Extra Large Cod Fillets 320G;£2.00;£6.25/kg;Frozen Fish & Seafood;Frozen Battered Fish;1031kJ 1336kJ - -;12.8;null;null;15.0;null;1.1;0.8;
267045457;Birds Eye 4 Battered Fish Fillets 400G;£3.00;£7.50/kg;Frozen Fish & Seafood;Frozen Battered Fish;null;10.3;null;null;15.8;null;0.6;1.2;
265943181;Tesco 4 Battered Chunky Prime Cod Fillets 500G;£2.50;£5.00/kg;Frozen Fish & Seafood;Frozen Battered Fish;164;12.6;null;0.3;6.6;0.7;2.3;0.9;
284905198;Tesco 5 Battered Alaskan Pollock Fillets 500G;£2.00;£4.00/kg;Frozen Fish & Seafood;Frozen Battered Fish;209;11.3;null;0.4;8.6;0.8;1.6;0.9;
282391444;Tesco 4 Battered Haddock Fillets 400G;£2.00;£5.00/kg;Frozen Fish & Seafood;Frozen Battered Fish;232;13.0;null;0.5;11.2;1.1;2.2;0.9;
268449888;Youngs 2 Basa Fillets Tempura Batter 320G;£2.00;£6.25/kg;Frozen Fish & Seafood;Frozen Battered Fish;775kJ 1165kJ - 8400kJ;14.2;null;null;9.3;null;1.1;0.7;
268201507;Birds Eye 12 Cod Fish Fingers 336G;£2.00;£5.96/kg;Frozen Fish & Seafood;Frozen Fish Fingers;null;13.0;null;null;9.1;null;1.0;0.70;
264006215;Youngs 20 Fish Fingers 500G;£2.00;£4.00/kg;Frozen Fish & Seafood;Frozen Fish Fingers;860kJ 834kJ - -;12.9;null;null;8.2;null;1.3;1.0;
282615400;Birds Eye 18 Fish Fingers 450G;£4.00;£8.89/kg;Frozen Fish & Seafood;Frozen Fish Fingers;null;13.1;null;null;8.2;null;0.9;0.90;
267480004;Tesco Finest 6 Chunky Cod Fillet Fish Fingers 400G;£2.25;£5.63/kg;Frozen Fish & Seafood;Frozen Fish Fingers;178;11.7;null;1.2;7.0;0.6;1.0;0.5;
265536824;Birds Eye 8 Crispy Batter Fish Fingers 224G;£1.00;£4.47/kg;Frozen Fish & Seafood;Frozen Fish Fingers;null;10.9;null;null;13.8;null;0.8;0.95;
264566571;Tesco 10 Breaded Cod Fish Fingers 300G;£1.60;£5.34/kg;Frozen Fish & Seafood;Frozen Fish Fingers;207;15.3;null;0.8;8.4;1.0;0.4;0.8;
266109766;Birds Eye 14 Fish Fingers 350G;£2.50;£7.15/kg;Frozen Fish & Seafood;Frozen Fish Fingers;null;13.1;null;null;8.2;null;0.9;0.90;
268436840;Birds Eye 20 Cod Fish Fingers 560G;£4.00;£7.15/kg;Frozen Fish & Seafood;Frozen Fish Fingers;null;13.0;null;null;9.1;null;1.0;0.70;
287805726;Tesco Omega 3 20 Breaded Fish Fingers 500G;£2.00;£4.00/kg;Frozen Fish & Seafood;Frozen Fish Fingers;216;12.5;null;0.8;9.5;1.1;1.1;0.6;
268201790;Birds Eye 12 Haddock Fish Fingers 336G;£2.50;£7.45/kg;Frozen Fish & Seafood;Frozen Fish Fingers;null;13.4;null;null;9.1;null;1.0;0.68;
286865759;Birds Eye Wholegrain Fish Fingers 360G;£2.50;£6.95/kg;Frozen Fish & Seafood;Frozen Fish Fingers;807kJ 970kJ;14.0;null;null;8.0;null;2.3;0.87;
264293036;Tesco Everyday Value 10 Fish Fingers 250G;£0.60;£2.40/kg;Frozen Fish & Seafood;Frozen Fish Fingers;210;13.0;null;0.9;10.5;1.5;0.9;0.9;
265288731;Birds Eye 30 Cod Fish Fingers 840G;£5.00;£5.96/kg;Frozen Fish & Seafood;Frozen Fish Fingers;null;13.0;null;null;9.1;null;1.0;0.70;
259764998;Tesco 10 Omega 3 Fish Fingers 300G;£1.00;£3.34/kg;Frozen Fish & Seafood;Frozen Fish Fingers;188;12.6;null;0.8;8.0;0.9;1.1;0.7;
256896779;Tesco Free From 10 Crispy Cod Fish Fingers 300G;£2.50;£8.34/kg;Frozen Fish & Seafood;Frozen Fish Fingers;215;13.5;null;0.5;8.5;0.6;0.3;0.6;
268202034;Birds Eye 12 Omega 3 Fish Fingers 336G;£1.37;£4.08/kg;Frozen Fish & Seafood;Frozen Fish Fingers;null;12.7;null;null;9.4;null;1.0;0.88;
264982728;Birds Eye 30 Omega 3 Fish Fingers 840G;£4.50;£5.36/kg;Frozen Fish & Seafood;Frozen Fish Fingers;null;12.7;null;null;9.4;null;1.0;0.88;
287133530;Tesco Breaded Fish Burger 320G;£1.50;£4.69/kg;Frozen Fish & Seafood;Frozen Fishcakes;204;11.9;null;0.5;9.2;0.7;2.6;0.6;
271137775;Whitby Lemon And Pepper Fillet Goujons 275G;£1.75;£6.37/kg;Frozen Fish & Seafood;Frozen Fishcakes;null;null;null;null;null;null;null;null;
284905077;Tesco Finest 2 Smoked Cod And Tomato Fishcakes 290G;£3.00;£10.35/kg;Frozen Fish & Seafood;Frozen Fishcakes;189;8.8;null;1.7;8.7;0.8;2.2;0.9;
266176833;Youngs 10 Flipper Dippers 250G;£1.00;£4.00/kg;Frozen Fish & Seafood;Frozen Fishcakes;875kJ 623kJ;8.9;null;null;8.1;null;1.4;0.9;
287133829;Tesco Fish Nuggets 360G;£1.50;£4.17/kg;Frozen Fish & Seafood;Frozen Fishcakes;216;12.9;null;0.3;11.1;0.9;2.1;0.8;
262057042;Youngs Chip Shop 2 Extra Large Fish Cakes 210G;£1.00;£4.77/kg;Frozen Fish & Seafood;Frozen Fishcakes;877kJ 875kJ - -;7.5;null;null;10.7;null;1.6;0.9;
264335476;Tesco 10 Cod Fishcakes 500G;£1.25;£2.50/kg;Frozen Fish & Seafood;Frozen Fishcakes;187;8.7;null;0.9;7.9;1.4;2.1;0.7;
285392784;Birds Eye 2 Hot And Spicy Fish Fillet Burgers 227G;£2.00;£8.82/kg;Frozen Fish & Seafood;Frozen Fishcakes;null;12.2;null;null;7.8;null;0.9;0.9;
287000132;Tesco Finest Smoked Haddock Melting Middle Fishcake 280G;£3.00;£10.72/kg;Frozen Fish & Seafood;Frozen Fishcakes;205;10.1;null;1.9;11.5;3.9;1.5;0.6;
254747522;Birds Eye 4 Breaded Cod Cakes 198G;£0.75;£3.79/kg;Frozen Fish & Seafood;Frozen Fishcakes;null;10.0;null;null;8.6;null;1.0;0.88;
287149304;Tesco 14 Fish And Vegetable Sea Shapes 420G;£1.50;£3.58/kg;Frozen Fish & Seafood;Frozen Fishcakes;188;7.7;null;3.3;8.4;1.7;2.2;0.4;
270996438;Youngs 12 Fish Cakes 600G;£2.00;£3.34/kg;Frozen Fish & Seafood;Frozen Fishcakes;804kJ 772kJ - -;8.0;null;null;9.1;null;1.2;1.1;
284555980;Tesco Free From 2 Haddock And Cheddar Fishcakes 290G;£3.00;£10.35/kg;Frozen Fish & Seafood;Frozen Fishcakes;217;7.8;null;0.5;13.0;2.7;1.2;1.2;
282488929;Tesco Everyday Value 12 Pollock Fish Cakes 504G;£1.00;£1.99/kg;Frozen Fish & Seafood;Frozen Fishcakes;193;6.9;null;0.8;7.8;1.3;2.2;0.7;
285278649;Youngs Chip Shop 6 Fish Cakes 300G;£1.00;£3.34/kg;Frozen Fish & Seafood;Frozen Fishcakes;1110kJ 973kJ - -;7.5;null;null;15.1;null;1.7;1.0;
277867724;Birds Eye 2 Cod Fish Fillet Burgers 227G;£2.00;£8.82/kg;Frozen Fish & Seafood;Frozen Fishcakes;null;12.6;null;null;6.9;null;1.0;0.75;
270953414;Tesco Wholetail Breaded Scampi 280G;£2.30;£8.22/kg;Frozen Fish & Seafood;Frozen Scampi;221;9.2;null;1.0;11.3;0.9;1.7;0.6;
272681813;Youngs Whole Scampi 220G;£3.00;£13.64/kg;Frozen Fish & Seafood;Frozen Scampi;955kJ 946kJ;9.6;null;null;10.1;null;1.5;1.1;
274192628;Whitby Breaded Whole Scampi 225G;£2.00;£8.89/kg;Frozen Fish & Seafood;Frozen Scampi;null;null;null;null;null;null;null;null;
284755547;Tesco Finest Scottish Single Wholetail Scampi 280G;£4.00;£14.29/kg;Frozen Fish & Seafood;Frozen Scampi;247;12.6;null;0.8;10.9;0.8;1.6;1.1;
274663688;Youngs Scampi 220G;£3.00;£13.64/kg;Frozen Fish & Seafood;Frozen Scampi;893kJ 953kJ;8.8;null;null;8.9;null;2.0;1.3;
276779243;Whitby Breaded Scampi Bites 250G;£1.50;£6.00/kg;Frozen Fish & Seafood;Frozen Scampi;null;null;null;null;null;null;null;null;
272167651;Kintyre Breaded Scampi 235G;£2.00;£8.52/kg;Frozen Fish & Seafood;Frozen Scampi;883kj / 210kCal;8.9;null;null;9.2;null;0.5;1.26;
287000702;Lyons Mussel Meat 400G;£2.00;£5.00/kg;Frozen Fish & Seafood;Frozen Scampi;null;null;null;null;null;null;null;null;
272690013;Youngs Jumbo Whole Scampi 220G;£6.00;£27.28/kg;Frozen Fish & Seafood;Frozen Scampi;926kJ 957kJ;9.4;null;null;9.8;null;1.6;1.2;
274586157;Tesco Everyday Value Cooked & Peeled Prawns 250G;£2.20;£0.88/100g;Frozen Fish & Seafood;Frozen Prawns & Shellfish;67;16.0;null;0;0.3;0.1;0;1.8;
277744283;Tesco Finest Jumbo Raw King Prawns 240G;£5.00;£20.84/kg;Frozen Fish & Seafood;Frozen Prawns & Shellfish;110;22.7;null;0.4;1.8;0.2;0.5;0.9;
285278995;Youngs Canadian Prawns 200G;£4.00;£20.00/kg;Frozen Fish & Seafood;Frozen Prawns & Shellfish;334kJ 334kJ;16.5;null;null;1.4;null;0.0;1.1;
285815717;Tesco Large King Prawns 170G;£2.50;£1.48/100g;Frozen Fish & Seafood;Frozen Prawns & Shellfish;72;15.6;null;0.1;0.9;0.3;0.5;1.3;
274586174;Tesco Large Cooked And Peeled Prawns 340G;£4.00;£11.77/kg;Frozen Fish & Seafood;Frozen Prawns & Shellfish;67;16.0;null;0;0.3;0.1;0;1.8;
286347238;Whitby Seafoods Hot 'N' Spicy Prawns 215G;£2.50;£11.63/kg;Frozen Fish & Seafood;Frozen Prawns & Shellfish;null;null;null;null;null;null;null;null;
274974061;Youngs Calamari 250G;£3.00;£12.00/kg;Frozen Fish & Seafood;Frozen Prawns & Shellfish;1060kJ 1034kJ;7.7;null;null;13.7;null;1.3;1.9;
286334714;Whitby Seafoods Garlic And Ginger Prawns 215G;£2.50;£11.63/kg;Frozen Fish & Seafood;Frozen Prawns & Shellfish;null;null;null;null;null;null;null;null;
279317072;Tesco Finest 2 Coquilles St. Jacques 220G;£4.00;£18.19/kg;Frozen Fish & Seafood;Frozen Prawns & Shellfish;129;7.2;null;3.5;8.1;5.0;0;0.7;
265296387;Tesco Cooked And Peeled Prawns 300G;£3.65;£1.22/100g;Frozen Fish & Seafood;Frozen Prawns & Shellfish;67;16.0;null;0;0.3;0.1;0;1.8;
265418417;Tesco Finest Jumbo King Prawns 225G;£3.75;£1.67/100g;Frozen Fish & Seafood;Frozen Prawns & Shellfish;80;16.9;null;0.1;0.6;0.2;0.5;1.1;
278945297;Birds Eye Inspirations 2 Cod Fillets Parsley Sauce 280G;£4.00;£14.29/kg;Frozen Fish & Seafood;Frozen Fish in Sauce;null;14.7;null;null;7.8;null;0.1;0.60;
278720908;Tesco Finest Scottish Salmon Wellington 640G;£5.00;£7.82/kg;Frozen Fish & Seafood;Frozen Fish in Sauce;250;9.9;null;0.4 (less than 1% of NRV);16.1;6.4;0.8;0.6 (10% of NRV);
274578604;Tesco 4 Cod Steaks In Butter Sauce 552G;£3.00;£5.44/kg;Frozen Fish & Seafood;Frozen Fish in Sauce;106;10.6;null;2.1;4.8;2.8;0.4;0.6;
271169028;Birdseye 2 Cod Fillets Tomato Rosemary Sauce 280G;£4.00;£14.29/kg;Frozen Fish & Seafood;Frozen Fish in Sauce;null;14.9;null;null;7.5;null;0.2;0.50;
278720880;Tesco Simply Salmon And Dill Parcels 275G;£2.00;£7.28/kg;Frozen Fish & Seafood;Frozen Fish in Sauce;297;10.1;null;0.9;19.6;7.2;1.5;0.7;
287040743;Tesco Finest West Country Cheddar Cod Florentine 400G;£4.00;£10.00/kg;Frozen Fish & Seafood;Frozen Fish in Sauce;150;14.6;null;0.6;7.1;4.1;2.2;0.8;
268486181;Tesco Everyday Value 4 Fish Steaks In Butter Sauce 552G;£2.00;£3.63/kg;Frozen Fish & Seafood;Frozen Fish in Sauce;107;8.8;null;1.6;6.4;4.1;0.2;0.8;
271169086;Birds Eye Inspirations 2 Haddock Fillets White Wine Sauce 280G;£4.00;£14.29/kg;Frozen Fish & Seafood;Frozen Fish in Sauce;null;16.0;null;null;5.3;null;0.1;0.55;
259958443;Youngs 4 Cod Steaks In Butter Sauce 560G;£4.00;£7.15/kg;Frozen Fish & Seafood;Frozen Fish in Sauce;342kJ 469kJ;9.8;null;null;2.3;null;0.2;0.6;
287040599;T.Pollock In Cheese And Bacon Sauce 340G;£3.00;£8.83/kg;Frozen Fish & Seafood;Frozen Fish in Sauce;112;16.4;null;0.6;3.6;2.0;1.0;0.7;
282615383;Birdseye 2 Fish Chargrilled With Tomato And Herb 300G;£3.00;£10.00/kg;Frozen Fish & Seafood;Frozen Fish in Sauce;null;14.4;null;null;1.5;null;0.3;0.90;
279317072;Tesco Finest 2 Coquilles St. Jacques 220G;£4.00;£18.19/kg;Frozen Fish & Seafood;Frozen Fish in Sauce;129;7.2;null;3.5;8.1;5.0;0;0.7;
264731652;Birdseye 2 Pink Salmon Fillets Lemon And Dill 280G;£4.00;£14.29/kg;Frozen Fish & Seafood;Frozen Fish in Sauce;null;17.9;null;null;9.1;null;0.1;0.50;
274973816;Birdseye 2 Salmon Fillets Chilli And Ginger Sauce 280G;£4.00;£14.29/kg;Frozen Fish & Seafood;Frozen Fish in Sauce;null;17.9;null;null;6.8;null;0.1;0.80;
287040622;Tesco Haddock In Florentine Sauce 340G;£3.00;£8.83/kg;Frozen Fish & Seafood;Frozen Fish in Sauce;116;18.0;null;0.7;3.5;2.0;1.0;0.6;
287040490;Tesco Cod In Creamy White Wine Sauce 340G;£3.00;£8.83/kg;Frozen Fish & Seafood;Frozen Fish in Sauce;116;15.9;null;0.4;4.5;2.7;1.0;0.5;
287091025;Tesco Irish Mackerel Fillets 360G;£3.00;£8.34/kg;Frozen Fish & Seafood;Frozen Fish in Sauce;313;19.8;null;0;25.8;6.2;0.5;0.4;
282615446;Birdseye 2 Fish Chargrilled With Lemon And Herbs 300G;£3.00;£10.00/kg;Frozen Fish & Seafood;Frozen Fish in Sauce;null;14.3;null;null;1.3;null;0.2;0.83;
287040461;Tesco Salmon In Sweet Chili Sauce 340G;£3.00;£8.83/kg;Frozen Fish & Seafood;Frozen Fish in Sauce;178;18.6;null;5.4;8.2;1.2;1.0;0.4;
285393869;Birdseye 2 Fish Chargrilled Jalapeno Pepper Honey 300G;£3.00;£10.00/kg;Frozen Fish & Seafood;Frozen Fish in Sauce;null;14.0;null;null;1.4;null;0.5;0.88;
265776741;Youngs Kipper Fillets With Butter 170G;£1.00;£5.89/kg;Frozen Fish & Seafood;Frozen Fish in Sauce;1038kJ 882kJ;15.2;null;null;20.5;null;0.5;2.1;
287134598;Youngs Gastro Cod Fillets Lemon And Herb Sauce 270G;£4.00;£14.82/kg;Frozen Fish & Seafood;Frozen Fish in Sauce;391kJ 531kJ - 8400kJ;16.2;null;null;3.0;null;0.4;0.5;
287134949;Youngs Gastro With Tomato And Roasted Garlic Sauce 270G;£4.00;£14.82/kg;Frozen Fish & Seafood;Frozen Fish in Sauce;425kJ 566kJ - 8400kJ;16.1;null;null;3.7;null;0.4;0.5;
259958420;Youngs 4 Cod Steaks In Parsley Sauce 560G;£4.00;£7.15/kg;Frozen Fish & Seafood;Frozen Fish in Sauce;309kJ 424kJ;9.1;null;null;1.8;null;0.5;0.6;
287489517;Mccain Steakhouse Ridge Cut 750G;£2.50;£3.34/kg;Frozen Chips, Potatoes & Onion Rings;Frozen Chips;null;null;null;null;null;null;null;null;
250603296;Mccain Straight Cut Oven Chips 1.5Kg;£2.50;£1.67/kg;Frozen Chips, Potatoes & Onion Rings;Frozen Chips;null;null;null;null;null;null;null;null;
284197579;Mccain Crispy French Fries 900G;£2.00;£2.23/kg;Frozen Chips, Potatoes & Onion Rings;Frozen Chips;null;null;null;null;null;null;null;null;
282059770;Tesco Crinkle Cut Oven Chips 900G;£1.00;£1.12/kg;Frozen Chips, Potatoes & Onion Rings;Frozen Chips;173;2.9;null;0.8;4.0;1.5;3.4;0.2;
260971137;Mccain Rustic Oven Chips 1Kg;£1.75;£1.75/kg;Frozen Chips, Potatoes & Onion Rings;Frozen Chips;null;null;null;null;null;null;null;null;
284197533;Mccain Crispy French Fries 1.4Kg;£2.80;£2.00/kg;Frozen Chips, Potatoes & Onion Rings;Frozen Chips;null;null;null;null;null;null;null;null;
254746615;Mccain Micro Chips 4 X 100G;£1.80;£4.50/kg;Frozen Chips, Potatoes & Onion Rings;Frozen Chips;null;null;null;null;null;null;null;null;
282060214;Tesco Thin And Crispy Oven Chips 1.5Kg;£1.50;£1.00/kg;Frozen Chips, Potatoes & Onion Rings;Frozen Chips;240;4.1;null;0.9;6.4;0.7;5.6;0.7;
282052662;Tesco Crinkle Cut Oven Chips 1.5Kg;£1.50;£1.00/kg;Frozen Chips, Potatoes & Onion Rings;Frozen Chips;173;2.9;null;0.8;4.0;1.5;3.4;0.2;
279782798;Mccain Quick Cook French Fries 750G;£2.50;£3.34/kg;Frozen Chips, Potatoes & Onion Rings;Frozen Chips;null;null;null;null;null;null;null;null;
268449525;Mccain French Fries 1.5Kg;£3.30;£2.20/kg;Frozen Chips, Potatoes & Onion Rings;Frozen Chips;null;null;null;null;null;null;null;null;
282059879;Tesco Curly Fries 700G;£1.50;£2.15/kg;Frozen Chips, Potatoes & Onion Rings;Frozen Chips;243;3.4;null;1.2;10.4;1.2;3.3;0.5;
282266887;Tesco Thin And Crispy Oven Chips 900G;£1.00;£1.12/kg;Frozen Chips, Potatoes & Onion Rings;Frozen Chips;240;4.1;null;0.9;6.4;0.7;5.6;0.8;
261202287;Mccain Southern Fries 750G;£2.00;£2.67/kg;Frozen Chips, Potatoes & Onion Rings;Frozen Chips;null;null;null;null;null;null;null;null;
263007170;Mccain Curly Fries 750G;£2.75;£3.67/kg;Frozen Chips, Potatoes & Onion Rings;Frozen Chips;null;null;null;null;null;null;null;null;
254746575;Mccain Oven Chips 907G;£1.75;£1.93/kg;Frozen Chips, Potatoes & Onion Rings;Frozen Chips;null;null;null;null;null;null;null;null;
282060197;Tesco Straight Cut Oven Chips 1.5Kg;£1.50;£1.00/kg;Frozen Chips, Potatoes & Onion Rings;Frozen Chips;179;3.0;null;0.4;4.4;0.6;3.8;0.3;
287391690;Mccain The Original Oven Chips 2.25Kg;£3.89;£1.73/kg;Frozen Chips, Potatoes & Onion Rings;Frozen Chips;null;null;null;null;null;null;null;null;
286999635;Tesco Salt And Pepper Crinkle Chips 750G;£1.50;£2.00/kg;Frozen Chips, Potatoes & Onion Rings;Frozen Chips;188;3.6;null;0.5;6.7;0.9;2.4;0.5;
259411635;Mccain Micro Chips Crinkles 4 X 100G;£1.80;£4.50/kg;Frozen Chips, Potatoes & Onion Rings;Frozen Chips;null;null;null;null;null;null;null;null;
253329322;Original Microwave Fries To Go 3 X 90G;£2.00;£7.41/kg;Frozen Chips, Potatoes & Onion Rings;Frozen Chips;null;null;null;null;null;null;null;null;
278941013;Country Store Steak Cut Chips 2.5Kg;£2.15;£0.86/kg;Frozen Chips, Potatoes & Onion Rings;Frozen Chips;137;2.3;null;0.9;2.6;0.3;4.1;0.2;
255922025;Tesco Everyday Value 3 Way Cook Chips 1.5Kg;£0.82;£0.55/kg;Frozen Chips, Potatoes & Onion Rings;Frozen Chips;155;2.8;null;0.1;4.6;0.8;1.9;0.1;
284197366;Mccain Crinkle Cut Home Chips 900G;£1.75;£1.95/kg;Frozen Chips, Potatoes & Onion Rings;Frozen Chips;null;null;null;null;null;null;null;null;
257299505;Mccain Crinkle Oven Chips 907G;£1.75;£1.93/kg;Frozen Chips, Potatoes & Onion Rings;Frozen Chips;null;null;null;null;null;null;null;null;
256116235;Mccain Crinkle Cut Home Chips 1.5Kg;£2.50;£1.67/kg;Frozen Chips, Potatoes & Onion Rings;Frozen Chips;null;null;null;null;null;null;null;null;
253297888;Mccain Home Chips 2.25Kg;£3.89;£1.73/kg;Frozen Chips, Potatoes & Onion Rings;Frozen Chips;null;null;null;null;null;null;null;null;
252973182;Mccain Home Chips 1.5Kg;£2.50;£1.67/kg;Frozen Chips, Potatoes & Onion Rings;Frozen Chips;null;null;null;null;null;null;null;null;
285679428;Tesco Homestyle Crinkle Cut Chips 950G;£1.50;£1.58/kg;Frozen Chips, Potatoes & Onion Rings;Frozen Chips;201;3.0;null;0.4;8.5;0.9;3.5;0.4;
258347309;Mccain Extra Chunky Home Chips 1Kg;£2.60;£2.60/kg;Frozen Chips, Potatoes & Onion Rings;Frozen Chips;null;null;null;null;null;null;null;null;
258601752;Tesco Finest British Chunky Oven Chips 1.5Kg;£2.50;£1.67/kg;Frozen Chips, Potatoes & Onion Rings;Frozen Chips;192;2.3;null;0.5;4.1;0.7;2.7;0.5;
284197775;Mccain Crinkle Oven Chips 1.5Kg;£2.00;£1.34/kg;Frozen Chips, Potatoes & Onion Rings;Frozen Chips;null;null;null;null;null;null;null;null;
279570726;Tesco Sweet Potato Oven Chips 500G;£2.29;£4.58/kg;Frozen Chips, Potatoes & Onion Rings;Frozen Chips;141;2.5;null;9.8;5.7;0.7;3.7;0.6;
284197406;Mccain Home Chips 900G;£1.75;£1.95/kg;Frozen Chips, Potatoes & Onion Rings;Frozen Chips;null;null;null;null;null;null;null;null;
285679405;Tesco Homestyle Straight Cut Oven Chips 950G;£1.50;£1.58/kg;Frozen Chips, Potatoes & Onion Rings;Frozen Chips;201;3.0;null;0.4;8.5;0.9;3.5;0.4;
279446172;Tesco Beer Battered Onion Rings 500G;£1.50;£3.00/kg;Frozen Chips, Potatoes & Onion Rings;Frozen Onion Rings;276;5.8;null;5.0;11.6;0.9;4.6;0.6;
257218318;Tesco Breaded Onion Rings 750G;£1.50;£2.00/kg;Frozen Chips, Potatoes & Onion Rings;Frozen Onion Rings;299;5.2;null;5.0;12.9;1.0;5.2;0.4;
287169234;Tesco Free From Battered Onion Rings 375G;£2.00;£5.34/kg;Frozen Chips, Potatoes & Onion Rings;Frozen Onion Rings;167;1.7;null;4.8;6.8;0.9;0.8;1.0;
268266126;Aunt Bessie's Onion Rings 375G;£1.75;£4.67/kg;Frozen Chips, Potatoes & Onion Rings;Frozen Onion Rings;907kJ 1177kJ;2.4;null;null;13;null;2.5;1.1;
286942490;Aunt Bessie's Cheese Onion Rings 500G;£1.79;£3.58/kg;Frozen Chips, Potatoes & Onion Rings;Frozen Onion Rings;913kJ 830kJ;3.3;null;null;10;null;2.3;0.76;
275435404;Aunt Bessie's Homestyle Roast Potatoes 1.6Kg;£3.00;£1.88/kg;Frozen Chips, Potatoes & Onion Rings;Frozen Potatoes;579kJ 699kJ;1.8;null;null;5.0;null;2.2;0.40;
286999572;Mccain American Barbecue Wedges 750G;£2.00;£2.67/kg;Frozen Chips, Potatoes & Onion Rings;Frozen Potatoes;null;null;null;null;null;null;null;null;
284353994;Tesco Homestyle Roast Potatoes 900G;£1.50;£1.67/kg;Frozen Chips, Potatoes & Onion Rings;Frozen Potatoes;127;2.5;null;0.2;2.7;0.3;2.5;0.4;
279570726;Tesco Sweet Potato Oven Chips 500G;£2.29;£4.58/kg;Frozen Chips, Potatoes & Onion Rings;Frozen Potatoes;141;2.5;null;9.8;5.7;0.7;3.7;0.6;
287489834;Mccain Mash 650G;£1.50;£2.31/kg;Frozen Chips, Potatoes & Onion Rings;Frozen Potatoes;null;null;null;null;null;null;null;null;
271513704;Aunt Bessie's Special Roast Potatoes 700G;£2.00;£2.86/kg;Frozen Chips, Potatoes & Onion Rings;Frozen Potatoes;506kJ 682kJ;0.9;null;null;4.2;null;1.5;0.40;
264802344;Tesco Spicy Potato Wedges 750G;£1.00;£1.34/kg;Frozen Chips, Potatoes & Onion Rings;Frozen Potatoes;145;2.9;null;0.5;3.7;0.4;2.6;null;
285679388;Tesco Roast Potatoes 800G;£0.80;£1.00/kg;Frozen Chips, Potatoes & Onion Rings;Frozen Potatoes;118;1.8;null;0.3;2.5;0.4;1.9;0.5;
261131687;Mccain Lightly Spiced Wedges 750G;£1.00;£1.34/kg;Frozen Chips, Potatoes & Onion Rings;Frozen Potatoes;null;null;null;null;null;null;null;null;
262507651;Tesco Mashed Potato 650G;£1.00;£1.54/kg;Frozen Chips, Potatoes & Onion Rings;Frozen Potatoes;101;2.2;null;1.8;2.6;1.7;1.7;0.5;
282054049;Mccain Special Roast Potatoes 700G;null;null;Frozen Chips, Potatoes & Onion Rings;Frozen Potatoes;null;null;null;null;null;null;null;null;
285679463;Tesco Finest Goose Fat Roast Potatoes 800G;£2.00;£2.50/kg;Frozen Chips, Potatoes & Onion Rings;Frozen Potatoes;188;2.1;null;1.5;6.3;1.4;2.6;0.3;
274455105;Birds Eye Hash Brown Waffles 459G;£1.65;£3.60/kg;Frozen Chips, Potatoes & Onion Rings;Frozen Potatoes;null;2.9;null;null;10.1;null;1.8;1.2;
267361094;Aunt Bessie's Midweek Mini Roasties 700G;£1.99;£2.85/kg;Frozen Chips, Potatoes & Onion Rings;Frozen Potatoes;543kJ 670kJ;2.1;null;null;2.7;null;2.0;null;
268726756;Mccain Mexican Wedges 750G;£2.00;£2.67/kg;Frozen Chips, Potatoes & Onion Rings;Frozen Potatoes;null;null;null;null;null;null;null;null;
277314942;Birds Eye 18 Potato Waffles 1.02Kg;£2.60;£2.55/kg;Frozen Chips, Potatoes & Onion Rings;Frozen Potatoes;null;2.5;null;null;8.7;null;1.7;0.75;
253451090;Aunt Bessie's Crispy Roast Potatoes 907G;£1.95;£2.15/kg;Frozen Chips, Potatoes & Onion Rings;Frozen Potatoes;579kJ 699kJ;1.8;null;null;5.0;null;2.2;0.40;
277314723;Birds Eye 10 Potato Waffles 567G;£1.48;£2.62/kg;Frozen Chips, Potatoes & Onion Rings;Frozen Potatoes;null;2.5;null;null;8.7;null;1.7;0.75;
286999595;Tesco Potato Lattices 550G;£1.00;£1.82/kg;Frozen Chips, Potatoes & Onion Rings;Frozen Potatoes;280;4.1;null;1.0;13.1;1.6;3.6;0.8;
282526874;Mccain Roasted Garlic Wedges 750G;£2.00;£2.67/kg;Frozen Chips, Potatoes & Onion Rings;Frozen Potatoes;null;null;null;null;null;null;null;null;
256168743;Mccain Smiles 454G;£1.60;£2.83/kg;Frozen Chips, Potatoes & Onion Rings;Frozen Potatoes;null;null;null;null;null;null;null;null;
286999687;Tesco Sweet Potato Chunks 600G;£1.50;£2.50/kg;Frozen Chips, Potatoes & Onion Rings;Frozen Potatoes;59;1.5;null;2.7;0.2;0.1;2.2;0.1;
287303462;Tesco Potato Croquettes 700G;£1.00;£1.43/kg;Frozen Chips, Potatoes & Onion Rings;Frozen Potatoes;208;3.3;null;0.8;9.1;1.0;3.2;0.4;
272423694;Mccain 4 Ready Baked Jackets 800G;£2.00;£2.50/kg;Frozen Chips, Potatoes & Onion Rings;Frozen Potatoes;null;null;null;null;null;null;null;null;
277302979;Birds Eye Mini Potato Waffles 456G;£2.00;£4.39/kg;Frozen Chips, Potatoes & Onion Rings;Frozen Potatoes;null;2.5;null;null;8.7;null;1.7;0.75;
282059931;Tesco Hash Browns 750G;£1.00;£1.34/kg;Frozen Chips, Potatoes & Onion Rings;Frozen Potatoes;187;2.1;null;0.3;9.5;1.1;2.6;0.6;
265532707;Bannisters Farm 4 Ready Baked Potatoes 800G;£2.00;£2.50/kg;Frozen Chips, Potatoes & Onion Rings;Frozen Potatoes;99;2.7;null;null;0.3;null;3.9;0.10;
273167148;Mccain 2 Ready Baked Jackets 400G;£1.65;£4.13/kg;Frozen Chips, Potatoes & Onion Rings;Frozen Potatoes;null;null;null;null;null;null;null;null;
268652946;Tesco Potato Zoo 500G;£1.00;£2.00/kg;Frozen Chips, Potatoes & Onion Rings;Frozen Potatoes;155;2.5;null;0.6;5.0;2.8;2.1;0.5;
284354209;Tesco Crispy Potato Footballs 500G;£1.00;£2.00/kg;Frozen Chips, Potatoes & Onion Rings;Frozen Potatoes;194;2.8;null;0.9;7.4;0.9;2.2;0.4;
263565176;Tesco 12 Potato Waffles 680G;£1.00;£1.48/kg;Frozen Chips, Potatoes & Onion Rings;Frozen Potatoes;196;2.3;null;0.6;9.9;1.2;3.0;0.4;
287841302;Mccain Potato Croquettes 550G;£1.50;£2.73/kg;Frozen Chips, Potatoes & Onion Rings;Frozen Potatoes;null;null;null;null;null;null;null;null;
282059833;Tesco Crispy Potatoes 750G;£1.00;£1.34/kg;Frozen Chips, Potatoes & Onion Rings;Frozen Potatoes;182;3.4;null;0.4;4.6;0.6;4.5;0.4;
285981686;Mccain Hash Browns 625G;£1.50;£2.40/kg;Frozen Chips, Potatoes & Onion Rings;Frozen Potatoes;null;null;null;null;null;null;null;null;
266447628;Tesco Potato Alphabet 500G;£1.00;£2.00/kg;Frozen Chips, Potatoes & Onion Rings;Frozen Potatoes;181;2.4;null;0.3;7.5;1.2;2.9;0.6;
272124973;Bisto Bangers And Mash 375G;£1.00;£2.67/kg;Frozen Ready Meals;Frozen Classics & Roast Dinners;101;3.3;null;null;3.6;null;1.4;0.63;
274578582;Tesco Everyday Value 2 Cheese Omelettes 200G;£1.00;£5.00/kg;Frozen Ready Meals;Frozen Classics & Roast Dinners;210;12.9;null;0.8;15.9;6.6;0.5;0.9;
274578720;Tesco Everyday Value Sliced Beef In Gravy 210G;£1.00;£4.77/kg;Frozen Ready Meals;Frozen Classics & Roast Dinners;65;5.6;null;0.1;2.7;1.0;1.5;1.0;
287490132;Bisto Premium Beef In Red Wine 375G;£2.00;£5.34/kg;Frozen Ready Meals;Frozen Classics & Roast Dinners;78Kcal;4.9;null;null;1.7;null;1.4;0.45;
274662758;Tesco Classic Minced Beef Filled Yorkshire 385G;£1.50;£3.90/kg;Frozen Ready Meals;Frozen Classics & Roast Dinners;173;6.1;null;2.1;5.9;1.3;2.0;0.6;
274578789;Tesco Everyday Value Cheese Burger And Chips 220G;£1.00;£4.55/kg;Frozen Ready Meals;Frozen Classics & Roast Dinners;211;8.8;null;1.0;7.8;2.9;3.1;0.8;
274669405;Tesco Classic All Day Breakfast 400G;£1.50;£3.75/kg;Frozen Ready Meals;Frozen Classics & Roast Dinners;168;8.0;null;2.4;8.0;1.7;3.0;1.0;
265217616;Bisto Toad In The Hole 300G;£1.00;£3.34/kg;Frozen Ready Meals;Frozen Classics & Roast Dinners;201;9.6;null;null;7.0;null;3.0;0.63;
287489984;Bisto Lamb Platter 400G;null;null;Frozen Ready Meals;Frozen Classics & Roast Dinners;104;5.0;null;null;3.7;null;2.3;0.55;
274683554;Tesco Classic Hunters Chicken With Wedges 400G;£1.50;£3.75/kg;Frozen Ready Meals;Frozen Classics & Roast Dinners;128;10.5;null;4.3;3.3;1.4;1.5;0.4;
285334687;Bisto Chips And Gravy 375G;£1.00;£2.67/kg;Frozen Ready Meals;Frozen Classics & Roast Dinners;102;1.7;null;null;2.6;null;1.5;0.80;
256015268;Aunt Bessie's Toad In The Hole 190G;£1.50;£7.90/kg;Frozen Ready Meals;Frozen Classics & Roast Dinners;861kJ 1916kJ;9.1;null;null;11;null;1.4;0.83;
274091811;Bisto Roast Chicken Dinner 400G;£2.00;£5.00/kg;Frozen Ready Meals;Frozen Classics & Roast Dinners;105;8.0;null;null;3.3;null;2.2;0.60;
274669532;Tesco Classic Beef Dinner 400G;£1.50;£3.75/kg;Frozen Ready Meals;Frozen Classics & Roast Dinners;85;5.3;null;1.7;1.6;0.3;1.8;0.6;
282049626;Mr. Brain's 6 Pork Faggots 656G;£1.45;£2.22/kg;Frozen Ready Meals;Frozen Classics & Roast Dinners;365kJ 799kJ 10% 8400kJ;6.0;null;null;2.2;null;null;1.3;
274670264;Tesco Classic Chicken Dinner 400G;£1.50;£3.75/kg;Frozen Ready Meals;Frozen Classics & Roast Dinners;109;10.1;null;1.4;3.0;1.0;2.2;0.4;
285279677;Bisto Roast Turkey Dinner 400G;£2.00;£5.00/kg;Frozen Ready Meals;Frozen Classics & Roast Dinners;82 ;4.0;null;null;1.9;null;1.9;0.58;
287490152;Bisto Premium Chicken Casserole 375G;£2.00;£5.34/kg;Frozen Ready Meals;Frozen Classics & Roast Dinners;82Kcal;5.7;null;null;2.0;null;1.2;0.61;
274091575;Bisto Roast Beef Dinner 400G;£2.00;£5.00/kg;Frozen Ready Meals;Frozen Classics & Roast Dinners;90;6.0;null;null;2.1;null;2.1;0.49;
282049540;Mr. Brain's 4 Pork Faggots 439G;£0.98;£2.24/kg;Frozen Ready Meals;Frozen Classics & Roast Dinners;365kJ 803kJ 10% 8400kJ;6.0;null;null;2.2;null;null;1.3;
274949466;Tesco Everyday Value Toad In The Hole 250G;£1.00;£4.00/kg;Frozen Ready Meals;Frozen Classics & Roast Dinners;212;10.7;null;2.0;7.0;1.9;2.3;0.8;
282489911;Tesco Indian Chicken Tikka Masala With Rice 375G;£1.50;£4.00/kg;Frozen Ready Meals;Frozen Curries, Rice & Noodle Dishes;192;9.1;null;2.1;7.6;1.9;1.6;0.6;
285279723;Tesco Everyday Value Barbecue Chicken And Rice 350G;£1.00;£2.86/kg;Frozen Ready Meals;Frozen Curries, Rice & Noodle Dishes;147;7.0;null;4.3;1.6;0.4;1.9;0.4;
285333469;Tesco Spanish Chicken And Chorizo Paella 375G;£1.50;£4.00/kg;Frozen Ready Meals;Frozen Curries, Rice & Noodle Dishes;119;6.3;null;2.5;3.1;1.0;2.0;0.6;
264390576;Sharwoods Sweet And Sour Chicken With Rice 375G;£1.00;£2.67/kg;Frozen Ready Meals;Frozen Curries, Rice & Noodle Dishes;141;5.7;null;null;0.5;null;1.2;0.33;
285333930;Bisto Chilli Con Carne 375G;£1.00;£2.67/kg;Frozen Ready Meals;Frozen Curries, Rice & Noodle Dishes;149;6.1;null;null;3.8;null;4.0;0.87;
282489836;Tesco Chinese Chicken Chow Mein 375G;£1.50;£4.00/kg;Frozen Ready Meals;Frozen Curries, Rice & Noodle Dishes;126;10.3;null;3.4;2.4;0.3;1.8;0.6;
285334071;Bisto Chicken Supreme 375G;£1.00;£2.67/kg;Frozen Ready Meals;Frozen Curries, Rice & Noodle Dishes;124;6.2;null;null;1.3;null;1.0;0.49;
287490025;Sharwoods Chow Mein Chicken With Noodles 340G;£1.00;£2.95/kg;Frozen Ready Meals;Frozen Curries, Rice & Noodle Dishes;88;4.9;null;null;1.6;null;1.2;0.60;
287490092;Sharwoods Premium Sweet And Sour 375G;£2.00;£5.34/kg;Frozen Ready Meals;Frozen Curries, Rice & Noodle Dishes;152;6.1;null;null;3.7;null;1.7;0.36;
264390582;Sharwoods Chicken Korma With Rice 375G;£1.00;£2.67/kg;Frozen Ready Meals;Frozen Curries, Rice & Noodle Dishes;164;5.7;null;null;4.4;null;1.7;0.40;
282489957;Tesco Chinese Sweet And Sour Chicken 375G;£1.50;£4.00/kg;Frozen Ready Meals;Frozen Curries, Rice & Noodle Dishes;137;4.9;null;8.2;2.8;0.3;1.7;0.3;
287249825;Tesco Chicken In Black Bean Sauce And Egg Fried Rice 375G;£1.50;£4.00/kg;Frozen Ready Meals;Frozen Curries, Rice & Noodle Dishes;124;7.1;null;1.9;3.7;0.4;0.7;0.5;
285333521;Tesco Chinese Chicken Curried Rice 350G;£1.50;£4.29/kg;Frozen Ready Meals;Frozen Curries, Rice & Noodle Dishes;148;9.5;null;2.1;2.8;1.5;2.0;0.4;
282489871;Tesco Chicken Korma With Pilau Rice 375G;£1.50;£4.00/kg;Frozen Ready Meals;Frozen Curries, Rice & Noodle Dishes;189;9.0;null;2.5;7.6;2.1;1.4;0.6;
287249687;Tesco Chicken Madras And Pilau Rice 375G;£1.50;£4.00/kg;Frozen Ready Meals;Frozen Curries, Rice & Noodle Dishes;117;6.3;null;1.4;4.1;0.8;0.2;0.5;
274578829;Tesco Everyday Value Chicken Curry 400G;£1.00;£2.50/kg;Frozen Ready Meals;Frozen Curries, Rice & Noodle Dishes;119;5.1;null;1.1;2.9;1.8;1.8;0.5;
287490077;Sharwoods Premium Butter Chicken 375G;£2.00;£5.34/kg;Frozen Ready Meals;Frozen Curries, Rice & Noodle Dishes;149;7.0;null;null;4.0;null;2.2;0.47;
264390599;Sharwoods Chicken Tikka Masala With Rice 375G;£1.00;£2.67/kg;Frozen Ready Meals;Frozen Curries, Rice & Noodle Dishes;128;5.3;null;null;2.7;null;1.0;0.51;
264609412;Youngs Fisherman's Pie 340G;£1.50;£4.42/kg;Frozen Ready Meals;Frozen Fish Pies & Fish Meals;467kJ 1414kJ;5.6;null;null;4.0;null;0.8;0.7;
259738709;Youngs Admiral's Pie 340G;£2.00;£5.89/kg;Frozen Ready Meals;Frozen Fish Pies & Fish Meals;536kJ 1640kJ;5.6;null;null;6.0;null;1.0;0.6;
285435700;Youngs Salmon Crumble 340G;£1.50;£4.42/kg;Frozen Ready Meals;Frozen Fish Pies & Fish Meals;492kJ 1574kJ;5.1;null;null;4.1;null;0.8;0.6;
285435781;Youngs Gastro Salmon Pollock And Tomato Bake 380G;£2.50;£6.58/kg;Frozen Ready Meals;Frozen Fish Pies & Fish Meals;556kJ 1923kJ - 8400kJ;7.7;null;null;5.9;null;1.2;0.4;
285435412;Youngs Gastro Cod Spinach And Cheese Gratin 380G;£2.50;£6.58/kg;Frozen Ready Meals;Frozen Fish Pies & Fish Meals;609kJ 1990kJ - 8400kJ;7.4;null;null;7.1;null;1.4;0.4;
265531069;Bisto Cottage Pie 375G;£1.00;£2.67/kg;Frozen Ready Meals;Frozen Hotpots, Cottage Pies & Shepherds Pies;85;4.0;null;null;2.6;null;0.8;0.55;
285334756;Bisto Cumberland Pie 375G;£1.00;£2.67/kg;Frozen Ready Meals;Frozen Hotpots, Cottage Pies & Shepherds Pies;93;4.7;null;null;3.0;null;1.1;0.68;
282718987;Bisto Chicken Hotpot 375G;£1.00;£2.67/kg;Frozen Ready Meals;Frozen Hotpots, Cottage Pies & Shepherds Pies;85;4.6;null;null;2.3;null;1.2;0.5;
274579241;Tesco Everyday Value Shepherds Pie 400G;£1.00;£2.50/kg;Frozen Ready Meals;Frozen Hotpots, Cottage Pies & Shepherds Pies;99;6.1;null;1.2;3.6;1.9;1.1;0.6;
274661828;Tesco Classic Lamb Hotpot 400G;£1.50;£3.75/kg;Frozen Ready Meals;Frozen Hotpots, Cottage Pies & Shepherds Pies;123;5.1;null;2.0;5.2;1.5;2.4;0.6;
274579189;Tesco Everyday Value Minced Beef Hotpot 400G;£1.00;£2.50/kg;Frozen Ready Meals;Frozen Hotpots, Cottage Pies & Shepherds Pies;122;5.2;null;1.8;5.6;2.0;1.6;0.5;
274578870;Tesco Everyday Value Chicken Hotpot 400G;£1.00;£2.50/kg;Frozen Ready Meals;Frozen Hotpots, Cottage Pies & Shepherds Pies;86;4.5;null;1.4;2.8;0.4;1.6;0.5;
265531226;Bisto Shepherd's Pie 375G;£1.00;£2.67/kg;Frozen Ready Meals;Frozen Hotpots, Cottage Pies & Shepherds Pies;91;4.5;null;null;3.5;null;1.1;0.38;
272142156;Bisto Minced Beef Hot Pot 375G;£1.00;£2.67/kg;Frozen Ready Meals;Frozen Hotpots, Cottage Pies & Shepherds Pies;97;4.1;null;null;3.6;null;1.4;0.55;
274579068;Tesco Everyday Value Cottage Pie 400G;£1.00;£2.50/kg;Frozen Ready Meals;Frozen Hotpots, Cottage Pies & Shepherds Pies;111;5.3;null;1.2;5.3;2.6;0.8;0.5;
287740456;Tesco Classic Cumberland Pie 400G;£1.50;£4.00/kg;Frozen Ready Meals;Frozen Hotpots, Cottage Pies & Shepherds Pies;111;5.5;null;1.3;5.4;2.7;1.4;0.4;
285333878;Tesco Everyday Value Cheese And Tomato Pasta 350G;£1.00;£2.86/kg;Frozen Ready Meals;Frozen Lasagne, Spaghetti Bolognese & Pasta;137;4.7;null;4.7;2.9;1.2;2.2;0.6;
274669653;Tesco Italian Beef Lasagne 400G;£1.50;£3.75/kg;Frozen Ready Meals;Frozen Lasagne, Spaghetti Bolognese & Pasta;151;7.1;null;2.5;7.5;3.4;0.9;0.5;
277866812;Bisto Spaghetti Bolognese 375G;£1.00;£2.67/kg;Frozen Ready Meals;Frozen Lasagne, Spaghetti Bolognese & Pasta;319;15.4;null;null;6.8;null;4.5;1.5;
285313545;Tesco Italian Creamy Cheese And Bacon Spaghetti 375G;£1.50;£4.00/kg;Frozen Ready Meals;Frozen Lasagne, Spaghetti Bolognese & Pasta;176;7.5;null;0.8;8.2;4.4;1.3;0.6;
287740525;Tesco Everyday Value Macaroni Cheese 400G;£1.00;£2.67/kg;Frozen Ready Meals;Frozen Lasagne, Spaghetti Bolognese & Pasta;114;3.6;null;1.1;2.7;1.7;1.4;0.5;
287135044;Tesco Italian Spaghetti And Meatballs 400G;£1.50;£3.75/kg;Frozen Ready Meals;Frozen Lasagne, Spaghetti Bolognese & Pasta;127;5.7;null;2.8;4.3;1.6;1.9;0.6;
287134903;Tesco Italian Chicken And Bacon Risotto 350G;£1.50;£4.29/kg;Frozen Ready Meals;Frozen Lasagne, Spaghetti Bolognese & Pasta;154;7.4;null;1.5;5.3;2.9;0.7;0.5;
285313361;Tesco Italian Spicy Chicken And Tomato Pasta 375G;£1.50;£4.00/kg;Frozen Ready Meals;Frozen Lasagne, Spaghetti Bolognese & Pasta;130;8.6;null;3.3;2.1;0.8;1.8;0.6;
277857610;Bisto Beef Lasagne 375G;£1.00;£2.67/kg;Frozen Ready Meals;Frozen Lasagne, Spaghetti Bolognese & Pasta;90;4.2;null;null;2.5;null;0.8;0.53;
284355312;Birds Eye Mediterranean Vegetable Penne Pasta 350G;£2.00;£5.72/kg;Frozen Ready Meals;Frozen Lasagne, Spaghetti Bolognese & Pasta;null;3.4;null;null;3.7;null;1.8;0.40;
284355220;Birds Eye Creamy Cheese Penne Pasta 350G;£2.00;£5.72/kg;Frozen Ready Meals;Frozen Lasagne, Spaghetti Bolognese & Pasta;null;5.0;null;null;3.8;null;2.4;0.43;
286811490;Kerry Low Low Chicken Tikka Masala 320G;£1.50;£4.69/kg;Frozen Ready Meals;Frozen Weight Watchers & Healthy Meals;431kJ 1380kJ;4.8;null;null;1.4;null;0.9;0.4;
286810180;Kerry Low Low Spaghetti Bolognese 320G;£1.50;£4.69/kg;Frozen Ready Meals;Frozen Weight Watchers & Healthy Meals;418kJ 1338kJ;5.1;null;null;3.5;null;1.2;0.51;
287196299;Kerry Low Low Sweet And Sour Chicken 320G;£1.50;£4.69/kg;Frozen Ready Meals;Frozen Weight Watchers & Healthy Meals;363kJ 1160kJ;4.3;null;null;0.5;null;0.5;0.5;
287001592;Tesco Healthy Living Thai Green Chicken Curry 350G;£1.50;£4.29/kg;Frozen Ready Meals;Frozen Weight Watchers & Healthy Meals;96;6.5;null;2.8;1.9;1.2;1.3;0.3;
261261008;Weight Watchers Chicken Curry 320G;£1.70;£5.32/kg;Frozen Ready Meals;Frozen Weight Watchers & Healthy Meals;396 kJ 1267 kJ 15%;5.1;null;null;1.1;null;0.4;0.5;
261721749;Weight Watchers Ocean Pie 300G;£1.70;£5.67/kg;Frozen Ready Meals;Frozen Weight Watchers & Healthy Meals;278 kJ 834 kJ 10%;4.7;null;null;0.8;null;0.8;0.6;
286810030;Kerry Low Low Chicken Hotpot 320G;£1.50;£4.69/kg;Frozen Ready Meals;Frozen Weight Watchers & Healthy Meals;168kJ 737kJ;4.1;null;null;1.3;null;1.0;0.5;
261261164;Weight Watchers Chicken Hotpot 320G;£1.70;£5.32/kg;Frozen Ready Meals;Frozen Weight Watchers & Healthy Meals;350kJ 1120kJ 13%;5.4;null;null;1.9;null;1.0;0.6;
277599523;Weight Watchers Chicken Tikka Masala 320G;£2.00;£6.25/kg;Frozen Ready Meals;Frozen Weight Watchers & Healthy Meals;470kJ 1504kJ 18%;5.9;null;null;2.2;null;0.6;0.3;
277598674;Weight Watchers Tomato And Basil Chicken 320G;£2.00;£6.25/kg;Frozen Ready Meals;Frozen Weight Watchers & Healthy Meals;347kJ 1112kJ 13%;5.1;null;null;1.7;null;1.4;0.4;
282694881;Weight Watchers Classic Cottage Pie 320G;£1.70;£5.32/kg;Frozen Ready Meals;Frozen Weight Watchers & Healthy Meals;262 kJ 837 kJ 10%;3.2;null;null;1.4;null;0.9;0.6;
261289546;Weight Watchers Salmon Broccoli Wedge Melt 320G;£2.00;£6.25/kg;Frozen Ready Meals;Frozen Weight Watchers & Healthy Meals;371kJ 1187kJ 14%;5.8;null;null;2.0;null;1.1;0.5;
287001519;Tesco Healthy Living Chicken Tikka Masala 350G;£1.50;£4.29/kg;Frozen Ready Meals;Frozen Weight Watchers & Healthy Meals;99;7.7;null;2.7;1.1;0.5;3.4;0.4;
251111317;Weight Watchers Beef Hotpot 320G;£1.70;£5.32/kg;Frozen Ready Meals;Frozen Weight Watchers & Healthy Meals;343kJ 1097kJ 13%;3.9;null;null;2.5;null;1.3;0.6;
261722011;Weight Watchers Beef Lasagne 300G;£1.70;£5.67/kg;Frozen Ready Meals;Frozen Weight Watchers & Healthy Meals;null;6.1;null;null;2.6;null;0.4;null;
277599166;Weight Watchers Chicken And Lemon Risotto 320G;£2.00;£6.25/kg;Frozen Ready Meals;Frozen Weight Watchers & Healthy Meals;null;6.3;null;null;1.6;null;0.6;0.5;
263085790;Weight Watchers Spaghetti Bolognese 320G;£1.70;£5.32/kg;Frozen Ready Meals;Frozen Weight Watchers & Healthy Meals;400 kJ 1281 kJ 15%;5.2;null;null;1.6;null;1.0;0.5;
277599500;Weight Watchers Sweet And Sour Chicken 320G;£2.00;£6.25/kg;Frozen Ready Meals;Frozen Weight Watchers & Healthy Meals;414 kJ 1324 kJ 16 %;5.0;null;null;0.4;null;0.5;0.2;
287001646;Tesco Healthy Living Chicken And Lemon Risotto 350G;£1.50;£4.29/kg;Frozen Ready Meals;Frozen Weight Watchers & Healthy Meals;103;7.2;null;2.7;1.7;0.9;1.6;0.4;
287001681;Tesco Healthy Living Sweet Chilli Chicken Noodles 350G;£1.50;£4.29/kg;Frozen Ready Meals;Frozen Weight Watchers & Healthy Meals;88;7.4;null;3.9;1.1;0.3;1.4;0.2;
286957075;Birds Eye Stir Your Senses Indian Curry 350G;£2.99;£8.55/kg;Frozen Ready Meals;Frozen Stir Cook Ready Meals;null;5.9;null;null;6.0;null;1.4;0.68;
286957455;Birds Eye Stir Your Senses Tagliatelle 350G;£2.99;£8.55/kg;Frozen Ready Meals;Frozen Stir Cook Ready Meals;null;4.8;null;null;8.3;null;2.4;0.83;
286957236;Birds Eye Stir Your Senses Thai Chicken Rice 350G;£2.99;£8.55/kg;Frozen Ready Meals;Frozen Stir Cook Ready Meals;null;5.3;null;null;3.0;null;1.5;0.34;
286957386;Birds Eye Stir Your Senses Rigatoni Carbonara 350G;£2.99;£8.55/kg;Frozen Ready Meals;Frozen Stir Cook Ready Meals;null;6.6;null;null;7.3;null;0.9;0.80;
286957121;Birds Eye Stir Your Senses Penne Arrabbiata 350G;£2.99;£8.55/kg;Frozen Ready Meals;Frozen Stir Cook Ready Meals;null;6.0;null;null;2.9;null;1.3;0.58;
286957334;Birds Eye Stir Your Senses Bolognese 350G;£2.99;£8.55/kg;Frozen Ready Meals;Frozen Stir Cook Ready Meals;null;6.8;null;null;6.5;null;2.4;0.79;
252234700;Birds Eye 4 Shortcrust Chicken Pies 620G;£2.50;£0.40/100g;Frozen Pies;Frozen Pies;null;8.2;null;null;16.0;null;1.1;0.83;
277132120;Tesco 2 Cheese And Onion Bakes 260G;£1.00;£0.39/100g;Frozen Pies;Frozen Pies;270;7.4;null;1.9;11.9;6.1;2.9;0.7;
277942716;Tesco 2 Steak Bakes 280G;£1.00;£0.36/100g;Frozen Pies;Frozen Pies;255;10.2;null;1.9;12.7;6.4;1.7;0.7;
287196351;Tesco Deep Fill Chicken Pie 600G;£2.50;£0.42/100g;Frozen Pies;Frozen Pies;203;9.9;null;1.3;8.2;3.3;1.0;0.7;
287196420;Tesco Deep Fill Steak Pie 600G;£2.50;£0.42/100g;Frozen Pies;Frozen Pies;225;11.1;null;1.4;9.4;3.9;0.9;0.6;
287490273;Tesco 4 Chicken And Bacon Pies 620G;£2.00;£0.35/100g;Frozen Pies;Frozen Pies;254;9.6;null;1.6;12.7;6.0;1.6;0.6;
285435988;Birdseye 4 Sausage And Bean Rolls 360G;£1.50;£0.42/100g;Frozen Pies;Frozen Pies;null;5.5;null;null;21.1;null;1.7;0.80;
287490250;Tesco 4 Steak Pies 568G;£2.00;£0.35/100g;Frozen Pies;Frozen Pies;254;9.6;null;1.6;12.7;6.0;1.6;0.6;
277132264;Tesco Everyday Value 4 Bean And Cheese Melts 400G;£1.00;£0.25/100g;Frozen Pies;Frozen Pies;275;8.6;null;2.2;11.5;5.9;4.6;0.8;
287490215;Tesco 2 Chicken Ham Hock And Leek Pies 400G;£2.50;£0.69/100g;Frozen Pies;Frozen Pies;272;9.8;null;1.7;15.3;7.6;1.4;0.7;
277249368;Birdseye 4 Sausage Rolls 360G;£1.50;£0.42/100g;Frozen Pies;Frozen Pies;null;6.1;null;null;22.0;null;0.9;null;
285489405;Hollands Guinness 2 Steak Puddings;£2.50;£1.25/each;Frozen Pies;Frozen Pies;833kJ 1441kJ 8400kJ -;8.8;null;null;8.7;null;14;0.72;
285489702;Hollands 2 Guinness Pastry Top Steak Pies;£2.50;£1.25/each;Frozen Pies;Frozen Pies;532kJ 1107kJ 8400kJ -;6.6;null;null;6.1;null;null;0.60;
277142442;Tesco 2 Chicken Bacon And Cheese Bakes 280G;£1.00;£0.36/100g;Frozen Pies;Frozen Pies;282;11.8;null;1.6;13.0;5.8;2.6;0.8;
272338933;Holland's 2 Steak And Kidney Puddings 358G;£2.00;£0.56/100g;Frozen Pies;Frozen Pies;817kJ 1462kJ - -;8.9;null;null;9.3;null;2.1;null;
287196489;Tesco 2 Sausage And Bean Bakes 280G;£1.00;£0.36/100g;Frozen Pies;Frozen Pies;274;7.4;null;2.8;14.0;7.1;2.2;0.9;
287490313;Tesco 4 Chicken And Vegetable Pies 620G;£2.00;£0.35/100g;Frozen Pies;Frozen Pies;205;9.3;null;1.9;7.9;3.7;2.3;0.8;
287490175;Tesco 2 Steak And Ale Pies 360G;£2.50;£0.69/100g;Frozen Pies;Frozen Pies;254;12.0;null;1.8;12.2;6.0;1.5;0.5;
277044126;Tesco 2 Creamy Chicken Bakes 280G;£1.00;£0.36/100g;Frozen Pies;Frozen Pies;280;9.7;null;1.9;14.8;7.7;2.3;0.7;
271216394;Birds Eye 4 Steak Pies 620G;£2.50;£0.40/100g;Frozen Pies;Frozen Pies;null;12.0;null;null;31.0;null;1.6;null;
253597239;Tesco Everyday Value 4 Chicken Vegetable Pies 484G;£1.00;£0.21/100g;Frozen Pies;Frozen Pies;259;6.6;null;2.0;12.7;4.8;1.8;0.8;
275141204;Aunt Bessie 12 Sage And Onion Stuffing Balls 310G;£1.00;£3.23/kg;Frozen Yorkshire Puddings & Stuffing;Frozen Stuffing;923kJ 265kJ;5.1;null;null;6.4;null;3.1;1.3;
268624066;Tesco Everyday Value 15 Yorkshire Puddings 230G;£0.49;£2.14/kg;Frozen Yorkshire Puddings & Stuffing;Frozen Yorkshire Puddings;235;7.2;null;5.1;7.0;0.7;2.1;0.6;
260181634;Tesco 12 Yorkshire Puddings 230G;£1.00;£4.35/kg;Frozen Yorkshire Puddings & Stuffing;Frozen Yorkshire Puddings;250;8.5;null;2.5;8.2;0.7;2.9;0.5;
253214849;Aunt Bessie's 12 Golden Yorkshires 220G;£1.00;£4.55/kg;Frozen Yorkshire Puddings & Stuffing;Frozen Yorkshire Puddings;1042kJ 194kJ;8.4;null;null;6.3;null;2.4;0.69;
267425866;Aunt Bessie 12 Sage And Onion Flavoured Yorkshires 220G;£1.40;£6.37/kg;Frozen Yorkshire Puddings & Stuffing;Frozen Yorkshire Puddings;1062kJ 197kJ;9.2;null;null;6.5;null;2.9;0.68;
266557966;Tesco Finest 6 Beef Dripping Yorkshire Puddings 195G;£1.20;£6.16/kg;Frozen Yorkshire Puddings & Stuffing;Frozen Yorkshire Puddings;312;8.6;null;2.6;16.9;5.8;2.3;0.6;
275236294;Aunt Bessie's 22 Golden Yorkshires 400G;£2.50;£6.25/kg;Frozen Yorkshire Puddings & Stuffing;Frozen Yorkshire Puddings;1042kJ 194kJ;8.4;null;null;6.3;null;2.4;0.69;
285434572;Aunt Bessie 8 Perfect For Sausage Yorkshires 290G;£1.50;£5.18/kg;Frozen Yorkshire Puddings & Stuffing;Frozen Yorkshire Puddings;1061kJ 413kJ;8.0;null;null;7.5;null;2.3;0.56;
277393501;Aunt Bessie's 2 Giant Yorkshires 230G;£1.75;£7.61/kg;Frozen Yorkshire Puddings & Stuffing;Frozen Yorkshire Puddings;1066kJ 1260kJ;9.1;null;null;6.3;null;2.3;0.58;
281824056;Tesco Free From 8 Yorkshire Puddings 124G;£1.50;£12.10/kg;Frozen Yorkshire Puddings & Stuffing;Frozen Yorkshire Puddings;253;10.2;null;1.2;9.3;1.6;2.0;0.4;
284801136;Aunt Bessie's 6 Homestyle Yorkshires 210G;£1.40;£6.67/kg;Frozen Yorkshire Puddings & Stuffing;Frozen Yorkshire Puddings;1121kJ 405kJ;8.9;null;null;9.5;null;1.9;0.73;
253214982;Aunt Bessie's Dumplings 390G;£1.65;£4.24/kg;Frozen Yorkshire Puddings & Stuffing;Frozen Yorkshire Puddings;1355kJ 689kJ;5.5;null;null;14;null;2.5;0.75;
282266985;Tesco 2 Giant Yorkshire Puddings 220G;£1.00;£4.55/kg;Frozen Yorkshire Puddings & Stuffing;Frozen Yorkshire Puddings;249;9.6;null;1.3;6.4;0.6;2.5;0.5;
254754415;Aunt Bessie's 12 Homebake Yorkshires 370G;£1.00;£2.71/kg;Frozen Yorkshire Puddings & Stuffing;Frozen Yorkshire Puddings;696kJ 328kJ;6.1;null;null;4.4;null;1.0;0.48;
253803694;Tesco 10 Garlic Bread Slices 260G;£1.00;£0.39/100g;Frozen Pizza & Garlic Bread;Frozen Garlic Bread;418;7.4;null;1.8;24.9;10.1;3.0;0.5;
257628780;Tesco 2 Garlic Baguettes 338G;£1.00;£0.30/100g;Frozen Pizza & Garlic Bread;Frozen Garlic Bread;369;7.5;null;2.2;18.8;8.7;1.9;0.9;
284717098;Tesco 6 Cheesy Garlic Bread Slices 200G;£1.25;£0.63/100g;Frozen Pizza & Garlic Bread;Frozen Garlic Bread;404;9.9;null;1.3;26.6;9.2;4.5;1.0;
287317820;Tesco Garlic Pizza Bread With Cheese 210G;£1.00;£0.48/100g;Frozen Pizza & Garlic Bread;Frozen Garlic Bread;341;9.5;null;1.7;15.3;2.9;2.6;1.0;
287318243;Tesco Low Fat Twin Garlic Baguettes 165G;£1.00;£0.61/100g;Frozen Pizza & Garlic Bread;Frozen Garlic Bread;287;8.0;null;1.9;7.8;2.2;3.0;1.0;
287314190;Tesco Cherry Tomato And Cheese Flatbread 245G;null;null;Frozen Pizza & Garlic Bread;Frozen Garlic Bread;252;8.9;null;3.1;4.5;1.4;4.6;0.8;
287249232;Chicago Town Deep Dish Chicken Club 344G;£1.25;£0.36/100g;Frozen Pizza & Garlic Bread;Frozen Pizza;null;11;null;null;9.6;null;null;0.98;
287853562;Chicago Town Takeaway Hawaiian 365G;£3.00;£0.82/100g;Frozen Pizza & Garlic Bread;Frozen Pizza;null;12;null;null;9.7;null;null;1.2;
251334664;Dr. Oetker Ristorante Pizza Funghi 365G;£2.50;£0.69/100g;Frozen Pizza & Garlic Bread;Frozen Pizza;null;8.0;25;null;12.3;null;null;1.01;
275038051;Chicago Town Ham And Pineapple Twin Pack 330G;£1.25;£0.38/100g;Frozen Pizza & Garlic Bread;Frozen Pizza;null;10;null;null;9.1;null;null;0.85;
268656994;Chicago Town Takeaway Cheese Deluxe 480G;£3.00;£3.00/each;Frozen Pizza & Garlic Bread;Frozen Pizza;null;11;null;null;12;null;null;1.2;
272730255;Chicago Town Pepperoni Twin Pack 320G;£1.25;£0.39/100g;Frozen Pizza & Garlic Bread;Frozen Pizza;null;12;null;null;13;null;null;1.2;
287356197;Deli By Good Fellas Calabrese Salami And Chorizo Pizza 383G;£3.00;£0.78/100g;Frozen Pizza & Garlic Bread;Frozen Pizza;1047kJ 1926kJ 23%;12;null;null;10.0;null;null;1.6;
251334710;Dr. Oetker Ristorante Pizza Mozzarella 335G;£2.50;£0.75/100g;Frozen Pizza & Garlic Bread;Frozen Pizza;null;10.7;26.1;null;13.5;null;null;1.05;
287853490;Chicago Town Deep Dish New Yorker 330G;£1.25;£0.38/100g;Frozen Pizza & Garlic Bread;Frozen Pizza;null;11;null;null;12;null;null;1.1;
251334802;Dr. Oetker Ristorante Pizza Hawaii 355G;£2.50;£0.70/100g;Frozen Pizza & Garlic Bread;Frozen Pizza;null;8.8;27.6;null;8.5;null;null;1.13;
275026071;Chicago Town Takeaway Chicken And Bacon Melt 495G;£4.00;£0.81/100g;Frozen Pizza & Garlic Bread;Frozen Pizza;null;14;null;null;11;null;null;1.3;
264625916;Chicago Town Takeaway Pepperoni 645G;£4.00;£4.00/each;Frozen Pizza & Garlic Bread;Frozen Pizza;null;11;null;null;13;null;null;1.4;
272730214;Chicago Town Four Cheese Twin Pack 310G;£1.25;£0.40/100g;Frozen Pizza & Garlic Bread;Frozen Pizza;null;12;null;null;12;null;null;0.91;
251334952;Dr. Oetker Ristorante Pizza Speciale 330G;£2.50;£0.76/100g;Frozen Pizza & Garlic Bread;Frozen Pizza;null;10.2;27.9;null;14.0;null;null;1.55;
287249192;Chicago Town Takeaway Pulled Pork Pizza 671G;£4.00;£0.60/100g;Frozen Pizza & Garlic Bread;Frozen Pizza;null;12;null;null;9.3;null;null;1.1;
255057692;Dr. Oetker Ristorante Pizza Pollo 355G;£2.50;£0.70/100g;Frozen Pizza & Garlic Bread;Frozen Pizza;null;8.8;25.7;null;9.0;null;null;1.08;
268290106;Dr. Oetker Ristorante Pizza Pepperoni Salame 320G;£2.50;£0.78/100g;Frozen Pizza & Garlic Bread;Frozen Pizza;null;10.5;25.6;null;13.0;null;null;1.43;
268657054;Chicago Town Takeaway Pepperoni Pizza 490G;£3.00;£6.13/100g;Frozen Pizza & Garlic Bread;Frozen Pizza;null;11;null;null;12;null;null;1.3;
264625922;Chicago Town Takeaway Cheese 630G;£4.00;£0.64/100g;Frozen Pizza & Garlic Bread;Frozen Pizza;null;12;null;null;12;null;null;1.2;
287356174;Deli By Good Fellas Tomt, Mozzarella And Pesto Pizza 362G;£3.00;£0.83/100g;Frozen Pizza & Garlic Bread;Frozen Pizza;1105kJ 1934kJ 23%;12;null;null;10.0;null;null;1.3;
277551666;Goodfella's Extra Thin Mozzarella And Pesto 319G;£2.50;£0.78/100g;Frozen Pizza & Garlic Bread;Frozen Pizza;1082kJ 896kJ 11%;12;null;null;12;null;null;1.0;
287452359;Goodfella's Little Fella's Chicken Pizza 155G;£1.50;£0.97/100g;Frozen Pizza & Garlic Bread;Frozen Pizza;205;12;null;null;3.5;null;3.8;0.6;
285159203;Tesco Deep Pan Double Pepperoni Pizza 389G;£1.50;£0.39/100g;Frozen Pizza & Garlic Bread;Frozen Pizza;265;11.5;null;3.1;9.4;3.9;3.0;1.1;
277551706;Goodfella's Extra Thin Pepperoni And Chorizo 328G;£2.50;£0.76/100g;Frozen Pizza & Garlic Bread;Frozen Pizza;274;12;null;null;14;null;null;0.9;
282765763;Goodfella's Takeaway The Big Cheese 555G;£2.00;£0.36/100g;Frozen Pizza & Garlic Bread;Frozen Pizza;1146/ 274 1536/ 367 18%/ 18%;12;null;null;12;null;null;1.3;
271423540;Goodfella's Deep Pan Baked Pepperoni 419G;£2.50;£0.60/100g;Frozen Pizza & Garlic Bread;Frozen Pizza;296;12;null;null;12;null;null;1.1;
285159140;Tesco Deep Pan Four Cheese 401G;£1.50;£0.37/100g;Frozen Pizza & Garlic Bread;Frozen Pizza;256;12.8;null;2.9;8.0;4.0;2.0;1.0;
288042739;Tesco 2 Deep Dish Pepperoni Pizzas 260G;£1.00;£0.39/100g;Frozen Pizza & Garlic Bread;Frozen Pizza;288;12.0;null;4.5;11.2;4.4;2.0;1.2;
287317941;Tesco Deep Cheese Pizza 386G;£1.00;£0.26/100g;Frozen Pizza & Garlic Bread;Frozen Pizza;236;11.1;null;3.3;6.7;3.3;2.3;0.8;
286309322;Tesco 2 Pizza Subs Pepperoni 250G;£1.00;£0.40/100g;Frozen Pizza & Garlic Bread;Frozen Pizza;228;9.9;null;3.5;8.0;3.8;2.2;1.0;
271421864;Goodfella's Deep Pan Baked Loaded Cheese 417G;£2.50;£0.60/100g;Frozen Pizza & Garlic Bread;Frozen Pizza;321;15;null;null;13;null;null;0.9;
288039456;Tesco 2 Deep Dish Four Cheese Pizzas 280G Price Marked;£1.00;£0.39/100g;Frozen Pizza & Garlic Bread;Frozen Pizza;274;10.4;null;4.6;8.6;3.5;2.2;1.0;
286318377;Tesco 2 Pizza Subs Cheese 260G;£1.00;£0.39/100g;Frozen Pizza & Garlic Bread;Frozen Pizza;233;11.6;null;2.8;8.4;5.0;2.0;0.9;
287452244;Good Fellas Little Fellas Cheese And Tomato Pizza 156G;£1.50;£0.96/100g;Frozen Pizza & Garlic Bread;Frozen Pizza;226;11;null;null;4.9;null;3.9;0.7;
287317906;Tesco Deep Pan Barbecue Chicken Pizza 394G;£1.50;£0.39/100g;Frozen Pizza & Garlic Bread;Frozen Pizza;225;11.2;null;5.7;4.5;1.8;2.3;0.7;
266460237;Goodfella's Stonebaked Thin Pepperoni 340G;£2.50;£0.74/100g;Frozen Pizza & Garlic Bread;Frozen Pizza;255;12;null;null;12;null;null;1.3;
287452296;Good Fellas Little Fellas Meatballs Pizza 159G;£1.50;£0.96/100g;Frozen Pizza & Garlic Bread;Frozen Pizza;219;11;null;null;5.2;null;4.1;0.7;
285159290;Tesco Deep Pan Meat Feast 391G;£1.50;£0.39/100g;Frozen Pizza & Garlic Bread;Frozen Pizza;250;11.3;null;2.9;7.9;3.2;1.4;1.0;
282765786;Goodfella's Takeaway Pepperoni 553G;£2.00;£0.36/100g;Frozen Pizza & Garlic Bread;Frozen Pizza;285;12;null;null;13;null;null;1.7;
266459126;Goodfella's Stonebaked Thin Margherita 345G;£2.50;£0.73/100g;Frozen Pizza & Garlic Bread;Frozen Pizza;298;14;null;null;13;null;null;1.0;
272656101;Tesco Everyday Value Cheese And Tomato Pizza 249G;£0.60;£0.24/100g;Frozen Pizza & Garlic Bread;Frozen Pizza;260;10.6;null;4.1;6.0;3.0;2.4;0.8;
287318030;Tesco Thin Pepperoni Pizza 314G;£1.00;£0.32/100g;Frozen Pizza & Garlic Bread;Frozen Pizza;259;10.6;null;2.8;8.9;3.4;2.4;1.2;
286309532;Tesco Stonebaked Thin Four Cheese Pizza 330G;£1.50;£0.48/100g;Frozen Pizza & Garlic Bread;Frozen Pizza;251;12.9;null;3.5;9.5;5.6;2.2;0.9;
286308101;Tesco Stonebaked Thin Sweet Chilli Chicken Pizza 330G;£1.50;£0.46/100g;Frozen Pizza & Garlic Bread;Frozen Pizza;null;null;null;null;null;null;null;null;
287571356;Wholecreations Gluten Free Spiced Chicken Pizza 350G;£3.00;£0.86/100g;Frozen Pizza & Garlic Bread;Frozen Pizza;kcal 204 kcal 357;7.7;null;null;8.3;null;1.6;0.9;
284717294;Tesco Italian Mozzarella Cherry Tomato And Rocket Pizza 345G;£2.00;£0.58/100g;Frozen Pizza & Garlic Bread;Frozen Pizza;214;8.0;null;3.9;5.9;2.2;1.8;0.9;
287317964;Tesco Deep Pepperoni Pizza 377G;£1.00;£0.27/100g;Frozen Pizza & Garlic Bread;Frozen Pizza;252;10.2;null;2.1;8.4;3.5;2.4;0.9;
287571402;Whole Creations Gluten Free Pepperoni Pizza 300G;£3.00;£1.00/100g;Frozen Pizza & Garlic Bread;Frozen Pizza;kcal 234 kcal 351;9.4;null;null;8.8;null;1.5;1.4;
287248475;Tesco Pizza Subs Cheesy Bean 250G;£1.00;£0.40/100g;Frozen Pizza & Garlic Bread;Frozen Pizza;219;11.1;null;2.9;6.5;3.9;2.1;1.0;
286309578;Tesco Stonebaked Thin Double Pepperoni Pizza 330G;£1.50;£0.46/100g;Frozen Pizza & Garlic Bread;Frozen Pizza;259;11.6;null;3.4;11.2;5.2;2.2;1.2;
287318018;Tesco Thin Cheese Pizza 314G;£1.00;£0.32/100g;Frozen Pizza & Garlic Bread;Frozen Pizza;252;11.6;null;2.7;7.6;3.6;2.4;1.0;
287318062;Tesco Thin Ham And Pineapple Pizza 328G;£1.00;£0.31/100g;Frozen Pizza & Garlic Bread;Frozen Pizza;212;9.8;null;3.8;4.9;1.9;2.6;0.9;
284717524;Tesco Italian Triple Meats Pizza 328G;£2.00;£0.61/100g;Frozen Pizza & Garlic Bread;Frozen Pizza;238;11.1;null;3.5;7.9;3.5;2.6;1.4;
286307822;Tesco Stonebaked Thin Barbecue Meat Feast Pizza 340G;£1.50;£0.44/100g;Frozen Pizza & Garlic Bread;Frozen Pizza;null;null;null;null;null;null;null;null;
274056105;Ds Gluten Free Bonta D' Italia Salami Pizza 300G;£3.25;£10.84/kg;Frozen Pizza & Garlic Bread;Frozen Pizza;1006kJ 1532kJ;9.8;24;null;11;null;3.0;1.5;
281865289;Georgia's Choice Gluten Free Margh Pizza 280G;£3.50;£1.25/100g;Frozen Pizza & Garlic Bread;Frozen Pizza;null;7.9;null;null;11.3;null;4.7;1.1;
273567556;Tesco Free From Cheese And Tomato Pizza 360G;£2.20;£0.61/100g;Frozen Pizza & Garlic Bread;Frozen Pizza;222;8.5;null;2.3;7.3;3.9;3.4;1.1;
284717412;Tesco Italian Cajun Chicken And Cherry Peppers Pizza 370G;£2.00;£0.54/100g;Frozen Pizza & Garlic Bread;Frozen Pizza;217;8.1;null;2.5;6.9;2.3;1.4;1.0;
286318210;Tesco Stonebaked Thin Mediterranean Vegetable Pizza 350G;£1.50;£0.43/100g;Frozen Pizza & Garlic Bread;Frozen Pizza;195;8.5;null;4.9;6.2;3.3;2.2;0.7;
285416320;Chicago Town Garlic Dough Balls 145G;£1.50;£1.04/100g;Frozen Pizza & Garlic Bread;Frozen Dough Balls;null;8.4;null;null;18.9;null;null;0.87;
284477133;Tesco Frozen 12 Edamame Bean Straws 174G;£1.00;£0.56/100g;Frozen Sausage Rolls & Party Food;Frozen Sausage Rolls & Party Food;246;11.6;null;3.6;11.6;1.3;5.7;0.6;
284477778;Tesco Frozen 12 Mozzarella Sticks 180G;£1.00;£5.56/kg;Frozen Sausage Rolls & Party Food;Frozen Sausage Rolls & Party Food;313;8.4;null;3.2;16.8;4.7;1.5;0.5;
268625518;Tesco Frozen Battered Onion Rings 450G;£1.00;£2.23/kg;Frozen Sausage Rolls & Party Food;Frozen Sausage Rolls & Party Food;223;3.9;null;4.4;10.3;0.8;3.3;0.5;
284556230;Tesco Frozen 12 Sticky Chicken Kebabs 204G;£2.00;£0.98/100g;Frozen Sausage Rolls & Party Food;Frozen Sausage Rolls & Party Food;null;null;null;null;null;null;null;null;
284274315;Tesco Frozen 12 Vegetable Samosas 216G;£1.00;£0.46/100g;Frozen Sausage Rolls & Party Food;Frozen Sausage Rolls & Party Food;222;4.1;null;2.4;11.2;4.9;3.0;0.9;
284256366;Tesco Frozen 12 Pigs In Blankets 300G;£2.00;£0.67/100g;Frozen Sausage Rolls & Party Food;Frozen Sausage Rolls & Party Food;297;12.2;null;2.0;25.0;8.7;0.4;2.2;
266949357;Tesco Frozen 12 Mini Vegetable Spring Rolls 216G;£1.00;£4.63/kg;Frozen Sausage Rolls & Party Food;Frozen Sausage Rolls & Party Food;195;4.2;null;3.4;7.6;3.2;3.0;0.8;
284475291;Tesco Frozen 16 Mini Sponge Rolls 150G;£1.00;£0.71/100g;Frozen Sausage Rolls & Party Food;Frozen Sausage Rolls & Party Food;278;5.2;null;22.3;9.9;6.2;1.2;0.8;
284716934;Tesco Frozen 12 Sweet & Sour Vegetable Wontons 180G;£1.00;£0.56/100g;Frozen Sausage Rolls & Party Food;Frozen Sausage Rolls & Party Food;292;5.1;null;4.3;15.7;7.3;2.6;0.7;
264947005;Tesco Frozen 14 Mini Duck Spring Rolls 252G;£2.00;£7.94/kg;Frozen Sausage Rolls & Party Food;Frozen Sausage Rolls & Party Food;254;7.0;null;4.9;10.2;1.6;4.1;0.4;
284256487;Tesco Frozen 20 Tomato & Mozzarella Bites 170G;£1.00;£5.89/kg;Frozen Sausage Rolls & Party Food;Frozen Sausage Rolls & Party Food;324;6.8;null;3.3;18.7;9.3;3.3;0.9;
285027014;Tesco Everyday Value 4 Sausage Rolls 440G;£1.00;£0.23/100g;Frozen Sausage Rolls & Party Food;Frozen Sausage Rolls & Party Food;312;7.1;null;1.8;20.0;9.6;2.0;1.2;
284256585;Tesco Frozen 14 Onion Bhajis 210G;£1.00;£0.48/100g;Frozen Sausage Rolls & Party Food;Frozen Sausage Rolls & Party Food;246;6.9;null;4.9;12.8;5.4;4.2;0.8;
284477421;Tesco Frozen 12 Barbecue Pulled Pork Bites 215G;£2.00;£9.31/kg;Frozen Sausage Rolls & Party Food;Frozen Sausage Rolls & Party Food;247;12.1;null;6.3;12.3;1.3;1.7;0.8;
259147533;Tesco Frozen 50 Sausage Rolls 800G;£2.00;£7.94/kg;Frozen Sausage Rolls & Party Food;Frozen Sausage Rolls & Party Food;323;7.4;null;2.1;17.6;8.2;2.1;1.1;
284557252;Tesco Frozen 20 Southern Fried Chicken Bites 220G;£1.00;£2.57/kg;Frozen Sausage Rolls & Party Food;Frozen Sausage Rolls & Party Food;274;14.3;null;1.0;12.9;1.3;0.8;1.4;
267032979;Tesco Frozen 9 Mini Pizzas 270G;£2.00;£0.74/100g;Frozen Sausage Rolls & Party Food;Frozen Sausage Rolls & Party Food;240;9.5;null;3.5;8.2;3.2;2.5;0.7;
274155132;Tesco Frozen 12 Mini Eclairs 140G;£1.00;£0.71/100g;Frozen Sausage Rolls & Party Food;Frozen Sausage Rolls & Party Food;384;5.2;null;14.1;29.1;19.5;0.7;0.2;
284256314;Tesco Frozen 10 Cream Cheese Jalapenos 200G;£2.00;£1.00/100g;Frozen Sausage Rolls & Party Food;Frozen Sausage Rolls & Party Food;267;5.2;null;5.6;14.4;5.8;2.7;0.8;
271248718;Tesco Frozen 26 Pork Cocktail Sausages 390G;£1.00;£2.57/kg;Frozen Sausage Rolls & Party Food;Frozen Sausage Rolls & Party Food;271;13.6;null;3.4;20.3;6.8;1.2;1.5;
284475861;Tesco Finest Frozen 10 Jumbo Tempura King Prawns 135G;£3.00;£2.23/100g;Frozen Sausage Rolls & Party Food;Frozen Sausage Rolls & Party Food;225;14.0;null;0.2;11.6;5.2;1.4;0.9;
284475918;Tesco Finest Frozen 12 Thai Chicken Curry Pastries 216G;£3.00;£1.39/100g;Frozen Sausage Rolls & Party Food;Frozen Sausage Rolls & Party Food;233;11.0;null;4.0;7.4;3.5;2.1;1.1;
273925409;Tesco Frozen Chicken Bites With A Barbecue Dip 280G;£2.00;£9.31/kg;Frozen Sausage Rolls & Party Food;Frozen Sausage Rolls & Party Food;208;18.2;null;1.0;9.2;1.2;1.0;0.6;
284555761;Tesco Frozen 12 Free From Mini Sweet Party Selection 180G;£3.25;£18.06/kg;Frozen Sausage Rolls & Party Food;Frozen Sausage Rolls & Party Food;null;null;null;null;null;null;null;null;
284355312;Birds Eye Mediterranean Vegetable Penne Pasta 350G;£2.00;£5.72/kg;Frozen Rice, Pasta & Vegetables;Frozen Pasta;null;3.4;null;null;3.7;null;1.8;0.40;
284355220;Birds Eye Creamy Cheese Penne Pasta 350G;£2.00;£5.72/kg;Frozen Rice, Pasta & Vegetables;Frozen Pasta;null;5.0;null;null;3.8;null;2.4;0.43;
286957334;Birds Eye Stir Your Senses Bolognese 350G;£2.99;£8.55/kg;Frozen Rice, Pasta & Vegetables;Frozen Rice & Risotto;null;6.8;null;null;6.5;null;2.4;0.79;
286957075;Birds Eye Stir Your Senses Indian Curry 350G;£2.99;£8.55/kg;Frozen Rice, Pasta & Vegetables;Frozen Rice & Risotto;null;5.9;null;null;6.0;null;1.4;0.68;
261732984;Tesco 4 Micro Rice With Mixed Vegetables 600G;£1.75;£2.92/kg;Frozen Rice, Pasta & Vegetables;Frozen Rice & Risotto;109;3.1;null;1.3;0.9;0.1;1.7;0.6;
277220690;Birdseye 2 Mediterranean Vegetable Rice 380G;£1.75;£4.61/kg;Frozen Rice, Pasta & Vegetables;Frozen Rice & Risotto;null;2.4;null;null;2.6;null;1.1;0.60;
274835606;Tesco Mushroom Risotto 500G;£2.00;£4.00/kg;Frozen Rice, Pasta & Vegetables;Frozen Rice & Risotto;142;3.4;null;1.1;5.7;2.5;1.2;0.8;
277220534;Birdseye 2 Egg Fried Rice With Peas 380G;£1.75;£4.61/kg;Frozen Rice, Pasta & Vegetables;Frozen Rice & Risotto;null;4.3;null;null;1.9;null;0.7;0.45;
286957455;Birds Eye Stir Your Senses Tagliatelle 350G;£2.99;£8.55/kg;Frozen Rice, Pasta & Vegetables;Frozen Rice & Risotto;null;4.8;null;null;8.3;null;2.4;0.83;
286957121;Birds Eye Stir Your Senses Penne Arrabbiata 350G;£2.99;£8.55/kg;Frozen Rice, Pasta & Vegetables;Frozen Rice & Risotto;null;6.0;null;null;2.9;null;1.3;0.58;
258829609;Tesco Chinese Noodle Stir Fry 500G;£1.75;£3.50/kg;Frozen Rice, Pasta & Vegetables;Frozen Rice & Risotto;110;2.9;null;3.5;3.0;0.4;2.7;null;
281975591;Tesco Sweet Chilli Noodle Stir Fry 380G;£1.00;£2.64/kg;Frozen Rice, Pasta & Vegetables;Frozen Rice & Risotto;147;3.3;null;8.9;5.4;0.4;2.3;0.5;
277220632;Birdseye 2 Fragrant Golden Vegetable Rice 380G;£1.75;£4.61/kg;Frozen Rice, Pasta & Vegetables;Frozen Rice & Risotto;null;2.7;null;null;1.4;null;1.9;0.60;
286957386;Birds Eye Stir Your Senses Rigatoni Carbonara 350G;£2.99;£8.55/kg;Frozen Rice, Pasta & Vegetables;Frozen Rice & Risotto;null;6.6;null;null;7.3;null;0.9;0.80;
276890473;Tesco Seafood Chicken And Chorizo Paella 500G;£2.00;£4.00/kg;Frozen Rice, Pasta & Vegetables;Frozen Rice & Risotto;136;6.5;null;1.3;4.1;1.3;0.9;0.9;
278636398;Tesco Micro Rice Egg Fried Rice 4 X 150G;£1.50;£2.50/kg;Frozen Rice, Pasta & Vegetables;Frozen Rice & Risotto;144;3.5;null;1.2;2.2;0.4;0.9;0.6;
274835514;Tesco Pea And Asparagus Risotto 500G;£2.00;£4.00/kg;Frozen Rice, Pasta & Vegetables;Frozen Rice & Risotto;129;3.9;null;2.5;4.2;1.7;2.2;0.6;
260409799;Tesco Micro Rice Long Grain White Rice 4 X 200G;£1.50;£1.88/kg;Frozen Rice, Pasta & Vegetables;Frozen Rice & Risotto;136;2.8;null;0;1.3;0.3;0.4;0.01;
281975510;Tesco Spicy Rice With Chicken 380G;£1.50;£3.95/kg;Frozen Rice, Pasta & Vegetables;Frozen Rice & Risotto;154;4.9;null;0.8;5.2;0.4;1.3;0.5;
286957236;Birds Eye Stir Your Senses Thai Chicken Rice 350G;£2.99;£8.55/kg;Frozen Rice, Pasta & Vegetables;Frozen Rice & Risotto;null;5.3;null;null;3.0;null;1.5;0.34;
266892250;Lockwoods Mushy Pea Bake In Breadcrumbs 4X90g;£1.00;£2.78/kg;Frozen Rice, Pasta & Vegetables;Frozen Vegetables;680kJ / 162Cal;6.06;null;null;5.26;null;4.87;0.9025;
275997683;Birds Eye Petits Pois 545G;£2.00;£3.67/kg;Frozen Rice, Pasta & Vegetables;Frozen Vegetables;null;5.4;null;null;0.6;null;6.0;0.01;
275997084;Birds Eye Garden Peas 400G;£1.50;£3.75/kg;Frozen Rice, Pasta & Vegetables;Frozen Vegetables;null;4.9;null;null;0.7;null;6.0;0.01;
264336705;Tesco Everyday Value Sweetcorn 907G;£0.99;£1.10/kg;Frozen Rice, Pasta & Vegetables;Frozen Vegetables;115;4.3;null;2.2;2.3;0.3;2.8;0.01;
265942625;Lockwoods Mushy Peas 2 Pack 320G;£0.75;£2.35/kg;Frozen Rice, Pasta & Vegetables;Frozen Vegetables;82;6.28;null;null;0.75;null;7.15;null;
259488440;Tesco Sweetcorn 1Kg;£1.25;£1.25/kg;Frozen Rice, Pasta & Vegetables;Frozen Vegetables;80;2.2;null;6.7;1.5;0.3;2.1;0.01;
275996730;Birds Eye Garden Peas 1.37Kg;£3.00;£2.19/kg;Frozen Rice, Pasta & Vegetables;Frozen Vegetables;null;4.9;null;null;0.7;null;6.0;0.01;
279422465;Tesco Finest British Petits Pois 750G;£2.00;£2.67/kg;Frozen Rice, Pasta & Vegetables;Frozen Vegetables;80;5.9;null;2.6;0.9;0.2;5.5;null;
262736961;Lockwoods Mushy Peas 1Kg;£1.25;£1.25/kg;Frozen Rice, Pasta & Vegetables;Frozen Vegetables;506KJ 349KJ;10.3;null;null;0.9;null;11.0;1;
282999388;Country Store Garden Peas 1.1Kg;£1.09;£0.99/kg;Frozen Rice, Pasta & Vegetables;Frozen Vegetables;79;5.9;null;2.6;0.9;0.2;5.5;0.1;
250172580;Tesco Garden Peas 1Kg;£1.50;£1.50/kg;Frozen Rice, Pasta & Vegetables;Frozen Vegetables;79;5.9;null;2.6;0.9;0.2;5.5;0.1;
282489715;Tesco Everyday Value Garden Peas 1Kg;£0.98;£0.98/kg;Frozen Rice, Pasta & Vegetables;Frozen Vegetables;79;5.9;null;2.6;0.9;0.2;5.5;null;
250172608;Tesco Petits Pois 1Kg;£1.75;£1.75/kg;Frozen Rice, Pasta & Vegetables;Frozen Vegetables;61;5.0;null;2.9;0.9;0.2;5.5;null;
275997579;Birds Eye Petits Pois 1.07Kg;£2.00;£1.87/kg;Frozen Rice, Pasta & Vegetables;Frozen Vegetables;null;5.4;null;null;0.6;null;6.0;0.01;
287809209;Birds Eye Garden Peas 800G;£2.00;£2.74/kg;Frozen Rice, Pasta & Vegetables;Frozen Vegetables;null;4.9;null;null;0.7;null;6.0;0.01;
272599554;Tesco Supersweet Mini Corn On The Cob 875G;£1.31;£1.50/kg;Frozen Rice, Pasta & Vegetables;Frozen Vegetables;115;4.2;null;2.2;2.3;0.3;2.8;0.01;
283255426;Birdseye Garden Peas And Super Sweet Sweetcorn 690G;£2.00;£2.90/kg;Frozen Rice, Pasta & Vegetables;Frozen Vegetables;null;4.2;null;null;0.7;null;4.9;0.01;
283255806;Birds Eye Sweetcorn 690G;£2.00;£2.90/kg;Frozen Rice, Pasta & Vegetables;Frozen Vegetables;null;2.6;null;null;0.7;null;2.4;0.01;
284355018;Aunt Bessie's Chunky Roasting Vegetables 500G;£1.00;£2.00/kg;Frozen Rice, Pasta & Vegetables;Frozen Vegetables;596kJ 673kJ;1.9;null;null;5.6;null;6.5;0.08;
265243139;Tesco Finest Supersweet Sweetcorn 1Kg;£2.00;£2.00/kg;Frozen Rice, Pasta & Vegetables;Frozen Vegetables;115;4.3;null;2.2;2.3;0.3;2.8;0;
273125982;Birds Eye 4 Classic Garden Vegetable Mix 540G;£1.89;£3.50/kg;Frozen Rice, Pasta & Vegetables;Frozen Vegetables;null;2.2;null;null;0.5;null;3.5;0.05;
283254139;Birdseye Country Mix 690G;£2.00;£2.90/kg;Frozen Rice, Pasta & Vegetables;Frozen Vegetables;null;2.9;null;null;0.7;null;3.1;0.04;
264226012;Tesco Mixed Vegetables 1Kg;£1.00;£1.00/kg;Frozen Rice, Pasta & Vegetables;Frozen Vegetables;56;3.1;null;3.0;0.7;null;3.9;null;
256130808;Tesco Casserole Vegetables 1Kg;£1.00;£1.00/kg;Frozen Rice, Pasta & Vegetables;Frozen Vegetables;20;0.5;null;2.3;0.2;0;2.4;0;
277221026;Birdseye 4 Family Favourite Vegetable Mix 540G;£1.89;£3.50/kg;Frozen Rice, Pasta & Vegetables;Frozen Vegetables;null;2.0;null;null;0.6;null;2.4;0.08;
282412254;Tesco Mediterranean Chargrilled Vegetables 800G;£2.00;£2.50/kg;Frozen Rice, Pasta & Vegetables;Frozen Vegetables;57;1.1;null;4.9;1.3;0.2;1.9;0.01;
286812270;Tesco Vegetable Mix For Bolognese 500G;£1.00;£2.00/kg;Frozen Rice, Pasta & Vegetables;Frozen Vegetables;65;1.9;null;5.6;3.0;0.6;0.7;0.1;
279445841;Tesco Frozen Herbs Chopped Ginger 75G;£1.50;£2.00/100g;Frozen Rice, Pasta & Vegetables;Frozen Vegetables;60;1.7;null;3.1;0.7;0.2;2.3;0.1;
271513353;Tesco Micro Vegetable Peas Broccoli Spinach And Sweetcorn 640G;£1.50;£2.35/kg;Frozen Rice, Pasta & Vegetables;Frozen Vegetables;64;4.2;null;1.6;1.2;0.2;3.6;0;
284276083;Tesco Crispy Potatoes And Mediterranean Vegetables 750G;£2.00;£2.67/kg;Frozen Rice, Pasta & Vegetables;Frozen Vegetables;143;1.9;null;2.4;8.3;0.7;3.6;0.4;
273415316;Tesco Vegetable And Chicken Fajita Mix 500G;£2.00;£4.00/kg;Frozen Rice, Pasta & Vegetables;Frozen Vegetables;137;11.4;null;4.4;7.2;0.9;2.1;1.0;
282489681;Tesco Everyday Value Mixed Vegetables 1.3Kg;£1.00;£0.77/kg;Frozen Rice, Pasta & Vegetables;Frozen Vegetables;39;2.3;null;2.3;0.5;0.1;3.6;null;
264889119;Tesco Mixed Vegetables With Red Peppers 1Kg;£1.75;£1.75/kg;Frozen Rice, Pasta & Vegetables;Frozen Vegetables;65;3.6;null;3.1;1.1;0.2;3.7;null;
282489738;Tesco Everyday Value Vegetable Stir Fry 500G;£1.00;£2.00/kg;Frozen Rice, Pasta & Vegetables;Frozen Vegetables;80;2.2;null;4.3;5.0;0.3;4.1;0.7;
284275202;Tesco Oriental Vegetable Stir Fry 600G;£1.50;£2.50/kg;Frozen Rice, Pasta & Vegetables;Frozen Vegetables;26;1.6;null;2.1;0.3;0.1;2.7;0.1;
264889062;Tesco Farmhouse Mixed Vegetables 1Kg;£1.40;£1.40/kg;Frozen Rice, Pasta & Vegetables;Frozen Vegetables;51;null;null;3.7;0.7;0.2;3.4;null;
287187235;Tesco Summer Vegetable Medley 1Kg;£2.00;£2.23/kg;Frozen Rice, Pasta & Vegetables;Frozen Vegetables;32;2.0;null;3.1;0.4;0;2.4;0.1;
271223759;Tesco Micro Vegetable Carrots Broccoli And Sweetcorn 640G;£1.50;£2.35/kg;Frozen Rice, Pasta & Vegetables;Frozen Vegetables;60;2.5;null;2.7;1.1;0.2;3.0;null;
279445789;Tesco Frozen Herbs Chopped Coriander 50G;£1.50;£2.00/100g;Frozen Rice, Pasta & Vegetables;Frozen Vegetables;34;2.4;null;1.5;0.6;0;5.7;0.1;
273122933;Birds Eye 4 Hearty Farmhouse Vegetable Mix 540G;£1.89;£3.50/kg;Frozen Rice, Pasta & Vegetables;Frozen Vegetables;null;1.8;null;null;0.6;null;2.2;0.08;
264754452;Tesco Cauliflower Cheese Bake 680G;£2.00;£2.95/kg;Frozen Rice, Pasta & Vegetables;Frozen Vegetables;82;3.1;null;2.3;5.2;3.2;1.7;0.7;
276806379;Tesco Butternut Squash 500G;£2.00;£4.00/kg;Frozen Rice, Pasta & Vegetables;Frozen Vegetables;42;1.1;null;4.5;0.1;0;1.6;0.1;
263352376;Tesco Diced Onions 500G;£1.00;£2.00/kg;Frozen Rice, Pasta & Vegetables;Frozen Vegetables;41;1.2;null;5.6;0.2;0;1.4;0.01;
259715593;Tesco Button Brussels Sprouts 1Kg;£1.00;£1.00/kg;Frozen Rice, Pasta & Vegetables;Frozen Vegetables;46;3.5;null;2.4;1.3;0.3;4.3;0.1;
264421725;Tesco Sliced Carrots 1Kg;£1.40;£1.40/kg;Frozen Rice, Pasta & Vegetables;Frozen Vegetables;29;0.4;null;3.1;0.3;0.1;3.5;null;
268323259;Aunt Bessie's Mashed Carrot And Swede 500G;£1.75;£3.50/kg;Frozen Rice, Pasta & Vegetables;Frozen Vegetables;150kJ 146kJ;0.9;null;null;1.3;null;3.8;0.53;
282489773;Tesco Leaf Spinach 900G;£1.50;£1.67/kg;Frozen Rice, Pasta & Vegetables;Frozen Vegetables;28;3.1;null;0.3;0.8;0.1;3.0;null;
282484692;Tesco Broccoli And Cauliflower Floret Mix 900G;£1.10;£1.23/kg;Frozen Rice, Pasta & Vegetables;Frozen Vegetables;31;3.0;null;1.4;0.9;0.2;2.0;0.1;
279399584;Tesco Edamame Beans 500G;£2.50;£5.00/kg;Frozen Rice, Pasta & Vegetables;Frozen Vegetables;null;null;null;null;null;null;null;null;
264632124;Tesco Everyday Value Cauliflower Florets 907G;£0.90;£0.99/kg;Frozen Rice, Pasta & Vegetables;Frozen Vegetables;34;2.9;null;1.8;0.9;0.2;3.0;0.01;
281927228;Tesco Cajun Breaded Mushrooms 500G;£2.00;£4.00/kg;Frozen Rice, Pasta & Vegetables;Frozen Vegetables;177;4.8;null;1.1;7.4;0.8;2.4;0.9;
286020659;Tesco Finest British Parsnips 600G;£2.00;£3.34/kg;Frozen Rice, Pasta & Vegetables;Frozen Vegetables;152;1.6;null;6.3;4.0;0.4;5.2;0.3;
265534020;Aunt Bessie's Honey Glazed Roast Parsnips 600G;£1.00;£1.67/kg;Frozen Rice, Pasta & Vegetables;Frozen Vegetables;748kJ 654kJ;1.4;null;null;12;null;4.4;0.26;
282489669;Tesco Cauliflower Florets 900G;£1.10;£1.23/kg;Frozen Rice, Pasta & Vegetables;Frozen Vegetables;31;2.9;null;1.8;0.9;0.2;1.6;0.01;
263352514;Tesco Sliced Mixed Peppers 500G;£1.00;£2.00/kg;Frozen Rice, Pasta & Vegetables;Frozen Vegetables;31;1.1;null;4.7;0.4;0.1;1.8;0.01;
264632406;Tesco Everyday Value Broccoli Florets 907G;£0.90;£0.99/kg;Frozen Rice, Pasta & Vegetables;Frozen Vegetables;33;3.1;null;0.9;0.8;0.2;4.3;0.01;
282412496;Tesco Baby Broad Beans 650G;£1.00;£1.54/kg;Frozen Rice, Pasta & Vegetables;Frozen Vegetables;97;7.9;null;1.3;0.6;0.1;6.5;0.1;
279446137;Tesco Frozen Herbs Chopped Garlic 100G;£1.50;£1.50/100g;Frozen Rice, Pasta & Vegetables;Frozen Vegetables;110;7.9;null;1.6;0.6;0.1;4.1;0.01;
263775912;Tesco Baby Carrots 1Kg;£1.00;£1.00/kg;Frozen Rice, Pasta & Vegetables;Frozen Vegetables;28;0.6;null;4.2;0.4;0.1;2.3;null;
282485161;Tesco Broccoli Florets 900G;£1.10;£1.23/kg;Frozen Rice, Pasta & Vegetables;Frozen Vegetables;38;3.3;null;1.4;0.9;0.2;3.6;0.01;
281975176;Tesco Mushroom Mix 500G;£2.00;£4.00/kg;Frozen Rice, Pasta & Vegetables;Frozen Vegetables;51;1.6;null;0.1;2.8;0.3;2.1;0.1;
281976198;Tesco Sliced Mushrooms 500G;£1.00;£2.00/kg;Frozen Rice, Pasta & Vegetables;Frozen Vegetables;16;1.8;null;0.2;0.5;0.1;1.1;0.1;
284276132;Tesco Shredded Savoy Cabbage 750G;£1.00;£1.34/kg;Frozen Rice, Pasta & Vegetables;Frozen Vegetables;23;1.1;null;1.9;0.5;0.1;2.8;0.1;
282489813;Tesco Very Fine Whole Green Beans 900G;£1.00;£1.12/kg;Frozen Rice, Pasta & Vegetables;Frozen Vegetables;40;1.7;null;2.1;0.1;0;6.5;null;
282412415;Tesco Soya Beans 600G;£2.00;£3.34/kg;Frozen Rice, Pasta & Vegetables;Frozen Vegetables;153;14.0;null;2.0;7.3;0.9;6.1;0.01;
284276313;Tesco Sliced Leeks 700G;£1.00;£1.43/kg;Frozen Rice, Pasta & Vegetables;Frozen Vegetables;27;1.6;null;2.2;0.5;0.1;2.2;0.01;
284276440;Tesco Sliced Courgettes 1Kg;£1.50;£1.50/kg;Frozen Rice, Pasta & Vegetables;Frozen Vegetables;66;2.6;null;2.5;4.8;0.6;1.2;0.01;
281976296;Tesco Sliced Red Onions 500G;£1.00;£2.00/kg;Frozen Rice, Pasta & Vegetables;Frozen Vegetables;41;1.2;null;5.6;0.2;0;1.4;0.01;
282489796;Tesco Sliced Green Beans 850G;£1.00;£1.18/kg;Frozen Rice, Pasta & Vegetables;Frozen Vegetables;32;1.8;null;2.1;0.1;0;3.0;null;
284658052;Amy's Kitchen Gluten Free Breakfast Sandwich 135G;£2.49;£18.45/kg;Frozen Free From;Frozen Gluten Free;883 kJ 1205 kJ 8400 kJ;7.0;null;null;7.0;null;2.0;1.3;
272342904;Amy's Kitchen Gluten Free Rice Mac And Cheese 255G;£2.20;£8.63/kg;Frozen Free From;Frozen Gluten Free;657 kJ 1670 kJ -;6.3;null;null;6.3;null;0.4;null;
287258970;Genius Gluten Free Short Crust Pastry 400G;£2.50;£6.25/kg;Frozen Free From;Frozen Gluten Free;null;0.9;null;null;29.3;null;2.3;0.5;
262780947;Almondy Daim Chocolate Cake 400G;£3.00;£0.75/100g;Frozen Free From;Frozen Gluten Free;460 ;9.5;44;null;27;null;null;0.5;
284555980;Tesco Free From 2 Haddock And Cheddar Fishcakes 290G;£3.00;£10.35/kg;Frozen Free From;Frozen Gluten Free;217;7.8;null;0.5;13.0;2.7;1.2;1.2;
287184872;Tesco Free From 10 Cheesy Garlic Dough Balls 100G;null;null;Frozen Free From;Frozen Gluten Free;358;11.0;null;0.9;17.0;6.1;1.9;1.5;
267244423;Tesco Free From 8 Thick Pork Sausages 454G;£2.00;£4.41/kg;Frozen Free From;Frozen Gluten Free;298;13.0;null;0.3;23.4;9.9;null;1.2;
281865600;Tesco Free From 4 Breaded Chicken Steaks 380G;£3.75;£9.87/kg;Frozen Free From;Frozen Gluten Free;259;18.4;null;0.5;11.7;1.4;1.9;0.8;
274056105;Ds Gluten Free Bonta D' Italia Salami Pizza 300G;£3.25;£10.84/kg;Frozen Free From;Frozen Gluten Free;1006kJ 1532kJ;9.8;24;null;11;null;3.0;1.5;
285027095;Tesco Free From 2 Mature Cheddar And Onion Crisp Bakes 270G;£1.75;£6.49/kg;Frozen Free From;Frozen Gluten Free;266;7.5;null;1.6;16.1;5.8;2.1;1.1;
256896779;Tesco Free From 10 Crispy Cod Fish Fingers 300G;£2.50;£8.34/kg;Frozen Free From;Frozen Gluten Free;215;13.5;null;0.5;8.5;0.6;0.3;0.6;
281865583;Tesco Free From 20 Chicken Nuggets 400G;£3.50;£8.75/kg;Frozen Free From;Frozen Gluten Free;271;22.2;null;0.5;12.2;1.4;1.5;0.9;
284556063;Tesco Free From 2 Ham Hock And Cheddar Crisp Bakes 270G;£2.25;£8.34/kg;Frozen Free From;Frozen Gluten Free;257;13.2;null;1.0;14.4;4.4;1.5;1.2;
282093054;Tesco Free From 2 Breaded Pollock Fillets 270G;£2.00;£7.41/kg;Frozen Free From;Frozen Gluten Free;195;12.9;null;0.2;8.4;0.6;0.6;0.7;
287168546;Tesco Free From 4 Strawberry And Vanilla Cones 480Ml;£2.00;£0.42/100ml;Frozen Free From;Frozen Gluten Free;287;2.6;null;25.8;12.5;11.1;2.3;0.2;
281824056;Tesco Free From 8 Yorkshire Puddings 124G;£1.50;£12.10/kg;Frozen Free From;Frozen Gluten Free;253;10.2;null;1.2;9.3;1.6;2.0;0.4;
268258889;Almondy Toblerone Chocolate Cake 400G;£3.00;£0.75/100g;Frozen Free From;Frozen Gluten Free;440 ;9.8;44;null;26;null;null;0.3;
284658121;Amy's Kitchen Gluten Free Chinese Noodles 270G;£3.49;£12.93/kg;Frozen Free From;Frozen Gluten Free;757 kJ 2050 kJ 8400 kJ;6.0;null;null;8.1;null;2.0;0.7;
281865289;Georgia's Choice Gluten Free Margh Pizza 280G;£3.50;£1.25/100g;Frozen Free From;Frozen Gluten Free;null;7.9;null;null;11.3;null;4.7;1.1;
279948488;Tesco Free From 4 Beef Quarter Pounders 454G;£2.50;£5.51/kg;Frozen Free From;Frozen Gluten Free;296;17.5;null;0.1;24.6;11.0;0.5;0.8;
273567556;Tesco Free From Cheese And Tomato Pizza 360G;£2.20;£0.61/100g;Frozen Free From;Frozen Gluten Free;222;8.5;null;2.3;7.3;3.9;3.4;1.1;
287503628;Tesco Free From Southern Fried Chicken Fillets 250G;£3.00;£12.00/kg;Frozen Free From;Frozen Gluten Free;214;23.8;null;0.2;9.2;0.8;0.5;0.8;
284555761;Tesco Frozen 12 Free From Mini Sweet Party Selection 180G;£3.25;£18.06/kg;Frozen Free From;Frozen Gluten Free;null;null;null;null;null;null;null;null;
285141051;Tesco Free From Creamy Iced Vanilla Dessert 500Ml;£2.00;£0.40/100ml;Frozen Free From;Frozen Gluten Free;220;1.7;null;19.5;12.3;11.2;0.3;0.2;
287503588;Tesco Free From Sweet And Sour Chicken 410G;£3.75;£9.15/kg;Frozen Free From;Frozen Gluten Free;127;0.1;null;25.2;0.6;0.1;0.1;1.1;
287571356;Wholecreations Gluten Free Spiced Chicken Pizza 350G;£3.00;£0.86/100g;Frozen Free From;Frozen Gluten Free;kcal 204 kcal 357;7.7;null;null;8.3;null;1.6;0.9;
287169142;Tesco Free From Southern Fried Crispy Potato Skins 400G;£2.00;£5.00/kg;Frozen Free From;Frozen Gluten Free;214;2.9;null;2.4;10.1;1.3;1.9;1.5;
287169234;Tesco Free From Battered Onion Rings 375G;£2.00;£5.34/kg;Frozen Free From;Frozen Gluten Free;167;1.7;null;4.8;6.8;0.9;0.8;1.0;
281865548;Tesco Free From Pasta Carbonara 350G;£2.50;£7.15/kg;Frozen Free From;Frozen Gluten Free;202;6.3;null;1.8;8.7;4.9;0.9;0.3;
287571402;Whole Creations Gluten Free Pepperoni Pizza 300G;£3.00;£1.00/100g;Frozen Free From;Frozen Gluten Free;kcal 234 kcal 351;9.4;null;null;8.8;null;1.5;1.4;
281513107;Tesco Free From Belgian Chocolate Melt Puddings 200G;£1.60;£0.80/100g;Frozen Free From;Frozen Gluten Free;431;6.7;null;27.3;28.2;16.4;2.3;0.1;
285726811;The Coconut Collaborative Chocolate Snowconut 500Ml;£3.00;£0.60/100ml;Frozen Free From;Frozen Gluten Free;174 ;1.4;null;null;10;null;1;0.5;
282012255;Tesco Free From Apple Crumble 500G;£2.50;£0.50/100g;Frozen Free From;Frozen Gluten Free;263;1.5;null;20.4;10.7;4.0;1.4;0.4;
281878533;Tesco Free From Vegetable Lasagne 350G;£2.50;£7.15/kg;Frozen Free From;Frozen Gluten Free;127;3.8;null;3.9;4.1;2.6;1.3;0.3;
267244423;Tesco Free From 8 Thick Pork Sausages 454G;£2.00;£4.41/kg;Frozen Free From;Frozen Dairy Free;298;13.0;null;0.3;23.4;9.9;null;1.2;
285726811;The Coconut Collaborative Chocolate Snowconut 500Ml;£3.00;£0.60/100ml;Frozen Free From;Frozen Dairy Free;174 ;1.4;null;null;10;null;1;0.5;
285141051;Tesco Free From Creamy Iced Vanilla Dessert 500Ml;£2.00;£0.40/100ml;Frozen Free From;Frozen Dairy Free;220;1.7;null;19.5;12.3;11.2;0.3;0.2;
282012255;Tesco Free From Apple Crumble 500G;£2.50;£0.50/100g;Frozen Free From;Frozen Dairy Free;263;1.5;null;20.4;10.7;4.0;1.4;0.4;
284658121;Amy's Kitchen Gluten Free Chinese Noodles 270G;£3.49;£12.93/kg;Frozen Free From;Frozen Dairy Free;757 kJ 2050 kJ 8400 kJ;6.0;null;null;8.1;null;2.0;0.7;
279948488;Tesco Free From 4 Beef Quarter Pounders 454G;£2.50;£5.51/kg;Frozen Free From;Frozen Dairy Free;296;17.5;null;0.1;24.6;11.0;0.5;0.8;
287168546;Tesco Free From 4 Strawberry And Vanilla Cones 480Ml;£2.00;£0.42/100ml;Frozen Free From;Frozen Dairy Free;287;2.6;null;25.8;12.5;11.1;2.3;0.2;
282012255;Tesco Free From Apple Crumble 500G;£2.50;£0.50/100g;Frozen Free From;Frozen Gluten & Dairy Free;263;1.5;null;20.4;10.7;4.0;1.4;0.4;
284658121;Amy's Kitchen Gluten Free Chinese Noodles 270G;£3.49;£12.93/kg;Frozen Free From;Frozen Gluten & Dairy Free;757 kJ 2050 kJ 8400 kJ;6.0;null;null;8.1;null;2.0;0.7;
285141051;Tesco Free From Creamy Iced Vanilla Dessert 500Ml;£2.00;£0.40/100ml;Frozen Free From;Frozen Gluten & Dairy Free;220;1.7;null;19.5;12.3;11.2;0.3;0.2;
285726811;The Coconut Collaborative Chocolate Snowconut 500Ml;£3.00;£0.60/100ml;Frozen Free From;Frozen Gluten & Dairy Free;174 ;1.4;null;null;10;null;1;0.5;
267244423;Tesco Free From 8 Thick Pork Sausages 454G;£2.00;£4.41/kg;Frozen Free From;Frozen Gluten & Dairy Free;298;13.0;null;0.3;23.4;9.9;null;1.2;
279948488;Tesco Free From 4 Beef Quarter Pounders 454G;£2.50;£5.51/kg;Frozen Free From;Frozen Gluten & Dairy Free;296;17.5;null;0.1;24.6;11.0;0.5;0.8;
287168546;Tesco Free From 4 Strawberry And Vanilla Cones 480Ml;£2.00;£0.42/100ml;Frozen Free From;Frozen Gluten & Dairy Free;287;2.6;null;25.8;12.5;11.1;2.3;0.2;
284658052;Amy's Kitchen Gluten Free Breakfast Sandwich 135G;£2.49;£18.45/kg;Frozen Meat Free & Vegetarian;Frozen Meat Free & Vegetarian;883 kJ 1205 kJ 8400 kJ;7.0;null;null;7.0;null;2.0;1.3;
281442254;Quorn 12 Sausages 504G;£2.20;£4.37/kg;Frozen Meat Free & Vegetarian;Frozen Meat Free & Vegetarian;691kJ 580kJ;12.6;null;null;6.8;null;3.5;1.0;
264259612;Linda Mccartney 6 Vegetarian Sausage Rolls 342G;£2.00;£5.85/kg;Frozen Meat Free & Vegetarian;Frozen Meat Free & Vegetarian;null;11.3;null;null;17.6;null;3.6;1.1;
285365356;Linda Mccartney 2 Vegetarian Deep Dish Country Pies 380G;£2.00;£0.53/100g;Frozen Meat Free & Vegetarian;Frozen Meat Free & Vegetarian;null;5.6;null;null;13.5;null;2.8;1.0;
262230326;Quorn 2 Pasties 300G;£2.50;£8.34/kg;Frozen Meat Free & Vegetarian;Frozen Meat Free & Vegetarian;892kJ 1338kJ;6.9;null;null;10.0;null;3.0;0.6;
251898848;Aunt Bessie's Vegetarian Toad In The Hole 190G;£1.70;£8.95/kg;Frozen Meat Free & Vegetarian;Frozen Meat Free & Vegetarian;832kJ 1843kJ;12;null;null;10;null;2.3;0.75;
281878533;Tesco Free From Vegetable Lasagne 350G;£2.50;£7.15/kg;Frozen Meat Free & Vegetarian;Frozen Meat Free & Vegetarian;127;3.8;null;3.9;4.1;2.6;1.3;0.3;
287740796;Linda Mccartney Sweet Potato Kiev 290G;£2.00;£6.90/kg;Frozen Meat Free & Vegetarian;Frozen Meat Free & Vegetarian;null;3.8;null;null;9.3;null;3.0;0.78;
268163183;Linda Mccartney 2 Mozzarella Burgers 227G;£1.75;£7.71/kg;Frozen Meat Free & Vegetarian;Frozen Meat Free & Vegetarian;null;24.6;null;null;16.3;null;8.0;1.5;
251834698;Quorn 2 Cheese And Broccoli Escalopes 240G;£2.00;£8.34/kg;Frozen Meat Free & Vegetarian;Frozen Meat Free & Vegetarian;873kJ;8.7;null;null;11.4;null;2.9;1.3;
284658121;Amy's Kitchen Gluten Free Chinese Noodles 270G;£3.49;£12.93/kg;Frozen Meat Free & Vegetarian;Frozen Meat Free & Vegetarian;757 kJ 2050 kJ 8400 kJ;6.0;null;null;8.1;null;2.0;0.7;
263123095;Linda Mccartney 6 Vegetarian Sausages 300G;£1.70;£5.67/kg;Frozen Meat Free & Vegetarian;Frozen Meat Free & Vegetarian;null;22.5;null;null;8.8;null;1.6;1.8;
282526494;Linda Mccartney 2 Mushroom And Spinach Burgers 220G;£1.75;£7.96/kg;Frozen Meat Free & Vegetarian;Frozen Meat Free & Vegetarian;null;8.0;null;null;3.7;null;4.7;0.73;
281572606;Quorn 10 Chicken Fillets 520G;£3.00;£5.77/kg;Frozen Meat Free & Vegetarian;Frozen Meat Free & Vegetarian;359kJ 187kJ;11.5;null;null;1.5;null;5.0;0.75;
272241534;Linda Mccartney 2 Cheese Leek And Red Onion Plaits 340G;£2.00;£5.89/kg;Frozen Meat Free & Vegetarian;Frozen Meat Free & Vegetarian;null;6.5;null;null;17.7;null;3.3;1.1;
272342904;Amy's Kitchen Gluten Free Rice Mac And Cheese 255G;£2.20;£8.63/kg;Frozen Meat Free & Vegetarian;Frozen Meat Free & Vegetarian;657 kJ 1670 kJ -;6.3;null;null;6.3;null;0.4;null;
274578564;Linda Mccartney 6 Vegetarian Red Onion And Rosemary Sausages 300G;£1.70;£5.67/kg;Frozen Meat Free & Vegetarian;Frozen Meat Free & Vegetarian;null;18.0;null;null;3.4;null;6.4;1.6;
274570861;Quorn 2 Chicken And Leek Pies 400G;£2.50;£6.25/kg;Frozen Meat Free & Vegetarian;Frozen Meat Free & Vegetarian;null;6.0;null;null;9.5;null;3.0;null;
251352786;Quorn 2 Crispy Fillets 200G;£2.00;£10.00/kg;Frozen Meat Free & Vegetarian;Frozen Meat Free & Vegetarian;800kJ;12.5;null;null;8.5;null;4.0;0.5;
285027095;Tesco Free From 2 Mature Cheddar And Onion Crisp Bakes 270G;£1.75;£6.49/kg;Frozen Meat Free & Vegetarian;Frozen Meat Free & Vegetarian;266;7.5;null;1.6;16.1;5.8;2.1;1.1;
277304084;Quorn 2 Quarter Pounders 227G;£2.50;£11.02/kg;Frozen Meat Free & Vegetarian;Frozen Meat Free & Vegetarian;630kJ;14.4;null;null;6.0;null;4.0;1.5;
281572572;Quorn Meat Free Chicken Nuggets 476G;£3.00;£6.31/kg;Frozen Meat Free & Vegetarian;Frozen Meat Free & Vegetarian;822kJ 699kJ;12.0;null;null;12.0;null;4.8;0.75;
266244436;Quorn Chicken Style Pieces 500G;£2.45;£4.90/kg;Frozen Meat Free & Vegetarian;Frozen Meat Free & Vegetarian;373kJ;14.0;null;null;1.4;null;8.3;0.8;
251259238;Quorn 4 Chicken Style Burgers 252G;£2.50;£9.93/kg;Frozen Meat Free & Vegetarian;Frozen Meat Free & Vegetarian;901kJ;12.4;null;null;9.7;null;4.7;1.0;
278678031;Quorn Bite Size Kievs 280G;£2.50;£8.93/kg;Frozen Meat Free & Vegetarian;Frozen Meat Free & Vegetarian;862kJ;13.6;null;null;7.3;null;5.5;0.2;
250085585;Quorn Chicken Style Dippers 320G;£2.50;£7.82/kg;Frozen Meat Free & Vegetarian;Frozen Meat Free & Vegetarian;null;12.0;null;null;11.0;null;4.0;null;
287233354;Quorn Meat Free Chef's Selection Melt In The Middle Burger 230G;£3.00;£13.05/kg;Frozen Meat Free & Vegetarian;Frozen Meat Free & Vegetarian;975kJ;19.6;null;null;12.0;null;5.6;1.8;
285000161;Quorn Beef Roast 400G;£3.50;£8.75/kg;Frozen Meat Free & Vegetarian;Frozen Meat Free & Vegetarian;145;15.9;null;null;5.0;null;4.4;1.0;
284981100;Quorn 2 Thai Chicken Fillets 166G;£2.00;£12.05/kg;Frozen Meat Free & Vegetarian;Frozen Meat Free & Vegetarian;469kJ 389kJ;13.5;null;null;2.9;null;5.6;1.1;
259357152;Quorn 4 Burgers 200G;£2.50;£12.50/kg;Frozen Meat Free & Vegetarian;Frozen Meat Free & Vegetarian;null;14.1;null;null;7.3;null;2.4;null;
287233377;Quorn Meat Free Chef's Selection Steak 180G;£2.30;£12.78/kg;Frozen Meat Free & Vegetarian;Frozen Meat Free & Vegetarian;591kJ;16.3;null;null;4.5;null;6.6;1.5;
251116364;Quorn Chicken Style Pieces 300G;£1.48;£4.94/kg;Frozen Meat Free & Vegetarian;Frozen Meat Free & Vegetarian;373kJ;14.0;null;null;1.4;null;8.3;0.8;
281611953;Quorn Meat Free 8 Southern Fried Burgers 504G;£3.00;£5.96/kg;Frozen Meat Free & Vegetarian;Frozen Meat Free & Vegetarian;816kJ 514kJ;10.7;null;null;9.8;null;3.1;2.0;
284955057;Quorn 4 Turkey Steaks 360G;£2.50;£6.95/kg;Frozen Meat Free & Vegetarian;Frozen Meat Free & Vegetarian;561kJ 505kJ;16.5;null;null;3.9;null;3.7;0.8;
274571382;Quorn Hot Dogs 270G;£2.00;£7.41/kg;Frozen Meat Free & Vegetarian;Frozen Meat Free & Vegetarian;711kJ;14.8;null;null;9.6;null;5.4;1.3;
260316701;Quorn 6 Cumberland Sausages 300G;£1.48;£4.94/kg;Frozen Meat Free & Vegetarian;Frozen Meat Free & Vegetarian;721kJ;13.5;null;null;7.0;null;3.5;1.0;
250859407;Quorn Fillets 312G;£2.00;£6.42/kg;Frozen Meat Free & Vegetarian;Frozen Meat Free & Vegetarian;359kJ;11.5;null;null;1.5;null;5.0;0.8;
251438956;Quorn Family Roast 454G;£2.50;£5.51/kg;Frozen Meat Free & Vegetarian;Frozen Meat Free & Vegetarian;607kJ;16.6;null;null;6.0;null;5.3;1.3;
278678388;Quorn 2 Steak Style And Gravy Pies 400G;£2.50;£6.25/kg;Frozen Meat Free & Vegetarian;Frozen Meat Free & Vegetarian;904kJ;6.1;null;null;9.1;null;2.8;0.7;
287233331;Quorn Meat Free Bacon Lardons 250G;£2.00;£8.00/kg;Frozen Meat Free & Vegetarian;Frozen Meat Free & Vegetarian;901kJ;20.5;null;null;10.9;null;4.1;2.2;
265387631;Quorn Mince 500G;£2.45;£4.90/kg;Frozen Meat Free & Vegetarian;Frozen Meat Free & Vegetarian;441kJ;14.5;null;null;2.0;null;5.5;0.3;
282030204;Tesco Everyday Value 2 Chilli Bean Bakes 280G;£1.00;£3.58/kg;Frozen Meat Free & Vegetarian;Frozen Meat Free & Vegetarian;257;7.7;null;3.4;11.5;5.5;4.3;0.6;
287233432;Quorn Meat Free Curry And Rice 300G;£2.00;£6.67/kg;Frozen Meat Free & Vegetarian;Frozen Meat Free & Vegetarian;429kJ;3.7;null;null;2.9;null;1.9;0.5;
282050134;Tesco Everyday Value 2 Indian Potato Cakes 280G;£1.00;£3.58/kg;Frozen Meat Free & Vegetarian;Frozen Meat Free & Vegetarian;122;2.5;null;5.9;3.4;0.6;3.5;0.8;
284955489;Quorn Thai Red Curry 500G;£3.00;£6.00/kg;Frozen Meat Free & Vegetarian;Frozen Meat Free & Vegetarian;402kJ 1005kJ;5.6;null;null;4.8;null;3.6;1.1;
282050059;Tesco Everyday Value 2 Mushroom And Garlic Crisp Bakes 280G;£1.00;£3.58/kg;Frozen Meat Free & Vegetarian;Frozen Meat Free & Vegetarian;168;3.3;null;2.2;7.2;1.2;2.7;0.8;
284999333;Quorn Steak And Gravy Pudding 380G;£3.00;£7.90/kg;Frozen Meat Free & Vegetarian;Frozen Meat Free & Vegetarian;1104kJ 2098kJ 25% 8400kJ;6.1;null;null;15.1;null;4.0;0.7;
282372761;Tesco Everyday Value 6 Vegetable Sausages 300G;£1.00;£3.34/kg;Frozen Meat Free & Vegetarian;Frozen Meat Free & Vegetarian;149;3.9;null;7.5;5.0;0.5;3.1;0.8;
287233392;Quorn Meat Free Gammon Steak 248G;£2.00;£8.07/kg;Frozen Meat Free & Vegetarian;Frozen Meat Free & Vegetarian;719kJ;17.6;null;null;8.0;null;2.4;2.3;
255411411;Quorn Swedish Style Balls 300G;£2.00;£6.67/kg;Frozen Meat Free & Vegetarian;Frozen Meat Free & Vegetarian;505kJ;12.5;null;null;2.6;null;1.3;1.0;
282372686;Tesco Everyday Value 10 Spinach And Chickpea Falafel 150G;£1.00;£6.67/kg;Frozen Meat Free & Vegetarian;Frozen Meat Free & Vegetarian;151;4.9;null;1.6;5.6;0.5;5.1;0.8;
284955921;Quorn Oriental Stir Fry 600G;£3.00;£5.00/kg;Frozen Meat Free & Vegetarian;Frozen Meat Free & Vegetarian;351kJ 1053kJ;5.1;null;null;1.2;null;3.6;0.9;
277304211;Quorn Southern Fried Bites 300G;£2.00;£6.67/kg;Frozen Meat Free & Vegetarian;Frozen Meat Free & Vegetarian;831kJ;11.9;null;null;7.9;null;4.4;1.5;
287233452;Quorn Meat Free Spaghetti Bolognese 300G;£2.00;£6.67/kg;Frozen Meat Free & Vegetarian;Frozen Meat Free & Vegetarian;361kJ;4.4;null;null;0.6;null;1.5;0.6;
250341645;Quorn Sausages 336G;£1.48;£4.41/kg;Frozen Meat Free & Vegetarian;Frozen Meat Free & Vegetarian;738kJ;10.2;null;null;7.8;null;6.2;1.4;
284955351;Quorn Thai Green Curry 500G;£3.00;£6.00/kg;Frozen Meat Free & Vegetarian;Frozen Meat Free & Vegetarian;420kJ 1050kJ;5.4;null;null;4.7;null;3.8;0.9;
267177001;Quorn Steak Strips 300G;£2.00;£6.67/kg;Frozen Meat Free & Vegetarian;Frozen Meat Free & Vegetarian;420kJ;14.3;null;null;1.5;null;6.0;0.8;
268151370;Quorn Smoky Bacon Style Slices 150G;£2.00;£13.34/kg;Frozen Meat Free & Vegetarian;Frozen Meat Free & Vegetarian;908kJ;12.1;null;null;16.1;null;7.0;2.3;
251352757;Quorn Mince 300G;£1.48;£4.94/kg;Frozen Meat Free & Vegetarian;Frozen Meat Free & Vegetarian;441kJ;14.5;null;null;2.0;null;5.5;0.3;
282490010;Tesco Everyday Value 6 Vegetable Grills 340G;£1.00;£2.95/kg;Frozen Meat Free & Vegetarian;Frozen Meat Free & Vegetarian;157;3.0;null;5.0;5.3;0.5;5.0;1.0;
278480886;Tesco Finest 2 Wild Mushroom Chestnut And Stilton Roast 260G;£2.25;£8.66/kg;Frozen Meat Free & Vegetarian;Frozen Meat Free & Vegetarian;190;6.2;null;5.2;8.4;2.8;3.0;0.4;
277200512;Tesco Finest Asparagus And Lemon Hollandaise Melts 280G;£2.25;£8.04/kg;Frozen Meat Free & Vegetarian;Frozen Meat Free & Vegetarian;235;4.7;null;3.5;14.1;5.7;2.2;0.6;
282490033;Tesco Everyday Value Cheese And Onion Crisp Bakes 280G;£1.00;£3.58/kg;Frozen Meat Free & Vegetarian;Frozen Meat Free & Vegetarian;206;6.0;null;1.2;11.2;2.9;1.7;1.0;
287569792;Tesco Meat Free 16 Chicken Style Nuggets 320G;£1.75;£5.47/kg;Frozen Meat Free & Vegetarian;Frozen Meat Free & Vegetarian;231;15.5;null;1.8;5.9;1.9;3.3;0.9;
284716767;Tesco Finest 2 Goan Curry Bakes 305G;£2.25;£7.38/kg;Frozen Meat Free & Vegetarian;Frozen Meat Free & Vegetarian;224;4.6;null;6.5;9.8;1.7;5.2;0.9;
277180436;Tesco Finest 2 Asparagus And Swiss Cheese Puff Tarts 310G;£2.25;£7.26/kg;Frozen Meat Free & Vegetarian;Frozen Meat Free & Vegetarian;273;8.3;null;1.5;17.2;9.7;2.7;0.7;
266075048;Tesco Meat Free 15 Vegetable Fingers 424G;£1.75;£4.13/kg;Frozen Meat Free & Vegetarian;Frozen Meat Free & Vegetarian;204;4.7;null;2.3;9.0;0.8;3.7;0.7;
277475192;Tesco Meat Free 2 Mushroom Risotto Bakes 280G;£1.75;£6.25/kg;Frozen Meat Free & Vegetarian;Frozen Meat Free & Vegetarian;178;4.7;null;2.3;6.6;1.7;2.3;0.9;
281934726;Tesco Meat Free 2 Beetroot And Goats Cheese Bakes 228G;£1.75;£7.68/kg;Frozen Meat Free & Vegetarian;Frozen Meat Free & Vegetarian;176;3.9;null;4.5;8.7;4.6;1.5;0.4;
284384790;Tesco Healthy Living 6 Meat Free Sausages 264G;£1.75;£6.63/kg;Frozen Meat Free & Vegetarian;Frozen Meat Free & Vegetarian;114;15.3;null;1.5;2.5;0.2;3.2;1.0;
287169361;Tesco Finest 2 Mediterranean Tarts 250G;£2.25;£9.00/kg;Frozen Meat Free & Vegetarian;Frozen Meat Free & Vegetarian;188;2.9;null;3.9;9.2;2.4;2.1;0.6;
282050071;Tesco Meat Free 2 Green Thai Vegetable Bakes 287G;£1.75;£6.10/kg;Frozen Meat Free & Vegetarian;Frozen Meat Free & Vegetarian;193;2.3;null;0.5;13.3;5.7;4.9;0.9;
287569772;Tesco Meat Free 2 Chicken Style Cheesy Garlic Kievs 250G;£1.75;£7.00/kg;Frozen Meat Free & Vegetarian;Frozen Meat Free & Vegetarian;232;14.9;null;1.2;11.1;2.8;2.5;1.0;
282122614;Tesco Meat Free 2 Chargrilled Vegetable And Quinoa Pesto Bakes 240G;£1.75;£7.30/kg;Frozen Meat Free & Vegetarian;Frozen Meat Free & Vegetarian;174;4.3;null;4.4;6.6;1.6;3.8;1.1;
284276699;Tesco Finest 2 Beetroot And Pearl Barley Risotto Bakes 305G;£2.25;£7.38/kg;Frozen Meat Free & Vegetarian;Frozen Meat Free & Vegetarian;220;6.9;null;5.0;12.1;3.0;3.0;0.5;
282113222;Tesco Meat Free 2 Bean Sweetcorn And Roasted Pepper Burger 240G;£1.75;£7.30/kg;Frozen Meat Free & Vegetarian;Frozen Meat Free & Vegetarian;172;5.3;null;4.1;5.4;0.5;7.9;0.3;
287247879;Tesco Meat Free 2 Laksa Noodle Crispbake 220G;£1.75;£7.96/kg;Frozen Meat Free & Vegetarian;Frozen Meat Free & Vegetarian;219;4.4;null;2.4;9.0;1.6;3.3;1.0;
284275308;Tesco Finest 4 Handmade Tandoori Roti Rolls 400G;£2.25;£5.63/kg;Frozen Meat Free & Vegetarian;Frozen Meat Free & Vegetarian;198;1.1;null;47.2;0.5;0.1;0;2.1;
284276814;Tesco Finest 2 Katsu Curry Bakes 300G;£2.25;£7.50/kg;Frozen Meat Free & Vegetarian;Frozen Meat Free & Vegetarian;216;4.2;null;2.8;12.2;1.6;3.1;0.7;
287168863;Tesco Finest Vegetable Biryani With Salan Sauce 400G;£2.25;£5.63/kg;Frozen Meat Free & Vegetarian;Frozen Meat Free & Vegetarian;171;4.4;null;3.9;13.6;6.3;0;0.5;
281935437;Tesco Meat Free 2 Spinach And Mushroom Pastries 200G;£1.75;£8.75/kg;Frozen Meat Free & Vegetarian;Frozen Meat Free & Vegetarian;299;5.4;null;2.3;18.3;8.9;2.7;1.0;
282051634;Tesco Meat Free 2 Southern Fried Bean Burgers 280G;£1.75;£6.25/kg;Frozen Meat Free & Vegetarian;Frozen Meat Free & Vegetarian;179;6.2;null;3.2;8.2;3.3;2.8;0.8;
266075169;Tesco Meat Free 4 Mexican Style Bean Burgers 454G;£1.75;£3.86/kg;Frozen Meat Free & Vegetarian;Frozen Meat Free & Vegetarian;225;6.2;null;1.7;10.3;2.5;8.3;0.7;
277511518;Tesco Meat Free 8 Bacon Style Rashers 150G;£1.75;£11.67/kg;Frozen Meat Free & Vegetarian;Frozen Meat Free & Vegetarian;341;27.8;null;1.0;22.6;1.9;3.2;3.2;
281935414;Tesco Meat Free 4 Mediterranean Vegetable Crepes 320G;£1.75;£5.47/kg;Frozen Meat Free & Vegetarian;Frozen Meat Free & Vegetarian;166;4.1;null;3.6;6.9;2.1;1.3;0.9;
282052408;Tesco Meat Free 2 Spinach And Courgette Frittatas 250G;£1.75;£7.00/kg;Frozen Meat Free & Vegetarian;Frozen Meat Free & Vegetarian;154;5.2;null;1.7;8.5;2.0;5.3;1.1;
282122574;Tesco Meat Free 2 Sweet Potato Paneer And Spinach Bakes 220G;£1.75;£7.96/kg;Frozen Meat Free & Vegetarian;Frozen Meat Free & Vegetarian;212;5.0;null;3.2;11.3;2.5;2.7;0.8;
277511478;Tesco Meat Free 6 Mediterranean Style Sausages 264G;£1.75;£6.63/kg;Frozen Meat Free & Vegetarian;Frozen Meat Free & Vegetarian;170;15.2;null;2.1;9.3;1.1;3.5;1.3;
266073576;Tesco Meat Free 4 Cauliflower Cheese Grills 397G;£1.75;£4.41/kg;Frozen Meat Free & Vegetarian;Frozen Meat Free & Vegetarian;219;5.3;null;2.0;11.7;3.0;2.5;0.7;
287247977;Tesco Meat Free 4 Quinoa And Halloumi Roll 240G;£1.75;£7.30/kg;Frozen Meat Free & Vegetarian;Frozen Meat Free & Vegetarian;236;6.0;null;1.2;9.9;2.1;3.6;0.5;
287168722;Tesco Meat Free 6 Seekh Kebab With Chutney 246G;£1.75;£7.12/kg;Frozen Meat Free & Vegetarian;Frozen Meat Free & Vegetarian;252;0.9;null;60.3;0.6;0.1;0.7;2.3;
266075307;Tesco Meat Free 4 Vegetable Quarter Pounders 454G;£1.75;£3.86/kg;Frozen Meat Free & Vegetarian;Frozen Meat Free & Vegetarian;224;4.0;null;3.9;11.3;1.1;4.0;0.7;
282120806;Tesco Meat Free 6 Lincolnshire Style Sausages 264G;£1.75;£6.63/kg;Frozen Meat Free & Vegetarian;Frozen Meat Free & Vegetarian;189;15.1;null;1.6;11.2;0.9;2.4;1.4;
266073782;Tesco Meat Free 4 Nut Cutlets 350G;£1.75;£5.00/kg;Frozen Meat Free & Vegetarian;Frozen Meat Free & Vegetarian;340;8.0;null;5.9;23.0;3.0;3.8;0.8;
277719095;Tesco Meat Free 6 Glamorgan Sausages 300G;£1.75;£5.84/kg;Frozen Meat Free & Vegetarian;Frozen Meat Free & Vegetarian;179;5.3;null;4.5;9.2;3.8;3.9;1.0;
282030302;Tesco Meat Free 2 Red Onion And Goats Cheese Tarts 200G;£1.75;£8.75/kg;Frozen Meat Free & Vegetarian;Frozen Meat Free & Vegetarian;306;5.8;null;5.4;17.9;8.7;3.8;0.7;
254972122;Tesco Meat Free 8 Burgers 454G;£1.75;£3.86/kg;Frozen Meat Free & Vegetarian;Frozen Meat Free & Vegetarian;192;20.7;null;1.3;8.3;0.8;3.9;1.3;
282489053;Tesco Meat Free 9 Hot Dog Style Sausages 270G;£1.75;£6.49/kg;Frozen Meat Free & Vegetarian;Frozen Meat Free & Vegetarian;237;16.9;null;2.2;16.7;1.2;3.9;1.2;
282246669;Tesco Meat Free Beef Style Strips 300G;£1.75;£5.84/kg;Frozen Meat Free & Vegetarian;Frozen Meat Free & Vegetarian;227;20.1;null;1.9;11.6;1.5;4.0;0.9;
287247891;Tesco Meat Free 2 Smoked Cheese And Broccoli Bake 240G;£1.75;£7.30/kg;Frozen Meat Free & Vegetarian;Frozen Meat Free & Vegetarian;153;4.4;null;2.4;8.1;4.7;6.2;0.9;
277473303;Tesco Meat Free Meat Style Balls 400G;£1.75;£4.38/kg;Frozen Meat Free & Vegetarian;Frozen Meat Free & Vegetarian;184;18.4;null;1.0;8.7;0.7;6.1;1.0;
287525202;Tesco Meat Free Thai Green Curry 400G;£1.75;£4.38/kg;Frozen Meat Free & Vegetarian;Frozen Meat Free & Vegetarian;126;5.5;null;4.7;8.2;1.5;3.4;0.7;
281934997;Tesco Meat Free Spinach Lentil And Potato Curry 400G;£1.75;£4.38/kg;Frozen Meat Free & Vegetarian;Frozen Meat Free & Vegetarian;110;4.1;null;2.4;4.9;1.5;8.8;0.4;
284275556;Tesco Meat Free Vegetable And Honey Puff Pastry Plait 200G;£1.75;£8.75/kg;Frozen Meat Free & Vegetarian;Frozen Meat Free & Vegetarian;286;4.1;null;5.9;16.7;8.0;1.9;0.9;
282013104;Tesco Meat Free Courgette And Butternut Squash Bake 400G;£1.75;£4.38/kg;Frozen Meat Free & Vegetarian;Frozen Meat Free & Vegetarian;99;2.5;null;1.6;3.7;1.6;1.8;0.5;
284276618;Tesco Meat Free Nut Roast 550G;£3.00;£5.46/kg;Frozen Meat Free & Vegetarian;Frozen Meat Free & Vegetarian;262;6.4;null;5.7;17.9;2.4;4.4;0.6;
281934830;Tesco Meat Free Vegetable Barley Risotto 400G;£1.75;£4.38/kg;Frozen Meat Free & Vegetarian;Frozen Meat Free & Vegetarian;93;3.5;null;3.4;3.0;1.4;6.1;0.4;
282052063;Tesco Meat Free Spanish Tortilla 260G;£1.75;£6.74/kg;Frozen Meat Free & Vegetarian;Frozen Meat Free & Vegetarian;134;4.6;null;1.6;6.7;1.5;6.1;1.2;
282013231;Tesco Meat Free Vegetable Moussaka 400G;£1.75;£4.38/kg;Frozen Meat Free & Vegetarian;Frozen Meat Free & Vegetarian;73;3.0;null;3.1;1.8;0.5;2.9;0.6;
287169038;Tesco Meat Free Lentil And Bean Chilli 400G;£1.75;£4.38/kg;Frozen Meat Free & Vegetarian;Frozen Meat Free & Vegetarian;104;5.5;null;6.6;2.4;0.8;6.7;0.5;
287529172;Tesco Meat Free Bolognese Mix 400G;£1.75;£4.38/kg;Frozen Meat Free & Vegetarian;Frozen Meat Free & Vegetarian;107;5.9;null;4.2;6.3;0.6;3.9;0.6;
257974340;Tesco Meat Free Vegetarian Mince 454G;£1.75;£3.86/kg;Frozen Meat Free & Vegetarian;Frozen Meat Free & Vegetarian;104;14.9;null;0.1;0.1;0.1;4.3;0.6;
287168984;Tesco Meat Free Keralan Curry 400G;£1.75;£4.38/kg;Frozen Meat Free & Vegetarian;Frozen Meat Free & Vegetarian;84;1.6;null;8.4;2.3;1.6;2.5;0.5;
282247708;Tesco Meat Free Chicken Style Pieces 300G;£1.75;£5.84/kg;Frozen Meat Free & Vegetarian;Frozen Meat Free & Vegetarian;217;17.8;null;2.1;11.3;1.4;4.2;0.9;
256414078;Everest Ices Kesar Pistachio Ice Cream 1Ltr;£1.50;£0.15/100ml;Frozen World Foods;Asian Ice Cream & Desserts;null;null;null;null;null;null;null;null;
275066627;Kulfi Ice Original Malai Kulfi Ice Cream 500Ml;£1.50;£0.30/100ml;Frozen World Foods;Asian Ice Cream & Desserts;null;null;null;null;null;null;null;null;
275065801;Kulfi Ice Original Malai Kulfi Ice Cream 4S 280Ml;£2.00;£0.71/100ml;Frozen World Foods;Asian Ice Cream & Desserts;null;null;null;null;null;null;null;null;
259158520;Aishas Chicken Goujons 500G;£4.00;£8.00/kg;Frozen World Foods;Frozen Asian Breaded Poultry;null;null;null;null;null;null;null;null;
285247062;Aishas Halal Peri Peri Chicken Goujons 500G;£2.75;£0.55/100g;Frozen World Foods;Frozen Asian Breaded Poultry;null;null;null;null;null;null;null;null;
268630189;Aishas Halal Fried Chicken Dippers 190G;£1.00;£5.27/kg;Frozen World Foods;Frozen Asian Breaded Poultry;null;null;null;null;null;null;null;null;
268631361;Aishas Halal Fried Chicken Poppers 190G;null;null;Frozen World Foods;Frozen Asian Breaded Poultry;null;null;null;null;null;null;null;null;
265367956;Shana Frozen Chapatti 320G;£1.30;£0.41/100g;Frozen World Foods;Frozen Asian Breads & Pizzas;null;null;null;null;null;null;null;null;
264594358;Shana Plain Paratha 400G;£1.50;£0.38/100g;Frozen World Foods;Frozen Asian Breads & Pizzas;null;null;null;null;null;null;null;null;
275087694;Ginos Halal Tandoori Chicken Pizza 300G;£1.50;£0.50/100g;Frozen World Foods;Frozen Asian Breads & Pizzas;221 ;10.3;null;null;9.1;null;null;1.3;
259469048;Shana Garlic Paratha 400G;£1.50;£0.38/100g;Frozen World Foods;Frozen Asian Breads & Pizzas;null;null;null;null;null;null;null;null;
280403202;Ibco Plain Paratha Family Pack 20S 1.6Kg;£3.00;£0.19/100g;Frozen World Foods;Frozen Asian Breads & Pizzas;null;5.2;45;null;11;null;null;null;
265761689;Cofresh Crushed Frozen Garlic 400G;£0.95;£2.38/kg;Frozen World Foods;Frozen Asian Vegetables;null;null;null;null;null;null;null;null;
271196116;Cofresh Okra Cut 300G;£1.00;£3.34/kg;Frozen World Foods;Frozen Asian Vegetables;null;null;null;null;null;null;null;null;
265762135;Cofresh Crushed Frozen Ginger 400G;£0.95;£2.38/kg;Frozen World Foods;Frozen Asian Vegetables;null;null;null;null;null;null;null;null;
280379486;Mr Prawn Cooked And Peeled Prawns 100/150 350G;£3.75;£1.08/100g;Frozen World Foods;Frozen Asia Products;60;14.9;0;null;0.13;null;0;null;
265556593;Aishas Peri-Peri Burgers 340G;£2.50;£7.36/kg;Frozen World Foods;Frozen Halal Burgers, Sausages & Kebabs;246 ;13.5;null;null;17.0;null;null;2.2;
259141539;Aishas Microwave Lamb Seekh Kebab 600G;£5.99;£9.99/kg;Frozen World Foods;Frozen Halal Burgers, Sausages & Kebabs;null;null;null;null;null;null;null;null;
275077891;Ginos Halal Quarter Pounder Cheese Burger 200G;£1.00;£5.00/kg;Frozen World Foods;Frozen Halal Burgers, Sausages & Kebabs;266 ;14.1;25.0;null;12.2;null;1.7;1.27;
270951866;Tahira Halal Chicken Frankfurters 10S 340G;£1.10;£3.24/kg;Frozen World Foods;Frozen Halal Burgers, Sausages & Kebabs;187 Kcal;11.5;null;null;13.7;null;null;null;
280485924;Azeem Halal Chicken Breast Fillets 1Kg;£5.00;£0.50/100g;Frozen World Foods;Frozen Halal Chicken & Lamb;94 ;20.0;null;null;1.4;null;null;1.2;
285247062;Aishas Halal Peri Peri Chicken Goujons 500G;£2.75;£0.55/100g;Frozen World Foods;Frozen Halal Chicken & Lamb;null;null;null;null;null;null;null;null;
264748811;Cofresh Vegetable Samosas 700G;£1.75;£2.50/kg;Frozen World Foods;Frozen Samosas;209 Kcal;5.3;null;null;4.1;null;null;null;
284804179;Shazans Chicken Samosas 20S 650G;£4.25;£0.65/100g;Frozen World Foods;Frozen Samosas;null;3.7;null;null;2.4;null;null;null;
284803932;Shazans Meat Samosas 20S 650G;£4.25;£0.65/100g;Frozen World Foods;Frozen Samosas;null;10.9;null;null;3.3;null;null;null;
284477450; Tesco Pink Lady Apple 4 Pack 590G; £2.50; (£4.24/kg); Apples, Pears & Rhubarb; 53kcal; 0.4g; 11.8g; 0.1g; <0.1g; <0.01g; 1.8g
284477507; Tesco Bramley Apple 775G; £1.50; (£1.94/kg); Apples, Pears & Rhubarb; 41kcal; 0.3g; 8.9g; 0.1g; <0.1g; <0.01g; 1.6g
