12-snack-sausage-rolls-360g;Sainsbury's Snack Sausage Rolls x12 360g;£1.90/unit;£0.53/100g;sausage-rolls-savouries;336;9.6;29.6;1.6;19.4;8.3;2.3;1.05
12-snack-sausage-rolls-360g;Sainsbury's Snack Sausage Rolls x12 360g;£1.90/unit;£0.53/100g;slices-pasties;336;9.6;29.6;1.6;19.4;8.3;2.3;1.05
60-cocktail-sausages-600g;Sainsbury's Pork Cocktail Sausages x60 600g;£3.00/unit;£0.50/100g;mfp-snacking-cooked-sausage;301;10.9;11.5;1.0;23.1;7.9;1.6;1.08
60-cocktail-sausages-600g;Sainsbury's Pork Cocktail Sausages x60 600g;£3.00/unit;£0.50/100g;sausage-rolls-savouries;301;10.9;11.5;1.0;23.1;7.9;1.6;1.08
60-cocktail-sausages-600g;Sainsbury's Pork Cocktail Sausages x60 600g;£3.00/unit;£0.50/100g;snacking-cooked-sausage;301;10.9;11.5;1.0;23.1;7.9;1.6;1.08
7up-2l;7UP 2L;£1.85/unit;£0.09/100ml;fruit-flavoured;41;0;10.7;10.6;0;0;0;;
7up-2l;7UP 2L;£1.85/unit;£0.09/100ml;lemonade;41;0;10.7;10.6;0;0;0;;
7up-6x330ml;7UP 6x330ml;£3.20/unit;£0.16/100ml;fruit-flavoured;41;0;10.7;10.6;0;0;0;;
7up-6x330ml;7UP 6x330ml;£3.20/unit;£0.16/100ml;lemonade;41;0;10.7;10.6;0;0;0;;
7up-cherry---bubbles-6x330ml;7UP Cherry & Bubbles 6x330ml;£3.20/unit;£0.16/100ml;fruit-flavoured;16539;0;10;10;0;0;-1;0.01
7up-free-600ml;7up Free 600ml;£1.25/unit;£0.21/100ml;fruit-flavoured;82;0;0;0;0;0;-1;0.04
7up-free-600ml;7up Free 600ml;£1.25/unit;£0.21/100ml;lemonade;82;0;0;0;0;0;-1;0.04
7up-light-2l;7UP Light 2L;£1.85/unit;£0.09/100ml;diet-sugar-free-fizzy-drinks;82;0;0;0;0;0;-1;0.04
7up-light-2l;7UP Light 2L;£1.85/unit;£0.09/100ml;fruit-flavoured;82;0;0;0;0;0;-1;0.04
7up-light-2l;7UP Light 2L;£1.85/unit;£0.09/100ml;lemonade;82;0;0;0;0;0;-1;0.04
7up-sugar-free-6x330ml;7UP Sugar Free 6x330ml;£3.20/unit;£0.16/100ml;diet-sugar-free-fizzy-drinks;1.9;0.1;0.1;0;0;0;0;;
7up-sugar-free-6x330ml;7UP Sugar Free 6x330ml;£3.20/unit;£0.16/100ml;fruit-flavoured;1.9;0.1;0.1;0;0;0;0;;
7up-sugar-free-6x330ml;7UP Sugar Free 6x330ml;£3.20/unit;£0.16/100ml;lemonade;1.9;0.1;0.1;0;0;0;0;;
9-bar-flax-seed-bars-4x40g;9 Bar Flax Seed Bars 4x40g;£2.00/unit;£1.25/100g;breakfast-cereal-bars-breakfast-biscuits;5232180;17.4;33.5;30.0;35.5;10.0;-1;-1
9-bar-pumpkin-bars-4x40g;9 Bar Pumpkin Bars 4x40g;£2.00/unit;£1.25/100g;breakfast-cereal-bars-breakfast-biscuits;5102130;21.5;28.4;23.5;34.6;6.6;-1;-1
ProductDisplay?storeId=10151&productId=102784&urlRequestType=Base&categoryId=12487&catalogId=10313&langId=44;Rolo Mulitpack x4 52g;£1.50/unit;£0.72/100g;chocolate;477;4.4;68.4;58.7;20.4;11.7;1.2;0.30;
ProductDisplay?storeId=10151&productId=102786&urlRequestType=Base&categoryId=12487&catalogId=10313&langId=44;Toffee Crisp Multipack x4 43.2g;£1.50/unit;£0.87/100g;chocolate;Per 100g nutrition not found
ProductDisplay?storeId=10151&productId=110678&urlRequestType=Base&categoryId=13247&catalogId=10118&langId=44;Sainsbury's Onions 1kg;£0.60/unit;£0.60/kg;onions-leeks-garlic;38;1.0;7.6;5.9;0.5;0.1;1.4;0.01
ProductDisplay?storeId=10151&productId=113034&urlRequestType=Base&categoryId=13358&catalogId=10169&langId=44;Sainsbury's British Whole Chicken with Pork, Sage & Onion Stuffing 1.45kg;£5.50/unit;£3.93/kg;chicken;196;24.3;2.1;0.5;10.0;3.0;0.5;0.45
ProductDisplay?storeId=10151&productId=113034&urlRequestType=Base&categoryId=135656&catalogId=10173&langId=44;Sainsbury's British Whole Chicken with Pork, Sage & Onion Stuffing 1.45kg;£5.50/unit;£3.93/kg;prepared-joints;196;24.3;2.1;0.5;10.0;3.0;0.5;0.45
ProductDisplay?storeId=10151&productId=115678&urlRequestType=Base&categoryId=13358&catalogId=10169&langId=44;Sainsbury's British Whole Chicken, Garlic & Herb 1.35kg;£5.50/unit;£4.00/kg;chicken;168;23.7;0.7;0.5;7.8;1.7;0.5;0.47
ProductDisplay?storeId=10151&productId=115678&urlRequestType=Base&categoryId=135656&catalogId=10173&langId=44;Sainsbury's British Whole Chicken, Garlic & Herb 1.35kg;£5.50/unit;£4.00/kg;prepared-joints;168;23.7;0.7;0.5;7.8;1.7;0.5;0.47
ProductDisplay?storeId=10151&productId=120940&urlRequestType=Base&categoryId=12563&catalogId=10306&langId=44;Sainsbury's Strawberries 227g;£1.50/unit;£6.61/kg;berries-cherries-currants;33;0.6;6.1;6.1;0.5;0.1;1.0;0.01
ProductDisplay?storeId=10151&productId=125808&urlRequestType=Base&categoryId=12181&catalogId=10169&langId=44;Sainsbury's Butlers Farmhouse Red Leicester, Taste the Difference 240g;£2.50/unit;£10.42/kg;cheddar-british-regional-cheese;411;24.9;0.5;0.5;34.5;21.6;0.5;1.72
ProductDisplay?storeId=10151&productId=125808&urlRequestType=Base&categoryId=12206&catalogId=10169&langId=44;Sainsbury's Butlers Farmhouse Red Leicester, Taste the Difference 240g;£2.50/unit;£10.42/kg;organic-taste-the-difference-cheese;411;24.9;0.5;0.5;34.5;21.6;0.5;1.72
ProductDisplay?storeId=10151&productId=125808&urlRequestType=Base&categoryId=89716&catalogId=10169&langId=44;Sainsbury's Butlers Farmhouse Red Leicester, Taste the Difference 240g;£2.50/unit;£10.42/kg;cheeseboard-delights;411;24.9;0.5;0.5;34.5;21.6;0.5;1.72
ProductDisplay?storeId=10151&productId=125810&urlRequestType=Base&categoryId=12181&catalogId=10169&langId=44;Sainsbury's Butlers Farmhouse Gloucester, Taste the Difference 240g;£2.50/unit;£10.42/kg;cheddar-british-regional-cheese;411;24.9;0.5;0.5;34.5;21.6;0.5;1.72
ProductDisplay?storeId=10151&productId=125810&urlRequestType=Base&categoryId=12206&catalogId=10169&langId=44;Sainsbury's Butlers Farmhouse Gloucester, Taste the Difference 240g;£2.50/unit;£10.42/kg;organic-taste-the-difference-cheese;411;24.9;0.5;0.5;34.5;21.6;0.5;1.72
ProductDisplay?storeId=10151&productId=125810&urlRequestType=Base&categoryId=89716&catalogId=10169&langId=44;Sainsbury's Butlers Farmhouse Gloucester, Taste the Difference 240g;£2.50/unit;£10.42/kg;cheeseboard-delights;411;24.9;0.5;0.5;34.5;21.6;0.5;1.72
ProductDisplay?storeId=10151&productId=126550&urlRequestType=Base&categoryId=12181&catalogId=10104&langId=44;Sainsbury's Shropshire Red Cheese, Taste the Difference 200g;£2.75/unit;£13.75/kg;cheddar-british-regional-cheese;399;23.8;0.5;0.5;33.7;21.1;0.5;1.90
ProductDisplay?storeId=10151&productId=126550&urlRequestType=Base&categoryId=12206&catalogId=10169&langId=44;Sainsbury's Shropshire Red Cheese, Taste the Difference 200g;£2.75/unit;£13.75/kg;organic-taste-the-difference-cheese;399;23.8;0.5;0.5;33.7;21.1;0.5;1.90
ProductDisplay?storeId=10151&productId=126550&urlRequestType=Base&categoryId=89716&catalogId=10257&langId=44;Sainsbury's Shropshire Red Cheese, Taste the Difference 200g;£2.75/unit;£13.75/kg;cheeseboard-delights;399;23.8;0.5;0.5;33.7;21.1;0.5;1.90
ProductDisplay?storeId=10151&productId=129426&urlRequestType=Base&categoryId=13358&catalogId=10169&langId=44;Sainsbury's British Whole Chicken, Piri Piri Seasoned 1.326kg;£5.50/unit;£3.97/kg;chicken;175;23.5;1.6;0.5;8.2;2.5;0.5;0.60
ProductDisplay?storeId=10151&productId=129426&urlRequestType=Base&categoryId=135656&catalogId=10173&langId=44;Sainsbury's British Whole Chicken, Piri Piri Seasoned 1.326kg;£5.50/unit;£3.97/kg;prepared-joints;175;23.5;1.6;0.5;8.2;2.5;0.5;0.60
ProductDisplay?storeId=10151&productId=130096&urlRequestType=Base&categoryId=13243&catalogId=10118&langId=44;Sainsbury's Fine Beans 200g;£1.50/unit;£7.50/kg;peas-beans-sweetcorn-asparagus;29;1.9;3.2;2.3;0.5;-1;2.2;0.00
ProductDisplay?storeId=10151&productId=130222&urlRequestType=Base&categoryId=12551&catalogId=10257&langId=44;Sainsbury's White Seedless Grapes 500g;£2.00/unit;£4.00/kg;bananas-grapes;66;0.5;15;15;0.5;0.1;0.7;0.5
ProductDisplay?storeId=10151&productId=130382&urlRequestType=Base&categoryId=12648&catalogId=10170&langId=44;Sainsbury's Easy Peelers, Taste the Difference x6 (minimum);£2.00/unit;£2.00/ea;citrus-fruit;42;0.9;8.7;8.7;0.5;0.1;1.2;0.01
ProductDisplay?storeId=10151&productId=130382&urlRequestType=Base&categoryId=13340&catalogId=10173&langId=44;Sainsbury's Easy Peelers, Taste the Difference x6 (minimum);£2.00/unit;£2.00/ea;fruit-vegetables-organic-taste-the-difference;42;0.9;8.7;8.7;0.5;0.1;1.2;0.01
ProductDisplay?storeId=10151&productId=130386&urlRequestType=Base&categoryId=12553&catalogId=10118&langId=44;Sainsbury's Conference Pears x4 (minimum);£1.00/unit;£1.00/ea;apples-pears-rhubarb;40;0.5;10;10;0.5;0.1;2.2;0.5
ProductDisplay?storeId=10151&productId=132266&urlRequestType=Base&categoryId=12553&catalogId=10118&langId=44;Sainsbury's Royal Gala Apples x5 (minimum);£1.00/unit;£1.00/ea;apples-pears-rhubarb;47;0.4;11.8;11.8;0.1;0;1.8;
ProductDisplay?storeId=10151&productId=132468&urlRequestType=Base&categoryId=12553&catalogId=10118&langId=44;Sainsbury's Cox Apples x5 (minimum);£1.00/unit;£1.00/ea;apples-pears-rhubarb;47;0.5;11.8;11.8;0.5;0.1;1.8;0.5
ProductDisplay?storeId=10151&productId=133596&urlRequestType=Base&categoryId=13240&catalogId=10118&langId=44;Sainsbury's Carrots 1kg;£0.55/unit;£0.55/kg;carrots-root-vegetables;41;0.5;7.7;7.2;0.5;0.1;2.1;0.07
ProductDisplay?storeId=10151&productId=133748&urlRequestType=Base&categoryId=12551&catalogId=10257&langId=44;Sainsbury's Red Seedless Grapes 500g;£2.00/unit;£4.00/kg;bananas-grapes;66;0.4;15.4;15.4;0.1;0.0;0.7;
ProductDisplay?storeId=10151&productId=134288&urlRequestType=Base&categoryId=13246&catalogId=10070&langId=44;Sainsbury's Cucumber Whole;£0.45/unit;£0.45/ea;peppers-salad-vegetables;11;0.7;1.4;1.3;0.5;0.1;0.6;0.5
ProductDisplay?storeId=10151&productId=134288&urlRequestType=Base&categoryId=13321&catalogId=10170&langId=44;Sainsbury's Cucumber Whole;£0.45/unit;£0.45/ea;cucumber-celery;11;0.7;1.4;1.3;0.5;0.1;0.6;0.5
ProductDisplay?storeId=10151&productId=140642&urlRequestType=Base&categoryId=13244&catalogId=10116&langId=44;Sainsbury's Closed Cup White Mushrooms 300g;£0.90/unit;£3.00/kg;mushrooms;16;1.8;0.5;0.5;0.5;0.1;1.1;0.5
ProductDisplay?storeId=10151&productId=149798&urlRequestType=Base&categoryId=12524&catalogId=10118&langId=44;Sainsbury's Cauliflower (each);£1.00/unit;£1.00/ea;new-in-season;34;2.5;4.2;2.8;0.5;0.2;1.8;0.02
ProductDisplay?storeId=10151&productId=149798&urlRequestType=Base&categoryId=13242&catalogId=10257&langId=44;Sainsbury's Cauliflower (each);£1.00/unit;£1.00/ea;broccoli-cauliflower-cabbage-greens;34;2.5;4.2;2.8;0.5;0.2;1.8;0.02
ProductDisplay?storeId=10151&productId=153222&urlRequestType=Base&categoryId=12524&catalogId=10118&langId=44;Sainsbury's Broccoli 335g;£0.45/unit;£1.34/kg;new-in-season;40;4.3;3.1;1.8;0.6;0.2;2.5;0.02
ProductDisplay?storeId=10151&productId=153222&urlRequestType=Base&categoryId=13242&catalogId=10257&langId=44;Sainsbury's Broccoli 335g;£0.45/unit;£1.34/kg;broccoli-cauliflower-cabbage-greens;40;4.3;3.1;1.8;0.6;0.2;2.5;0.02
ProductDisplay?storeId=10151&productId=21340&urlRequestType=Base&categoryId=12294&catalogId=10256&langId=44;Sainsbury's Irish Cream Liqueur, Taste the Difference 1L;£15.00/unit;£15.00/ltr;liqueurs-other-spirits;304;3.9;21.6;20.8;12.1;7.6;0.5;0.25
ProductDisplay?storeId=10151&productId=21340&urlRequestType=Base&categoryId=75651&catalogId=10170&langId=44;Sainsbury's Irish Cream Liqueur, Taste the Difference 1L;£15.00/unit;£15.00/ltr;buyer-recommends;304;3.9;21.6;20.8;12.1;7.6;0.5;0.25
ProductDisplay?storeId=10151&productId=51280&urlRequestType=Base&categoryId=12424&catalogId=10131&langId=44;Billington's Natural Golden Caster, Unrefined Cane Sugar 1kg;£2.10/unit;£2.10/kg;tea-coffee-sugar;399;0;99.8;-1;0.0;-1;-1;-1
ProductDisplay?storeId=10151&productId=643260&urlRequestType=Base&categoryId=12648&catalogId=10170&langId=44;Sainsbury's Easy Peeler Family Size 1kg;£2.00/unit;£2.00/kg;citrus-fruit;42;0.9;8.7;8.7;0.5;0.1;1.2;0.01
ProductDisplay?storeId=10151&productId=651620&urlRequestType=Base&categoryId=12213&catalogId=10141&langId=44;Sainsbury's Pollock Fish Fingers x20 600g;£2.00/unit;£3.33/kg;frozen-fish-seafood;188;13.0;15.9;0.9;7.9;0.9;0.8;0.78
ProductDisplay?storeId=10151&productId=651622&urlRequestType=Base&categoryId=12213&catalogId=10141&langId=44;Sainsbury's Pollock Fish Fingers x30 900g;£2.75/unit;£3.06/kg;frozen-fish-seafood;188;13.0;15.9;0.9;7.9;0.9;0.8;0.78
ProductDisplay?storeId=10151&productId=657392&urlRequestType=Base&categoryId=12213&catalogId=10141&langId=44;Sainsbury's Salmon In Cheese Sauce x2 300g;£3.25/unit;£10.83/kg;frozen-fish-seafood;202;16.3;6.2;0.6;12.4;6.5;0.5;0.79
ProductDisplay?storeId=10151&productId=660956&urlRequestType=Base&categoryId=12213&catalogId=10141&langId=44;Sainsbury's Pacific Salmon Fishcakes x2 170g;£1.20/unit;£7.06/kg;frozen-fish-seafood;211;11.2;17.7;1.2;10.3;1.3;1.4;0.50
ProductDisplay?storeId=10151&productId=660962&urlRequestType=Base&categoryId=12213&catalogId=10141&langId=44;Sainsbury's Smoked Cod Fishcakes x2 170g;£1.20/unit;£7.06/kg;frozen-fish-seafood;190;9.3;16.2;1.3;9.6;1.0;1.2;0.57
ProductDisplay?storeId=10151&productId=660964&urlRequestType=Base&categoryId=12213&catalogId=10141&langId=44;Sainsbury's Cod Fishcakes x2 170g;£1.20/unit;£7.06/kg;frozen-fish-seafood;194;9.6;17.5;1.2;9.2;0.9;1.6;0.49
ProductDisplay?storeId=10151&productId=660966&urlRequestType=Base&categoryId=12213&catalogId=10173&langId=44;Sainsbury's Raw Patagonian Scallops 200g;£4.00/unit;£20.00/kg;frozen-fish-seafood;120;22.5;1.2;0.5;2.7;0.9;0.5;0.83
ProductDisplay?storeId=10151&productId=660970&urlRequestType=Base&categoryId=12213&catalogId=10141&langId=44;Sainsbury's Salmon Fillets in a Sweet Chilli Sauce x2 300g;£3.25/unit;£10.83/kg;frozen-fish-seafood;121;21.3;2.2;2.2;3.0;1.5;0.5;0.54
ProductDisplay?storeId=10151&productId=661052&urlRequestType=Base&categoryId=12213&catalogId=10141&langId=44;Sainsbury's Breaded Pollock Fillets x4 500g;£2.00/unit;£4.00/kg;frozen-fish-seafood;219;13.6;18.7;1.3;9.8;0.7;1.0;0.57
ProductDisplay?storeId=10151&productId=666238&urlRequestType=Base&categoryId=12213&catalogId=10141&langId=44;Sainsbury's Breaded Msc Scottish Haddock x4 500g;£3.00/unit;£6.00/kg;frozen-fish-seafood;252;16.0;20.2;1.3;11.7;0.8;1.3;0.62
ProductDisplay?storeId=10151&productId=666248&urlRequestType=Base&categoryId=12213&catalogId=10141&langId=44;Sainsbury's Battered Msc Scottish Haddock x4 500g;£3.00/unit;£6.00/kg;frozen-fish-seafood;239;13.4;17.4;0.6;12.6;0.9;1.1;0.83
ProductDisplay?storeId=10151&productId=684716&urlRequestType=Base&categoryId=12213&catalogId=10139&langId=44;Sainsbury's Canadian Whole Raw Lobster, Taste the Difference 380g;£10.00/unit;£26.32/kg;frozen-fish-seafood;106;22.2;0.5;0.5;1.8;0.4;0.5;1.32
ProductDisplay?storeId=10151&productId=686954&urlRequestType=Base&categoryId=12213&catalogId=10141&langId=44;Sainsbury's Cod Loins, Taste the Difference 266g;£3.75/unit;£14.10/kg;frozen-fish-seafood;100;22.6;0.5;0.5;1.0;0.2;0.5;0.35
ProductDisplay?storeId=10151&productId=687848&urlRequestType=Base&categoryId=12524&catalogId=10170&langId=44;Sainsbury's Red Cabbage 300g;£2.00/unit;£6.67/kg;new-in-season;108;2.1;15.1;14.2;3.6;2.3;3.4;0.65
ProductDisplay?storeId=10151&productId=687848&urlRequestType=Base&categoryId=13242&catalogId=10140&langId=44;Sainsbury's Red Cabbage 300g;£2.00/unit;£6.67/kg;broccoli-cauliflower-cabbage-greens;108;2.1;15.1;14.2;3.6;2.3;3.4;0.65
ProductDisplay?storeId=10151&productId=687848&urlRequestType=Base&categoryId=13337&catalogId=10169&langId=44;Sainsbury's Red Cabbage 300g;£2.00/unit;£6.67/kg;prepared-vegetables;108;2.1;15.1;14.2;3.6;2.3;3.4;0.65
ProductDisplay?storeId=10151&productId=811180&urlRequestType=Base&categoryId=12563&catalogId=10306&langId=44;Sainsbury's Strawberries 400g;£2.00/unit;£5.00/kg;berries-cherries-currants;33;0.6;6.1;6.1;0.5;0.1;1.0;0.01
ProductDisplay?storeId=10151&productId=811182&urlRequestType=Base&categoryId=13238&catalogId=10118&langId=44;Sainsbury's Gem Potatoes, Taste the Difference 1kg;£2.00/unit;£2.00/kg;potatoes;76;1.8;14.9;1.1;0.6;0.1;1.8;0.01
ProductDisplay?storeId=10151&productId=811566&urlRequestType=Base&categoryId=12648&catalogId=10170&langId=44;Sainsbury's Easy Peeler With Leaves, Taste the Difference 500g;£2.00/unit;£4.00/kg;citrus-fruit;42;0.9;8.7;8.7;0.5;0.1;1.2;0.01
ProductDisplay?storeId=10151&productId=817246&urlRequestType=Base&categoryId=13205&catalogId=10306&langId=44;Sainsbury's Kiwi Fruit x6;£1.00/unit;£0.17/ea;melon-pineapple-kiwi;55;1.1;11;10;0.5;0.1;1.9;0.5
ProductDisplay?storeId=10151&productId=94970&urlRequestType=Base&categoryId=12487&catalogId=10313&langId=44;Maltesers Box 120g;£1.50/unit;£1.25/100g;chocolate;Per 100g nutrition not found
a2-milk-semi-skimmed-1l;a2 Semi Skimmed Milk 1L;£1.35/unit;£1.35/ltr;drinks-fresh-milk;47;3.4;4.8;4.8;1.7;1.1;-1;0.11
a2-milk-semi-skimmed-1l;a2 Semi Skimmed Milk 1L;£1.35/unit;£1.35/ltr;fresh-milk;47;3.4;4.8;4.8;1.7;1.1;-1;0.11
a2-milk-semi-skimmed-1l;a2 Semi Skimmed Milk 1L;£1.35/unit;£1.35/ltr;soya---dietary-needs;47;3.4;4.8;4.8;1.7;1.1;-1;0.11
abra-ca-debora-diddy-pancakes-200g;Abra Ca Debora Diddy Pancakes 200g;£1.00/unit;£0.50/100g;desserts;490360;5.7;37.7;15.4;20.2;8.9;1.2;0.4
acqua-panna-glass-bottle-750ml;Acqua Panna Still Mineral Water 750ml;£1.00/unit;£0.13/100ml;still-water;Per 100g nutrition not found
actimel-blueberry-yogurt-8x100g;Actimel Yogurt Drink Blueberry 8x100g;£3.00/unit;£0.38/100g;active-health-yogurts-drinks;31574;2.6;11.8;11.6;1.5;1;0.5;0.1;
actimel-blueberry-yogurt-8x100g;Actimel Yogurt Drink Blueberry 8x100g;£3.00/unit;£0.38/100g;breakfast-yogurts;31574;2.6;11.8;11.6;1.5;1;0.5;0.1;
actimel-blueberry-yogurt-8x100g;Actimel Yogurt Drink Blueberry 8x100g;£3.00/unit;£0.38/100g;yogurt-drinks;31574;2.6;11.8;11.6;1.5;1;0.5;0.1;
actimel-coconut-yogurt-8x100g;Actimel Yogurt Drink Coconut 8x100g;£3.00/unit;£0.38/100g;active-health-yogurts-drinks;34181;2.7;12.2;12;1.9;1.3;0.6;0.1;
actimel-coconut-yogurt-8x100g;Actimel Yogurt Drink Coconut 8x100g;£3.00/unit;£0.38/100g;breakfast-yogurts;34181;2.7;12.2;12;1.9;1.3;0.6;0.1;
actimel-coconut-yogurt-8x100g;Actimel Yogurt Drink Coconut 8x100g;£3.00/unit;£0.38/100g;yogurt-drinks;34181;2.7;12.2;12;1.9;1.3;0.6;0.1;
actimel-multi-fruit-12x100g;Actimel Yogurt Drink Multifruit 12x100g;£1.95/unit;£0.17/100g;active-health-yogurts-drinks;-1;2.6;12.4;12.2;1.5;1.0;0.5;0.10;
actimel-multi-fruit-12x100g;Actimel Yogurt Drink Multifruit 12x100g;£1.95/unit;£0.17/100g;breakfast-yogurts;-1;2.6;12.4;12.2;1.5;1.0;0.5;0.10;
actimel-multi-fruit-12x100g;Actimel Yogurt Drink Multifruit 12x100g;£1.95/unit;£0.17/100g;yogurt-drinks;-1;2.6;12.4;12.2;1.5;1.0;0.5;0.10;
actimel-original-8x100g;Actimel Yogurt Drink Original 8x100g;£3.00/unit;£0.38/100g;active-health-yogurts-drinks;29971;2.8;10.5;10.5;1.6;1.1;0;0.1;
actimel-original-8x100g;Actimel Yogurt Drink Original 8x100g;£3.00/unit;£0.38/100g;breakfast-yogurts;29971;2.8;10.5;10.5;1.6;1.1;0;0.1;
actimel-original-8x100g;Actimel Yogurt Drink Original 8x100g;£3.00/unit;£0.38/100g;yogurt-drinks;29971;2.8;10.5;10.5;1.6;1.1;0;0.1;
actimel-rapsberry-yogurt-8x100g;Actimel Yogurt Drink Raspberry 8x100g;£3.00/unit;£0.38/100g;active-health-yogurts-drinks;31374;2.6;11.7;11.6;1.5;1.0;0.5;0.1;
actimel-rapsberry-yogurt-8x100g;Actimel Yogurt Drink Raspberry 8x100g;£3.00/unit;£0.38/100g;breakfast-yogurts;31374;2.6;11.7;11.6;1.5;1.0;0.5;0.1;
actimel-rapsberry-yogurt-8x100g;Actimel Yogurt Drink Raspberry 8x100g;£3.00/unit;£0.38/100g;yogurt-drinks;31374;2.6;11.7;11.6;1.5;1.0;0.5;0.1;
actimel-strawberry-yogurt-12x100g;Actimel Yogurt Drink Strawberry 12x100g;£1.95/unit;£0.17/100g;active-health-yogurts-drinks;31474;2.6;11.7;11.6;1.5;1;0.5;0.1;
actimel-strawberry-yogurt-12x100g;Actimel Yogurt Drink Strawberry 12x100g;£1.95/unit;£0.17/100g;breakfast-yogurts;31474;2.6;11.7;11.6;1.5;1;0.5;0.1;
actimel-strawberry-yogurt-12x100g;Actimel Yogurt Drink Strawberry 12x100g;£1.95/unit;£0.17/100g;yogurt-drinks;31474;2.6;11.7;11.6;1.5;1;0.5;0.1;
actimel-vanilla-yogurt-8x100g;Actimel Yogurt Drink Vanilla 8x100g;£3.00/unit;£0.38/100g;active-health-yogurts-drinks;Per 100g nutrition not found
actimel-vanilla-yogurt-8x100g;Actimel Yogurt Drink Vanilla 8x100g;£3.00/unit;£0.38/100g;breakfast-yogurts;Per 100g nutrition not found
actimel-vanilla-yogurt-8x100g;Actimel Yogurt Drink Vanilla 8x100g;£3.00/unit;£0.38/100g;yogurt-drinks;Per 100g nutrition not found
actimel-yogurt-drink--multi-fruits-8x100g;Actimel Yogurt Drink Multifruit 8x100g;£3.00/unit;£0.38/100g;active-health-yogurts-drinks;32577;2.6;12.4;12.2;1.5;1.0;0.5;0.1;
actimel-yogurt-drink--multi-fruits-8x100g;Actimel Yogurt Drink Multifruit 8x100g;£3.00/unit;£0.38/100g;breakfast-yogurts;32577;2.6;12.4;12.2;1.5;1.0;0.5;0.1;
actimel-yogurt-drink--multi-fruits-8x100g;Actimel Yogurt Drink Multifruit 8x100g;£3.00/unit;£0.38/100g;yogurt-drinks;32577;2.6;12.4;12.2;1.5;1.0;0.5;0.1;
actimel-yogurt-drink-kids-strawberry---raspberry-6x100g;Actimel Yogurt Drink Kids Strawberry & Raspberry 6x100g;£2.20/unit;£0.37/100g;active-health-yogurts-drinks;74;3.3;11.4;11.2;1.3;0.9;0.5;0.1
actimel-yogurt-drink-kids-strawberry---raspberry-6x100g;Actimel Yogurt Drink Kids Strawberry & Raspberry 6x100g;£2.20/unit;£0.37/100g;breakfast-yogurts;74;3.3;11.4;11.2;1.3;0.9;0.5;0.1
actimel-yogurt-drink-kids-strawberry---raspberry-6x100g;Actimel Yogurt Drink Kids Strawberry & Raspberry 6x100g;£2.20/unit;£0.37/100g;kids-yogurts;74;3.3;11.4;11.2;1.3;0.9;0.5;0.1
actimel-yogurt-drink-kids-strawberry---raspberry-6x100g;Actimel Yogurt Drink Kids Strawberry & Raspberry 6x100g;£2.20/unit;£0.37/100g;yogurt-drinks;74;3.3;11.4;11.2;1.3;0.9;0.5;0.1
actimel-yogurt-drink-kids-strawberry---vanilla-yoghurt-6x100g;Actimel Yogurt Drink Kids Strawberry & Vanilla Yoghurt 6x100g;£2.20/unit;£0.37/100g;active-health-yogurts-drinks;74;3.3;11.5;11.2;1.3;0.9;0.5;0.1;
actimel-yogurt-drink-kids-strawberry---vanilla-yoghurt-6x100g;Actimel Yogurt Drink Kids Strawberry & Vanilla Yoghurt 6x100g;£2.20/unit;£0.37/100g;breakfast-yogurts;74;3.3;11.5;11.2;1.3;0.9;0.5;0.1;
actimel-yogurt-drink-kids-strawberry---vanilla-yoghurt-6x100g;Actimel Yogurt Drink Kids Strawberry & Vanilla Yoghurt 6x100g;£2.20/unit;£0.37/100g;kids-yogurts;74;3.3;11.5;11.2;1.3;0.9;0.5;0.1;
actimel-yogurt-drink-kids-strawberry---vanilla-yoghurt-6x100g;Actimel Yogurt Drink Kids Strawberry & Vanilla Yoghurt 6x100g;£2.20/unit;£0.37/100g;yogurt-drinks;74;3.3;11.5;11.2;1.3;0.9;0.5;0.1;
actimel-yogurt-drink-kids-strawberry-6x100g;Actimel Yogurt Drink Kids Strawberry 6x100g;£2.20/unit;£0.37/100g;active-health-yogurts-drinks;74;3.3;11.4;11.2;1.3;0.9;0.5;0.1
actimel-yogurt-drink-kids-strawberry-6x100g;Actimel Yogurt Drink Kids Strawberry 6x100g;£2.20/unit;£0.37/100g;breakfast-yogurts;74;3.3;11.4;11.2;1.3;0.9;0.5;0.1
actimel-yogurt-drink-kids-strawberry-6x100g;Actimel Yogurt Drink Kids Strawberry 6x100g;£2.20/unit;£0.37/100g;kids-yogurts;74;3.3;11.4;11.2;1.3;0.9;0.5;0.1
actimel-yogurt-drink-kids-strawberry-6x100g;Actimel Yogurt Drink Kids Strawberry 6x100g;£2.20/unit;£0.37/100g;yogurt-drinks;74;3.3;11.4;11.2;1.3;0.9;0.5;0.1
actimel-yogurt-drink-ltd-edition-%28flavour-may-vary%29-8x100g;Actimel Yogurt Drink Ltd Edition (Flavour may vary) 8x100g;£2.75/unit;£0.34/100g;active-health-yogurts-drinks;31575;2.6;11.8;11.6;1.5;1.0;0.0;0.10
actimel-yogurt-drink-ltd-edition-%28flavour-may-vary%29-8x100g;Actimel Yogurt Drink Ltd Edition (Flavour may vary) 8x100g;£2.75/unit;£0.34/100g;breakfast-yogurts;31575;2.6;11.8;11.6;1.5;1.0;0.0;0.10
actimel-yogurt-drink-ltd-edition-%28flavour-may-vary%29-8x100g;Actimel Yogurt Drink Ltd Edition (Flavour may vary) 8x100g;£2.75/unit;£0.34/100g;yogurt-drinks;31575;2.6;11.8;11.6;1.5;1.0;0.0;0.10
actimel-yogurt-drink-strawberry---blueberry-12x100g;Actimel Yogurt Drink Strawberry & Blueberry 12x100g;£1.95/unit;£0.17/100g;active-health-yogurts-drinks;74;2.6;11.8;11.6;1.5;1;0.5;0.1;
actimel-yogurt-drink-strawberry---blueberry-12x100g;Actimel Yogurt Drink Strawberry & Blueberry 12x100g;£1.95/unit;£0.17/100g;yogurt-drinks;74;2.6;11.8;11.6;1.5;1;0.5;0.1;
actimel-yogurt-drink-strawberry-8x100g;Actimel Yogurt Drink Strawberry 8x100g;£3.00/unit;£0.38/100g;active-health-yogurts-drinks;31474;2.6;11.7;11.6;1.5;1.0;0.5;0.11;
actimel-yogurt-drink-strawberry-8x100g;Actimel Yogurt Drink Strawberry 8x100g;£3.00/unit;£0.38/100g;breakfast-yogurts;31474;2.6;11.7;11.6;1.5;1.0;0.5;0.11;
actimel-yogurt-drink-strawberry-8x100g;Actimel Yogurt Drink Strawberry 8x100g;£3.00/unit;£0.38/100g;yogurt-drinks;31474;2.6;11.7;11.6;1.5;1.0;0.5;0.11;
activia-bio-yogurt-fig-4x125g;Activia Fig Yogurt 4x125g;£2.00/unit;£0.40/100g;active-health-yogurts-drinks;99;3.6;13.4;13.3;3.4;2.3;0.2;0.1
activia-bio-yogurt-prunes-fruit-layer-4x125g;Activia Prune Fruit Layer Yogurt 4x125g;£2.30/unit;£0.46/100g;active-health-yogurts-drinks;100;3.6;13.2;12.3;3.4;2.3;-1;0.1
activia-bio-yogurt-prunes-fruit-layer-4x125g;Activia Prune Fruit Layer Yogurt 4x125g;£2.30/unit;£0.46/100g;diet-low-fat-yogurts;100;3.6;13.2;12.3;3.4;2.3;-1;0.1
activia-bio-yogurt-rhubarb-4x125g;Activia Rhubarb Yogurt 4x125g;£2.00/unit;£0.40/100g;active-health-yogurts-drinks;97;3.5;13.2;12.8;3.3;2.3;0.3;0.2
activia-bio-yogurt-strawberry-4x125g;Activia Strawberry Yogurt 4x125g;£2.00/unit;£0.40/100g;active-health-yogurts-drinks;99;3.6;13.6;13.3;3.3;2.3;0.2;0.1
activia-bio-yogurt-with-cereal-4x120g;Activia With Cereal Yogurt 4x120g;£2.00/unit;£0.42/100g;active-health-yogurts-drinks;104;3.7;14.2;13.4;3.5;2.4;0.3;0.2
activia-bio-yogurt-with-cereal-4x120g;Activia With Cereal Yogurt 4x120g;£2.00/unit;£0.42/100g;breakfast-yogurts;104;3.7;14.2;13.4;3.5;2.4;0.3;0.2
activia-fat-free-red-fruit-yogurt-8x125g;Activia 0% Fat Mixed Red Fruits Yogurt 8x125g;£2.90/unit;£0.29/100g;active-health-yogurts-drinks;56;4.7;9;8.6;0.1;0;0.4;0.2
activia-fat-free-red-fruit-yogurt-8x125g;Activia 0% Fat Mixed Red Fruits Yogurt 8x125g;£2.90/unit;£0.29/100g;diet-low-fat-yogurts;56;4.7;9;8.6;0.1;0;0.4;0.2
activia-fat-free-vanilla-4x125g;Activia 0% Fat Vanilla Yogurt 4x125g;£2.00/unit;£0.40/100g;active-health-yogurts-drinks;54;4.9;7.9;7.6;0.1;0;0.9;0.2
activia-fat-free-vanilla-4x125g;Activia 0% Fat Vanilla Yogurt 4x125g;£2.00/unit;£0.40/100g;diet-low-fat-yogurts;54;4.9;7.9;7.6;0.1;0;0.9;0.2
activia-fat-free-yellow-fruits-8x125g;Activia 0% Fat Mixed Yellow Fruits Yogurt 8x125g;£2.90/unit;£0.29/100g;active-health-yogurts-drinks;54;4.6;8.7;8.5;0.1;0;0.1;0.2
activia-fat-free-yellow-fruits-8x125g;Activia 0% Fat Mixed Yellow Fruits Yogurt 8x125g;£2.90/unit;£0.29/100g;diet-low-fat-yogurts;54;4.6;8.7;8.5;0.1;0;0.1;0.2
activia-fat-free-yogurt-cherry-4x125g;Activia 0% Fat Cherry Yogurt 4x125g;£2.00/unit;£0.40/100g;active-health-yogurts-drinks;59;4.7;9.7;9.2;0.1;0.1;-1;0.1
activia-fat-free-yogurt-cherry-4x125g;Activia 0% Fat Cherry Yogurt 4x125g;£2.00/unit;£0.40/100g;diet-low-fat-yogurts;59;4.7;9.7;9.2;0.1;0.1;-1;0.1
activia-fat-free-yogurt-peach-4x125g;Activia 0% Fat Peach Yogurt 4x125g;£2.00/unit;£0.40/100g;active-health-yogurts-drinks;56;4.7;9.0;8.7;0.1;0;-1;0.2
activia-fat-free-yogurt-peach-4x125g;Activia 0% Fat Peach Yogurt 4x125g;£2.00/unit;£0.40/100g;diet-low-fat-yogurts;56;4.7;9.0;8.7;0.1;0;-1;0.2
activia-fibre-yogurt-171g;Activia Natural Yogurt with Fibre Topper 171g;£1.00/unit;£0.58/100g;active-health-yogurts-drinks;428101;64;155;117;07;02;37;027
activia-fibre-yogurt-171g;Activia Natural Yogurt with Fibre Topper 171g;£1.00/unit;£0.58/100g;breakfast-yogurts;428101;64;155;117;07;02;37;027
activia-fibre-yogurt-171g;Activia Natural Yogurt with Fibre Topper 171g;£1.00/unit;£0.58/100g;diet-low-fat-yogurts;428101;64;155;117;07;02;37;027
activia-fusions-blueberry---acai-yogurt-4x125g;Activia Fusions Blueberry & Acai Yogurt 4x125g;£2.30/unit;£0.46/100g;active-health-yogurts-drinks;100;3.5;13.3;12.8;3.5;2.3;-1;0.1
activia-fusions-mango---passionfruit-yogurt-4x125g;Activia Fusions Mango & Passionfruit Yogurt 4x125g;£2.30/unit;£0.46/100g;active-health-yogurts-drinks;101;3.6;13.6;13.1;3.4;2.3;-1;0.1
activia-fusions-raspbery---lychee-yogurt-4x125g;Activia Fusions Raspbery & Lychee Yogurt 4x125g;£2.30/unit;£0.46/100g;active-health-yogurts-drinks;102;3.6;13.7;13.1;3.4;2.3;-1;0.1
activia-garden-fruits-yogurts-8x125g;Activia Garden Fruits Yogurts 8x125g;£2.90/unit;£0.29/100g;active-health-yogurts-drinks;98;3.6;13.3;13.0;3.4;2.4;0.4;0.2
activia-intensely-creamy-apricot---nectarine-yoghurt-4x110g;Activia Intensely Creamy Apricot & Nectarine Yoghurt 4x110g;£1.20/unit;£0.28/100g;diet-low-fat-yogurts;99;5.0;12.8;12.5;3.0;2.1;0.2;0.1
activia-intensely-creamy-apricot---nectarine-yoghurt-4x110g;Activia Intensely Creamy Apricot & Nectarine Yoghurt 4x110g;£1.20/unit;£0.28/100g;luxury-yogurts;99;5.0;12.8;12.5;3.0;2.1;0.2;0.1
activia-intensely-creamy-bluebrry-4x110g;Activia Intensely Creamy Blueberry Yogurt 4x110g;£1.20/unit;£0.28/100g;diet-low-fat-yogurts;102;5.0;13.4;13.2;3.0;2.1;0.5;0.1
activia-intensely-creamy-bluebrry-4x110g;Activia Intensely Creamy Blueberry Yogurt 4x110g;£1.20/unit;£0.28/100g;luxury-yogurts;102;5.0;13.4;13.2;3.0;2.1;0.5;0.1
activia-intensely-creamy-orange---passionfruit-yogurt-4x110g;Activia Intensely Creamy Orange & Passionfruit Yogurt 4x110g;£1.20/unit;£0.28/100g;diet-low-fat-yogurts;99;5.0;12.8;12.5;3.0;2.1;0.2;0.1
activia-intensely-creamy-orange---passionfruit-yogurt-4x110g;Activia Intensely Creamy Orange & Passionfruit Yogurt 4x110g;£1.20/unit;£0.28/100g;luxury-yogurts;99;5.0;12.8;12.5;3.0;2.1;0.2;0.1
activia-intensely-creamy-peach-4x110g;Activia Intensely Creamy Peach & Cream Yogurt 4x110g;£1.20/unit;£120.00/100g;diet-low-fat-yogurts;98;5.0;12.7;12.4;3.0;2.1;0.3;0.1
activia-intensely-creamy-peach-4x110g;Activia Intensely Creamy Peach & Cream Yogurt 4x110g;£1.20/unit;£120.00/100g;luxury-yogurts;98;5.0;12.7;12.4;3.0;2.1;0.3;0.1
activia-intensely-creamy-pear-apple-yoghurt-4x110g;Activia Intensely Creamy Pear Apple Yoghurt 4x110g;£1.20/unit;£0.28/100g;diet-low-fat-yogurts;100;5.0;13.0;12.7;3.0;2.1;0.3;0.1
activia-intensely-creamy-pear-apple-yoghurt-4x110g;Activia Intensely Creamy Pear Apple Yoghurt 4x110g;£1.20/unit;£0.28/100g;luxury-yogurts;100;5.0;13.0;12.7;3.0;2.1;0.3;0.1
activia-intensely-creamy-raspberry-4x110g;Activia Intensely Creamy Raspberries & Cream Yogurt  4x110g;£1.20/unit;£0.28/100g;diet-low-fat-yogurts;99;5.0;12.7;12.5;3.0;2.1;0.7;0.1
activia-intensely-creamy-raspberry-4x110g;Activia Intensely Creamy Raspberries & Cream Yogurt  4x110g;£1.20/unit;£0.28/100g;luxury-yogurts;99;5.0;12.7;12.5;3.0;2.1;0.7;0.1
activia-intensely-creamy-strawberry-4x110g;Activia Intensely Creamy Strawberry Yogurt 4x110g;£1.20/unit;£0.28/100g;diet-low-fat-yogurts;99;5.0;13.0;12.7;3.0;2.1;0.2;0.1
activia-intensely-creamy-strawberry-4x110g;Activia Intensely Creamy Strawberry Yogurt 4x110g;£1.20/unit;£0.28/100g;luxury-yogurts;99;5.0;13.0;12.7;3.0;2.1;0.2;0.1
activia-intensely-creamy-vanilla-4x110g;Activia Intensely Creamy Vanilla Yogurt 4x110g;£1.20/unit;£0.28/100g;diet-low-fat-yogurts;98;5.0;12.8;12.4;3.0;2.1;0.1;0.1
activia-intensely-creamy-vanilla-4x110g;Activia Intensely Creamy Vanilla Yogurt 4x110g;£1.20/unit;£0.28/100g;luxury-yogurts;98;5.0;12.8;12.4;3.0;2.1;0.1;0.1
activia-mango-4x125g;Activia Mango Yogurt 4x125g;£2.00/unit;£0.40/100g;active-health-yogurts-drinks;99;3.5;13.5;13.3;3.4;2.3;0.2;0.2
activia-mango-4x125g;Activia Mango Yogurt 4x125g;£2.00/unit;£0.40/100g;diet-low-fat-yogurts;99;3.5;13.5;13.3;3.4;2.3;0.2;0.2
activia-natural-yogurt-low-fat-500g;Activia Low Fat Natural Yogurt 500g;£1.20/unit;£0.24/100g;active-health-yogurts-drinks;25962;3.6;6.1;6.1;1.9;1.3;0.0;0.2
activia-natural-yogurt-low-fat-500g;Activia Low Fat Natural Yogurt 500g;£1.20/unit;£0.24/100g;big-pots-pouring-yogurts;25962;3.6;6.1;6.1;1.9;1.3;0.0;0.2
activia-natural-yogurt-low-fat-500g;Activia Low Fat Natural Yogurt 500g;£1.20/unit;£0.24/100g;diet-low-fat-yogurts;25962;3.6;6.1;6.1;1.9;1.3;0.0;0.2
activia-natural-yogurt-low-fat-500g;Activia Low Fat Natural Yogurt 500g;£1.20/unit;£0.24/100g;natural-greek-yogurts;25962;3.6;6.1;6.1;1.9;1.3;0.0;0.2
activia-pear-yogurts-4x125g;Activia Pear Yogurt 4x125g;£2.00/unit;£0.40/100g;active-health-yogurts-drinks;100;3.5;13.9;13.6;3.3;2.3;0.3;2.0
activia-weekly-red-fruits-yogurt-8x125g;Activia Mixed Red Fruits Yogurt 8x125g;£2.90/unit;£0.29/100g;active-health-yogurts-drinks;98;3.6;13.1;12.6;3.3;2.3;0.8;0.1
activia-weekly-yellow-fruits-8x125g;Activia Mixed Yellow Fruits Yogurt 8x125g;£2.90/unit;£0.29/100g;active-health-yogurts-drinks;99;3.5;13.5;13.3;3.4;2.3;0.2;0.2
aero-bubbly-minty-chocolate-mouse-4x59g;Aero Mousse Mint Chocolate 4x59g;£1.25/unit;£0.53/100g;rice-dessert-style-yogurts;Per 100g nutrition not found
aero-finesse-milk-chocolate-mousse-4x57g;Aero Finesse Mousse Milk Chocolate 4x57g;£1.68/unit;£0.74/100g;rice-dessert-style-yogurts;Per 100g nutrition not found
aero-milk-chocolate-mousse-4x59g;Aero Mousse, Milk Chocolate 4x59g;£1.25/unit;£0.53/100g;rice-dessert-style-yogurts;Per 100g nutrition not found
aero-mousse-ltd-edition-4x58g;Aero Mousse Ltd Edition 4x58g;£1.25/unit;£0.54/100g;rice-dessert-style-yogurts;Per 100g nutrition not found
aero-split-pots-4x115g;Aero Split Pots 4x115g;£2.19/unit;£0.48/100g;rice-dessert-style-yogurts;162;4.6;18.1;17.6;7.9;5.1;-1;0.2
after-eight-mousse-4x57g;After Eight Mousse 4x57g;£1.70/unit;£0.75/100g;rice-dessert-style-yogurts;Per 100g nutrition not found
alf-turners-best-of-british-sausages-x8-400g;Alf Turner Best of British Premium Pork Sausages x6 400g;£3.00/unit;£7.50/kg;sausages;868208;12.5;10.7;4.6;12.1;4.6;1.7;1.50
alf-turners-hair-of-the-hog-sausages-x8-400g;Alf Turner Hair of the Hog Premium Pork Sausages x6 400g;£3.00/unit;£7.50/kg;sausages;829198;14.9;12.1;1.8;10.4;3.8;1.7;1.40
allinson-wholemeal-bread-400g;Allinson Wholemeal Bread 400g;£0.80/unit;£0.20/100g;small-loaves;231;10.6;37.2;2.8;2.8;0.5;7.2;1.00
allinson-wholemeal-bread-400g;Allinson Wholemeal Bread 400g;£0.80/unit;£0.20/100g;wholemeal-brown-bread;231;10.6;37.2;2.8;2.8;0.5;7.2;1.00
allinson-wholemeal-medium-batch-bread-800g;Allinson Wholemeal Batch Bread, Medium Sliced 800g;£1.50/unit;£0.19/100g;wholemeal-brown-bread;233;10.5;37.0;2.9;3.2;0.6;7.1;0.40;1.00
almondy-daim-tarta-400g-%28serves-6%29;Almondy Almond Tarta With Daim 400g (Serves 6);£3.00/unit;£0.75/100g;frozen-cold-desserts;1900460;9.5;44;35;27;11;-1;0.5
alpen--no-added-sugar-11kg;Alpen, No Added Sugar 1.1kg;£4.00/unit;£0.36/100g;bigger-packs;375;11;65;16;6.2;0.9;7.8;0.29
alpen--no-added-sugar-11kg;Alpen, No Added Sugar 1.1kg;£4.00/unit;£0.36/100g;muesli-granola-clusters;375;11;65;16;6.2;0.9;7.8;0.29
alpen-bbry--cran--yog-bar-5x29g;Alpen B'bry, Cran, Yog Bar 5x29g;£2.00/unit;£1.38/100g;breakfast-cereal-bars-breakfast-biscuits;422;4.8;74.7;34.9;11.0;6.3;2.5;0.06;0.15
alpen-coconut---milk-bars-5x29g;Alpen Coconut & Chocolate Bars 5x29g;£2.00/unit;£1.38/100g;breakfast-cereal-bars-breakfast-biscuits;432;6.9;66.0;28.0;15.6;7.9;3.9;0.07;0.17
alpen-fruit---nut-bar-multipack-135g;Alpen Fruit & Nut Bars 5x28g;£2.00/unit;£1.43/100g;breakfast-cereal-bars-breakfast-biscuits;389;7.1;72.7;31.8;7.7;1.5;2.4;0.11;0.28
alpen-fruit---nut-with-milk-chocolate-bar-multipack-145g;Alpen Fruit & Nut with Milk Chocolate Bars 5x29g;£2.00/unit;£1.38/100g;breakfast-cereal-bars-breakfast-biscuits;431;6.4;71;36;13;5.1;2.2;0.20
alpen-light-cherry-bakewell-bars-5x19g;Alpen Light Cherry Bakewell Bars 5x19g;£2.00/unit;£2.11/100g;breakfast-cereal-bars-breakfast-biscuits;342;5.1;56.4;18.4;5.6;1.7;22.8;0.06;0.16
alpen-light-chocolate---fudge-bars-5x19g;Alpen Light Chocolate & Fudge Bars 5x19g;£2.00/unit;£2.11/100g;breakfast-cereal-bars-breakfast-biscuits;342;4.9;55;21;6.5;2.7;22;0.17
alpen-light-double-chocolate-bars-5x19g;Alpen Light Double Chocolate Bars 5x19g;£2.00/unit;£2.11/100g;breakfast-cereal-bars-breakfast-biscuits;344;5.0;56;21;6.2;2.6;22;0.21
alpen-light-lemon-drizzle-bar-5x19g;Alpen Light Lemon Drizzle Bar 5x19g;£2.00/unit;£2.11/100g;breakfast-cereal-bars-breakfast-biscuits;328;4.4;57;22;4.0;1.5;23;0.13
alpen-light-sultana---apple-bars-5x19g;Alpen Light Sultana & Apple Bars 5x19g;£2.00/unit;£2.11/100g;breakfast-cereal-bars-breakfast-biscuits;329;4.1;59;25;3.6;1.5;22;0.17
alpen-light-summer-fruit-bars-5x19g;Alpen Light Summer Fruit Bars 5x19g;£2.00/unit;£2.11/100g;breakfast-cereal-bars-breakfast-biscuits;335;4.4;59;23;4.1;1.5;22;0.20
alpen-original-13kg;Alpen Original 1.3kg;£4.00/unit;£0.31/100g;bigger-packs;378;11;67;23;5.8;0.8;7.0;0.28
alpen-original-13kg;Alpen Original 1.3kg;£4.00/unit;£0.31/100g;muesli-granola-clusters;378;11;67;23;5.8;0.8;7.0;0.28
alpen-original-recipe-sachets-7x50g;Alpen Original Recipe Sachets 7x50g;£2.00/unit;£0.57/100g;muesli-granola-clusters;378;11;67;23;5.8;0.8;7.0;0.28
alpen-porrdge-cranberry---blueberry-pots-60g;Alpen Creamy Porridge Pot Cranberry & Blueberry 60g;£1.20/unit;£2.00/100g;on-the-go;399;11.4;63.9;28.8;9.6;3.5;5.7;0.10;0.24
alpen-porrdge-cranberry---blueberry-pots-60g;Alpen Creamy Porridge Pot Cranberry & Blueberry 60g;£1.20/unit;£2.00/100g;porridge-oats;399;11.4;63.9;28.8;9.6;3.5;5.7;0.10;0.24
alpen-porridge-fruit---nut-pots-60g;Alpen Creamy Porridge Pot Fruit & Nut 60g;£1.20/unit;£2.00/100g;on-the-go;399;11.6;62.8;26.8;10.0;3.5;5.7;0.10;0.25
alpen-porridge-fruit---nut-pots-60g;Alpen Creamy Porridge Pot Fruit & Nut 60g;£1.20/unit;£2.00/100g;porridge-oats;399;11.6;62.8;26.8;10.0;3.5;5.7;0.10;0.25
alpen-porridge-raspberry---apple-pots-60g;Alpen Creamy Porridge Pot Raspberry & Apple 60g;£1.20/unit;£2.00/100g;on-the-go;394;11.1;64.9;29.6;8.7;3.3;5.8;0.10;0.25
alpen-porridge-raspberry---apple-pots-60g;Alpen Creamy Porridge Pot Raspberry & Apple 60g;£1.20/unit;£2.00/100g;porridge-oats;394;11.1;64.9;29.6;8.7;3.3;5.8;0.10;0.25
alpen-raspberry---apple-muesli-560g;Alpen Raspberry & Apple Muesli 560g;£2.80/unit;£0.50/100g;muesli-granola-clusters;372;11;69;25;4.1;0.8;7.5;0.23
alpen-raspberry---yogurt-bar-145g;Alpen Raspberry & Yogurt Bar 145g;£2.00/unit;£1.38/100g;breakfast-cereal-bars-breakfast-biscuits;425;4.3;76;37;11;6.1;2.2;0.19
alpen-strawberry---yogurt-bar-145g;Alpen Strawberry & Yogurt Bar 145g;£2.00/unit;£1.38/100g;breakfast-cereal-bars-breakfast-biscuits;415;4.8;75;35;10;5.4;2.7;0.18
alpen-the-original-swiss-recipe-750g;Alpen Original Swiss Recipe 750g;£2.80/unit;£0.37/100g;bigger-packs;377;11.0;66.8;23.1;5.8;0.8;7.0;0.11;0.28
alpen-the-original-swiss-recipe-750g;Alpen Original Swiss Recipe 750g;£2.80/unit;£0.37/100g;muesli-granola-clusters;377;11.0;66.8;23.1;5.8;0.8;7.0;0.11;0.28
alpen-the-swiss-recipe--no-added-sugar-560g;Alpen No Added Sugar Swiss Recipe 560g;£2.80/unit;£0.50/100g;muesli-granola-clusters;375;11;65;16;6.2;0.9;7.8;0.29
alpro-almond-milk--unsweetened-uht-1l;Alpro Almond Milk Alternative to Dairy Unsweetened 1L;£1.50/unit;£1.50/ltr;dairy-alternatives;5213;0.4;0.1;0.1;1.1;0.1;0.4;0.13;
alpro-almond-milk--unsweetened-uht-1l;Alpro Almond Milk Alternative to Dairy Unsweetened 1L;£1.50/unit;£1.50/ltr;longer-life-milk;5213;0.4;0.1;0.1;1.1;0.1;0.4;0.13;
alpro-almond-milk--unsweetened-uht-1l;Alpro Almond Milk Alternative to Dairy Unsweetened 1L;£1.50/unit;£1.50/ltr;soya---dietary-needs;5213;0.4;0.1;0.1;1.1;0.1;0.4;0.13;
alpro-blueberry-cherry-yogurt-alternative-4x125g;Alpro Yogurt Alternative Blueberry/Cherry 4x125g;£1.85/unit;£0.37/100g;soya-dairy-alternatives-yogurts;Per 100g nutrition not found
alpro-chilled-almond-milk-1l;Alpro Almond Milk Alternative to Dairy 1L;£1.00/unit;£1.00/ltr;dairy-alternatives;Per 100g nutrition not found
alpro-chilled-almond-milk-1l;Alpro Almond Milk Alternative to Dairy 1L;£1.00/unit;£1.00/ltr;drinks-fresh-milk;Per 100g nutrition not found
alpro-chilled-almond-milk-1l;Alpro Almond Milk Alternative to Dairy 1L;£1.00/unit;£1.00/ltr;flavoured-milk;Per 100g nutrition not found
alpro-chilled-almond-milk-1l;Alpro Almond Milk Alternative to Dairy 1L;£1.00/unit;£1.00/ltr;soya---dietary-needs;Per 100g nutrition not found
alpro-chilled-alternative-to-cream-250ml;Alpro Cream Dairy Free Soya 250ml;£1.00/unit;£0.40/100ml;dairy-alternatives;Per 100g nutrition not found
alpro-chilled-alternative-to-cream-250ml;Alpro Cream Dairy Free Soya 250ml;£1.00/unit;£0.40/100ml;fresh-cream-custard;Per 100g nutrition not found
alpro-chilled-alternative-to-cream-250ml;Alpro Cream Dairy Free Soya 250ml;£1.00/unit;£0.40/100ml;soya---dietary-needs;Per 100g nutrition not found
alpro-chilled-chocolate-soya-milk-alternative-drink-1l;Alpro Soya Milk Alternative to Dairy Chocolate  1L;£1.70/unit;£1.70/ltr;dairy-alternatives;Per 100g nutrition not found
alpro-chilled-chocolate-soya-milk-alternative-drink-1l;Alpro Soya Milk Alternative to Dairy Chocolate  1L;£1.70/unit;£1.70/ltr;soya---dietary-needs;Per 100g nutrition not found
alpro-chilled-hazelnut-milk-1l;Alpro Hazelnut Milk Alternative to Dairy 1L;£1.70/unit;£1.70/ltr;dairy-alternatives;Per 100g nutrition not found
alpro-chilled-hazelnut-milk-1l;Alpro Hazelnut Milk Alternative to Dairy 1L;£1.70/unit;£1.70/ltr;drinks-fresh-milk;Per 100g nutrition not found
alpro-chilled-hazelnut-milk-1l;Alpro Hazelnut Milk Alternative to Dairy 1L;£1.70/unit;£1.70/ltr;flavoured-milk;Per 100g nutrition not found
alpro-chilled-hazelnut-milk-1l;Alpro Hazelnut Milk Alternative to Dairy 1L;£1.70/unit;£1.70/ltr;soya---dietary-needs;Per 100g nutrition not found
alpro-chilled-mild-soya-drink-1l;Alpro Chilled Mild Soya Milk Alternative 1L;£1.40/unit;£1.40/ltr;dairy-alternatives;14835;3.0;1.5;1.4;1.8;0.3;0.5;0.09
alpro-chilled-mild-soya-drink-1l;Alpro Chilled Mild Soya Milk Alternative 1L;£1.40/unit;£1.40/ltr;soya---dietary-needs;14835;3.0;1.5;1.4;1.8;0.3;0.5;0.09
alpro-forest-fruits-yogurt-alternative-4x125g;Alpro Yogurt Alternative Forest Fruits 4x125g;£1.85/unit;£0.37/100g;soya-dairy-alternatives-yogurts;Per 100g nutrition not found
alpro-fresh-almond-unsweetened-1l;Alpro Almond Milk Alternative to Dairy Unsweetened 1L;£1.00/unit;£1.00/ltr;dairy-alternatives;Per 100g nutrition not found
alpro-fresh-almond-unsweetened-1l;Alpro Almond Milk Alternative to Dairy Unsweetened 1L;£1.00/unit;£1.00/ltr;soya---dietary-needs;Per 100g nutrition not found
alpro-fresh-coconut-drink-1l;Alpro Fresh Coconut Drink 1L;£1.70/unit;£1.70/ltr;coconut-water-115153-44;Per 100g nutrition not found
alpro-junior-1-soya-milk-alternative-1l;Alpro Soya Junior Milk Alternative to Dairy 1L;£1.35/unit;£1.35/ltr;dairy-alternatives;Per 100g nutrition not found
alpro-junior-1-soya-milk-alternative-1l;Alpro Soya Junior Milk Alternative to Dairy 1L;£1.35/unit;£1.35/ltr;longer-life-milk;Per 100g nutrition not found
alpro-junior-1-soya-milk-alternative-1l;Alpro Soya Junior Milk Alternative to Dairy 1L;£1.35/unit;£1.35/ltr;soya---dietary-needs;Per 100g nutrition not found
alpro-light-chilled-soya-milk-alternative-1l;Alpro Soya Light Milk Alternative to Dairy 1L;£1.40/unit;£1.40/ltr;dairy-alternatives;Per 100g nutrition not found
alpro-light-chilled-soya-milk-alternative-1l;Alpro Soya Light Milk Alternative to Dairy 1L;£1.40/unit;£1.40/ltr;drinks-fresh-milk;Per 100g nutrition not found
alpro-light-chilled-soya-milk-alternative-1l;Alpro Soya Light Milk Alternative to Dairy 1L;£1.40/unit;£1.40/ltr;soya---dietary-needs;Per 100g nutrition not found
alpro-long-life-almond-milk-alternative--chocolate-1l;Alpro Almond Milk Alternative to Dairy Chocolate 1L;£1.50/unit;£1.50/ltr;dairy-alternatives;Per 100g nutrition not found
alpro-long-life-almond-milk-alternative--chocolate-1l;Alpro Almond Milk Alternative to Dairy Chocolate 1L;£1.50/unit;£1.50/ltr;longer-life-milk;Per 100g nutrition not found
alpro-long-life-almond-milk-alternative--chocolate-1l;Alpro Almond Milk Alternative to Dairy Chocolate 1L;£1.50/unit;£1.50/ltr;soya---dietary-needs;Per 100g nutrition not found
alpro-long-life-almond-milk-alternative-1l;Alpro Almond Milk Alternative to Dairy Sweetened 1L;£1.50/unit;£1.50/ltr;dairy-alternatives;10224;0.5;3.0;3.0;1.1;0.1;0.2;0.05;0.13
alpro-long-life-almond-milk-alternative-1l;Alpro Almond Milk Alternative to Dairy Sweetened 1L;£1.50/unit;£1.50/ltr;longer-life-milk;10224;0.5;3.0;3.0;1.1;0.1;0.2;0.05;0.13
alpro-long-life-almond-milk-alternative-1l;Alpro Almond Milk Alternative to Dairy Sweetened 1L;£1.50/unit;£1.50/ltr;soya---dietary-needs;10224;0.5;3.0;3.0;1.1;0.1;0.2;0.05;0.13
alpro-long-life-coconut-rice-drink-1l;Alpro Coconut & Rice Milk Alternative to Dairy 1L;£1.50/unit;£1.50/ltr;dairy-alternatives;Per 100g nutrition not found
alpro-long-life-coconut-rice-drink-1l;Alpro Coconut & Rice Milk Alternative to Dairy 1L;£1.50/unit;£1.50/ltr;longer-life-milk;Per 100g nutrition not found
alpro-long-life-coconut-rice-drink-1l;Alpro Coconut & Rice Milk Alternative to Dairy 1L;£1.50/unit;£1.50/ltr;soya---dietary-needs;Per 100g nutrition not found
alpro-long-life-milk-alternative--hazelnut-1l;Alpro Hazelnut Milk Alternative to Dairy 1L;£1.60/unit;£1.60/ltr;dairy-alternatives;12129;0.4;3.1;3.1;1.6;0.2;0.3;0.13;
alpro-long-life-milk-alternative--hazelnut-1l;Alpro Hazelnut Milk Alternative to Dairy 1L;£1.60/unit;£1.60/ltr;longer-life-milk;12129;0.4;3.1;3.1;1.6;0.2;0.3;0.13;
alpro-long-life-milk-alternative--hazelnut-1l;Alpro Hazelnut Milk Alternative to Dairy 1L;£1.60/unit;£1.60/ltr;soya---dietary-needs;12129;0.4;3.1;3.1;1.6;0.2;0.3;0.13;
alpro-long-life-rice-milk-alternative--light-1l;Alpro Rice Milk Light Alternative to Dairy 1L;£1.35/unit;£1.35/ltr;dairy-alternatives;Per 100g nutrition not found
alpro-long-life-rice-milk-alternative--light-1l;Alpro Rice Milk Light Alternative to Dairy 1L;£1.35/unit;£1.35/ltr;longer-life-milk;Per 100g nutrition not found
alpro-long-life-rice-milk-alternative--light-1l;Alpro Rice Milk Light Alternative to Dairy 1L;£1.35/unit;£1.35/ltr;soya---dietary-needs;Per 100g nutrition not found
alpro-long-life-rice-milk-alternative-1l;Alpro Rice Milk Alternative to Dairy 1L;£1.35/unit;£1.35/ltr;dairy-alternatives;Per 100g nutrition not found
alpro-long-life-rice-milk-alternative-1l;Alpro Rice Milk Alternative to Dairy 1L;£1.35/unit;£1.35/ltr;longer-life-milk;Per 100g nutrition not found
alpro-long-life-rice-milk-alternative-1l;Alpro Rice Milk Alternative to Dairy 1L;£1.35/unit;£1.35/ltr;soya---dietary-needs;Per 100g nutrition not found
alpro-long-life-soya-milk-alternative--chocolate-1l;Alpro Soya Alternative to Dairy Milk Chocolate 1L;£1.35/unit;£1.35/ltr;dairy-alternatives;26463;3.0;8.3;8.1;1.8;0.4;0.8;0.14;
alpro-long-life-soya-milk-alternative--chocolate-1l;Alpro Soya Alternative to Dairy Milk Chocolate 1L;£1.35/unit;£1.35/ltr;longer-life-milk;26463;3.0;8.3;8.1;1.8;0.4;0.8;0.14;
alpro-long-life-soya-milk-alternative--chocolate-1l;Alpro Soya Alternative to Dairy Milk Chocolate 1L;£1.35/unit;£1.35/ltr;soya---dietary-needs;26463;3.0;8.3;8.1;1.8;0.4;0.8;0.14;
alpro-long-life-soya-milk-alternative--oat-1l;Alpro Oat Milk Alternative to Dairy 1L;£1.35/unit;£1.35/ltr;dairy-alternatives;Per 100g nutrition not found
alpro-long-life-soya-milk-alternative--oat-1l;Alpro Oat Milk Alternative to Dairy 1L;£1.35/unit;£1.35/ltr;longer-life-milk;Per 100g nutrition not found
alpro-long-life-soya-milk-alternative--oat-1l;Alpro Oat Milk Alternative to Dairy 1L;£1.35/unit;£1.35/ltr;soya---dietary-needs;Per 100g nutrition not found
alpro-long-life-soya-milk-alternative--organic-1l;Alpro Soya Milk Alternative to Dairy Organic 1L;£1.35/unit;£1.35/ltr;dairy-alternatives;Per 100g nutrition not found
alpro-long-life-soya-milk-alternative--organic-1l;Alpro Soya Milk Alternative to Dairy Organic 1L;£1.35/unit;£1.35/ltr;longer-life-milk;Per 100g nutrition not found
alpro-long-life-soya-milk-alternative--organic-1l;Alpro Soya Milk Alternative to Dairy Organic 1L;£1.35/unit;£1.35/ltr;soya---dietary-needs;Per 100g nutrition not found
alpro-long-life-soya-milk-alternative--original-1l;Alpro Soya Milk Alternative to Dairy Sweetened 1L;£1.35/unit;£1.35/ltr;dairy-alternatives;Per 100g nutrition not found
alpro-long-life-soya-milk-alternative--original-1l;Alpro Soya Milk Alternative to Dairy Sweetened 1L;£1.35/unit;£1.35/ltr;longer-life-milk;Per 100g nutrition not found
alpro-long-life-soya-milk-alternative--original-1l;Alpro Soya Milk Alternative to Dairy Sweetened 1L;£1.35/unit;£1.35/ltr;soya---dietary-needs;Per 100g nutrition not found
alpro-long-life-soya-milk-alternative--strawberry-3x250ml;Alpro Soya Milk Alternative to Dairy Strawberry 3x250ml;£1.30/unit;£1.73/ltr;dairy-alternatives;Per 100g nutrition not found
alpro-long-life-soya-milk-alternative--strawberry-3x250ml;Alpro Soya Milk Alternative to Dairy Strawberry 3x250ml;£1.30/unit;£1.73/ltr;flavoured-milk;Per 100g nutrition not found
alpro-long-life-soya-milk-alternative--strawberry-3x250ml;Alpro Soya Milk Alternative to Dairy Strawberry 3x250ml;£1.30/unit;£1.73/ltr;longer-life-milk;Per 100g nutrition not found
alpro-long-life-soya-milk-alternative--strawberry-3x250ml;Alpro Soya Milk Alternative to Dairy Strawberry 3x250ml;£1.30/unit;£1.73/ltr;soya---dietary-needs;Per 100g nutrition not found
alpro-long-life-soya-milk-alternative--unsweetened-1l;Alpro Soya Milk Alternative to Dairy Unsweetened 1L;£1.35/unit;£1.35/ltr;dairy-alternatives;13432;3.3;0.2;0.1;1.8;0.3;0.6;0.03;
alpro-long-life-soya-milk-alternative--unsweetened-1l;Alpro Soya Milk Alternative to Dairy Unsweetened 1L;£1.35/unit;£1.35/ltr;longer-life-milk;13432;3.3;0.2;0.1;1.8;0.3;0.6;0.03;
alpro-long-life-soya-milk-alternative--unsweetened-1l;Alpro Soya Milk Alternative to Dairy Unsweetened 1L;£1.35/unit;£1.35/ltr;soya---dietary-needs;13432;3.3;0.2;0.1;1.8;0.3;0.6;0.03;
alpro-long-life-soya-milk-alternative--unsweetened-6x1ltr;Alpro Soya Milk Alternative to Dairy Unsweetened 6x1L;£7.50/unit;£1.25/ltr;dairy-alternatives;Per 100g nutrition not found
alpro-long-life-soya-milk-alternative--unsweetened-6x1ltr;Alpro Soya Milk Alternative to Dairy Unsweetened 6x1L;£7.50/unit;£1.25/ltr;longer-life-milk;Per 100g nutrition not found
alpro-long-life-soya-milk-alternative--unsweetened-6x1ltr;Alpro Soya Milk Alternative to Dairy Unsweetened 6x1L;£7.50/unit;£1.25/ltr;soya---dietary-needs;Per 100g nutrition not found
alpro-long-life-soya-milk-alternative--vanilla-1l;Alpro Soya Milk Alternative to Dairy Vanilla 1L;£1.35/unit;£1.35/ltr;dairy-alternatives;23255;3.0;6.6;6.6;1.7;0.3;0.5;0.14;
alpro-long-life-soya-milk-alternative--vanilla-1l;Alpro Soya Milk Alternative to Dairy Vanilla 1L;£1.35/unit;£1.35/ltr;longer-life-milk;23255;3.0;6.6;6.6;1.7;0.3;0.5;0.14;
alpro-long-life-soya-milk-alternative--vanilla-1l;Alpro Soya Milk Alternative to Dairy Vanilla 1L;£1.35/unit;£1.35/ltr;soya---dietary-needs;23255;3.0;6.6;6.6;1.7;0.3;0.5;0.14;
alpro-long-life-soya-milk-alternative--vanilla-3x250ml;Alpro Soya Milk Alternative to Dairy Vanilla 3x250ml;£1.30/unit;£1.73/ltr;dairy-alternatives;Per 100g nutrition not found
alpro-long-life-soya-milk-alternative--vanilla-3x250ml;Alpro Soya Milk Alternative to Dairy Vanilla 3x250ml;£1.30/unit;£1.73/ltr;longer-life-milk;Per 100g nutrition not found
alpro-long-life-soya-milk-alternative--vanilla-3x250ml;Alpro Soya Milk Alternative to Dairy Vanilla 3x250ml;£1.30/unit;£1.73/ltr;soya---dietary-needs;Per 100g nutrition not found
alpro-original-chilled-milk-alternative-1l;Alpro Soya Milk Alternative to Dairy 1L;£1.40/unit;£1.40/ltr;dairy-alternatives;Per 100g nutrition not found
alpro-original-chilled-milk-alternative-1l;Alpro Soya Milk Alternative to Dairy 1L;£1.40/unit;£1.40/ltr;drinks-fresh-milk;Per 100g nutrition not found
alpro-original-chilled-milk-alternative-1l;Alpro Soya Milk Alternative to Dairy 1L;£1.40/unit;£1.40/ltr;soya---dietary-needs;Per 100g nutrition not found
alpro-raspberry---blackberry-yogurt-alternative-4x125g;Alpro Yogurt Alternative Raspberry & Blackberry 4x125g;£1.85/unit;£0.37/100g;soya-dairy-alternatives-yogurts;Per 100g nutrition not found
alpro-simply-plain-yogurt-alternative-500g;Alpro Yogurt Alternative Simply Plain 500g;£1.40/unit;£0.28/100g;big-pots-pouring-yogurts;Per 100g nutrition not found
alpro-simply-plain-yogurt-alternative-500g;Alpro Yogurt Alternative Simply Plain 500g;£1.40/unit;£0.28/100g;natural-greek-yogurts;Per 100g nutrition not found
alpro-simply-plain-yogurt-alternative-500g;Alpro Yogurt Alternative Simply Plain 500g;£1.40/unit;£0.28/100g;soya-dairy-alternatives-yogurts;Per 100g nutrition not found
alpro-smooth-yogurt-alternative-4x125g;Alpro Yogurt Alternative Smooth 4x125g;£1.85/unit;£0.37/100g;soya-dairy-alternatives-yogurts;33479;3.7;10.7;10.3;2.0;0.4;1.0;0.09;
alpro-soya-drink--organic-1l;Alpro Soya Milk Alternative to Dairy Organic 1L;£1.70/unit;£1.70/ltr;dairy-alternatives;Per 100g nutrition not found
alpro-soya-drink--organic-1l;Alpro Soya Milk Alternative to Dairy Organic 1L;£1.70/unit;£1.70/ltr;soya---dietary-needs;Per 100g nutrition not found
alpro-soya-vanilla-yogurt--500g;Alpro Yogurt Alternative Vanilla 500g;£1.40/unit;£0.28/100g;big-pots-pouring-yogurts;Per 100g nutrition not found
alpro-soya-vanilla-yogurt--500g;Alpro Yogurt Alternative Vanilla 500g;£1.40/unit;£0.28/100g;soya-dairy-alternatives-yogurts;Per 100g nutrition not found
alpro-unsweetened-chilled-milk-alternative-1l;Alpro Soya Milk Alternative to Dairy Unsweetened 1L;£1.40/unit;£1.40/ltr;dairy-alternatives;Per 100g nutrition not found
alpro-unsweetened-chilled-milk-alternative-1l;Alpro Soya Milk Alternative to Dairy Unsweetened 1L;£1.40/unit;£1.40/ltr;drinks-fresh-milk;Per 100g nutrition not found
alpro-unsweetened-chilled-milk-alternative-1l;Alpro Soya Milk Alternative to Dairy Unsweetened 1L;£1.40/unit;£1.40/ltr;soya---dietary-needs;Per 100g nutrition not found
alpro-yogurt-alternative-almond-yogurt-500g;Alpro Yogurt Alternative Almond Yogurt 500g;£1.85/unit;£0.37/100g;big-pots-pouring-yogurts;Per 100g nutrition not found
alpro-yogurt-alternative-almond-yogurt-500g;Alpro Yogurt Alternative Almond Yogurt 500g;£1.85/unit;£0.37/100g;soya-dairy-alternatives-yogurts;Per 100g nutrition not found
alpro-yogurt-alternative-coconut-yogurt-500g;Alpro Yogurt Alternative Coconut Yogurt 500g;£1.85/unit;£0.37/100g;big-pots-pouring-yogurts;Per 100g nutrition not found
alpro-yogurt-alternative-coconut-yogurt-500g;Alpro Yogurt Alternative Coconut Yogurt 500g;£1.85/unit;£0.37/100g;soya-dairy-alternatives-yogurts;Per 100g nutrition not found
alpro-yogurt-alternative-lemon---lime-500g;Alpro Yogurt Alternative Lemon & Lime 500g;£1.40/unit;£0.28/100g;big-pots-pouring-yogurts;Per 100g nutrition not found
alpro-yogurt-alternative-lemon---lime-500g;Alpro Yogurt Alternative Lemon & Lime 500g;£1.40/unit;£0.28/100g;soya-dairy-alternatives-yogurts;Per 100g nutrition not found
alpro-yogurt-alternative-strawberry---rhubarb-500g;Alpro Yogurt Alternative Strawberry & Rhubarb 500g;£1.40/unit;£0.28/100g;big-pots-pouring-yogurts;Per 100g nutrition not found
alpro-yogurt-alternative-strawberry---rhubarb-500g;Alpro Yogurt Alternative Strawberry & Rhubarb 500g;£1.40/unit;£0.28/100g;soya-dairy-alternatives-yogurts;Per 100g nutrition not found
amb-rice-chocolate-120g;Ambrosia Rice Pudding Kids Pot, Chocolate 120g;£0.50/unit;£0.42/100g;dessert-pots;106;3.1;17.9;-1;2.5;-1;-1;-1
amb-rice-chocolate-120g;Ambrosia Rice Pudding Kids Pot, Chocolate 120g;£0.50/unit;£0.42/100g;kids-lunchbox-fruit-desserts;106;3.1;17.9;-1;2.5;-1;-1;-1
amb-rice-chocolate-120g;Ambrosia Rice Pudding Kids Pot, Chocolate 120g;£0.50/unit;£0.42/100g;rice-sponge-pudding;106;3.1;17.9;-1;2.5;-1;-1;-1
ambrosia-banana-custard-120g;Ambrosia Devon Custard  Kids Pot, Banana 120g;£0.50/unit;£0.42/100g;custard;429102;2.8;16.1;12.4;2.9;1.7;0.0;0.10
ambrosia-banana-custard-120g;Ambrosia Devon Custard  Kids Pot, Banana 120g;£0.50/unit;£0.42/100g;kids-lunchbox-fruit-desserts;429102;2.8;16.1;12.4;2.9;1.7;0.0;0.10
ambrosia-chocolate-custard-120g;Ambrosia Devon Custard  Kids Pot, Chocolate 120g;£0.50/unit;£0.42/100g;custard;472112;3.0;18.2;14.2;2.9;1.7;0.5;0.10
ambrosia-chocolate-custard-120g;Ambrosia Devon Custard  Kids Pot, Chocolate 120g;£0.50/unit;£0.42/100g;kids-lunchbox-fruit-desserts;472112;3.0;18.2;14.2;2.9;1.7;0.5;0.10
ambrosia-creamy-rice-with-real-strawberry-compote-135g;Ambrosia Creamy Rice with Real Strawberry Compote 135g;£0.50/unit;£0.37/100g;dessert-pots;40395;2.6;20.1;13.2;2.0;1.2;0.2;0.10
ambrosia-creamy-rice-with-real-strawberry-compote-135g;Ambrosia Creamy Rice with Real Strawberry Compote 135g;£0.50/unit;£0.37/100g;rice-sponge-pudding;40395;2.6;20.1;13.2;2.0;1.2;0.2;0.10
ambrosia-devon-custard--can-400g;Ambrosia Devon Custard 400g;£1.00/unit;£0.25/100g;custard;420100;2.9;15.5;11.5;2.9;1.6;0.0;0.04;0.10
ambrosia-devon-custard--carton-500g;Ambrosia Devon Custard 500g;£1.10/unit;£0.22/100g;custard;100;2.9;15.5;11.5;2.9;1.6;0.0;;0.10
ambrosia-devon-custard--low-fat--carton-500g;Ambrosia Low Fat Devon Custard 500g;£1.10/unit;£0.22/100g;custard;89;2.9;15.4;11.1;1.8;1.0;0.0;;0.10
ambrosia-devon-custard--low-fat-400g;Ambrosia Low Fat Devon Custard 400g;£1.00/unit;£0.25/100g;custard;37889;2.9;15.4;11.1;1.8;1.0;0.0;0.04;0.10
ambrosia-devon-custard-120g;Ambrosia Devon Custard  Kids Pot 120g;£0.50/unit;£0.42/100g;custard;41699;2.9;15.5;11.4;2.8;1.6;0.0;0.13
ambrosia-devon-custard-120g;Ambrosia Devon Custard  Kids Pot 120g;£0.50/unit;£0.42/100g;kids-lunchbox-fruit-desserts;41699;2.9;15.5;11.4;2.8;1.6;0.0;0.13
ambrosia-devon-custard-190g;Ambrosia Devon Custard Pot 190g;£0.70/unit;£0.37/100g;custard;41699;2.9;15.5;11.4;2.8;1.6;0.0;0.13
ambrosia-devon-custard-190g;Ambrosia Devon Custard Pot 190g;£0.70/unit;£0.37/100g;dessert-pots;41699;2.9;15.5;11.4;2.8;1.6;0.0;0.13
ambrosia-devon-custard-1kg;Ambrosia Devon Custard 1kg;£1.85/unit;£0.19/100g;custard;420100;2.9;15.5;11.5;2.9;1.6;0.0;;0.10
ambrosia-devon-custard-pots-4x125g;Ambrosia Devon Custard Pots 4x125g;£1.45/unit;£0.29/100g;custard;420100;2.9;15.5;11.5;2.9;1.6;0.0;;0.10
ambrosia-devon-custard-pots-4x125g;Ambrosia Devon Custard Pots 4x125g;£1.45/unit;£0.29/100g;dessert-pots;420100;2.9;15.5;11.5;2.9;1.6;0.0;;0.10
ambrosia-devon-custard-pots-4x125g;Ambrosia Devon Custard Pots 4x125g;£1.45/unit;£0.29/100g;kids-lunchbox-fruit-desserts;420100;2.9;15.5;11.5;2.9;1.6;0.0;;0.10
ambrosia-devon-custard-with-rhubarb-compote-135g;Ambrosia Devon Custard with Rhubarb Compote 135g;£0.50/unit;£0.37/100g;custard;41097;2.3;18.6;14.0;1.4;0.9;0.1;0.12
ambrosia-devon-custard-with-rhubarb-compote-135g;Ambrosia Devon Custard with Rhubarb Compote 135g;£0.50/unit;£0.37/100g;dessert-pots;41097;2.3;18.6;14.0;1.4;0.9;0.1;0.12
ambrosia-devon-custard-with-sticky-toffee-crunch-clusters-117g;Ambrosia Devon Custard with Sticky Toffee Crunch Clusters 117g;£0.50/unit;£0.43/100g;custard;526125;3.0;21.8;13.9;2.8;1.5;0.1;0.12
ambrosia-devon-custard-with-sticky-toffee-crunch-clusters-117g;Ambrosia Devon Custard with Sticky Toffee Crunch Clusters 117g;£0.50/unit;£0.43/100g;dessert-pots;526125;3.0;21.8;13.9;2.8;1.5;0.1;0.12
ambrosia-devon-custard-with-summer-fruits-crumble-clusters-117g;Ambrosia Devon Custard with Summer Fruits Crumble Clusters 117g;£0.50/unit;£0.43/100g;custard;512121;3.1;22.1;13.3;2.2;1.2;0.2;0.12
ambrosia-devon-custard-with-summer-fruits-crumble-clusters-117g;Ambrosia Devon Custard with Summer Fruits Crumble Clusters 117g;£0.50/unit;£0.43/100g;dessert-pots;512121;3.1;22.1;13.3;2.2;1.2;0.2;0.12
ambrosia-devon-dream-260ml;Ambrosia Devon Dream 260ml;£1.00/unit;£0.38/100ml;custard;429102;3.1;15.4;11.9;3.1;1.8;0.0;0.05;0.13
ambrosia-devon-low-fat-custard-120g;Ambrosia Devon Custard  Kids Pot, Low Fat 120g;£0.50/unit;£0.42/100g;custard;37889;2.9;15.4;11.0;1.8;1.1;0.0;0.13
ambrosia-devon-low-fat-custard-120g;Ambrosia Devon Custard  Kids Pot, Low Fat 120g;£0.50/unit;£0.42/100g;kids-lunchbox-fruit-desserts;37889;2.9;15.4;11.0;1.8;1.1;0.0;0.13
ambrosia-light-rice-115g;Ambrosia Light Rice Pot 115g;£0.50/unit;£0.43/100g;dessert-pots;36486;3.4;16.0;7.9;0.9;0.5;0.1;0.13
ambrosia-light-rice-115g;Ambrosia Light Rice Pot 115g;£0.50/unit;£0.43/100g;kids-lunchbox-fruit-desserts;36486;3.4;16.0;7.9;0.9;0.5;0.1;0.13
ambrosia-light-rice-115g;Ambrosia Light Rice Pot 115g;£0.50/unit;£0.43/100g;rice-sponge-pudding;36486;3.4;16.0;7.9;0.9;0.5;0.1;0.13
ambrosia-low-fat-devon-custard-1kg;Ambrosia Low Fat Devon Custard 1kg;£1.85/unit;£0.19/100g;custard;37889;2.9;15.4;11.1;1.8;1.0;0.0;;0.10
ambrosia-low-fat-devon-custard-pots-4x125g;Ambrosia Low Fat Devon Custard Pots 4x125g;£1.45/unit;£0.29/100g;custard;37889;2.9;15.4;11.1;1.8;1.0;0.0;;0.10
ambrosia-low-fat-devon-custard-pots-4x125g;Ambrosia Low Fat Devon Custard Pots 4x125g;£1.45/unit;£0.29/100g;dessert-pots;37889;2.9;15.4;11.1;1.8;1.0;0.0;;0.10
ambrosia-low-fat-devon-custard-pots-4x125g;Ambrosia Low Fat Devon Custard Pots 4x125g;£1.45/unit;£0.29/100g;kids-lunchbox-fruit-desserts;37889;2.9;15.4;11.1;1.8;1.0;0.0;;0.10
ambrosia-macaroni-pudding-425g;Ambrosia Macaroni Pudding 400g;£1.00/unit;£0.25/100g;dessert-milk-cream;37489;3.7;14.5;8.8;1.7;1.0;0.3;0.05;0.13
ambrosia-macaroni-pudding-425g;Ambrosia Macaroni Pudding 400g;£1.00/unit;£0.25/100g;rice-sponge-pudding;37489;3.7;14.5;8.8;1.7;1.0;0.3;0.05;0.13
ambrosia-my-mini-custard-x6-55g;Ambrosia My Mini Custard 6x55g;£1.50/unit;£0.45/100g;custard;99;2.9;15.5;11.5;2.8;1.6;0.0;0.04;0.10
ambrosia-my-mini-custard-x6-55g;Ambrosia My Mini Custard 6x55g;£1.50/unit;£0.45/100g;dessert-pots;99;2.9;15.5;11.5;2.8;1.6;0.0;0.04;0.10
ambrosia-my-mini-rice-x6-330g;Ambrosia My Mini Rice 6x55g;£1.50/unit;£0.45/100g;dessert-pots;104;3.3;17.0;9.0;2.5;1.5;0.0;0.05;0.13
ambrosia-my-mini-rice-x6-330g;Ambrosia My Mini Rice 6x55g;£1.50/unit;£0.45/100g;rice-sponge-pudding;104;3.3;17.0;9.0;2.5;1.5;0.0;0.05;0.13
ambrosia-pudding--rice-with-apple-190g;Ambrosia Rice Pudding Pot, Apple 190g;£0.70/unit;£0.37/100g;dessert-pots;107;3.0;18.8;-1;2.2;-1;-1;-1
ambrosia-pudding--rice-with-apple-190g;Ambrosia Rice Pudding Pot, Apple 190g;£0.70/unit;£0.37/100g;kids-lunchbox-fruit-desserts;107;3.0;18.8;-1;2.2;-1;-1;-1
ambrosia-pudding--rice-with-apple-190g;Ambrosia Rice Pudding Pot, Apple 190g;£0.70/unit;£0.37/100g;rice-sponge-pudding;107;3.0;18.8;-1;2.2;-1;-1;-1
ambrosia-rice-devon-custard-190g;Ambrosia Rice Pudding Pot, Devon Custard 190g;£0.70/unit;£0.37/100g;dessert-pots;104;3.2;17.1;-1;2.5;-1;-1;-1
ambrosia-rice-devon-custard-190g;Ambrosia Rice Pudding Pot, Devon Custard 190g;£0.70/unit;£0.37/100g;kids-lunchbox-fruit-desserts;104;3.2;17.1;-1;2.5;-1;-1;-1
ambrosia-rice-devon-custard-190g;Ambrosia Rice Pudding Pot, Devon Custard 190g;£0.70/unit;£0.37/100g;rice-sponge-pudding;104;3.2;17.1;-1;2.5;-1;-1;-1
ambrosia-rice-pudding--apple-120g;Ambrosia Rice Pudding Kids Pot, Apple 120g;£0.50/unit;£0.42/100g;dessert-pots;107;3.0;18.7;-1;2.3;-1;-1;-1
ambrosia-rice-pudding--apple-120g;Ambrosia Rice Pudding Kids Pot, Apple 120g;£0.50/unit;£0.42/100g;kids-lunchbox-fruit-desserts;107;3.0;18.7;-1;2.3;-1;-1;-1
ambrosia-rice-pudding--apple-120g;Ambrosia Rice Pudding Kids Pot, Apple 120g;£0.50/unit;£0.42/100g;rice-sponge-pudding;107;3.0;18.7;-1;2.3;-1;-1;-1
ambrosia-rice-pudding--creamed-400g;Ambrosia Rice Pudding, Creamed 400g;£1.00/unit;£0.25/100g;rice-sponge-pudding;41799;3.2;16.5;8.9;2.2;1.3;0;0.05;0.13
ambrosia-rice-pudding--low-fat-425g;Ambrosia Rice Pudding, Low Fat 425g;£1.00/unit;£0.25/100g;rice-sponge-pudding;38391;3.2;16.5;9.0;1.3;0.7;0;0.05;0.13
ambrosia-rice-pudding--original-120g;Ambrosia Rice Pudding Kids Pot, Original 120g;£0.50/unit;£0.42/100g;dessert-pots;104;3.3;17.1;-1;2.5;-1;-1;-1
ambrosia-rice-pudding--original-120g;Ambrosia Rice Pudding Kids Pot, Original 120g;£0.50/unit;£0.42/100g;kids-lunchbox-fruit-desserts;104;3.3;17.1;-1;2.5;-1;-1;-1
ambrosia-rice-pudding--original-120g;Ambrosia Rice Pudding Kids Pot, Original 120g;£0.50/unit;£0.42/100g;rice-sponge-pudding;104;3.3;17.1;-1;2.5;-1;-1;-1
ambrosia-rice-pudding--original-190g;Ambrosia Rice Pudding Pot, Original 190g;£0.70/unit;£0.37/100g;dessert-pots;104;3.3;17.1;-1;2.5;-1;-1;-1
ambrosia-rice-pudding--original-190g;Ambrosia Rice Pudding Pot, Original 190g;£0.70/unit;£0.37/100g;kids-lunchbox-fruit-desserts;104;3.3;17.1;-1;2.5;-1;-1;-1
ambrosia-rice-pudding--original-190g;Ambrosia Rice Pudding Pot, Original 190g;£0.70/unit;£0.37/100g;rice-sponge-pudding;104;3.3;17.1;-1;2.5;-1;-1;-1
ambrosia-rice-pudding--strawberry-120g;Ambrosia Rice Pudding Kids Pot, Strawberry 120g;£0.50/unit;£0.42/100g;dessert-pots;103;2.9;17.8;-1;2.2;-1;-1;-1
ambrosia-rice-pudding--strawberry-120g;Ambrosia Rice Pudding Kids Pot, Strawberry 120g;£0.50/unit;£0.42/100g;kids-lunchbox-fruit-desserts;103;2.9;17.8;-1;2.2;-1;-1;-1
ambrosia-rice-pudding--strawberry-120g;Ambrosia Rice Pudding Kids Pot, Strawberry 120g;£0.50/unit;£0.42/100g;rice-sponge-pudding;103;2.9;17.8;-1;2.2;-1;-1;-1
ambrosia-rice-pudding--traditional-400g;Ambrosia Rice Pudding, Traditional 400g;£1.00/unit;£0.25/100g;rice-sponge-pudding;451107;3.3;17.1;9.9;2.8;1.7;0.1;0.08;0.20
ambrosia-rice-pudding-pots-4x125g;Ambrosia Rice Pudding Pots 4x125g;£1.45/unit;£0.29/100g;dessert-pots;440104;3.3;17.1;9.0;2.5;1.5;0;0.05;0.13
ambrosia-rice-pudding-pots-4x125g;Ambrosia Rice Pudding Pots 4x125g;£1.45/unit;£0.29/100g;kids-lunchbox-fruit-desserts;440104;3.3;17.1;9.0;2.5;1.5;0;0.05;0.13
ambrosia-rice-pudding-pots-4x125g;Ambrosia Rice Pudding Pots 4x125g;£1.45/unit;£0.29/100g;rice-sponge-pudding;440104;3.3;17.1;9.0;2.5;1.5;0;0.05;0.13
ambrosia-semolina-400g;Ambrosia Semolina 400g;£1.00/unit;£0.25/100g;dessert-milk-cream;34281;3.4;12.7;8.8;1.8;1.1;0.3;0.06;0.15
ambrosia-semolina-400g;Ambrosia Semolina 400g;£1.00/unit;£0.25/100g;rice-sponge-pudding;34281;3.4;12.7;8.8;1.8;1.1;0.3;0.06;0.15
ambrosia-strawberry-custard-120g;Ambrosia Devon Custard  Kids Pot, Strawberry 120g;£0.50/unit;£0.42/100g;custard;425101;2.8;16.1;12.3;2.8;1.6;0.0;0.10
ambrosia-strawberry-custard-120g;Ambrosia Devon Custard  Kids Pot, Strawberry 120g;£0.50/unit;£0.42/100g;kids-lunchbox-fruit-desserts;425101;2.8;16.1;12.3;2.8;1.6;0.0;0.10
ambrosia-tapioca-385g;Ambrosia Tapioca 385g;£1.00/unit;£0.26/100g;dessert-milk-cream;31675;2.7;12.4;8.6;1.6;1.1;0;0.06;0.15
ambrosia-tapioca-385g;Ambrosia Tapioca 385g;£1.00/unit;£0.26/100g;rice-sponge-pudding;31675;2.7;12.4;8.6;1.6;1.1;0;0.06;0.15
american-hot-dogs-350g;Gilbert's American Hot Dogs 350g;£3.50/unit;£1.00/100g;kosher-chilled-foods;-1;14;0.1;-1;12.5;-1;-1;-1
american-hot-dogs-350g;Gilbert's American Hot Dogs 350g;£3.50/unit;£1.00/100g;mfp-snacking-cooked-sausage;-1;14;0.1;-1;12.5;-1;-1;-1
american-hot-dogs-350g;Gilbert's American Hot Dogs 350g;£3.50/unit;£1.00/100g;snacking-cooked-sausage;-1;14;0.1;-1;12.5;-1;-1;-1
amys-kitchen-broccoli---cheddar-bake-270g;Amy's Kitchen Gluten Free Broccoli & Cheddar Bake 270g;£3.50/unit;£12.96/kg;frozen-freefrom;160;5.9;16;2.1;7.4;4.5;0.7;0.2
amys-kitchen-broccoli---cheddar-bake-270g;Amy's Kitchen Gluten Free Broccoli & Cheddar Bake 270g;£3.50/unit;£12.96/kg;frozen-ready-meals;160;5.9;16;2.1;7.4;4.5;0.7;0.2
amys-kitchen-gluten-free-chinese-noodles-270g;Amy's Kitchen Gluten Free Chinese Noodles & Veggies in a Cashew Cream Sauce 270g;£3.50/unit;£12.96/kg;frozen-freefrom;181;6.0;21;4.1;8.31;1.0;2.0;0.7
amys-kitchen-gluten-free-chinese-noodles-270g;Amy's Kitchen Gluten Free Chinese Noodles & Veggies in a Cashew Cream Sauce 270g;£3.50/unit;£12.96/kg;frozen-rice;181;6.0;21;4.1;8.31;1.0;2.0;0.7
amys-kitchen-gluten-free-rice-mac---cheese;Amy's Kitchen Gluten Free Rice Mac & Cheese;£2.20/unit;£8.63/kg;frozen-freefrom;157;6.3;18;2.4;6.3;3.9;0.4;0.3
amys-kitchen-gluten-free-rice-mac---cheese;Amy's Kitchen Gluten Free Rice Mac & Cheese;£2.20/unit;£8.63/kg;frozen-ready-meals;157;6.3;18;2.4;6.3;3.9;0.4;0.3
amys-kitchen-thai-red-curry-285g;Amy's Kitchen Gluten Free Thai red curry 285g;£3.50/unit;£12.28/kg;frozen-freefrom;147;3.2;15;3.2;8.1;3.9;1.2;0.7
amys-kitchen-thai-red-curry-285g;Amy's Kitchen Gluten Free Thai red curry 285g;£3.50/unit;£12.28/kg;frozen-ready-meals;147;3.2;15;3.2;8.1;3.9;1.2;0.7
anchor-aerosol-cream-250g;Anchor Squirty Cream 250g;£1.00/unit;£0.40/100g;fresh-cream-custard;345;2.3;7.3;7.3;34;23;-1;0.06
anchor-aerosol-cream-light-250g;Anchor Squirty Cream Light 250g;£1.35/unit;£0.54/100g;fresh-cream-custard;195;2.8;7.8;7.5;17;12;-1;0.1
anchor-block-unsalted-250g;Anchor Unsalted Butter 250g;£1.80/unit;£7.20/kg;butter;3059744;0.6;0.6;0.6;82.2;52.1;-1;0.02
anchor-block-unsalted-250g;Anchor Unsalted Butter 250g;£1.80/unit;£7.20/kg;cooking-baking;3059744;0.6;0.6;0.6;82.2;52.1;-1;0.02
anchor-butter--original-250g;Anchor Butter 250g;£1.80/unit;£7.20/kg;butter;3059744;0.6;0.6;0.6;82.2;52.1;-1;1.7
anchor-butter-500g;Anchor Butter 500g;£3.25/unit;£6.50/kg;butter;3059744;0.6;0.6;0.6;82.2;52.1;-1;1.7
anchor-cheddar-grated-200g;Anchor Cheddar Grated 200g;£2.00/unit;£10.00/kg;cheddar-british-regional-cheese;1613389;25.5;1.7;25.5;31.4;20.4;-1;1.80
anchor-cheddar-grated-200g;Anchor Cheddar Grated 200g;£2.00/unit;£10.00/kg;sliced-grated-cheese;1613389;25.5;1.7;25.5;31.4;20.4;-1;1.80
anchor-cheddar-mature-slices-x8-160g;Anchor Cheddar Mature Slices x8 160g;£2.00/unit;£12.50/kg;cheddar-british-regional-cheese;1618390;25.5;0.1;0.1;32.0;20.8;-1;1.80
anchor-cheddar-mature-slices-x8-160g;Anchor Cheddar Mature Slices x8 160g;£2.00/unit;£12.50/kg;sliced-grated-cheese;1618390;25.5;0.1;0.1;32.0;20.8;-1;1.80
anchor-extra-mature-cheddar-350g;Anchor Extra Mature Cheddar 350g;£2.50/unit;£7.14/kg;cheddar-british-regional-cheese;1618390;25.5;0.1;0.1;32.0;20.8;-1;1.80
anchor-lighter-spreadable-500g;Anchor Lighter Spreadable 500g;£3.25/unit;£6.50/kg;butter;2120516;0.3;0.3;0.3;57;21.4;-1;1.1
anchor-mature-cheddar-350g;Anchor Mature Cheddar 350g;£2.50/unit;£7.14/kg;cheddar-british-regional-cheese;1618390;25.5;0.1;0.1;32.0;20.8;-1;1.80
anchor-mature-lighter-cheddar-350g;Anchor Mature Lighter Cheddar 350g;£2.50/unit;£7.14/kg;cheddar-british-regional-cheese;1348324;27.7;3.0;0;22.3;14.6;-1;1.6
anchor-mature-lighter-cheddar-350g;Anchor Mature Lighter Cheddar 350g;£2.50/unit;£7.14/kg;cottage-cheese---healthier-choice;1348324;27.7;3.0;0;22.3;14.6;-1;1.6
anchor-spreadable-250g;Anchor Spreadable 250g;£1.80/unit;£7.20/kg;butter;2860696;0.3;0.3;0.3;77;30.8;-1;1.1
anchor-spreadable-500g;Anchor Spreadable 500g;£3.25/unit;£6.50/kg;butter;2860696;0.3;0.3;0.3;77;30.8;-1;1.1
anchor-squirty-cream-swirls--extra-thick-250g;Anchor Squirty Cream Swirls, Extra Thick 250g;£1.50/unit;£0.60/100g;fresh-cream-custard;418;2.1;2.6;2.6;44;31;-1;0.05
anchor-unsalted-spreadable-500g;Anchor Unsalted Spreadable 500g;£3.25/unit;£6.50/kg;butter;2972723;0.3;0.3;0.3;80;32.8;-1;0.01
angel-delight-butterscotch--no-added-sugar-47g;Angel Delight Butterscotch, No Added Sugar 47g;£0.45/unit;£0.96/100g;dessert-mixes;2021483;4.2;61.6;9.9;24.4;20.4;0.0;1.19;2.98
angel-delight-chocolate--no-added-sugar-47g;Angel Delight Chocolate, No Added Sugar 47g;£0.45/unit;£0.96/100g;dessert-mixes;1907455;5.6;58.9;8.3;21.2;17.5;3.2;1.05;2.63
angel-delight-strawberry-59g;Angel Delight Strawberry 59g;£0.45/unit;£0.76/100g;dessert-mixes;2026483;2.3;71.6;55.9;20.8;17.4;0;0.95;2.38
angel-delight-strawberry-dessert-47g;Angel Delight Strawberry Dessert 47g;£0.45/unit;£0.96/100g;dessert-mixes;1868445;4.7;67.3;14.1;17.4;14.5;0;1.18;2.95
annabel-karmel-beef-cottage-pie-200g;Annabel Karmel Beef Cottage Pie 200g;£2.50/unit;£12.50/kg;kids-ready-meals;85;5.3;8.7;2.9;2.9;1.2;1.6;0.37;40
annabel-karmel-beef-lasagne-200g;Annabel Karmel Beef Lasagne 200g;£2.50/unit;£12.50/kg;kids-ready-meals;129;11.2;7.9;4.0;5.5;3.3;1.4;0.25;40
annabel-karmel-chicken---potato-pie-200g;Annabel Karmel Chicken & Potato Pie 200g;£2.50/unit;£12.50/kg;kids-ready-meals;119;6.8;9.1;2.6;5.7;2.2;1.8;0.32;40
annabel-karmel-chicken-tikka-200g;Annabel Karmel Chicken Tikka 200g;£2.50/unit;£12.50/kg;kids-ready-meals;134;4.6;20;2.4;3.5;1.4;1.7;0.15;40
annabel-karmel-chicken-with-rice-200g;Annabel Karmel Chicken With Rice 200g;£2.50/unit;£12.50/kg;kids-ready-meals;86;6.2;9.8;2.2;2.1;0.5;1.7;0.30;40
annabel-karmel-eat-fussy-bolognese-pasta-bake-200g;Annabel Karmel Eat Fussy Bolognese Pasta Bake 200g;£2.50/unit;£12.50/kg;kids-ready-meals;109;10;9.1;3.5;3.2;2.8;1.9;0.38;40
annabel-karmel-salmon---cod-pie-200g;Annabel Karmel Salmon & Cod Pie 200g;£2.50/unit;£12.50/kg;kids-ready-meals;104;5.6;10.7;2.8;3.9;1.9;1.7;0.32;40
annabel-karmel-spaghetti-with-meatballs-200g;Annabel Karmel Spaghetti With Meatballs 200g;£2.50/unit;£12.50/kg;kids-ready-meals;113;5.8;14.7;4.5;3.0;0.8;2.1;0.25;40
annabel-karmel-vegetable-pasta-bake-with-butternut-squash-200g;Annabel Karmel Vegetable Pasta Bake With Butternut Squash 200g;£2.50/unit;£12.50/kg;kids-ready-meals;99;4.2;10.6;3.0;4.0;2.2;2.1;0.27;40
appletiser---pomegranate-750ml;Appletiser & Pomegranate 750ml;£2.00/unit;£0.26/100ml;adult-soft-drinks;Per 100g nutrition not found
appletiser-6x330ml;Appletiser 6x330ml;£4.00/unit;£0.20/100ml;fruit-flavoured;47;0;11;10.5;0;0;-1;
appletiser-750ml;Appletiser 750ml;£2.00/unit;£0.26/100ml;adult-soft-drinks;19747;0;11;10.5;0;0;-1;0
appletiser-750ml;Appletiser 750ml;£2.00/unit;£0.26/100ml;cocktail-ingredients;19747;0;11;10.5;0;0;-1;0
appletiser-blackcurrant-750ml;Appletiser Blackcurrant 750ml;£2.00/unit;£0.26/100ml;adult-soft-drinks;35;0;8.0;7.9;0;0;-1;
applewood-cheese-snacking-net-75g;Applewood Cheese Snacking Net 75g;£1.00/unit;£13.33/kg;snacking-lunchbox-cheese;Per 100g nutrition not found
applewood-cheese-spreadable-175g;Applewood Cheese Spreadable 175g;£1.00/unit;£5.71/kg;snacking-lunchbox-cheese;1204291;11.0;5.2;5.2;25.1;16.3;-1;2.5
applewood-cheese-spreadable-175g;Applewood Cheese Spreadable 175g;£1.00/unit;£5.71/kg;soft---spreadable;1204291;11.0;5.2;5.2;25.1;16.3;-1;2.5
applewood-slices-160g;Applewood Slices 160g;£1.80/unit;£11.25/kg;cheddar-british-regional-cheese;1700410;25;0.1;-1;34.4;-1;-1;-1
applewood-slices-160g;Applewood Slices 160g;£1.80/unit;£11.25/kg;sliced-grated-cheese;1700410;25;0.1;-1;34.4;-1;-1;-1
archers-peach-schnapps-70cl;Archers Peach Schnapps 70cl;£13.00/unit;£18.57/ltr;cocktail-ingredients;Per 100g nutrition not found
archers-peach-schnapps-70cl;Archers Peach Schnapps 70cl;£13.00/unit;£18.57/ltr;liqueurs-other-spirits;Per 100g nutrition not found
askeys-chocolate-chunk-crackin-225g;Askeys Chocolate Chunk Crackin Ice Cream Topping 225g;£1.45/unit;£0.64/100g;sauces-toppings;622;3.2;49.1;40.8;45.8;14.5;-1;0.13
askeys-chocolate-chunk-crackin-225g;Askeys Chocolate Chunk Crackin Ice Cream Topping 225g;£1.45/unit;£0.64/100g;wafers-sauces-toppings;622;3.2;49.1;40.8;45.8;14.5;-1;0.13
askeys-crackin-chocolate-caramel-225g;Askeys Crackin Chocolate Caramel Ice Cream Topping 225g;£1.45/unit;£0.64/100g;sauces-toppings;661;1.5;39.2;39.1;54.8;20.7;-1;0.03
askeys-crackin-chocolate-caramel-225g;Askeys Crackin Chocolate Caramel Ice Cream Topping 225g;£1.45/unit;£0.64/100g;wafers-sauces-toppings;661;1.5;39.2;39.1;54.8;20.7;-1;0.03
askeys-deluxe-caf%C3%A9-curls-x20;Askeys Deluxe Ice Cream Café Curls x20;£1.30/unit;£0.07/ea;ice-cream-cones-wafers;456;8.2;73.1;41.6;14.0;10.2;2.4;0.43
askeys-deluxe-caf%C3%A9-curls-x20;Askeys Deluxe Ice Cream Café Curls x20;£1.30/unit;£0.07/ea;sauces-toppings;456;8.2;73.1;41.6;14.0;10.2;2.4;0.43
askeys-deluxe-caf%C3%A9-curls-x20;Askeys Deluxe Ice Cream Café Curls x20;£1.30/unit;£0.07/ea;wafers-sauces-toppings;456;8.2;73.1;41.6;14.0;10.2;2.4;0.43
askeys-ice-cream-cornets---cones-round-x21;Askeys Ice Cream Cones x21;£1.10/unit;£0.05/ea;ice-cream-cones-wafers;390;14.0;76.0;1.0;2.6;0.4;3.0;0.45
askeys-ice-cream-cornets---cones-round-x21;Askeys Ice Cream Cones x21;£1.10/unit;£0.05/ea;wafers-sauces-toppings;390;14.0;76.0;1.0;2.6;0.4;3.0;0.45
askeys-ice-cream-cornets--cup-x21;Askeys Ice Cream Cup Cornets x21;£1.30/unit;£0.06/ea;ice-cream-cones-wafers;390;14.0;76.0;1.0;2.6;0.4;3.0;0.45
askeys-ice-cream-cornets--cup-x21;Askeys Ice Cream Cup Cornets x21;£1.30/unit;£0.06/ea;wafers-sauces-toppings;390;14.0;76.0;1.0;2.6;0.4;3.0;0.45
askeys-ice-cream-sprinkles-145g;Askeys Ice Cream Sugar Sprinkles 145g;£2.30/unit;£1.59/100g;sauces-toppings;1700400;0;99.9;99.9;0;0;-1;-1
askeys-ice-cream-sprinkles-145g;Askeys Ice Cream Sugar Sprinkles 145g;£2.30/unit;£1.59/100g;wafers-sauces-toppings;1700400;0;99.9;99.9;0;0;-1;-1
askeys-ice-cream-wafers-x48-75g;Askeys Ice Cream Wafers x48 75g;£0.65/unit;£0.01/unit;ice-cream-cones-wafers;388;13.1;76.5;0.5;2.7;0.6;2.4;0.5
askeys-ice-cream-wafers-x48-75g;Askeys Ice Cream Wafers x48 75g;£0.65/unit;£0.01/unit;wafers-sauces-toppings;388;13.1;76.5;0.5;2.7;0.6;2.4;0.5
askeys-treat-limited-edition-raspberry-325g;Askeys Treat Raspberry Dessert Sauce 325g;£1.30/unit;£0.40/100g;sauces-toppings;317;0.5;79;79;0.5;0.1;-1;0.1
askeys-treat-limited-edition-raspberry-325g;Askeys Treat Raspberry Dessert Sauce 325g;£1.30/unit;£0.40/100g;wafers-sauces-toppings;317;0.5;79;79;0.5;0.1;-1;0.1
askeys-treat-maple-syrup-dessert-sauce-325g;Askeys Treat Maple Syrup Dessert Sauce 325g;£1.30/unit;£0.40/100g;sauces-toppings;312;0.5;77.6;70.6;0.5;0.1;-1;0.08
askeys-treat-syrup--milk-chocolate-flavour-325g;Askeys Treat Milk Chocolate Dessert Sauce 325g;£1.30/unit;£0.40/100g;sauces-toppings;417;0.8;65;62;17;7.7;-1;0.1
askeys-treat-syrup--milk-chocolate-flavour-325g;Askeys Treat Milk Chocolate Dessert Sauce 325g;£1.30/unit;£0.40/100g;wafers-sauces-toppings;417;0.8;65;62;17;7.7;-1;0.1
askeys-treat-syrup--strawberry-flavour-325g;Askeys Treat Strawberry Dessert Sauce 325g;£1.30/unit;£0.40/100g;sauces-toppings;316;0.5;79;75;0.5;0.1;-1;0.1
askeys-treat-syrup--strawberry-flavour-325g;Askeys Treat Strawberry Dessert Sauce 325g;£1.30/unit;£0.40/100g;wafers-sauces-toppings;316;0.5;79;75;0.5;0.1;-1;0.1
askeys-treat-syrup--toffee-flavour-325g;Askeys Treat Toffee Dessert Sauce 325g;£1.30/unit;£0.40/100g;sauces-toppings;331;1.4;77;73;2.0;1.3;-1;0.12
askeys-treat-syrup--toffee-flavour-325g;Askeys Treat Toffee Dessert Sauce 325g;£1.30/unit;£0.40/100g;wafers-sauces-toppings;331;1.4;77;73;2.0;1.3;-1;0.12
aspall-cabernet-sauvignon-red-wine-vinegar-350ml;Aspall Cabernet Sauvignon Red Wine Vinegar 350ml;£2.25/unit;£6.43/ltr;vinegar;-1;0.1;1.0;0.4;0.1;0.1;0.5;5
aspall-cider-vinegar-350ml;Aspall Cider Vinegar 350ml;£1.50/unit;£4.29/ltr;vinegar;-1;0.0;0.1;0.0;0.0;0.0;0.0;0.0
aspall-organic-cyder-vinegar-350ml;Aspall Organic Cyder Vinegar 350ml;£1.60/unit;£4.57/ltr;vinegar;19;0;0.7;0.4;0;0;0;0.01
aspall-red-wine-vinegar-350ml;Aspall Red Wine Vinegar 350ml;£1.50/unit;£4.29/ltr;vinegar;-1;0.4;0.6;0.6;0.0;0.0;0.0;0.0
aspall-sauvignon-blanc-white-wine-vinegar-350ml;Aspall Sauvignon Blanc White Wine Vinegar 350ml;£2.25/unit;£6.43/ltr;vinegar;-1;0.0;0.1;0.1;0.0;0.0;0.0;0.0
aspall-white-wine-vinegar-350ml;Aspall White Wine Vinegar 350ml;£1.50/unit;£4.29/ltr;vinegar;23;0;0.9;0.4;0;0;0;0.03
atkins-milk-chocolate-ready-to-drink-shake-325ml;Atkins Milk Chocolate Ready To Drink Shake 325ml;£2.00/unit;£0.62/100ml;vitamins-health-drinks;Per 100g nutrition not found
attack-a-snak-ham-99g;Attack A Snak Ham & Cheese Wrap 99g;£1.75/unit;£17.68/kg;snacking-lunchbox-cheese;974232;13.4;25.2;3.2;8.2;4.4;1.9;1.59
aunt-bessies-boat-shaped-yorkshire-puddings-perfect-for-sausage-290g;Aunt Bessie's Boat Shaped Yorkshire Puddings Perfect For Sausage 290g;£1.65/unit;£5.69/kg;frozen-yorkshire-puddings;252;8.0;37;1.9;7.5;0.8;2.3;0.56;8
aunt-bessies-chunky-croquettes-550g;Aunt Bessie's Chunky Croquettes 550g;£1.50/unit;£2.73/kg;chips-potatoes;164;1.8;24;0.5;6.2;2.8;2.4;0.80;4
aunt-bessies-crinkle-cut-chips-907g;Aunt Bessie's Crinkle Cut Chips 907g;£2.20/unit;£2.43/kg;chips-potatoes;148;2.2;24;0.5;4.5;2.1;1.7;0.20;7
aunt-bessies-duck-fat-roast-potatoes-700g;Aunt Bessie's Duck Fat Roast Potatoes 700g;£2.75/unit;£3.93/kg;chips-potatoes;120;0.9;19;0.5;4.2;1.6;1.5;0.40;6
aunt-bessies-giant-yorkshire-puddings-x2-230g;Aunt Bessie's Giant Yorkshire Puddings x2 230g;£1.00/unit;£4.35/kg;frozen-yorkshire-puddings;253;9.1;39;1.7;6.3;0.6;2.3;0.58;2
aunt-bessies-home-bake-yorkshire-puddings-x16-490g;Aunt Bessie's Home Bake Yorkshire Puddings x16 490g;£2.20/unit;£4.49/kg;frozen-yorkshire-puddings;165;6.1;25;2.2;4.4;2.5;1.0;0.48;16
aunt-bessies-homestyle-chips-16kg;Aunt Bessie's Homestyle Chips 1.6kg;£3.30/unit;£2.06/kg;chips-potatoes;196;3.1;27.0;1.0;7.8;4.4;2.9;0.1;0.3
aunt-bessies-homestyle-chips-1kg;Aunt Bessie's Homestyle Chips 1kg;£2.20/unit;£2.20/kg;chips-potatoes;146;2.4;24;0.5;4.0;1.9;1.7;0.16;8
aunt-bessies-homestyle-mashed-potato-650g;Aunt Bessie's Homestyle Mashed Potato 650g;£1.50/unit;£2.31/kg;chips-potatoes;90;1.9;14;0.5;2.6;1.8;1.5;0.60
aunt-bessies-homestyle-roast-potatoes-907g;Aunt Bessie's Homestyle Roast Potatoes 907g;£2.00/unit;£2.21/kg;chips-potatoes;138;1.8;20;0.5;5.0;2.2;2.2;0.40;7
aunt-bessies-homestyle-roasts-16kg;Aunt Bessie's Homestyle Roasts 1.6kg;£2.00/unit;£1.25/kg;chips-potatoes;138;1.8;20;0.5;5.0;2.2;2.2;0.40;12
aunt-bessies-honey-glazed-roast-parsnips-600g;Aunt Bessie's Honey Glazed Roast Parsnips 600g;£1.75/unit;£2.92/kg;frozen-vegetables;180;1.4;15;5.5;12;5.7;4.4;0.26;7
aunt-bessies-light---fluffy-dumplings-x8-390g;Aunt Bessie's Light & Fluffy Dumplings x8 390g;£1.50/unit;£3.85/kg;frozen-yorkshire-puddings;323;5.5;43;2.5;14;6.5;2.5;0.75;8
aunt-bessies-mashed-carrot---swede-500g;Aunt Bessie's Mashed Carrot & Swede 500g;£1.75/unit;£3.50/kg;frozen-vegetables;36;0.9;3.5;3.5;1.3;0.8;3.8;0.53;6
aunt-bessies-sage---onion-stuff-balls-310g;Aunt Bessie's Sage & Onion Stuffing Balls 310g;£1.65/unit;£5.32/kg;frozen-yorkshire-puddings;219;5.1;34;3.0;6.4;2.3;3.1;1.3;12
aunt-bessies-tidgy-toads-240g;Aunt Bessie's Mini Toads 240g;£1.60/unit;£6.67/kg;frozen-ready-meals;191;11;12;1.4;11;3.4;3.6;0.73;4
aunt-bessies-toad-in-the-hole-190g;Aunt Bessie's Toad In The Hole 190g;£1.60/unit;£8.42/kg;frozen-ready-meals;206;9.1;17;2.0;11;3.4;1.4;0.83
aunt-bessies-vegetarian-toad-in-the-hole-190g;Aunt Bessie's Vegetarian Toad In The Hole 190g;£1.70/unit;£8.95/kg;meat-free-vegetarian;199;12;14;1.2;10;3.4;2.3;0.75;1
aunt-bessies-yorkshire-puddings-perfect-for-chicken-220g;Aunt Bessie's Yorkshire Puddings, Sage & Onion x12 220g;£1.29/unit;£5.86/kg;frozen-yorkshire-puddings;252;9.2;38;2.7;6.5;0.8;2.9;0.68;12
aunt-bessies-yorkshire-puddings-x12-220g;Aunt Bessie's Yorkshire Puddings x12 220g;£1.75/unit;£7.95/kg;frozen-yorkshire-puddings;247;8.4;38;1.7;6.3;0.7;2.4;0.69;12
auntys-butterscotch---pecan-pudding-190g;Aunty's Butterscotch & Pecan Pudding 190g;£1.00/unit;£0.53/100g;rice-sponge-pudding;308;3.8;53.2;34.9;7.2;1.9;1.0;0.6
auntys-chocolate-fudge-steam-pudding-2x110g;Aunty's Chocolate Fudge Steam Pudding 2x100g;£1.00/unit;£0.50/100g;rice-sponge-pudding;-1;0;0;41;13;26;0;10
auntys-ginger-syrup-steamed-pudding-2x110g;Aunty's Ginger Syrup Steamed Pudding 2x100g;£1.00/unit;£0.50/100g;rice-sponge-pudding;-1;0;0;47;6;6;0;10
auntys-sticky-toffee-puddings-200g;Aunty's Sticky Toffee Puddings 200g;£1.00/unit;£0.50/100g;rice-sponge-pudding;-1;0;0;41;7;9;0;10
avengers-celebration-cake;Avengers Celebration Cake;£9.00/unit;£11.25/kg;celebration-cakes;405;2.5;68.4;54.3;13.4;2.9;-1;0.39
babybel-cheddar-net-of-6-120g;Mini Babybel Cheddar 6x20g;£1.85/unit;£15.42/kg;snacking-lunchbox-cheese;Per 100g nutrition not found
babybel-family-pack-12x20g;Mini Babybel 12x20g;£3.15/unit;£13.13/kg;snacking-lunchbox-cheese;Per 100g nutrition not found
babybel-light-240g-12-pack;Mini Babybel Light 12x20g;£3.15/unit;£13.13/kg;healthier-choice-special-diet-cheese;-1;25;0;0;12;8;-1;1.8
babybel-light-240g-12-pack;Mini Babybel Light 12x20g;£3.15/unit;£13.13/kg;snacking-lunchbox-cheese;-1;25;0;0;12;8;-1;1.8
babybel-light-6x20g;Mini Babybel Light 6x20g;£1.85/unit;£15.42/kg;healthier-choice-special-diet-cheese;Per 100g nutrition not found
babybel-light-6x20g;Mini Babybel Light 6x20g;£1.85/unit;£15.42/kg;snacking-lunchbox-cheese;Per 100g nutrition not found
badoit-natural-mineral-water--lightly-carbonated-1l;Badoit Naturally Carbonated Mineral Water 1L;£0.90/unit;£0.09/100ml;sparkling-water;Per 100g nutrition not found
badoit-rouge-mineral-water-1l;Badoit Intensely Sparkling Mineral Water 1L;£0.90/unit;£0.09/100ml;sparkling-water;Per 100g nutrition not found
badoit-sparkling-water-6x1l;Badoit Naturally Carbonated Mineral Water 6x1L;£5.00/unit;£0.08/100ml;sparkling-water;Per 100g nutrition not found
badoit-sparkling-water-6x1l;Badoit Naturally Carbonated Mineral Water 6x1L;£5.00/unit;£0.08/100ml;water-bigger-multipacks;Per 100g nutrition not found
bartletts-rooster-potatoes-2kg;Albert Bartlett Rooster Potatoes 2kg;£2.00/unit;£1.00/kg;potatoes;81;1.8;17.5;0.8;0.1;0;1.6;0
bastides-french-saucisson-sec-200g;Bastides French Saucisson Sec 200g;£3.00/unit;£1.50/100g;continental-meats;Per 100g nutrition not found
bastides-french-saucisson-sec-200g;Bastides French Saucisson Sec 200g;£3.00/unit;£1.50/100g;mfp-continental-meats;Per 100g nutrition not found
bastides-french-saucisson-sec-200g;Bastides French Saucisson Sec 200g;£3.00/unit;£1.50/100g;mfp-snacking-cooked-sausage;Per 100g nutrition not found
bastides-french-saucisson-sec-200g;Bastides French Saucisson Sec 200g;£3.00/unit;£1.50/100g;snacking-cooked-sausage;Per 100g nutrition not found
batman-cake-913g;Batman Cake 913g;£9.00/unit;£9.86/kg;celebration-cakes;1512359;2.5;65.1;50.0;9.7;2.7;0.5;0.18;0.45
baxters-alberts-victorian-chutney-312g;Baxters Alberts Victorian Chutney 312g;£1.60/unit;£0.51/100g;chutneys-pickle-relishes;663156;1.0;35.9;32.9;0.3;0.1;1.9;2.1
baxters-baby-beetroot-567g-%28410g*%29;Baxters Baby Beetroot 567g (410g*);£1.50/unit;£0.37/100g;pickled-food;11126;0.9;5.0;4.6;0.5;0.1;1.2;0.2
baxters-baby-beetroot-in-sweet-vinegar-340g;Baxters Baby Beetroot In Sweet Vinegar 340g (230g*);£1.20/unit;£0.52/100g;beetroot;11126;0.9;5.0;4.6;0.5;0.1;1.2;0.2
baxters-baby-beetroot-in-sweet-vinegar-340g;Baxters Baby Beetroot In Sweet Vinegar 340g (230g*);£1.20/unit;£0.52/100g;pickled-food;11126;0.9;5.0;4.6;0.5;0.1;1.2;0.2
baxters-caramelised-onion-chutney-320g;Baxters Caramelised Onion Chutney 320g;£1.60/unit;£0.50/100g;chutneys-pickle-relishes;875206;0.7;49.6;47.9;0.4;0.2;0.9;0.4
baxters-crinkle-cut-beetroot-567g-%28405g*%29;Baxters Crinkle Cut Beetroot 567g (405g*);£1.50/unit;£0.37/100g;pickled-food;11126;0.9;5.0;4.6;0.5;0.1;1.2;0.2
baxters-crinkled-beetroot-in-sweet-vinegar-340g;Baxters Crinkled Beetroot In Sweet Vinegar 340g (230g*);£1.20/unit;£0.52/100g;beetroot;11126;0.9;5.0;4.6;0.5;0.1;1.2;0.2
baxters-crinkled-beetroot-in-sweet-vinegar-340g;Baxters Crinkled Beetroot In Sweet Vinegar 340g (230g*);£1.20/unit;£0.52/100g;pickled-food;11126;0.9;5.0;4.6;0.5;0.1;1.2;0.2
baxters-sliced-beetroot-340g;Baxters Sliced Beetroot 340g (230g*);£1.20/unit;£0.52/100g;beetroot;9322;0.7;4.4;3.8;0.5;0.1;0.8;0.4
baxters-sliced-beetroot-340g;Baxters Sliced Beetroot 340g (230g*);£1.20/unit;£0.52/100g;pickled-food;9322;0.7;4.4;3.8;0.5;0.1;0.8;0.4
baxters-sliced-beetroot-454g-%28310*%29;Baxters Sliced Beetroot 454g (310*);£1.04/unit;£0.23/100g;beetroot;9322;0.7;4.4;3.8;0.5;0.1;0.8;0.4
baxters-sliced-beetroot-454g-%28310*%29;Baxters Sliced Beetroot 454g (310*);£1.04/unit;£0.23/100g;pickled-food;9322;0.7;4.4;3.8;0.5;0.1;0.8;0.4
baxters-sliced-pickled-beetroot-567g-%28410g*%29;Baxters Sliced Pickled Beetroot 567g (410g*);£1.50/unit;£0.37/100g;pickled-food;9322;0.7;4.4;3.8;0.5;0.1;0.8;0.4
baxters-tomato-chutney--handmade-312g;Baxters Tomato Chutney, Handmade 312g;£1.60/unit;£0.51/100g;chutneys-pickle-relishes;620146;1.2;33.3;30.7;0.4;0.0;1.3;1.6
bear-alphabites-cocoa-375g;Bear Alphabites Cocoa 375g;£2.80/unit;£0.75/100g;kids-cereals;375;8.8;77.9;15;1.8;0.5;6.5;
bear-alphabites-multigrain-375g;Bear Alphabites Multigrain 375g;£2.80/unit;£0.75/100g;kids-cereals;373;8.7;77.4;15;1.5;0.3;6.5;
bear-yo-yos-blackcurrant-snacking-fruit-5x20g;Bear Yo Yo's Blackcurrant Snacking Fruit 5x20g;£2.30/unit;£2.30/100g;dessert-fruit;275;1.9;63.4;49;0.2;0;8;0;
bear-yo-yos-blackcurrant-snacking-fruit-5x20g;Bear Yo Yo's Blackcurrant Snacking Fruit 5x20g;£2.30/unit;£2.30/100g;snacking-fruit-nuts;275;1.9;63.4;49;0.2;0;8;0;
bear-yo-yos-raspberry-snacking-fruit-5x20g;Bear Yo Yo's Raspberry Snacking Fruit 5x20g;£2.30/unit;£2.30/100g;dessert-fruit;275;1.9;63.4;49;0.2;0;8;0;
bear-yo-yos-raspberry-snacking-fruit-5x20g;Bear Yo Yo's Raspberry Snacking Fruit 5x20g;£2.30/unit;£2.30/100g;snacking-fruit-nuts;275;1.9;63.4;49;0.2;0;8;0;
bear-yo-yos-snacking-fruit--mango-2x10g;Bear Yo Yo's Mango Snacking Fruit 20g;£0.60/unit;£3.00/100g;dessert-fruit;275;1.9;62.2;48;0.2;0;8;0;
bear-yo-yos-snacking-fruit--mango-2x10g;Bear Yo Yo's Mango Snacking Fruit 20g;£0.60/unit;£3.00/100g;snacking-fruit-nuts;275;1.9;62.2;48;0.2;0;8;0;
bear-yo-yos-snacking-fruit--pineapple-20g;Bear Yo Yo's Pineapple Snacking Fruit 20g;£0.60/unit;£3.00/100g;dessert-fruit;275;1.9;62.2;48;0.2;0;8;0;
bear-yo-yos-snacking-fruit--pineapple-20g;Bear Yo Yo's Pineapple Snacking Fruit 20g;£0.60/unit;£3.00/100g;snacking-fruit-nuts;275;1.9;62.2;48;0.2;0;8;0;
bear-yo-yos-snacking-fruit--raspberry-20g;Bear Yo Yo's Snacking Fruit, Raspberry 20g;£0.60/unit;£3.00/100g;dessert-fruit;275;1.9;63.4;49;0.2;0;8;0;
bear-yo-yos-snacking-fruit--raspberry-20g;Bear Yo Yo's Snacking Fruit, Raspberry 20g;£0.60/unit;£3.00/100g;snacking-fruit-nuts;275;1.9;63.4;49;0.2;0;8;0;
bear-yo-yos-snacking-fruit--strawberry-20g;Bear Yo Yo's Strawberry Snacking Fruit 20g;£0.60/unit;£3.00/100g;dessert-fruit;275;1.9;63.4;49;0.2;0;8;0;
bear-yo-yos-snacking-fruit--strawberry-20g;Bear Yo Yo's Strawberry Snacking Fruit 20g;£0.60/unit;£3.00/100g;snacking-fruit-nuts;275;1.9;63.4;49;0.2;0;8;0;
bear-yo-yos-strawberry-snacking-fruit-5x20g;Bear Yo Yo's Strawberry Snacking Fruit 5x20g;£2.30/unit;£2.30/100g;dessert-fruit;275;1.9;63.4;49;0.2;0;8;0;
bear-yo-yos-strawberry-snacking-fruit-5x20g;Bear Yo Yo's Strawberry Snacking Fruit 5x20g;£2.30/unit;£2.30/100g;snacking-fruit-nuts;275;1.9;63.4;49;0.2;0;8;0;
bear-yoyos-pure-fruit-rolls-apple-20g;Bear Yo Yo's Apple Snacking Fruit 20g;£0.60/unit;£3.00/100g;dessert-fruit;275;1.9;62.2;48;0.2;0;8;0;
bear-yoyos-pure-fruit-rolls-apple-20g;Bear Yo Yo's Apple Snacking Fruit 20g;£0.60/unit;£3.00/100g;snacking-fruit-nuts;275;1.9;62.2;48;0.2;0;8;0;
bear-yoyos-pure-fruit-rolls-blackcurrant-20g;Bear Yo Yo's Blackcurrant Snacking Fruit 20g;£0.60/unit;£3.00/100g;dessert-fruit;275;1.9;63.4;49;0.2;0;8;0;
bear-yoyos-pure-fruit-rolls-blackcurrant-20g;Bear Yo Yo's Blackcurrant Snacking Fruit 20g;£0.60/unit;£3.00/100g;snacking-fruit-nuts;275;1.9;63.4;49;0.2;0;8;0;
bear-yoyos-pure-fruit-rolls-strawberry-9x20g;Bear Yo Yo's Strawberry Snacking Fruit 9x20g;£3.00/unit;£1.67/100g;dessert-fruit;275;1.9;63.4;49;0.2;0;8;0;
bear-yoyos-pure-fruit-rolls-strawberry-9x20g;Bear Yo Yo's Strawberry Snacking Fruit 9x20g;£3.00/unit;£1.67/100g;snacking-fruit-nuts;275;1.9;63.4;49;0.2;0;8;0;
beet-it-shot--organic;James White Beet It Shot, Organic;£1.40/unit;£1.44/100ml;longer-life-juice;424100;4;21;13;0.1;0.1;-1;0.7
beet-it-shot--organic;James White Beet It Shot, Organic;£1.40/unit;£1.44/100ml;vitamins-health-drinks;424100;4;21;13;0.1;0.1;-1;0.7
belgian-double-chocolate--limited-edition-1l;Sainsbury's Belgian Double Chocolate Milkshake, Ltd Edition 1L;£1.20/unit;£1.20/ltr;drinks-fresh-milk;100;4.0;11.9;10.5;3.9;2.7;0.5;0.11
belgian-double-chocolate--limited-edition-1l;Sainsbury's Belgian Double Chocolate Milkshake, Ltd Edition 1L;£1.20/unit;£1.20/ltr;flavoured-milk-92153-44;100;4.0;11.9;10.5;3.9;2.7;0.5;0.11
belu-still-water-15l;Belu Still Mineral Water 1.5L;£0.60/unit;£0.04/100ml;still-water;Per 100g nutrition not found
belu-still-water-6x15l;Belu Still Mineral Water 6x1.5L;£3.20/unit;£0.04/100ml;still-water;Per 100g nutrition not found
belu-still-water-6x15l;Belu Still Mineral Water 6x1.5L;£3.20/unit;£0.04/100ml;water-bigger-multipacks;Per 100g nutrition not found
belu-still-water-6x500ml;Belu Still Mineral Water 6x500ml;£2.00/unit;£0.07/100ml;still-water;Per 100g nutrition not found
belvita-biscuit-crunchy-oats-300g;Belvita Breakfast Biscuits, Crunchy Oats 300g;£2.00/unit;£0.67/100g;breakfast-cereal-bars-breakfast-biscuits;Per 100g nutrition not found
belvita-breakfast-biscuits--crunchy-apricot-300g;Belvita Breakfast Biscuits, Crunchy Apricot 300g;£2.50/unit;£0.83/100g;breakfast-cereal-bars-breakfast-biscuits;Per 100g nutrition not found
belvita-breakfast-biscuits--crunchy-hazelnut-300g;Belvita Breakfast Biscuits, Crunchy Hazelnut 300g;£2.50/unit;£0.83/100g;breakfast-cereal-bars-breakfast-biscuits;Per 100g nutrition not found
belvita-breakfast-biscuits--forest-fruit-300g;Belvita Breakfast Biscuits, Forest Fruit 300g;£2.00/unit;£0.67/100g;breakfast-cereal-bars-breakfast-biscuits;Per 100g nutrition not found
belvita-breakfast-biscuits--honey-yogurt-x5;Belvita Breakfast Biscuits, Honey Yogurt x5;£2.50/unit;£0.99/100g;breakfast-cereal-bars-breakfast-biscuits;Per 100g nutrition not found
belvita-breakfast-biscuits--yogurt-crunch-cocoa-253g;Belvita Breakfast Biscuits, Yogurt Crunch Cocoa 253g;£2.50/unit;£0.99/100g;breakfast-cereal-bars-breakfast-biscuits;Per 100g nutrition not found
belvita-breakfast-biscuits--yogurt-crunch-x5-253g;Belvita Breakfast Biscuits, Yogurt Crunch x5 253g;£2.50/unit;£0.99/100g;breakfast-cereal-bars-breakfast-biscuits;Per 100g nutrition not found
belvita-breakfast-biscuits-crunchy-chocolate-chip-300g;Belvita Breakfast Biscuits Crunchy Chocolate Chip 300g;£2.40/unit;£0.80/100g;breakfast-cereal-bars-breakfast-biscuits;Per 100g nutrition not found
belvita-breakfast-biscuits-fruit---fibre-300g;Belvita Breakfast Biscuits, Fruit & Fibre 300g;£2.00/unit;£0.67/100g;breakfast-cereal-bars-breakfast-biscuits;Per 100g nutrition not found
belvita-breakfast-biscuits-milk---cereal-300g;Belvita Breakfast Biscuits, Milk & Cereal 300g;£2.00/unit;£0.67/100g;breakfast-cereal-bars-breakfast-biscuits;440;7.6;67;20;14;1.4;4.2;0.98
belvita-breakfast-crunch-strawberry-253g;Belvita Breakfast Crunch Strawberry 253g;£2.50/unit;£0.99/100g;breakfast-cereal-bars-breakfast-biscuits;1875445;6.9;69.5;25.5;15.0;2.9;4.3;0.55
belvita-cocoa---chocolate-chip-300g;Belvita Cocoa & Chocolate Chip 300g;£2.00/unit;£0.67/100g;breakfast-cereal-bars-breakfast-biscuits;Per 100g nutrition not found
belvita-cranberry-300g;Belvita Cranberry 300g;£2.00/unit;£0.67/100g;breakfast-cereal-bars-breakfast-biscuits;Per 100g nutrition not found
belvita-honey---nuts-biscuit-x5;Belvita Breakfast Biscuits, Honey & Nuts x12;£3.60/unit;£0.60/100g;breakfast-cereal-bars-breakfast-biscuits;Per 100g nutrition not found
belvita-milk---cereal-biscuits-x5;Belvita Breakfast Biscuits, Milk & Cereal x12;£3.60/unit;£0.60/100g;breakfast-cereal-bars-breakfast-biscuits;Per 100g nutrition not found
belvoir-blueberry--blackcrrnt-cord-500ml;Belvoir Blueberry & Blackcurrant Cordial 500ml;£3.00/unit;£0.60/100ml;mixers-cordials;28119;0;7.0;-1;0;-1;-1;-1
belvoir-blueberry--blackcrrnt-cord-500ml;Belvoir Blueberry & Blackcurrant Cordial 500ml;£3.00/unit;£0.60/100ml;squash-cordials-cordials;28119;0;7.0;-1;0;-1;-1;-1
belvoir-elderflower-cordial-500ml;Belvoir Elderflower Cordial 500ml;£3.00/unit;£0.60/100ml;mixers-cordials;24102;0;6.0;-1;0;-1;-1;-1
belvoir-elderflower-cordial-500ml;Belvoir Elderflower Cordial 500ml;£3.00/unit;£0.60/100ml;squash-cordials-cordials;24102;0;6.0;-1;0;-1;-1;-1
belvoir-elderflower-presse-250ml;Belvoir Elderflower Presse 250ml;£1.45/unit;£0.58/100ml;adult-soft-drinks;17040;0;10;-1;0;-1;-1;-1
belvoir-elderflower-presse-750ml;Belvoir Elderflower Presse 750ml;£2.50/unit;£0.33/100ml;adult-soft-drinks;40170;0;10;-1;0;-1;-1;-1
belvoir-fresh-root-ginger-beer-750ml;Belvoir Fresh Root Ginger Beer 750ml;£2.50/unit;£0.33/100ml;adult-soft-drinks;39167;0;9.8;-1;0;-1;-1;-1
belvoir-ginger-cordial-500ml;Belvoir Ginger Cordial 500ml;£3.00/unit;£0.60/100ml;mixers-cordials;1772;0;6.0;-1;0;-1;-1;-1
belvoir-ginger-cordial-500ml;Belvoir Ginger Cordial 500ml;£3.00/unit;£0.60/100ml;squash-cordials-cordials;1772;0;6.0;-1;0;-1;-1;-1
belvoir-lemonade--handmade-750ml;Belvoir Lemonade 75cl;£2.50/unit;£0.33/100ml;adult-soft-drinks;42178;0;10;-1;0;-1;-1;-1
belvoir-lime---lemongrass-cordial-500ml;Belvoir Lime & Lemongrass Cordial 500ml;£3.00/unit;£0.60/100ml;mixers-cordials;2087;0;5.3;-1;0;-1;-1;-1
belvoir-lime---lemongrass-cordial-500ml;Belvoir Lime & Lemongrass Cordial 500ml;£3.00/unit;£0.60/100ml;squash-cordials-cordials;2087;0;5.3;-1;0;-1;-1;-1
belvoir-raspberry---lemon-cordial-500ml;Belvoir Raspberry & Lemon Cordial 500ml;£3.00/unit;£0.60/100ml;mixers-cordials;-1;0;7;-1;0;-1;-1;-1
belvoir-raspberry---lemon-cordial-500ml;Belvoir Raspberry & Lemon Cordial 500ml;£3.00/unit;£0.60/100ml;squash-cordials-cordials;-1;0;7;-1;0;-1;-1;-1
belvoir-raspberry-lemonade-250ml;Belvoir Raspberry Lemonade 250ml;£1.45/unit;£0.58/100ml;adult-soft-drinks;18344;0;10.9;-1;0;-1;-1;-1
belvoir-raspberry-lemonade-750ml;Belvoir Raspberry Lemonade 750ml;£2.50/unit;£0.33/100ml;adult-soft-drinks;44183;0;10.9;-1;0;-1;-1;-1
ben-shaws-shandy-2l;Ben Shaws Shandy 2L;£1.05/unit;£0.05/100ml;traditional;11828;0;6.0;-1;0;-1;-1;-1
ben-shaws-shandy-6x330ml;Ben Shaws Shandy 6x330ml;£1.50/unit;£0.08/100ml;traditional;11226;0;5.5;-1;0;-1;-1;-1
benecol-blueberry-6x675g;Benecol Yogurt Drink Blueberry 6x67.5g;£3.85/unit;£0.95/100g;active-health-yogurts-drinks;21852;2.8;5.7;5.7;1.9;0.1;0.3;
benecol-blueberry-6x675g;Benecol Yogurt Drink Blueberry 6x67.5g;£3.85/unit;£0.95/100g;yogurt-drinks;21852;2.8;5.7;5.7;1.9;0.1;0.3;
benecol-bone-health-strawberry-drinks-6x675g;Benecol Plus Bone Health Strawberry Yogurt Drink 6x67.5g;£3.85/unit;£0.95/100g;active-health-yogurts-drinks;22553;2.7;6.3;6.2;1.9;0.2;0;0.11
benecol-bone-health-strawberry-drinks-6x675g;Benecol Plus Bone Health Strawberry Yogurt Drink 6x67.5g;£3.85/unit;£0.95/100g;yogurt-drinks;22553;2.7;6.3;6.2;1.9;0.2;0;0.11
benecol-buttery-spread-500g;Benecol Buttery Spread 500g;£3.65/unit;£7.30/kg;spreads;2230542;0.5;0.8;0.8;60;12.7;0;1.3
benecol-fat-free-yogurts-4x125g;Benecol Fat Free Garden Fruits Yogurt 4x125g;£2.40/unit;£0.48/100g;active-health-yogurts-drinks;26062;3.0;10.3;9.7;0.5;0.1;2.1;0.04
benecol-fat-free-yogurts-4x125g;Benecol Fat Free Garden Fruits Yogurt 4x125g;£2.40/unit;£0.48/100g;diet-low-fat-yogurts;26062;3.0;10.3;9.7;0.5;0.1;2.1;0.04
benecol-fruit-medley-yogurts-4x120g;Benecol Fruit Medley Yogurt 4x120g;£2.40/unit;£0.50/100g;active-health-yogurts-drinks;36787;3.7;14.1;13.9;1.8;0.8;0.1;0.05
benecol-greek-style-yogurts-4x120g-7714252-p-44;Benecol Greek Style Yogurts 4x120g;£2.40/unit;£0.50/100g;active-health-yogurts-drinks;29870;5.7;10.4;10.2;0.6;0.1;0.2;0.13
benecol-greek-style-yogurts-4x120g-7714252-p-44;Benecol Greek Style Yogurts 4x120g;£2.40/unit;£0.50/100g;natural-greek-yogurts;29870;5.7;10.4;10.2;0.6;0.1;0.2;0.13
benecol-heathy-heart-drinks-6x675g;Benecol Plus Heart Vitamin Multifruit Yogurt Drink 6x67.5g;£3.85/unit;£0.95/100g;active-health-yogurts-drinks;22754;2.8;6.2;6.0;1.9;0.1;0.2;0.02
benecol-heathy-heart-drinks-6x675g;Benecol Plus Heart Vitamin Multifruit Yogurt Drink 6x67.5g;£3.85/unit;£0.95/100g;yogurt-drinks;22754;2.8;6.2;6.0;1.9;0.1;0.2;0.02
benecol-light-yogurt-drink-6x675g;Benecol Yogurt Drink Light 6x67.5g;£3.85/unit;£0.95/100g;active-health-yogurts-drinks;24157;2.8;7.1;6.9;1.9;0.1;0.2;0.1
benecol-light-yogurt-drink-6x675g;Benecol Yogurt Drink Light 6x67.5g;£3.85/unit;£0.95/100g;yogurt-drinks;24157;2.8;7.1;6.9;1.9;0.1;0.2;0.1
benecol-olive-spread-500g;Benecol Olive Spread 500g;£3.65/unit;£7.30/kg;spreads;2039496;0.4;0.6;0.6;55;10.8;0;1.0
benecol-original-6x70g;Benecol Yogurt Drink Original 6x70g;£3.85/unit;£0.92/100g;active-health-yogurts-drinks;35283;2.6;14.1;14.1;1.9;0.1;0;0.1
benecol-original-6x70g;Benecol Yogurt Drink Original 6x70g;£3.85/unit;£0.92/100g;yogurt-drinks;35283;2.6;14.1;14.1;1.9;0.1;0;0.1
benecol-raspberry-6x675g;Benecol Yogurt Drink Raspberry 6x67.5g;£3.85/unit;£0.95/100g;active-health-yogurts-drinks;22253;2.9;5.9;5.8;1.9;0.1;0.2;0.1
benecol-raspberry-6x675g;Benecol Yogurt Drink Raspberry 6x67.5g;£3.85/unit;£0.95/100g;yogurt-drinks;22253;2.9;5.9;5.8;1.9;0.1;0.2;0.1
benecol-spread--light-500g;Benecol Light Spread 500g;£3.65/unit;£7.30/kg;spreads;1333324;2.6;0.4;0.4;35;6.8;0;1.1
benecol-strawberry-yogurt-drink-6x675g;Benecol Yogurt Drink Strawberry 6x67.5g;£3.85/unit;£0.95/100g;active-health-yogurts-drinks;22353;2.8;6.0;6.0;1.9;0.1;0;0.1
benecol-strawberry-yogurt-drink-6x675g;Benecol Yogurt Drink Strawberry 6x67.5g;£3.85/unit;£0.95/100g;yogurt-drinks;22353;2.8;6.0;6.0;1.9;0.1;0;0.1
benecol-summer-fruits-yogurts-4x120g;Benecol Summer Fruits Yogurt 4x120g;£2.40/unit;£0.50/100g;active-health-yogurts-drinks;38291;3.7;14.9;14.7;1.7;0.89;0.4;0.06
benecol-tropical-fruit---soya-6x655g;Benecol Yogurt Drink Tropical Fruit & Soya (Dairy Free) 6x65.5g;£3.85/unit;£0.98/100g;active-health-yogurts-drinks;19747;1.4;3.6;2.9;2.8;0.3;1.0;
benecol-tropical-fruit---soya-6x655g;Benecol Yogurt Drink Tropical Fruit & Soya (Dairy Free) 6x65.5g;£3.85/unit;£0.98/100g;soya-dairy-alternatives-yogurts;19747;1.4;3.6;2.9;2.8;0.3;1.0;
benecol-tropical-fruit---soya-6x655g;Benecol Yogurt Drink Tropical Fruit & Soya (Dairy Free) 6x65.5g;£3.85/unit;£0.98/100g;yogurt-drinks;19747;1.4;3.6;2.9;2.8;0.3;1.0;
benecol-yogurt-drink-peach---apricot-6x675g;Benecol Yogurt Drink Peach & Apricot 6x67.5g;£3.85/unit;£0.95/100g;active-health-yogurts-drinks;22754;2.9;6.2;6.1;1.9;0.1;0.2;0
benecol-yogurt-drink-peach---apricot-6x675g;Benecol Yogurt Drink Peach & Apricot 6x67.5g;£3.85/unit;£0.95/100g;yogurt-drinks;22754;2.9;6.2;6.1;1.9;0.1;0.2;0
bernard-matthew-roast-turkey-chunks-100g;Bernard Matthews Roast Turkey Chunks 100g;£1.00/unit;£1.00/100g;cooked-chicken-turkey;107;22.3;2.6;1.3;0.8;0.3;0.5;0.37;0.93;
bernard-matthew-roast-turkey-chunks-100g;Bernard Matthews Roast Turkey Chunks 100g;£1.00/unit;£1.00/100g;mfp-cooked-chicken-turkey;107;22.3;2.6;1.3;0.8;0.3;0.5;0.37;0.93;
bernard-matthew-roast-turkey-chunks-100g;Bernard Matthews Roast Turkey Chunks 100g;£1.00/unit;£1.00/100g;mfp-snacking-cooked-sausage;107;22.3;2.6;1.3;0.8;0.3;0.5;0.37;0.93;
bernard-matthew-roast-turkey-chunks-100g;Bernard Matthews Roast Turkey Chunks 100g;£1.00/unit;£1.00/100g;snacking-cooked-sausage;107;22.3;2.6;1.3;0.8;0.3;0.5;0.37;0.93;
bernard-matthew-tikka-turkey-chunks-100g;Bernard Matthews Tikka Turkey Chunks 100g;£1.00/unit;£1.00/100g;cooked-chicken-turkey;116;23.4;1.4;1.4;1.9;0.6;1.5;0.32;0.80;
bernard-matthew-tikka-turkey-chunks-100g;Bernard Matthews Tikka Turkey Chunks 100g;£1.00/unit;£1.00/100g;mfp-cooked-chicken-turkey;116;23.4;1.4;1.4;1.9;0.6;1.5;0.32;0.80;
bernard-matthew-tikka-turkey-chunks-100g;Bernard Matthews Tikka Turkey Chunks 100g;£1.00/unit;£1.00/100g;mfp-snacking-cooked-sausage;116;23.4;1.4;1.4;1.9;0.6;1.5;0.32;0.80;
bernard-matthew-tikka-turkey-chunks-100g;Bernard Matthews Tikka Turkey Chunks 100g;£1.00/unit;£1.00/100g;snacking-cooked-sausage;116;23.4;1.4;1.4;1.9;0.6;1.5;0.32;0.80;
bernard-matthew-turkey-bbq-chunks-100g;Bernard Matthews Turkey BBQ Chunks 100g;£1.00/unit;£1.00/100g;cooked-chicken-turkey;117;19.8;6.4;5;1.3;0.4;0.4;0.4;1
bernard-matthew-turkey-bbq-chunks-100g;Bernard Matthews Turkey BBQ Chunks 100g;£1.00/unit;£1.00/100g;mfp-cooked-chicken-turkey;117;19.8;6.4;5;1.3;0.4;0.4;0.4;1
bernard-matthew-turkey-bbq-chunks-100g;Bernard Matthews Turkey BBQ Chunks 100g;£1.00/unit;£1.00/100g;mfp-snacking-cooked-sausage;117;19.8;6.4;5;1.3;0.4;0.4;0.4;1
bernard-matthew-turkey-bbq-chunks-100g;Bernard Matthews Turkey BBQ Chunks 100g;£1.00/unit;£1.00/100g;snacking-cooked-sausage;117;19.8;6.4;5;1.3;0.4;0.4;0.4;1
bernard-matthews-breaded-ham---cheese-chicken-escalope-285g;Bernard Matthews Breaded Ham & Cheese Chicken Escalope 285g;£2.00/unit;£7.02/kg;breaded-coated-chicken-turkey-pork;237;12.9;17.9;1.1;12.4;2.3;1.1;0.88
bernard-matthews-breaded-ham---cheese-chicken-escalope-285g;Bernard Matthews Breaded Ham & Cheese Chicken Escalope 285g;£2.00/unit;£7.02/kg;chicken;237;12.9;17.9;1.1;12.4;2.3;1.1;0.88
bernard-matthews-breaded-turkey-escalope-260g;Bernard Matthews Breaded Turkey Escalope 260g;£2.00/unit;£7.69/kg;breaded-coated-chicken-turkey-pork;293;14.8;17.5;1.2;17.7;4.7;2.3;0.98
bernard-matthews-breaded-turkey-escalope-260g;Bernard Matthews Breaded Turkey Escalope 260g;£2.00/unit;£7.69/kg;turkey;293;14.8;17.5;1.2;17.7;4.7;2.3;0.98
bernard-matthews-chicken-breast-140g;Bernard Matthews Chicken Breast Slices x7 140g;£2.00/unit;£1.43/100g;cooked-chicken-turkey;103;19;1.3;0.8;2.3;0.7;0.7;1.7
bernard-matthews-chicken-breast-140g;Bernard Matthews Chicken Breast Slices x7 140g;£2.00/unit;£1.43/100g;mfp-cooked-chicken-turkey;103;19;1.3;0.8;2.3;0.7;0.7;1.7
bernard-matthews-chicken-chunks-100g;Bernard Matthews Chicken Chunks 100g;£1.00/unit;£1.00/100g;cooked-chicken-turkey;112;22.9;2.1;0.9;1.3;0.4;0.0;0.8
bernard-matthews-chicken-chunks-100g;Bernard Matthews Chicken Chunks 100g;£1.00/unit;£1.00/100g;mfp-cooked-chicken-turkey;112;22.9;2.1;0.9;1.3;0.4;0.0;0.8
bernard-matthews-chicken-chunks-100g;Bernard Matthews Chicken Chunks 100g;£1.00/unit;£1.00/100g;mfp-snacking-cooked-sausage;112;22.9;2.1;0.9;1.3;0.4;0.0;0.8
bernard-matthews-chicken-chunks-100g;Bernard Matthews Chicken Chunks 100g;£1.00/unit;£1.00/100g;snacking-cooked-sausage;112;22.9;2.1;0.9;1.3;0.4;0.0;0.8
bernard-matthews-chilli-turkey-chunks-100g;Bernard Matthews Chilli Turkey Chunks 100g;£1.00/unit;£1.00/100g;cooked-chicken-turkey;120;19.7;6.8;4.7;1.5;0.4;0.5;0.41;1.02;
bernard-matthews-chilli-turkey-chunks-100g;Bernard Matthews Chilli Turkey Chunks 100g;£1.00/unit;£1.00/100g;mfp-cooked-chicken-turkey;120;19.7;6.8;4.7;1.5;0.4;0.5;0.41;1.02;
bernard-matthews-chilli-turkey-chunks-100g;Bernard Matthews Chilli Turkey Chunks 100g;£1.00/unit;£1.00/100g;mfp-snacking-cooked-sausage;120;19.7;6.8;4.7;1.5;0.4;0.5;0.41;1.02;
bernard-matthews-chilli-turkey-chunks-100g;Bernard Matthews Chilli Turkey Chunks 100g;£1.00/unit;£1.00/100g;snacking-cooked-sausage;120;19.7;6.8;4.7;1.5;0.4;0.5;0.41;1.02;
bernard-matthews-golden-drummers-500g;Bernard Matthews Golden Drummers 500g;£2.00/unit;£4.00/kg;frozen-chicken;253;15.1;12.6;0.7;15.6;2.8;0.9;0.7
bernard-matthews-golden-drummers-500g;Bernard Matthews Golden Drummers 500g;£2.00/unit;£4.00/kg;turkey-duck-game;253;15.1;12.6;0.7;15.6;2.8;0.9;0.7
bernard-matthews-mini-kievs-340g;Bernard Matthews Mini Kievs 340g;£2.00/unit;£5.88/kg;frozen-chicken;232;18.7;13.6;1.3;11.4;3.3;1.3;0.3;0.75
bernard-matthews-mini-kievs-340g;Bernard Matthews Mini Kievs 340g;£2.00/unit;£5.88/kg;turkey-duck-game;232;18.7;13.6;1.3;11.4;3.3;1.3;0.3;0.75
bernard-matthews-turkey-breast-140g;Bernard Matthews Turkey Breast Slices x7 140g;£2.00/unit;£1.43/100g;cooked-chicken-turkey;104;19.2;0.9;0.8;2.5;0.8;0.5;1.8
bernard-matthews-turkey-breast-140g;Bernard Matthews Turkey Breast Slices x7 140g;£2.00/unit;£1.43/100g;mfp-cooked-chicken-turkey;104;19.2;0.9;0.8;2.5;0.8;0.5;1.8
bernard-matthews-turkey-dinosaurs-500g;Bernard Matthews Turkey Dinosaurs 500g;£2.00/unit;£4.00/kg;frozen-chicken;306;13.3;17.7;2.2;19.8;4.0;1.7;0.8
bernard-matthews-turkey-dinosaurs-500g;Bernard Matthews Turkey Dinosaurs 500g;£2.00/unit;£4.00/kg;turkey-duck-game;306;13.3;17.7;2.2;19.8;4.0;1.7;0.8
bernard-matthews-turkey-ham-wafer-thin-120g;Bernard Matthews Turkey Ham Wafer Thin 120g;£1.00/unit;£0.83/100g;cooked-chicken-turkey;438104;-1;3.0;1.0;4.1;1.2;0.5;2.5
bernard-matthews-turkey-ham-wafer-thin-120g;Bernard Matthews Turkey Ham Wafer Thin 120g;£1.00/unit;£0.83/100g;mfp-cooked-chicken-turkey;438104;-1;3.0;1.0;4.1;1.2;0.5;2.5
bernard-matthews-turkey-ham-wafer-thin-250g;Bernard Matthews Turkey Ham Wafer Thin 250g;£2.00/unit;£0.80/100g;cooked-chicken-turkey;438104;-1;3.0;1.0;4.1;1.2;0.5;2.5
bernard-matthews-turkey-ham-wafer-thin-250g;Bernard Matthews Turkey Ham Wafer Thin 250g;£2.00/unit;£0.80/100g;mfp-cooked-chicken-turkey;438104;-1;3.0;1.0;4.1;1.2;0.5;2.5
bernard-matthews-turkey-numbers-338g;Bernard Matthews Turkey Numbers 338g;£2.00/unit;£5.92/kg;frozen-chicken;315;14.8;23.6;0.1;17.2;2.3;3.2;0.53;1.33
bernard-matthews-turkey-numbers-338g;Bernard Matthews Turkey Numbers 338g;£2.00/unit;£5.92/kg;turkey-duck-game;315;14.8;23.6;0.1;17.2;2.3;3.2;0.53;1.33
bertarini-cappelletti-with-ham-250g;Bertarini Cappelletti With Ham 250g;£1.25/unit;£5.00/kg;fresh-pasta-sauces;Per 100g nutrition not found
bertarini-lunette-with-cheese-250g;Bertarini Lunette With Cheese 250g;£1.25/unit;£5.00/kg;fresh-pasta-sauces;Per 100g nutrition not found
bertarini-lunette-with-cheese-250g;Bertarini Lunette With Cheese 250g;£1.25/unit;£5.00/kg;vegetarian-meat-free-pizza-pasta;Per 100g nutrition not found
bertarini-lunette-with-mushrooms-250g;Bertarini Lunette With Mushrooms 250g;£1.25/unit;£5.00/kg;fresh-pasta-sauces;Per 100g nutrition not found
bertarini-lunette-with-mushrooms-250g;Bertarini Lunette With Mushrooms 250g;£1.25/unit;£5.00/kg;vegetarian-meat-free-pizza-pasta;Per 100g nutrition not found
bertarini-tortelloni-chicken---bacon-250g;Bertarini Tortelloni Chicken & Bacon 250g;£1.25/unit;£5.00/kg;fresh-pasta-sauces;Per 100g nutrition not found
bertarini-tortelloni-spinach---ricotta-250g;Bertarini Tortelloni Spinach & Ricotta 250g;£1.25/unit;£5.00/kg;fresh-pasta-sauces;Per 100g nutrition not found
bertarini-tortelloni-spinach---ricotta-250g;Bertarini Tortelloni Spinach & Ricotta 250g;£1.25/unit;£5.00/kg;vegetarian-meat-free-pizza-pasta;Per 100g nutrition not found
bertolli-1kg;Bertolli Original Spread 1kg;£3.70/unit;£3.70/kg;spreads;2220536;0.5;0.9;0.9;59;13;-1;1.2
bertolli-250g;Bertolli Original Spread 250g;£1.20/unit;£4.80/kg;spreads;2220536;0.5;0.9;0.9;59;13;-1;1.2
bertolli-500g;Bertolli Original Spread 500g;£1.90/unit;£3.80/kg;spreads;2220536;0.5;0.9;0.9;59;13;-1;1.2
bertolli-light-500g;Bertolli Light Spread 500g;£1.90/unit;£3.80/kg;spreads;1438346;0.5;1.3;0.5;38;9.2;-1;0.82
bertolli-spread-with-butter-225g;Bertolli Spread With Butter 225g;£1.50/unit;£6.67/kg;butter;-1;1;1;1;10;15;-1;3
bertolli-spread-with-butter-225g;Bertolli Spread With Butter 225g;£1.50/unit;£6.67/kg;spreads;-1;1;1;1;10;15;-1;3
bertolli-spread-with-butter-400g;Bertolli Spread With Butter 400g;£2.00/unit;£5.00/kg;butter;2610615;0.5;0.6;0.6;70;30;-1;1.5
bertolli-spread-with-butter-400g;Bertolli Spread With Butter 400g;£2.00/unit;£5.00/kg;spreads;2610615;0.5;0.6;0.6;70;30;-1;1.5
beye-swt---stky-bbq-chicken-grills-348g;Birds Eye Sweet & Sticky BBQ Chicken Grills 348g;£2.75/unit;£7.90/kg;frozen-chicken;Per 100g nutrition not found
big-hero-6-cake;Big Hero 6 Cake;£10.00/unit;£10.00/ea;celebration-cakes;400;2.1;69.4;50.3;12.5;2.9;-1;0.41
big-tom-spiced-tomato-juice-75cl;Big Tom Spiced Tomato Juice 75cl;£2.50/unit;£0.33/100ml;cocktail-ingredients;7218;0.6;4.0;3.0;0.1;0.1;-1;1.0
big-tom-spiced-tomato-juice-75cl;Big Tom Spiced Tomato Juice 75cl;£2.50/unit;£0.33/100ml;mixers-12333-44;7218;0.6;4.0;3.0;0.1;0.1;-1;1.0
big-tom-spiced-tomato-juice-75cl;Big Tom Spiced Tomato Juice 75cl;£2.50/unit;£0.33/100ml;mixers;7218;0.6;4.0;3.0;0.1;0.1;-1;1.0
billingtons-demerara-sugar-1kg;Billington's Demerara Sugar 1kg;£1.85/unit;£1.85/kg;tea-coffee-sugar;399;0.2;99.4;-1;0.0;-1;-1;-1
billingtons-demerara-sugar-250g;Billington's Demerara Sugar 250g;£0.75/unit;£3.00/kg;tea-coffee-sugar;398;0;99;99;0;0;-1;0.25
billingtons-demerara-sugar-500g;Billington's Demerara Sugar 500g;£1.25/unit;£2.50/kg;tea-coffee-sugar;398;0;99;99;0;0;-1;0.25
billingtons-demerara-sugar-cubes-500g;Billington's Demerara Sugar Cubes 500g;£1.70/unit;£3.40/kg;tea-coffee-sugar;397;0.0;99.3;-1;0.0;-1;-1;-1
billingtons-golden-granulated-sugar-1kg;Billington's Golden Granulated Sugar 1kg;£1.90/unit;£1.90/kg;tea-coffee-sugar;399;0.0;99.7;-1;0.0;-1;-1;-1
birds-angel-delight--banana-59g;Angel Delight, Banana 59g;£0.45/unit;£0.76/100g;dessert-mixes;1989474;2.3;69.3;56.1;20.9;17.4;0.3;1.1;2.7
birds-angel-delight--butterscotch-59g;Angel Delight, Butterscotch 59g;£0.45/unit;£0.76/100g;dessert-mixes;1982472;2.0;75.4;55.8;18.0;15.0;0.0;0.86;2.14
birds-angel-delight--chocolate-50g;Angel Delight, Chocolate 50g;£0.45/unit;£0.90/100g;dessert-mixes;1856441;3.3;73.1;53.5;14.5;11.9;2.6;0.97;2.43
birds-angel-delight--raspberry-59g;Angel Delight, Raspberry 59g;£0.45/unit;£0.76/100g;dessert-mixes;1995476;2.4;69.3;55.2;21.0;17.6;0.2;1.1;2.7
birds-custard-powder-300g;Bird's Custard Powder 300g;£1.10/unit;£0.37/100g;custard;1475347;0.4;86.2;0;0.1;0;0;0.4;1.0
birds-dream-topping--sugar-free-33g;Bird's Dream Topping, Sugar Free 33g;£0.70/unit;£2.12/100g;dessert-mixes;2795675;6.2;29.1;2.0;59.3;57.6;0.4;0.2;0.5
birds-eye-12-original-beef-burgers-680g;Birds Eye Original Beef Burgers x12 680g;£4.20/unit;£6.18/kg;frozen-beef;Per 100g nutrition not found
birds-eye-12-original-beef-burgers-680g;Birds Eye Original Beef Burgers x12 680g;£4.20/unit;£6.18/kg;frozen-burgers-sausages;Per 100g nutrition not found
birds-eye-18-breaded-nuggets-355g;Birds Eye Breaded Nuggets x18 355g;£3.00/unit;£8.45/kg;frozen-chicken;Per 100g nutrition not found
birds-eye-bake-to-perfection-salmon-with-chilli---ginger-280g;Birds Eye Inspirations Salmon Fillets with Chilli & Ginger Sauce x2 280g;£4.00/unit;£14.29/kg;frozen-fish-seafood;Per 100g nutrition not found
birds-eye-british-steak-puff-pies-x2-360g;Birds Eye British Steak Puff Pies x2 360g;£2.60/unit;£0.72/100g;frozen-pies;Per 100g nutrition not found
birds-eye-chicken-burgers-x4-200g;Birds Eye Chicken Burgers x4 200g;£1.45/unit;£7.25/kg;frozen-burgers-sausages;Per 100g nutrition not found
birds-eye-chicken-burgers-x4-200g;Birds Eye Chicken Burgers x4 200g;£1.45/unit;£7.25/kg;frozen-chicken;Per 100g nutrition not found
birds-eye-chicken-burgers-x8-400g;Birds Eye Chicken Burgers x8 400g;£2.70/unit;£6.75/kg;frozen-burgers-sausages;Per 100g nutrition not found
birds-eye-chicken-burgers-x8-400g;Birds Eye Chicken Burgers x8 400g;£2.70/unit;£6.75/kg;frozen-chicken;Per 100g nutrition not found
birds-eye-chicken-nuggets-x36-720g;Birds Eye Chicken Nuggets x36 720g;£4.00/unit;£5.56/kg;frozen-chicken;Per 100g nutrition not found
birds-eye-chicken-pies-x4-620g;Birds Eye Chicken Pies x4 620g;£2.50/unit;£4.03/kg;frozen-pies;Per 100g nutrition not found
birds-eye-chicken-quarter-pounders-x2-227g;Birds Eye Chicken Quarter Pounders x2 227g;£1.45/unit;£6.39/kg;frozen-burgers-sausages;Per 100g nutrition not found
birds-eye-chicken-quarter-pounders-x2-227g;Birds Eye Chicken Quarter Pounders x2 227g;£1.45/unit;£6.39/kg;frozen-chicken;Per 100g nutrition not found
birds-eye-cod-fillet-fish-fingers-x20-560g;Birds Eye Cod Fillet Fish Fingers x20 560g;£4.00/unit;£7.14/kg;frozen-fish-seafood;Per 100g nutrition not found
birds-eye-cod-fillet-fishcakes-in-crumb-x4-198g;Birds Eye Cod Fillet Fishcakes In Crumb x4 198g;£1.00/unit;£5.05/kg;frozen-fish-seafood;Per 100g nutrition not found
birds-eye-cod-fish-burgers-x2-227g;Birds Eye Cod Fish Burgers x2 227g;£2.50/unit;£11.01/kg;frozen-fish-seafood;Per 100g nutrition not found
birds-eye-cod-fish-fingers-x12-336g;Birds Eye Cod Fish Fingers x12 336g;£2.50/unit;£7.44/kg;frozen-fish-seafood;Per 100g nutrition not found
birds-eye-country-mixed-vegetable-690g;Birds Eye Country Mixed Vegetable 690g;£2.00/unit;£2.90/kg;frozen-vegetables;Per 100g nutrition not found
birds-eye-creamy-chicken-pies-x4-620g;Birds Eye Creamy Chicken Pies x4 620g;£2.00/unit;£0.32/100g;frozen-pies;Per 100g nutrition not found
birds-eye-crispy-chicken-dippers-x24-440g;Birds Eye Crispy Chicken Dippers x24 440g;£2.00/unit;£4.55/kg;frozen-chicken;Per 100g nutrition not found
birds-eye-crispy-chicken-dippers-x42-770g;Birds Eye Crispy Chicken Dippers x42 770g;£4.00/unit;£5.19/kg;frozen-chicken;Per 100g nutrition not found
birds-eye-crispy-chicken-x2-170g;Birds Eye Crispy Chicken x2 170g;£1.65/unit;£9.71/kg;frozen-chicken;Per 100g nutrition not found
birds-eye-crispy-chicken-x4-340g;Birds Eye Crispy Chicken x4 340g;£1.75/unit;£5.15/kg;frozen-chicken;Per 100g nutrition not found
birds-eye-field-fresh-garden-mix-steambags-x4-540g;Birds Eye Steam Fresh Garden Mix Steambags 540g;£2.00/unit;£3.70/kg;frozen-vegetables;Per 100g nutrition not found
birds-eye-field-fresh-garden-peas-137kg;Birds Eye Field Fresh Garden Peas 1.37kg;£3.20/unit;£2.34/kg;frozen-vegetables;Per 100g nutrition not found
birds-eye-field-fresh-garden-peas-400g;Birds Eye Field Fresh Garden Peas 400g;£1.50/unit;£3.75/kg;frozen-vegetables;Per 100g nutrition not found
birds-eye-field-fresh-garden-peas-800g;Birds Eye Field Fresh Garden Peas 800g;£2.30/unit;£2.88/kg;frozen-vegetables;Per 100g nutrition not found
birds-eye-field-fresh-green-beans-750g;Birds Eye Field Fresh Green Beans 750g;£2.00/unit;£2.67/kg;frozen-vegetables;Per 100g nutrition not found
birds-eye-field-fresh-hearty-farmhouse-vegetable-steambags-x4-540g;Birds Eye Field Fresh Hearty Farmhouse Vegetable Steambags x4 540g;£2.00/unit;£3.70/kg;frozen-vegetables;Per 100g nutrition not found
birds-eye-field-fresh-petit-pois-107kg;Birds Eye Field Fresh Petit Pois 1.07kg;£3.50/unit;£3.27/kg;frozen-vegetables;Per 100g nutrition not found
birds-eye-field-fresh-petit-pois-545g;Birds Eye Field Fresh Petit Pois 545g;£2.00/unit;£3.67/kg;frozen-vegetables;Per 100g nutrition not found
birds-eye-fish---chips-dinner-395g;Birds Eye Fish & Chips Dinner 395g;£2.00/unit;£5.06/kg;frozen-ready-meals;Per 100g nutrition not found
birds-eye-fish-chargrills-lemon---thyme-x2-300g;Birds Eye Fish Chargrills Lemon & Thyme x2 300g;£3.50/unit;£11.67/kg;frozen-fish-seafood;Per 100g nutrition not found
birds-eye-fish-chargrills-thai-coconut-x2-300g;Birds Eye Fish Chargrills Thai Coconut x2 300g;£3.50/unit;£11.67/kg;frozen-fish-seafood;Per 100g nutrition not found
birds-eye-fish-chargrills-tomato--basil---oregano-x2-300g;Birds Eye Fish Chargrills Tomato, Basil & Oregano x2 300g;£3.50/unit;£11.67/kg;frozen-fish-seafood;Per 100g nutrition not found
birds-eye-fish-fillets-in-batter-x4-400g-7306929-p-44;Birds Eye Fish Fillets In Batter x4 400g;£2.00/unit;£5.00/kg;frozen-fish-seafood;Per 100g nutrition not found
birds-eye-fish-fillets-in-crumb-x4-400g-7306934-p-44;Birds Eye Fish Fillets In Crumb x4 400g;£2.00/unit;£5.00/kg;frozen-fish-seafood;Per 100g nutrition not found
birds-eye-fish-fingers-x14-350g;Birds Eye Fish Fingers x14 350g;£1.25/unit;£3.57/kg;frozen-fish-seafood;Per 100g nutrition not found
birds-eye-fish-fusions-lemon---pepper-x2-300g;Birds Eye Fish Fusions Lemon & Pepper x2 300g;£3.00/unit;£10.00/kg;frozen-fish-seafood;Per 100g nutrition not found
birds-eye-garden-peas---sweetcorn-690g;Birds Eye Garden Peas & Sweetcorn 690g;£2.00/unit;£2.90/kg;frozen-vegetables;Per 100g nutrition not found
birds-eye-garlic---herb-chicken-grills-x4-360g;Birds Eye Garlic & Herb Chicken Grills x4 360g;£1.75/unit;£4.86/kg;frozen-chicken;Per 100g nutrition not found
birds-eye-green-medley-vegetable-fusions-300g;Birds Eye Steamfresh Green Medley Vegetables 2x150g;£1.75/unit;£5.83/kg;frozen-vegetables;Per 100g nutrition not found
birds-eye-harry-ramsden-simply-cod-in-batter-x4-480g;Birds Eye Harry Ramsden Simply Cod In Batter x4 480g;£4.00/unit;£8.33/kg;frozen-fish-seafood;Per 100g nutrition not found
birds-eye-harry-ramsden-simply-haddock-fillets-in-batter-x4-480g;Birds Eye Harry Ramsden Simply Haddock Fillets In Batter x4 480g;£4.00/unit;£8.33/kg;frozen-fish-seafood;Per 100g nutrition not found
birds-eye-hot---spicy-chicken-grills-x2-180g;Birds Eye Hot & Spicy Chicken Grills x2 180g;£1.65/unit;£9.71/kg;frozen-chicken;Per 100g nutrition not found
birds-eye-inspirations-cheese---ham-chicken-240g;Birds Eye Inspirations Cheese & Ham Chicken 240g;£2.50/unit;£10.42/kg;frozen-chicken;Per 100g nutrition not found
birds-eye-inspirations-garlic---herb-chicken-240g;Birds Eye Inspirations Garlic & Herb Chicken 240g;£1.65/unit;£6.88/kg;frozen-chicken;Per 100g nutrition not found
birds-eye-inspirations-haddock-fillets-with-white-wine---mustard-sauce-x2-280g;Birds Eye Inspirations Haddock Fillets with White Wine & Mustard Sauce x2 280g;£4.00/unit;£14.29/kg;frozen-fish-seafood;Per 100g nutrition not found
birds-eye-inspirations-peri-peri-chicken-240g;Birds Eye Inspirations Peri Peri Chicken 240g;£2.50/unit;£10.42/kg;frozen-chicken;Per 100g nutrition not found
birds-eye-korma-chicken-chargrills-x2-174g;Birds Eye Korma Chicken Chargrills x2 174g;£1.65/unit;£9.48/kg;frozen-chicken;Per 100g nutrition not found
birds-eye-light---crunchy-breaded-chicken-grills-x4-360g;Birds Eye Light & Crunchy Breaded Chicken Grills x4 360g;£2.75/unit;£7.64/kg;frozen-chicken;Per 100g nutrition not found
birds-eye-mash-tags-456g;Birds Eye Mash Tags 456g;£1.80/unit;£3.95/kg;chips-potatoes;Per 100g nutrition not found
birds-eye-mini-potato-waffles-456g;Birds Eye Mini Potato Waffles 456g;£2.00/unit;£4.39/kg;chips-potatoes;Per 100g nutrition not found
birds-eye-omega-3-fish-fingers-x12-336g;Birds Eye Omega 3 Fish Fingers x12 336g;£2.25/unit;£6.70/kg;frozen-fish-seafood;Per 100g nutrition not found
birds-eye-omega-3-fish-fingers-x20-560g;Birds Eye Omega 3 Fish Fingers x20 560g;£3.00/unit;£5.36/kg;frozen-fish-seafood;Per 100g nutrition not found
birds-eye-original-beef-quarter-pounders-x4-454g;Birds Eye Original Beef Quarter Pounders x4 454g;£2.50/unit;£5.51/kg;frozen-beef;Per 100g nutrition not found
birds-eye-original-beef-quarter-pounders-x4-454g;Birds Eye Original Beef Quarter Pounders x4 454g;£2.50/unit;£5.51/kg;frozen-burgers-sausages;Per 100g nutrition not found
birds-eye-original-chicken-chargrills-170g;Birds Eye Original Chicken Chargrills 170g;£1.65/unit;£9.71/kg;frozen-chicken;Per 100g nutrition not found
birds-eye-original-chicken-popsters-150g;Birds Eye Original Chicken Popsters 150g;£2.00/unit;£13.33/kg;frozen-chicken;Per 100g nutrition not found
birds-eye-potato-waffles-x10-567g;Birds Eye Potato Waffles x10 567g;£1.70/unit;£3.00/kg;chips-potatoes;Per 100g nutrition not found
birds-eye-premium-beef-quarterpounders-454g;Birds Eye Premium Beef Quarter Pounders 454g;£3.30/unit;£7.27/kg;frozen-beef;Per 100g nutrition not found
birds-eye-premium-beef-quarterpounders-454g;Birds Eye Premium Beef Quarter Pounders 454g;£3.30/unit;£7.27/kg;frozen-burgers-sausages;Per 100g nutrition not found
birds-eye-rice-fusions-golden-vegetable-x2-400g;Birds Eye Rice Fusions, Golden Vegetable 380g;£1.75/unit;£4.61/kg;frozen-rice;Per 100g nutrition not found
birds-eye-rice-fusions-mediterranean-400g;Birds Eye Rice Fusions, Mediterranean 400g;£1.75/unit;£4.38/kg;frozen-rice;Per 100g nutrition not found
birds-eye-roast-beef-in-gravy-227g;Birds Eye Roast Beef In Gravy 227g;£2.50/unit;£11.01/kg;frozen-ready-meals;Per 100g nutrition not found
birds-eye-sausage-rolls-x4-360g;Birds Eye Sausage Rolls x4 360g;£1.50/unit;£0.42/100g;frozen-snacks;Per 100g nutrition not found
birds-eye-select-mixed-vegetable-690g;Birds Eye Select Mixed Vegetable 690g;£2.00/unit;£2.90/kg;frozen-vegetables;Per 100g nutrition not found
birds-eye-simply-bake-to-perfection-cod-fillets-with-tomato---rosmary-olive-oil-x2-280g;Birds Eye Inspirations Cod Fillets with Tomato & Rosemary Sauce x2 280g;£4.00/unit;£14.29/kg;frozen-fish-seafood;Per 100g nutrition not found
birds-eye-simply-bake-to-perfection-king-prawns-in-sweet-chilli-250g;Birds Eye Simply Bake To Perfection King Prawns In Sweet Chilli 250g;£4.00/unit;£16.00/kg;frozen-fish-seafood;Per 100g nutrition not found
birds-eye-simply-bake-to-perfection-north-atlantic-haddock-fillets-280g;Birds Eye Inspirations Haddock Fillets with Lemon & Chive Sauce x2 280g;£4.00/unit;£14.29/kg;frozen-fish-seafood;Per 100g nutrition not found
birds-eye-simply-bake-to-perfection-wild-salmon-fillets-with-lemon---herb-280g;Birds Eye Simply Bake To Perfection Wild Salmon Fillets With Lemon & Herb 280g;£3.00/unit;£10.72/kg;frozen-fish-seafood;Per 100g nutrition not found
birds-eye-simply-chicken-kiev-garlic---herb-300g;Birds Eye Simply Chicken Kiev Garlic & Herb 300g;£2.70/unit;£9.00/kg;frozen-chicken;Per 100g nutrition not found
birds-eye-simply-cod-in-crumb-x4-480g;Birds Eye Simply Cod In Crumb x4 480g;£4.00/unit;£8.33/kg;frozen-fish-seafood;Per 100g nutrition not found
birds-eye-simply-haddock-in-crumb-x4-480g;Birds Eye Simply Haddock In Crumb x4 480g;£4.00/unit;£8.33/kg;frozen-fish-seafood;Per 100g nutrition not found
birds-eye-southern-fried-chicken-grills-x4-360g;Birds Eye Southern Fried Chicken Grills x4 360g;£2.75/unit;£7.64/kg;frozen-chicken;Per 100g nutrition not found
birds-eye-southern-fried-chicken-x2-180g;Birds Eye Southern Fried Chicken x2 180g;£1.65/unit;£9.17/kg;frozen-chicken;Per 100g nutrition not found
birds-eye-soya-beans-480g;Birds Eye Soya Beans 480g;£2.30/unit;£4.79/kg;frozen-vegetables;Per 100g nutrition not found
birds-eye-steak-pies-x4-620g;Birds Eye Steak Pies x4 620g;£2.50/unit;£0.40/100g;frozen-pies;Per 100g nutrition not found
birds-eye-steamfresh-creamy-cheese-pasta-350g;Birds Eye Steamfresh Creamy Cheese Pasta 350g;£1.00/unit;£2.86/kg;frozen-ready-meals;Per 100g nutrition not found
birds-eye-steamfresh-creamy-cheese-pasta-350g;Birds Eye Steamfresh Creamy Cheese Pasta 350g;£1.00/unit;£2.86/kg;frozen-rice;Per 100g nutrition not found
birds-eye-steamfresh-italian-vegetables-2x150g;Birds Eye Steamfresh Italian Vegetables 2x150g;£1.75/unit;£5.83/kg;frozen-vegetables;Per 100g nutrition not found
birds-eye-steamfresh-mediterranean-vegetable-pasta-350g;Birds Eye Steamfresh Mediterranean Vegetable Pasta 350g;£1.00/unit;£2.86/kg;frozen-ready-meals;Per 100g nutrition not found
birds-eye-steamfresh-mediterranean-vegetable-pasta-350g;Birds Eye Steamfresh Mediterranean Vegetable Pasta 350g;£1.00/unit;£2.86/kg;frozen-rice;Per 100g nutrition not found
birds-eye-sweet-chilli-chicken-grills-x2-180g;Birds Eye Sweet Chilli Chicken Grills x2 180g;£1.00/unit;£5.56/kg;frozen-chicken;Per 100g nutrition not found
birds-eye-x4-original-beef-burgers-227g;Birds Eye Original Beef Burgers x4 227g;£1.50/unit;£6.61/kg;frozen-beef;Per 100g nutrition not found
birds-eye-x4-original-beef-burgers-227g;Birds Eye Original Beef Burgers x4 227g;£1.50/unit;£6.61/kg;frozen-burgers-sausages;Per 100g nutrition not found
birds-instant-custard--economy-pack-x3-75g;Bird's Instant Custard Powder 3x75g;£1.40/unit;£0.62/100g;custard;1789424;4.2;76.7;50.2;11.2;8.5;0.4;0.3;0.8
birds-instant-custard--low-fat--economy-pack-x3-75g;Bird's Instant Custard, Low Fat 3x75g;£1.40/unit;£0.62/100g;custard;1712405;4.2;79.6;51.1;7.8;5.8;0.4;0.3;0.9
birds-strawberry-trifle-mix-144g;Bird's Strawberry Trifle Mix 144g;£1.50/unit;£1.04/100g;dessert-mixes;1754416;2.6;77.0;44.0;10.5;9.7;1.6;0.22;0.54;
birdseye-fish-burgers-extra-hot-crumb-x2-227g;Birds Eye Fish Burgers Extra Hot Crumb x2 227g;£2.50/unit;£11.01/kg;frozen-fish-seafood;Per 100g nutrition not found
birdseye-inspirations-jalapeno-fish-chargrills-300g;Birds Eye Inspirations Jalapeno Fish Chargrills 300g;£3.50/unit;£11.67/kg;frozen-fish-seafood;Per 100g nutrition not found
birdseye-jumbo-pollock-in-batter-x2-400g;Birds Eye Jumbo Pollock In Batter x2 400g;£3.00/unit;£7.50/kg;frozen-fish-seafood;Per 100g nutrition not found
birdseye-jumbo-pollock-in-crumb-x2-400g;Birds Eye Jumbo Pollock In Crumb x2 400g;£3.00/unit;£7.50/kg;frozen-fish-seafood;Per 100g nutrition not found
bisto-bangers---mash-375g;Bisto Bangers & Mash 375g;£1.10/unit;£2.93/kg;frozen-ready-meals;424101;3.3;13.1;1.0;3.6;1.3;1.4;0.63
bisto-roast-beef-dinner-400g;Bisto Roast Beef Dinner 400g;£2.00/unit;£5.00/kg;frozen-ready-meals;Per 100g nutrition not found
bisto-roast-chicken-dinner-400g;Bisto Roast Chicken Dinner 400g;£2.00/unit;£5.00/kg;frozen-ready-meals;440105;8.0;9.8;1.5;3.3;0.8;2.2;0.60
bisto-roast-lamb-dinner-400g;Bisto Roast Lamb Dinner 400g;£2.00/unit;£5.00/kg;frozen-ready-meals;437104;5.0;11.7;1.4;3.7;1.5;2.3;0.55
bisto-shepherds-pie-375g;Bisto Shepherd's Pie 375g;£1.10/unit;£2.93/kg;frozen-ready-meals;38191;4.5;9.8;0.8;3.5;1.7;1.1;0.38
black-farmer-premium-pork-sausages-400g;The Black Farmer Gluten Free Premium Pork Sausages x6 400g;£2.50/unit;£6.25/kg;sausages;-1;14.8;1.0;0.5;19.7;8.6;-1;1.3
blooms-viennas--cocktail-340g;Bloom's Vienna Cocktail Sausage 340g;£3.75/unit;£1.10/100g;continental-meats;-1;13.7;2.1;-1;19.3;-1;-1;-1
blooms-viennas--cocktail-340g;Bloom's Vienna Cocktail Sausage 340g;£3.75/unit;£1.10/100g;kosher-chilled-foods;-1;13.7;2.1;-1;19.3;-1;-1;-1
blooms-viennas--cocktail-340g;Bloom's Vienna Cocktail Sausage 340g;£3.75/unit;£1.10/100g;mfp-continental-meats;-1;13.7;2.1;-1;19.3;-1;-1;-1
blooms-viennas--cocktail-340g;Bloom's Vienna Cocktail Sausage 340g;£3.75/unit;£1.10/100g;mfp-snacking-cooked-sausage;-1;13.7;2.1;-1;19.3;-1;-1;-1
blooms-viennas--cocktail-340g;Bloom's Vienna Cocktail Sausage 340g;£3.75/unit;£1.10/100g;snacking-cooked-sausage;-1;13.7;2.1;-1;19.3;-1;-1;-1
blooms-viennas-360g;Bloom's Vienna Sausage 360g;£3.75/unit;£1.04/100g;continental-meats;-1;12.6;1.6;-1;14.2;-1;-1;-1
blooms-viennas-360g;Bloom's Vienna Sausage 360g;£3.75/unit;£1.04/100g;kosher-chilled-foods;-1;12.6;1.6;-1;14.2;-1;-1;-1
blooms-viennas-360g;Bloom's Vienna Sausage 360g;£3.75/unit;£1.04/100g;mfp-continental-meats;-1;12.6;1.6;-1;14.2;-1;-1;-1
blooms-viennas-360g;Bloom's Vienna Sausage 360g;£3.75/unit;£1.04/100g;mfp-snacking-cooked-sausage;-1;12.6;1.6;-1;14.2;-1;-1;-1
blooms-viennas-360g;Bloom's Vienna Sausage 360g;£3.75/unit;£1.04/100g;snacking-cooked-sausage;-1;12.6;1.6;-1;14.2;-1;-1;-1
blossom-cottage-elderflower-cordial-500ml;Blossom Cottage Elderflower Cordial 500ml;£2.50/unit;£0.50/100ml;hot-cordials;12429;0;7.3;7.3;0;0;0;0
blossom-cottage-elderflower-cordial-500ml;Blossom Cottage Elderflower Cordial 500ml;£2.50/unit;£0.50/100ml;mixers-cordials;12429;0;7.3;7.3;0;0;0;0
blossom-cottage-elderflower-cordial-500ml;Blossom Cottage Elderflower Cordial 500ml;£2.50/unit;£0.50/100ml;squash-cordials-cordials;12429;0;7.3;7.3;0;0;0;0
blossom-cottage-morelo-cherry-cordial-500ml;Blossom Cottage Morelo Cherry Cordial 500ml;£2.50/unit;£0.50/100ml;hot-cordials;12429;0;7.3;7.3;0;0;0;0
blossom-cottage-morelo-cherry-cordial-500ml;Blossom Cottage Morelo Cherry Cordial 500ml;£2.50/unit;£0.50/100ml;mixers-cordials;12429;0;7.3;7.3;0;0;0;0
blossom-cottage-morelo-cherry-cordial-500ml;Blossom Cottage Morelo Cherry Cordial 500ml;£2.50/unit;£0.50/100ml;squash-cordials-cordials;12429;0;7.3;7.3;0;0;0;0
blue-diamond-almond-breeze-original-1l;Blue Diamond Almond Milk Alternative to Dairy 1L;£1.50/unit;£1.50/ltr;dairy-alternatives;Per 100g nutrition not found
blue-diamond-almond-breeze-original-1l;Blue Diamond Almond Milk Alternative to Dairy 1L;£1.50/unit;£1.50/ltr;longer-life-milk;Per 100g nutrition not found
blue-diamond-almond-breeze-original-1l;Blue Diamond Almond Milk Alternative to Dairy 1L;£1.50/unit;£1.50/ltr;soya---dietary-needs;Per 100g nutrition not found
blue-diamond-long-life-almond-milk--unsweetened-1l;Blue Diamond Almond Milk Alternative to Dairy Unsweetened 1L;£1.50/unit;£1.50/ltr;dairy-alternatives;Per 100g nutrition not found
blue-diamond-long-life-almond-milk--unsweetened-1l;Blue Diamond Almond Milk Alternative to Dairy Unsweetened 1L;£1.50/unit;£1.50/ltr;longer-life-milk;Per 100g nutrition not found
blue-diamond-long-life-almond-milk--unsweetened-1l;Blue Diamond Almond Milk Alternative to Dairy Unsweetened 1L;£1.50/unit;£1.50/ltr;soya---dietary-needs;Per 100g nutrition not found
bodega-fruity-olives-106g;Bodega Fruity Olives 106g;£1.50/unit;£1.42/100g;olives-tapas-antipasti;816199;1.0;0.1;0.1;20.8;3.8;-1;2.4
bodega-lively-olives-98g;Bodega Lively Olives 98g;£1.50/unit;£1.53/100g;olives-tapas-antipasti;956233;1.1;0.5;0.5;24.0;3.3;-1;1.8
bodega-mild-olives-100g;Bodega Mild Olives 100g;£1.50/unit;£1.50/100g;olives-tapas-antipasti;965235;1.1;0.1;0.1;24.5;4.1;-1;2.7
bonne-maman-chocolate-caramel-135g;Bonne Maman Chocolate Caramel 135g;£1.50/unit;£1.11/100g;slices-pies-tarts;490;6;64;36;23;13;-1;0.6
bonne-maman-chocolate-madeleines-210g;Bonne Maman Chocolate Madeleines 210g;£2.00/unit;£0.95/100g;continental-cakes;Per 100g nutrition not found
bonne-maman-cr%C3%A8me-caramel-4x100g;Bonne Maman Crème Caramel 4x100g;£2.50/unit;£0.63/100g;desserts;757181;43;20;20;93;51;0;011
bonne-maman-lemon---poppy-seed-cakes-175g;Bonne Maman Lemon & Poppy Seed Cakes 175g;£2.00/unit;£1.14/100g;continental-cakes;Per 100g nutrition not found
bonne-maman-lemon---poppy-seed-cakes-175g;Bonne Maman Lemon & Poppy Seed Cakes 175g;£2.00/unit;£1.14/100g;easter-treats;Per 100g nutrition not found
bonne-maman-lemon-tartlets-125g;Bonne Maman Lemon Tartlets 125g;£1.50/unit;£1.20/100g;slices-pies-tarts;439;5;66;40;17;9.5;-1;0.30
bonne-maman-madeleines-175g;Bonne Maman Madeleines 175g;£2.00/unit;£1.14/100g;continental-cakes;Per 100g nutrition not found
bottlegreen-acacia-presse-750ml;Bottlegreen Acacia Presse 750ml;£2.50/unit;£0.33/100ml;adult-soft-drinks;12430;0;7.0;7.0;0;0;-1;0.04
bottlegreen-apple---plum-cordial-500ml;Bottlegreen Apple & Plum Cordial 500ml;£3.00/unit;£0.60/100ml;mixers-cordials;12429;0;7.2;7.2;0;0;-1;0;11100
bottlegreen-apple---plum-cordial-500ml;Bottlegreen Apple & Plum Cordial 500ml;£3.00/unit;£0.60/100ml;squash-cordials-cordials;12429;0;7.2;7.2;0;0;-1;0;11100
bottlegreen-elderflower-cordial-500ml;Bottlegreen Elderflower Cordial 500ml;£3.00/unit;£0.60/100ml;mixers-cordials;12429;0;7.2;7.2;0;0;-1;0;11100
bottlegreen-elderflower-cordial-500ml;Bottlegreen Elderflower Cordial 500ml;£3.00/unit;£0.60/100ml;squash-cordials-cordials;12429;0;7.2;7.2;0;0;-1;0;11100
bottlegreen-elderflower-press%C3%A9--sparkling-750ml;Bottlegreen Elderflower Pressé, Sparkling 750ml;£2.50/unit;£0.33/100ml;adult-soft-drinks;12430;0;7.0;7.0;0;0;-1;0.04
bottlegreen-ginger---lemon-grass-press%C3%A9--sparkling-750ml;Bottlegreen Ginger & Lemon Grass Pressé, Sparkling 750ml;£2.50/unit;£0.33/100ml;adult-soft-drinks;12430;0;7.0;7.0;0;0;-1;0.04
bottlegreen-ginger---lemongrass-cordial-500ml;Bottlegreen Ginger & Lemongrass Cordial 500ml;£3.00/unit;£0.60/100ml;mixers-cordials;12429;0;7.2;7.2;0;0;-1;0;11100
bottlegreen-ginger---lemongrass-cordial-500ml;Bottlegreen Ginger & Lemongrass Cordial 500ml;£3.00/unit;£0.60/100ml;squash-cordials-cordials;12429;0;7.2;7.2;0;0;-1;0;11100
bottlegreen-lemon---limeleaf-presse--sparkling-750ml;Bottlegreen Lemon & Limeleaf Presse, Sparkling 750ml;£2.50/unit;£0.33/100ml;adult-soft-drinks;12430;0;7.0;7.0;0;0;0;
bottlegreen-pomegranate---elderflower-cordial-500ml;Bottlegreen Pomegranate & Elderflower Cordial 500ml;£3.00/unit;£0.60/100ml;mixers-cordials;12429;0;7.2;7.2;0;0;-1;0;11100
bottlegreen-pomegranate---elderflower-cordial-500ml;Bottlegreen Pomegranate & Elderflower Cordial 500ml;£3.00/unit;£0.60/100ml;squash-cordials-cordials;12429;0;7.2;7.2;0;0;-1;0;11100
bottlegreen-pomegranate---elderflower-presse--sparkling-75cl;Bottlegreen Pomegranate & Elderflower Presse, Sparkling 75cl;£2.50/unit;£0.33/100ml;adult-soft-drinks;12430;0;7.0;7.0;0;0;-1;0.04
bottlegreen-spiced-berry-cordial-500ml;Bottlegreen Spiced Berry Cordial 500ml;£3.00/unit;£0.60/100ml;mixers-cordials;12429;0;7.2;7.2;0;0;-1;0;11100
bottlegreen-spiced-berry-cordial-500ml;Bottlegreen Spiced Berry Cordial 500ml;£3.00/unit;£0.60/100ml;squash-cordials-cordials;12429;0;7.2;7.2;0;0;-1;0;11100
boursin-garlic---herb-150g;Boursin Garlic & Herb 150g;£1.50/unit;£10.00/kg;soft---spreadable;Per 100g nutrition not found
boursin-garlic---herb-portions-6pk;Boursin Garlic & Herb Portions x6;£1.75/unit;£18.23/kg;snacking-lunchbox-cheese;Per 100g nutrition not found
boursin-garlic---herb-portions-6pk;Boursin Garlic & Herb Portions x6;£1.75/unit;£18.23/kg;soft---spreadable;Per 100g nutrition not found
boursin-minis-120g-7282656-p-44;Boursin Minis 120g;£2.15/unit;£17.92/kg;snacking-lunchbox-cheese;1680406;75;4;3;40;27;-1;15
boursin-minis-120g-7282656-p-44;Boursin Minis 120g;£2.15/unit;£17.92/kg;soft---spreadable;1680406;75;4;3;40;27;-1;15
boursin-pepper-portions-96g;Boursin Pepper Portions 96g;£1.75/unit;£18.23/kg;snacking-lunchbox-cheese;Per 100g nutrition not found
boursin-pepper-portions-96g;Boursin Pepper Portions 96g;£1.75/unit;£18.23/kg;soft---spreadable;Per 100g nutrition not found
boursin-with-pepper-150g-6880040-p-44;Boursin With Pepper 150g;£1.50/unit;£10.00/kg;soft---spreadable;Per 100g nutrition not found
boursin-with-shallot---chive-150g;Boursin With Shallot & Chive 150g;£1.50/unit;£10.00/kg;soft---spreadable;Per 100g nutrition not found
braham---murray-good-hemp-milk--original-1l;Braham & Murray Long Life Good Hemp Milk, Original 1L;£1.50/unit;£1.50/ltr;dairy-alternatives;Per 100g nutrition not found
braham---murray-good-hemp-milk--original-1l;Braham & Murray Long Life Good Hemp Milk, Original 1L;£1.50/unit;£1.50/ltr;longer-life-milk;Per 100g nutrition not found
braham---murray-good-hemp-milk--original-1l;Braham & Murray Long Life Good Hemp Milk, Original 1L;£1.50/unit;£1.50/ltr;soya---dietary-needs;Per 100g nutrition not found
branston-beetroot-pickle-360g;Branston Beetroot Pickle 360g;£1.30/unit;£0.36/100g;chutneys-pickle-relishes;451106;0.8;22.0;18.0;0.6;0.2;2.3;0.8
branston-original-pickle-360g;Branston Original Pickle 360g;£1.30/unit;£0.36/100g;chutneys-pickle-relishes;474112;0.8;26;24;0.5;0;1.1;4
branston-original-pickle-520g;Branston Original Pickle 520g;£1.75/unit;£0.34/100g;chutneys-pickle-relishes;638157;0.5;34;29;0.7;0.2;1.8;3.5
branston-original-pickle-720g-6338378-p-44;Branston Original Pickle 720g;£2.30/unit;£0.32/100g;chutneys-pickle-relishes;638157;0.5;34;29;0.7;0.2;1.8;3.5
branston-relish-spicy-tomato-with-chilli---jalapeno-335g;Branston Relish Spicy Tomato with Chilli & Jalapeno 335g;£1.50/unit;£0.45/100g;chutneys-pickle-relishes;531125;1.6;28;24;0.7;0.1;0.7;1.3
branston-small-chunk-pickle-360g;Branston Small Chunk Pickle 360g;£1.30/unit;£0.36/100g;chutneys-pickle-relishes;653159;0.6;35;29;0.8;0.3;1.7;3.9
branston-small-chunk-pickle-520g;Branston Small Chunk Pickle 520g;£1.75/unit;£0.34/100g;chutneys-pickle-relishes;653159;0.6;35;29;0.8;0.3;1.7;3.9
branston-small-chunk-pickle-720g-6338391-p-44;Branston Small Chunk Pickle 720g;£2.30/unit;£0.32/100g;chutneys-pickle-relishes;653159;0.6;35;29;0.8;0.3;1.7;3.9
branston-squeezy-small-chunk-pickle-350g;Branston Squeezy Small Chunk Pickle 350g;£1.70/unit;£0.49/100g;chutneys-pickle-relishes;159;0.6;35;29;0.8;0.3;1.7;3.9
branston-squeezy-smooth-pickle-360g;Branston Squeezy Smooth Pickle 360g;£1.70/unit;£0.47/100g;chutneys-pickle-relishes;165;1.0;35;28;0.5;0.2;1.2;2.5
branston-tomato---red-pepper-relish-355g;Branston Tomato & Red Pepper Relish 355g;£1.50/unit;£0.43/100g;chutneys-pickle-relishes;678160;1.3;37;35;0.5;0;0.7;1.2
brioche-pasquier-croissants-x8;Brioche Pasquier Croissants x8;£1.80/unit;£0.23/ea;croissants-brioche-pastries;4301800;7.3;41.2;8.5;25.7;17.6;3.4;0.37;0.95
brioche-pasquier-milk-brioche-rolls-x8;Brioche Pasquier Milk Brioche Rolls x8;£1.25/unit;£0.16/ea;croissants-brioche-pastries;1520360;8.2;52;15;12.9;6.4;2.1;1.275
brioche-pasquier-sliced-brioche-loaf-500g;Brioche Pasquier Sliced Brioche Loaf 500g;£1.60/unit;£0.32/100g;croissants-brioche-pastries;1525363;8;55;15;12;4.5;2.4;0.95
britannia-finest-beef-dripping-500g;Britannia Finest Beef Dripping 500g;£0.75/unit;£1.50/kg;cooking-baking;3700900;0.0;0.0;0.0;100.0;57.0;0.0;0.0
britvic-cranberry-juice-mixer-160ml;Britvic Cranberry Juice Drink 160ml;£0.80/unit;£0.50/100ml;adult-soft-drinks;19947;0;11;11;0;0;-1;0
britvic-cranberry-juice-mixer-160ml;Britvic Cranberry Juice Drink 160ml;£0.80/unit;£0.50/100ml;mixers-12333-44;19947;0;11;11;0;0;-1;0
britvic-cranberry-juice-mixer-160ml;Britvic Cranberry Juice Drink 160ml;£0.80/unit;£0.50/100ml;mixers;19947;0;11;11;0;0;-1;0
britvic-orange-juice-160ml;Britvic Orange Juice 160ml;£0.80/unit;£0.50/100ml;adult-soft-drinks;19045;0.5;9.8;9.8;0;0;-1;0
britvic-orange-juice-160ml;Britvic Orange Juice 160ml;£0.80/unit;£0.50/100ml;mixers-12333-44;19045;0.5;9.8;9.8;0;0;-1;0
britvic-orange-juice-160ml;Britvic Orange Juice 160ml;£0.80/unit;£0.50/100ml;mixers;19045;0.5;9.8;9.8;0;0;-1;0
britvic-tomato-juice-160ml;Britvic Tomato Juice 160ml;£0.80/unit;£0.50/100ml;adult-soft-drinks;8921;1.0;3.7;3.7;0;0;-1;0.65
britvic-tomato-juice-160ml;Britvic Tomato Juice 160ml;£0.80/unit;£0.50/100ml;mixers-12333-44;8921;1.0;3.7;3.7;0;0;-1;0.65
britvic-tomato-juice-160ml;Britvic Tomato Juice 160ml;£0.80/unit;£0.50/100ml;mixers;8921;1.0;3.7;3.7;0;0;-1;0.65
buckwud-maple-syrup-250g;Buckwud Maple Syrup 250g;£6.00/unit;£2.40/100g;sauces-toppings;-1;0.5;67;64;0.5;0.1;0.5;0.03
buckwud-maple-syrup-250g;Buckwud Maple Syrup 250g;£6.00/unit;£2.40/100g;wafers-sauces-toppings;-1;0.5;67;64;0.5;0.1;0.5;0.03
burgen-soya---linseed-400g;Burgen Soya & Linseed Bread 400g;£0.80/unit;£0.20/100g;seeded-grains-bread;282;15.9;27.3;5.4;10.1;1.4;9.3;0.30;0.75
burgen-soya---linseed-400g;Burgen Soya & Linseed Bread 400g;£0.80/unit;£0.20/100g;small-loaves;282;15.9;27.3;5.4;10.1;1.4;9.3;0.30;0.75
burgen-soya---linseed-bread-800g;Burgen Soya & Linseed Bread 800g;£1.50/unit;£0.19/100g;seeded-grains-bread;282;15.9;27.3;5.4;10.1;1.4;9.3;0.30;0.75
bury-black-pudding-4-slices-230g;The Bury Black Pudding Company Traditional Black Pudding Slices x4 230g;£1.25/unit;£5.43/kg;sausages;512121;7.6;18.6;0.77;2.5;0.89;-1;1.47
buxton-kids-mineral-water-8x250ml;Buxton Kids Mineral Water 8x250ml;£2.30/unit;£0.12/100ml;still-water;Per 100g nutrition not found
buxton-mineral-water-15l;Buxton Still Mineral Water 1.5L;£0.60/unit;£0.04/100ml;still-water;Per 100g nutrition not found
buxton-mineral-water-6x15l;Buxton Still Mineral Water 6x1.5L;£2.50/unit;£0.03/100ml;still-water;Per 100g nutrition not found
buxton-mineral-water-6x15l;Buxton Still Mineral Water 6x1.5L;£2.50/unit;£0.03/100ml;water-bigger-multipacks;Per 100g nutrition not found
buxton-sparkling-mineral-water-8x500ml;Buxton Sparkling Mineral Water 8x500ml;£2.00/unit;£0.05/100ml;sparkling-water;Per 100g nutrition not found
buxton-still-8x500ml;Buxton Still Mineral Water 8x500ml;£2.00/unit;£0.05/100ml;still-water;Per 100g nutrition not found
cadbury-boost-cake-bars-x5;Cadbury Boost Cake Bars x5;£1.00/unit;£0.20/ea;cake-bars-mini-rolls;480;5.3;55.9;43.3;26.8;16.6;1.9;0.50
cadbury-caramel-cake-bars-x10;Cadbury Caramel Cake Bars x10;£2.00/unit;£0.20/ea;cake-bars-mini-rolls;435;5.4;58.5;40.9;19.5;11.7;2.3;0.78
cadbury-caramel-cake-bars-x5;Cadbury Caramel Cake Bars x5;£1.45/unit;£0.29/ea;cake-bars-mini-rolls;435;5.4;58.5;40.9;19.5;11.7;2.3;0.78
cadbury-chocolate-cake-bars-x10;Cadbury Chocolate Cake Bars x10;£2.00/unit;£0.20/ea;cake-bars-mini-rolls;450;4.7;52.8;40.3;24.1;12.0;2.4;0.63
cadbury-chocolate-mini-rolls-x12;Cadbury Chocolate Mini Rolls x12;£2.75/unit;£0.23/ea;cake-bars-mini-rolls;450;4.7;55.4;42.2;23.0;11.3;2.3;0.68
cadbury-chocolate-mini-rolls-x5;Cadbury Chocolate Mini Rolls x5;£1.40/unit;£0.28/ea;cake-bars-mini-rolls;450;4.7;55.4;42.2;23.0;11.3;2.3;0.68
cadbury-chocolate-spread-400g;Cadbury Chocolate Spread 400g;£2.25/unit;£0.56/100g;chocolate-sweet-spreads;570;3.9;53.9;-1;37.8;-1;-1;-1
cadbury-cocoa-powder-tin-250g;Cadbury Cocoa Powder Tin 250g;£2.90/unit;£1.16/100g;hot-chocolate-milky-drinks;415;23;14;2.0;21.5;15.5;33.5;1.40;4200
cadbury-cream-egg-desserts-2x70g;Cadbury Pot o Joy Ltd Edition Desserts 2x70g;£1.30/unit;£0.93/100g;luxury-yogurts;230;3.3;33.0;32.9;9.5;6.4;0.7;0.1
cadbury-cream-egg-desserts-2x70g;Cadbury Pot o Joy Ltd Edition Desserts 2x70g;£1.30/unit;£0.93/100g;rice-dessert-style-yogurts;230;3.3;33.0;32.9;9.5;6.4;0.7;0.1
cadbury-crunchie-blast-stick-x3-100ml;Cadbury Crunchie Blast Ice Cream Sticks 3x100ml;£2.50/unit;£0.83/100ml;lollies-bars-cones;Per 100g nutrition not found
cadbury-dairy-milk-mini-cones-x8-200ml;Cadbury Dairy Milk Mini Cones x8 200ml;£2.00/unit;£1.00/100ml;lollies-bars-cones;1230295;2.9;30.6;22.9;17.6;13.7;0.9;0.15
cadbury-dairy-milk-swirl-x3-300ml;Cadbury Dairy Milk Swirl x3 300ml;£2.00/unit;£0.66/100ml;lollies-bars-cones;Per 100g nutrition not found
cadbury-dessert-pot-of-joy-hazelnut-2x70g;Cadbury Dessert Pot Of Joy Hazelnut 2x70g;£1.30/unit;£0.93/100g;rice-dessert-style-yogurts;220;3.9;25.2;25.2;11.5;6.8;1.4;0.1
cadbury-drinking-chocolate-500g;Cadbury Drinking Chocolate 500g;£2.00/unit;£0.40/100g;hot-chocolate-milky-drinks;1695400;6.2;76.0;72.5;5.8;4.2;9.1;0.73
cadbury-easter-mini-eggs-nests-x5;Cadbury Easter Mini Eggs Nests x5;£1.50/unit;£0.30/ea;easter-treats;480;4.8;56.9;45.8;25.4;15.4;2.1;0.46
cadbury-flake--family-box-134g;Cadbury Flake 99 x16 134g;£2.00/unit;£1.49/100g;sauces-toppings;530;8.1;55.6;55.2;30.8;19;0.7;0.11;0.28
cadbury-flake--family-box-134g;Cadbury Flake 99 x16 134g;£2.00/unit;£1.49/100g;wafers-sauces-toppings;530;8.1;55.6;55.2;30.8;19;0.7;0.11;0.28
cadbury-flake-cake-%28-serves-10-%29;Cadbury Flake Cake ( Serves 10 );£8.00/unit;£8.00/ea;celebration-cakes;385;4.4;56.2;43.3;15.4;9.3;2.0;0.15;0.38
cadbury-flake-ice-cream-cones-x4-125ml;Cadbury Flake Ice Cream 4x125ml;£3.00/unit;£0.60/100ml;lollies-bars-cones;195;3.0;23.9;-1;9.7;-1;-1;-1
cadbury-fudge-cake-bar-x5;Cadbury Fudge Cake Bar x5;£1.00/unit;£0.20/ea;cake-bars-mini-rolls;430;4.2;63.4;49.0;17.4;11.6;2.3;0.43
cadbury-high-lights-chocolate-instant-hot-drink-220g;Cadbury High Lights Chocolate Instant Hot Drink 220g;£3.90/unit;£1.77/100g;hot-chocolate-milky-drinks;350;16.5;39.5;29.5;11.5;8.6;10;3.64
cadbury-highlights-bournville-instant-11g;Cadbury Highlights Bournville Instant 11g;£0.30/unit;£2.73/100g;hot-chocolate-milky-drinks;1495355;17;33;20;13.5;10.5;15.5;2.85
cadbury-highlights-chocolate-instant-11g;Cadbury Highlights Chocolate Instant 11g;£0.30/unit;£2.73/100g;hot-chocolate-milky-drinks;350;16.5;39.5;29.5;11.5;8.6;10.0;3.64
cadbury-highlights-fudge-instant-11g;Cadbury Highlights Fudge Instant 11g;£0.30/unit;£2.73/100g;hot-chocolate-milky-drinks;355;15.5;43.0;31.5;11.0;8.4;8.7;2.95
cadbury-hot-chocolate-instant-28g;Cadbury Hot Chocolate Instant 28g;£0.30/unit;£1.07/100g;hot-chocolate-milky-drinks;425;7.8;70;59.5;11.5;8.5;5.4;1.93
cadbury-marvel-milk-powder-340g;Marvel Dried Skimmed Milk Powder 340g;£3.70/unit;£10.88/kg;longer-life-milk;348;36.1;52.9;52.9;0.6;0.4;0.0;0.5
cadbury-milk-chocolate-cake-bars-x5;Cadbury Milk Chocolate Cake Bars x5;£1.45/unit;£0.29/ea;cake-bars-mini-rolls;450;4.7;52.8;40.3;24.1;12.0;2.4;0.63
cadbury-mini-eggs-individual-chocolate-cakes-x6;Cadbury Mini Eggs Individual Chocolate Cakes x6;£1.50/unit;£0.25/ea;easter-treats;450;4.5;55.2;43.2;22.9;12.6;2.3;0.52
cadbury-mini-eggs-individual-chocolate-cakes-x6;Cadbury Mini Eggs Individual Chocolate Cakes x6;£1.50/unit;£0.25/ea;muffins-small-cakes;450;4.5;55.2;43.2;22.9;12.6;2.3;0.52
cadbury-mini-roll-selection-x12;Cadbury Mini Roll Selection x12;£2.75/unit;£0.23/ea;cake-bars-mini-rolls;450;4.8;55.7;42.3;22.9;11.3;2.3;0.68
cadbury-sticky-puds--fudge--2x95g;Cadbury Sticky Puds, Fudge  2x95g;£1.70/unit;£0.89/100g;dessert-pots;1495355;3.9;48.4;27.0;16.3;6.2;0.7;0.46
cadbury-sticky-puds--milk-chocolate-2x95g;Cadbury Sticky Puds, Milk Chocolate 2x95g;£1.70/unit;£0.89/100g;dessert-pots;1505360;4.2;48.9;27.1;16.0;6.0;0.8;0.50
cadbury-strawberry-mini-rolls-x12;Cadbury Strawberry Mini Rolls x12;£2.75/unit;£0.23/ea;cake-bars-mini-rolls;435;4.4;59.2;45.2;19.5;9.9;1.9;0.53
cadbury-strawberry-mini-rolls-x5;Cadbury Strawberry Mini Rolls x5;£1.40/unit;£0.28/ea;cake-bars-mini-rolls;435;4.4;59.2;45.2;19.5;9.9;1.9;0.53
cadbury-swiss-gateau-340g;Cadbury Swiss Gateau 340g;£1.80/unit;£1.80/ea;sponge-slab-loaf-cakes;425;5.3;60.5;42.3;17.5;10.2;1.9;0.60
cadbury-trifle-twin-pack;Cadbury Trifle Twin Pack;£1.10/unit;£0.67/100g;desserts;260;4.8;22.5;18.7;15.3;10.0;0.7;0.25
cadbury-triple-chocolate-roll;Cadbury Triple Chocolate Roll;£1.00/unit;£1.00/ea;sponge-slab-loaf-cakes;405;4.6;59.7;43.9;15.7;9.6;2.3;0.50
cadbury-twin-pot-buttons-90g;Cadbury Twin Pot Buttons 90g;£0.78/unit;£0.87/100g;rice-dessert-style-yogurts;1025245;4.4;27.5;26.6;13.0;8.3;0.6;0.25
cadbury-twin-pot-dairy-milk-chunky-90g;Cadbury Twin Pot Dairy Milk Chunky 90g;£0.78/unit;£0.87/100g;rice-dessert-style-yogurts;1035250;4.4;27.1;26.3;13.5;8.6;0.6;0.25
cadbury-twin-pot-flake-90g;Cadbury Twin Pot Flake 90g;£0.78/unit;£0.87/100g;rice-dessert-style-yogurts;995240;4.4;26.6;22.9;12.6;8.0;0.6;0.25
cadbury-twin-pot-limited-edition-90g;Cadbury Twin Pot Ltd Edition 90g;£0.78/unit;£0.87/100g;rice-dessert-style-yogurts;1045250;4.1;30.7;29.5;12.2;7.7;0.5;0.25
cadbury-wispa-gold-instant-hot-chocolate-sachet27g;Cadbury Wispa Gold Instant Hot Chocolate Sachet27g;£0.35/unit;£1.30/100g;hot-chocolate-milky-drinks;405;9.3;73;63.5;7.2;4.4;3.3;1.0
cadburys-chocolate-mousse-4x45g;Cadbury Bubbles of Joy Mousse Chocolate 4x45g;£1.20/unit;£0.67/100g;rice-dessert-style-yogurts;200;6.0;25.6;21.4;8.1;5.7;0.1;0.1
cadburys-mousse-ltd-edition-4x45g;Cadbury Bubbles of Joy Mousse Ltd Edition 4x45g;£1.20/unit;£0.67/100g;rice-dessert-style-yogurts;200;6.0;25.6;21.4;8.1;5.7;0.1;0.1
cadburys-pot-of-joy-caramel-2x70g;Cadbury Dessert Milk Chocolate & Caramel 2x70g;£1.30/unit;£0.93/100g;luxury-yogurts;215;2.5;27.1;26;10.5;7.6;0.1;0.2
cadburys-pot-of-joy-caramel-2x70g;Cadbury Dessert Milk Chocolate & Caramel 2x70g;£1.30/unit;£0.93/100g;rice-dessert-style-yogurts;215;2.5;27.1;26;10.5;7.6;0.1;0.2
cadburys-pot-of-joy-dairymilk-2x70g;Cadbury Dessert Milk Chocolate 2x70g;£1.30/unit;£0.93/100g;luxury-yogurts;225;4.2;25.6;24.6;11.7;7.2;0.1;0.1
cadburys-pot-of-joy-dairymilk-2x70g;Cadbury Dessert Milk Chocolate 2x70g;£1.30/unit;£0.93/100g;rice-dessert-style-yogurts;225;4.2;25.6;24.6;11.7;7.2;0.1;0.1
cadburys-wispa-hot-chocolate-246g;Cadbury Wispa Hot Chocolate 246g;£2.80/unit;£1.14/100g;hot-chocolate-milky-drinks;400;11;74;60;5.3;3.7;3.5;1.18
cadburys-wispa-stickpack-27g;Cadbury Wispa Stickpack 27g;£0.35/unit;£1.30/100g;hot-chocolate-milky-drinks;Per 100g nutrition not found
calin--strawberry-yogurt-4x125g;Calin+ Strawberry Yogurt 4x125g;£1.00/unit;£0.20/100g;active-health-yogurts-drinks;90;3.0;12.9;12.5;2.5;1.7;0.2;0.12
calin-apricot-yogurt-4x125g;Calin+ Apricot Yogurt 4x125g;£1.00/unit;£0.20/100g;active-health-yogurts-drinks;93;3.1;13.1;12.7;2.5;1.7;0.2;0.11
calypso-juice-shots-apple-12x85ml;Calypso Juice Shots Apple 12x85ml;£1.85/unit;£0.18/100ml;longer-life-juice;20147;0;11.4;-1;0;-1;-1;-1
calypso-juice-shots-orange-12x85ml;Calypso Juice Shots Orange 12x85ml;£1.85/unit;£0.18/100ml;longer-life-juice;20247;0;11.2;-1;0;-1;-1;-1
canada-dry-ginger-ale--low-calorie-1l;Schweppes Canada Dry Ginger Ale Slimline 1L;£1.20/unit;£0.12/100ml;mixers-12333-44;1;0;0;0;0;0;0;0.02
canada-dry-ginger-ale--low-calorie-1l;Schweppes Canada Dry Ginger Ale Slimline 1L;£1.20/unit;£0.12/100ml;mixers;1;0;0;0;0;0;0;0.02
canada-dry-ginger-ale-150ml;Schweppes Canada Dry Ginger Ale Mini 150ml;£0.45/unit;£0.30/100ml;mixers-12333-44;16038;0;9.1;9.1;0;0;-1;
canada-dry-ginger-ale-150ml;Schweppes Canada Dry Ginger Ale Mini 150ml;£0.45/unit;£0.30/100ml;mixers;16038;0;9.1;9.1;0;0;-1;
canada-dry-ginger-ale-1l;Schweppes Canada Dry Ginger Ale 1L;£1.20/unit;£0.12/100ml;mixers-12333-44;Per 100g nutrition not found
canada-dry-ginger-ale-1l;Schweppes Canada Dry Ginger Ale 1L;£1.20/unit;£0.12/100ml;mixers;Per 100g nutrition not found
canderel-artificial-sweetener-tablets--refill-pack-x500;Canderel Artificial Sweetener Tablets, Refill pack x500;£4.80/unit;£0.10/10tblt;tea-coffee-sweeteners;Per 100g nutrition not found
canderel-artificial-sweetener-tablets-x100;Canderel Artificial Sweetener Tablets x100;£1.25/unit;£0.13/10tblt;tea-coffee-sweeteners;Per 100g nutrition not found
canderel-artificial-sweetener-tablets-x300;Canderel Artificial Sweetener Tablets x300;£2.95/unit;£0.10/10tblt;tea-coffee-sweeteners;Per 100g nutrition not found
canderel-spoonful-artificial-sweetener-40g;Canderel Spoonful Artificial Sweetener 40g;£1.40/unit;£35.00/kg;tea-coffee-sweeteners;Per 100g nutrition not found
canderel-spoonful-artificial-sweetener-75g;Canderel Spoonful Artificial Sweetener 75g;£2.00/unit;£26.67/kg;tea-coffee-sweeteners;Per 100g nutrition not found
candia-long-life-milk--semi-skimmed-1l;Candia Just Milk Semi Skimmed Long Life Milk 1L;£1.10/unit;£1.10/ltr;longer-life-milk;19546;3.2;4.8;4.8;1.6;1.0;-1;0.1
candia-long-life-milk--skimmed-1l;Candia Just Milk Skimmed Long Life Milk 1L;£1.10/unit;£1.10/ltr;longer-life-milk;13632;3.2;4.8;4.8;0.1;0.0;-1;0.1
capri-sun-apple---cherry-10x200ml;Capri Sun Apple & Cherry 10x200ml;£2.00/unit;£0.10/100ml;longer-life-juice;Per 100g nutrition not found
capri-sun-apple-10x200ml;Capri Sun Apple 10x200ml;£2.00/unit;£0.10/100ml;longer-life-juice;39;0;9.4;9.3;0;0;-1;0
capri-sun-blackcurrant-10x200ml;Capri Sun Blackcurrant 10x200ml;£2.00/unit;£0.10/100ml;longer-life-juice;50;0;12.2;12.2;0;0;-1;0
capri-sun-blackcurrant-5x200ml;Capri Sun Blackcurrant 5x200ml;£1.90/unit;£0.19/100ml;longer-life-juice;50;0;12.2;12.2;0;0;-1;0
capri-sun-fruit-crush-apple---blackcurrent-5x200ml;Capri Sun Fruit Crush Apple & Blackcurrant 5x200ml;£1.90/unit;£0.19/100ml;longer-life-juice;37.8;0.2;8.5;8.1;0.1;0.1;-1;0.02
capri-sun-fruit-crush-apple-pear-5x200ml;Capri Sun Fruit Crush Apple & Pear 5x200ml;£1.90/unit;£0.19/100ml;longer-life-juice;37.5;0.2;8.5;7.9;0.1;0.1;-1;0.02
capri-sun-fruit-crush-tropical-5x200ml;Capri Sun Fruit Crush Tropical 5x200ml;£1.90/unit;£0.19/100ml;longer-life-juice;37.4;0.2;8.4;8.0;0.1;0.1;-1;0.02
capri-sun-mango-juice-drink-10x200ml;Capri Sun Mango Juice Drink 10x200ml;£2.00/unit;£0.10/100ml;longer-life-juice;40;0;9.6;9.6;0;0;-1;0
capri-sun-orange-5x200ml;Capri Sun Orange 5x200ml;£1.90/unit;£0.19/100ml;longer-life-juice;41;0;10;10;0;0;-1;0
capri-sun-orange-juice-6x330ml;Capri Sun Orange Juice 6x330ml;£3.00/unit;£0.15/100ml;longer-life-juice;41;0;10;10;0;0;-1;0
capri-sun-orange-juice-drink-10x200ml;Capri Sun Orange Juice Drink 10x200ml;£2.00/unit;£0.10/100ml;longer-life-juice;Per 100g nutrition not found
capri-sun-summer-berry-10x200ml;Capri Sun Summer Berry 10x200ml;£2.00/unit;£0.10/100ml;longer-life-juice;42;0;10.2;10.2;0;0;-1;0
capri-sun-tropical-10x200ml;Capri Sun Tropical 10x200ml;£2.00/unit;£0.10/100ml;longer-life-juice;Per 100g nutrition not found
carling-lager-x4-440ml;Carling Lager 4x440ml;£4.00/unit;£2.27/ltr;lager;13833;0.37;2.23;-1;0;-1;-1;-1
carnation-caramel-397g;Carnation Caramel 397g;£1.60/unit;£0.40/100g;dessert-milk-cream;301;5.5;56.2;56.2;6.0;3.5;0.0;0.15
carnation-condensed-milk-397g;Carnation Condensed Milk 397g;£1.45/unit;£0.37/100g;dessert-milk-cream;325;7.3;56.0;56.0;8.0;5.2;0.0;0.17;0.43
carnation-cook-with-chocolate-filling---topping-363g;Carnation Cook with Chocolate Filling & Topping 363g;£1.50/unit;£0.41/100g;sauces-toppings;353;4.9;50.6;48.9;14.1;8.5;2.0;0.08
carnation-evaporated-milk--lite-410g;Carnation Evaporated Milk, Lite 410g;£1.20/unit;£0.29/100g;dessert-milk-cream;108;6.9;11.0;11.0;4.0;2.7;0.0;0.12;0.30
carnation-evaporated-milk-170g;Carnation Evaporated Milk 170g;£0.65/unit;£0.38/100g;dessert-milk-cream;160;7.7;12.0;12.0;9.0;6.1;0.0;0.13;0.33
carnation-evaporated-milk-410g;Carnation Evaporated Milk 410g;£1.20/unit;£0.29/100g;dessert-milk-cream;160;7.7;12.0;12.0;9.0;6.1;0.0;0.13;0.33
carnation-extra-thick-cream-170g;Carnation Extra Thick Cream 170g;£0.80/unit;£0.47/100g;dessert-milk-cream;236;2.8;3.6;3.6;23.4;15.7;0.0;0.06;0.15
carnation-light-condensed-milk-405g;Carnation Light Condensed Milk 405g;£1.45/unit;£0.36/100g;dessert-milk-cream;279;8.9;60.5;60.5;0.2;0.1;0.0;0.13;0.33
carousel-21-ice-cream-cones-146g;Carousel Ice Cream Cones x21;£1.10/unit;£0.75/100g;ice-cream-cones-wafers;-1;9.3;80.7;1.8;3.7;1.8;1.7;0.16;0.4
carousel-21-ice-cream-cones-146g;Carousel Ice Cream Cones x21;£1.10/unit;£0.75/100g;wafers-sauces-toppings;-1;9.3;80.7;1.8;3.7;1.8;1.7;0.16;0.4
carousel-continental-cornets-6x10;Carousel Waffle Ice Cream Cornets x10;£1.30/unit;£0.66/100g;ice-cream-cones-wafers;-1;6.6;84.4;-1;3.5;-1;-1;-1
carousel-continental-cornets-6x10;Carousel Waffle Ice Cream Cornets x10;£1.30/unit;£0.66/100g;wafers-sauces-toppings;-1;6.6;84.4;-1;3.5;-1;-1;-1
carousel-dipped-waffle-cones-x6;Carousel Ice Cream Dipped Waffle Cones x6;£1.45/unit;£0.91/100g;ice-cream-cones-wafers;-1;6.2;70.6;-1;14.8;-1;-1;-1
carousel-dipped-waffle-cones-x6;Carousel Ice Cream Dipped Waffle Cones x6;£1.45/unit;£0.91/100g;wafers-sauces-toppings;-1;6.2;70.6;-1;14.8;-1;-1;-1
carousel-fan-wafers-12x12;Carousel Ice Cream Double Fan Wafers x12;£1.10/unit;£1.15/100g;ice-cream-cones-wafers;427;6.9;83.6;38.8;7.7;5.3;2.1;0.45
carousel-fan-wafers-12x12;Carousel Ice Cream Double Fan Wafers x12;£1.10/unit;£1.15/100g;wafers-sauces-toppings;427;6.9;83.6;38.8;7.7;5.3;2.1;0.45
carousel-ice-cream-wafers--nougat-x6;Carousel Ice Cream Nougat Wafers x6;£1.10/unit;£0.14/ea;ice-cream-cones-wafers;1678398;4.7;69.3;50.0;11.1;9.1;1.2;0.2
carousel-ice-cream-wafers--nougat-x6;Carousel Ice Cream Nougat Wafers x6;£1.10/unit;£0.14/ea;wafers-sauces-toppings;1678398;4.7;69.3;50.0;11.1;9.1;1.2;0.2
carousel-ice-cream-wafers--oyster-delights-x6;Carousel Ice Cream Oyster Delight Wafers x6;£1.10/unit;£0.18/ea;ice-cream-cones-wafers;-1;4.7;61.5;-1;21.1;-1;-1;-1
carousel-ice-cream-wafers--oyster-delights-x6;Carousel Ice Cream Oyster Delight Wafers x6;£1.10/unit;£0.18/ea;wafers-sauces-toppings;-1;4.7;61.5;-1;21.1;-1;-1;-1
carousel-sponge-cookies;Carousel Ice Cream Sponge Cookies x6;£1.45/unit;£1.23/100g;ice-cream-cones-wafers;1789426;7.2;62.0;33.4;16.9;6.3;1.4;1.9
carousel-sponge-cookies;Carousel Ice Cream Sponge Cookies x6;£1.45/unit;£1.23/100g;wafers-sauces-toppings;1789426;7.2;62.0;33.4;16.9;6.3;1.4;1.9
carte-dor-classic-caramel-900ml;Carte D'or Ice Cream, Classic Caramel 900ml;£3.00/unit;£0.33/100ml;ice-cream-tubs;Per 100g nutrition not found
carte-dor-gelateria-caffe-latte-900ml;Carte D'or Ice Cream, Gelateria Caffe Latte 900ml;£3.50/unit;£0.39/100ml;ice-cream-tubs;Per 100g nutrition not found
carte-dor-gelateria-eton-mess-900ml;Carte D'or Ice Cream, Gelateria Eton Mess 900ml;£3.50/unit;£0.39/100ml;ice-cream-tubs;Per 100g nutrition not found
carte-dor-gelateria-mascarpone-900ml;Carte D'or Ice Cream, Gelateria Mascarpone 900ml;£3.50/unit;£0.39/100ml;ice-cream-tubs;Per 100g nutrition not found
carte-dor-gelateria-salted-caramel-900ml;Carte D'or Ice Cream, Gelateria Salted Caramel 900ml;£3.50/unit;£0.39/100ml;ice-cream-tubs;Per 100g nutrition not found
castle-maclellan-orkney-crab-p%C3%A2t%C3%A9-113g;Castle MacLellan Orkney Crab Pâté 113g;£1.65/unit;£1.46/100g;canapes-snacking;826199;9.7;8.8;2.0;13.8;5.6;-1;1.3
castle-maclellan-orkney-crab-p%C3%A2t%C3%A9-113g;Castle MacLellan Orkney Crab Pâté 113g;£1.65/unit;£1.46/100g;mfp-pate;826199;9.7;8.8;2.0;13.8;5.6;-1;1.3
castle-maclellan-orkney-crab-p%C3%A2t%C3%A9-113g;Castle MacLellan Orkney Crab Pâté 113g;£1.65/unit;£1.46/100g;pate;826199;9.7;8.8;2.0;13.8;5.6;-1;1.3
castle-maclellan-orkney-crab-p%C3%A2t%C3%A9-113g;Castle MacLellan Orkney Crab Pâté 113g;£1.65/unit;£1.46/100g;prawns-shellfish;826199;9.7;8.8;2.0;13.8;5.6;-1;1.3
cathedral-city-cheddar--wedge-200g;Cathedral City Cheddar, Wedge 200g;£2.75/unit;£13.75/kg;cheddar-british-regional-cheese;1725416;25.4;0.1;0.1;34.9;21.7;-1;1.8
cathedral-city-chedds-nibbles-96g;Cathedral City Chedds Nibbles 96g;£2.00/unit;£20.83/kg;snacking-lunchbox-cheese;1725416;25.4;0.1;0.1;34.9;21.7;-1;1.8
cathedral-city-chedds-shapes-80g;Cathedral City Chedds Shapes 80g;£2.00/unit;£25.00/kg;snacking-lunchbox-cheese;1725416;25.4;0.1;0.1;34.9;21.7;-1;1.8
cathedral-city-chedds-towers-108g;Cathedral City Chedds Towers 108g;£2.00/unit;£18.52/kg;snacking-lunchbox-cheese;1725416;25.4;0.1;0.1;34.9;21.7;-1;1.8
cathedral-city-cheese-toasties-87g;Cathedral City Chedds Cheese & Toasties 3x29g;£2.00/unit;£22.99/kg;snacking-lunchbox-cheese;1731414;19.3;32.4;2.3;22.7;13.6;-1;1.4
cathedral-city-extra-mature-cheddar-350g;Cathedral City Extra Mature Cheddar 350g;£3.50/unit;£10.00/kg;cheddar-british-regional-cheese;1725416;25.4;0.1;0.1;34.9;21.7;-1;1.8
cathedral-city-lighter-350g;Cathedral City Lighter Cheddar 350g;£3.50/unit;£10.00/kg;cheddar-british-regional-cheese;1295311;28.6;0.1;0.1;21.8;14.9;-1;1.8
cathedral-city-lighter-350g;Cathedral City Lighter Cheddar 350g;£3.50/unit;£10.00/kg;cottage-cheese---healthier-choice;1295311;28.6;0.1;0.1;21.8;14.9;-1;1.8
cathedral-city-lighter-cheddar-550g;Cathedral City Lighter Cheddar 550g;£5.20/unit;£9.45/kg;cheddar-british-regional-cheese;1295311;28.6;0.1;0.1;21.8;14.9;-1;1.8
cathedral-city-lighter-cheddar-550g;Cathedral City Lighter Cheddar 550g;£5.20/unit;£9.45/kg;cottage-cheese---healthier-choice;1295311;28.6;0.1;0.1;21.8;14.9;-1;1.8
cathedral-city-lunch-pack-with-jacobs-crackers---branstons-pickle-122g;Cathedral City Lunch Pack With Jacob's Crackers & Branstons Pickle 122g;£1.75/unit;£14.34/kg;snacking-lunchbox-cheese;1345322;13.3;26.2;8.3;17.9;10;-1;2.4
cathedral-city-mature-350g;Cathedral City Mature Cheddar 350g;£3.50/unit;£10.00/kg;cheddar-british-regional-cheese;1725416;25.4;0.1;0.1;34.9;21.7;-1;1.8
cathedral-city-mature-cheddar-family-pack-550g;Cathedral City Mature Cheddar 550g;£5.20/unit;£9.45/kg;cheddar-british-regional-cheese;1725416;25.4;0.1;0.1;34.9;21.7;-1;1.8
cathedral-city-mature-minis-120g;Cathedral City Mature Cheddar Minis 120g;£1.65/unit;£13.75/kg;cheddar-british-regional-cheese;Per 100g nutrition not found
cathedral-city-mature-minis-120g;Cathedral City Mature Cheddar Minis 120g;£1.65/unit;£13.75/kg;snacking-lunchbox-cheese;Per 100g nutrition not found
cathedral-city-mature-slices-150g;Cathedral City Mature Cheddar Slices 150g;£1.50/unit;£10.00/kg;cheddar-british-regional-cheese;1725416;25.4;0.1;0.1;34.9;21.7;-1;1.8
cathedral-city-mature-slices-150g;Cathedral City Mature Cheddar Slices 150g;£1.50/unit;£10.00/kg;sliced-grated-cheese;1725416;25.4;0.1;0.1;34.9;21.7;-1;1.8
cathedral-city-mild-350g;Cathedral City Mild Cheddar 350g;£3.50/unit;£10.00/kg;cheddar-british-regional-cheese;1725416;25.4;0.1;0.1;34.9;21.7;0;0.7
cathedral-city-mild-cheddar-550g;Cathedral City Mild Cheddar 550g;£5.20/unit;£9.45/kg;cheddar-british-regional-cheese;1725416;25.4;0.1;0.1;34.9;21.7;-1;1.8
cathedral-city-selections-variety-cheddar-168g;Cathedral City Selections Variety Cheddar 168g;£3.00/unit;£17.86/kg;cheddar-british-regional-cheese;1725416;25.4;0.1;0.1;34.9;21.7;-1;1.8
cathedral-city-selections-variety-cheddar-168g;Cathedral City Selections Variety Cheddar 168g;£3.00/unit;£17.86/kg;snacking-lunchbox-cheese;1725416;25.4;0.1;0.1;34.9;21.7;-1;1.8
cathedral-city-vintage-cheddar-300g;Cathedral City Vintage Cheddar 300g;£3.50/unit;£11.67/kg;cheddar-british-regional-cheese;1725416;25.4;0.1;0.1;34.9;21.7;-1;1.8
cauldron-cumberland-sausages-x6-276g;Cauldron Cumberland Sausages x6 276g;£2.20/unit;£7.97/kg;deli-meat-alternatives;163;14.0;6.5;1.0;8.6;0.8;2.0;1.3
cauldron-falafels-200g;Cauldron Falafels 200g;£2.00/unit;£10.00/kg;deli-meat-alternatives;268;7.5;25.0;4.0;14.0;1.7;6.0;0.4
cauldron-falafels-200g;Cauldron Falafels 200g;£2.00/unit;£10.00/kg;olives-tapas-antipasti;268;7.5;25.0;4.0;14.0;1.7;6.0;0.4
cauldron-lincolnshire-sausages-x6-276g;Cauldron Lincolnshire Sausages x6 276g;£2.20/unit;£7.97/kg;deli-meat-alternatives;182;16.1;5.5;1.3;9.8;0.8;3.6;1.3
cauldron-marinated-tofu-pieces-160g;Cauldron Marinated Tofu Pieces 160g;£2.20/unit;£13.75/kg;deli-meat-alternatives;232;17.5;1.0;1.0;17.0;2.5;2.7;1.5
cauldron-moroccan-falafels-180g;Cauldron Moroccan Falafels 180g;£2.20/unit;£12.22/kg;deli-meat-alternatives;239;6.0;36.0;6.5;6.5;0.8;6.0;0.8
cauldron-moroccan-falafels-180g;Cauldron Moroccan Falafels 180g;£2.20/unit;£12.22/kg;olives-tapas-antipasti;239;6.0;36.0;6.5;6.5;0.8;6.0;0.8
cauldron-original-tofu-396g;Cauldron Original Tofu 396g;£2.00/unit;£5.05/kg;deli-meat-alternatives;31876;8.5;2.3;0.8;3.5;0.8;0.6;;
cawston-press-apple---ginger-330ml;Cawston Press Apple & Ginger Juice 330ml;£1.20/unit;£0.36/100ml;longer-life-juice;18644;0.4;10.3;-1;0.1;-1;-1;-1
cawston-press-apple---ginger-juice-1l;Cawston Press Apple & Ginger Juice 1L;£2.00/unit;£0.20/100ml;longer-life-juice;18644;0.4;10.3;-1;0.1;-1;-1;-1
cawston-press-apple---rhubarb-330ml;Cawston Press Apple & Rhubarb Juice 330ml;£1.20/unit;£0.36/100ml;longer-life-juice;46;0.2;9.7;9.2;0.4;0.0;-1;0.40.02
cawston-press-apple---rhubarb-juice-1l;Cawston Press Apple & Rhubarb Juice 1L;£2.00/unit;£0.20/100ml;longer-life-juice;19346;0.2;9.7;-1;0.4;-1;-1;-1
cawston-press-blend-apple---blackcurrant-juice-3x200ml;Cawston Press Apple & Blackcurrant Juice 3x200ml;£1.90/unit;£0.32/100ml;longer-life-juice;26;0.3;5.9;5.7;0;0.0;-1;1.60.07
cawston-press-blend-apple---summer-berries-juice-3x200ml;Cawston Press Apple & Summer Berries Juice 3x200ml;£1.90/unit;£0.32/100ml;longer-life-juice;25;0.3;5.8;5.5;0;0.0;-1;1.40.06
cawston-press-brilliant-beetroot-juice-1l;Cawston Press Brilliant Beetroot Juice 1L;£2.00/unit;£0.20/100ml;longer-life-juice;18042;0.9;9.3;-1;0.1;-1;-1;-1
cawston-press-kids-blend-apple---pear-juice-3x200ml;Cawston Press Apple & Pear Juice 3x200ml;£1.90/unit;£0.32/100ml;longer-life-juice;27;0.1;6.4;6.4;0;0.0;-1;1.50.07
cawston-press-the-original-apple---mango-juice-3x200ml;Cawston Press The Original Apple & Mango Juice 3x200ml;£1.90/unit;£0.32/100ml;longer-life-juice;29;0.1;6.8;6.8;0;0.0;-1;1.50.07
charlie-bighams-chicken---mushroom-pie-600g;Charlie Bigham's Chicken & Mushroom Pie 600g;£7.00/unit;£11.67/kg;british-ready-meals;239;6.6;13.8;1.0;18.0;8.5;-1;0.43;
charlie-bighams-chilli-con-carne-840g;Charlie Bigham's Chilli Con Carne 840g;£6.00/unit;£7.14/kg;mexican-caribbean-american-ready-meals;131;6.0;14.7;1.4;5.3;1.6;-1;0.5;
charlie-bighams-cottage-pie-650g;Charlie Bigham's Cottage Pie 650g;£6.00/unit;£9.23/kg;british-ready-meals;155;8.8;8.6;1.4;9.0;3.9;-1;0.58;
charlie-bighams-fish-pie-655g;Charlie Bigham's Fish Pie 655g;£6.00/unit;£9.03/kg;british-ready-meals;133;7.6;9.6;1.5;7.4;4.0;-1;0.7;
charlie-bighams-korma-810g;Charlie Bigham's Chicken Korma 810g;£6.00/unit;£7.41/kg;indian-ready-meals;152;6.3;13.5;2.2;8.2;4.6;-1;0.7;
charlie-bighams-lasagne-690g;Charlie Bigham's Lasagne 690g;£6.00/unit;£8.69/kg;italian-ready-meals;162;8.5;11.3;2.2;8.5;4.0;-1;0.50;
charlie-bighams-macaroni-cheese-with-pancetta-670g;Charlie Bigham's Macaroni Cheese with Pancetta 670g;£6.00/unit;£8.96/kg;italian-ready-meals;202;9.5;15.3;2.0;11.2;7.1;-1;0.85;
charlie-bighams-meatballs-al-forno-650g;Charlie Bigham's Meatballs Al Forno 650g;£6.00/unit;£9.23/kg;italian-ready-meals;164;7.0;11.5;4.1;10.0;2.6;-1;1.18;
charlie-bighams-moussaka-655g;Charlie Bigham's Moussaka 655g;£6.00/unit;£9.16/kg;mediterranean-other-cuisine-ready-meals;121;7.0;7.0;2.2;7.4;2.8;-1;0.34;
charlie-bighams-paella-700g;Charlie Bigham's Paella 700g;£6.00/unit;£8.57/kg;mediterranean-other-cuisine-ready-meals;107;6.9;7.1;2.5;5.1;0.9;-1;0.90;
charlie-bighams-steak---ale-pies-x2;Charlie Bigham's Steak & Ale Pies x2 600g;£7.00/unit;£11.67/kg;hot-cold-pies;247;15.3;15.1;0.8;14.9;7.0;-1;1.03;
charlie-bighams-tikka-masala-805g;Charlie Bigham's Chicken Tikka Masala 805g;£6.00/unit;£7.46/kg;indian-ready-meals;165;6.0;14.2;2.5;9.3;5.1;-1;0.6;
cheestrings-original-12x20g;Cheestrings Original 12x20g;£4.00/unit;£16.67/kg;snacking-lunchbox-cheese;304;23;2.5;1;22.5;14.2;-1;1.9
cheestrings-original-4x20g;Cheestrings Original 4x20g;£1.65/unit;£20.63/kg;snacking-lunchbox-cheese;304;23;2.5;1;22.5;14.2;-1;1.9
cheestrings-original-8x20g;Cheestrings Original 8x20g;£2.00/unit;£12.50/kg;snacking-lunchbox-cheese;304;23;2.5;1;22.5;14.2;-1;1.9
cheestrings-spaghetti-4x17g;Cheestrings Spaghetti 4x17g;£1.77/unit;£26.03/kg;snacking-lunchbox-cheese;328;28;0;0;24;14.8;0;0.7;1.9
cheestrings-twisted-12x20g;Cheestrings Twisted 12x20g;£4.00/unit;£16.67/kg;snacking-lunchbox-cheese;304;23;2.5;1;22.5;14.2;-1;1.9
cheestrings-twisted-4x20g;Cheestrings Twisted 4x20g;£1.65/unit;£20.63/kg;snacking-lunchbox-cheese;304;23;2.5;1;22.5;14.2;-1;1.9
cheestrings-twisted-8x20g;Cheestrings Twisted 8x20g;£2.00/unit;£12.50/kg;snacking-lunchbox-cheese;304;23;2.5;1;22.5;14.2;-1;1.9
cherry-coke-500ml;Cherry Coke 500ml;£1.25/unit;£0.25/100ml;cola;45;0;11.2;11.2;0;0;-1;0
cherrygood-juice-1l;Cherrygood Juice 1L;£2.60/unit;£0.26/100ml;drinks-chilled-fruit-juice;43;0;10.4;10.4;0;0;-1;0
cherrygood-light-1-l;Cherrygood Juice Light 1 L;£1.40/unit;£0.14/100ml;drinks-chilled-fruit-juice;24;0;5.7;5.7;0;0;-1;0
cherrygood-original-cherry-1l;Cherrygood Original Cherry 1L;£1.40/unit;£0.14/100ml;longer-life-juice;43;0;10.1;10.1;0;0;-1;0
chilli-green-jalapeno-loose;Sainsbury's Chilli Green Jalapeno Loose;£10.00/kg;£10.00/kg;afro-caribbean-ingredients;23;2.9;0.7;0.7;0.6;0.1;-1;0.02
chilli-green-jalapeno-loose;Sainsbury's Chilli Green Jalapeno Loose;£10.00/kg;£10.00/kg;asian-ingredients;23;2.9;0.7;0.7;0.6;0.1;-1;0.02
chilli-green-jalapeno-loose;Sainsbury's Chilli Green Jalapeno Loose;£10.00/kg;£10.00/kg;chillies-herbs-ingredients;23;2.9;0.7;0.7;0.6;0.1;-1;0.02
chilli-green-jalapeno-loose;Sainsbury's Chilli Green Jalapeno Loose;£10.00/kg;£10.00/kg;fresh-vegetables-world-exotic;23;2.9;0.7;0.7;0.6;0.1;-1;0.02
chilli-green-jalapeno-loose;Sainsbury's Chilli Green Jalapeno Loose;£10.00/kg;£10.00/kg;indian-ingredients;23;2.9;0.7;0.7;0.6;0.1;-1;0.02
chorley-cakes-x4;Chorley Cakes x4;£1.00/unit;£1.00/ea;muffins-small-cakes;420;5.1;55;28;19;6.6;-1;0.22
clarence-court-old-cotswold-legbar-eggs-x6;Clarence Court Old Cotswold Legbar Eggs x6;£2.25/unit;£0.38/ea;eggs;544131;12.4;0.0;0.0;9.0;2.5;0.0;0.39
clarks-original-maple-syrup-180ml;Clarks Maple Syrup 180ml;£2.00/unit;£1.11/100ml;sauces-toppings;1100259;0.1;64.6;57.4;0.1;0.1;-1;0.1
clarks-original-maple-syrup-180ml;Clarks Maple Syrup 180ml;£2.00/unit;£1.11/100ml;wafers-sauces-toppings;1100259;0.1;64.6;57.4;0.1;0.1;-1;0.1
clarks-original-maple-syrup-706g;Clarks Maple Syrup 500ml;£3.50/unit;£0.70/100ml;sauces-toppings;1100259;0.1;64.6;57.4;0.1;0.1;-1;0.1
clarks-original-maple-with-vanilla-180ml;Clarks Original Maple Syrup With Vanilla 180ml;£2.00/unit;£1.11/100ml;sauces-toppings;1260260;0.1;68;57.4;0.4;-1;0;0.3
clarks-original-maple-with-vanilla-180ml;Clarks Original Maple Syrup With Vanilla 180ml;£2.00/unit;£1.11/100ml;wafers-sauces-toppings;1260260;0.1;68;57.4;0.4;-1;0;0.3
clarks-pure-maple-syrup-180ml;Clarks Pure Canadian Maple Syrup No. 2 Amber Grade 180ml;£2.50/unit;£1.39/100ml;sauces-toppings;1152271;0.2;66.8;66.3;0;0;-1;0.1
clarks-pure-maple-syrup-180ml;Clarks Pure Canadian Maple Syrup No. 2 Amber Grade 180ml;£2.50/unit;£1.39/100ml;wafers-sauces-toppings;1152271;0.2;66.8;66.3;0;0;-1;0.1
clarks-pure-maple-syrup-500ml;Clarks Pure Maple Syrup 500ml;£9.00/unit;£1.80/100ml;sauces-toppings;1152271;0.2;66.8;66.3;0;0;-1;0.1
clarks-pure-maple-syrup-500ml;Clarks Pure Maple Syrup 500ml;£9.00/unit;£1.80/100ml;wafers-sauces-toppings;1152271;0.2;66.8;66.3;0;0;-1;0.1
claudi---fin-mango-frozen-yoghurt-220ml;Claudi & Fin Mango Frozen Yoghurt Lollies 4x55ml;£2.50/unit;£1.14/100ml;frozen-yogurt-sorbet;469112;1.9;15.2;13.7;4.7;3;0.6;0.12
claudi---fin-mango-frozen-yoghurt-220ml;Claudi & Fin Mango Frozen Yoghurt Lollies 4x55ml;£2.50/unit;£1.14/100ml;lollies-bars-cones;469112;1.9;15.2;13.7;4.7;3;0.6;0.12
claudi---fin-strawberry-frozen-yoghurt-220ml;Claudi & Fin Strawberry Frozen Yoghurt Lollies 4x55ml;£2.50/unit;£1.14/100ml;frozen-yogurt-sorbet;437104;1.7;13.8;12.8;4.6;3.2;0.4;0.1
claudi---fin-strawberry-frozen-yoghurt-220ml;Claudi & Fin Strawberry Frozen Yoghurt Lollies 4x55ml;£2.50/unit;£1.14/100ml;lollies-bars-cones;437104;1.7;13.8;12.8;4.6;3.2;0.4;0.1
clover-daily-boost-spread-500g;Clover Daily Boost Spread 500g;£2.30/unit;£4.60/kg;spreads;1859452;0.4;2.4;0.5;49;14;-1;1.2
clover-light-spread-1kg;Clover Light Spread 1kg;£3.00/unit;£3.00/kg;spreads;1869454;0.6;2.7;0.8;49;21.3;-1;1.5
clover-light-spread-500g;Clover Light Spread 500g;£2.00/unit;£4.00/kg;spreads;1869454;0.6;2.7;0.8;49;21.3;-1;1.5
clover-lighter-than-light-500g;Clover Lighter Than Light Spread 500g;£2.00/unit;£4.00/kg;spreads;1460355;0.3;2.8;0.5;38;10.9;-1;1.5;48
clover-spread-1kg;Clover Spread 1kg;£3.00/unit;£3.00/kg;spreads;2623640;1;1.4;1.4;70;25.5;-1;1.7
clover-spread-500g;Clover Spread 500g;£2.00/unit;£4.00/kg;spreads;2456597;1.2;1.6;1.6;65.1;24.8;-1;1.7
coca-cola--diet-2l;Diet Coke 1.75L;£1.85/unit;£0.11/100ml;cola;0.4;0;0;0;0;0;-1;0
coca-cola--diet-2l;Diet Coke 1.75L;£1.85/unit;£0.11/100ml;diet-sugar-free-fizzy-drinks;0.4;0;0;0;0;0;-1;0
coca-cola--diet-500ml;Diet Coke 500ml;£1.25/unit;£0.25/100ml;cola;0.4;0;0;0;0;0;-1;
coca-cola--diet-500ml;Diet Coke 500ml;£1.25/unit;£0.25/100ml;diet-sugar-free-fizzy-drinks;0.4;0;0;0;0;0;-1;
coca-cola--diet-caffeine-free-500ml;Diet Coke Caffeine Free 500ml;£1.25/unit;£0.25/100ml;cola;Per 100g nutrition not found
coca-cola--diet-caffeine-free-500ml;Diet Coke Caffeine Free 500ml;£1.25/unit;£0.25/100ml;diet-sugar-free-fizzy-drinks;Per 100g nutrition not found
coca-cola--mini-can-150ml;Coca Cola Mini 150ml;£0.45/unit;£0.30/100ml;cola;18042;0;10.6;10.6;0;0;-1;0
coca-cola--mini-can-150ml;Coca Cola Mini 150ml;£0.45/unit;£0.30/100ml;mixers-12333-44;18042;0;10.6;10.6;0;0;-1;0
coca-cola--mini-can-150ml;Coca Cola Mini 150ml;£0.45/unit;£0.30/100ml;mixers;18042;0;10.6;10.6;0;0;-1;0
coca-cola--mini-cans-x12-150ml;Coca Cola Mini 12x150ml;£4.25/unit;£0.24/100ml;cola;Per 100g nutrition not found
coca-cola--mini-cans-x12-150ml;Coca Cola Mini 12x150ml;£4.25/unit;£0.24/100ml;fizzy-drinks-bigger-multipacks;Per 100g nutrition not found
coca-cola--mini-cans-x12-150ml;Coca Cola Mini 12x150ml;£4.25/unit;£0.24/100ml;mixers-12333-44;Per 100g nutrition not found
coca-cola--mini-cans-x12-150ml;Coca Cola Mini 12x150ml;£4.25/unit;£0.24/100ml;mixers;Per 100g nutrition not found
coca-cola-125l-3723876-p-44;Coca Cola 1.25L;£1.00/unit;£0.08/100ml;cola;Per 100g nutrition not found
coca-cola-12x330ml-7517310-p-44;Coca Cola 12x330ml;£4.50/unit;£0.11/100ml;cola;Per 100g nutrition not found
coca-cola-12x330ml-7517310-p-44;Coca Cola 12x330ml;£4.50/unit;£0.11/100ml;fizzy-drinks-bigger-multipacks;Per 100g nutrition not found
coca-cola-15l;Coca Cola 1.5L;£1.69/unit;£0.11/100ml;cola;Per 100g nutrition not found
coca-cola-24x330ml-pack;Coca Cola 24x330ml;£7.50/unit;£0.09/100ml;cola;Per 100g nutrition not found
coca-cola-24x330ml-pack;Coca Cola 24x330ml;£7.50/unit;£0.09/100ml;fizzy-drinks-bigger-multipacks;Per 100g nutrition not found
coca-cola-2l-6319140-p-44;Coca Cola 1.75L;£1.85/unit;£0.11/100ml;cola;42;0;10.6;10.6;0;0;-1;0
coca-cola-330ml;Coca Cola 330ml;£0.65/unit;£0.20/100ml;cola;Per 100g nutrition not found
coca-cola-375ml;Coca Cola 375ml;£0.95/unit;£0.25/100ml;cola;42;0;10.6;10.6;0;0;-1;0
coca-cola-4x2l;Coca Cola 4x1.5L;£5.00/unit;£0.08/100ml;cola;Per 100g nutrition not found
coca-cola-4x2l;Coca Cola 4x1.5L;£5.00/unit;£0.08/100ml;fizzy-drinks-bigger-multipacks;Per 100g nutrition not found
coca-cola-500ml;Coca Cola 500ml;£1.25/unit;£0.25/100ml;cola;Per 100g nutrition not found
coca-cola-8x250ml-contour-pack;Coca Cola 8x250ml (Mini Bottle);£4.00/unit;£0.20/100ml;cola;Per 100g nutrition not found
coca-cola-8x330ml;Coca Cola 8x330ml;£3.50/unit;£0.13/100ml;cola;Per 100g nutrition not found
coca-cola-cherry-8x330ml;Cherry Coke 8x330ml;£3.50/unit;£0.13/100ml;cola;45;0;11.2;11.2;0;0;-1;0
coca-cola-cherry-coke-2l;Cherry Coke 1.75L;£1.85/unit;£0.11/100ml;cola;Per 100g nutrition not found
coca-cola-life-175l;Coca Cola Life 1.75L;£1.85/unit;£0.11/100ml;cola;Per 100g nutrition not found
coca-cola-life-8x330ml;Coca Cola Life 8x330ml;£3.50/unit;£0.13/100ml;cola;Per 100g nutrition not found
coca-cola-x6-%28glass-bottle%29;Coca Cola x6 (Glass Bottle);£4.50/unit;£0.23/100ml;cola;Per 100g nutrition not found
coca-cola-zero-8x330ml;Coke Zero 8x330ml;£3.50/unit;£0.13/100ml;cola;Per 100g nutrition not found
coca-cola-zero-8x330ml;Coke Zero 8x330ml;£3.50/unit;£0.13/100ml;diet-sugar-free-fizzy-drinks;Per 100g nutrition not found
cocio-classic-chocolate-milk-270ml;Cocio Classic Chocolate Milk 270ml;£1.00/unit;£0.37/100ml;flavoured-milk-92153-44;Per 100g nutrition not found
cocio-classic-chocolate-milk-270ml;Cocio Classic Chocolate Milk 270ml;£1.00/unit;£0.37/100ml;flavoured-milk;Per 100g nutrition not found
coeur-de-lion-la-buche-goats-cheese-150g;Coeur De Lion La Buche Goats Cheese 150g;£1.95/unit;£13.00/kg;healthier-choice-special-diet-cheese;1320319;14.0;0.5;0.5;29;20;-1;1.5
coke-life-500ml;Coca Cola Life 500ml;£1.25/unit;£0.25/100ml;cola;Per 100g nutrition not found
coke-zero-125l;Coke Zero 1.25L;£1.00/unit;£0.08/100ml;cola;Per 100g nutrition not found
coke-zero-175l-6420542-p-44;Coke Zero 1.75L;£1.85/unit;£0.11/100ml;cola;Per 100g nutrition not found
coke-zero-175l-6420542-p-44;Coke Zero 1.75L;£1.85/unit;£0.11/100ml;diet-sugar-free-fizzy-drinks;Per 100g nutrition not found
coke-zero-375ml;Coke Zero 375ml;£0.95/unit;£0.25/100ml;cola;0.3;0;0;0;0;0;-1;0.02
coke-zero-375ml;Coke Zero 375ml;£0.95/unit;£0.25/100ml;diet-sugar-free-fizzy-drinks;0.3;0;0;0;0;0;-1;0.02
coke-zero-4x15l;Coke Zero 4x1.5L;£5.00/unit;£0.08/100ml;cola;Per 100g nutrition not found
coke-zero-4x15l;Coke Zero 4x1.5L;£5.00/unit;£0.08/100ml;diet-sugar-free-fizzy-drinks;Per 100g nutrition not found
coke-zero-4x15l;Coke Zero 4x1.5L;£5.00/unit;£0.08/100ml;fizzy-drinks-bigger-multipacks;Per 100g nutrition not found
coke-zero-500ml;Coke Zero 500ml;£1.25/unit;£0.25/100ml;cola;Per 100g nutrition not found
coke-zero-500ml;Coke Zero 500ml;£1.25/unit;£0.25/100ml;diet-sugar-free-fizzy-drinks;Per 100g nutrition not found
coke-zero-x12-330ml;Coke Zero 12x330ml;£4.50/unit;£0.11/100ml;cola;0.3;0;0;0;0;0;-1;0.02
coke-zero-x12-330ml;Coke Zero 12x330ml;£4.50/unit;£0.11/100ml;diet-sugar-free-fizzy-drinks;0.3;0;0;0;0;0;-1;0.02
coke-zero-x12-330ml;Coke Zero 12x330ml;£4.50/unit;£0.11/100ml;fizzy-drinks-bigger-multipacks;0.3;0;0;0;0;0;-1;0.02
coldpress-apple---passionfruit-750ml;Coldpress Apple & Passionfruit 750ml;£2.80/unit;£0.37/100ml;drinks-chilled-fruit-juice;41;0.2;9.9;9.9;0.1;0.1;-1;
coldpress-pink-lady-750ml;Coldpress Pink Lady Juice 750ml;£2.80/unit;£0.37/100ml;drinks-chilled-fruit-juice;42;0.1;10.6;10.6;0.1;0.1;-1;
collective-dairy-mango-yogurt-500g;Collective Dairy Mango Yogurt 500g;£2.40/unit;£0.48/100g;big-pots-pouring-yogurts;540128;4.7;16.0;15.5;5.0;3.1;-1;0.23
collective-dairy-mango-yogurt-500g;Collective Dairy Mango Yogurt 500g;£2.40/unit;£0.48/100g;luxury-yogurts;540128;4.7;16.0;15.5;5.0;3.1;-1;0.23
collective-dairy-passionfruit-yogurt-500g;Collective Dairy Passionfruit Yogurt 500g;£2.40/unit;£0.48/100g;big-pots-pouring-yogurts;547130;4.7;16.4;16.0;5.0;3.1;-1;0.23
collective-dairy-passionfruit-yogurt-500g;Collective Dairy Passionfruit Yogurt 500g;£2.40/unit;£0.48/100g;luxury-yogurts;547130;4.7;16.4;16.0;5.0;3.1;-1;0.23
collective-limited-edition-yogurt-500g;Collective Dairy Limited Edition Yogurt 500g;£2.40/unit;£0.48/100g;big-pots-pouring-yogurts;587140;4.8;16.6;16.1;6.0;3.7;-1;0.25
collective-limited-edition-yogurt-500g;Collective Dairy Limited Edition Yogurt 500g;£2.40/unit;£0.48/100g;luxury-yogurts;587140;4.8;16.6;16.1;6.0;3.7;-1;0.25
colliers-powerful-welsh-cheddar-350g;Colliers Powerful Welsh Cheddar 350g;£3.00/unit;£8.57/kg;cheddar-british-regional-cheese;1725416;25.4;0.1;0.1;34.9;21.7;0;0.7;1.7
complan-chocolate-milkshake-250ml;Complan Nutritional Drink, Chocolate Milkshake 250ml;£1.80/unit;£0.72/100ml;vitamins-health-drinks;89;3.6;9.2;8.4;4.1;2.5;0.3;0.2;
complan-milkshake-strawberry-250ml-ph;Complan Nutritional Drink, Strawberry Milkshake 250ml;£1.80/unit;£0.72/100ml;vitamins-health-drinks;86;3.6;8.8;8.5;4.0;2.4;0.0;0.2;
complan-smoothie-berry-250ml;Complan Nutritional Drink Smoothie Berry 250ml;£1.80/unit;£0.72/100ml;vitamins-health-drinks;109;3.6;14.5;14;3.9;0.38;0.5;0.06;
complan-smoothie-tropical-250ml;Complan Nutritional Drink Smoothie Tropical 250ml;£1.80/unit;£0.72/100ml;vitamins-health-drinks;109;3.6;14.7;13.4;3.9;0.38;0.6;0.06;
cookeen-cooking-fat-250g;Cookeen Cooking Fat 250g;£0.75/unit;£3.00/kg;cooking-baking;3700900;0;0;0;100;47;0;
cooks-pie-n-mash-with-liquor-346g;Cook's Pie 'n' Mash With Liquor 346g;£2.00/unit;£5.78/kg;frozen-ready-meals;157;4.1;17.2;1.0;7.8;4.13;1.0;0.53
coors-light-6x330ml;Coors Light Lager 6x330ml;£4.50/unit;£2.27/ltr;lager;-1;0.29;1.72;-1;0.1;-1;-1;-1
coors-light-6x330ml;Coors Light Lager 6x330ml;£4.50/unit;£2.27/ltr;world-beer;-1;0.29;1.72;-1;0.1;-1;-1;-1
copella-apple---elderflower-juice-125l;Copella Apple & Elderflower Juice 1.25L;£1.50/unit;£0.12/100ml;drinks-chilled-fruit-juice;Per 100g nutrition not found
copella-apple---elderflower-juice-750ml;Copella Apple & Elderflower Juice 750ml;£1.75/unit;£0.23/100ml;drinks-chilled-fruit-juice;Per 100g nutrition not found
copella-apple---mango-juice-750ml;Copella Apple & Mango Juice 750ml;£1.75/unit;£0.23/100ml;drinks-chilled-fruit-juice;Per 100g nutrition not found
copella-apple---pear-juice-750ml;Copella Apple & Pear Juice 750ml;£1.75/unit;£0.23/100ml;drinks-chilled-fruit-juice;Per 100g nutrition not found
copella-apple---raspberry-juice-750ml;Copella Apple & Raspberry Juice 750ml;£1.75/unit;£0.23/100ml;drinks-chilled-fruit-juice;Per 100g nutrition not found
copella-apple-juice-125l;Copella Apple Juice 1.25L;£1.50/unit;£0.12/100ml;drinks-chilled-fruit-juice;Per 100g nutrition not found
copella-apple-juice-750ml;Copella Apple Juice 750ml;£1.75/unit;£0.23/100ml;drinks-chilled-fruit-juice;Per 100g nutrition not found
copella-orange-juice-with-juicy-bits-125l;Copella Orange Juice with Juicy Bits 1.25L;£1.50/unit;£0.12/100ml;drinks-chilled-fruit-juice;Per 100g nutrition not found
copella-orange-juice-with-juicy-bits-750ml;Copella Orange Juice with Juicy Bits 750ml;£1.75/unit;£0.23/100ml;drinks-chilled-fruit-juice;Per 100g nutrition not found
copella-smooth-orange-juice-125l;Copella Smooth Orange Juice 1.25L;£1.50/unit;£0.12/100ml;drinks-chilled-fruit-juice;Per 100g nutrition not found
copella-smooth-orange-juice-750ml;Copella Smooth Orange Juice 750ml;£1.75/unit;£0.23/100ml;drinks-chilled-fruit-juice;Per 100g nutrition not found
cornetto-4pk-mint-360ml;Cornetto Mint Ice Cream Cone 4x90ml;£2.00/unit;£0.56/100ml;lollies-bars-cones;Per 100g nutrition not found
cornetto-strawberry-x4-360ml;Cornetto Strawberry Ice Cream Cone 4x90ml;£2.00/unit;£0.56/100ml;lollies-bars-cones;Per 100g nutrition not found
country-life-english-butter--salted-250g;Country Life British Butter 250g;£1.70/unit;£6.80/kg;butter;3031737;0.5;0;0;81.7;54.0;0;0.8
country-life-spreadable-500g;Country Life Spreadable 500g;£2.00/unit;£4.00/kg;butter;2835690;0.2;0.3;0.3;76.4;31.4;0;0.5
country-life-spreadable-lighter-500g;Country Life Spreadable Lighter 500g;£2.00/unit;£4.00/kg;butter;2113514;0.9;1.3;1.3;56.1;21.5;0;0.4
country-life-unsalted-butter-250g;Country Life British Unsalted Butter 250g;£1.70/unit;£6.80/kg;butter;3068746;0.5;0;0;82.7;54.7;0;
country-life-unsalted-butter-250g;Country Life British Unsalted Butter 250g;£1.70/unit;£6.80/kg;cooking-baking;3068746;0.5;0;0;82.7;54.7;0;
coxs-original-bloody-mary-spicer-150ml;Cox's Original Bloody Mary Spicer 150ml;£2.50/unit;£1.67/100ml;cocktail-ingredients;Per 100g nutrition not found
crabbies-scottish-raspberry-700ml;John Crabbie Scottish Raspberry with a Twist of Ginger, Non Alcoholic 700ml;£2.00/unit;£0.29/100ml;adult-soft-drinks;46198;0;11.2;11.2;0;0;0;0
crabbies-scottish-raspberry-700ml;John Crabbie Scottish Raspberry with a Twist of Ginger, Non Alcoholic 700ml;£2.00/unit;£0.29/100ml;fruit-flavoured;46198;0;11.2;11.2;0;0;0;0
cracker-apple---lychee-1l;Cracker Apple & Lychee 1L;£1.40/unit;£0.14/100ml;longer-life-juice;46;0.1;11.2;11.2;0;0;0.2;
cracker-apple--straw---cran-1l;Cracker Apple, Straw & Cran 1L;£1.40/unit;£0.14/100ml;longer-life-juice;45;0;10.9;10.9;0;0;0.1;
cracker-barrel-cheddar-200g;Cracker Barrel Cheddar 200g;£2.75/unit;£13.75/kg;cheddar-british-regional-cheese;Per 100g nutrition not found
cracker-blueberry---blackberry-1l;Cracker Blueberry & Blackberry 1L;£1.40/unit;£0.14/100ml;longer-life-juice;42;0.1;10.0;10.0;0;0;0.2;
cracker-mango---passion-fruit-juice-drink-1l;Cracker Mango & Passion Fruit Juice Drink 1L;£1.40/unit;£0.14/100ml;longer-life-juice;45;0.1;10.9;10.8;0;0;-1;;
cracker-pine--guava---lime-juice-drink-1l;Cracker Pine, Guava & Lime Juice Drink 1L;£1.40/unit;£0.14/100ml;longer-life-juice;46;0.1;11.0;10.9;0;0;-1;;
cracker-still---cloudy-lemonade-1l;Cracker Still & Cloudy Lemonade 1L;£1.40/unit;£0.14/100ml;longer-life-juice;54;0;12.8;12.8;0;0;-1;;
cravendale-purefilter-semi-skimmed-1l;Cravendale Purefilter Semi Skimmed Milk 1L;£1.15/unit;£1.15/ltr;drinks-fresh-milk;20649;3.6;4.8;4.8;1.7;1.0;-1;0.1
cravendale-purefilter-semi-skimmed-1l;Cravendale Purefilter Semi Skimmed Milk 1L;£1.15/unit;£1.15/ltr;fresh-milk;20649;3.6;4.8;4.8;1.7;1.0;-1;0.1
cravendale-purefilter-semi-skimmed-milk-1l;Cravendale Purefilter Skimmed Milk 1L;£1.15/unit;£1.15/ltr;drinks-fresh-milk;15637;3.6;4.9;4.9;0.3;0.1;-1;0.1
cravendale-purefilter-semi-skimmed-milk-1l;Cravendale Purefilter Skimmed Milk 1L;£1.15/unit;£1.15/ltr;fresh-milk;15637;3.6;4.9;4.9;0.3;0.1;-1;0.1
cravendale-purefilter-semi-skimmed-milk-2l;Cravendale Purefilter Semi Skimmed Milk 2L;£2.00/unit;£1.00/ltr;drinks-fresh-milk;20649;3.6;4.8;4.8;1.7;1.0;-1;0.1
cravendale-purefilter-semi-skimmed-milk-2l;Cravendale Purefilter Semi Skimmed Milk 2L;£2.00/unit;£1.00/ltr;fresh-milk;20649;3.6;4.8;4.8;1.7;1.0;-1;0.1
cravendale-purefilter-whole-milk-1l;Cravendale Purefilter Whole Milk 1L;£1.15/unit;£1.15/ltr;drinks-fresh-milk;27165;3.4;4.7;4.7;3.6;2.3;-1;0.1
cravendale-purefilter-whole-milk-1l;Cravendale Purefilter Whole Milk 1L;£1.15/unit;£1.15/ltr;fresh-milk;27165;3.4;4.7;4.7;3.6;2.3;-1;0.1
cravendale-purefilter-whole-milk-2l;Cravendale Purefilter Whole Milk 2L;£2.00/unit;£1.00/ltr;drinks-fresh-milk;27165;3.4;4.7;4.7;3.6;2.3;-1;0.1
cravendale-purefilter-whole-milk-2l;Cravendale Purefilter Whole Milk 2L;£2.00/unit;£1.00/ltr;fresh-milk;27165;3.4;4.7;4.7;3.6;2.3;-1;0.1
cravendale-skimmed-milk-2l;Cravendale Purefilter Skimmed Milk 2L;£2.00/unit;£1.00/ltr;drinks-fresh-milk;15637;3.6;4.9;4.9;0.3;0.1;-1;0.1
cravendale-skimmed-milk-2l;Cravendale Purefilter Skimmed Milk 2L;£2.00/unit;£1.00/ltr;fresh-milk;15637;3.6;4.9;4.9;0.3;0.1;-1;0.1
crespo-olives-du-marche-dumar-green-olives-herb-garlic-70g;Crespo Olives Du Marche Dumar Green Olives Herb Garlic 70g;£1.00/unit;£1.43/100g;olives-antipasti;Per 100g nutrition not found
crespo-pimiento-stuffed-olives-354g;Crespo Pimiento Stuffed Olives 354g (200g*);£1.70/unit;£0.85/100g;olives-antipasti;Per 100g nutrition not found
crespo-pitted-black-olives-354g;Crespo Pitted Black Olives 354g (160g*);£1.70/unit;£1.06/100g;olives-antipasti;546133;05;0;0;136;22;3;25
crespo-pitted-green-olives-907g;Crespo Pitted Green Olives 907g (440g*);£3.00/unit;£0.68/100g;olives-antipasti;695169;1;0;0;18;3;2;4
crespo-pitted-green-olives-with-chilli-peppers-70g;Crespo Pitted Green Olives With Chilli Peppers 70g;£1.00/unit;£1.43/100g;olives-antipasti;-1;1.7;3.7;0.8;33.8;3.88;4.7;6.5
crisp-n-dry-solid-vegetable-oil;Crisp 'N' Dry Solid Vegetable Oil;£1.10/unit;£2.20/kg;cooking-baking;3700900;0;0;0;100;41;0;
crusha-milkshake-mix--strawberry-500ml;Crusha Milkshake Mix, Strawberry 500ml;£1.00/unit;£2.00/ltr;milk-shake-mixes;122;1.1;26;26;0;0;-1;0.04
d-a-perfect-pork-sausage-400g;Debbie & Andrews Perfect Pork Sausages x6 400g;£2.00/unit;£5.00/kg;sausages;204;16.4;4.0;0.5;13.1;4.5;2.3;1.43
dairylea-cheese-spread-180g;Dairylea Cheese Spread 180g;£1.00/unit;£5.55/kg;snacking-lunchbox-cheese;230;12.0;5.5;5.5;17.5;11.5;0;1.48
dairylea-cheese-spread-180g;Dairylea Cheese Spread 180g;£1.00/unit;£5.55/kg;soft---spreadable;230;12.0;5.5;5.5;17.5;11.5;0;1.48
dairylea-cheese-spread-270g;Dairylea Cheese Spread 270g;£2.15/unit;£7.96/kg;snacking-lunchbox-cheese;967230;12.0;5.5;5.5;17.5;11.5;0;1.48
dairylea-cheese-spread-270g;Dairylea Cheese Spread 270g;£2.15/unit;£7.96/kg;soft---spreadable;967230;12.0;5.5;5.5;17.5;11.5;0;1.48
dairylea-dunkers-breadsticks-4x47g;Dairylea Dunkers Breadsticks 4x47g;£2.00/unit;£10.64/kg;snacking-lunchbox-cheese;245;10.0;30.5;6.1;8.4;6.0;2.0;1.30
dairylea-dunkers-jumbo-47g;Dairylea Dunkers Jumbo 47g;£0.60/unit;£12.77/kg;snacking-lunchbox-cheese;1095260;9.2;27.0;6.3;12.5;6.7;1.4;1.38
dairylea-dunkers-jumbo-tubes-4x47g;Dairylea Dunkers Jumbo Tubes 4x47g;£2.00/unit;£10.64/kg;snacking-lunchbox-cheese;260;9.2;27.0;6.3;12.5;6.7;1.4;1.38
dairylea-dunkers-mighty-mature-ritz-4x46g;Dairylea Dunkers Mighty Mature Ritz 4x46g;£2.00/unit;£8.69/kg;snacking-lunchbox-cheese;305;11.0;26.5;9.3;16.0;9.2;1.3;1.50
dairylea-light-cheese-spread-180g;Dairylea Light Cheese Spread 180g;£1.00/unit;£5.55/kg;snacking-lunchbox-cheese;159;16.5;5.4;5.4;7.2;4.7;0;1.53
dairylea-light-cheese-spread-180g;Dairylea Light Cheese Spread 180g;£1.00/unit;£5.55/kg;soft---spreadable;159;16.5;5.4;5.4;7.2;4.7;0;1.53
dairylea-light-slices-x8-200g;Dairylea Light Slices 200g;£1.00/unit;£5.00/kg;healthier-choice-special-diet-cheese;Per 100g nutrition not found
dairylea-light-slices-x8-200g;Dairylea Light Slices 200g;£1.00/unit;£5.00/kg;sliced-grated-cheese;Per 100g nutrition not found
dairylea-light-slices-x8-200g;Dairylea Light Slices 200g;£1.00/unit;£5.00/kg;snacking-lunchbox-cheese;Per 100g nutrition not found
dairylea-light-triangles-x8-125g;Dairylea Light Triangles x8 125g;£1.00/unit;£8.00/kg;snacking-lunchbox-cheese;200;15.5;6.0;6.0;12.0;8.0;0;1.55
dairylea-ritz-dunkers-4x46g;Dairylea Ritz Dunkers 4x46g;£2.00/unit;£10.87/kg;snacking-lunchbox-cheese;265;9.5;25.0;7.7;13.5;7.4;1.1;1.30
dairylea-slices-x16-400g;Dairylea Slices x16 400g;£2.75/unit;£6.88/kg;sliced-grated-cheese;Per 100g nutrition not found
dairylea-slices-x16-400g;Dairylea Slices x16 400g;£2.75/unit;£6.88/kg;snacking-lunchbox-cheese;Per 100g nutrition not found
dairylea-slices-x8-200g;Dairylea Slices x8 200g;£1.00/unit;£5.00/kg;sliced-grated-cheese;Per 100g nutrition not found
dairylea-slices-x8-200g;Dairylea Slices x8 200g;£1.00/unit;£5.00/kg;snacking-lunchbox-cheese;Per 100g nutrition not found
dairylea-strip-cheese-x8-168g;Dairylea Strip Cheese x8 168g;£2.50/unit;£14.88/kg;snacking-lunchbox-cheese;345;21.5;1.5;1.5;27.5;18.0;0;2.0
dairylea-triangles-x16-250g;Dairylea Triangles x16 250g;£2.00/unit;£8.00/kg;snacking-lunchbox-cheese;245;13.5;5.5;5.5;18.0;12.0;0;1.50
dairylea-triangles-x8-125g;Dairylea Triangles x8 125g;£1.00/unit;£8.00/kg;snacking-lunchbox-cheese;245;13.5;5.5;5.5;18.0;12.0;0;1.50
danepak-breaded-ham-200g;Danepak Breaded Ham 200g;£2.00/unit;£1.00/100g;ham-82654-44;110;19.0;1.1;1.1;3.3;1.2;0.5;2.0
danepak-breaded-ham-200g;Danepak Breaded Ham 200g;£2.00/unit;£1.00/100g;ham;110;19.0;1.1;1.1;3.3;1.2;0.5;2.0
danepak-honey-roast-ham-100g;Danepak Honey Roast Ham 100g;£1.00/unit;£1.00/100g;ham-82654-44;107;19.4;0.7;0.7;3.0;1.2;0.5;2.2
danepak-honey-roast-ham-100g;Danepak Honey Roast Ham 100g;£1.00/unit;£1.00/100g;ham;107;19.4;0.7;0.7;3.0;1.2;0.5;2.2
danio-strained-blueberry-yogurt-150g;Danio Strained Blueberry Yogurt 150g;£0.85/unit;£0.57/100g;diet-low-fat-yogurts;423100;7.3;12.1;11.7;2.4;1.7;0.6;0.1
danio-strained-cherry-yogurt-150g;Danio Strained Cherry Yogurt 150g;£0.85/unit;£0.57/100g;diet-low-fat-yogurts;34982;7.9;12.1;11.5;0.2;0.1;0.2;0.1
danio-strained-mango-yogurt-150g;Danio Strained Mango Yogurt 150g;£0.85/unit;£0.57/100g;diet-low-fat-yogurts;34180;7.9;11.6;11.3;0.2;0.1;0.2;0.1
danio-strained-passionfruit-yogurt-150g;Danio Strained Passionfruit Yogurt 150g;£0.85/unit;£0.57/100g;diet-low-fat-yogurts;35183;7.9;12.2;11.7;0.2;0.1;0.2;0.1
danio-strained-peach-yogurt-150g;Danio Strained Peach Yogurt 150g;£0.85/unit;£0.57/100g;diet-low-fat-yogurts;41699;7.3;12;11.5;2.3;1.6;0.3;0.1
danio-strained-strawberry-yogurt-150g;Danio Strained Strawberry Yogurt 150g;£0.85/unit;£0.57/100g;diet-low-fat-yogurts;34180;7.9;11.6;10.9;0.2;0.1;0.2;0.1
danone-activia-honey-breakfast-pot-160g;Activia Breakfast Pot Honey Yogurt 160g;£1.00/unit;£0.63/100g;active-health-yogurts-drinks;499118;4.9;18.8;14.0;2.5;1.1;0.6;0.1
danone-activia-honey-breakfast-pot-160g;Activia Breakfast Pot Honey Yogurt 160g;£1.00/unit;£0.63/100g;breakfast-yogurts;499118;4.9;18.8;14.0;2.5;1.1;0.6;0.1
danone-activia-honey-breakfast-pot-160g;Activia Breakfast Pot Honey Yogurt 160g;£1.00/unit;£0.63/100g;diet-low-fat-yogurts;499118;4.9;18.8;14.0;2.5;1.1;0.6;0.1
danone-activia-pneapple---coconut-4x125g;Activia Pineapple & Coconut Yogurt 4x125g;£2.00/unit;£0.40/100g;active-health-yogurts-drinks;101;3.5;13.4;13.2;3.6;2.6;0.3;0.1
danone-activia-pneapple---coconut-4x125g;Activia Pineapple & Coconut Yogurt 4x125g;£2.00/unit;£0.40/100g;diet-low-fat-yogurts;101;3.5;13.4;13.2;3.6;2.6;0.3;0.1
danone-activia-vanlla-breakfast-pot-160g;Activia Breakfast Pot Vanilla Yogurt 160g;£1.00/unit;£0.63/100g;active-health-yogurts-drinks;485115;4.9;18.0;13.3;2.5;1.1;0.6;0.1
danone-activia-vanlla-breakfast-pot-160g;Activia Breakfast Pot Vanilla Yogurt 160g;£1.00/unit;£0.63/100g;breakfast-yogurts;485115;4.9;18.0;13.3;2.5;1.1;0.6;0.1
danone-activia-vanlla-breakfast-pot-160g;Activia Breakfast Pot Vanilla Yogurt 160g;£1.00/unit;£0.63/100g;diet-low-fat-yogurts;485115;4.9;18.0;13.3;2.5;1.1;0.6;0.1
danone-oykos-peach-yogurt-4x110g;Oykos Greek Style Peach Yogurt 4x110g;£2.20/unit;£0.50/100g;luxury-yogurts;140;2.8;14.1;13.3;8;5.2;0.2;0.1
danone-oykos-peach-yogurt-4x110g;Oykos Greek Style Peach Yogurt 4x110g;£2.20/unit;£0.50/100g;natural-greek-yogurts;140;2.8;14.1;13.3;8;5.2;0.2;0.1
danone-oykos-pear-yogurt-4x110g;Oykos Greek Style Pear Yogurt 4x110g;£2.20/unit;£0.50/100g;luxury-yogurts;143;2.8;14.6;14.6;8.0;5.2;0.5;0.1
danone-oykos-pear-yogurt-4x110g;Oykos Greek Style Pear Yogurt 4x110g;£2.20/unit;£0.50/100g;natural-greek-yogurts;143;2.8;14.6;14.6;8.0;5.2;0.5;0.1
danone-oykos-strawberry-yogurt-4x110g;Oykos Greek Style Strawberry Yogurt 4x110g;£2.20/unit;£0.50/100g;luxury-yogurts;146;2.9;14.7;14;8.3;5.3;0.3;0.1
danone-oykos-strawberry-yogurt-4x110g;Oykos Greek Style Strawberry Yogurt 4x110g;£2.20/unit;£0.50/100g;natural-greek-yogurts;146;2.9;14.7;14;8.3;5.3;0.3;0.1
davidstow-classics-350g;Davidstow Cornish Classic, Mature Cheddar 350g;£4.00/unit;£11.43/kg;cheddar-british-regional-cheese;1725416;25.4;0.1;0.1;34.9;21.7;-1;1.8
davidstow-cornish-classic--mature-200g;Davidstow Cornish Classic, Mature Cheddar 200g;£2.00/unit;£10.00/kg;cheddar-british-regional-cheese;1725416;25.4;0.1;0.1;34.9;21.7;-1;1.8
davidstow-cornish-crackler-extra-mature-200g;Davidstow Cornish Crackler Extra Mature Cheddar 200g;£2.00/unit;£10.00/kg;cheddar-british-regional-cheese;1725416;25.4;0.1;0.1;34.9;21.7;-1;1.8
davidstow-crackler-320g;Davidstow Crackler Extra Mature Cheddar 320g;£4.00/unit;£12.50/kg;cheddar-british-regional-cheese;1725416;25.4;0.1;0.1;34.9;21.7;-1;1.8
davidstow-special-reserve-250g;Davidstow Special Reserve Cheddar 250g;£3.50/unit;£14.00/kg;cheddar-british-regional-cheese;1725416;25.4;0.1;0.1;34.9;21.7;-1;1.8
del-monte-fruit-cocktail-in-juice-415g;Del Monte Fruit Cocktail In Juice 415g;£1.00/unit;£2.41/kg;dessert-fruit;Per 100g nutrition not found
del-monte-mandarins-in-juice-298g;Del Monte Mandarins In Juice 298g;£1.00/unit;£3.36/kg;dessert-fruit;Per 100g nutrition not found
del-monte-mango---papaya-juice-1l;Del Monte Mango & Papaya Juice 1L;£1.00/unit;£0.10/100ml;longer-life-juice;58;0.2;14.1;14.1;0.0;0.0;0.0;0.0
del-monte-naturally-light-orange-1l;Del Monte Naturally Light Orange 1L;£1.00/unit;£0.10/100ml;longer-life-juice;20;0.2;4.2;4.2;0;0;0;0
del-monte-naturally-light-pineapple---lime-1l;Del Monte Naturally Light Pineapple & Lime 1L;£1.00/unit;£0.10/100ml;longer-life-juice;25;0.0;5.8;5.8;0.0;0.0;0.1;0.0
del-monte-naturally-light-superfruits-juice-1l;Del Monte Naturally Light Ruby Fruits Juice 1L;£1.00/unit;£0.10/100ml;longer-life-juice;20;0.1;4.5;4.5;0;0;0.1;0
del-monte-orange-smooth-juice-1l;Del Monte Orange Smooth Juice 1L;£1.00/unit;£0.10/100ml;longer-life-juice;47;0.5;10.5;10.5;0.1;0.0;0.0;0.0
del-monte-peach-slices-in-juice-415g;Del Monte Peach Slices In Juice 415g;£1.00/unit;£2.41/kg;dessert-fruit;Per 100g nutrition not found
del-monte-peach-slices-light-syrup-420g;Del Monte Peach Slices Light Syrup 420g;£1.00/unit;£2.38/kg;dessert-fruit;Per 100g nutrition not found
del-monte-pear-halves-in-juice-415g;Del Monte Pear Halves In Juice 415g;£1.00/unit;£2.41/kg;dessert-fruit;Per 100g nutrition not found
del-monte-pear-halves-in-syrup-420g;Del Monte Pear Halves In Syrup 420g;£1.00/unit;£2.38/kg;dessert-fruit;24858;0.2;14.0;-1;0.1;-1;-1;-1
del-monte-pineapple-juice-1l;Del Monte Pineapple Juice 1L;£1.00/unit;£0.10/100ml;longer-life-juice;51;0.3;12.1;12.1;0.0;0.0;0.0;0.0
del-monte-quality-pure-apple-juice-from-concentrate-1l;Del Monte Quality Pure Apple Juice from Concentrate 1L;£1.00/unit;£0.10/100ml;longer-life-juice;47;0.1;11.3;11.3;0.1;0.0;0.0;0.0
del-monte-super-fruits-juice-1l;Del Monte Super Fruits Juice 1L;£1.00/unit;£0.10/100ml;longer-life-juice;58;0.1;14.1;14.1;0.0;0.0;0.0;0.0
del-monte-tomato-juice-1l;Del Monte Tomato Juice 1L;£1.00/unit;£0.10/100ml;longer-life-juice;21;1.1;3.3;3.3;0.0;0.0;0.6;0.2
del-monte-tropical-1l;Del Monte Tropical 1L;£1.00/unit;£0.10/100ml;longer-life-juice;58;0.1;11.8;11.8;0.1;0.0;0.2;0.0
delamere-goats-yogurt-with-honey-450g;Delamere Goats Yogurt with Honey 450g;£2.20/unit;£0.49/100g;big-pots-pouring-yogurts;513123;2.4;14.4;7.8;6.2;4.4;-1;0.01
delamere-goats-yogurt-with-honey-450g;Delamere Goats Yogurt with Honey 450g;£2.20/unit;£0.49/100g;soya-dairy-alternatives-yogurts;513123;2.4;14.4;7.8;6.2;4.4;-1;0.01
delamere-long-life-goats-milk--semi-skimmed-500ml;Delamere Long Life Goats Milk, Semi-skimmed 500ml;£1.15/unit;£2.30/ltr;longer-life-milk;18344;3.1;4.4;4.4;1.5;1;-1;0.1
delamere-long-life-goats-milk--whole-500ml;Delamere Long Life Goats Milk, Whole 500ml;£1.15/unit;£2.30/ltr;longer-life-milk;25762;3.1;4.4;4.4;3.5;2.3;-1;0.1
delamere-long-life-sterilised-milk--skimmed-1l;Delamere Long Life Sterilised Milk, Skimmed 1L;£1.10/unit;£1.10/ltr;longer-life-milk;14133;3.4;4.7;4.7;0.1;0.1;-1;0.1
delamere-long-life-sterilised-milk--whole-1l;Delamere Long Life Sterilised Milk, Whole 1L;£1.10/unit;£1.10/ltr;longer-life-milk;26864;3.2;4.7;4.7;3.6;2.1;-1;0.1
delmonte-mango-smoothie-x3-270ml;Del Monte Iced Mango Smoothie 3x90ml;£2.00/unit;£0.74/100ml;lollies-bars-cones;111;0.3;26.5;25.0;0.3;0.1;0.5;0.05
delmonte-raspberry-smoothie-x3-270ml;Del Monte Iced Raspberry Smoothie 3x90ml;£2.00/unit;£0.74/100ml;lollies-bars-cones;90;0.4;21.4;20.5;0.2;0.1;0.5;0.05
despicable-me-celebration-cake;Despicable Me Celebration Cake;£10.00/unit;£10.00/ea;celebration-cakes;415;2.1;73.4;61.4;12.4;2.9;-1;0.24
dickinson---morris-melton-mowbray-pork-pie-140g;Dickinson & Morris Melton Mowbray Pork Pie 140g;£1.30/unit;£0.93/100g;hot-cold-pies;Per 100g nutrition not found
dickinson---morris-melton-mowbray-pork-pie-140g;Dickinson & Morris Melton Mowbray Pork Pie 140g;£1.30/unit;£0.93/100g;lunchtime-snacks;Per 100g nutrition not found
dickinson---morris-melton-mowbray-pork-pie-140g;Dickinson & Morris Melton Mowbray Pork Pie 140g;£1.30/unit;£0.93/100g;sausage-rolls-savouries;Per 100g nutrition not found
dickinson---morris-melton-mowbray-pork-pie-454g;Dickinson & Morris Melton Mowbray Pork Pie 454g;£3.25/unit;£0.72/100g;hot-cold-pies;Per 100g nutrition not found
dickinson---morris-melton-mowbray-pork-pie-454g;Dickinson & Morris Melton Mowbray Pork Pie 454g;£3.25/unit;£0.72/100g;sausage-rolls-savouries;Per 100g nutrition not found
diet-cherry-coke-8x330ml;Cherry Coke Diet 8x330ml;£3.50/unit;£0.13/100ml;cola;1.0;0;0;0;0;0;-1;0.03
diet-cherry-coke-8x330ml;Cherry Coke Diet 8x330ml;£3.50/unit;£0.13/100ml;diet-sugar-free-fizzy-drinks;1.0;0;0;0;0;0;-1;0.03
diet-coke--caffeine-free-2l;Diet Coke Caffeine Free 1.75L;£1.85/unit;£0.11/100ml;cola;Per 100g nutrition not found
diet-coke--caffeine-free-2l;Diet Coke Caffeine Free 1.75L;£1.85/unit;£0.11/100ml;diet-sugar-free-fizzy-drinks;Per 100g nutrition not found
diet-coke-125l;Diet Coke 1.25L;£1.00/unit;£0.08/100ml;cola;Per 100g nutrition not found
diet-coke-12x330ml-7517073-p-44;Diet Coke 12x330ml;£4.50/unit;£0.11/100ml;cola;Per 100g nutrition not found
diet-coke-12x330ml-7517073-p-44;Diet Coke 12x330ml;£4.50/unit;£0.11/100ml;diet-sugar-free-fizzy-drinks;Per 100g nutrition not found
diet-coke-12x330ml-7517073-p-44;Diet Coke 12x330ml;£4.50/unit;£0.11/100ml;fizzy-drinks-bigger-multipacks;Per 100g nutrition not found
diet-coke-15l;Diet Coke 1.5L;£1.69/unit;£0.11/100ml;cola;Per 100g nutrition not found
diet-coke-15l;Diet Coke 1.5L;£1.69/unit;£0.11/100ml;diet-sugar-free-fizzy-drinks;Per 100g nutrition not found
diet-coke-24x330ml-pack;Diet Coke 24x330ml;£7.50/unit;£0.09/100ml;cola;Per 100g nutrition not found
diet-coke-24x330ml-pack;Diet Coke 24x330ml;£7.50/unit;£0.09/100ml;diet-sugar-free-fizzy-drinks;Per 100g nutrition not found
diet-coke-24x330ml-pack;Diet Coke 24x330ml;£7.50/unit;£0.09/100ml;fizzy-drinks-bigger-multipacks;Per 100g nutrition not found
diet-coke-330ml;Diet Coke 330ml;£0.65/unit;£0.20/100ml;cola;0.4;0;0;0;0;0;-1;0
diet-coke-330ml;Diet Coke 330ml;£0.65/unit;£0.20/100ml;diet-sugar-free-fizzy-drinks;0.4;0;0;0;0;0;-1;0
diet-coke-375ml;Diet Coke 375ml;£0.95/unit;£0.25/100ml;cola;0.4;0;0;0;0;0;-1;0
diet-coke-375ml;Diet Coke 375ml;£0.95/unit;£0.25/100ml;diet-sugar-free-fizzy-drinks;0.4;0;0;0;0;0;-1;0
diet-coke-4x2l;Diet Coke 4x1.5L;£5.00/unit;£0.08/100ml;cola;0.4;0;0;0;0;0;-1;0
diet-coke-4x2l;Diet Coke 4x1.5L;£5.00/unit;£0.08/100ml;diet-sugar-free-fizzy-drinks;0.4;0;0;0;0;0;-1;0
diet-coke-4x2l;Diet Coke 4x1.5L;£5.00/unit;£0.08/100ml;fizzy-drinks-bigger-multipacks;0.4;0;0;0;0;0;-1;0
diet-coke-8x250ml-contour-pack;Diet Coke 8x250ml (Mini Bottle);£4.00/unit;£0.20/100ml;cola;Per 100g nutrition not found
diet-coke-8x250ml-contour-pack;Diet Coke 8x250ml (Mini Bottle);£4.00/unit;£0.20/100ml;diet-sugar-free-fizzy-drinks;Per 100g nutrition not found
diet-coke-8x330ml;Diet Coke 8x330ml;£3.50/unit;£0.13/100ml;cola;Per 100g nutrition not found
diet-coke-8x330ml;Diet Coke 8x330ml;£3.50/unit;£0.13/100ml;diet-sugar-free-fizzy-drinks;Per 100g nutrition not found
diet-coke-caffeine-free-12x330ml;Diet Coke Caffeine Free 12x330ml;£4.50/unit;£0.11/100ml;cola;0.4;0;0;0;0;0;-1;0
diet-coke-caffeine-free-12x330ml;Diet Coke Caffeine Free 12x330ml;£4.50/unit;£0.11/100ml;diet-sugar-free-fizzy-drinks;0.4;0;0;0;0;0;-1;0
diet-coke-caffeine-free-12x330ml;Diet Coke Caffeine Free 12x330ml;£4.50/unit;£0.11/100ml;fizzy-drinks-bigger-multipacks;0.4;0;0;0;0;0;-1;0
diet-coke-caffeine-free-8x330ml;Diet Coke Caffeine Free 8x330ml;£3.50/unit;£0.13/100ml;cola;0.4;0;0;0;0;0;-1;0
diet-coke-caffeine-free-8x330ml;Diet Coke Caffeine Free 8x330ml;£3.50/unit;£0.13/100ml;diet-sugar-free-fizzy-drinks;0.4;0;0;0;0;0;-1;0
diet-coke-citrus-zest-2l;Diet Coke Citrus Zest 1.75L;£1.85/unit;£0.11/100ml;cola;Per 100g nutrition not found
diet-coke-citrus-zest-2l;Diet Coke Citrus Zest 1.75L;£1.85/unit;£0.11/100ml;diet-sugar-free-fizzy-drinks;Per 100g nutrition not found
diet-coke-citrus-zest-8x330ml;Diet Coke Citrus Zest 8x330ml;£3.50/unit;£0.13/100ml;cola;1.1;0;0;0;0;0;-1;0.02
diet-coke-citrus-zest-8x330ml;Diet Coke Citrus Zest 8x330ml;£3.50/unit;£0.13/100ml;diet-sugar-free-fizzy-drinks;1.1;0;0;0;0;0;-1;0.02
diet-coke-glass-bottle-6x330ml;Diet Coke 6x330ml (Glass Bottle);£4.50/unit;£0.23/100ml;cola;Per 100g nutrition not found
diet-coke-glass-bottle-6x330ml;Diet Coke 6x330ml (Glass Bottle);£4.50/unit;£0.23/100ml;diet-sugar-free-fizzy-drinks;Per 100g nutrition not found
diet-coke-mini-150ml;Diet Coke Mini 150ml;£0.45/unit;£0.30/100ml;cola;1.60.4;0;0;0;0;0;-1;0
diet-coke-mini-150ml;Diet Coke Mini 150ml;£0.45/unit;£0.30/100ml;diet-sugar-free-fizzy-drinks;1.60.4;0;0;0;0;0;-1;0
diet-coke-mini-150ml;Diet Coke Mini 150ml;£0.45/unit;£0.30/100ml;mixers-12333-44;1.60.4;0;0;0;0;0;-1;0
diet-coke-mini-150ml;Diet Coke Mini 150ml;£0.45/unit;£0.30/100ml;mixers;1.60.4;0;0;0;0;0;-1;0
diet-coke-mini-cans-12x150ml;Diet Coke Mini 12x150ml;£4.25/unit;£0.24/100ml;cola;Per 100g nutrition not found
diet-coke-mini-cans-12x150ml;Diet Coke Mini 12x150ml;£4.25/unit;£0.24/100ml;fizzy-drinks-bigger-multipacks;Per 100g nutrition not found
diet-coke-mini-cans-12x150ml;Diet Coke Mini 12x150ml;£4.25/unit;£0.24/100ml;mixers-12333-44;Per 100g nutrition not found
diet-coke-mini-cans-12x150ml;Diet Coke Mini 12x150ml;£4.25/unit;£0.24/100ml;mixers;Per 100g nutrition not found
diet-coke-with-cherry-2l;Cherry Coke Diet 1.75L;£1.85/unit;£0.11/100ml;cola;Per 100g nutrition not found
diet-coke-with-cherry-2l;Cherry Coke Diet 1.75L;£1.85/unit;£0.11/100ml;diet-sugar-free-fizzy-drinks;Per 100g nutrition not found
diet-pepsi-2l;Diet Pepsi 2L;£1.85/unit;£0.09/100ml;cola;30.6;0;0;0;0;0;-1;0.05
diet-pepsi-2l;Diet Pepsi 2L;£1.85/unit;£0.09/100ml;diet-sugar-free-fizzy-drinks;30.6;0;0;0;0;0;-1;0.05
diet-pepsi-600ml;Diet Pepsi 600ml;£1.25/unit;£0.21/100ml;cola;0.6;0;0.1;0;0;0;0;
diet-pepsi-600ml;Diet Pepsi 600ml;£1.25/unit;£0.21/100ml;diet-sugar-free-fizzy-drinks;0.6;0;0.1;0;0;0;0;
diet-pepsi-8x330ml;Diet Pepsi 8x330ml;£3.50/unit;£0.13/100ml;cola;30.6;0;0;0;0;0;-1;0.05
diet-pepsi-8x330ml;Diet Pepsi 8x330ml;£3.50/unit;£0.13/100ml;diet-sugar-free-fizzy-drinks;30.6;0;0;0;0;0;-1;0.05
diet-pepsi-caffeine-free-2l;Diet Pepsi Caffeine Free 2L;£1.85/unit;£0.09/100ml;cola;0.6;0;0.1;0;0;0;0;
diet-pepsi-caffeine-free-8x330ml;Diet Pepsi Caffeine Free 8x330ml;£3.20/unit;£0.16/100ml;cola;30.6;0;0;0;0;0;-1;0.05
dietary-special-8-yorkshire-pudding-124g;Dietary Special Gluten Free Yorkshire Puddings x8 124g;£1.95/unit;£15.73/1000g;frozen-freefrom;302;11;33;1.6;14;1.3;0.7;0.40
dietary-special-8-yorkshire-pudding-124g;Dietary Special Gluten Free Yorkshire Puddings x8 124g;£1.95/unit;£15.73/1000g;frozen-yorkshire-puddings;302;11;33;1.6;14;1.3;0.7;0.40
dietary-special-gluten-free-apple-crumble-2x120g;Dietary Special Gluten Free Apple Crumble 2x120g;£3.00/unit;£12.50/kg;frozen-freefrom;255;0.6;43;19;9.2;3.0;0.9;0.09;0.22
dietary-special-gluten-free-apple-crumble-2x120g;Dietary Special Gluten Free Apple Crumble 2x120g;£3.00/unit;£12.50/kg;frozen-hot-desserts;255;0.6;43;19;9.2;3.0;0.9;0.09;0.22
dietary-special-gluten-free-white-rolls-6x58g;Dietary Special Gluten Free White Rolls 6x58g;£2.50/unit;£7.18/kg;frozen-freefrom;1092259;1.7;53;2.4;3.3;0.5;5.0;0.62;1.6
dietary-specials-sausage-rolls-200g;Dietary Special Gluten Free Sausage Rolls 200g;£2.00/unit;£10.00/kg;frozen-freefrom;956228;10.7;17.1;0.5;12.7;5.8;1.7;1.13
dietary-specials-sausage-rolls-200g;Dietary Special Gluten Free Sausage Rolls 200g;£2.00/unit;£10.00/kg;frozen-snacks;956228;10.7;17.1;0.5;12.7;5.8;1.7;1.13
dietary-specials-shortcrust-pastry-400g;Dietary Special Gluten Free Shortcrust Pastry 400g;£2.50/unit;£6.25/kg;frozen-baking-pastry;1685403;2.1;51.3;5.0;21.0;9.2;0;0.38
dietary-specials-shortcrust-pastry-400g;Dietary Special Gluten Free Shortcrust Pastry 400g;£2.50/unit;£6.25/kg;frozen-freefrom;1685403;2.1;51.3;5.0;21.0;9.2;0;0.38
dietary-specials-shortcrust-pastry-400g;Dietary Special Gluten Free Shortcrust Pastry 400g;£2.50/unit;£6.25/kg;frozen-pastry-baking;1685403;2.1;51.3;5.0;21.0;9.2;0;0.38
dina-hand-made-baklawa-snack-pack;Dina Hand Made Baklawa Snack Pack;£0.90/unit;£0.90/ea;continental-cakes;Per 100g nutrition not found
dina-luxury-baklawa-250g;Dina Luxury Baklawa 250g;£3.50/unit;£1.40/100g;continental-cakes;486;8.1;48.7;26.5;28.7;11.5;4.6;0.18;0.46
discovery-chilli---jalapeno-tortillas-320g;Santa Maria Soft Tortillas, Chilli & Jalapeno x8 320g;£1.50/unit;£0.47/100g;wraps-bagels-pittas;303;7.4;50.9;5.8;7.0;3.3;-1;3.0
discovery-mexican-plain-flour-large-tortillas-x6-312g;Santa Maria Tortillas, Plain Flour Large x6 312g;£1.50/unit;£0.48/100g;wraps-bagels-pittas;295;7.5;50.8;3.2;6.3;3.0;-1;3.0
discovery-preserve-free-tortillas-320g;Santa Maria Tortillas, Plain Flour Preservative Free 320g;£1.50/unit;£0.47/100g;wraps-bagels-pittas;301;7.3;50.4;7.5;7.2;3.5;-1;2.7
discovery-soft-corn-tortillas-x8-320g;Santa Maria Corn & Wheat Soft Tortillas x8 320g;£1.50/unit;£0.47/100g;wraps-bagels-pittas;284;7.4;52.3;2.0;4.3;2.0;-1;1.5
discovery-wholemeal-tortillas-320g;Santa Maria Tortillas, Wholemeal x8 320g;£1.50/unit;£0.47/100g;wraps-bagels-pittas;295;10.0;44.0;2.7;7.4;3.3;-1;1.3
disney-cars-orange-juice-drink-3x200ml;Disney Cars Orange Juice Drink 3x200ml;£0.70/unit;£0.12/100ml;longer-life-juice;51;0;0.1;0.1;0;0;0;
disney-frozen-fromage-frais-9x40g;Disney Frozen Fromage Frais 9x40g;£1.50/unit;£0.42/100g;kids-yogurts;95;5.4;12.0;11.8;2.8;1.9;-1;0.18;
disney-minnie-mouse-cake;Disney Minnie Mouse Cake;£10.00/unit;£10.00/ea;celebration-cakes;396;2.2;69.5;50.9;12.0;2.9;-1;0.39
disney-monsters-apple-juice-drink-3x200ml;Disney Monsters Apple Juice Drink 3x200ml;£0.70/unit;£0.12/100ml;longer-life-juice;72;0;0.2;0.2;0;0;0;
disney-pixar-freezepops-40x20ml;Disney Pixar Freezepops 40x20ml;£1.10/unit;£0.14/100ml;ice-cream-cones-wafers;5.41.2;0;0;0;0;0;0;
disney-pixar-freezepops-40x20ml;Disney Pixar Freezepops 40x20ml;£1.10/unit;£0.14/100ml;kids-lunchbox-fruit-desserts;5.41.2;0;0;0;0;0;0;
disney-pixar-freezepops-40x20ml;Disney Pixar Freezepops 40x20ml;£1.10/unit;£0.14/100ml;lollies-bars-cones;5.41.2;0;0;0;0;0;0;
disney-princess-blackcurrant-juice-drink-3x200ml;Disney Princess Blackcurrant Juice Drink 3x200ml;£0.70/unit;£0.12/100ml;longer-life-juice;51;0;0.1;0.1;0;0;0;
disney-princess-traybake;Disney Princess Traybake;£7.00/unit;£7.00/ea;celebration-cakes;373;3.1;63.9;45.0;11.2;4.3;1.9;0.45;
disney-snack-desserts-4x26g;Disney Snack Yogurt Desserts 4x26g;£1.00/unit;£0.96/100g;kids-yogurts;Per 100g nutrition not found
dobla-chocolate-dessert-cups-96g;Dobla Ice Cream Chocolate Dessert Cups x8 196g;£2.30/unit;£2.40/100g;ice-cream-cones-wafers;Per 100g nutrition not found
dobla-chocolate-dessert-cups-96g;Dobla Ice Cream Chocolate Dessert Cups x8 196g;£2.30/unit;£2.40/100g;wafers-sauces-toppings;Per 100g nutrition not found
dole-fruit-festival-in-juice-4x113g;Dole Fruit Festival In Juice 4x113g;£2.00/unit;£4.42/kg;dessert-fruit;Per 100g nutrition not found
dole-mandarins-in-grape-juice-4x113g;Dole Mandarins In Grape Juice 4x113g;£2.00/unit;£4.42/kg;dessert-fruit;Per 100g nutrition not found
dole-mandarins-in-jelly-x4-113g;Dole Mandarins In Jelly x4 113g;£2.45/unit;£0.50/100g;dessert-fruit;33179;0.1;19.6;18;0.1;0.1;0.6;0.1
dole-mandarins-in-jelly-x4-113g;Dole Mandarins In Jelly x4 113g;£2.45/unit;£0.50/100g;dessert-pots;33179;0.1;19.6;18;0.1;0.1;0.6;0.1
dole-mandarins-in-jelly-x4-113g;Dole Mandarins In Jelly x4 113g;£2.45/unit;£0.50/100g;jelly;33179;0.1;19.6;18;0.1;0.1;0.6;0.1
dole-mixed-fruit-in-peach-jelly-4x113g;Dole Mixed Fruit In Peach Jelly 4x113g;£2.45/unit;£0.54/100g;dessert-fruit;78;0.1;19.3;18;0.1;0.1;0.8;0.1
dole-mixed-fruit-in-peach-jelly-4x113g;Dole Mixed Fruit In Peach Jelly 4x113g;£2.45/unit;£0.54/100g;dessert-pots;78;0.1;19.3;18;0.1;0.1;0.8;0.1
dole-mixed-fruit-in-peach-jelly-4x113g;Dole Mixed Fruit In Peach Jelly 4x113g;£2.45/unit;£0.54/100g;jelly;78;0.1;19.3;18;0.1;0.1;0.8;0.1
dole-peaches-in-juice-4x113g;Dole Peaches In Juice 4x113g;£2.00/unit;£4.42/kg;dessert-fruit;Per 100g nutrition not found
dole-peaches-in-strawberry-jelly-4x113g;Dole Peaches In Strawberry Jelly 4x113g;£2.45/unit;£0.50/100g;dessert-fruit;32678;0.1;19.3;18;0.1;0.1;0.8;0.1
dole-peaches-in-strawberry-jelly-4x113g;Dole Peaches In Strawberry Jelly 4x113g;£2.45/unit;£0.50/100g;dessert-pots;32678;0.1;19.3;18;0.1;0.1;0.8;0.1
dole-peaches-in-strawberry-jelly-4x113g;Dole Peaches In Strawberry Jelly 4x113g;£2.45/unit;£0.50/100g;jelly;32678;0.1;19.3;18;0.1;0.1;0.8;0.1
dole-pineapple-in-juice-4x113g;Dole Pineapple In Juice 4x113g;£2.00/unit;£4.42/kg;dessert-fruit;Per 100g nutrition not found
dole-tropical-fruit-in-juice-4x113g;Dole Tropical Fruit In Juice 4x113g;£2.00/unit;£4.42/kg;dessert-fruit;Per 100g nutrition not found
dole-tropical-fruitinjelly-%284x123g%29-492g;Dole Tropical Fruitinjelly (4x123g) 492g;£2.45/unit;£0.50/100g;dessert-fruit;Per 100g nutrition not found
dole-tropical-fruitinjelly-%284x123g%29-492g;Dole Tropical Fruitinjelly (4x123g) 492g;£2.45/unit;£0.50/100g;dessert-pots;Per 100g nutrition not found
dole-tropical-fruitinjelly-%284x123g%29-492g;Dole Tropical Fruitinjelly (4x123g) 492g;£2.45/unit;£0.50/100g;jelly;Per 100g nutrition not found
dole-tropical-gold-pineapple-chunks-in-juice-432g;Dole Tropical Gold Pineapple Chunks In Juice 432g;£1.00/unit;£2.31/kg;dessert-fruit;Per 100g nutrition not found
dole-tropical-gold-pineapple-slices-in-juice-227g;Dole Tropical Gold Pineapple Slices In Juice 227g;£0.80/unit;£3.52/kg;dessert-fruit;65;0.4;15;12;0.1;0;1;0.1
dole-tropical-gold-pineapple-slices-in-juice-432g;Dole Tropical Gold Pineapple Slices In Juice 432g;£1.00/unit;£2.31/kg;dessert-fruit;Per 100g nutrition not found
dorset-berries---cherries-800g;Dorset Cereals Berries & Cherries 800g;£3.00/unit;£0.38/100g;bigger-packs;332;7;67;36;2.1;0.3;8.3;0.02;125
dorset-berries---cherries-800g;Dorset Cereals Berries & Cherries 800g;£3.00/unit;£0.38/100g;muesli-granola-clusters;332;7;67;36;2.1;0.3;8.3;0.02;125
dorset-cereals-gloriously-nutty-600g;Dorset Cereals Gloriously Nutty 600g;£3.00/unit;£0.50/100g;muesli-granola-clusters;388;11;53;24;13;1.7;9.3;0.02;125
dorset-cereals-oat-granola-550g;Dorset Cereals Oat Granola 550g;£3.00/unit;£0.55/100g;muesli-granola-clusters;443;8.8;60;15;17;2.1;7.4;0.2;125
dorset-cereals-simply-fruity-muesli-820g;Dorset Cereals Simply Fruity Muesli 820g;£2.80/unit;£0.34/100g;bigger-packs;337;7.3;68;26;2.4;0.4;6.8;0.06;125
dorset-cereals-simply-fruity-muesli-820g;Dorset Cereals Simply Fruity Muesli 820g;£2.80/unit;£0.34/100g;muesli-granola-clusters;337;7.3;68;26;2.4;0.4;6.8;0.06;125
dorset-cereals-simply-nut-granola-550g;Dorset Cereals Simply Nut Granola 550g;£3.00/unit;£0.55/100g;muesli-granola-clusters;500;11;48;13;27;5.6;8.3;0.1;125
dorset-cereals-simply-nutty-700g;Dorset Cereals Simply Nutty 700g;£2.80/unit;£0.40/100g;muesli-granola-clusters;378;11;58;14;9.2;1.5;11;0.02;125
dorset-honey-granola-550g;Dorset Cereals Honey Granola 550g;£3.80/unit;£0.69/100g;muesli-granola-clusters;484;13;51;13;25;2.8;5.6;0.04;125
dorset-muesli-variety-pack-510g-%286x85g%29;Dorset Cereals Muesli Variety Pack 510g (6x85g);£4.30/unit;£0.84/100g;muesli-granola-clusters;337;7.3;68;26;2.4;0.4;6.8;0.06
dorset-roasted-hazelnut---raisins-700g;Dorset Cereals Roasted Nuts & Seeds 700g;£3.00/unit;£0.43/100g;muesli-granola-clusters;383;10;58;23;8.9;1.1;8.6;0.02;125
dorset-simply-delicious-muesli-850g;Dorset Cereals Simply Delicious Muesli 850g;£2.80/unit;£0.33/100g;bigger-packs;356;9.9;58;17;7.4;1.1;8.9;0.02;125
dorset-simply-delicious-muesli-850g;Dorset Cereals Simply Delicious Muesli 850g;£2.80/unit;£0.33/100g;muesli-granola-clusters;356;9.9;58;17;7.4;1.1;8.9;0.02;125
dorset-tasty-brazil---hazelnut-muesli-650g;Dorset Cereals Toasted Hazelnut & Brazil Muesli 650g;£3.80/unit;£0.58/100g;muesli-granola-clusters;409;9.8;56;15;14;5.5;9;0.4;125
dorset-tasty-toasted-spelt--fruit---nut-museli-690g;Dorset Cereals Toasted Spelt, Fruit & Nut Muesli 690g;£3.80/unit;£0.58/100g;muesli-granola-clusters;380;9.2;62;27;9.2;1.1;7.4;0.72;125
dorset-tasty-toasty-berry-muesli-650g;Dorset Cereals Toasted Raspberry & Apple Muesli 650g;£3.80/unit;£0.58/100g;muesli-granola-clusters;365;8.5;67;19;5.2;0.9;9.2;0.5;125
dorst-cereal-chocolate---macadamia-granola-550g;Dorset Cereals Chocolate, Macadamia & Almond Granola 550g;£3.80/unit;£0.69/100g;muesli-granola-clusters;456;8.6;54;24;22;4.1;7.2;0.15;125
dr-pepper-500ml;Dr Pepper 500ml;£1.25/unit;£0.25/100ml;fruit-flavoured;Per 100g nutrition not found
dr-pepper-sparkling-drink-2l;Dr Pepper Sparkling Drink 2L;£1.85/unit;£0.09/100ml;fruit-flavoured;Per 100g nutrition not found
dr-pepper-sparkling-drink-6x330ml;Dr Pepper Sparkling Drink 6x330ml;£3.20/unit;£0.16/100ml;fruit-flavoured;29;0;7.2;7.2;0;0;-1;0
dr-pepper-zero-2l;Dr Pepper Zero 2L;£1.85/unit;£0.09/100ml;diet-sugar-free-fizzy-drinks;Per 100g nutrition not found
dr-pepper-zero-2l;Dr Pepper Zero 2L;£1.85/unit;£0.09/100ml;fruit-flavoured;Per 100g nutrition not found
dr-pepper-zero-6x330ml;Dr Pepper Zero 6x330ml;£3.20/unit;£0.16/100ml;diet-sugar-free-fizzy-drinks;0.4;0;0;0;0;0;-1;0.02
dr-pepper-zero-6x330ml;Dr Pepper Zero 6x330ml;£3.20/unit;£0.16/100ml;fruit-flavoured;0.4;0;0;0;0;0;-1;0.02
drink-me-spiced-chai-250g-6819821-p-44;Drink Me Chai Spiced Latte 250g;£2.00/unit;£0.80/100g;hot-chocolate-milky-drinks;452;7.6;70.5;64.7;15.3;13.8;1.2;0.8
drink-me-vanilla-chai-latte-250g;Drink Me Chai Vanilla Latte 250g;£2.00/unit;£0.80/100g;instant-coffee;454;7.9;70.5;60.2;15.5;13.8;0.7;0.8
eat-17-bacon-jam-105g;Eat 17 Bacon Jam 105g;£2.50/unit;£2.38/100g;chutneys-pickle-relishes;-1;8;33;27;7.8;2.2;-1;0.75
eat-17-chorizo-jam-110g;Eat 17 Chorizo Jam 110g;£3.00/unit;£2.73/100g;chutneys-pickle-relishes;-1;10;41;14;14;4;-1;2.1
eat-natural-crunchy-toasted-muesli--nuts---seeds-500g;Eat Natural Crunchy Toasted Muesli, Nuts & Seeds 500g;£3.00/unit;£0.60/100g;muesli-granola-clusters;1749438;11.5;38.9;12.9;22.2;5.6;7.9;0.29
edlers-savoury-pastry-case-195g;Edlers Savoury Pastry Case 195g;£1.00/unit;£0.51/100g;meringues-bases;2060493;8.0;45.9;6.7;30.9;7.2;2.3;0.36;0.9
edlers-sweet-pastry-case-195g;Edlers Sweet Pastry Case 195g;£1.00/unit;£0.51/100g;meringues-bases;Per 100g nutrition not found
effect-the-mental-energizer-330ml;Effect The Mental Energizer 330ml;£1.00/unit;£0.30/100ml;energy-drinks;Per 100g nutrition not found
effect-the-mental-energizer-330ml;Effect The Mental Energizer 330ml;£1.00/unit;£0.30/100ml;sports-energy-drinks;Per 100g nutrition not found
effect-the-mental-energizer-zero-sugar-330ml;Effect The Mental Energizer Zero Sugar 330ml;£1.00/unit;£0.30/100ml;energy-drinks;Per 100g nutrition not found
effect-the-mental-energizer-zero-sugar-330ml;Effect The Mental Energizer Zero Sugar 330ml;£1.00/unit;£0.30/100ml;sports-energy-drinks;Per 100g nutrition not found
ellas-kitchen-organic-apple--banana--pear---kiwi-fruits--the-green-one-90g;Ella's Kitchen Squished Fruits Smoothie, The Green One 6+ Months 90g;£0.80/unit;£0.89/100g;dessert-fruit;58;0.4;13.4;13.1;0;0;1.8;0.01
ellas-kitchen-organic-apple--banana--pear---kiwi-fruits--the-green-one-90g;Ella's Kitchen Squished Fruits Smoothie, The Green One 6+ Months 90g;£0.80/unit;£0.89/100g;snacking-fruit-nuts;58;0.4;13.4;13.1;0;0;1.8;0.01
ellas-kitchen-organic-banana--apple--blackcurrant---blueberries--the-purple-one-90g;Ella's Kitchen Squished Fruits Smoothie, The Purple One 6+ Months 90g;£0.80/unit;£0.89/100g;dessert-fruit;64;0.7;13.8;13.8;0.1;0.1;3.3;0.01
ellas-kitchen-organic-banana--apple--blackcurrant---blueberries--the-purple-one-90g;Ella's Kitchen Squished Fruits Smoothie, The Purple One 6+ Months 90g;£0.80/unit;£0.89/100g;snacking-fruit-nuts;64;0.7;13.8;13.8;0.1;0.1;3.3;0.01
ellas-kitchen-smoothie-fruit--the-red-one-450g;Ella's Kitchen Squished Fruits Smoothie, The Red One 6+ Months 450g;£3.25/unit;£0.72/100g;dessert-fruit;53;0.6;11.5;11.5;0.1;0.1;1.9;0.01
ellas-kitchen-smoothie-fruit--the-red-one-450g;Ella's Kitchen Squished Fruits Smoothie, The Red One 6+ Months 450g;£3.25/unit;£0.72/100g;snacking-fruit-nuts;53;0.6;11.5;11.5;0.1;0.1;1.9;0.01
ellas-kitchen-the-red-one-squished-smoothie-fruits-90g;Ella's Kitchen Squished Fruits Smoothie, The Red One 6+ Months 90g;£0.80/unit;£0.89/100g;dessert-fruit;53;0.6;11.5;11.5;0.1;0.1;1.9;0.01
ellas-kitchen-the-red-one-squished-smoothie-fruits-90g;Ella's Kitchen Squished Fruits Smoothie, The Red One 6+ Months 90g;£0.80/unit;£0.89/100g;snacking-fruit-nuts;53;0.6;11.5;11.5;0.1;0.1;1.9;0.01
ellas-the-purple-one-x5-90g;Ella's Kitchen Squished Fruits Smoothie, The Purple One 6+ Months 5x90g;£3.25/unit;£0.04/g;dessert-fruit;64;0.7;13.8;13.8;0;0;3.3;0.01
ellas-the-purple-one-x5-90g;Ella's Kitchen Squished Fruits Smoothie, The Purple One 6+ Months 5x90g;£3.25/unit;£0.04/g;snacking-fruit-nuts;64;0.7;13.8;13.8;0;0;3.3;0.01
elmlea-double-cream-substitute-284ml;Elmlea Double Cream Alternative 284ml;£0.85/unit;£0.30/100ml;fresh-cream-custard;1452351;2.4;3.9;3.8;36;25;-1;0.12;11518
elmlea-double-cream-substitute-568ml;Elmlea Double Cream Alternative 568ml;£1.40/unit;£0.25/100ml;fresh-cream-custard;1452351;2.4;3.9;3.8;36;25;-1;0.12;11537
elmlea-light-double-cream-substitute-284ml;Elmlea Light Double Cream Alternative 284ml;£0.85/unit;£0.30/100ml;fresh-cream-custard;1027247;2.7;4.2;4.1;25;21;-1;0.14;11518
elmlea-light-single-cream-substitute-284ml;Elmlea Light Single Cream Alternative 284ml;£0.70/unit;£0.25/100ml;fresh-cream-custard;515124;3.3;4.4;4.4;10;7.9;-1;0.1;11518
elmlea-single-cream-substitute-284ml;Elmlea Single Cream Alternative 284ml;£0.70/unit;£0.25/100ml;fresh-cream-custard;661159;3;4.5;4.5;15;9.2;-1;0.16;11518
emerge-orange-sports-drink-4x500ml;Emerge Orange Sports Drink 4x500ml;£1.70/unit;£0.09/100ml;sports-drinks;11828;0;6.5;5.8;0;0;0;;0.12
emerge-tropical-berry-sports-drink-4x500ml;Emerge Tropical Berry Sports Drink 4x500ml;£1.70/unit;£0.09/100ml;sports-drinks;8420;0;4.6;3.9;0;0;0;;0.1
emmi-caffe-latte-light-iced-coffee-230ml;Emmi Caffe Latte Light Iced Coffee 230ml;£1.60/unit;£6.96/ltr;drinks-fresh-milk;39;2.5;5.5;5.5;0.8;0.5;-1;0.15
emmi-caffe-latte-light-iced-coffee-230ml;Emmi Caffe Latte Light Iced Coffee 230ml;£1.60/unit;£6.96/ltr;flavoured-milk-92153-44;39;2.5;5.5;5.5;0.8;0.5;-1;0.15
emmi-caffe-latte-light-iced-coffee-230ml;Emmi Caffe Latte Light Iced Coffee 230ml;£1.60/unit;£6.96/ltr;flavoured-milk;39;2.5;5.5;5.5;0.8;0.5;-1;0.15
emmi-caffe-latte-light-iced-coffee-230ml;Emmi Caffe Latte Light Iced Coffee 230ml;£1.60/unit;£6.96/ltr;instant-coffee;39;2.5;5.5;5.5;0.8;0.5;-1;0.15
emmi-cappuccino-caffe-latte-iced-coffee-230ml;Emmi Caffe Latte Cappuccino Iced Coffee 230ml;£1.60/unit;£6.96/ltr;drinks-fresh-milk;Per 100g nutrition not found
emmi-cappuccino-caffe-latte-iced-coffee-230ml;Emmi Caffe Latte Cappuccino Iced Coffee 230ml;£1.60/unit;£6.96/ltr;flavoured-milk-92153-44;Per 100g nutrition not found
emmi-cappuccino-caffe-latte-iced-coffee-230ml;Emmi Caffe Latte Cappuccino Iced Coffee 230ml;£1.60/unit;£6.96/ltr;flavoured-milk;Per 100g nutrition not found
emmi-cappuccino-caffe-latte-iced-coffee-230ml;Emmi Caffe Latte Cappuccino Iced Coffee 230ml;£1.60/unit;£6.96/ltr;instant-coffee;Per 100g nutrition not found
english-provendor-co-apple-pear---fig-chutney-310g;The English Provender Co, Apple Pear & Fig Chutney 310g;£2.00/unit;£0.65/100g;chutneys-pickle-relishes;770181;0.13;44.3;41.5;0.36;0.1;2.6;0.46;1.15
english-provendor-co-caramelised-onion-chutney-325g;The English Provender Co, Caramelised Onion Chutney 325g;£2.00/unit;£0.62/100g;chutneys-pickle-relishes;938221;0.93;53.1;55.3;0.56;0.1;0.83;0.48;1.2
english-provendor-co-hot-chilly---pepper-chutney-310g;The English Provender Co, Hot Chilli & Red Pepper Chutney 310g;£2.00/unit;£0.65/100g;chutneys-pickle-relishes;1013239;0.3;58.6;54.3;0.3;0.1;2.2;0.58;1.45
english-provendor-co-morocan-chutney-300g;The English Provender Co, Moroccan Spiced Chutney 300g;£2.00/unit;£0.67/100g;chutneys-pickle-relishes;680160;0.6;37.6;34.9;0.8;0.36;2.1;0.64;1.6
english-provendor-co-plum---apple-chutney-300g;The English Provender Co, Plum & Bramley Apple Chutney 300g;£2.00/unit;£0.67/100g;chutneys-pickle-relishes;713168;0.2;40.9;36.9;0.36;0.1;-1;1
epc-balsamic-dressing-275g;The English Provender Co, Balsamic Dressing 275g;£2.30/unit;£0.81/100g;salad-dressings;36185;0.1;16.4;13.8;2.2;0.1;-1;0.7
epc-caesar-dressing-275g;The English Provender Co, Caesar Dressing 275g;£2.30/unit;£0.88/100g;salad-dressings;1087438;1.6;10;8.4;43.4;4.2;-1;1.5
epc-french-vinaigrette-275g;The English Provender Co, French Vinaigrette 275g;£2.30/unit;£0.84/100ml;salad-dressings;30272;0.3;8.3;5.8;1.5;0.3;-1;1.0
epc-house-dressing-280g;The English Provender Co, House Dressing 280g;£2.30/unit;£0.88/100g;salad-dressings;1937470;1.7;7.7;7.4;48;3.2;-1;1.2
evian-mineral-water-2l;Evian Mineral Water 2L;£0.85/unit;£0.04/100ml;still-water;Per 100g nutrition not found
evian-mineral-water-4x750ml-%28sports-cap%29;Evian Mineral Water 4x750ml (Sports Cap);£2.60/unit;£0.09/100ml;sports-cap-water;Per 100g nutrition not found
evian-mineral-water-4x750ml-%28sports-cap%29;Evian Mineral Water 4x750ml (Sports Cap);£2.60/unit;£0.09/100ml;still-water;Per 100g nutrition not found
evian-mineral-water-500ml;Evian Mineral Water 500ml;£0.50/unit;£0.10/100ml;still-water;Per 100g nutrition not found
evian-mineral-water-6x15l;Evian Mineral Water 6x1.5L;£3.50/unit;£0.04/100ml;still-water;Per 100g nutrition not found
evian-mineral-water-6x15l;Evian Mineral Water 6x1.5L;£3.50/unit;£0.04/100ml;water-bigger-multipacks;Per 100g nutrition not found
evian-mineral-water-6x500ml;Evian Mineral Water 6x500ml;£2.25/unit;£0.08/100ml;still-water;Per 100g nutrition not found
evian-mineral-water-750ml-%28sports-cap%29;Evian Mineral Water 750ml (Sports Cap);£0.85/unit;£0.11/100ml;sports-cap-water;Per 100g nutrition not found
evian-mineral-water-750ml-%28sports-cap%29;Evian Mineral Water 750ml (Sports Cap);£0.85/unit;£0.11/100ml;still-water;Per 100g nutrition not found
fanta-fruit-twist-drink-2l;Fanta Fruit Twist Drink 2L;£1.85/unit;£0.09/100ml;fruit-flavoured;Per 100g nutrition not found
fanta-fruit-twist-drink-500ml;Fanta Fruit Twist Drink 500ml;£1.25/unit;£0.25/100ml;fruit-flavoured;26;0;6.4;6.4;0;0;-1;
fanta-fruit-twist-x6-330ml;Fanta Fruit Twist x6 330ml;£3.20/unit;£0.16/100ml;fruit-flavoured;26;0;6.4;6.4;0;0;-1;0
fanta-lemon-2l;Fanta Lemon 2L;£1.85/unit;£0.09/100ml;fruit-flavoured;34;0;8.3;8.3;0;0;-1;0
fanta-lemon-2l;Fanta Lemon 2L;£1.85/unit;£0.09/100ml;lemonade;34;0;8.3;8.3;0;0;-1;0
fanta-mango---passionfruit-2l;Fanta Mango & Passionfruit 2L;£1.85/unit;£0.09/100ml;fruit-flavoured;Per 100g nutrition not found
fanta-mango---passionfruit-6x330ml;Fanta Mango & Passionfruit 6x330ml;£3.20/unit;£0.16/100ml;fruit-flavoured;Per 100g nutrition not found
fanta-orange-sparkling-drink-2l;Fanta Orange Sparkling Drink 2L;£1.85/unit;£0.09/100ml;fruit-flavoured;Per 100g nutrition not found
fanta-orange-sparkling-drink-500ml;Fanta Orange Sparkling Drink 500ml;£1.25/unit;£0.25/100ml;fruit-flavoured;Per 100g nutrition not found
fanta-orange-x6-330ml;Fanta Orange x6 330ml;£3.20/unit;£0.16/100ml;fruit-flavoured;29;0;6.9;6.9;0;0;-1;0
fanta-orange-zero-2l;Fanta Orange Light Zero 2L;£1.85/unit;£0.09/100ml;diet-sugar-free-fizzy-drinks;Per 100g nutrition not found
fanta-orange-zero-2l;Fanta Orange Light Zero 2L;£1.85/unit;£0.09/100ml;fruit-flavoured;Per 100g nutrition not found
fanta-orange-zero-6x330ml;Fanta Orange Zero 6x330ml;£3.20/unit;£0.16/100ml;diet-sugar-free-fizzy-drinks;3.1;0;0.5;0.5;0;0;-1;0
fanta-orange-zero-6x330ml;Fanta Orange Zero 6x330ml;£3.20/unit;£0.16/100ml;fruit-flavoured;3.1;0;0.5;0.5;0;0;-1;0
fanta-peach--apricot-6x330ml;Fanta Peach & Apricot 6x330ml;£3.20/unit;£0.16/100ml;fruit-flavoured;42;0;10.1;10.1;0;0;-1;0
fanta-raspberry---passionfruit-2l;Fanta Raspberry & Passionfruit 2L;£1.85/unit;£0.09/100ml;fruit-flavoured;Per 100g nutrition not found
feel-good-orange---passionfruit--sparkling-750ml;Feel Good Orange & Passionfruit, Sparkling 750ml;£2.00/unit;£0.27/100ml;adult-soft-drinks;38;0.2;9.1;9.1;0;-1;0.1;0
feel-good-raspberry---passionfruit--sparkling-750ml;Feel Good Raspberry & Passionfruit, Sparkling 750ml;£2.00/unit;£0.27/100ml;adult-soft-drinks;38;0.1;9.2;9.1;0;-1;0.1;0
feel-good-strawberry-daiquiri-750ml;Feel Good Non Alcoholic Cocktail, Strawberry Daiquiri 750ml;£2.50/unit;£0.33/100ml;adult-soft-drinks;34;0.2;7.8;7.3;0;-1;0.3;0
feel-good-strawberry-daiquiri-750ml;Feel Good Non Alcoholic Cocktail, Strawberry Daiquiri 750ml;£2.50/unit;£0.33/100ml;cocktail-ingredients;34;0.2;7.8;7.3;0;-1;0.3;0
feel-good-white-grape---peach--sparkling-750ml;Feel Good Apple & Peach, Sparkling 750ml;£2.00/unit;£0.27/100ml;adult-soft-drinks;27;0.1;6.5;6.1;0;-1;0.1;0
feelgood-cocktail--mojito-750ml;Feel Good Non Alcoholic Cocktail, Mojito 750ml;£2.50/unit;£0.33/100ml;adult-soft-drinks;38;0.1;8.6;8.6;0;-1;0.1;0
feelgood-cocktail--mojito-750ml;Feel Good Non Alcoholic Cocktail, Mojito 750ml;£2.50/unit;£0.33/100ml;cocktail-ingredients;38;0.1;8.6;8.6;0;-1;0.1;0
feelgood-cocktail--peach-bellini-750ml;Feel Good Non Alcoholic Cocktail, Peach Bellini 750ml;£2.50/unit;£0.33/100ml;adult-soft-drinks;37;0.2;9.1;9.1;0;-1;0.1;0
feelgood-cocktail--peach-bellini-750ml;Feel Good Non Alcoholic Cocktail, Peach Bellini 750ml;£2.50/unit;£0.33/100ml;cocktail-ingredients;37;0.2;9.1;9.1;0;-1;0.1;0
feelgood-drinks-cranberry---lime--sparkling-750ml;Feel Good Cranberry & Lime, Sparkling 750ml;£2.00/unit;£0.27/100ml;adult-soft-drinks;38;0.1;9;8.7;0;-1;0.1;0
fentimans-275ml-cherrytree-cola;Fentimans Cherrytree Cola 275ml;£1.20/unit;£0.44/100ml;cola;19647;1;11.3;11.3;0;-1;-1;0
fentimans-275ml-cherrytree-cola;Fentimans Cherrytree Cola 275ml;£1.20/unit;£0.44/100ml;traditional;19647;1;11.3;11.3;0;-1;-1;0
fentimans-ginger-beer-275ml;Fentimans Ginger Beer 275ml;£1.20/unit;£0.44/100ml;adult-soft-drinks;-1;0;-1;9.4;0;0;0;
fentimans-ginger-beer-275ml;Fentimans Ginger Beer 275ml;£1.20/unit;£0.44/100ml;traditional;-1;0;-1;9.4;0;0;0;
fentimans-rose-lemonade275ml;Fentimans Rose Lemonade275ml;£1.20/unit;£0.44/100ml;adult-soft-drinks;19647;0;11.7;11.7;0;-1;0;0
fever-tree-elderflower-tonic-water-500ml;Fever Tree Elderflower Tonic Water 500ml;£1.50/unit;£0.30/100ml;mixers-12333-44;34;0;8.5;7.8;0;0;-1;0
fever-tree-elderflower-tonic-water-500ml;Fever Tree Elderflower Tonic Water 500ml;£1.50/unit;£0.30/100ml;mixers;34;0;8.5;7.8;0;0;-1;0
fever-tree-indian-tonic-water-500ml;Fever Tree Indian Tonic Water 500ml;£1.50/unit;£0.30/100ml;mixers-12333-44;36;0;8.9;8.0;0;0;-1;0
fever-tree-indian-tonic-water-500ml;Fever Tree Indian Tonic Water 500ml;£1.50/unit;£0.30/100ml;mixers;36;0;8.9;8.0;0;0;-1;0
fever-tree-light-indian-tonic-water-4x200ml;Fever Tree Indian Tonic Water Light 4x200ml;£3.00/unit;£0.38/100ml;mixers-12333-44;15;0;3.8;2.9;0;0;-1;0
fever-tree-light-indian-tonic-water-4x200ml;Fever Tree Indian Tonic Water Light 4x200ml;£3.00/unit;£0.38/100ml;mixers;15;0;3.8;2.9;0;0;-1;0
fever-tree-light-tonic-water-500ml;Fever Tree Indian Tonic Water Light 500ml;£1.50/unit;£0.30/100ml;mixers-12333-44;15;0;3.8;2.9;0;0;-1;0
fever-tree-light-tonic-water-500ml;Fever Tree Indian Tonic Water Light 500ml;£1.50/unit;£0.30/100ml;mixers;15;0;3.8;2.9;0;0;-1;0
fever-tree-premium-ginger-ale-500ml;Fever Tree Ginger Ale 500ml;£1.50/unit;£0.30/100ml;cocktail-ingredients;34;0;8.4;7.1;0;0;-1;0
fever-tree-premium-ginger-ale-500ml;Fever Tree Ginger Ale 500ml;£1.50/unit;£0.30/100ml;mixers-12333-44;34;0;8.4;7.1;0;0;-1;0
fever-tree-premium-ginger-ale-500ml;Fever Tree Ginger Ale 500ml;£1.50/unit;£0.30/100ml;mixers;34;0;8.4;7.1;0;0;-1;0
fever-tree-premium-ginger-beer-500ml;Fever Tree Ginger Beer 500ml;£1.50/unit;£0.30/100ml;mixers-12333-44;40;0;10.1;9.0;0;0;-1;0
fever-tree-premium-ginger-beer-500ml;Fever Tree Ginger Beer 500ml;£1.50/unit;£0.30/100ml;mixers;40;0;10.1;9.0;0;0;-1;0
fever-tree-premium-indian-tonic-water-4x200ml;Fever Tree Indian Tonic Water 4x200ml;£3.00/unit;£0.38/100ml;mixers-12333-44;36;0;8.9;8.0;0;0;-1;0
fever-tree-premium-indian-tonic-water-4x200ml;Fever Tree Indian Tonic Water 4x200ml;£3.00/unit;£0.38/100ml;mixers;36;0;8.9;8.0;0;0;-1;0
fever-tree-premium-lite-ginger-beer-500ml;Fever Tree Ginger Beer Light 500ml;£1.50/unit;£0.30/100ml;mixers-12333-44;19;0;4.9;4.0;0;0;-1;0
fever-tree-premium-lite-ginger-beer-500ml;Fever Tree Ginger Beer Light 500ml;£1.50/unit;£0.30/100ml;mixers;19;0;4.9;4.0;0;0;-1;0
fiddes-payne-princess-delight-135g;Sprinkles Factory Princess Delight Dessert 135g;£2.30/unit;£1.70/100g;sauces-toppings;398;0.2;95.8;89.4;1.3;0.7;0.5;0.0
fiddes-payne-princess-delight-135g;Sprinkles Factory Princess Delight Dessert 135g;£2.30/unit;£1.70/100g;wafers-sauces-toppings;398;0.2;95.8;89.4;1.3;0.7;0.5;0.0
filippo-berio-garlic-stuffed-green-olives--in-extra-virgin-olive-oil-230g;Filippo Berio Garlic Stuffed Green Olives, In Extra Virgin Olive Oil 230g (140g*);£2.80/unit;£2.00/100g;olives-antipasti;Per 100g nutrition not found
filippo-berio-marinated-mixed-olives--in-extra-virgin-olive-oil-230g;Filippo Berio Marinated Mixed Olives, In Extra Virgin Olive Oil 230g (140g*);£2.80/unit;£2.00/100g;olives-antipasti;Per 100g nutrition not found
filippo-berio-pimiento-stuffed-green-olives--in-exra-virgin-olive-oil-230g;Filippo Berio Pimiento Stuffed Green Olives, In Exra Virgin Olive Oil 230g (140g*);£2.80/unit;£2.00/100g;olives-antipasti;Per 100g nutrition not found
filippo-berio-sundried-tomato-stuffed-green-olives--in-extra-virgin-olive-oil-230g;Filippo Berio Sundried Tomato Stuffed Green Olives, In Extra Virgin Olive Oil 230g (140g*);£2.80/unit;£2.00/100g;olives-antipasti;-1;0.8;1.5;-1;53.4;-1;-1;-1
fireman-sam-celebration-cake;Fireman Sam Celebration Cake;£10.00/unit;£10.00/ea;celebration-cakes;413;2.5;68.4;56.1;14.2;3.4;0.6;0.10
fisherman-brown-shrimp-90g;Fisherman Brown Shrimp 90g;£3.50/unit;£3.89/100g;canapes-snacking;86;19.1;1.7;0.1;0.3;0.1;-1;1.70
fisherman-brown-shrimp-90g;Fisherman Brown Shrimp 90g;£3.50/unit;£3.89/100g;cooked-fish-seafood;86;19.1;1.7;0.1;0.3;0.1;-1;1.70
fisherman-brown-shrimp-90g;Fisherman Brown Shrimp 90g;£3.50/unit;£3.89/100g;mfp-cooked-fish-seafood;86;19.1;1.7;0.1;0.3;0.1;-1;1.70
fisherman-brown-shrimp-90g;Fisherman Brown Shrimp 90g;£3.50/unit;£3.89/100g;prawns-shellfish;86;19.1;1.7;0.1;0.3;0.1;-1;1.70
fisherman-crayfish-tails-120g;Fisherman Crayfish Tails 120g;£3.25/unit;£2.71/100g;prawns-shellfish;78;17.7;1.4;1.4;0.2;0.1;-1;0.96
fisherman-pint-o-prawns-250g;Fisherman Pint O' Prawns 250g;£2.75/unit;£1.10/100g;canapes-snacking;88;18.4;1.9;0.1;1.1;0.2;-1;1.18
fisherman-pint-o-prawns-250g;Fisherman Pint O' Prawns 250g;£2.75/unit;£1.10/100g;cooked-fish-seafood;88;18.4;1.9;0.1;1.1;0.2;-1;1.18
fisherman-pint-o-prawns-250g;Fisherman Pint O' Prawns 250g;£2.75/unit;£1.10/100g;mfp-cooked-fish-seafood;88;18.4;1.9;0.1;1.1;0.2;-1;1.18
fisherman-pint-o-prawns-250g;Fisherman Pint O' Prawns 250g;£2.75/unit;£1.10/100g;prawns-shellfish;88;18.4;1.9;0.1;1.1;0.2;-1;1.18
fisherman-seaside-favourites--cooked-cockles-90g;Fisherman Seaside Favourites, Cooked Cockles 90g;£3.00/unit;£3.33/100g;canapes-snacking;71;13.7;3.7;0.1;0.2;0.1;-1;1.69
fisherman-seaside-favourites--cooked-cockles-90g;Fisherman Seaside Favourites, Cooked Cockles 90g;£3.00/unit;£3.33/100g;prawns-shellfish;71;13.7;3.7;0.1;0.2;0.1;-1;1.69
fisherman-squid-rings-150g;Fisherman Squid Rings 150g;£3.50/unit;£2.33/100g;prawns-shellfish;48;11.3;0.3;0.1;0.2;0.1;-1;1.57
flahavans-organic-jumbo-oats-1kg;Flahavan's Organic Jumbo Oats 1kg;£2.30/unit;£0.23/100g;porridge-oats;371;11.2;64.4;0.9;5.8;1.0;8.3;;
flora-buttery-spread-500g;Flora Buttery Spread 500g;£1.80/unit;£3.60/kg;spreads;Per 100g nutrition not found
flora-cuisine-500ml;Flora Cuisine Cooking Liquid 500ml;£1.50/unit;£3.00/ltr;cooking-baking;Per 100g nutrition not found
flora-gold-spread-slighlty-salted-225g;Flora Gold Spread Slightly Salted 225g;£1.50/unit;£6.67/kg;butter;2610633;0.5;0.6;0.6;70;29;-1;1.2
flora-gold-spread-slighlty-salted-225g;Flora Gold Spread Slightly Salted 225g;£1.50/unit;£6.67/kg;spreads;2610633;0.5;0.6;0.6;70;29;-1;1.2
flora-gold-spread-slighlty-salted-400g;Flora Gold Spread Slightly Salted 400g;£2.00/unit;£5.00/kg;butter;2610633;0.5;0.6;0.6;70;29;-1;1.2
flora-gold-spread-slighlty-salted-400g;Flora Gold Spread Slightly Salted 400g;£2.00/unit;£5.00/kg;spreads;2610633;0.5;0.6;0.6;70;29;-1;1.2
flora-light-spread-1kg;Flora Light Spread 1kg;£3.00/unit;£3.00/kg;spreads;Per 100g nutrition not found
flora-light-spread-250g;Flora Light Spread 250g;£1.00/unit;£4.00/kg;spreads;1200280;0.5;3.0;0.5;30.0;6.0;0.5;0.53;1.3
flora-light-spread-500g;Flora Light Spread 500g;£1.70/unit;£3.40/kg;spreads;Per 100g nutrition not found
flora-original-spread-1kg;Flora Original Spread 1kg;£3.00/unit;£3.00/kg;spreads;Per 100g nutrition not found
flora-original-spread-500g;Flora Original Spread 500g;£1.70/unit;£3.40/kg;spreads;Per 100g nutrition not found
flora-pro-activ-250g;Flora pro.activ Spread 250g;£2.00/unit;£8.00/kg;spreads;1300320;0.5;1.0;0.5;35.0;8.0;-1;1.0
flora-pro-activ-buttery-500g;Flora pro.activ Buttery Spread 500g;£3.00/unit;£6.00/kg;spreads;2200540;0.5;0.5;0.5;60.0;12.0;-1;1.0
flora-pro-activ-buttery-spread-250g;Flora pro.activ Buttery Spread 250g;£2.00/unit;£8.00/kg;spreads;2200540;0.5;0.5;0.5;60.0;12.0;-1;1.0
flora-pro-activ-drinks-mango-6x100g;Flora pro.activ Yogurt Drink Mango & Cherry 6x100ml;£3.50/unit;£0.58/100g;active-health-yogurts-drinks;20050;2.5;5.0;5.0;1.5;0.5;-1;0.1;;11006
flora-pro-activ-drinks-mango-6x100g;Flora pro.activ Yogurt Drink Mango & Cherry 6x100ml;£3.50/unit;£0.58/100g;yogurt-drinks;20050;2.5;5.0;5.0;1.5;0.5;-1;0.1;;11006
flora-pro-activ-drinks-original-6x100g;Flora pro.activ Yogurt Drink Original 6x100ml;£3.50/unit;£0.58/100g;active-health-yogurts-drinks;19045;2.5;5.0;4.5;1.5;0.5;-1;0.1;;11006
flora-pro-activ-drinks-original-6x100g;Flora pro.activ Yogurt Drink Original 6x100ml;£3.50/unit;£0.58/100g;yogurt-drinks;19045;2.5;5.0;4.5;1.5;0.5;-1;0.1;;11006
flora-pro-activ-light-500g;Flora pro.activ Light Spread 500g;£3.00/unit;£6.00/kg;spreads;1300320;0.5;1.0;0.5;35.0;8.0;-1;1.0
flora-pro-activ-milk-1l;Flora Pro-Activ Milk 1L;£1.35/unit;£1.35/ltr;drinks-fresh-milk;35;3.15;4.8;4.8;0.3;0.1;-1;0.13;;12504
flora-pro-activ-milk-1l;Flora Pro-Activ Milk 1L;£1.35/unit;£1.35/ltr;fresh-milk;35;3.15;4.8;4.8;0.3;0.1;-1;0.13;;12504
flora-pro-activ-milk-1l;Flora Pro-Activ Milk 1L;£1.35/unit;£1.35/ltr;soya---dietary-needs;35;3.15;4.8;4.8;0.3;0.1;-1;0.13;;12504
flora-pro-activ-olive-spread-250g;Flora pro.activ Olive Spread 250g;£2.00/unit;£8.00/kg;spreads;1100320;0.5;1.0;0.5;35.0;8.0;-1;1.0
flora-pro-activ-olive-spread-500g;Flora pro.activ Olive Spread 500g;£3.00/unit;£6.00/kg;spreads;1300320;0.5;1.0;0.5;35.0;8.0;-1;1.0
flora-pro-activ-strawberry-drinks-6x100g;Flora pro.activ Yogurt Drink Strawberry 6x100ml;£3.50/unit;£0.58/100g;active-health-yogurts-drinks;19045;2.5;4.5;4.5;1.5;0.5;-1;0.1;;11006
flora-proactiv-pomegranate---rasp-6x100g;Flora pro.activ Yogurt Drink Pomegranate & Raspberry 6x100ml;£3.50/unit;£0.58/100g;active-health-yogurts-drinks;19045;2.5;4.5;4.5;1.5;0.5;-1;0.1;;11006
flora-spread-block-baking-250g;Flora Spread Block Baking 250g;£0.75/unit;£0.75/250g;cooking-baking;2800670;0.5;0.5;0.5;75;27;-1;0.48;1.2
florette-baby-kale-60g;Florette Baby Kale 60g;£1.30/unit;£2.17/100g;broccoli-cauliflower-cabbage-greens;9422;2.9;0.9;0.4;0.4;0.1;1.7;0.50
florette-baby-kale-60g;Florette Baby Kale 60g;£1.30/unit;£2.17/100g;fresh-salad-prepared-ready-to-eat;9422;2.9;0.9;0.4;0.4;0.1;1.7;0.50
florette-baby-kale-60g;Florette Baby Kale 60g;£1.30/unit;£2.17/100g;new-in-season;9422;2.9;0.9;0.4;0.4;0.1;1.7;0.50
florette-babyleaf-salad-100g;Florette Babyleaf Salad 100g;£1.50/unit;£1.50/100g;fresh-salad-prepared-ready-to-eat;8320;2.4;0.4;0.1;0.5;0.1;1.9;0.20
florette-babyleaf-salad-100g;Florette Babyleaf Salad 100g;£1.50/unit;£1.50/100g;prepared-salad-herbs;8320;2.4;0.4;0.1;0.5;0.1;1.9;0.20
florette-crispy-salad-200g;Florette Crispy Salad 200g;£1.50/unit;£0.75/100g;fresh-salad-prepared-ready-to-eat;7418;1.5;1.2;0.3;0.3;0.1;2.5;0.1
florette-crispy-salad-200g;Florette Crispy Salad 200g;£1.50/unit;£0.75/100g;prepared-salad-herbs;7418;1.5;1.2;0.3;0.3;0.1;2.5;0.1
florette-duo-lambs-lettuce---ruby-chard-70g;Florette Duo Lambs Lettuce & Ruby Chard 70g;£1.25/unit;£1.79/100g;fresh-salad-prepared-ready-to-eat;8921;2.0;1.0;0.1;0.4;0.1;2.9;0.24
florette-duo-lambs-lettuce---ruby-chard-70g;Florette Duo Lambs Lettuce & Ruby Chard 70g;£1.25/unit;£1.79/100g;prepared-salad-herbs;8921;2.0;1.0;0.1;0.4;0.1;2.9;0.24
florette-duo-lambs-lettuce---wild-rocket;Florette Duo Lambs Lettuce & Wild Rocket 70g;£1.25/unit;£1.79/100g;fresh-salad-prepared-ready-to-eat;8921;2.4;0.8;0.1;0.5;0.2;2.1;0.16
florette-duo-lambs-lettuce---wild-rocket;Florette Duo Lambs Lettuce & Wild Rocket 70g;£1.25/unit;£1.79/100g;prepared-salad-herbs;8921;2.4;0.8;0.1;0.5;0.2;2.1;0.16
florette-mixed-salad-200g;Florette Mixed Salad 200g;£1.50/unit;£0.75/100g;fresh-salad-prepared-ready-to-eat;7418;1.2;1.9;0.9;0.2;0.1;1.7;0.1
florette-mixed-salad-200g;Florette Mixed Salad 200g;£1.50/unit;£0.75/100g;prepared-salad-herbs;7418;1.2;1.9;0.9;0.2;0.1;1.7;0.1
florette-sweet---crunchy-200g;Florette Sweet & Crunchy 200g;£1.25/unit;£0.63/100g;fresh-salad-prepared-ready-to-eat;9222;1.1;3.1;2.5;0.2;0.1;1.9;0.1
florette-sweet---crunchy-200g;Florette Sweet & Crunchy 200g;£1.25/unit;£0.63/100g;prepared-salad-herbs;9222;1.1;3.1;2.5;0.2;0.1;1.9;0.1
florette-sweet---crunchy-bowl;Florette Sweet & Crunchy Bowl;£1.00/unit;£0.91/100g;fresh-salad-prepared-ready-to-eat;9422;1.1;3.1;2.2;0.2;0.1;2.0;0.1
florette-sweet---crunchy-bowl;Florette Sweet & Crunchy Bowl;£1.00/unit;£0.91/100g;prepared-salad-herbs;9422;1.1;3.1;2.2;0.2;0.1;2.0;0.1
florette-sweet-crispy-salad-200g;Florette Sweet Crispy Salad 200g;£1.50/unit;£0.75/100g;fresh-salad-prepared-ready-to-eat;7317;1.3;1.6;1.0;0.2;0.1;1.7;0.1
florette-sweet-crispy-salad-200g;Florette Sweet Crispy Salad 200g;£1.50/unit;£0.75/100g;prepared-salad-herbs;7317;1.3;1.6;1.0;0.2;0.1;1.7;0.1
floristan-spanish-potato-omelette-500g;Floristan Spanish Potato Omelette 500g;£2.50/unit;£0.50/100g;lunchtime-snacks;Per 100g nutrition not found
floristan-spanish-potato-omelette-500g;Floristan Spanish Potato Omelette 500g;£2.50/unit;£0.50/100g;mediterranean-other-cuisine-ready-meals;Per 100g nutrition not found
floristan-spanish-potato-omelette-500g;Floristan Spanish Potato Omelette 500g;£2.50/unit;£0.50/100g;olives-tapas-antipasti;Per 100g nutrition not found
floristan-spanish-potato-omelette-500g;Floristan Spanish Potato Omelette 500g;£2.50/unit;£0.50/100g;quiche;Per 100g nutrition not found
food-doctor-multi-seed---cereal-pitta-x6;Food Doctor Multi Seed & Cereal Pitta x6;£0.75/unit;£0.13/ea;wraps-bagels-pittas;224;10.1;39.9;2.0;2.7;0.4;10.2;1.1
food-thoughts-fairtrade-african-cocoa-125g;Food Thoughts Fairtrade African Cocoa 125g;£2.35/unit;£18.80/kg;hot-chocolate-milky-drinks;1374330;23.1;10.5;-1;21.7;-1;-1;-1
for-goodness-shakes-chocolate-500g;For Goodness Shakes Sports Recovery Chocolate Milk 475ml;£2.00/unit;£0.42/100ml;drinks-fresh-milk;63.;3.5;10.5;10.1;1.1;0.6;0.4;0.0
for-goodness-shakes-chocolate-500g;For Goodness Shakes Sports Recovery Chocolate Milk 475ml;£2.00/unit;£0.42/100ml;flavoured-milk-92153-44;63.;3.5;10.5;10.1;1.1;0.6;0.4;0.0
for-goodness-shakes-chocolate-500g;For Goodness Shakes Sports Recovery Chocolate Milk 475ml;£2.00/unit;£0.42/100ml;flavoured-milk;63.;3.5;10.5;10.1;1.1;0.6;0.4;0.0
for-goodness-shakes-chocolate-500g;For Goodness Shakes Sports Recovery Chocolate Milk 475ml;£2.00/unit;£0.42/100ml;sports-drinks;63.;3.5;10.5;10.1;1.1;0.6;0.4;0.0
for-goodness-shakes-chocolate-500g;For Goodness Shakes Sports Recovery Chocolate Milk 475ml;£2.00/unit;£0.42/100ml;sports-nutritional-drinks;63.;3.5;10.5;10.1;1.1;0.6;0.4;0.0
for-goodness-shakes-protein-chocolate-475ml-x12;For Goodness Shakes High Protein Chocolate Milk 475ml;£2.50/unit;£5.26/ltr;flavoured-milk-92153-44;49.2;5.0;5.0;4.5;0.9;0.5;0.6;0.1
for-goodness-shakes-protein-chocolate-475ml-x12;For Goodness Shakes High Protein Chocolate Milk 475ml;£2.50/unit;£5.26/ltr;flavoured-milk;49.2;5.0;5.0;4.5;0.9;0.5;0.6;0.1
for-goodness-shakes-protein-chocolate-475ml-x12;For Goodness Shakes High Protein Chocolate Milk 475ml;£2.50/unit;£5.26/ltr;sports-drinks;49.2;5.0;5.0;4.5;0.9;0.5;0.6;0.1
for-goodness-shakes-protein-chocolate-475ml-x12;For Goodness Shakes High Protein Chocolate Milk 475ml;£2.50/unit;£5.26/ltr;sports-nutritional-drinks;49.2;5.0;5.0;4.5;0.9;0.5;0.6;0.1
for-goodness-shakes-strawberry-475ml;For Goodness Shakes Strawberry 475ml;£2.50/unit;£0.53/100ml;flavoured-milk-92153-44;41.2;5.0;5.0;4.7;0.1;0.1;0.1;0.1
for-goodness-shakes-strawberry-475ml;For Goodness Shakes Strawberry 475ml;£2.50/unit;£0.53/100ml;flavoured-milk;41.2;5.0;5.0;4.7;0.1;0.1;0.1;0.1
for-goodness-shakes-strawberry-475ml;For Goodness Shakes Strawberry 475ml;£2.50/unit;£0.53/100ml;sports-drinks;41.2;5.0;5.0;4.7;0.1;0.1;0.1;0.1
for-goodness-shakes-strawberry-475ml;For Goodness Shakes Strawberry 475ml;£2.50/unit;£0.53/100ml;sports-nutritional-drinks;41.2;5.0;5.0;4.7;0.1;0.1;0.1;0.1
forever-friends-celebration-cake;Forever Friends Celebration Cake;£7.00/unit;£7.00/ea;celebration-cakes;1836437;2.9;69.6;49.8;16.1;4.4;0.9;0.2;0.5
forever-friends-mini-gift-cake;Forever Friends Mini Gift Cake;£3.50/unit;£3.50/ea;celebration-cakes;1854441;2.0;70.3;51.3;16.7;4.9;0.9;0.17;0.43
foxs-curl-brandy-snaps-100g;Fox's Curl Brandy Snaps 100g;£1.30/unit;£1.30/100g;ice-cream-cones-wafers;463;3.0;79.5;54.8;14.5;8.9;1.2;0.34;0.85
foxs-curl-brandy-snaps-100g;Fox's Curl Brandy Snaps 100g;£1.30/unit;£1.30/100g;sauces-toppings;463;3.0;79.5;54.8;14.5;8.9;1.2;0.34;0.85
foxs-curl-brandy-snaps-100g;Fox's Curl Brandy Snaps 100g;£1.30/unit;£1.30/100g;wafers-sauces-toppings;463;3.0;79.5;54.8;14.5;8.9;1.2;0.34;0.85
freefrom-fresh-hot-cross-buns-x4-280g;Sainsbury's Freefrom Fresh Hot Cross Buns x4 280g;£2.20/unit;£0.79/100g;easter-treats;1262300;3.8;50.1;16.8;8.3;0.9;5.0;0.59
fridge-raiders-roast-chicken-bites-100g;Mattessons Fridge Raiders Roast Chicken Bites 100g;£1.50/unit;£1.50/100g;cooked-chicken-turkey;209;21;5.6;0.9;11;4.4;-1;1.5
fridge-raiders-roast-chicken-bites-100g;Mattessons Fridge Raiders Roast Chicken Bites 100g;£1.50/unit;£1.50/100g;mfp-cooked-chicken-turkey;209;21;5.6;0.9;11;4.4;-1;1.5
fridge-raiders-roast-chicken-bites-100g;Mattessons Fridge Raiders Roast Chicken Bites 100g;£1.50/unit;£1.50/100g;mfp-snacking-cooked-sausage;209;21;5.6;0.9;11;4.4;-1;1.5
fridge-raiders-roast-chicken-bites-100g;Mattessons Fridge Raiders Roast Chicken Bites 100g;£1.50/unit;£1.50/100g;snacking-cooked-sausage;209;21;5.6;0.9;11;4.4;-1;1.5
fridge-raiders-roast-chicken-bites-60g;Mattessons Fridge Raiders Roast Chicken Bites 60g;£0.65/unit;£1.09/100g;cooked-chicken-turkey;874209;21;5.6;0.9;11;4.4;-1;1.5
fridge-raiders-roast-chicken-bites-60g;Mattessons Fridge Raiders Roast Chicken Bites 60g;£0.65/unit;£1.09/100g;mfp-cooked-chicken-turkey;874209;21;5.6;0.9;11;4.4;-1;1.5
fridge-raiders-roast-chicken-bites-60g;Mattessons Fridge Raiders Roast Chicken Bites 60g;£0.65/unit;£1.09/100g;mfp-snacking-cooked-sausage;874209;21;5.6;0.9;11;4.4;-1;1.5
fridge-raiders-roast-chicken-bites-60g;Mattessons Fridge Raiders Roast Chicken Bites 60g;£0.65/unit;£1.09/100g;snacking-cooked-sausage;874209;21;5.6;0.9;11;4.4;-1;1.5
fridge-raiders-southern-fried-bite-60g;Mattessons Fridge Raiders Southern Fried Chicken Bites 60g;£0.65/unit;£1.09/100g;cooked-chicken-turkey;923221;19;4.2;1.1;14;3.8;-1;1.4
fridge-raiders-southern-fried-bite-60g;Mattessons Fridge Raiders Southern Fried Chicken Bites 60g;£0.65/unit;£1.09/100g;mfp-cooked-chicken-turkey;923221;19;4.2;1.1;14;3.8;-1;1.4
fridge-raiders-southern-fried-bite-60g;Mattessons Fridge Raiders Southern Fried Chicken Bites 60g;£0.65/unit;£1.09/100g;mfp-snacking-cooked-sausage;923221;19;4.2;1.1;14;3.8;-1;1.4
fridge-raiders-southern-fried-bite-60g;Mattessons Fridge Raiders Southern Fried Chicken Bites 60g;£0.65/unit;£1.09/100g;snacking-cooked-sausage;923221;19;4.2;1.1;14;3.8;-1;1.4
fridge-raiders-southern-fried-bites-100g;Mattessons Fridge Raiders Southern Fried Bites 100g;£1.50/unit;£1.50/100g;cooked-chicken-turkey;221;19;4.2;1.1;14;3.8;-1;1.4
fridge-raiders-southern-fried-bites-100g;Mattessons Fridge Raiders Southern Fried Bites 100g;£1.50/unit;£1.50/100g;mfp-cooked-chicken-turkey;221;19;4.2;1.1;14;3.8;-1;1.4
fridge-raiders-southern-fried-bites-100g;Mattessons Fridge Raiders Southern Fried Bites 100g;£1.50/unit;£1.50/100g;mfp-snacking-cooked-sausage;221;19;4.2;1.1;14;3.8;-1;1.4
fridge-raiders-southern-fried-bites-100g;Mattessons Fridge Raiders Southern Fried Bites 100g;£1.50/unit;£1.50/100g;snacking-cooked-sausage;221;19;4.2;1.1;14;3.8;-1;1.4
fridge-raiders-tikka-chkn-bites-60g;Mattessons Fridge Raiders Tikka Chicken Bites 60g;£0.65/unit;£1.09/100g;cooked-chicken-turkey;951228;20;2.6;0.7;15;3.9;-1;1.4
fridge-raiders-tikka-chkn-bites-60g;Mattessons Fridge Raiders Tikka Chicken Bites 60g;£0.65/unit;£1.09/100g;mfp-cooked-chicken-turkey;951228;20;2.6;0.7;15;3.9;-1;1.4
fridge-raiders-tikka-chkn-bites-60g;Mattessons Fridge Raiders Tikka Chicken Bites 60g;£0.65/unit;£1.09/100g;mfp-snacking-cooked-sausage;951228;20;2.6;0.7;15;3.9;-1;1.4
fridge-raiders-tikka-chkn-bites-60g;Mattessons Fridge Raiders Tikka Chicken Bites 60g;£0.65/unit;£1.09/100g;snacking-cooked-sausage;951228;20;2.6;0.7;15;3.9;-1;1.4
frijj-chocolate-471ml;Frijj Chocolate Milkshake 471ml;£1.00/unit;£2.12/ltr;flavoured-milk-92153-44;30873;4;11;10.8;1.3;0.8;-1;0.2
frijj-chocolate-471ml;Frijj Chocolate Milkshake 471ml;£1.00/unit;£2.12/ltr;flavoured-milk;30873;4;11;10.8;1.3;0.8;-1;0.2
frijj-chocolate-flavoured-milk-250ml;Frijj Chocolate Milkshake 250ml;£1.00/unit;£4.00/ltr;flavoured-milk-92153-44;30873;4;11;10.8;1.3;0.8;-1;0.2
frijj-chocolate-flavoured-milk-250ml;Frijj Chocolate Milkshake 250ml;£1.00/unit;£4.00/ltr;flavoured-milk;30873;4;11;10.8;1.3;0.8;-1;0.2
frijj-chocolate-fudge-brownie-471ml;Frijj Chocolate Fudge Brownie Milkshake 471ml;£1.00/unit;£0.22/100ml;flavoured-milk-92153-44;33078;3.7;13.1;12.9;1.2;0.7;-1;0.2
frijj-chocolate-fudge-brownie-471ml;Frijj Chocolate Fudge Brownie Milkshake 471ml;£1.00/unit;£0.22/100ml;flavoured-milk;33078;3.7;13.1;12.9;1.2;0.7;-1;0.2
frijj-honeycomb-milkshake-375ml;Frijj Honeycomb Milkshake 375ml;£1.30/unit;£0.35/100ml;flavoured-milk-92153-44;37088;3.9;12.1;11.8;2.6;1.6;-1;0.2
frijj-honeycomb-milkshake-375ml;Frijj Honeycomb Milkshake 375ml;£1.30/unit;£0.35/100ml;flavoured-milk;37088;3.9;12.1;11.8;2.6;1.6;-1;0.2
frijj-strawberry-471ml;Frijj Strawberry Milkshake 471ml;£1.00/unit;£2.12/ltr;flavoured-milk-92153-44;27064;3.7;9.9;9.8;1;0.6;-1;0.2
frijj-strawberry-471ml;Frijj Strawberry Milkshake 471ml;£1.00/unit;£2.12/ltr;flavoured-milk;27064;3.7;9.9;9.8;1;0.6;-1;0.2
frijj-strawberry-flavoured-milk-250ml;Frijj Strawberry Milkshake 250ml;£1.00/unit;£4.00/ltr;flavoured-milk-92153-44;27064;3.7;9.9;9.8;1;0.6;-1;0.2
frijj-strawberry-flavoured-milk-250ml;Frijj Strawberry Milkshake 250ml;£1.00/unit;£4.00/ltr;flavoured-milk;27064;3.7;9.9;9.8;1;0.6;-1;0.2
frijj-white-chocolate---raspberry-milkshake-375ml;Frijj White Chocolate & Raspberry Milkshake 375ml;£1.30/unit;£0.35/100ml;flavoured-milk-92153-44;30071;3.7;11;10.9;1.3;0.8;-1;0.2
frijj-white-chocolate---raspberry-milkshake-375ml;Frijj White Chocolate & Raspberry Milkshake 375ml;£1.30/unit;£0.35/100ml;flavoured-milk;30071;3.7;11;10.9;1.3;0.8;-1;0.2
frootz-apple-fruit-buttons-18g;Frootz Apple Fruit Buttons 18g;£0.45/unit;£2.50/100g;dessert-fruit;297;0.3;73.2;62.7;0.2;0.1;1.3;0.1
frootz-apple-fruit-buttons-18g;Frootz Apple Fruit Buttons 18g;£0.45/unit;£2.50/100g;snacking-fruit-nuts;297;0.3;73.2;62.7;0.2;0.1;1.3;0.1
frootz-blackcurrant-fruit-buttons-18g;Frootz Blackcurrant Fruit Buttons 18g;£0.45/unit;£2.50/100g;dessert-fruit;282;0.6;68.8;60.8;0.2;0.1;2.3;0.1
frootz-blackcurrant-fruit-buttons-18g;Frootz Blackcurrant Fruit Buttons 18g;£0.45/unit;£2.50/100g;snacking-fruit-nuts;282;0.6;68.8;60.8;0.2;0.1;2.3;0.1
frootz-blackcurrant-fruit-buttons-multipack-5-x-18g;Frootz Blackcurrant Fruit Buttons Multipack 5 x 18g;£2.40/unit;£2.67/100g;dessert-fruit;282;0.6;68.8;60.8;0.2;0.1;2.3;0.1
frootz-blackcurrant-fruit-buttons-multipack-5-x-18g;Frootz Blackcurrant Fruit Buttons Multipack 5 x 18g;£2.40/unit;£2.67/100g;kids-lunchbox-fruit-desserts;282;0.6;68.8;60.8;0.2;0.1;2.3;0.1
frootz-blackcurrant-fruit-buttons-multipack-5-x-18g;Frootz Blackcurrant Fruit Buttons Multipack 5 x 18g;£2.40/unit;£2.67/100g;snacking-fruit-nuts;282;0.6;68.8;60.8;0.2;0.1;2.3;0.1
frootz-orange-fruit-buttons-18g;Frootz Orange Fruit Buttons 18g;£0.45/unit;£2.50/100g;dessert-fruit;298;0.6;73.3;62.6;0.2;0.1;1.1;0.1
frootz-orange-fruit-buttons-18g;Frootz Orange Fruit Buttons 18g;£0.45/unit;£2.50/100g;snacking-fruit-nuts;298;0.6;73.3;62.6;0.2;0.1;1.1;0.1
frootz-raspberry-fruit-buttons-18g;Frootz Raspberry Fruit Buttons 18g;£0.45/unit;£2.50/100g;dessert-fruit;295;0.7;70.3;62.5;0.8;0.3;1.8;0.1
frootz-raspberry-fruit-buttons-18g;Frootz Raspberry Fruit Buttons 18g;£0.45/unit;£2.50/100g;snacking-fruit-nuts;295;0.7;70.3;62.5;0.8;0.3;1.8;0.1
frootz-strawberry-fruit-buttons-18g;Frootz Strawberry Fruit Buttons 18g;£0.45/unit;£2.50/100g;dessert-fruit;293;0.9;71.1;58.7;0.2;0.1;1.6;0.1
frootz-strawberry-fruit-buttons-18g;Frootz Strawberry Fruit Buttons 18g;£0.45/unit;£2.50/100g;snacking-fruit-nuts;293;0.9;71.1;58.7;0.2;0.1;1.6;0.1
frootz-strawberry-fruit-buttons-multipack-5-x-18g;Frootz Strawberry Fruit Buttons Multipack 5 x 18g;£2.40/unit;£2.67/100g;dessert-fruit;293;0.9;71.1;58.7;0.2;0.1;1.6;0.1
frootz-strawberry-fruit-buttons-multipack-5-x-18g;Frootz Strawberry Fruit Buttons Multipack 5 x 18g;£2.40/unit;£2.67/100g;kids-lunchbox-fruit-desserts;293;0.9;71.1;58.7;0.2;0.1;1.6;0.1
frootz-strawberry-fruit-buttons-multipack-5-x-18g;Frootz Strawberry Fruit Buttons Multipack 5 x 18g;£2.40/unit;£2.67/100g;snacking-fruit-nuts;293;0.9;71.1;58.7;0.2;0.1;1.6;0.1
frozen-celebration-cake;Frozen Celebration Cake;£10.00/unit;£10.00/ea;celebration-cakes;400;2.2;68.9;49.8;12.7;2.9;-1;0.42
frubes-strawberry---raspberry-pouch-6x70g;Frubes Strawberry & Raspberry Pouch 6x70g;£2.00/unit;£0.48/100g;kids-yogurts;40195;3.3;14.6;14.0;2.5;1.7;0;0.05
fruit-bowl-apple-frulipops--5x15g;Fruit Bowl Apple Frulipops  5x15g;£1.90/unit;£2.53/100g;dessert-fruit;1295306;2.1;7.1;63;0.3;0.1;5.2;0.44
fruit-bowl-apple-frulipops--5x15g;Fruit Bowl Apple Frulipops  5x15g;£1.90/unit;£2.53/100g;kids-lunchbox-fruit-desserts;1295306;2.1;7.1;63;0.3;0.1;5.2;0.44
fruit-bowl-apple-frulipops--5x15g;Fruit Bowl Apple Frulipops  5x15g;£1.90/unit;£2.53/100g;snacking-fruit-nuts;1295306;2.1;7.1;63;0.3;0.1;5.2;0.44
fruit-bowl-blackcurrant-fruit-flakes-5x20g;Fruit Bowl Blackcurrant Fruit Flakes 5x20g;£2.00/unit;£2.00/100g;dessert-fruit;1356320;1.5;70;58;1.0;0.3;7.5;0.25
fruit-bowl-blackcurrant-fruit-yogurt-flakes-5x25g;Fruit Bowl Blackcurrant Fruit Yogurt Flakes 5x25g;£2.00/unit;£1.60/100g;dessert-fruit;1906453;1.3;69;62;19;11;3.9;0.2
fruit-bowl-blackcurrant-fruit-yogurt-flakes-5x25g;Fruit Bowl Blackcurrant Fruit Yogurt Flakes 5x25g;£2.00/unit;£1.60/100g;snacking-fruit-nuts;1906453;1.3;69;62;19;11;3.9;0.2
fruit-bowl-fruit-flakes--strawberry-20g;Fruit Bowl Strawberry Fruit Flakes 20g;£0.45/unit;£2.25/100g;dessert-fruit;1356320;1.2;70;58;1.0;0.3;7.5;0.25
fruit-bowl-fruit-flakes--strawberry-20g;Fruit Bowl Strawberry Fruit Flakes 20g;£0.45/unit;£2.25/100g;snacking-fruit-nuts;1356320;1.2;70;58;1.0;0.3;7.5;0.25
fruit-bowl-fruit-flakes-raspberry-20g;Fruit Bowl Raspberry Fruit Flakes 20g;£0.45/unit;£2.25/100g;dessert-fruit;1356320;1.5;70;58;1.0;0.3;7.5;0.25
fruit-bowl-fruit-flakes-raspberry-20g;Fruit Bowl Raspberry Fruit Flakes 20g;£0.45/unit;£2.25/100g;snacking-fruit-nuts;1356320;1.5;70;58;1.0;0.3;7.5;0.25
fruit-bowl-fruit-peelers-strawberry-60g;Fruit Bowl Strawberry Fruit Peelers 60g;£2.00/unit;£3.33/100g;dessert-fruit;320;1.5;70;58;1.0;0.3;7.5;0.25
fruit-bowl-fruit-peelers-strawberry-60g;Fruit Bowl Strawberry Fruit Peelers 60g;£2.00/unit;£3.33/100g;snacking-fruit-nuts;320;1.5;70;58;1.0;0.3;7.5;0.25
fruit-bowl-fruit-sours-5x20g;Fruit Bowl Fruit Sours 5x20g;£1.90/unit;£1.90/100g;dessert-fruit;289;0.6;70;50;0.5;0.1;4.8;0.32
fruit-bowl-fruit-sours-5x20g;Fruit Bowl Fruit Sours 5x20g;£1.90/unit;£1.90/100g;kids-lunchbox-fruit-desserts;289;0.6;70;50;0.5;0.1;4.8;0.32
fruit-bowl-fruit-sours-5x20g;Fruit Bowl Fruit Sours 5x20g;£1.90/unit;£1.90/100g;snacking-fruit-nuts;289;0.6;70;50;0.5;0.1;4.8;0.32
fruit-bowl-fruit-yogurt-flakes-raisins-30g;Fruit Bowl Raisins Fruit Yogurt Flakes 30g;£0.45/unit;£1.50/100g;dessert-fruit;1906455;2.0;67;66;19;11;3.0;0.2
fruit-bowl-fruit-yogurt-flakes-raisins-30g;Fruit Bowl Raisins Fruit Yogurt Flakes 30g;£0.45/unit;£1.50/100g;snacking-fruit-nuts;1906455;2.0;67;66;19;11;3.0;0.2
fruit-bowl-jungle-fruit-shapes-90g;Fruit Bowl Jungle Fruit Shapes 90g;£2.00/unit;£2.22/100g;dessert-fruit;289;0.6;70;50;0.5;0.1;4.8;0.32
fruit-bowl-jungle-fruit-shapes-90g;Fruit Bowl Jungle Fruit Shapes 90g;£2.00/unit;£2.22/100g;snacking-fruit-nuts;289;0.6;70;50;0.5;0.1;4.8;0.32
fruit-bowl-raisin-yogurt-flakes-10x30g;Fruit Bowl Raisin Yogurt Flakes 10x30g;£3.50/unit;£1.17/100g;dessert-fruit;1906455;2.0;67;66;19;11;3.0;0.2
fruit-bowl-raisin-yogurt-flakes-5x30g;Fruit Bowl Raisin Yogurt Flakes 5x30g;£2.00/unit;£1.33/100g;dessert-fruit;1906455;2.0;67;66;19;11;3.0;0.2
fruit-bowl-raisin-yogurt-flakes-5x30g;Fruit Bowl Raisin Yogurt Flakes 5x30g;£2.00/unit;£1.33/100g;snacking-fruit-nuts;1906455;2.0;67;66;19;11;3.0;0.2
fruit-bowl-raspberry-fruit-peelers-60g;Fruit Bowl Raspberry Fruit Peelers 60g;£2.00/unit;£3.33/100g;dessert-fruit;320;1.5;70;58;1.0;0.3;7.5;0.25
fruit-bowl-raspberry-fruit-peelers-60g;Fruit Bowl Raspberry Fruit Peelers 60g;£2.00/unit;£3.33/100g;snacking-fruit-nuts;320;1.5;70;58;1.0;0.3;7.5;0.25
fruit-bowl-raspberry-yogurt-fruit-flakes-25g;Fruit Bowl Raspberry Yogurt Fruit Flakes 25g;£0.45/unit;£1.80/100g;dessert-fruit;1900453;1.3;69;62;19;11;3.9;0.2
fruit-bowl-raspberry-yogurt-fruit-flakes-25g;Fruit Bowl Raspberry Yogurt Fruit Flakes 25g;£0.45/unit;£1.80/100g;snacking-fruit-nuts;1900453;1.3;69;62;19;11;3.9;0.2
fruit-bowl-raspberry-yogurt-fruit-flakes-5x25g;Fruit Bowl Raspberry Yogurt Fruit Flakes 5x25g;£2.00/unit;£1.60/100g;dessert-fruit;1900453;1.3;69;62;19;11;3.9;0.2
fruit-bowl-raspberry-yogurt-fruit-flakes-5x25g;Fruit Bowl Raspberry Yogurt Fruit Flakes 5x25g;£2.00/unit;£1.60/100g;snacking-fruit-nuts;1900453;1.3;69;62;19;11;3.9;0.2
fruit-bowl-school-bars--strawberry-100g;Fruit Bowl Strawberry School Bars 100g;£1.50/unit;£1.50/100g;dessert-fruit;1426337;1.0;72;35;3.6;2.0;7.1;0.5
fruit-bowl-school-bars--strawberry-100g;Fruit Bowl Strawberry School Bars 100g;£1.50/unit;£1.50/100g;kids-lunchbox-fruit-desserts;1426337;1.0;72;35;3.6;2.0;7.1;0.5
fruit-bowl-school-bars--strawberry-100g;Fruit Bowl Strawberry School Bars 100g;£1.50/unit;£1.50/100g;snacking-fruit-nuts;1426337;1.0;72;35;3.6;2.0;7.1;0.5
fruit-bowl-school-bars-raspberry-100g;Fruit Bowl Raspberry School Bars 100g;£1.50/unit;£1.50/100g;dessert-fruit;1426337;1.0;72;35;3.6;2.0;7.1;0.5
fruit-bowl-school-bars-raspberry-100g;Fruit Bowl Raspberry School Bars 100g;£1.50/unit;£1.50/100g;kids-lunchbox-fruit-desserts;1426337;1.0;72;35;3.6;2.0;7.1;0.5
fruit-bowl-school-bars-raspberry-100g;Fruit Bowl Raspberry School Bars 100g;£1.50/unit;£1.50/100g;snacking-fruit-nuts;1426337;1.0;72;35;3.6;2.0;7.1;0.5
fruit-bowl-sea-fruit-shapes-90g;Fruit Bowl Sea Fruit Shapes 90g;£2.00/unit;£2.22/100g;dessert-fruit;289;0.6;70;50;0.5;0.1;4.8;0.32
fruit-bowl-sea-fruit-shapes-90g;Fruit Bowl Sea Fruit Shapes 90g;£2.00/unit;£2.22/100g;snacking-fruit-nuts;289;0.6;70;50;0.5;0.1;4.8;0.32
fruit-bowl-strawberry-flakes-x5-20g;Fruit Bowl Strawberry Flakes x5 20g;£2.00/unit;£2.00/100g;dessert-fruit;1356320;1.5;70;58;1.0;0.3;7.5;0.25
fruit-bowl-strawberry-flakes-x5-20g;Fruit Bowl Strawberry Flakes x5 20g;£2.00/unit;£2.00/100g;snacking-fruit-nuts;1356320;1.5;70;58;1.0;0.3;7.5;0.25
fruit-bowl-strawberry-frollipops-5x15g;Fruit Bowl Strawberry Frollipops 5x15g;£1.90/unit;£2.53/100g;dessert-fruit;1295306;2.1;71;63;0.3;0.1;5.2;0.44
fruit-bowl-strawberry-frollipops-5x15g;Fruit Bowl Strawberry Frollipops 5x15g;£1.90/unit;£2.53/100g;kids-lunchbox-fruit-desserts;1295306;2.1;71;63;0.3;0.1;5.2;0.44
fruit-bowl-strawberry-frollipops-5x15g;Fruit Bowl Strawberry Frollipops 5x15g;£1.90/unit;£2.53/100g;snacking-fruit-nuts;1295306;2.1;71;63;0.3;0.1;5.2;0.44
fruit-bowl-strawberry-fruit-yogurt-flakes-5x25g;Fruit Bowl Strawberry Fruit Yogurt Flakes 5x25g;£2.00/unit;£1.60/100g;dessert-fruit;1900453;13;69;62;19;11;3.9;0.2
fruit-bowl-strawberry-fruit-yogurt-flakes-5x25g;Fruit Bowl Strawberry Fruit Yogurt Flakes 5x25g;£2.00/unit;£1.60/100g;snacking-fruit-nuts;1900453;13;69;62;19;11;3.9;0.2
fruit-bowl-yogurt-flakes-blackcurrant-25g;Fruit Bowl Blackcurrant Yogurt Flakes 25g;£0.45/unit;£1.80/100g;dessert-fruit;1900453;1.3;69;62;19;11;3.9;0.2
fruit-bowl-yogurt-flakes-blackcurrant-25g;Fruit Bowl Blackcurrant Yogurt Flakes 25g;£0.45/unit;£1.80/100g;snacking-fruit-nuts;1900453;1.3;69;62;19;11;3.9;0.2
fruit-bowl-yogurt-flakes-strawberry-25g;Fruit Bowl Strawberry Yogurt Flakes 25g;£0.45/unit;£1.80/100g;dessert-fruit;1900453;1.3;69;62;19;11;3.9;0.2
fruit-bowl-yogurt-flakes-strawberry-25g;Fruit Bowl Strawberry Yogurt Flakes 25g;£0.45/unit;£1.80/100g;snacking-fruit-nuts;1900453;1.3;69;62;19;11;3.9;0.2
fruit-bowl-yogurt-raspberry-flakes-x10-250g;Fruit Bowl Raspberry Yogurt Flakes x10 250g;£3.50/unit;£1.40/100g;dessert-fruit;1900453;1.3;69;62;19;11;3.9;0.2
fruit-bowl-yogurt-raspberry-flakes-x10-250g;Fruit Bowl Raspberry Yogurt Flakes x10 250g;£3.50/unit;£1.40/100g;snacking-fruit-nuts;1900453;1.3;69;62;19;11;3.9;0.2
fruit-bowl-yogurt-strawberry-flakes-x10-250g;Fruit Bowl Strawberry Yogurt Flakes x10 250g;£3.50/unit;£1.40/100g;dessert-fruit;1900453;1.3;69;62;19;11;3.9;0.2
fruit-bowl-yogurt-strawberry-flakes-x10-250g;Fruit Bowl Strawberry Yogurt Flakes x10 250g;£3.50/unit;£1.40/100g;snacking-fruit-nuts;1900453;1.3;69;62;19;11;3.9;0.2
g%C3%BC-chocolate---vanilla-cheesecakes-2x90g;Gü Chocolate & Vanilla Cheesecakes 2x90g;£2.50/unit;£1.39/100g;desserts;402;4.2;34.0;23.1;27.3;15.0;1.9;0.3
g%C3%BC-chocolate-banoffees-2x85g;Gü Chocolate Banoffees 2x85g;£2.50/unit;£1.47/100g;desserts;347;4.0;37.4;26.5;20.6;11.5;2.1;0.3
g%C3%BC-chocolate-ganache-pots-3x45g;Gü Chocolate Ganache Pots 3x45g;£2.40/unit;£1.78/100g;desserts;442;3.3;26.4;21.4;36.8;23.1;2.3;0.1
g%C3%BC-chocolate-melting-puds-2x100g;Gü Chocolate Melting Puds 2x100g;£2.50/unit;£1.25/100g;desserts;442;6.3;44.7;37.6;27.1;15.6;2.6;0.1
g%C3%BC-chocolate-orange-mini-puds-3x45g;Gü Chocolate Orange Mini Puds 3x45g;£2.40/unit;£1.78/100g;desserts;455;3.6;28.6;22.9;36.9;22.8;2.9;0.1
g%C3%BC-chocolate-souffles-2x65g;Gü Chocolate Souffles 2x65g;£2.50/unit;£1.92/100g;desserts;460;6.6;30.1;24.3;35.3;20.0;2.4;0.3
g%C3%BC-ey-chocolate-torte-400g;Gü-ey Chocolate Torte 400g;£4.25/unit;£1.06/100g;desserts;Per 100g nutrition not found
g%C3%BC-key-lime-pie-2x85g;Gü Key Lime Pie 2x85g;£2.50/unit;£1.47/100g;desserts;370;3.6;31.2;20.8;25.9;14.2;1.1;0.3
g%C3%BC-lemon-cheesecakes-2x90g;Gü Lemon Cheesecakes 2x90g;£2.50/unit;£1.39/100g;desserts;319;3.4;31.8;20.6;20.2;10.7;1.7;0.5
g%C3%BC-maple---pecan-dessest-2x82g;Gü Maple & Pecan Dessest 2x82g;£2.50/unit;£1.52/100g;desserts;Per 100g nutrition not found
g%C3%BC-salted-caramel-puds-2x95g;Gü Salted Caramel Puds 2x95g;£2.50/unit;£1.32/100g;desserts;Per 100g nutrition not found
g%C3%BC-white-choc-melting-puds-2x95g;Gü White Choc Melting Puds 2x95g;£2.50/unit;£1.32/100g;desserts;475;6.7;34.3;26.1;34.6;17.0;1.0;0.1
g%C3%BC-white-chocolate---raspberry-mousse-2x83g;Gü White Chocolate & Raspberry Mousse 2x83g;£2.50/unit;£1.51/100g;desserts;301;2.2;28.1;24.0;20.2;12.5;0.9;0.1
galaxy-cookie-crumble-slice-x6-147g;Galaxy Cookie Crumble Slice x6 147g;£1.60/unit;£0.27/ea;flapjacks-traybakes-bites;492;4.8;61.5;40.2;24.7;12.3;1.9;0.6
galaxy-hazelnut-spread-225g;Galaxy Hazelnut Spread 225g;£2.00/unit;£0.89/100g;chocolate-sweet-spreads;Per 100g nutrition not found
galaxy-instant-hot-chocolate-jar-370g;Galaxy Instant Hot Chocolate Jar 370g;£2.60/unit;£0.70/100g;hot-chocolate-milky-drinks;Per 100g nutrition not found
galaxy-milkshake-376ml;Galaxy Smooth Milkshake 376ml;£1.30/unit;£0.35/100ml;flavoured-milk-92153-44;Per 100g nutrition not found
galaxy-milkshake-376ml;Galaxy Smooth Milkshake 376ml;£1.30/unit;£0.35/100ml;flavoured-milk;Per 100g nutrition not found
garners-original-pickled-onions-454g;Garner's Original Pickled Onions 454g (230g*);£2.80/unit;£1.22/100g;pickled-food;27264;0.9;14.2;10.6;0.5;0.5;1.7;1.9
garners-pickled-eggs-465g;Garner's Pickled Eggs 465g (255g*);£2.80/unit;£1.10/100g;pickled-food;529127;12.7;1.0;0.1;8.0;2.6;0.5;0.4
garners-pickled-shallots-300g;Garner's Pickled Shallots 300g (160g*);£2.80/unit;£1.75/100g;pickled-food;41097;1.0;21.6;16.7;0.5;0.1;2.5;1.8
geetas-mango---chilli-chutney-300g;Geeta's Mango & Chilli Chutney 300g;£1.50/unit;£0.50/100g;chutneys-pickle-relishes;246;0.6;60.6;55.0;0.1;0;0.9;2.0
geetas-mango-chutney-320g;Geeta's Mango Chutney 320g;£1.50/unit;£0.47/100g;chutneys-pickle-relishes;253;0.8;62.0;57.2;0.2;0;0.8;2.0
genesis-big-pancakes-280g;Genesis Big Pancakes 280g;£1.40/unit;£0.35/ea;crumpets-breakfast-muffins-pancakes;899213;5.6;38.4;11;4.1;0.7;4.1;1.3
genius-croissants-102g;Genius Gluten Free Croissants 102g;£2.49/unit;£2.44/100g;croissants-brioche-pastries;1905457;3.0;44.8;9.0;28.8;12.4;3.1;0.8
genius-crumpets-220g;Genius Gluten Free Crumpets 220g;£2.00/unit;£0.91/100g;crumpets-breakfast-muffins-pancakes;878209;4.8;29;2.6;7.4;0.6;2.7;1.17
genius-gluten-free-chicken-pie-320g;Genius Gluten Free Chicken Pie 320g;£3.50/unit;£10.94/kg;frozen-freefrom;0;8.3;25;1.9;11.2;4.4;1.6;0.74
genius-gluten-free-chicken-pie-320g;Genius Gluten Free Chicken Pie 320g;£3.50/unit;£10.94/kg;frozen-pies;0;8.3;25;1.9;11.2;4.4;1.6;0.74
genius-gluten-free-steak-pie-320g;Genius Gluten Free Steak Pie 320g;£3.50/unit;£10.94/kg;frozen-freefrom;1048251;8.9;24;1.6;12.7;5.4;2.4;0.63
genius-gluten-free-steak-pie-320g;Genius Gluten Free Steak Pie 320g;£3.50/unit;£10.94/kg;frozen-pies;1048251;8.9;24;1.6;12.7;5.4;2.4;0.63
georgias-gluten-free-fish-cakes-180g;Georgia's Gluten Free Fish Cakes 180g;£2.75/unit;£15.28/kg;frozen-fish-seafood;779186;9.5;18.6;0.9;8.2;1.0;0.7;0.9;
georgias-gluten-free-fish-cakes-180g;Georgia's Gluten Free Fish Cakes 180g;£2.75/unit;£15.28/kg;frozen-freefrom;779186;9.5;18.6;0.9;8.2;1.0;0.7;0.9;
gilberts-all-beef-peppered-salami-170g;Gilbert's All Beef Peppered Salami 170g;£3.75/unit;£2.21/100g;continental-meats;-1;13.6;0.5;-1;18.3;-1;-1;-1
gilberts-all-beef-peppered-salami-170g;Gilbert's All Beef Peppered Salami 170g;£3.75/unit;£2.21/100g;kosher-chilled-foods;-1;13.6;0.5;-1;18.3;-1;-1;-1
gilberts-all-beef-peppered-salami-170g;Gilbert's All Beef Peppered Salami 170g;£3.75/unit;£2.21/100g;mfp-continental-meats;-1;13.6;0.5;-1;18.3;-1;-1;-1
gilberts-roast-turkey-breast-142g;Gilbert's Roast Turkey Breast 142g;£2.00/unit;£1.41/100g;cooked-chicken-turkey;-1;21.7;2.2;-1;0.9;-1;-1;-1
gilberts-roast-turkey-breast-142g;Gilbert's Roast Turkey Breast 142g;£2.00/unit;£1.41/100g;kosher-chilled-foods;-1;21.7;2.2;-1;0.9;-1;-1;-1
gilberts-roast-turkey-breast-142g;Gilbert's Roast Turkey Breast 142g;£2.00/unit;£1.41/100g;mfp-cooked-chicken-turkey;-1;21.7;2.2;-1;0.9;-1;-1;-1
gilberts-salt-beef-brisket-170g;Gilbert's Salt Beef Brisket 170g;£5.50/unit;£3.24/100g;continental-meats;-1;21.9;0.2;-1;5.9;-1;-1;-1
gilberts-salt-beef-brisket-170g;Gilbert's Salt Beef Brisket 170g;£5.50/unit;£3.24/100g;kosher-chilled-foods;-1;21.9;0.2;-1;5.9;-1;-1;-1
gilberts-salt-beef-brisket-170g;Gilbert's Salt Beef Brisket 170g;£5.50/unit;£3.24/100g;mfp-continental-meats;-1;21.9;0.2;-1;5.9;-1;-1;-1
gilberts-sausage--luncheon-170g;Gilbert's Luncheon Salami Sausage 170g;£2.30/unit;£1.36/100g;continental-meats;-1;13.4;0.6;-1;18.5;-1;-1;-1
gilberts-sausage--luncheon-170g;Gilbert's Luncheon Salami Sausage 170g;£2.30/unit;£1.36/100g;kosher-chilled-foods;-1;13.4;0.6;-1;18.5;-1;-1;-1
gilberts-sausage--luncheon-170g;Gilbert's Luncheon Salami Sausage 170g;£2.30/unit;£1.36/100g;mfp-continental-meats;-1;13.4;0.6;-1;18.5;-1;-1;-1
ginsters-4-cornish-pasties-520g;Ginsters Cornish Pasties x4 520g;£2.80/unit;£0.54/100g;slices-pasties;Per 100g nutrition not found
ginsters-chicken---mushroom-slice-170g;Ginsters Chicken & Mushroom Slice 170g;£1.60/unit;£0.94/100g;lunchtime-snacks;Per 100g nutrition not found
ginsters-chicken---mushroom-slice-170g;Ginsters Chicken & Mushroom Slice 170g;£1.60/unit;£0.94/100g;slices-pasties;Per 100g nutrition not found
ginsters-large-cornish-pasty-227g;Ginsters Cornish Pasty, Large 227g;£1.00/unit;£0.44/100g;lunchtime-snacks;Per 100g nutrition not found
ginsters-large-cornish-pasty-227g;Ginsters Cornish Pasty, Large 227g;£1.00/unit;£0.44/100g;slices-pasties;Per 100g nutrition not found
ginsters-large-sausage-roll-130g;Ginsters Sausage Roll, Large 130g;£1.00/unit;£0.77/100g;lunchtime-snacks;Per 100g nutrition not found
ginsters-large-sausage-roll-130g;Ginsters Sausage Roll, Large 130g;£1.00/unit;£0.77/100g;sausage-rolls-savouries;Per 100g nutrition not found
ginsters-large-sausage-roll-130g;Ginsters Sausage Roll, Large 130g;£1.00/unit;£0.77/100g;slices-pasties;Per 100g nutrition not found
ginsters-peppered-steak-slice-170g;Ginsters Peppered Steak Slice 170g;£1.60/unit;£0.94/100g;lunchtime-snacks;Per 100g nutrition not found
ginsters-peppered-steak-slice-170g;Ginsters Peppered Steak Slice 170g;£1.60/unit;£0.94/100g;slices-pasties;Per 100g nutrition not found
ginsters-ploughmans-roll-130g;Ginsters Ploughmans Roll 130g;£1.00/unit;£0.77/100g;lunchtime-snacks;Per 100g nutrition not found
ginsters-ploughmans-roll-130g;Ginsters Ploughmans Roll 130g;£1.00/unit;£0.77/100g;sausage-rolls-savouries;Per 100g nutrition not found
ginsters-ploughmans-roll-130g;Ginsters Ploughmans Roll 130g;£1.00/unit;£0.77/100g;slices-pasties;Per 100g nutrition not found
ginsters-sausage-rolls-x4-240g;Ginsters Sausage Rolls x4 240g;£1.70/unit;£0.71/100g;sausage-rolls-savouries;Per 100g nutrition not found
ginsters-sausage-rolls-x4-240g;Ginsters Sausage Rolls x4 240g;£1.70/unit;£0.71/100g;slices-pasties;Per 100g nutrition not found
ginsters-spicy-chicken-slice-170g;Ginsters Spicy Chicken Slice 170g;£1.60/unit;£0.94/100g;lunchtime-snacks;Per 100g nutrition not found
ginsters-spicy-chicken-slice-170g;Ginsters Spicy Chicken Slice 170g;£1.60/unit;£0.94/100g;slices-pasties;Per 100g nutrition not found
ginsters-steak-slices-x4-420g;Ginsters Steak Slices x4 420g;£2.80/unit;£0.67/100g;slices-pasties;Per 100g nutrition not found
giovanni-rana-chicken-mozzarella-pancetta-ravioli-250g;Giovanni Rana Chicken, Mozzarella & Pancetta Ravioli 250g;£1.70/unit;£6.80/kg;fresh-pasta-sauces;272;13.0;28.0;2.4;11.5;7.0;-1;0.75
giovanni-rana-cured-ham---cheese-torteloni-250g;Giovanni Rana Cured Ham & Cheese Tortelloni 250g;£1.70/unit;£6.80/kg;fresh-pasta-sauces;277;12.0;36.0;2.3;9.0;5.5;-1;1.0
giovanni-rana-italian-bolognese-tortelloni-250g;Giovanni Rana Rich Bolognese Tortelloni 250g;£1.70/unit;£6.80/kg;fresh-pasta-sauces;288;10.5;37.0;3.4;9.5;3.2;-1;1.3
giovanni-rana-large-ravioli--chicken---rosemary-250g;Giovanni Rana Large Ravioli, Chicken & Rosemary 250g;£2.00/unit;£8.00/kg;fresh-pasta-sauces;248;9.0;31.0;3.5;9.0;5.8;-1;1.3
giovanni-rana-large-ravioli--gorgonzola---walnut-250g;Giovanni Rana Large Ravioli, Gorgonzola & Walnut 250g;£2.00/unit;£8.00/kg;fresh-pasta-sauces;296;10.5;37.0;3.6;11.0;5.5;-1;1.4
giovanni-rana-mushroom-creamy-ricotta-ravioli-250g;Giovanni Rana Mushroom Creamy Ricotta Ravioli 250g;£1.70/unit;£6.80/kg;fresh-pasta-sauces;265;8.0;35.0;3.0;10.0;4.5;-1;1.5
giovanni-rana-ricotta-spinich---mascarpone-ravioli-250g;Giovanni Rana Large Ravioli, Ricotta Spinach & Mascarpone 250g;£2.00/unit;£8.00/kg;fresh-pasta-sauces;257;9.5;31.5;3.5;9.5;6.0;-1;1.3
giovanni-rana-selected-italian-cheeses-ravioli-250g;Giovanni Rana Selected Italian Cheeses Ravioli 250g;£1.70/unit;£6.80/kg;fresh-pasta-sauces;272;10.5;31.5;2.0;11.0;7.0;-1;1.3
giovanni-rana-spinach-ricotta-tortelloni-250g;Giovanni Rana Spinach Ricotta Tortelloni 250g;£1.70/unit;£6.80/kg;fresh-pasta-sauces;255;9.0;35.5;5.5;8.0;3.5;-1;1.3
giovanni-rana-suntom-olives---mozzarella-large-ravioli-250g;Giovanni Rana Large Ravioli, Sun Ripened Tomato, Olive & Mozzarella 250g;£2.00/unit;£8.00/kg;fresh-pasta-sauces;267;8.3;28.0;2.9;12.7;5.8;-1;1.3
glac%C3%A9au-vitamin-water-spark--tropical-citrus-500ml;Glaceau Vitamin Water Sunshine 500ml;£1.45/unit;£0.29/100ml;flavoured-vitamin-water;Per 100g nutrition not found
glac%C3%A9au-vitamin-water-spark--tropical-citrus-500ml;Glaceau Vitamin Water Sunshine 500ml;£1.45/unit;£0.29/100ml;still-water;Per 100g nutrition not found
glac%C3%A9au-vitamin-water-spark--tropical-citrus-500ml;Glaceau Vitamin Water Sunshine 500ml;£1.45/unit;£0.29/100ml;vitamins-health-drinks;Per 100g nutrition not found
glaceau-vitamin-water--defence-500ml;Glaceau Vitamin Water, Defence 500ml;£1.45/unit;£0.29/100ml;flavoured-vitamin-water;13;0;3;3;0;0;-1;0
glaceau-vitamin-water--defence-500ml;Glaceau Vitamin Water, Defence 500ml;£1.45/unit;£0.29/100ml;still-water;13;0;3;3;0;0;-1;0
glaceau-vitamin-water--defence-500ml;Glaceau Vitamin Water, Defence 500ml;£1.45/unit;£0.29/100ml;vitamins-health-drinks;13;0;3;3;0;0;-1;0
glaceau-vitamin-water--essential-500ml;Glaceau Vitamin Water, Essential 500ml;£1.45/unit;£0.29/100ml;flavoured-vitamin-water;Per 100g nutrition not found
glaceau-vitamin-water--essential-500ml;Glaceau Vitamin Water, Essential 500ml;£1.45/unit;£0.29/100ml;still-water;Per 100g nutrition not found
glaceau-vitamin-water--essential-500ml;Glaceau Vitamin Water, Essential 500ml;£1.45/unit;£0.29/100ml;vitamins-health-drinks;Per 100g nutrition not found
glaceau-vitamin-water--multi-v-500ml;Glaceau Vitamin Water, Multi-v 500ml;£1.45/unit;£0.29/100ml;flavoured-vitamin-water;Per 100g nutrition not found
glaceau-vitamin-water--multi-v-500ml;Glaceau Vitamin Water, Multi-v 500ml;£1.45/unit;£0.29/100ml;still-water;Per 100g nutrition not found
glaceau-vitamin-water--multi-v-500ml;Glaceau Vitamin Water, Multi-v 500ml;£1.45/unit;£0.29/100ml;vitamins-health-drinks;Per 100g nutrition not found
glaceau-vitamin-water--power-c-500ml;Glaceau Vitamin Water, Power-c 500ml;£1.45/unit;£0.29/100ml;flavoured-vitamin-water;Per 100g nutrition not found
glaceau-vitamin-water--power-c-500ml;Glaceau Vitamin Water, Power-c 500ml;£1.45/unit;£0.29/100ml;still-water;Per 100g nutrition not found
glaceau-vitamin-water--power-c-500ml;Glaceau Vitamin Water, Power-c 500ml;£1.45/unit;£0.29/100ml;vitamins-health-drinks;Per 100g nutrition not found
glaceau-vitamin-water--revive-500ml;Glaceau Vitamin Water, Revive 500ml;£1.45/unit;£0.29/100ml;flavoured-vitamin-water;Per 100g nutrition not found
glaceau-vitamin-water--revive-500ml;Glaceau Vitamin Water, Revive 500ml;£1.45/unit;£0.29/100ml;still-water;Per 100g nutrition not found
glaceau-vitamin-water--revive-500ml;Glaceau Vitamin Water, Revive 500ml;£1.45/unit;£0.29/100ml;vitamins-health-drinks;Per 100g nutrition not found
glorious%21-chicken---peanut-meal-soup-600g;Glorious! Heart of West Africa, Chicken & Peanut Soup 600g;£2.20/unit;£0.37/100g;fresh-soups;95;3.8;6.1;2.2;6.1;2.8;1.4;0.5
glorious%21-chicken---peanut-meal-soup-600g;Glorious! Heart of West Africa, Chicken & Peanut Soup 600g;£2.20/unit;£0.37/100g;lunchtime-snacks;95;3.8;6.1;2.2;6.1;2.8;1.4;0.5
glorious%21-limited-edition-soup-600g;Glorious! Limited Edition Meal Soup 600g;£2.20/unit;£0.37/100g;fresh-soups;114;4.1;10.6;1.1;5.8;0.6;1.6;0.6
glorious%21-louisiana-voo-doo-soup-600g;Glorious! Louisiana Voo Doo Soup 600g;£2.20/unit;£0.37/100g;fresh-soups;53;2.0;5.5;1.5;2.1;0.5;2.0;0.5
glorious%21-louisiana-voo-doo-soup-600g;Glorious! Louisiana Voo Doo Soup 600g;£2.20/unit;£0.37/100g;lunchtime-snacks;53;2.0;5.5;1.5;2.1;0.5;2.0;0.5
glorious%21-skinny-fragrant-thai-carrot---lemongrass-600g;Glorious! Skinnylicious Thai Tuk Tuks, Carrot & Lemongrass Soup 600g;£2.20/unit;£0.37/100g;fresh-soups;40;0.3;3.5;2.9;1.7;1.5;1.6;0.6
glorious%21-skinny-goan-tomato---lentil-soup-600g;Glorious! Skinnylicious Goa Express, Tomato & Lentil Soup 600g;£2.20/unit;£0.37/100g;fresh-soups;50;2.2;7.4;3.0;1.3;0.1;0.6;0.5
glorious%21-skinny-ltd-edition-soup-600g;Glorious! Skinny Ltd Edition Soup 600g;£2.20/unit;£0.37/100g;fresh-soups;33;1.1;5.2;1.8;0.5;0.2;1.7;0.4
glorious%21-skinny-ltd-edition-soup-600g;Glorious! Skinny Ltd Edition Soup 600g;£2.20/unit;£0.37/100g;lunchtime-snacks;33;1.1;5.2;1.8;0.5;0.2;1.7;0.4
glorious%21-skinny-new-england-butternut-squash-soup-600g;Glorious! Skinnylicious New England in Autumn, Butternut Squash Soup 600g;£2.20/unit;£0.37/100g;fresh-soups;34;0.6;5.9;2.7;0.9;0;0.7;0.5
glorious%21-skinnylicious-persian-hug-fresh-soup-600g;Glorious! Skinnylicious Persian Hug Fresh Soup 600g;£2.20/unit;£0.37/100g;fresh-soups;38;1.3;6.2;2.6;1.1;0.3;1.1;0.4
glorious%21-soup-tuscan-chicken---orzo-soup;Glorious! Timeless Tuscany Chicken & Orzo Soup 600g;£2.20/unit;£0.37/100g;fresh-soups;40;2.8;6.2;3.0;0.4;0;0.7;0.6
glorious%21-sunny-thai-days-fresh-meal-soup-600g;Glorious! Sunny Thai Days Fresh Meal Soup 600g;£2.20/unit;£0.37/100g;fresh-soups;63;3.0;6.8;0.9;2.2;1.7;1.9;0.4
glorious%21-sunny-thai-days-fresh-meal-soup-600g;Glorious! Sunny Thai Days Fresh Meal Soup 600g;£2.20/unit;£0.37/100g;lunchtime-snacks;63;3.0;6.8;0.9;2.2;1.7;1.9;0.4
goldschlager-70cl;Goldschlager 70cl;£24.50/unit;£35.00/ltr;cocktail-ingredients;Per 100g nutrition not found
goldschlager-70cl;Goldschlager 70cl;£24.50/unit;£35.00/ltr;liqueurs-other-spirits;Per 100g nutrition not found
good-4-u-alfalfa---radish-shoots-50g;Good 4 U Alfalfa & Radish Shoots 50g;£1.30/unit;£2.60/100g;dressings-coleslaw-accompaniments;18043;5.3;0.8;0.8;2;0.7;2.8;
good-4-u-alfalfa---radish-shoots-50g;Good 4 U Alfalfa & Radish Shoots 50g;£1.30/unit;£2.60/100g;prepared-salad-herbs;18043;5.3;0.8;0.8;2;0.7;2.8;
good-4-u-lentil---bean-shoots-180g;Good 4 U Lentil & Bean Shoots 180g;£1.50/unit;£0.83/100g;dressings-coleslaw-accompaniments;535128;11.7;19.8;1.1;0.2;0.2;8.9;0.04
good-4-u-lentil---bean-shoots-180g;Good 4 U Lentil & Bean Shoots 180g;£1.50/unit;£0.83/100g;prepared-salad-herbs;535128;11.7;19.8;1.1;0.2;0.2;8.9;0.04
goodfellas-takeaway-pepperoni-553g;Goodfella's Takeaway Pepperoni 553g;£3.90/unit;£7.05/kg;frozen-pizza-garlic-bread;1193285;12;28;2.5;13;5.3;-1;1.7
gordons-gin---slimline-tonic-250ml;Gordon's Gin & Slimline Tonic 250ml;£2.00/unit;£8.00/ltr;pre-mixed-spirits;15738;-1;-1;-1;-1;-1;-1;-1
gorumet-black-garlic-bulb;Gourment Black Garlic Bulb;£1.50/unit;£1.50/ea;asian-ingredients;2641109;13.3;53.3;26.6;0;0;20.0;;
gorumet-black-garlic-bulb;Gourment Black Garlic Bulb;£1.50/unit;£1.50/ea;fresh-vegetables-world-exotic;2641109;13.3;53.3;26.6;0;0;20.0;;
gorumet-black-garlic-bulb;Gourment Black Garlic Bulb;£1.50/unit;£1.50/ea;indian-ingredients;2641109;13.3;53.3;26.6;0;0;20.0;;
gorumet-black-garlic-bulb;Gourment Black Garlic Bulb;£1.50/unit;£1.50/ea;mediterranean-ingredients;2641109;13.3;53.3;26.6;0;0;20.0;;
gorumet-black-garlic-bulb;Gourment Black Garlic Bulb;£1.50/unit;£1.50/ea;onions-leeks-garlic;2641109;13.3;53.3;26.6;0;0;20.0;;
grahams-gold-jersey-full-cream-milk-1l;Graham's Gold Jersey Full Cream Milk 1L;£1.15/unit;£1.15/ltr;drinks-fresh-milk;33781;3.7;4.7;4.7;5;3.4;-1;0.2
grahams-gold-jersey-full-cream-milk-1l;Graham's Gold Jersey Full Cream Milk 1L;£1.15/unit;£1.15/ltr;fresh-milk;33781;3.7;4.7;4.7;5;3.4;-1;0.2
great-food-aromatic-moroccan-koftas-420g;Great Food Aromatic Moroccan Koftas 420g;£3.00/unit;£0.71/100g;deli-meat-alternatives;263;8.5;32.5;6.2;12.4;1.4;6.1;1.52
great-food-aromatic-moroccan-koftas-420g;Great Food Aromatic Moroccan Koftas 420g;£3.00/unit;£0.71/100g;kosher-chilled-foods;263;8.5;32.5;6.2;12.4;1.4;6.1;1.52
great-food-aromatic-moroccan-koftas-420g;Great Food Aromatic Moroccan Koftas 420g;£3.00/unit;£0.71/100g;olives-tapas-antipasti;263;8.5;32.5;6.2;12.4;1.4;6.1;1.52
great-food-houmous-200g;Great Food Houmous 200g;£1.70/unit;£0.85/100g;deli-meat-alternatives;1320319;6.7;7.8;0.6;28.1;2.6;2.7;0.3
great-food-houmous-200g;Great Food Houmous 200g;£1.70/unit;£0.85/100g;fresh-dips-houmous;1320319;6.7;7.8;0.6;28.1;2.6;2.7;0.3
great-food-houmous-200g;Great Food Houmous 200g;£1.70/unit;£0.85/100g;kosher-chilled-foods;1320319;6.7;7.8;0.6;28.1;2.6;2.7;0.3
great-food-mint-quinoa---broad-bean-bites-300g;Great Food Mint Quinoa & Broad Bean Bites 300g;£2.90/unit;£0.97/100g;deli-meat-alternatives;241;8.3;29.3;1.2;11.6;1.3;6.5;1.52
great-food-mint-quinoa---broad-bean-bites-300g;Great Food Mint Quinoa & Broad Bean Bites 300g;£2.90/unit;£0.97/100g;kosher-chilled-foods;241;8.3;29.3;1.2;11.6;1.3;6.5;1.52
great-food-mint-quinoa---broad-bean-bites-300g;Great Food Mint Quinoa & Broad Bean Bites 300g;£2.90/unit;£0.97/100g;olives-tapas-antipasti;241;8.3;29.3;1.2;11.6;1.3;6.5;1.52
great-food-moroccan-falafel-300g;Great Food Moroccan Falafel 300g;£2.90/unit;£0.97/100g;deli-meat-alternatives;263;8.5;32.5;6.2;12.4;1.4;6.1;1.52
great-food-moroccan-falafel-300g;Great Food Moroccan Falafel 300g;£2.90/unit;£0.97/100g;kosher-chilled-foods;263;8.5;32.5;6.2;12.4;1.4;6.1;1.52
great-food-moroccan-falafel-300g;Great Food Moroccan Falafel 300g;£2.90/unit;£0.97/100g;olives-tapas-antipasti;263;8.5;32.5;6.2;12.4;1.4;6.1;1.52
great-food-moroccan-style-burger-180g;Great Food Moroccan Style Burger 180g;£1.70/unit;£0.94/100g;deli-meat-alternatives;263;8.5;32.5;6.2;12.4;1.4;6.1;1.52
great-food-moroccan-style-burger-180g;Great Food Moroccan Style Burger 180g;£1.70/unit;£0.94/100g;kosher-chilled-foods;263;8.5;32.5;6.2;12.4;1.4;6.1;1.52
great-food-potato-latkes-300g;Mr Freed's Potato Latkes 300g;£3.30/unit;£1.10/100g;kosher-chilled-foods;-1;5.2;27.4;-1;11.7;1.3;-1;0.5
great-food-potato-latkes-300g;Mr Freed's Potato Latkes 300g;£3.30/unit;£1.10/100g;olives-tapas-antipasti;-1;5.2;27.4;-1;11.7;1.3;-1;0.5
great-food-pumpkin---sultana-bites-200g;Great Food Pumpkin & Sultana Bites 200g;£1.70/unit;£0.85/100g;deli-meat-alternatives;238;7.0;30.8;6.0;10.5;1.0;3.8;1.27
great-food-pumpkin---sultana-bites-200g;Great Food Pumpkin & Sultana Bites 200g;£1.70/unit;£0.85/100g;kosher-chilled-foods;238;7.0;30.8;6.0;10.5;1.0;3.8;1.27
great-food-pumpkin---sultana-bites-200g;Great Food Pumpkin & Sultana Bites 200g;£1.70/unit;£0.85/100g;olives-tapas-antipasti;238;7.0;30.8;6.0;10.5;1.0;3.8;1.27
great-food-pumpkin---sultana-bites-200g;Great Food Pumpkin & Sultana Bites 200g;£1.70/unit;£0.85/100g;potato-vegetable-side-dishes;238;7.0;30.8;6.0;10.5;1.0;3.8;1.27
great-food-spinach---pine-nut-bites-300g;Great Food Spinach & Pine Nut Bites 300g;£2.90/unit;£0.97/100g;deli-meat-alternatives;245;7.3;27.9;2.2;12.9;1.0;5.7;1.01
great-food-spinach---pine-nut-bites-300g;Great Food Spinach & Pine Nut Bites 300g;£2.90/unit;£0.97/100g;kosher-chilled-foods;245;7.3;27.9;2.2;12.9;1.0;5.7;1.01
great-food-spinach---pine-nut-bites-300g;Great Food Spinach & Pine Nut Bites 300g;£2.90/unit;£0.97/100g;olives-tapas-antipasti;245;7.3;27.9;2.2;12.9;1.0;5.7;1.01
great-food-sweet-potato-pakora-300g;Great Food Sweet Potato Pakora 300g;£2.90/unit;£0.97/100g;deli-meat-alternatives;222;5.0;26.1;6.9;11.7;0.8;3.9;0.3
great-food-sweet-potato-pakora-300g;Great Food Sweet Potato Pakora 300g;£2.90/unit;£0.97/100g;kosher-chilled-foods;222;5.0;26.1;6.9;11.7;0.8;3.9;0.3
great-food-sweet-potato-pakora-300g;Great Food Sweet Potato Pakora 300g;£2.90/unit;£0.97/100g;olives-tapas-antipasti;222;5.0;26.1;6.9;11.7;0.8;3.9;0.3
great-food-sweetcorn-bites-200g;Great Food Sweetcorn Bites 200g;£1.70/unit;£0.85/100g;deli-meat-alternatives;189;4.5;26.6;3.0;8.3;0.8;5.2;1.01
great-food-sweetcorn-bites-200g;Great Food Sweetcorn Bites 200g;£1.70/unit;£0.85/100g;kosher-chilled-foods;189;4.5;26.6;3.0;8.3;0.8;5.2;1.01
great-food-sweetcorn-bites-200g;Great Food Sweetcorn Bites 200g;£1.70/unit;£0.85/100g;potato-vegetable-side-dishes;189;4.5;26.6;3.0;8.3;0.8;5.2;1.01
great-food-sweetcorn-bites-200g;Great Food Sweetcorn Bites 200g;£1.70/unit;£0.85/100g;vegetarian-meat-free-ready-meals;189;4.5;26.6;3.0;8.3;0.8;5.2;1.01
great-food-tuscan-bites-300g;Great Food Tuscan Bites 300g;£2.90/unit;£0.97/100g;deli-meat-alternatives;126;2.6;23.2;3.9;2.9;0.2;1.8;1.27
great-food-tuscan-bites-300g;Great Food Tuscan Bites 300g;£2.90/unit;£0.97/100g;kosher-chilled-foods;126;2.6;23.2;3.9;2.9;0.2;1.8;1.27
great-food-tuscan-bites-300g;Great Food Tuscan Bites 300g;£2.90/unit;£0.97/100g;olives-tapas-antipasti;126;2.6;23.2;3.9;2.9;0.2;1.8;1.27
greatfood-baked-mediterranean-falafel-200g;Great Food Baked Mediterranean Falafel 200g;£1.70/unit;£0.85/100g;deli-meat-alternatives;253;9.1;29.9;1.7;11.7;0.8;4.1;1.27
greatfood-baked-mediterranean-falafel-200g;Great Food Baked Mediterranean Falafel 200g;£1.70/unit;£0.85/100g;kosher-chilled-foods;253;9.1;29.9;1.7;11.7;0.8;4.1;1.27
greatfood-baked-mediterranean-falafel-200g;Great Food Baked Mediterranean Falafel 200g;£1.70/unit;£0.85/100g;olives-tapas-antipasti;253;9.1;29.9;1.7;11.7;0.8;4.1;1.27
greatfood-chopped-herring-salad-125g;Mr Freed's Chopped Herring Salad 125g;£2.60/unit;£2.08/100g;canapes-snacking;-1;7.2;8.5;-1;7.6;-1;-1;-1
greatfood-chopped-herring-salad-125g;Mr Freed's Chopped Herring Salad 125g;£2.60/unit;£2.08/100g;cooked-fish-seafood;-1;7.2;8.5;-1;7.6;-1;-1;-1
greatfood-chopped-herring-salad-125g;Mr Freed's Chopped Herring Salad 125g;£2.60/unit;£2.08/100g;kosher-chilled-foods;-1;7.2;8.5;-1;7.6;-1;-1;-1
greatfood-chopped-herring-salad-125g;Mr Freed's Chopped Herring Salad 125g;£2.60/unit;£2.08/100g;mfp-cooked-fish-seafood;-1;7.2;8.5;-1;7.6;-1;-1;-1
greatfood-chopped-herring-salad-125g;Mr Freed's Chopped Herring Salad 125g;£2.60/unit;£2.08/100g;mfp-pate;-1;7.2;8.5;-1;7.6;-1;-1;-1
greatfood-chopped-herring-salad-125g;Mr Freed's Chopped Herring Salad 125g;£2.60/unit;£2.08/100g;pate;-1;7.2;8.5;-1;7.6;-1;-1;-1
greatfood-reduced-fat-med-houmous-200g;Great Food Reduced Fat Mediterranean Houmous 200g;£1.70/unit;£0.85/100g;deli-meat-alternatives;-1;8.5;9.6;0.7;18.8;0.9;3.4;0.4
greatfood-reduced-fat-med-houmous-200g;Great Food Reduced Fat Mediterranean Houmous 200g;£1.70/unit;£0.85/100g;fresh-dips-houmous;-1;8.5;9.6;0.7;18.8;0.9;3.4;0.4
greatfood-reduced-fat-med-houmous-200g;Great Food Reduced Fat Mediterranean Houmous 200g;£1.70/unit;£0.85/100g;kosher-chilled-foods;-1;8.5;9.6;0.7;18.8;0.9;3.4;0.4
greatfood-smoked-salmon-rillette-125g;Mr Freed's Salmon Salad 125g;£1.50/unit;£1.20/100g;canapes-snacking;-1;12.8;0.8;-1;52.9;-1;-1;-1
greatfood-smoked-salmon-rillette-125g;Mr Freed's Salmon Salad 125g;£1.50/unit;£1.20/100g;cooked-fish-seafood;-1;12.8;0.8;-1;52.9;-1;-1;-1
greatfood-smoked-salmon-rillette-125g;Mr Freed's Salmon Salad 125g;£1.50/unit;£1.20/100g;kosher-chilled-foods;-1;12.8;0.8;-1;52.9;-1;-1;-1
greatfood-smoked-salmon-rillette-125g;Mr Freed's Salmon Salad 125g;£1.50/unit;£1.20/100g;mfp-cooked-fish-seafood;-1;12.8;0.8;-1;52.9;-1;-1;-1
greatfood-smoked-salmon-rillette-125g;Mr Freed's Salmon Salad 125g;£1.50/unit;£1.20/100g;mfp-pate;-1;12.8;0.8;-1;52.9;-1;-1;-1
greatfood-smoked-salmon-rillette-125g;Mr Freed's Salmon Salad 125g;£1.50/unit;£1.20/100g;pate;-1;12.8;0.8;-1;52.9;-1;-1;-1
green---blacks-organic-chocolate-500ml;Green & Black's Organic Chocolate Ice Cream 500ml;£3.00/unit;£0.60/100ml;ice-cream-tubs;-1;8;8;19;14;30;3;2
green---blacks-organic-hot-chocolate-300g-7716075-p-44;Green & Black's Organic Hot Chocolate 300g;£3.59/unit;£1.20/100g;hot-chocolate-milky-drinks;395;8.6;67.0;61.0;7.5;4.6;12.0;0.01;417.5250
green---blacks-organic-vanilla-500ml;Green & Black's Organic Vanilla Ice Cream 500ml;£3.00/unit;£0.60/100ml;ice-cream-tubs;-1;7;6;15;13;28;0.3;2
greens-carmelle-mix-70g;Green's Carmelle Mix 70g;£0.60/unit;£0.86/100g;dessert-mixes;89;3.3;15.1;12.5;1.7;1.2;-1;0.25;
greens-egg-custard-mix-54g;Green's Egg Custard Mix 54g;£0.50/unit;£0.93/100g;custard;96;3.6;15.7;15.7;2.1;1.3;-1;0.3;
greens-lemon-pie-filling-140g;Green's Lemon Pie Filling 140g;£0.50/unit;£0.36/100g;dessert-mixes;88;0.7;17.7;10.8;1.5;0.6;-1;0.25;
greens-quick-jel-jelly--red-70g;Green's Quick Jel Jelly, Red 70g;£0.70/unit;£1.00/100g;jelly;123;0.1;29.8;20.9;0.4;0.2;1.1;
gressingham-corn-fed-poussin-500g;Gressingham Corn Fed Poussin 500g;£3.25/unit;£6.50/kg;chicken;826207;24.2;0.1;0.1;12.2;3.2;0.5;0.1;0.2
gressingham-corn-fed-poussin-500g;Gressingham Corn Fed Poussin 500g;£3.25/unit;£6.50/kg;duck-game;826207;24.2;0.1;0.1;12.2;3.2;0.5;0.1;0.2
gressingham-duck-breast-steaks-with-ginger-x2-185g;Gressingham Duck Breast Steaks with Ginger x2 185g;£4.00/unit;£21.62/kg;duck-game;39293;16.8;3.2;0.1;1.4;0.2;0.5;0.5
gressingham-duck-breast-steaks-with-ginger-x2-185g;Gressingham Duck Breast Steaks with Ginger x2 185g;£4.00/unit;£21.62/kg;prepared-joints;39293;16.8;3.2;0.1;1.4;0.2;0.5;0.5
gressingham-foods-duck-breasts-in-plum-sauce-400g;Gressingham Duck Breasts In Plum Sauce x2 400g;£6.00/unit;£15.00/kg;duck-game;888211;14.2;18.5;17.7;9.0;2.4;0.5;1.3
gressingham-foods-duck-breasts-in-plum-sauce-400g;Gressingham Duck Breasts In Plum Sauce x2 400g;£6.00/unit;£15.00/kg;prepared-joints;888211;14.2;18.5;17.7;9.0;2.4;0.5;1.3
gressingham-foods-guinea-fowl-105kg;Gressingham Foods Guinea Fowl 1.05kg;£7.00/unit;£6.67/kg;duck-game;143;27.3;0.0;0.0;2.7;0.8;0.0;0.0
gressingham-foods-spatchcock-poussin-with-salt---pepper-450g;Gressingham Spatchcock Poussin With Salt & Pepper 450g;£3.25/unit;£7.22/kg;burgers-bbq;848203;23.4;0.3;0.1;12.0;3.4;0.5;1.1
gressingham-foods-spatchcock-poussin-with-salt---pepper-450g;Gressingham Spatchcock Poussin With Salt & Pepper 450g;£3.25/unit;£7.22/kg;chicken;848203;23.4;0.3;0.1;12.0;3.4;0.5;1.1
gressingham-foods-spatchcock-poussin-with-salt---pepper-450g;Gressingham Spatchcock Poussin With Salt & Pepper 450g;£3.25/unit;£7.22/kg;duck-game;848203;23.4;0.3;0.1;12.0;3.4;0.5;1.1
gressingham-foods-spatchcock-poussin-with-salt---pepper-450g;Gressingham Spatchcock Poussin With Salt & Pepper 450g;£3.25/unit;£7.22/kg;prepared-joints;848203;23.4;0.3;0.1;12.0;3.4;0.5;1.1
gressingham-foods-whole-poussin-450g;Gressingham Foods Whole Poussin 450g;£3.25/unit;£7.22/kg;chicken;828198;25.2;0.4;0.0;10.6;2.8;0.5;0.3
gressingham-foods-whole-poussin-450g;Gressingham Foods Whole Poussin 450g;£3.25/unit;£7.22/kg;duck-game;828198;25.2;0.4;0.0;10.6;2.8;0.5;0.3
grove-organic-fruit-co-orange-1l;Grove Organic Premium 100% Pure Orange Juice 1L;£2.80/unit;£0.28/100ml;drinks-chilled-fruit-juice;Per 100g nutrition not found
gu-hot-chocolate-ganache-750ml;Gu Hot Chocolate Ganache 750ml;£1.50/unit;£0.20/100ml;flavoured-milk-92153-44;Per 100g nutrition not found
gu-hot-chocolate-ganache-750ml;Gu Hot Chocolate Ganache 750ml;£1.50/unit;£0.20/100ml;flavoured-milk;Per 100g nutrition not found
gu-mango---passionfruit-cheesecake-2x85g;Gü Mango & Passionfruit Cheesecake 2x85g;£2.50/unit;£1.47/100g;desserts;333;3.3;29.5;21.3;22.6;12.4;0.8;0.3
gu-york-cheesecakes-2x80g;Gü York Cheesecakes 2x80g;£2.50/unit;£1.57/100g;desserts;351;4.2;33.6;22.2;22.8;11.8;0.5;0.5
gu-zillionaires-puds-2x92g;Gü Zillionaires Puds 2x92g;£2.50/unit;£1.36/100g;desserts;408;3.4;40.0;32.3;26.0;17.3;0.9;0.3
guinness-foreign-extra-stout-bottle-330ml;Guinness Foreign Extra Stout 330ml;£1.75/unit;£5.30/ltr;ale-stout;Per 100g nutrition not found
guinness-original-stout-4x440ml;Guinness Original Stout 4x440ml;£5.00/unit;£2.84/ltr;ale-stout;15236;0.3;3;-1;0;-1;-1;-1
h%C3%A4agen-dazs-belgian-chocolate-500ml;Haagen-Dazs Belgian Chocolate Ice Cream 500ml;£3.00/unit;£0.60/100ml;ice-cream-tubs;Per 100g nutrition not found
h%C3%A4agen-dazs-cookies---cream-500ml;Haagen-Dazs Cookies & Cream Ice Cream 500ml;£3.00/unit;£0.60/100ml;ice-cream-tubs;Per 100g nutrition not found
h%C3%A4agen-dazs-pralines---cream-500ml;Haagen-Dazs Pralines & Cream 500ml;£3.00/unit;£0.60/100ml;ice-cream-tubs;Per 100g nutrition not found
h%C3%A4agen-dazs-strawberry-cheesecake-500ml;Haagen-Dazs Strawberry Cheesecake 500ml;£3.00/unit;£0.60/100ml;ice-cream-tubs;Per 100g nutrition not found
h%C3%A4agen-dazs-vanilla-500ml;Haagen-Dazs Vanilla Ice Cream 500ml;£3.00/unit;£0.60/100ml;ice-cream-tubs;Per 100g nutrition not found
haagen-dazs-salted-caramel-500ml;Haagen-Dazs Salted Caramel Ice Cream 500ml;£3.00/unit;£0.60/100ml;ice-cream-tubs;Per 100g nutrition not found
happy-egg-large-free-range-eggs-x10;Happy Egg Large Free Range Eggs x10;£3.00/unit;£0.30/ea;eggs;131;12.6;0.5;0.5;9.0;2.5;-1;0.385
happy-egg-large-free-range-eggs-x6;Happy Egg Large Free Range Eggs x6;£1.90/unit;£0.32/ea;eggs;131;12.6;0.5;0.5;9.0;2.5;-1;0.385
happy-egg-medium-free-range-eggs-x6;Happy Egg Medium Free Range Eggs x6;£1.75/unit;£0.29/ea;eggs;131;12.6;0.5;0.5;9.0;2.5;-1;0.385
hartelys-ready-to-eat-raspberries-in-raspberry-jelly-175g;Hartley's Ready To Eat Raspberries In Raspberry Jelly 175g;£0.70/unit;£0.40/100g;dessert-pots;61;0.3;14.8;14.8;0.0;0.0;-1;0.08
hartelys-ready-to-eat-raspberries-in-raspberry-jelly-175g;Hartley's Ready To Eat Raspberries In Raspberry Jelly 175g;£0.70/unit;£0.40/100g;jelly;61;0.3;14.8;14.8;0.0;0.0;-1;0.08
hartelys-ready-to-eat-raspberries-in-raspberry-jelly-175g;Hartley's Ready To Eat Raspberries In Raspberry Jelly 175g;£0.70/unit;£0.40/100g;kids-lunchbox-fruit-desserts;61;0.3;14.8;14.8;0.0;0.0;-1;0.08
hartleys-blackcurrant-jelly-135g;Hartley's Blackcurrant Jelly 135g;£0.55/unit;£0.41/100g;jelly;296;5.5;68.5;57.4;0.0;0.0;-1;0.4;14142
hartleys-jelly--blackcurrant---ready-to-eat-125g;Hartley's Jelly, Blackcurrant - Ready to Eat 125g;£0.50/unit;£0.40/100g;dessert-pots;80;0.0;14.9;14.7;0.0;0.0;-1;0.1
hartleys-jelly--blackcurrant---ready-to-eat-125g;Hartley's Jelly, Blackcurrant - Ready to Eat 125g;£0.50/unit;£0.40/100g;jelly;80;0.0;14.9;14.7;0.0;0.0;-1;0.1
hartleys-jelly--blackcurrant---ready-to-eat-125g;Hartley's Jelly, Blackcurrant - Ready to Eat 125g;£0.50/unit;£0.40/100g;kids-lunchbox-fruit-desserts;80;0.0;14.9;14.7;0.0;0.0;-1;0.1
hartleys-jelly--raspberry-135g;Hartley's Jelly, Raspberry 135g;£0.55/unit;£0.41/100g;jelly;296;5.5;68.5;57.4;0.0;0.0;-1;0.4;14142
hartleys-jelly-apple-flavour-no-added-sugar-115g;Hartley's Jelly Apple Flavour No Added Sugar 115g;£0.50/unit;£0.43/100g;dessert-pots;6;0;1.1;0.3;0.3;0.1;-1;0.10
hartleys-jelly-apple-flavour-no-added-sugar-115g;Hartley's Jelly Apple Flavour No Added Sugar 115g;£0.50/unit;£0.43/100g;jelly;6;0;1.1;0.3;0.3;0.1;-1;0.10
hartleys-jelly-black-cherry-135g;Hartley's Jelly Black Cherry 135g;£0.60/unit;£0.44/100g;jelly;296;5.5;68.5;57.4;0.0;0.0;-1;0.50;14142
hartleys-jelly-blackcurrant-flavour-no-added-sugar--115g;Hartley's Jelly Blackcurrant Flavour No Added Sugar  115g;£0.50/unit;£0.43/100g;dessert-pots;7;0;1.0;0.1;0.4;0.1;-1;0.10
hartleys-jelly-blackcurrant-flavour-no-added-sugar--115g;Hartley's Jelly Blackcurrant Flavour No Added Sugar  115g;£0.50/unit;£0.43/100g;jelly;7;0;1.0;0.1;0.4;0.1;-1;0.10
hartleys-jelly-lemon---lime-flavour-175g;Hartley's Jelly Lemon & Lime Flavour 175g;£0.50/unit;£0.40/100g;dessert-pots;80;0.0;20.0;18.6;0.0;0.0;-1;0.25
hartleys-jelly-lemon---lime-flavour-175g;Hartley's Jelly Lemon & Lime Flavour 175g;£0.50/unit;£0.40/100g;jelly;80;0.0;20.0;18.6;0.0;0.0;-1;0.25
hartleys-jelly-orange-flavour-10-cal-175g;Hartley's Jelly Orange Flavour 10 Cal 175g;£0.70/unit;£0.40/100g;dessert-pots;3;0;1.2;0;0.0;0.0;-1;0.07
hartleys-jelly-orange-flavour-10-cal-175g;Hartley's Jelly Orange Flavour 10 Cal 175g;£0.70/unit;£0.40/100g;jelly;3;0;1.2;0;0.0;0.0;-1;0.07
hartleys-jelly-pineapple-flavour-125g;Hartley's Jelly Pineapple Flavour 125g;£0.50/unit;£0.40/100g;dessert-pots;84;0;20.3;18.8;0.4;0.2;-1;0.09
hartleys-jelly-pineapple-flavour-125g;Hartley's Jelly Pineapple Flavour 125g;£0.50/unit;£0.40/100g;jelly;84;0;20.3;18.8;0.4;0.2;-1;0.09
hartleys-jelly-raspberry-flavour-10-cal-175g;Hartley's Jelly Raspberry Flavour 10 Cal 175g;£0.70/unit;£0.40/100g;dessert-pots;4;0;1.3;0;0.0;0.0;-1;0.07
hartleys-jelly-raspberry-flavour-10-cal-175g;Hartley's Jelly Raspberry Flavour 10 Cal 175g;£0.70/unit;£0.40/100g;jelly;4;0;1.3;0;0.0;0.0;-1;0.07
hartleys-jelly-strawberry-flavour-10-cal-175g;Hartley's Jelly Strawberry Flavour 10 Cal 175g;£0.70/unit;£0.40/100g;dessert-pots;4;0;1.1;0;0.0;0.0;-1;0.08
hartleys-jelly-strawberry-flavour-10-cal-175g;Hartley's Jelly Strawberry Flavour 10 Cal 175g;£0.70/unit;£0.40/100g;jelly;4;0;1.1;0;0.0;0.0;-1;0.08
hartleys-lemon-jelly-135g;Hartley's Lemon Jelly 135g;£0.55/unit;£0.41/100g;jelly;296;5.5;68.5;57.4;0.0;0.0;-1;0.50;14142
hartleys-lime-jelly-135g;Hartley's Lime Jelly 135g;£0.55/unit;£0.41/100g;jelly;296;5.5;68.5;57.4;0.0;0.0;-1;0.50;14142
hartleys-low-calorie-cranberry---raspberry-jelly-175g;Hartley's Low Calorie Cranberry & Raspberry Jelly 175g;£0.70/unit;£0.40/100g;dessert-pots;5;0.0;1.0;1.0;0.0;0.0;-1;0.25
hartleys-low-calorie-cranberry---raspberry-jelly-175g;Hartley's Low Calorie Cranberry & Raspberry Jelly 175g;£0.70/unit;£0.40/100g;jelly;5;0.0;1.0;1.0;0.0;0.0;-1;0.25
hartleys-low-calorie-cranberry---raspberry-jelly-175g;Hartley's Low Calorie Cranberry & Raspberry Jelly 175g;£0.70/unit;£0.40/100g;kids-lunchbox-fruit-desserts;5;0.0;1.0;1.0;0.0;0.0;-1;0.25
hartleys-low-calorie-mango---passionfruit-jelly-175g;Hartley's Low Calorie Mango & Passionfruit Jelly 175g;£0.70/unit;£0.40/100g;dessert-pots;5;0.0;1.0;1.0;0.0;0.0;-1;0.25
hartleys-low-calorie-mango---passionfruit-jelly-175g;Hartley's Low Calorie Mango & Passionfruit Jelly 175g;£0.70/unit;£0.40/100g;jelly;5;0.0;1.0;1.0;0.0;0.0;-1;0.25
hartleys-low-calorie-mango---passionfruit-jelly-175g;Hartley's Low Calorie Mango & Passionfruit Jelly 175g;£0.70/unit;£0.40/100g;kids-lunchbox-fruit-desserts;5;0.0;1.0;1.0;0.0;0.0;-1;0.25
hartleys-low-calorie-strawberry---kiwi-jelly-175g;Hartley's Low Calorie Strawberry & Kiwi Jelly 175g;£0.70/unit;£0.40/100g;dessert-pots;2;0;0.4;0.4;0;0.0;-1;0.0
hartleys-low-calorie-strawberry---kiwi-jelly-175g;Hartley's Low Calorie Strawberry & Kiwi Jelly 175g;£0.70/unit;£0.40/100g;jelly;2;0;0.4;0.4;0;0.0;-1;0.0
hartleys-low-calorie-strawberry---kiwi-jelly-175g;Hartley's Low Calorie Strawberry & Kiwi Jelly 175g;£0.70/unit;£0.40/100g;kids-lunchbox-fruit-desserts;2;0;0.4;0.4;0;0.0;-1;0.0
hartleys-mango-1-fruit-175g;Hartley's Mango 1 Fruit 175g;£0.70/unit;£0.40/100g;dessert-fruit;67;0.3;15.7;14.8;0.1;0.0;-1;
hartleys-mango-1-fruit-175g;Hartley's Mango 1 Fruit 175g;£0.70/unit;£0.40/100g;dessert-pots;67;0.3;15.7;14.8;0.1;0.0;-1;
hartleys-mango-1-fruit-175g;Hartley's Mango 1 Fruit 175g;£0.70/unit;£0.40/100g;jelly;67;0.3;15.7;14.8;0.1;0.0;-1;
hartleys-no-added-sugar-orange-flavour-jelly-115g;Hartley's No Added Sugar Orange Flavour Jelly 115g;£0.50/unit;£0.43/100g;dessert-pots;3;0;1.2;0;0.0;0.0;-1;0.07
hartleys-no-added-sugar-orange-flavour-jelly-115g;Hartley's No Added Sugar Orange Flavour Jelly 115g;£0.50/unit;£0.43/100g;jelly;3;0;1.2;0;0.0;0.0;-1;0.07
hartleys-orange-jelly--ready-to-eat-125g;Hartley's Orange Jelly, Ready to Eat 125g;£0.50/unit;£0.40/100g;dessert-pots;80;0.0;20.0;18.6;0.0;0.0;-1;0.25
hartleys-orange-jelly--ready-to-eat-125g;Hartley's Orange Jelly, Ready to Eat 125g;£0.50/unit;£0.40/100g;jelly;80;0.0;20.0;18.6;0.0;0.0;-1;0.25
hartleys-orange-jelly--ready-to-eat-125g;Hartley's Orange Jelly, Ready to Eat 125g;£0.50/unit;£0.40/100g;kids-lunchbox-fruit-desserts;80;0.0;20.0;18.6;0.0;0.0;-1;0.25
hartleys-orange-jelly-135g;Hartley's Orange Jelly 135g;£0.55/unit;£0.41/100g;jelly;296;5.5;68.5;57.4;0.0;0.0;-1;0.50;14142
hartleys-pineapple-jelly-135g;Hartley's Pineapple Jelly 135g;£0.55/unit;£0.41/100g;jelly;296;5.5;68.5;57.4;0.0;0.0;-1;0.50;14142
hartleys-raspberry-1-fruit-175g;Hartley's Raspberry 1 Fruit 175g;£0.70/unit;£0.40/100g;dessert-fruit;68;0.7;15.1;14.5;0.2;0.0;-1;
hartleys-raspberry-1-fruit-175g;Hartley's Raspberry 1 Fruit 175g;£0.70/unit;£0.40/100g;dessert-pots;68;0.7;15.1;14.5;0.2;0.0;-1;
hartleys-raspberry-1-fruit-175g;Hartley's Raspberry 1 Fruit 175g;£0.70/unit;£0.40/100g;jelly;68;0.7;15.1;14.5;0.2;0.0;-1;
hartleys-raspberry-jelly--ready-to-eat-125g;Hartley's Raspberry Jelly, Ready to Eat 125g;£0.50/unit;£0.40/100g;jelly;80;0.0;20.0;18.6;0.0;0.0;-1;0.1
hartleys-ready-to-eat-blueberry---blackcurrent-jellly-175g;Hartley's Ready To Eat Blueberry & Blackcurrant Jelly 175g;£0.70/unit;£0.40/100g;dessert-pots;5;0.0;1.0;1.0;0.0;0.0;-1;0.20
hartleys-ready-to-eat-blueberry---blackcurrent-jellly-175g;Hartley's Ready To Eat Blueberry & Blackcurrant Jelly 175g;£0.70/unit;£0.40/100g;jelly;5;0.0;1.0;1.0;0.0;0.0;-1;0.20
hartleys-ready-to-eat-blueberry---blackcurrent-jellly-175g;Hartley's Ready To Eat Blueberry & Blackcurrant Jelly 175g;£0.70/unit;£0.40/100g;kids-lunchbox-fruit-desserts;5;0.0;1.0;1.0;0.0;0.0;-1;0.20
hartleys-ready-to-eat-low-sugar-raspberry-jelly-115g;Hartley's Ready To Eat Low Sugar Raspberry Jelly 115g;£0.50/unit;£0.43/100g;dessert-pots;5;0.0;1.0;1.0;0.0;0.0;-1;0.15
hartleys-ready-to-eat-low-sugar-raspberry-jelly-115g;Hartley's Ready To Eat Low Sugar Raspberry Jelly 115g;£0.50/unit;£0.43/100g;jelly;5;0.0;1.0;1.0;0.0;0.0;-1;0.15
hartleys-ready-to-eat-low-sugar-raspberry-jelly-115g;Hartley's Ready To Eat Low Sugar Raspberry Jelly 115g;£0.50/unit;£0.43/100g;kids-lunchbox-fruit-desserts;5;0.0;1.0;1.0;0.0;0.0;-1;0.15
hartleys-ready-to-eat-low-sugar-strawberry-jelly-115g;Hartley's Ready To Eat Low Sugar Strawberry Jelly 115g;£0.50/unit;£0.43/100g;dessert-pots;4;0;1.1;0;0.0;0.0;-1;0.08
hartleys-ready-to-eat-low-sugar-strawberry-jelly-115g;Hartley's Ready To Eat Low Sugar Strawberry Jelly 115g;£0.50/unit;£0.43/100g;jelly;4;0;1.1;0;0.0;0.0;-1;0.08
hartleys-ready-to-eat-low-sugar-strawberry-jelly-115g;Hartley's Ready To Eat Low Sugar Strawberry Jelly 115g;£0.50/unit;£0.43/100g;kids-lunchbox-fruit-desserts;4;0;1.1;0;0.0;0.0;-1;0.08
hartleys-ready-to-eat-pineapple-in-jelly-175g;Hartley's Ready To Eat Pineapple In Jelly 175g;£0.70/unit;£0.40/100g;dessert-pots;61;0.1;14.9;14.7;0.0;0.0;-1;
hartleys-ready-to-eat-pineapple-in-jelly-175g;Hartley's Ready To Eat Pineapple In Jelly 175g;£0.70/unit;£0.40/100g;jelly;61;0.1;14.9;14.7;0.0;0.0;-1;
hartleys-ready-to-eat-pineapple-in-jelly-175g;Hartley's Ready To Eat Pineapple In Jelly 175g;£0.70/unit;£0.40/100g;kids-lunchbox-fruit-desserts;61;0.1;14.9;14.7;0.0;0.0;-1;
hartleys-strawberry-jelly--ready-to-eat-125g;Hartley's Strawberry Jelly, Ready to Eat 125g;£0.50/unit;£0.40/100g;dessert-pots;80;0.0;20.0;18.6;0.0;0.0;-1;0.1
hartleys-strawberry-jelly--ready-to-eat-125g;Hartley's Strawberry Jelly, Ready to Eat 125g;£0.50/unit;£0.40/100g;jelly;80;0.0;20.0;18.6;0.0;0.0;-1;0.1
hartleys-strawberry-jelly--ready-to-eat-125g;Hartley's Strawberry Jelly, Ready to Eat 125g;£0.50/unit;£0.40/100g;kids-lunchbox-fruit-desserts;80;0.0;20.0;18.6;0.0;0.0;-1;0.1
hartleys-strawberry-jelly-135g;Hartley's Strawberry Jelly 135g;£0.55/unit;£0.41/100g;jelly;296;5.5;68.5;57.4;0.0;0.0;-1;0.4;14142
hartleys-sugar-free-blackcurrant-jelly-23g;Hartley's Sugar Free Blackcurrant Jelly 23g;£0.70/unit;£3.04/100g;jelly;6;1.2;0.5;0.5;0.0;0.0;-1;0.07;1145
hartleys-sugar-free-lemon---lime-jelly-23g;Hartley's Sugar Free Lemon & Lime Jelly 23g;£0.70/unit;£3.04/100g;jelly;293;60.4;8.0;0.3;0.1;0.1;-1;4.3;1145
hartleys-sugar-free-orange-jelly-23g;Hartley's Sugar Free Orange Jelly 23g;£0.70/unit;£3.04/100g;jelly;6;1.3;0.5;0.5;0.5;0.1;-1;0.07;1145
hartleys-sugar-free-raspberry-jelly-23g;Hartley's Sugar Free Raspberry Jelly 23g;£0.70/unit;£3.04/100g;jelly;6;1.1;0.5;0.5;0.5;0.51;-1;0.07;1145
hartleys-sugar-free-strawberry-jelly-26g;Hartley's Sugar Free Strawberry Jelly 26g;£0.70/unit;£3.04/100g;jelly;6;1.2;0.5;0.5;0.5;0.1;-1;0.07;1145
haywards-baby-beetroot-710g;Haywards Baby Beetroot 710g (415g*);£1.70/unit;£0.41/100g;pickled-food;20749;0.9;11;10;0.5;0.5;1.5;0.30
haywards-crinkle-cut-beetroot-710g;Haywards Crinkle Cut Beetroot 710g (415g*);£1.70/unit;£0.47/100g;beetroot;20749;0.9;11;10;0.5;0.5;1.5;0.30
haywards-crinkle-cut-beetroot-710g;Haywards Crinkle Cut Beetroot 710g (415g*);£1.70/unit;£0.47/100g;pickled-food;20749;0.9;11;10;0.5;0.5;1.5;0.30
haywards-gherkins-660g;Haywards Gherkins 660g (370g*);£1.70/unit;£0.46/100g;pickled-food;9122;0.5;4.9;4.0;0.5;0.1;2.2;0.60
haywards-hot---spicy-onions-440g;Haywards Hot & Spicy Onions 440g;£1.70/unit;£0.39/100g;pickled-food;26663;0.2;11.9;11.7;0.6;0.2;2.5;0.71
haywards-mixed-pickle-460g;Haywards Mixed Pickle 460g (240g*);£1.70/unit;£0.71/100g;pickled-food;4310;0.5;2.4;0.6;0.5;0.1;1.6;1.5
haywards-piccalilli-460g;Haywards Piccalilli 460g;£1.70/unit;£0.37/100g;chutneys-pickle-relishes;21651;1.4;9.2;5.8;0.7;0.1;1.2;1.5
haywards-pickled-onions-454g;Haywards Pickled Onions 454g (240g*);£1.70/unit;£0.71/100g;pickled-food;18143;0.8;10;8.4;0.5;0.1;1.4;0.66
haywards-silverskin-onions-454g;Haywards Silverskin Onions 454g (240g*);£1.70/unit;£0.71/100g;pickled-food;8520;0.5;4.3;3.0;0.5;0.1;1.0;1.3
haywards-sliced-beetroot-710g;Haywards Sliced Beetroot 710g (415g*);£1.70/unit;£0.41/100g;pickled-food;20749;0.9;11;10;0.5;0.5;1.5;0.30
haywards-sliced-red-cabbage-460g;Haywards Sliced Red Cabbage 445g (215g*);£1.70/unit;£0.79/100g;pickled-food;11528;0.8;2.5;2.5;0.2;0.1;2.2;1.73
haywards-sweet-piccalilli-454g;Haywards Sweet Piccalilli 454g;£1.70/unit;£0.36/100g;chutneys-pickle-relishes;442105;0.7;22;19;0.8;0.5;0.7;2.3
haywards-sweet-pickled-onions-454g;Haywards Sweet Pickled Onions 454g (240g*);£1.70/unit;£0.71/100g;pickled-food;11327;0.5;6.8;5.6;0.5;0.1;1.8;1.5
haywood---padgett-cherry---sultana-scone-x8;Haywood & Padgett Cherry & Sultana Scone x8;£1.25/unit;£0.16/ea;cakes-scones-fruited-buns;1425338;5.8;57.1;25.3;9.3;3.6;1.5;1.1
haywood---padgett-cherry---sultana-scone-x8;Haywood & Padgett Cherry & Sultana Scone x8;£1.25/unit;£0.16/ea;scones-fruited-buns;1425338;5.8;57.1;25.3;9.3;3.6;1.5;1.1
haywood---padgett-sultana-scones-x8;Haywood & Padgett Sultana Scones x8;£1.25/unit;£0.16/ea;cakes-scones-fruited-buns;1431340;6.1;56.2;22.9;9.7;3.7;1.5;1.6
haywood---padgett-sultana-scones-x8;Haywood & Padgett Sultana Scones x8;£1.25/unit;£0.16/ea;scones-fruited-buns;1431340;6.1;56.2;22.9;9.7;3.7;1.5;1.6
heinz-piccalilli-pickle-275g;Heinz Piccalilli Pickle 275g;£1.10/unit;£0.40/100g;chutneys-pickle-relishes;99;1.1;20.4;16.9;0.5;0;0.1;2.3
heinz-ploughmans-pickle-280g;Heinz Ploughmans Pickle 280g;£1.00/unit;£0.36/100g;chutneys-pickle-relishes;99;0.6;22.7;19.9;0;0;1.1;2.1
heinz-sandwich-spread-270g;Heinz Sandwich Spread 270g;£1.30/unit;£0.48/100g;savoury-pastes;918220;0.9;23.9;21.3;13.1;1.0;0.6;0.8;2.1
heinz-speciality-tangy-sandwich-pickle-280g;Heinz Speciality Tangy Sandwich Pickle 280g;£1.00/unit;£0.36/100g;chutneys-pickle-relishes;130;0.5;31.0;27.3;0;0;1.1;2.1
heinz-sweet-chilli-tomato-pickle-280g;Heinz Sweet Chilli Tomato Pickle 280g;£1.00/unit;£0.36/100g;chutneys-pickle-relishes;127;1.0;30.2;28.2;0.1;0;0.6;1.5
helen-brownings-totally-speedy-sausages--organic-200g;Helen Browning's Organic Speedy Sausages x12 200g;£3.30/unit;£16.50/kg;sausages;1176284;17;0.6;-1;23;-1;-1;1.75
hello-kitty-celebration-cake;Hello Kitty Celebration Cake;£10.00/unit;£9.63/kg;celebration-cakes;409;2.0;71.5;61.4;12.6;3.1;-1;0.32
hengstenberg-sauerkraut-680g-%28650g*%29;Hengstenberg Sauerkraut 680g (650g*);£1.60/unit;£0.25/100g;pickled-food;9122;15;19;17;01;01;-1;11
hermesetas-artificial-sweetener-tablets-300s;Hermesetas Artificial Sweetener Tablets 300s;£2.00/unit;£0.07/10tblt;tea-coffee-sweeteners;Per 100g nutrition not found
hermesetas-artificial-sweetener-tablets-dispenser-1200s;Hermesetas Artificial Sweetener Tablets Dispenser 1200s;£4.00/unit;£0.03/10tblt;tea-coffee-sweeteners;Per 100g nutrition not found
hermesetas-granulated-sweetener-90g;Hermesetas Granulated Sweetener 90g;£1.50/unit;£16.67/kg;tea-coffee-sweeteners;Per 100g nutrition not found
herta-chicken-frankfurters-x10-350g;Herta Chicken Frankfurters x10 350g;£2.00/unit;£0.57/100g;mfp-snacking-cooked-sausage;215;13.5;1.5;1.5;17.0;3.5;1.0;1.80;35;
herta-chicken-frankfurters-x10-350g;Herta Chicken Frankfurters x10 350g;£2.00/unit;£0.57/100g;snacking-cooked-sausage;215;13.5;1.5;1.5;17.0;3.5;1.0;1.80;35;
herta-chicken-snackfurters-200g;Herta Chicken Snackfurters 200g;£2.00/unit;£1.00/100g;cooked-chicken-turkey;213;13.0;1.5;1.5;17.0;3.5;1.0;1.70;;1450
herta-chicken-snackfurters-200g;Herta Chicken Snackfurters 200g;£2.00/unit;£1.00/100g;mfp-cooked-chicken-turkey;213;13.0;1.5;1.5;17.0;3.5;1.0;1.70;;1450
herta-frankfurters-jumbo-x4-360g;Herta Frankfurters Jumbo x4 360g;£2.85/unit;£0.79/100g;mfp-snacking-cooked-sausage;284;12.0;2.0;2.0;25.0;9.8;1.4;1.60;90;
herta-frankfurters-jumbo-x4-360g;Herta Frankfurters Jumbo x4 360g;£2.85/unit;£0.79/100g;snacking-cooked-sausage;284;12.0;2.0;2.0;25.0;9.8;1.4;1.60;90;
herta-frankfurters-x10-350g;Herta Frankfurters x10 350g;£2.00/unit;£0.57/100g;mfp-snacking-cooked-sausage;285;12.5;2.0;2.0;25.0;9.8;1.2;1.60;35;
herta-frankfurters-x10-350g;Herta Frankfurters x10 350g;£2.00/unit;£0.57/100g;snacking-cooked-sausage;285;12.5;2.0;2.0;25.0;9.8;1.2;1.60;35;
herta-frankfurters-x4-140g;Herta Frankfurters x4 140g;£1.30/unit;£0.93/100g;mfp-snacking-cooked-sausage;285;12.5;2.0;2.0;25.0;9.8;1.2;1.60;35;
herta-frankfurters-x4-140g;Herta Frankfurters x4 140g;£1.30/unit;£0.93/100g;snacking-cooked-sausage;285;12.5;2.0;2.0;25.0;9.8;1.2;1.60;35;
hi-lo-loaf;Hi-lo Loaf;£1.70/unit;£0.43/100g;wholemeal-brown-bread;260;24.7;15.6;3.4;8.7;1.3;10.2;0.93
higgidy-apple---cider-sausage-roll-160g;Higgidy Apple & Cider Sausage Roll 160g;£2.60/unit;£1.63/100g;lunchtime-snacks;Per 100g nutrition not found
higgidy-apple---cider-sausage-roll-160g;Higgidy Apple & Cider Sausage Roll 160g;£2.60/unit;£1.63/100g;sausage-rolls-savouries;Per 100g nutrition not found
higgidy-apple---cider-sausage-roll-160g;Higgidy Apple & Cider Sausage Roll 160g;£2.60/unit;£1.63/100g;slices-pasties;Per 100g nutrition not found
higgidy-beef--stilton---ale-pie-280g;Higgidy Beef, Stilton & Ale Pie 280g;£3.00/unit;£1.07/100g;hot-cold-pies;916219;11.0;18.0;1.9;11.7;6.2;1.1;0.7
higgidy-chicken-pot-pie-with-leek---ham-250g;Higgidy Chicken Pot Pie with Leek & Ham Pie 250g;£3.00/unit;£1.20/100g;hot-cold-pies;1188285;11.3;22.0;1.4;17.4;9.7;1.2;0.7
higgidy-feta---red-pepper-veggie-roll-160g;Higgidy Feta & Red Pepper Veggie Roll 160g;£2.60/unit;£1.63/100g;deli-meat-alternatives;1502360;9.3;32.3;2.0;22.3;13.6;2.0;1.1
higgidy-feta---red-pepper-veggie-roll-160g;Higgidy Feta & Red Pepper Veggie Roll 160g;£2.60/unit;£1.63/100g;lunchtime-snacks;1502360;9.3;32.3;2.0;22.3;13.6;2.0;1.1
higgidy-feta---red-pepper-veggie-roll-160g;Higgidy Feta & Red Pepper Veggie Roll 160g;£2.60/unit;£1.63/100g;sausage-rolls-savouries;1502360;9.3;32.3;2.0;22.3;13.6;2.0;1.1
higgidy-feta---red-pepper-veggie-roll-160g;Higgidy Feta & Red Pepper Veggie Roll 160g;£2.60/unit;£1.63/100g;slices-pasties;1502360;9.3;32.3;2.0;22.3;13.6;2.0;1.1
higgidy-kale--brocolli---stilton-quiche-400g;Higgidy Kale, Broccolli & Stilton Quiche 400g;£4.00/unit;£1.00/100g;lunchtime-snacks;1166280;9.4;17.2;1.5;19.5;8.9;1.2;0.6
higgidy-kale--brocolli---stilton-quiche-400g;Higgidy Kale, Broccolli & Stilton Quiche 400g;£4.00/unit;£1.00/100g;quiche;1166280;9.4;17.2;1.5;19.5;8.9;1.2;0.6
higgidy-little-butternut-squash---feta-pie-160g;Higgidy Little Butternut Squash & Feta Pie 160g;£2.70/unit;£1.69/100g;hot-cold-pies;1138273;7.2;21.4;3.2;18.2;10.2;1.2;0.9
higgidy-little-butternut-squash---feta-pie-160g;Higgidy Little Butternut Squash & Feta Pie 160g;£2.70/unit;£1.69/100g;lunchtime-snacks;1138273;7.2;21.4;3.2;18.2;10.2;1.2;0.9
higgidy-little-cheddar---ham-quiche-110g;Higgidy Little Cheddar & Ham Quiche 155g;£2.30/unit;£1.48/100g;lunchtime-snacks;1127271;9.5;17.3;1.2;18.1;7.3;0.8;0.7
higgidy-little-cheddar---ham-quiche-110g;Higgidy Little Cheddar & Ham Quiche 155g;£2.30/unit;£1.48/100g;quiche;1127271;9.5;17.3;1.2;18.1;7.3;0.8;0.7
higgidy-little-mushroom---spinach-pie-160g;Higgidy Little Mushroom & Spinach Pie 160g;£2.70/unit;£1.69/100g;hot-cold-pies;983236;5.8;19.2;0.9;15.1;8.5;1.3;0.8
higgidy-little-mushroom---spinach-pie-160g;Higgidy Little Mushroom & Spinach Pie 160g;£2.70/unit;£1.69/100g;lunchtime-snacks;983236;5.8;19.2;0.9;15.1;8.5;1.3;0.8
higgidy-little-spinach---feta-quiche-110g;Higgidy Little Spinach & Feta Quiche 155g;£2.30/unit;£1.48/100g;deli-meat-alternatives;1080259;8.7;16.8;1.4;17.6;7.6;1.0;0.7
higgidy-little-spinach---feta-quiche-110g;Higgidy Little Spinach & Feta Quiche 155g;£2.30/unit;£1.48/100g;lunchtime-snacks;1080259;8.7;16.8;1.4;17.6;7.6;1.0;0.7
higgidy-little-spinach---feta-quiche-110g;Higgidy Little Spinach & Feta Quiche 155g;£2.30/unit;£1.48/100g;quiche;1080259;8.7;16.8;1.4;17.6;7.6;1.0;0.7
higgidy-little-sweet-potato---tomato-pie-160g;Higgidy Little Sweet Potato & Tomato Pie 160g;£2.70/unit;£1.69/100g;hot-cold-pies;855204;3.9;23.6;5.0;11.3;3.0;1.8;0.5
higgidy-little-sweet-potato---tomato-pie-160g;Higgidy Little Sweet Potato & Tomato Pie 160g;£2.70/unit;£1.69/100g;lunchtime-snacks;855204;3.9;23.6;5.0;11.3;3.0;1.8;0.5
higgidy-pork---pancetta-sausage-roll-160g;Higgidy Pork & Pancetta Sausage Roll 160g;£2.60/unit;£1.63/100g;lunchtime-snacks;1638393;11.9;29.7;1.4;25.6;13.4;2.3;1.0
higgidy-pork---pancetta-sausage-roll-160g;Higgidy Pork & Pancetta Sausage Roll 160g;£2.60/unit;£1.63/100g;sausage-rolls-savouries;1638393;11.9;29.7;1.4;25.6;13.4;2.3;1.0
higgidy-pork---pancetta-sausage-roll-160g;Higgidy Pork & Pancetta Sausage Roll 160g;£2.60/unit;£1.63/100g;slices-pasties;1638393;11.9;29.7;1.4;25.6;13.4;2.3;1.0
higgidy-slow-cooked-steak--red-wine-250g;Higgidy Slow Cooked Steak & Red Wine Pie 250g;£3.00/unit;£1.20/100g;hot-cold-pies;984235;10.5;20.0;0.9;12.7;7.2;1.1;0.6
higgidy-smoked-english-bacon---mature-cheddar-quiche-400g;Higgidy Smoked English Bacon & Mature Cheddar Quiche 400g;£4.00/unit;£1.00/100g;quiche;1176282;8.3;16.9;1.0;19.9;8.4;0.8;0.7
higgidy-special-guest-pie-250g;Higgidy Special Guest Pie 250g;£3.00/unit;£1.20/100g;hot-cold-pies;976233;6.5;23.6;4.8;12.9;6.1;1.5;0.5
higgidy-spinach--feta---pine-nut-pie-270g;Higgidy Spinach, Feta & Pine Nut Pie 270g;£3.00/unit;£1.11/100g;hot-cold-pies;1094263;8.5;15.7;1.5;18.6;8.2;1.3;1.0
higgidy-spinach--feta---roasted-pepper-quiche-400g;Higgidy Spinach, Feta & Roasted Pepper Quiche 400g;£4.00/unit;£1.00/100g;deli-meat-alternatives;1029247;8.4;17.1;3.2;16.7;7.5;1.1;0.6
higgidy-spinach--feta---roasted-pepper-quiche-400g;Higgidy Spinach, Feta & Roasted Pepper Quiche 400g;£4.00/unit;£1.00/100g;quiche;1029247;8.4;17.1;3.2;16.7;7.5;1.1;0.6
highland-spring-sparkling-water-12x500ml;Highland Spring Sparkling Water 12x500ml;£3.50/unit;£0.06/100ml;sparkling-water;Per 100g nutrition not found
highland-spring-sparkling-water-12x500ml;Highland Spring Sparkling Water 12x500ml;£3.50/unit;£0.06/100ml;water-bigger-multipacks;Per 100g nutrition not found
highland-spring-sparkling-water-15l;Highland Spring Sparkling Water 1.5L;£0.87/unit;£0.06/100ml;sparkling-water;Per 100g nutrition not found
highland-spring-sparkling-water-4x15l;Highland Spring Sparkling Water 4x1.5L;£3.00/unit;£0.05/100ml;sparkling-water;Per 100g nutrition not found
highland-spring-sparkling-water-4x15l;Highland Spring Sparkling Water 4x1.5L;£3.00/unit;£0.05/100ml;water-bigger-multipacks;Per 100g nutrition not found
highland-spring-sparkling-water-500ml;Highland Spring Sparkling Water 500ml;£0.50/unit;£0.10/100ml;sparkling-water;Per 100g nutrition not found
highland-spring-sparkling-water-6x500ml;Highland Spring Sparkling Water 6x500ml;£2.00/unit;£0.07/100ml;sparkling-water;Per 100g nutrition not found
highland-spring-still-mineral-water-75cl;Highland Spring Still Water 750ml;£0.75/unit;£0.10/100ml;still-water;Per 100g nutrition not found
highland-spring-still-water-12x330ml;Highland Spring Still Water 12x330ml;£2.50/unit;£0.06/100ml;still-water;Per 100g nutrition not found
highland-spring-still-water-12x330ml;Highland Spring Still Water 12x330ml;£2.50/unit;£0.06/100ml;water-bigger-multipacks;Per 100g nutrition not found
highland-spring-still-water-15l;Highland Spring Still Water 1.5L;£0.60/unit;£0.04/100ml;still-water;Per 100g nutrition not found
highland-spring-still-water-6x500ml;Highland Spring Still Water 6x500ml;£2.00/unit;£0.07/100ml;still-water;Per 100g nutrition not found
highland-spring-water--sports-cap-12x500ml;Highland Spring Still Water 12x500ml;£3.50/unit;£0.06/100ml;sports-cap-water;Per 100g nutrition not found
highland-spring-water--sports-cap-12x500ml;Highland Spring Still Water 12x500ml;£3.50/unit;£0.06/100ml;still-water;Per 100g nutrition not found
highland-spring-water--sports-cap-12x500ml;Highland Spring Still Water 12x500ml;£3.50/unit;£0.06/100ml;water-bigger-multipacks;Per 100g nutrition not found
highland-spring-water-12x500ml;Highland Spring Still Water 12x500ml;£3.50/unit;£0.06/100ml;still-water;Per 100g nutrition not found
highland-spring-water-12x500ml;Highland Spring Still Water 12x500ml;£3.50/unit;£0.06/100ml;water-bigger-multipacks;Per 100g nutrition not found
highland-spring-water-500ml-%28sports-cap%29;Highland Spring Still Water 500ml;£0.50/unit;£0.10/100ml;sports-cap-water;Per 100g nutrition not found
highland-spring-water-500ml-%28sports-cap%29;Highland Spring Still Water 500ml;£0.50/unit;£0.10/100ml;still-water;Per 100g nutrition not found
highland-spring-water-6x15l;Highland Spring Still Water 6x1.5L;£3.20/unit;£0.04/100ml;still-water;Per 100g nutrition not found
highland-spring-water-6x15l;Highland Spring Still Water 6x1.5L;£3.20/unit;£0.04/100ml;water-bigger-multipacks;Per 100g nutrition not found
hollands-steak---kidney-puddings-x2-358g;Holland's Steak & Kidney Puddings x2 358g;£2.00/unit;£0.56/100g;frozen-pies;195;8.9;19.0;2.3;9.3;4.0;2.1;0.43;1.08
hollyland-white-khobez-x5;Hollyland White Khobez x5;£0.90/unit;£0.18/ea;naan-ciabatta-breads-of-the-world;1163274;10.9;58.8;2.8;1.7;0.14;2.5;0.44
hollyland-white-pitta-x6;Hollyland White Pitta x6;£0.70/unit;£0.12/ea;wraps-bagels-pittas;1137268;11.4;53.1;2.4;1.1;0.2;2.4;0.4
hollyland-wholemeal-khobez-x5;Hollyland Wholemeal Khobez x5;£0.90/unit;£0.18/ea;naan-ciabatta-breads-of-the-world;1111262;12.4;49.7;4.8;1.5;0.3;5.3;0.2
hollyland-wholemeal-pitta-x6;Hollyland Wholemeal Pitta x6;£0.70/unit;£0.12/ea;wraps-bagels-pittas;1025242;11;43.7;2.3;1.6;0.3;6.0;0.4
holme-farmed-diced-rabbit-250g;Holme Farmed Diced Rabbit 250g;£4.50/unit;£18.00/kg;duck-game;40194;22.7;0.1;0.1;0.4;0.1;-1;0.2
holme-farmed-diced-venison-steak-with-sauce-350g-7596748-p-44;Holme Farmed Diced Venison Steak with Casserole Sauce 350g;£4.00/unit;£11.43/kg;duck-game;584138;15.9;9.0;5.3;2.9;0.8;-1;1.2
holme-farmed-diced-venison-steak-with-sauce-350g-7596748-p-44;Holme Farmed Diced Venison Steak with Casserole Sauce 350g;£4.00/unit;£11.43/kg;prepared-joints;584138;15.9;9.0;5.3;2.9;0.8;-1;1.2
holme-farmed-venison-meatballs-with-sauce-315g;Holme Farmed Venison Meatballs With Sauce 315g;£3.00/unit;£9.52/kg;duck-game;844200;21.2;11.8;5.0;7.1;1.5;-1;1.4
holme-farmed-venison-steak-with-added-butter-155g;Holme Farmed Venison Steak With Added Butter 155g;£3.50/unit;£22.58/kg;duck-game;632151;20.6;1.6;0.7;6.9;4.3;-1;0.2
holme-farmed-venison-steaks-x2-240g;Holme Farmed Venison Steaks x2 240g;£6.00/unit;£25.00/kg;duck-game;449106;22.7;1.1;0.3;1.2;0.6;-1;0.2
holme-farmed-wild-boar-burgers-227g;Holme Farmed Wild Boar Burgers 227g;£3.00/unit;£13.22/kg;burgers-bbq;808194;16.6;0.9;0.9;13.7;5.2;-1;0.6
holme-farmed-wild-boar-sausages-340g;Holme Farmed Wild Boar Sausages 340g;£3.50/unit;£10.29/kg;sausages;857206;16.8;1.9;0.9;14.5;5.6;-1;0.6
horlicks-instant-light-malt-500g;Horlicks Light Malt 500g;£3.50/unit;£0.70/100g;hot-chocolate-milky-drinks;0;0;0;0;0;0;0;
horlicks-light-malt-chocolate-32g;Horlicks Light Malt Chocolate Sachet 32g;£0.30/unit;£0.94/100g;hot-chocolate-milky-drinks;380;8;72.4;49.2;5.7;4;3.4;1.3
horlicks-original-malt-500g;Horlicks Traditional Malt 500g;£3.50/unit;£0.70/100g;hot-chocolate-milky-drinks;1567370;9.3;73.5;44.5;3.2;1.8;3.9;1.3
hovis-best-of-both-little-one-bread-400g;Hovis Best Of Both Little One Bread 400g;£0.60/unit;£0.15/100g;half-and-half-bread;983233;10.2;40.4;4.0;2.2;0.4;5.2;0.86
hovis-best-of-both-little-one-bread-400g;Hovis Best Of Both Little One Bread 400g;£0.60/unit;£0.15/100g;small-loaves;983233;10.2;40.4;4.0;2.2;0.4;5.2;0.86
hovis-best-of-both-medium-750g;Hovis Best Of Both Bread, Medium Sliced 750g;£0.75/unit;£0.10/100g;half-and-half-bread;983233;10.2;40.4;4.0;2.2;0.4;5.2;0.86
hovis-best-of-both-thick-750g;Hovis Best Of Both Bread, Thick Sliced 750g;£0.75/unit;£0.10/100g;half-and-half-bread;983233;10.2;40.4;4.0;2.2;0.4;5.2;0.86
hovis-farmers-white-bread-800g;Hovis Farmers White Bread 800g;£1.40/unit;£0.18/100g;white-bread;1011239;8.7;44.6;3.5;2.3;0.7;2.4;0.37;0.93
hovis-farmers-wholemeal-bread-800g;Hovis Farmers Wholemeal Bread 800g;£1.40/unit;£0.18/100g;wholemeal-brown-bread;968229;10.0;37.8;4.1;2.7;0.8;6.8;0.39;0.98
hovis-granary-bread--medium-800g;Hovis Granary Bread, Medium Sliced 800g;£1.45/unit;£0.18/100g;seeded-grains-bread;1081256;10.3;46.4;3.4;2.4;0.7;3.7;1.03
hovis-hearty-oats-bread-800g;Hovis Hearty Oats Bread 800g;£1.45/unit;£0.18/100g;seeded-grains-bread;1046248;12.2;37.3;2.7;4.3;1.0;5.8;0.96
hovis-nimble-wholemeal-bread-400g;Hovis Nimble Wholemeal Bread 400g;£0.75/unit;£0.19/100g;small-loaves;986233;12.3;37.0;2.2;2.5;0.6;6.8;0.93
hovis-nimble-wholemeal-bread-400g;Hovis Nimble Wholemeal Bread 400g;£0.75/unit;£0.19/100g;wholemeal-brown-bread;986233;12.3;37.0;2.2;2.5;0.6;6.8;0.93
hovis-original-granary-bread--half-loaf-400g;Hovis Original Granary Bread, Half Loaf 400g;£0.80/unit;£0.20/100g;seeded-grains-bread;1081256;10.3;46.4;3.4;2.4;0.7;3.7;1.03
hovis-original-granary-bread--half-loaf-400g;Hovis Original Granary Bread, Half Loaf 400g;£0.80/unit;£0.20/100g;small-loaves;1081256;10.3;46.4;3.4;2.4;0.7;3.7;1.03
hovis-original-granary-bread--thick-sliced-800g;Hovis Original Granary Bread, Thick Sliced 800g;£1.45/unit;£0.18/100g;seeded-grains-bread;1081256;10.3;46.4;3.4;2.4;0.7;3.7;1.03
hovis-seed-senations-soft-granary-800g;Hovis Seed Sensations Soft Granary 800g;£1.20/unit;£0.15/100g;seeded-grains-bread;1157275;10.1;41.3;4.6;6.6;0.8;4.9;0.83
hovis-seed-senations-soft-granary-800g;Hovis Seed Sensations Soft Granary 800g;£1.20/unit;£0.15/100g;wholemeal-brown-bread;1157275;10.1;41.3;4.6;6.6;0.8;4.9;0.83
hovis-seed-sensations-7-seeds-bread-400g;Hovis Seed Sensations Bread 400g;£0.85/unit;£0.21/100g;seeded-grains-bread;1171278;10.0;42.0;3.8;6.6;0.6;5.3;0.88
hovis-seed-sensations-7-seeds-bread-400g;Hovis Seed Sensations Bread 400g;£0.85/unit;£0.21/100g;small-loaves;1171278;10.0;42.0;3.8;6.6;0.6;5.3;0.88
hovis-seed-sensations-7-seeds-bread-800g;Hovis Seed Sensations Bread, Medium Sliced 800g;£1.45/unit;£0.18/100g;seeded-grains-bread;1171278;10.0;42.0;3.8;6.6;0.6;5.3;0.88
hovis-seed-sensations-7-seeds-wholemeal-bread-800g;Hovis Seed Sensations Wholemeal Bread, Medium Sliced 800g;£1.45/unit;£0.18/100g;seeded-grains-bread;1043249;11.9;31.4;3.1;5.6;0.5;12.4;0.93
hovis-soft-white-bread--doorstep-800g;Hovis Soft White Bread, Doorstep 800g;£0.75/unit;£0.09/100g;white-bread;987233;8.7;44.6;3.5;1.7;0.3;2.4;0.90
hovis-soft-white-bread--medium-400g;Hovis Soft White Bread, Medium Sliced 400g;£0.60/unit;£0.15/100g;small-loaves;987233;8.7;44.6;3.5;1.7;0.3;2.4;0.90
hovis-soft-white-bread--medium-400g;Hovis Soft White Bread, Medium Sliced 400g;£0.60/unit;£0.15/100g;white-bread;987233;8.7;44.6;3.5;1.7;0.3;2.4;0.90
hovis-soft-white-bread--medium-sliced-800g;Hovis Soft White Bread, Medium Sliced 800g;£0.75/unit;£0.09/100g;white-bread;987233;8.7;44.6;3.5;1.7;0.3;2.4;0.90
hovis-soft-white-bread--thick-sliced-800g;Hovis Soft White Bread, Thick Sliced 800g;£0.75/unit;£0.09/100g;white-bread;987233;8.7;44.6;3.5;1.7;0.3;2.4;0.90
hovis-wheatgerm-bread-400g;Hovis Wheatgerm Bread 400g;£0.75/unit;£0.19/100g;small-loaves;947224;10.0;38.6;3.1;2.2;0.4;5.3;0.96;14
hovis-wheatgerm-bread-400g;Hovis Wheatgerm Bread 400g;£0.75/unit;£0.19/100g;wholemeal-brown-bread;947224;10.0;38.6;3.1;2.2;0.4;5.3;0.96;14
hovis-wholemeal-bread--medium-sliced-800g;Hovis Wholemeal Bread, Medium Sliced 800g;£0.75/unit;£0.09/100g;wholemeal-brown-bread;934221;10.0;37.8;4.1;1.8;0.4;6.8;0.90
hovis-wholemeal-bread--thick-sliced-800g;Hovis Wholemeal Bread, Thick Sliced 800g;£0.75/unit;£0.09/100g;wholemeal-brown-bread;934221;10.0;37.8;4.1;1.8;0.4;6.8;0.90
hovis-wholemeal-bread-400g;Hovis Wholemeal Bread 400g;£0.60/unit;£0.15/100g;small-loaves;934221;10.0;37.8;4.1;1.8;0.4;6.8;0.36;0.90
hovis-wholemeal-bread-400g;Hovis Wholemeal Bread 400g;£0.60/unit;£0.15/100g;wholemeal-brown-bread;934221;10.0;37.8;4.1;1.8;0.4;6.8;0.36;0.90
hovis-wholemeal-seeded-granary-bread-800g;Hovis Granary Wholemeal Bread, Medium Sliced 800g;£1.45/unit;£0.18/100g;seeded-grains-bread;997236;10.6;39.8;2.4;2.4;0.4;6.8;0.98
humzingers-summer-fruits-130g;Humzingers Summer Fruits 130g;£2.00/unit;£1.54/100g;dessert-fruit;1165275;2.4;61.4;37.5;0.3;0.1;11.6;0.1;;;;
humzingers-summer-fruits-130g;Humzingers Summer Fruits 130g;£2.00/unit;£1.54/100g;snacking-fruit-nuts;1165275;2.4;61.4;37.5;0.3;0.1;11.6;0.1;;;;
i-cant-believe-its-not-butter-500g;I Can't Believe Its Not Butter! Original Spread 500g;£1.50/unit;£3.00/kg;spreads;2189528;0.5;0.5;0.5;59;20;-1;1.5
i-cant-believe-its-not-butter-light-500g;I Can't Believe Its Not Butter! Light Spread 500g;£1.50/unit;£3.00/kg;spreads;1425343;0.5;0.5;0.5;38;11;-1;1.5
i-cant-believe-its-not-butter-vegetable-fat-spread-1kg;I Can't Believe Its Not Butter! Original Spread 1kg;£2.00/unit;£2.00/kg;spreads;2189528;0.5;0.5;0.5;59;20;-1;1.5
ilchester-cheese-selection-230g;Ilchester British Cheese Selection 230g;£2.00/unit;£8.70/kg;cheddar-british-regional-cheese;1700410;25;0.1;0.1;34.4;21.7;0;0.7;1.8
ilchester-cheese-selection-230g;Ilchester British Cheese Selection 230g;£2.00/unit;£8.70/kg;snacking-lunchbox-cheese;1700410;25;0.1;0.1;34.4;21.7;0;0.7;1.8
imaginative-cuisine-traditional-dressing-150ml;Imaginative Cuisine Traditional Dressing 150ml;£3.00/unit;£20.00/ltr;vinegar;-1;1.4;60;0;0.1;-1;-1;
innocent-apple---berries-juice-900ml;Innocent Apple & Berries Juice 900ml;£2.50/unit;£0.28/100ml;drinks-chilled-fruit-juice;45;0.3;10;10;0.1;0.1;1;0.01
innocent-apple---mango-juice-900ml;Innocent Apple & Mango Juice 900ml;£2.50/unit;£0.28/100ml;drinks-chilled-fruit-juice;44;0.3;10;9.3;0;0;0.7;0.02
innocent-apple---raspberry-juice-900ml;Innocent Apple & Raspberry Juice 900ml;£2.50/unit;£0.28/100ml;drinks-chilled-fruit-juice;40;0.2;9.2;8.7;0.1;0;0.8;0.02
innocent-apple--peach-pear-juice-900ml;Innocent Apple, Peach & Pear Juice 900ml;£2.50/unit;£0.28/100ml;drinks-chilled-fruit-juice;45;0.4;10;10;0.1;0.1;1.4;0.01
innocent-apple-juice-135l;Innocent Apple Juice 1.35L;£3.25/unit;£0.24/100ml;drinks-chilled-fruit-juice;44;0.2;11;9.5;0;0;0.5;0.01
innocent-apple-juice-900ml;Innocent Apple Juice 900ml;£2.50/unit;£0.28/100ml;drinks-chilled-fruit-juice;44;0.2;11;9.5;0;0;0.5;0.01
innocent-apple-juice-with-elderflower-900ml;Innocent Apple & Elderflower Juice 900ml;£2.50/unit;£0.28/100ml;drinks-chilled-fruit-juice;43;0.2;10.0;8.5;0.0;0.0;0.8;0.01
innocent-apple-mango-juice-135l;Innocent Apple & Mango Juice 1.35L;£3.25/unit;£0.24/100ml;drinks-chilled-fruit-juice;44;0.3;10;9.3;0;0;0.7;0.02
innocent-apple-raspberry-juice-135l;Innocent Apple & Raspberry Juice 1.35L;£3.25/unit;£0.24/100ml;drinks-chilled-fruit-juice;40;0.2;9.2;8.7;0.1;0;0.8;0.02
innocent-caribbean-veg-pot-380g;Innocent Veg Pot, Caribbean 380g;£3.30/unit;£8.68/kg;afro-caribbean-chilled-foods;77;2.4;9.63.7;9.63.7;2.41.3;2.41.3;3.8;0.46
innocent-caribbean-veg-pot-380g;Innocent Veg Pot, Caribbean 380g;£3.30/unit;£8.68/kg;healthier-choice-ready-meals;77;2.4;9.63.7;9.63.7;2.41.3;2.41.3;3.8;0.46
innocent-caribbean-veg-pot-380g;Innocent Veg Pot, Caribbean 380g;£3.30/unit;£8.68/kg;lunchtime-snacks;77;2.4;9.63.7;9.63.7;2.41.3;2.41.3;3.8;0.46
innocent-caribbean-veg-pot-380g;Innocent Veg Pot, Caribbean 380g;£3.30/unit;£8.68/kg;meals-for-1-ready-meals;77;2.4;9.63.7;9.63.7;2.41.3;2.41.3;3.8;0.46
innocent-caribbean-veg-pot-380g;Innocent Veg Pot, Caribbean 380g;£3.30/unit;£8.68/kg;mexican-caribbean-american-ready-meals;77;2.4;9.63.7;9.63.7;2.41.3;2.41.3;3.8;0.46
innocent-caribbean-veg-pot-380g;Innocent Veg Pot, Caribbean 380g;£3.30/unit;£8.68/kg;vegetarian-meat-free-ready-meals;77;2.4;9.63.7;9.63.7;2.41.3;2.41.3;3.8;0.46
innocent-caribbean-veg-pot-380g;Innocent Veg Pot, Caribbean 380g;£3.30/unit;£8.68/kg;vegetarian-ready-meals;77;2.4;9.63.7;9.63.7;2.41.3;2.41.3;3.8;0.46
innocent-indian-lentil-sambar-vegetable-pot-380g;Innocent Veg Pot, Indian Lentil Sambar 380g;£3.30/unit;£8.68/kg;healthier-choice-ready-meals;86;2.7;112.4;112.4;2.91.7;2.91.7;2.5;0.41
innocent-indian-lentil-sambar-vegetable-pot-380g;Innocent Veg Pot, Indian Lentil Sambar 380g;£3.30/unit;£8.68/kg;lunchtime-snacks;86;2.7;112.4;112.4;2.91.7;2.91.7;2.5;0.41
innocent-indian-lentil-sambar-vegetable-pot-380g;Innocent Veg Pot, Indian Lentil Sambar 380g;£3.30/unit;£8.68/kg;meals-for-1-ready-meals;86;2.7;112.4;112.4;2.91.7;2.91.7;2.5;0.41
innocent-indian-lentil-sambar-vegetable-pot-380g;Innocent Veg Pot, Indian Lentil Sambar 380g;£3.30/unit;£8.68/kg;vegetarian-ready-meals;86;2.7;112.4;112.4;2.91.7;2.91.7;2.5;0.41
innocent-indian-madras-vegetable-pot-380g;Innocent Veg Pot, Indian Madras 380g;£3.30/unit;£8.68/kg;healthier-choice-ready-meals;86;2.9;113.9;113.9;2.51.5;2.51.5;4.0;0.40
innocent-indian-madras-vegetable-pot-380g;Innocent Veg Pot, Indian Madras 380g;£3.30/unit;£8.68/kg;lunchtime-snacks;86;2.9;113.9;113.9;2.51.5;2.51.5;4.0;0.40
innocent-indian-madras-vegetable-pot-380g;Innocent Veg Pot, Indian Madras 380g;£3.30/unit;£8.68/kg;meals-for-1-ready-meals;86;2.9;113.9;113.9;2.51.5;2.51.5;4.0;0.40
innocent-indian-madras-vegetable-pot-380g;Innocent Veg Pot, Indian Madras 380g;£3.30/unit;£8.68/kg;vegetarian-ready-meals;86;2.9;113.9;113.9;2.51.5;2.51.5;4.0;0.40
innocent-japanese-ramen-noodle-pot-380g;Innocent Noodle Pot, Japanese Ramen 380g;£3.30/unit;£8.68/kg;fresh-soups;72;2.8;13;2.0;0.6;0.1;2.2;0.59
innocent-japanese-ramen-noodle-pot-380g;Innocent Noodle Pot, Japanese Ramen 380g;£3.30/unit;£8.68/kg;healthier-choice-ready-meals;72;2.8;13;2.0;0.6;0.1;2.2;0.59
innocent-japanese-ramen-noodle-pot-380g;Innocent Noodle Pot, Japanese Ramen 380g;£3.30/unit;£8.68/kg;lunchtime-snacks;72;2.8;13;2.0;0.6;0.1;2.2;0.59
innocent-japanese-ramen-noodle-pot-380g;Innocent Noodle Pot, Japanese Ramen 380g;£3.30/unit;£8.68/kg;meals-for-1-ready-meals;72;2.8;13;2.0;0.6;0.1;2.2;0.59
innocent-japanese-ramen-noodle-pot-380g;Innocent Noodle Pot, Japanese Ramen 380g;£3.30/unit;£8.68/kg;oriental-ready-meals;72;2.8;13;2.0;0.6;0.1;2.2;0.59
innocent-kids-apple---mango-fruity-water-4x180ml;Innocent Kids Apple & Mango Fruity Water 4x180ml;£2.00/unit;£0.28/100ml;drinks-chilled-fruit-juice;24;0.1;5.7;5.0;0.1;0.1;0.1;
innocent-kids-apple---peach-fruity-water-4x180ml;Innocent Kids Apple & Peach Fruity Water 4x180ml;£2.00/unit;£0.28/100ml;drinks-chilled-fruit-juice;26;0.2;6.0;6.0;0.1;0.1;0.1;
innocent-kids-apple-juice-4x180ml;Innocent Kids Apple Juice 4x180ml;£3.00/unit;£0.42/100ml;drinks-chilled-fruit-juice;43;0.2;10.5;9.7;0;0;0.3;
innocent-kids-tropical-4x180ml;Innocent Kids Tropical Juice 4x180ml;£3.00/unit;£0.42/100ml;drinks-chilled-fruit-juice;44;0.4;10.0;8.9;0.1;0.0;0.6;0.00
innocent-mexican-veg-pot-390g;Innocent Veg Pot, Mexican 380g;£3.30/unit;£8.68/kg;healthier-choice-ready-meals;75;2.6;123.8;123.8;1.00.1;1.00.1;4.1;0.45
innocent-mexican-veg-pot-390g;Innocent Veg Pot, Mexican 380g;£3.30/unit;£8.68/kg;lunchtime-snacks;75;2.6;123.8;123.8;1.00.1;1.00.1;4.1;0.45
innocent-mexican-veg-pot-390g;Innocent Veg Pot, Mexican 380g;£3.30/unit;£8.68/kg;meals-for-1-ready-meals;75;2.6;123.8;123.8;1.00.1;1.00.1;4.1;0.45
innocent-mexican-veg-pot-390g;Innocent Veg Pot, Mexican 380g;£3.30/unit;£8.68/kg;mexican-caribbean-american-ready-meals;75;2.6;123.8;123.8;1.00.1;1.00.1;4.1;0.45
innocent-mexican-veg-pot-390g;Innocent Veg Pot, Mexican 380g;£3.30/unit;£8.68/kg;vegetarian-meat-free-ready-meals;75;2.6;123.8;123.8;1.00.1;1.00.1;4.1;0.45
innocent-mexican-veg-pot-390g;Innocent Veg Pot, Mexican 380g;£3.30/unit;£8.68/kg;vegetarian-ready-meals;75;2.6;123.8;123.8;1.00.1;1.00.1;4.1;0.45
innocent-orange---lime-juice-blend-900ml;Innocent Orange & Lime Juice Blend 900ml;£2.50/unit;£0.28/100ml;chilled-fruit-juice;40;0.6;8.8;8.2;0.1;0;0.8;0.01
innocent-orange--grapefruit---blood-orange-juice-900ml;Innocent Orange, Grapefruit & Blood Orange Juice 900ml;£2.50/unit;£0.28/100ml;chilled-fruit-juice;43;0.7;9;8.4;0.2;0.2;1.3;0.01
innocent-orange-juice-smooth-330ml;Innocent Orange Juice Smooth 330ml;£1.20/unit;£0.36/100ml;chilled-fruit-juice;42;0.7;9.4;8.1;0.1;0;0.6;0.01
innocent-orange-juice-with-bits-135l;Innocent Orange Juice with Bits 1.35L;£3.25/unit;£0.24/100ml;chilled-fruit-juice;44;0.7;9.7;8.2;0.1;0;0.6;0.01
innocent-orange-juice-with-bits-900ml;Innocent Orange Juice with Bits 900ml;£2.50/unit;£0.28/100ml;chilled-fruit-juice;44;0.7;9.7;8.2;0.1;0;0.6;0.01
innocent-orange-mango-juice-900ml;Innocent Orange & Mango Juice 900ml;£2.50/unit;£0.28/100ml;chilled-fruit-juice;49;0.8;11;11;0.2;0.2;0.7;0.02
innocent-smooth-orange-juice-135l;Innocent Smooth Orange Juice 1.35L;£3.25/unit;£0.24/100ml;chilled-fruit-juice;42;0.7;9.4;8.1;0.1;0;0.6;0.01
innocent-smooth-orange-juice-900ml;Innocent Smooth Orange Juice 900ml;£2.50/unit;£0.28/100ml;chilled-fruit-juice;42;0.7;9.4;8.1;0.1;0;0.6;0.01
innocent-thai-curry-veg-pot-390g;Innocent Veg Pot, Thai Coconut Curry 380g;£3.30/unit;£8.68/kg;healthier-choice-ready-meals;73;2.2;10.02.1;10.02.1;2.31.5;2.31.5;1.9;0.34
innocent-thai-curry-veg-pot-390g;Innocent Veg Pot, Thai Coconut Curry 380g;£3.30/unit;£8.68/kg;lunchtime-snacks;73;2.2;10.02.1;10.02.1;2.31.5;2.31.5;1.9;0.34
innocent-thai-curry-veg-pot-390g;Innocent Veg Pot, Thai Coconut Curry 380g;£3.30/unit;£8.68/kg;meals-for-1-ready-meals;73;2.2;10.02.1;10.02.1;2.31.5;2.31.5;1.9;0.34
innocent-thai-curry-veg-pot-390g;Innocent Veg Pot, Thai Coconut Curry 380g;£3.30/unit;£8.68/kg;oriental-ready-meals;73;2.2;10.02.1;10.02.1;2.31.5;2.31.5;1.9;0.34
innocent-thai-curry-veg-pot-390g;Innocent Veg Pot, Thai Coconut Curry 380g;£3.30/unit;£8.68/kg;vegetarian-meat-free-ready-meals;73;2.2;10.02.1;10.02.1;2.31.5;2.31.5;1.9;0.34
innocent-thai-curry-veg-pot-390g;Innocent Veg Pot, Thai Coconut Curry 380g;£3.30/unit;£8.68/kg;vegetarian-ready-meals;73;2.2;10.02.1;10.02.1;2.31.5;2.31.5;1.9;0.34
innocent-tropical-blend-juice-900ml;Innocent Tropical Juice Blend 900ml;£2.50/unit;£0.28/100ml;chilled-fruit-juice;44;0.4;10;8.9;0.1;0;0.6;0.01
innocent-tropical-juice-135l;Innocent Tropical Juice Blend 1.35L;£3.25/unit;£0.24/100ml;chilled-fruit-juice;44;0.4;10;4.9;0.1;0;0.6;0.01
innocent-vietnamese-curry-nodle-pot-380g;Innocent Noodle Pot, Vietnamese Curry 380g;£3.30/unit;£8.68/kg;fresh-soups;93;2.9;13.8;2.8;2.4;1.1;2.2;0.42
innocent-vietnamese-curry-nodle-pot-380g;Innocent Noodle Pot, Vietnamese Curry 380g;£3.30/unit;£8.68/kg;healthier-choice-ready-meals;93;2.9;13.8;2.8;2.4;1.1;2.2;0.42
innocent-vietnamese-curry-nodle-pot-380g;Innocent Noodle Pot, Vietnamese Curry 380g;£3.30/unit;£8.68/kg;lunchtime-snacks;93;2.9;13.8;2.8;2.4;1.1;2.2;0.42
innocent-vietnamese-curry-nodle-pot-380g;Innocent Noodle Pot, Vietnamese Curry 380g;£3.30/unit;£8.68/kg;meals-for-1-ready-meals;93;2.9;13.8;2.8;2.4;1.1;2.2;0.42
innocent-vietnamese-curry-nodle-pot-380g;Innocent Noodle Pot, Vietnamese Curry 380g;£3.30/unit;£8.68/kg;oriental-ready-meals;93;2.9;13.8;2.8;2.4;1.1;2.2;0.42
irish-yogurts-creamier-probiotic-live-yogurts-4x125g;Irish Yogurt Creamier Live Yogurt 4x125g;£1.50/unit;£0.30/100g;active-health-yogurts-drinks;85;4.9;6.9;6.1;4.2;2.8;0.5;0.17
irish-yogurts-creamier-probiotic-live-yogurts-4x125g;Irish Yogurt Creamier Live Yogurt 4x125g;£1.50/unit;£0.30/100g;corners-everyday-yogurts;85;4.9;6.9;6.1;4.2;2.8;0.5;0.17
irish-yogurts-diet-variety-pack-4x125g;Irish Yogurt Diet Fat Free 4x125g;£1.50/unit;£0.30/100g;diet-low-fat-yogurts;51;5.0;7.3;6.9;0.2;0.1;0.5;0.1;0.3
irn-bru-2l;Irn-Bru 2L;£1.70/unit;£0.09/100ml;fruit-flavoured;17842;0;10.3;10.3;0;0;-1;0.01
irn-bru-sugar-free-2l;Irn-Bru Sugar Free 2L;£1.70/unit;£0.09/100ml;diet-sugar-free-fizzy-drinks;30.7;0.5;0;0;0;0;-1;0.01
irn-bru-sugar-free-2l;Irn-Bru Sugar Free 2L;£1.70/unit;£0.09/100ml;fruit-flavoured;30.7;0.5;0;0;0;0;-1;0.01
irn-bru-sugar-free-330ml-x8;Irn-Bru Sugar Free 8x330ml;£2.70/unit;£0.10/100ml;diet-sugar-free-fizzy-drinks;30.7;0.5;0;0;0;0;-1;0.01
irn-bru-sugar-free-330ml-x8;Irn-Bru Sugar Free 8x330ml;£2.70/unit;£0.10/100ml;fruit-flavoured;30.7;0.5;0;0;0;0;-1;0.01
isigny-sainte-mere-unsalted-butter-roll-250g;Isigny Sainte-Mere Unsalted Butter Roll 250g;£1.80/unit;£7.20/kg;butter;Per 100g nutrition not found
island-delight-jerk-beef-patty-140g;Island Delight Jerk Beef Pattie (Halal) 140g;£0.75/unit;£0.54/100g;afro-caribbean-chilled-foods;Per 100g nutrition not found
island-delight-jerk-beef-patty-140g;Island Delight Jerk Beef Pattie (Halal) 140g;£0.75/unit;£0.54/100g;lunchtime-snacks;Per 100g nutrition not found
island-delight-jerk-beef-patty-140g;Island Delight Jerk Beef Pattie (Halal) 140g;£0.75/unit;£0.54/100g;slices-pasties;Per 100g nutrition not found
island-delight-jerk-chicken-pattie-140g;Island Delight Jerk Chicken Pattie (Halal) 140g;£0.75/unit;£0.54/100g;afro-caribbean-chilled-foods;Per 100g nutrition not found
island-delight-jerk-chicken-pattie-140g;Island Delight Jerk Chicken Pattie (Halal) 140g;£0.75/unit;£0.54/100g;lunchtime-snacks;Per 100g nutrition not found
island-delight-jerk-chicken-pattie-140g;Island Delight Jerk Chicken Pattie (Halal) 140g;£0.75/unit;£0.54/100g;slices-pasties;Per 100g nutrition not found
island-delight-pattie--lamb-140g;Island Delight Lamb Pattie (Halal) 140g;£0.75/unit;£0.54/100g;afro-caribbean-chilled-foods;Per 100g nutrition not found
island-delight-pattie--lamb-140g;Island Delight Lamb Pattie (Halal) 140g;£0.75/unit;£0.54/100g;lunchtime-snacks;Per 100g nutrition not found
island-delight-pattie--lamb-140g;Island Delight Lamb Pattie (Halal) 140g;£0.75/unit;£0.54/100g;slices-pasties;Per 100g nutrition not found
island-delight-pattie--vegetable-140g;Island Delight Vegetable Pattie 140g;£0.75/unit;£0.54/100g;afro-caribbean-chilled-foods;Per 100g nutrition not found
island-delight-pattie--vegetable-140g;Island Delight Vegetable Pattie 140g;£0.75/unit;£0.54/100g;lunchtime-snacks;Per 100g nutrition not found
island-delight-pattie--vegetable-140g;Island Delight Vegetable Pattie 140g;£0.75/unit;£0.54/100g;slices-pasties;Per 100g nutrition not found
j20-apple-raspberry-can-6x250ml;J2O Apple & Raspberry 6x250ml;£3.75/unit;£0.25/100ml;adult-soft-drinks;13532;0;7.3;7.3;0;0;-1;0.06
j2o-apple---mango-4x275ml;J2O Apple & Mango 4x275ml;£3.50/unit;£0.32/100ml;adult-soft-drinks;11627;0;6.2;6.2;0;0;-1;0.06
j2o-apple---raspberry-4x275ml;J2O Apple & Raspberry 4x275ml;£3.50/unit;£0.32/100ml;adult-soft-drinks;13532;0;7.3;7.3;0;0;-1;0.06
j2o-glitterberry-4x275ml-7521925-p-44;J2O Glitter Berry, Grape Cherry & Spice Juice Drink 4x275ml;£3.50/unit;£0.32/100ml;adult-soft-drinks;11928;0;6.4;6.4;0;0;-1;0
j2o-glitterberry-4x275ml-7521925-p-44;J2O Glitter Berry, Grape Cherry & Spice Juice Drink 4x275ml;£3.50/unit;£0.32/100ml;cocktail-ingredients;11928;0;6.4;6.4;0;0;-1;0
j2o-orange---passion-fruit-4x275ml;J2O Orange & Passion Fruit 4x275ml;£3.50/unit;£0.32/100ml;adult-soft-drinks;13732;0;7.2;7.2;0;0;-1;0.01
j2o-orange-passion-can-6x250ml;J2O Orange & Passionfruit 6x250ml;£3.75/unit;£0.25/100ml;adult-soft-drinks;13732;0;7.2;7.2;0;0;-1;0.01
jalapeno-pasta-salad-400g;Sainsbury's Tomato & Jalapeno Pasta 400g;£2.00/unit;£0.50/100g;coleslaw--olives--salads---dips-30658-44;129;3.7;20.5;5.1;3.3;0.3;1.4;0.83
jalapeno-pasta-salad-400g;Sainsbury's Tomato & Jalapeno Pasta 400g;£2.00/unit;£0.50/100g;coleslaw-salads;129;3.7;20.5;5.1;3.3;0.3;1.4;0.83
jalapeno-pasta-salad-400g;Sainsbury's Tomato & Jalapeno Pasta 400g;£2.00/unit;£0.50/100g;dressings-coleslaw-accompaniments;129;3.7;20.5;5.1;3.3;0.3;1.4;0.83
jalapeno-pasta-salad-400g;Sainsbury's Tomato & Jalapeno Pasta 400g;£2.00/unit;£0.50/100g;lunchtime-snacks;129;3.7;20.5;5.1;3.3;0.3;1.4;0.83
jalapeno-pasta-salad-400g;Sainsbury's Tomato & Jalapeno Pasta 400g;£2.00/unit;£0.50/100g;prepared-salad-herbs;129;3.7;20.5;5.1;3.3;0.3;1.4;0.83
james-white-organic-carrot-juice-750ml;James White Organic Carrot Juice 750ml;£2.75/unit;£0.37/100ml;longer-life-juice;13031;0.5;7.0;7.0;0.1;0;-1;0.1
jammie-dodger-cake;Jammie Dodger Cake;£8.00/unit;£64.00/8ea;celebration-cakes;390;2.4;70.3;57.9;10.8;2.1;-1;0.33
john-crabbies-cloudy-ginger-beer--non-alcoholic-700ml;Crabbie's Cloudy Ginger Beer, Non Alcoholic 700ml;£2.00/unit;£0.29/100ml;adult-soft-drinks;45191;0;11.1;11.1;0;0;0;
john-crabbies-cloudy-ginger-beer--non-alcoholic-700ml;Crabbie's Cloudy Ginger Beer, Non Alcoholic 700ml;£2.00/unit;£0.29/100ml;traditional;45191;0;11.1;11.1;0;0;0;
john-west-apricot-halves-in-syrup-411g;Summer Pride Apricot Halves In Syrup 410g;£0.65/unit;£1.59/kg;dessert-fruit;Per 100g nutrition not found
john-west-lychees-in-syrup-425g;John West Lychees In Light Syrup 425g;£0.80/unit;£1.88/kg;dessert-fruit;Per 100g nutrition not found
jordans-country-crisp-cereal--chunky-nuts-500g;Jordans Country Crisp With Chunky Nuts 500g;£2.70/unit;£0.54/100g;muesli-granola-clusters;492;8.7;59.8;21.9;22.9;5.4;6.3;0.03;
jordans-country-crisp-cereal--tangy-raspberry-500g;Jordans Country Crisp With Tangy Raspberry 500g;£2.70/unit;£0.54/100g;muesli-granola-clusters;451;7.5;66.9;22.9;15.6;4.8;6.4;0.03
jordans-country-crisp-cereal-with-flame-raisins-500g;Jordans Country Crisp With Flame Raisins 500g;£2.70/unit;£0.54/100g;muesli-granola-clusters;433;6.7;68.5;32.0;13.4;4.1;5.9;0.01;45;
jordans-country-crisp-super-berry-500g;Jordans Country Crisp With Super Berry 500g;£2.70/unit;£0.54/100g;muesli-granola-clusters;449;7.3;68.5;24.3;14.8;4.6;6.3;0.03;
jordans-country-crisp-with-strawberries-500g;Jordans Country Crisp With Strawberries 500g;£2.70/unit;£0.54/100g;muesli-granola-clusters;453;7.5;67.5;23.5;15.6;4.8;6.2;0.03;45;
jordans-crunchy-oat-granola--raisin---almond-850g;Jordans Crunchy Oat Granola, Raisin & Almond 850g;£2.00/unit;£0.23/100g;bigger-packs;415;9.4;64.1;27.6;11.9;2.1;6.9;0.03
jordans-crunchy-oat-granola--raisin---almond-850g;Jordans Crunchy Oat Granola, Raisin & Almond 850g;£2.00/unit;£0.23/100g;muesli-granola-clusters;415;9.4;64.1;27.6;11.9;2.1;6.9;0.03
jordans-crunchy-oat-granola--tropical-750g;Jordans Crunchy Oat Granola, Tropical 750g;£2.00/unit;£0.27/100g;muesli-granola-clusters;447;8.0;66.2;20.9;15.4;6.7;5.9;0.03;
jordans-honey-nut-country-crisp-500g;Jordans Country Crisp With Honey Nut 500g;£2.70/unit;£0.54/100g;muesli-granola-clusters;449;9.1;62.7;22.3;16.8;3.2;5.3;0.03;
jordans-natural-muesli-1kg;Jordans Muesli, Natural 1kg;£2.80/unit;£0.28/100g;bigger-packs;357;9.5;63.7;15.6;5.0;0.7;9.7;0.03
jordans-organic-porridge-oats-750g;Jordans Organic Porridge Oats 750g;£1.50/unit;£0.20/100g;porridge-oats;364;11.7;58.4;1.0;9.3;1.8;9.0;;;220
jordans-special-crunchy-fruit---nut-750g;Jordans Crunchy Oat Granola, Fruit & Nut 750g;£2.00/unit;£0.27/100g;muesli-granola-clusters;422;7.6;64.6;30.8;13.2;4.0;7.0;0.03
jubbly-blackcurrant-8x62ml;Jubbly Ice Lollies Blackcurrant 8x62ml;£1.45/unit;£2.34/100ml;ice-cream-cones-wafers;-1;0;6.1;6.1;0;0;0;
jubbly-blackcurrant-8x62ml;Jubbly Ice Lollies Blackcurrant 8x62ml;£1.45/unit;£2.34/100ml;kids-lunchbox-fruit-desserts;-1;0;6.1;6.1;0;0;0;
jubbly-blackcurrant-8x62ml;Jubbly Ice Lollies Blackcurrant 8x62ml;£1.45/unit;£2.34/100ml;lollies-bars-cones;-1;0;6.1;6.1;0;0;0;
jubbly-cola-8x62ml;Jubbly Ice Lollies Cola 8x62ml;£1.45/unit;£0.29/100ml;ice-cream-cones-wafers;-1;0.1;6.3;6.3;0;0;-1;0.01
jubbly-cola-8x62ml;Jubbly Ice Lollies Cola 8x62ml;£1.45/unit;£0.29/100ml;kids-lunchbox-fruit-desserts;-1;0.1;6.3;6.3;0;0;-1;0.01
jubbly-cola-8x62ml;Jubbly Ice Lollies Cola 8x62ml;£1.45/unit;£0.29/100ml;lollies-bars-cones;-1;0.1;6.3;6.3;0;0;-1;0.01
jubbly-orange-8x62ml;Jubbly Ice Lollies Orange 8x62ml;£1.45/unit;£0.29/100ml;ice-cream-cones-wafers;-1;0.1;6.1;6.1;0;0;-1;0.01
jubbly-orange-8x62ml;Jubbly Ice Lollies Orange 8x62ml;£1.45/unit;£0.29/100ml;kids-lunchbox-fruit-desserts;-1;0.1;6.1;6.1;0;0;-1;0.01
jubbly-orange-8x62ml;Jubbly Ice Lollies Orange 8x62ml;£1.45/unit;£0.29/100ml;lollies-bars-cones;-1;0.1;6.1;6.1;0;0;-1;0.01
jubbly-strawberry-8x62ml;Jubbly Ice Lollies Strawberry 8x62ml;£1.45/unit;£0.29/100ml;ice-cream-cones-wafers;-1;0.1;6.4;6.4;0;0;-1;0.01
jubbly-strawberry-8x62ml;Jubbly Ice Lollies Strawberry 8x62ml;£1.45/unit;£0.29/100ml;kids-lunchbox-fruit-desserts;-1;0.1;6.4;6.4;0;0;-1;0.01
jubbly-strawberry-8x62ml;Jubbly Ice Lollies Strawberry 8x62ml;£1.45/unit;£0.29/100ml;lollies-bars-cones;-1;0.1;6.4;6.4;0;0;-1;0.01
jubbly-tropical-8x62ml;Jubbly Ice Lollies Tropical 8x62ml;£1.45/unit;£0.29/100ml;ice-cream-cones-wafers;-1;0;6.5;6.5;0;0;-1;
jubbly-tropical-8x62ml;Jubbly Ice Lollies Tropical 8x62ml;£1.45/unit;£0.29/100ml;kids-lunchbox-fruit-desserts;-1;0;6.5;6.5;0;0;-1;
jubbly-tropical-8x62ml;Jubbly Ice Lollies Tropical 8x62ml;£1.45/unit;£0.29/100ml;lollies-bars-cones;-1;0;6.5;6.5;0;0;-1;
jules-destrooper-butter-crisp-75g;Jules Destrooper Butter Crisps 75g;£1.10/unit;£1.47/100g;sauces-toppings;Per 100g nutrition not found
jules-destrooper-butter-crisp-75g;Jules Destrooper Butter Crisps 75g;£1.10/unit;£1.47/100g;wafers-sauces-toppings;Per 100g nutrition not found
jus-rol-all-butter-puff-sheets-320g;Jus Rol All Butter Puff Sheets 320g;£2.20/unit;£0.69/100g;cooking-baking;392;6.1;36.7;0.7;24.0;16.6;2.2;0.71
jus-rol-bake-it-fresh-apple-danish-320g;Jus Rol Bake-It-Fresh Apple Danish 320g;£2.10/unit;£0.66/100g;cooking-baking;329;6.2;45.4;23.6;13.3;7.1;1.2;1.50
jus-rol-bake-it-fresh-cimon-roll-270g;Jus Rol Bake-It-Fresh Cimon Roll 270g;£2.10/unit;£0.78/100g;cooking-baking;360;6.2;47.7;24.2;15.7;7.6;1.6;1.4
jus-rol-croissants-250g;Jus Rol Croissants x6 250g;£1.50/unit;£0.60/100g;cooking-baking;328;7.8;37.3;5.8;16.1;8.5;1.5;2.22
jus-rol-filo-pastry-270g;Jus Rol Filo Pastry Sheets Ready Rolled 6x45g;£1.50/unit;£5.56/kg;frozen-baking-pastry;274;7.5;54.2;1.2;2.6;0.3;1.9;0.50
jus-rol-filo-pastry-270g;Jus Rol Filo Pastry Sheets Ready Rolled 6x45g;£1.50/unit;£5.56/kg;frozen-pastry-baking;274;7.5;54.2;1.2;2.6;0.3;1.9;0.50
jus-rol-filo-pastry-sheets-270g;Jus Rol Filo Pastry Sheets 270g;£1.80/unit;£0.67/100g;cooking-baking;265;7.4;51.7;1.2;2.6;0.3;2.6;0.50
jus-rol-pain-au-chocolat-kit-275g;Jus Rol Pain Au Chocolat x6 275g;£2.10/unit;£0.76/100g;cooking-baking;368;7.4;40.8;15.7;19.0;10.3;2.2;1.72
jus-rol-party-sausage-rolls-bag-x50-800g;Jus Rol Party Sausage Rolls Bag x50 800g;£2.20/unit;£0.28/100g;frozen-snacks;292;6.1;27.5;0.9;17.3;8.4;1.1;1.11
jus-rol-pastry-squares-624g;Jus Rol Puff Pastry Squares 624g;£3.00/unit;£0.48/100g;frozen-pastry-baking;391;5.4;33.1;0.7;26.0;13.2;1.4;0.97
jus-rol-puff-pastry-block-1kg;Jus Rol Puff Pastry Blocks 2x500g;£2.50/unit;£2.50/kg;frozen-baking-pastry;378;5.7;33.9;0.7;24.0;12.0;2.0;0.88
jus-rol-puff-pastry-block-1kg;Jus Rol Puff Pastry Blocks 2x500g;£2.50/unit;£2.50/kg;frozen-pastry-baking;378;5.7;33.9;0.7;24.0;12.0;2.0;0.88
jus-rol-puff-pastry-block-500g;Jus Rol Puff Pastry Block 500g;£1.25/unit;£2.50/kg;cooking-baking;376;5.7;34.1;0.8;23.6;11.9;2.0;0.89
jus-rol-puff-pastry-sheets-320g;Jus Rol Puff Pastry Sheets 320g;£1.00/unit;£0.31/100g;cooking-baking;381;4.9;35.1;1.4;24.1;12.3;2.1;0.63
jus-rol-puff-pastry-sheets-640g;Jus Rol Puff Pastry Sheets 2x320g;£2.25/unit;£3.52/kg;frozen-baking-pastry;371;5.5;32.6;0.7;23.9;12.0;1.9;0.88
jus-rol-puff-pastry-sheets-640g;Jus Rol Puff Pastry Sheets 2x320g;£2.25/unit;£3.52/kg;frozen-pastry-baking;371;5.5;32.6;0.7;23.9;12.0;1.9;0.88
jus-rol-short-crust-pastry-block-1kg;Jus Rol Shortcrust Pastry Blocks 2x500g;£2.50/unit;£2.50/kg;frozen-baking-pastry;469;6.4;40.1;1.8;31.1;11.8;1.7;0.58
jus-rol-short-crust-pastry-block-1kg;Jus Rol Shortcrust Pastry Blocks 2x500g;£2.50/unit;£2.50/kg;frozen-pastry-baking;469;6.4;40.1;1.8;31.1;11.8;1.7;0.58
jus-rol-shortcrust-pastry-block-500g;Jus Rol Shortcrust Pastry Block 500g;£1.25/unit;£2.50/kg;cooking-baking;447;6.3;38.4;1.8;29.3;11.1;2.2;0.59
jus-rol-shortcrust-pastry-sheets-320g;Jus Rol Shortcrust Pastry Sheets 320g;£1.00/unit;£0.31/100g;cooking-baking;437;6.1;37.3;1.8;28.8;10.9;2.1;0.58
jus-rol-shortcrust-pastry-sheets-640g;Jus Rol Shortcrust Pastry Sheets 2x320g;£2.25/unit;£3.52/kg;frozen-baking-pastry;450;6.2;39.1;1.7;29.5;11.2;1.6;0.55
jus-rol-shortcrust-pastry-sheets-640g;Jus Rol Shortcrust Pastry Sheets 2x320g;£2.25/unit;£3.52/kg;frozen-pastry-baking;450;6.2;39.1;1.7;29.5;11.2;1.6;0.55
jus-rol-sweet-shortcrust-block-375g;Jus Rol Sweet Shortcrust Block 750g;£2.50/unit;£0.33/100g;frozen-pastry-baking;463;6.1;45.2;8.8;28.3;10.7;1.6;0.57
jus-rol-thin-crust-pizza-kit-545g;Jus Rol Thin Crust Pizza x2 545g;£2.70/unit;£0.50/100g;cooking-baking;179;6.8;32.4;5.9;2.0;0.6;2.0;1.59
jus-rol-vol-au-vent-party-cases-x36-625g;Jus Rol Vol Au Vent Party Cases x36 625g;£2.50/unit;£4.00/kg;frozen-baking-pastry;391;5.4;33.1;0.7;26.0;13.2;1.4;0.97
jus-rol-vol-au-vent-party-cases-x36-625g;Jus Rol Vol Au Vent Party Cases x36 625g;£2.50/unit;£4.00/kg;frozen-pastry-baking;391;5.4;33.1;0.7;26.0;13.2;1.4;0.97
just-love-food-company-nut-safe-chocolate-partybake-%28-serves-6-%29;Just Love Food Company Nut Safe Chocolate Partybake ( Serves 6 );£3.00/unit;£3.00/ea;celebration-cakes;442;5.5;55.6;39.2;22.9;4.1;-1;0.5
just-love-food-company-nut-safe-vanilla-party-bake-%28-serves-6-%29;Just Love Food Company Nut Safe Vanilla Party Bake ( Serves 6 );£3.00/unit;£3.00/ea;celebration-cakes;437;4.4;60.8;44.5;21.0;6.8;-1;0.7
just-made-toaster-crumpets-x6;Just Made Toaster Crumpets x6;£1.00/unit;£0.17/ea;crumpets-breakfast-muffins-pancakes;186;5.3;38.0;1.2;0.6;0.1;3.5;1.0
just-milk-lactofree-milk-1l;Candia Just Milk Lactofree Semi Skimmed Milk 1L;£1.10/unit;£1.10/ltr;dairy-alternatives;19346;3.15;4.8;4.8;1.55;1.0;-1;0.13
just-milk-lactofree-milk-1l;Candia Just Milk Lactofree Semi Skimmed Milk 1L;£1.10/unit;£1.10/ltr;longer-life-milk;19346;3.15;4.8;4.8;1.55;1.0;-1;0.13
just-milk-lactofree-milk-1l;Candia Just Milk Lactofree Semi Skimmed Milk 1L;£1.10/unit;£1.10/ltr;soya---dietary-needs;19346;3.15;4.8;4.8;1.55;1.0;-1;0.13
just-milk-skimmed-milk-long-life-6x1l;Candia Just Milk Skimmed Milk Long Life 6x1l;£5.00/unit;£0.83/ltr;longer-life-milk;13632;3.2;4.8;4.8;0.1;0.0;-1;0.1
kalamata---manzanilla-olives-140g;Sainsbury's Manzanilla & Kalamata Olives 140g;£2.30/unit;£1.64/100g;deli-meat-alternatives;180;1.4;3.9;3.9;16.8;3.2;3.7;2.93
kalamata---manzanilla-olives-140g;Sainsbury's Manzanilla & Kalamata Olives 140g;£2.30/unit;£1.64/100g;olives-tapas-antipasti;180;1.4;3.9;3.9;16.8;3.2;3.7;2.93
kallo-almond-dream-1l;Kallo Almond Dream Alternative to Dairy Milk 1L;£1.59/unit;£0.16/100ml;dairy-alternatives;Per 100g nutrition not found
kallo-almond-dream-1l;Kallo Almond Dream Alternative to Dairy Milk 1L;£1.59/unit;£0.16/100ml;longer-life-milk;Per 100g nutrition not found
kallo-almond-dream-1l;Kallo Almond Dream Alternative to Dairy Milk 1L;£1.59/unit;£0.16/100ml;soya---dietary-needs;Per 100g nutrition not found
kallo-coconut-dream-1l;Kallo Coconut Dream Alternative to Dairy Milk 1L;£1.49/unit;£0.15/100ml;dairy-alternatives;Per 100g nutrition not found
kallo-coconut-dream-1l;Kallo Coconut Dream Alternative to Dairy Milk 1L;£1.49/unit;£0.15/100ml;longer-life-milk;Per 100g nutrition not found
kallo-coconut-dream-1l;Kallo Coconut Dream Alternative to Dairy Milk 1L;£1.49/unit;£0.15/100ml;soya---dietary-needs;Per 100g nutrition not found
kallo-rice-dream-chocolate-3x200ml;Kallo Rice Dream Chocolate Drinks 3x200ml;£1.49/unit;£7.45/ltr;dairy-alternatives;59;0.3;12.5;10.5;0.9;0.1;0.5;0.04
kallo-rice-dream-chocolate-3x200ml;Kallo Rice Dream Chocolate Drinks 3x200ml;£1.49/unit;£7.45/ltr;soya---dietary-needs;59;0.3;12.5;10.5;0.9;0.1;0.5;0.04
karyatis-almond-stfd-olives-350g-%28190g*%29;Karyatis Almond Stuffed Olives 350g (190g*);£2.45/unit;£1.29/100g;olives-antipasti;959232;4.6;6.6;1.0;20.0;2.0;-1;4.00
karyatis-anchovy-stfd-olive-350g-%28190g*%29;Karyatis Anchovy Stuffed Olives 350g (190g*);£1.30/unit;£0.68/100g;olives-antipasti;597145;1.3;0.0;0.0;15.0;3.0;-1;4.00
karyatis-black-pitted-olives-350g;Karyatis Black Pitted Olives 350g;£1.00/unit;£0.63/100g;olives-antipasti;530129;0.5;0.0;0.0;13.0;2.2;-1;1.50
karyatis-green-pitted-olives-350g;Karyatis Green Pitted Olives 350g;£1.00/unit;£0.63/100g;olives-antipasti;669163;1.0;0.0;0.0;17.0;3.0;-1;4.00
karyatis-jalapeno-stfd-olive350g-%28190g*%29;Karyatis Jalapeno Stuffed Olives 350g (190g*);£2.45/unit;£1.29/100g;olives-antipasti;575140;1.0;3.2;0.4;13.2;2.0;-1;4.00
karyatis-pimento-stfd-olive-350g-%28200g*%29;Karyatis Pimento Stuffed Olives 350g (200g*);£1.00/unit;£0.50/100g;olives-antipasti;589143;0.9;0.0;0.0;15.0;3.0;-1;4.00
karyatis-pimento-stfd-olive-907g-%28550g*%29;Karyatis Pimento Stuffed Olives 907g (550g*);£2.50/unit;£0.45/100g;olives-antipasti;589143;0.9;0.0;0.0;15.0;3.0;-1;4.00
karyatis-pitted-black-olive-235g-%28100g*%29;Karyatis Pitted Black Olives 235g (100g*);£0.60/unit;£0.60/100g;olives-antipasti;514125;0.5;0.0;0.0;13.0;2.2;-1;1.50
karyatis-pitted-green-olive-907g-%28440g*%29;Karyatis Pitted Green Olives 907g (440g*);£2.50/unit;£0.57/100g;olives-antipasti;664162;1.0;0.0;0.0;17.0;3.0;-1;4.00
karyatis-sliced-black-olive-235g-%28100g*%29;Karyatis Sliced Black Olives 235g (100g*);£0.60/unit;£0.60/100g;olives-antipasti;514125;0.5;0.0;0.0;13.0;2.3;-1;1.80
karyatis-spanish-qn-olive-350g-%28200g*%29;Karyatis Spanish Queen Olives 350g (200g*);£1.30/unit;£0.65/100g;olives-antipasti;559136;1.3;0.0;0.0;14.0;2.7;-1;4.00
karyatis-spnsh-qn-pitd-olvs-350g-%28160g*%29;Karyatis Spanish Queen Pitted Olives 350g (160g*);£1.30/unit;£0.81/100g;olives-antipasti;484118;1.1;0.0;0.0;12.0;2.0;-1;4.00
keep-calm-celebration-cake;Keep Calm Celebration Cake;£6.00/unit;£6.00/ea;celebration-cakes;1591377;2.8;69.2;45.7;9.3;2.7;2.8;0.19;0.5
kelderman-rye-bread--german-style-400g;Kelderman Rye Bread, German Style 400g;£1.35/unit;£0.34/100g;naan-ciabatta-breads-of-the-world;740177;61;344;09;10;02;83;11
kelderman-rye-bread--german-style-400g;Kelderman Rye Bread, German Style 400g;£1.35/unit;£0.34/100g;soda-rye-bread;740177;61;344;09;10;02;83;11
kelloggs-all-bran-500g;Kellogg's All-Bran 500g;£2.10/unit;£0.42/100g;healthier-cereals;1400334;14;48;18;3.5;0.7;27;0.95
kelloggs-all-bran-750g;Kellogg's All Bran 750g;£2.90/unit;£0.39/100g;bigger-packs;1400334;14;48;18;3.5;0.7;27;0.95;
kelloggs-all-bran-750g;Kellogg's All Bran 750g;£2.90/unit;£0.39/100g;healthier-cereals;1400334;14;48;18;3.5;0.7;27;0.95;
kelloggs-all-bran-choc-wheats-450g;Kellogg's All-bran Choc Wheats 450g;£2.90/unit;£0.64/100g;kids-cereals;1671397;10;64;19;9;5;10;0.05
kelloggs-all-bran-flakes-750g;Kellogg's All Bran Flakes 750g;£2.90/unit;£0.39/100g;bigger-packs;1503356;11;66;20;2;0.5;15;1
kelloggs-all-bran-flakes-750g;Kellogg's All Bran Flakes 750g;£2.90/unit;£0.39/100g;healthier-cereals;1503356;11;66;20;2;0.5;15;1
kelloggs-all-bran-golden-crunch-390g;Kellogg's All Bran Golden Crunch 390g;£2.90/unit;£0.74/100g;healthier-cereals;1701405;8;62;21;11;1.5;13;0.9
kelloggs-all-bran-red-berry-crunch-340g;Kellogg's All Bran Red Berry Crunch 340g;£2.90/unit;£0.85/100g;healthier-cereals;1701405;8;62;21;11;1.5;13;0.8
kelloggs-bran-flakes-500g;Kellogg's Bran Flakes 500g;£2.10/unit;£0.42/100g;healthier-cereals;1503356;11;66;20;2;0.5;15;1
kelloggs-coco-pops-295g;Kellogg's Coco Pops 295g;£2.10/unit;£0.71/100g;kids-cereals;1647389;5.5;85;35;2.5;1;2;0.75
kelloggs-coco-pops-800g;Kellogg's Coco Pops 800g;£3.60/unit;£0.45/100g;bigger-packs;1647389;5.5;85;35;2.5;1;2;0.75
kelloggs-coco-pops-800g;Kellogg's Coco Pops 800g;£3.60/unit;£0.45/100g;kids-cereals;1647389;5.5;85;35;2.5;1;2;0.75
kelloggs-coco-pops-cereal-550g;Kellogg's Coco Pops Cereal 550g;£2.00/unit;£0.36/100g;kids-cereals;1647389;5.5;85;35;2.5;1;2;0.75
kelloggs-coco-pops-croc-prints-350g;Kellogg's Coco Pops Mini Crocs 350g;£2.70/unit;£0.77/100g;kids-cereals;1594377;9;76;26;2.5;1;7;0.45
kelloggs-coco-pops-rocks-390g;Kellogg's Coco Pops Rocks 390g;£2.50/unit;£0.71/100g;kids-cereals;1730410;7;75;27;8;3;5;0.75
kelloggs-cornflakes-1kg;Kellogg's Cornflakes 1kg;£2.55/unit;£0.26/100g;family-cereals;1604378;7;84;8;0.9;0.2;3;1.25
kelloggs-cornflakes-250g;Kellogg's Cornflakes 250g;£1.40/unit;£0.56/100g;family-cereals;1604378;7;84;8;0.9;0.2;3;1.25
kelloggs-cornflakes-500g;Kellogg's Cornflakes 500g;£1.95/unit;£0.39/100g;family-cereals;1604378;7;84;8;0.9;0.2;3;1.25
kelloggs-cornflakes-750g;Kellogg's Cornflakes 750g;£2.00/unit;£0.27/100g;family-cereals;1604378;7;84;8;0.9;0.2;3;0.5;1.3
kelloggs-crunchy-nut--limited-edition-375g;Kellogg's Crunchy Nut, Limited Edition 375g;£2.00/unit;£0.53/100g;family-cereals;1701402;6;82;35;5;0.9;2.5;0.88
kelloggs-crunchy-nut-cornflakes-1kg;Kellogg's Crunchy Nut Cornflakes 1kg;£4.00/unit;£0.40/100g;family-cereals;1701402;6;82;35;5;0.9;2.5;0.88
kelloggs-crunchy-nut-cornflakes-500g;Kellogg's Crunchy Nut Cornflakes 500g;£2.00/unit;£0.40/100g;family-cereals;1701402;6;82;35;5;0.9;2.5;0.88
kelloggs-crunchy-nut-cornflakes-750g;Kellogg's Crunchy Nut Cornflakes 750g;£3.15/unit;£0.42/100g;family-cereals;1701402;6;82;35;5;0.9;2.5;0.88
kelloggs-froot-loops-350g;Kellogg's Froot Loops 350g;£2.80/unit;£0.80/100g;kids-cereals;1654391;8;80;25;3.5;0.9;3.5;1.13
kelloggs-frosted-wheats-500g;Kellogg's Frosted Wheats 500g;£2.70/unit;£0.54/100g;healthier-cereals;1540364;10;72;17;2;0.6;9;0.03
kelloggs-frosties-500g;Kellogg's Frosties 500g;£2.30/unit;£0.46/100g;kids-cereals;1594375;4.5;87;37;0.6;0.1;2;0.88
kelloggs-frosties-750g;Kellogg's Frosties 750g;£2.70/unit;£0.36/100g;bigger-packs;1594375;4.5;87;37;0.6;0.1;2;0.88
kelloggs-frosties-750g;Kellogg's Frosties 750g;£2.70/unit;£0.36/100g;kids-cereals;1594375;4.5;87;37;0.6;0.1;2;0.88
kelloggs-fruit-n-fibre-cereal-500g;Kellogg's Fruit 'n' Fibre Cereal 500g;£2.70/unit;£0.54/100g;healthier-cereals;1603380;8;69;24;6;3.5;9;1
kelloggs-fruit-n-fibre-cereal-750g;Kellogg's Fruit 'n' Fibre Cereal 750g;£3.00/unit;£0.40/100g;bigger-packs;1603380;8;69;24;6;3.5;9;1
kelloggs-fruit-n-fibre-cereal-750g;Kellogg's Fruit 'n' Fibre Cereal 750g;£3.00/unit;£0.40/100g;healthier-cereals;1603380;8;69;24;6;3.5;9;1
kelloggs-fruit-winders-doubles-strawberry---blackcurrant-6x17g;Kellogg's Strawberry & Blackcurrant Fruit Winders 6x17g;£2.00/unit;£1.96/100g;dessert-fruit;1658393;0.2;79;37;8;3.5;2;0.13
kelloggs-honey-loops-375g;Kellogg's Honey Loops 335g;£2.80/unit;£0.84/100g;kids-cereals;1603379;7;77;21;3;0.5;8;0.35
kelloggs-honey-pops-335g;Kellogg's Honey Pops 335g;£2.50/unit;£0.75/100g;kids-cereals;1603379;7;77;21;3;0.5;8;0.35
kelloggs-just-right-cereal-500g;Kellogg's Just Right Cereal 500g;£3.00/unit;£0.60/100g;healthier-cereals;1572371;7;79;23;2;0.3;4.5;0.98
kelloggs-krave-chocolate-hazelnut-375g;Kellogg's Krave Chocolate Hazelnut 375g;£2.80/unit;£0.75/100g;kids-cereals;1898452;7.2;68;29;16;4;3.4;1.13
kelloggs-krave-milk-chocolate-375g;Kellogg's Krave Milk Chocolate 375g;£2.80/unit;£0.75/100g;kids-cereals;1873445;7.1;69;30;15;5.1;3;1
kelloggs-krave-milk-chocolate-650g;Kellogg's Krave Milk Chocolate 650g;£4.00/unit;£0.62/100g;bigger-packs;1873445;7.1;69;30;15;5.1;3;1
kelloggs-krave-milk-chocolate-650g;Kellogg's Krave Milk Chocolate 650g;£4.00/unit;£0.62/100g;family-cereals;1873445;7.1;69;30;15;5.1;3;1
kelloggs-krave-milk-chocolate-650g;Kellogg's Krave Milk Chocolate 650g;£4.00/unit;£0.62/100g;kids-cereals;1873445;7.1;69;30;15;5.1;3;1
kelloggs-mini-max-cereal--original-560g;Kellogg's Mini Max Cereal, Original 560g;£2.50/unit;£0.45/100g;kids-cereals;1565370;11;73;18;2;0.3;8;0.03
kelloggs-raisin-wheats-500g;Kellogg's Raisin Wheats 500g;£2.70/unit;£0.54/100g;healthier-cereals;1458345;9;69;13;2;0.4;9;0.08
kelloggs-rice-krispies-340g;Kellogg's Rice Krispies 340g;£2.10/unit;£0.62/100g;kids-cereals;1626383;6;87;10;1;0.2;1;1.13
kelloggs-rice-krispies-510g;Kellogg's Rice Krispies 510g;£2.80/unit;£0.55/100g;kids-cereals;1626383;6;87;10;1;0.2;1;1.13
kelloggs-rice-krispies-700g;Kellogg's Rice Krispies 700g;£3.60/unit;£0.51/100g;kids-cereals;1626383;6;87;10;1;0.2;1;1.13
kelloggs-rice-krispies-multigrain-350g;Kellogg's Rice Krispies Multigrain 350g;£2.70/unit;£0.77/100g;kids-cereals;1602379;8;77;21;2.5;0.5;8;0.38
kelloggs-ricicles-450g;Kellogg's Ricicles 450g;£2.70/unit;£0.60/100g;kids-cereals;1626383;4.5;89;34;0.8;0.1;0.8;0.88
kelloggs-special-k--fruit---nut-370g;Kellogg's Special K Fruit & Nut 370g;£2.70/unit;£0.73/100g;family-cereals;1587375;7;79;28;2.5;0.4;4.5;0.75
kelloggs-special-k--fruit---nut-370g;Kellogg's Special K Fruit & Nut 370g;£2.70/unit;£0.73/100g;healthier-cereals;1587375;7;79;28;2.5;0.4;4.5;0.75
kelloggs-special-k-400g;Kellogg's Special K 400g;£2.00/unit;£0.50/100g;family-cereals;1588375;9;79;17;1.5;0.3;4.5;1
kelloggs-special-k-400g;Kellogg's Special K 400g;£2.00/unit;£0.50/100g;healthier-cereals;1588375;9;79;17;1.5;0.3;4.5;1
kelloggs-special-k-750g;Kellogg's Special K 750g;£4.00/unit;£0.53/100g;bigger-packs;1588375;9;79;17;1.5;0.3;4.5;1
kelloggs-special-k-750g;Kellogg's Special K 750g;£4.00/unit;£0.53/100g;family-cereals;1588375;9;79;17;1.5;0.3;4.5;1
kelloggs-special-k-750g;Kellogg's Special K 750g;£4.00/unit;£0.53/100g;healthier-cereals;1588375;9;79;17;1.5;0.3;4.5;1
kelloggs-special-k-chocolate---strawberry-320g;Kellogg's Special K Chocolate & Strawberry 320g;£2.70/unit;£0.84/100g;family-cereals;1626384;8;79;19;3.1;0.7;4;0.95
kelloggs-special-k-chocolate---strawberry-320g;Kellogg's Special K Chocolate & Strawberry 320g;£2.70/unit;£0.84/100g;healthier-cereals;1626384;8;79;19;3.1;0.7;4;0.95
kelloggs-special-k-creamy-berry-crunch-320g;Kellogg's Special K Creamy Berry Crunch 320g;£2.70/unit;£0.84/100g;family-cereals;1617382;8;78;20;3.1;1.5;5;0.93
kelloggs-special-k-creamy-berry-crunch-320g;Kellogg's Special K Creamy Berry Crunch 320g;£2.70/unit;£0.84/100g;healthier-cereals;1617382;8;78;20;3.1;1.5;5;0.93
kelloggs-special-k-hazelnut---almond-300g;Kellogg's Special K Hazelnut & Almond 300g;£2.70/unit;£0.90/100g;family-cereals;1666394;9;76;18;5;0.8;4.5;1
kelloggs-special-k-hazelnut---almond-300g;Kellogg's Special K Hazelnut & Almond 300g;£2.70/unit;£0.90/100g;healthier-cereals;1666394;9;76;18;5;0.8;4.5;1
kelloggs-special-k-oats---honey-375g;Kellogg's Special K Oats & Honey 375g;£2.70/unit;£0.72/100g;family-cereals;1613381;9;77;18;3;0.5;5;0.63
kelloggs-special-k-oats---honey-375g;Kellogg's Special K Oats & Honey 375g;£2.70/unit;£0.72/100g;healthier-cereals;1613381;9;77;18;3;0.5;5;0.63
kelloggs-special-k-oats---honey-650g;Kellogg's Special K Oats & Honey 650g;£4.00/unit;£0.62/100g;family-cereals;1613381;9;77;18;3;0.5;5;0.63
kelloggs-special-k-oats---honey-650g;Kellogg's Special K Oats & Honey 650g;£4.00/unit;£0.62/100g;healthier-cereals;1613381;9;77;18;3;0.5;5;0.63
kelloggs-special-k-original-550g;Kellogg's Special K Original 550g;£3.30/unit;£0.60/100g;family-cereals;1588375;9;79;17;1.5;0.3;4.5;1
kelloggs-special-k-original-550g;Kellogg's Special K Original 550g;£3.30/unit;£0.60/100g;healthier-cereals;1588375;9;79;17;1.5;0.3;4.5;1
kelloggs-special-k-peach---apricot-320g;Kellogg's Special K Peach & Apricot 320g;£2.70/unit;£0.84/100g;family-cereals;1588375;8;80;21;1.5;0.2;4.5;0.95
kelloggs-special-k-peach---apricot-320g;Kellogg's Special K Peach & Apricot 320g;£2.70/unit;£0.84/100g;healthier-cereals;1588375;8;80;21;1.5;0.2;4.5;0.95
kelloggs-special-k-porridge-honey---almond-6x27g;Kellogg's Special K Multigrain Porridge Honey & Almond 6x27g;£2.00/unit;£1.23/100g;on-the-go;1625385;9;71;15;5;0.8;10;0.08
kelloggs-special-k-porridge-honey---almond-6x27g;Kellogg's Special K Multigrain Porridge Honey & Almond 6x27g;£2.00/unit;£1.23/100g;porridge-oats;1625385;9;71;15;5;0.8;10;0.08
kelloggs-special-k-porridge-original-7x27g;Kellogg's Special K Multigrain Porridge Original 7x27g;£2.00/unit;£1.06/100g;porridge-oats;1625385;9;71;14;5;0.9;10;0.08
kelloggs-special-k-porridge-pot-honey---almond-50g;Kellogg's Special K Multigrain Porridge Pot Honey & Almond 50g;£1.00/unit;£2.00/100g;on-the-go;1643389;13;69;25;5;0.9;8;0.2
kelloggs-special-k-porridge-pot-honey---almond-50g;Kellogg's Special K Multigrain Porridge Pot Honey & Almond 50g;£1.00/unit;£2.00/100g;porridge-oats;1643389;13;69;25;5;0.9;8;0.2
kelloggs-special-k-porridge-pot-original-50g;Kellogg's Special K Multigrain Porridge Pot Original 50g;£1.00/unit;£2.00/100g;on-the-go;1633387;13;69;24;4.5;0.8;9;0.2
kelloggs-special-k-porridge-pot-original-50g;Kellogg's Special K Multigrain Porridge Pot Original 50g;£1.00/unit;£2.00/100g;porridge-oats;1633387;13;69;24;4.5;0.8;9;0.2
kelloggs-special-k-porridge-pot-red-berries-50g;Kellogg's Special K Multigrain Porridge Pot Red Berries 50g;£1.00/unit;£2.00/100g;on-the-go;1633387;13;69;26;4.5;0.8;9;0.2
kelloggs-special-k-porridge-pot-red-berries-50g;Kellogg's Special K Multigrain Porridge Pot Red Berries 50g;£1.00/unit;£2.00/100g;porridge-oats;1633387;13;69;26;4.5;0.8;9;0.2
kelloggs-special-k-porridge-red-berries-6x27g;Kellogg's Special K Multigrain Porridge Red Berries 6x27g;£2.00/unit;£1.23/100g;on-the-go;1624385;9;72;13;4.5;0.8;10;0.08
kelloggs-special-k-porridge-red-berries-6x27g;Kellogg's Special K Multigrain Porridge Red Berries 6x27g;£2.00/unit;£1.23/100g;porridge-oats;1624385;9;72;13;4.5;0.8;10;0.08
kelloggs-special-k-red-berries-320g;Kellogg's Special K Red Berries 320g;£2.00/unit;£0.62/100g;family-cereals;1605379;8;81;19;1.5;0.2;4.5;0.95
kelloggs-special-k-red-berries-320g;Kellogg's Special K Red Berries 320g;£2.00/unit;£0.62/100g;healthier-cereals;1605379;8;81;19;1.5;0.2;4.5;0.95
kelloggs-special-k-red-berries-500g;Kellogg's Special K Red Berries 500g;£4.00/unit;£0.80/100g;family-cereals;1605379;8;81;19;1.5;0.2;4.5;0.95
kelloggs-special-k-red-berries-500g;Kellogg's Special K Red Berries 500g;£4.00/unit;£0.80/100g;healthier-cereals;1605379;8;81;19;1.5;0.2;4.5;0.95
kelloggs-special-k-yogurt-320g;Kellogg's Special K Yoghurty 320g;£2.70/unit;£0.84/100g;family-cereals;1626384;9;78;21;3.1;1.5;4;1.03
kelloggs-special-k-yogurt-320g;Kellogg's Special K Yoghurty 320g;£2.70/unit;£0.84/100g;healthier-cereals;1626384;9;78;21;3.1;1.5;4;1.03
kelloggs-start-cereal-375g;Kellogg's Start Cereal 375g;£2.80/unit;£0.75/100g;family-cereals;1649390;8;79;24;3.5;2;5;1
kelloggs-sultana-bran-500g;Kellogg's Sultana Bran 500g;£2.90/unit;£0.58/100g;healthier-cereals;1453344;8;67;30;2;0.5;13;0.83
kelloggs-variety-cereal-pack-x8-192g;Kellogg's Variety Cereal Pack x8 192g;£2.10/unit;£1.14/100g;kids-cereals;1603379;7;77;21;3;0.5;8;0.35
kelloggs-winders-strawberry-double-6x17g;Kellogg's Strawberry Fruit Winders 6x17g;£2.00/unit;£1.96/100g;dessert-fruit;1658393;0.2;79;37;8;3.5;2;0.13
kelloggs-winders-strawberry-double-6x17g;Kellogg's Strawberry Fruit Winders 6x17g;£2.00/unit;£1.96/100g;snacking-fruit-nuts;1658393;0.2;79;37;8;3.5;2;0.13
kellys-cornish-clotted-ice-cream-1l;Kelly's Cornish Clotted Ice Cream 1L;£3.50/unit;£0.35/100ml;ice-cream-tubs;Per 100g nutrition not found
kellys-cornish-vanilla-dairy-ice-cream-2l;Kelly's Cornish Vanilla Dairy Ice Cream 2L;£4.00/unit;£0.20/100ml;ice-cream-tubs;212;3.8;22.3;22.3;11.9;7.6;0.1;0.07;0.2;.;125
kellys-honeycomb-caramel-swirl-1l;Kelly's Clotted Cream & Honeycomb Ice Cream 1L;£3.50/unit;£0.35/100ml;ice-cream-tubs;217;3.5;28.4;27.6;9.9;6.3;0.1;0.07;0.2
kenco-cafe-latte-158g;Kenco Cafe Latte 158g;£2.50/unit;£1.58/100g;instant-coffee;405;8.2;69;41;11.0;10.5;0.0;1.05
kenco-cappuccino-regular-149g;Kenco Cappuccino Regular 149g;£2.50/unit;£1.68/100g;instant-coffee;405;5.2;75;43;11.5;11.0;2.6;0.6
kenco-cappuccino-unsweetened-148g;Kenco Cappuccino Unsweetened 148g;£2.50/unit;£1.69/100g;instant-coffee;405;5.4;71;36;13.1;12.5;2.6;0.65
kenco-fusion-2-in-1-140g;Kenco Fusion 2-in-1 140g;£2.30/unit;£1.64/100g;instant-coffee;Per 100g nutrition not found
kenco-fusion-3-in-1-200g;Kenco Fusion 3-in-1 200g;£2.30/unit;£1.15/100g;instant-coffee;415;2.6;78.0;56.0;10.5;10.0;0;0.48
kerrygold-pure-irish-butter-250g;Kerrygold Pure Irish Butter 250g;£1.70/unit;£6.80/kg;butter;2972723;0.4;0.3;-1;80;-1;-1;-1
kerrygold-softer-butter-250g;Kerrygold Softer Butter 250g;£1.90/unit;£7.60/kg;butter;2986726;0.7;0.8;0.8;80.0;48.0;-1;1.2
kerrygold-spreadable-400g;Kerrygold Spreadable 400g;£2.70/unit;£6.75/kg;butter;2422589;0.5;0.5;0.5;65;35;-1;1
kerrygold-unsalted-butter-250g;Kerrygold Unsalted Butter 250g;£1.70/unit;£6.80/kg;butter;3031737;0.4;0.3;0.3;82;54;-1;0
kingsmill-50-50-bread--crusts-away-400g;Kingsmill 50/50 Bread, Crusts Away 400g;£1.20/unit;£0.30/100g;half-and-half-bread;213;8.8;37.7;2.9;2.0;0.4;4.3;0.35;0.88
kingsmill-50-50-bread--crusts-away-400g;Kingsmill 50/50 Bread, Crusts Away 400g;£1.20/unit;£0.30/100g;small-loaves;213;8.8;37.7;2.9;2.0;0.4;4.3;0.35;0.88
kingsmill-50-50-bread--medium-800g;Kingsmill 50/50 Bread, Medium Sliced 800g;£1.35/unit;£0.17/100g;half-and-half-bread;235;9.9;41.2;3.4;2.3;0.4;4.9;0.98
kingsmill-50-50-bread--thick-800g;Kingsmill 50/50 Bread, Thick Sliced 800g;£1.35/unit;£0.17/100g;half-and-half-bread;235;9.9;41.2;3.4;2.3;0.4;4.9;0.98
kingsmill-50-50-bread-400g;Kingsmill 50/50 Bread 400g;£0.75/unit;£0.19/100g;half-and-half-bread;235;9.9;41.2;3.4;2.3;0.4;4.9;0.39;0.98
kingsmill-50-50-bread-400g;Kingsmill 50/50 Bread 400g;£0.75/unit;£0.19/100g;small-loaves;235;9.9;41.2;3.4;2.3;0.4;4.9;0.39;0.98
kingsmill-50-50-rolls-x6;Kingsmill 50/50 Rolls x6;£1.00/unit;£0.16/ea;rolls;245;9.3;41.2;2.5;3.8;0.7;4.4;0.40;1.00
kingsmill-danish-loaf-400g;Kingsmill Danish Loaf 400g;£0.75/unit;£0.19/100g;small-loaves;245;10.2;45.6;3.9;2.4;0.4;3.1;0.40;1.00
kingsmill-danish-loaf-400g;Kingsmill Danish Loaf 400g;£0.75/unit;£0.19/100g;white-bread;245;10.2;45.6;3.9;2.4;0.4;3.1;0.40;1.00
kingsmill-great-everyday-white-bread--little-big-loaf-470g;Kingsmill Great Everyday White Bread, Little Big Loaf 470g;£0.75/unit;£0.16/100g;small-loaves;238;9.0;44.6;3.8;2.0;0.3;2.7;0.40;1.00
kingsmill-great-everyday-white-bread--little-big-loaf-470g;Kingsmill Great Everyday White Bread, Little Big Loaf 470g;£0.75/unit;£0.16/100g;white-bread;238;9.0;44.6;3.8;2.0;0.3;2.7;0.40;1.00
kingsmill-great-everyday-wholemeal-bread--medium-800g;Kingsmill Great Everyday Wholemeal Bread, Medium Sliced 800g;£1.35/unit;£0.17/100g;wholemeal-brown-bread;235;10.5;38.5;4.3;3.0;0.5;6.2;1.00
kingsmill-great-white-medium-750g;Kingsmill Great White Medium 750g;£1.45/unit;£0.19/100g;white-bread;223;9.1;36.4;3.0;3.0;0.5;7.0;0.95
kingsmill-oatilicious-bread--medium-sliced-800g;Kingsmill Oatilicious Bread, Medium Sliced 800g;£1.45/unit;£0.18/100g;half-and-half-bread;250;9.9;39.8;3.2;4.8;0.8;3.9;0.98
kingsmill-oatilicious-bread--medium-sliced-800g;Kingsmill Oatilicious Bread, Medium Sliced 800g;£1.45/unit;£0.18/100g;seeded-grains-bread;250;9.9;39.8;3.2;4.8;0.8;3.9;0.98
kingsmill-perfect-pancakes-x6;Kingsmill Perfect Pancakes x6;£0.75/unit;£0.13/ea;crumpets-breakfast-muffins-pancakes;269;6.0;50.0;22.5;4.7;0.7;1.5;1.25
kingsmill-really-seeded-bread--little-big-loaf-470g;Kingsmill Really Seeded Bread, Little Big Loaf 470g;£0.80/unit;£0.17/100g;seeded-grains-bread;268;10.4;37.3;3.1;7.3;0.9;5.5;0.32;0.80;
kingsmill-really-seeded-bread--little-big-loaf-470g;Kingsmill Really Seeded Bread, Little Big Loaf 470g;£0.80/unit;£0.17/100g;small-loaves;268;10.4;37.3;3.1;7.3;0.9;5.5;0.32;0.80;
kingsmill-soft-white-bread--medium-800g;Kingsmill Soft White Bread, Medium Sliced 800g;£1.35/unit;£0.17/100g;white-bread;238;9.0;44.6;3.8;2.0;0.3;2.7;0.40;1.00
kingsmill-soft-white-bread--thick-800g;Kingsmill Soft White Bread, Thick Sliced 800g;£1.35/unit;£0.17/100g;white-bread;238;9.0;44.6;3.8;2.0;0.3;2.7;1.00
kingsmill-soft-white-bread-400g;Kingsmill Soft White Bread 400g;£0.75/unit;£0.19/100g;small-loaves;238;9.0;44.6;3.8;2.0;0.3;2.7;0.40;1.00
kingsmill-soft-white-bread-400g;Kingsmill Soft White Bread 400g;£0.75/unit;£0.19/100g;white-bread;238;9.0;44.6;3.8;2.0;0.3;2.7;0.40;1.00
kingsmill-soft-white-rolls-x6;Kingsmill Soft White Rolls x6;£1.00/unit;£0.16/ea;rolls;270;8.1;47.8;4.6;4.5;0.9;2.7;0.40;1.00
kingsmill-tasty-everyday-wholemeal-rolls-x6;Kingsmill Tasty Everyday Wholemeal Rolls x6;£1.00/unit;£0.16/ea;rolls;245;10.6;38.8;4.7;3.8;0.6;6.5;0.37;0.93
kingsmill-tasty-wholemeal-bread--little-big-loaf-470g;Kingsmill Tasty Wholemeal Bread, Little Big Loaf 470g;£0.75/unit;£0.16/100g;small-loaves;239;10.5;37.7;4.3;3.8;0.5;6.2;0.40;1.00
kingsmill-tasty-wholemeal-bread--little-big-loaf-470g;Kingsmill Tasty Wholemeal Bread, Little Big Loaf 470g;£0.75/unit;£0.16/100g;wholemeal-brown-bread;239;10.5;37.7;4.3;3.8;0.5;6.2;0.40;1.00
kingsmill-tasty-wholemeal-bread--thick-800g;Kingsmill Tasty Wholemeal Bread, Thick Sliced 800g;£1.35/unit;£0.17/100g;wholemeal-brown-bread;235;10.5;38.5;4.3;3.0;0.5;6.2;1.00
kingsmill-tasty-wholemeal-bread-400g;Kingsmill Tasty Wholemeal Bread 400g;£0.75/unit;£0.19/100g;small-loaves;239;10.5;37.7;4.3;3.8;0.5;6.2;0.40;1.00
kingsmill-tasty-wholemeal-bread-400g;Kingsmill Tasty Wholemeal Bread 400g;£0.75/unit;£0.19/100g;wholemeal-brown-bread;239;10.5;37.7;4.3;3.8;0.5;6.2;0.40;1.00
kingsmill-toastie-bread--thick-800g;Kingsmill Toastie Bread, Thick Sliced 800g;£1.35/unit;£0.17/100g;white-bread;238;9.0;44.6;3.8;2.0;0.3;2.7;1.00
kingsmill-waffles-x6;Kingsmill Waffles x6;£0.80/unit;£0.13/ea;croissants-brioche-pastries;467;5.9;52.2;32.4;25.8;7.1;1.4;0.75
kingsmill-waffles-x6;Kingsmill Waffles x6;£0.80/unit;£0.13/ea;crumpets-breakfast-muffins-pancakes;467;5.9;52.2;32.4;25.8;7.1;1.4;0.75
kirstys-beef-lasagne-400g;Kirsty's Beef Lasagne 400g;£3.00/unit;£7.50/kg;healthier-choice-ready-meals;88;6.8;9.4;1.1;2.1;1.2;2.0;0.4
kirstys-beef-lasagne-400g;Kirsty's Beef Lasagne 400g;£3.00/unit;£7.50/kg;italian-ready-meals;88;6.8;9.4;1.1;2.1;1.2;2.0;0.4
kirstys-beef-lasagne-400g;Kirsty's Beef Lasagne 400g;£3.00/unit;£7.50/kg;meals-for-1-ready-meals;88;6.8;9.4;1.1;2.1;1.2;2.0;0.4
kirstys-cottage-pie-sweet-potato-mash-400g;Kirsty's Cottage Pie Sweet Potato Mash 400g;£3.00/unit;£7.50/kg;british-ready-meals;75;5.9;8.9;3.2;1.4;0.6;1.4;0.4
kirstys-cottage-pie-sweet-potato-mash-400g;Kirsty's Cottage Pie Sweet Potato Mash 400g;£3.00/unit;£7.50/kg;healthier-choice-ready-meals;75;5.9;8.9;3.2;1.4;0.6;1.4;0.4
kirstys-cottage-pie-sweet-potato-mash-400g;Kirsty's Cottage Pie Sweet Potato Mash 400g;£3.00/unit;£7.50/kg;meals-for-1-ready-meals;75;5.9;8.9;3.2;1.4;0.6;1.4;0.4
kirstys-spanish-chicken-with-rice-400g;Kirsty's Spanish Chicken With Rice 400g;£3.00/unit;£7.50/kg;healthier-choice-ready-meals;98;6.7;10.5;2.3;2.7;0.5;2.2;0.4
kirstys-spanish-chicken-with-rice-400g;Kirsty's Spanish Chicken With Rice 400g;£3.00/unit;£7.50/kg;meals-for-1-ready-meals;98;6.7;10.5;2.3;2.7;0.5;2.2;0.4
kirstys-spanish-chicken-with-rice-400g;Kirsty's Spanish Chicken With Rice 400g;£3.00/unit;£7.50/kg;mediterranean-other-cuisine-ready-meals;98;6.7;10.5;2.3;2.7;0.5;2.2;0.4
kit-kat-cone-x4-500ml;Kit Kat Cone x4 500ml;£3.00/unit;£0.60/100ml;lollies-bars-cones;160;1.9;21.9;15.6;7.1;5.5;0.5;0.12
klg-crunchy-nut-chocolate-curls-340g;Kellogg's Crunchy Nut Chocolate Curls 340g;£2.50/unit;£0.74/100g;family-cereals;1819432;6;73;40;12;6;4;0.7
km-crustaway-white-bread-400g;Kingsmill Crustaway White Bread 400g;£1.20/unit;£0.30/100g;small-loaves;Per 100g nutrition not found
km-crustaway-white-bread-400g;Kingsmill Crustaway White Bread 400g;£1.20/unit;£0.30/100g;white-bread;Per 100g nutrition not found
koko-long-life-coconut-milk-alternative--chocolate-1l;Koko Coconut Milk Alternative to Dairy Chocolate 1L;£1.50/unit;£1.50/ltr;dairy-alternatives;25461;0.6;11;8;1.9;1.6;0.5;0.06
koko-long-life-coconut-milk-alternative--chocolate-1l;Koko Coconut Milk Alternative to Dairy Chocolate 1L;£1.50/unit;£1.50/ltr;flavoured-milk;25461;0.6;11;8;1.9;1.6;0.5;0.06
koko-long-life-coconut-milk-alternative--chocolate-1l;Koko Coconut Milk Alternative to Dairy Chocolate 1L;£1.50/unit;£1.50/ltr;longer-life-milk;25461;0.6;11;8;1.9;1.6;0.5;0.06
koko-long-life-coconut-milk-alternative--chocolate-1l;Koko Coconut Milk Alternative to Dairy Chocolate 1L;£1.50/unit;£1.50/ltr;soya---dietary-needs;25461;0.6;11;8;1.9;1.6;0.5;0.06
koko-long-life-coconut-milk-alternative-1l;Koko Coconut Milk Alternative to Dairy  1L;£1.50/unit;£1.50/ltr;dairy-alternatives;10627;0.2;1.9;1.6;2.0;1.9;0.1;0.04
koko-long-life-coconut-milk-alternative-1l;Koko Coconut Milk Alternative to Dairy  1L;£1.50/unit;£1.50/ltr;longer-life-milk;10627;0.2;1.9;1.6;2.0;1.9;0.1;0.04
koko-long-life-coconut-milk-alternative-1l;Koko Coconut Milk Alternative to Dairy  1L;£1.50/unit;£1.50/ltr;soya---dietary-needs;10627;0.2;1.9;1.6;2.0;1.9;0.1;0.04
krave-white-chocolate-brownie-375g;Kellogg's Krave White Chocolate Brownie 375g;£2.80/unit;£0.75/100g;kids-cereals;1851440;8;69;30;14;4.5;3;0.75
kruger-chai-latte-classic-india-250g;Kruger Chai Latte Classic India 250g;£2.25/unit;£0.90/100g;instant-coffee;437;6.8;70.0;68.8;14.3;14.0;0.4;0.7
la-boulangere-brioche-bun-with-chocolate-chunks-x8;La Boulangere Brioche Bun with Chocolate Chunks x8;£2.00/unit;£0.25/ea;croissants-brioche-pastries;1519362;77;491;185;145;97;-1;09
la-boulangere-choc-chip-spiralos-x6;La Boulangere Choc Chip Spiralos x6;£1.60/unit;£0.27/ea;croissants-brioche-pastries;2941240;7.1;47.5;19.2;8.0;2.5;-1;0.6
la-boulangere-pains-au-choc-x6;La Boulangere Pains Au Choc x6;£1.50/unit;£0.25/ea;croissants-brioche-pastries;-1;68;451;127;229;119;-1;08
la-boulangere-raisin-swirls-x6;La Boulangere Raisin Swirls x6;£1.60/unit;£0.20/ea;croissants-brioche-pastries;1206286;6.8;48.9;18.6;6.6;1.0;-1;0.69
la-boulangere-whaou-chocolatines-x8;La Boulangere Whaou Chocolatines x8;£1.50/unit;£0.19/ea;croissants-brioche-pastries;-1;69;48;153;233;16;-1;084
la-rochelle-black-pepper-croutons-150g;La Rochelle Black Pepper Croutons 150g;£1.20/unit;£0.80/100g;dressings-coleslaw-accompaniments;-1;12.0;67.9;3.7;12.9;1.0;4.3;0.8
la-rochelle-black-pepper-croutons-150g;La Rochelle Black Pepper Croutons 150g;£1.20/unit;£0.80/100g;fresh-soups;-1;12.0;67.9;3.7;12.9;1.0;4.3;0.8
la-rochelle-cheddar-onion-croutons-150g;La Rochelle Cheddar & Onion Croutons 150g;£1.20/unit;£0.80/100g;dressings-coleslaw-accompaniments;-1;12.1;64.0;3.7;14.4;1.59;4.5;1.2
la-rochelle-cheddar-onion-croutons-150g;La Rochelle Cheddar & Onion Croutons 150g;£1.20/unit;£0.80/100g;fresh-soups;-1;12.1;64.0;3.7;14.4;1.59;4.5;1.2
la-rochelle-chilli-garlic-crouton-150g;La Rochelle Chilli & Garlic Crouton 150g;£1.20/unit;£0.80/100g;dressings-coleslaw-accompaniments;-1;13.7;66.5;4.3;10.2;1.0;5.3;1.0
la-rochelle-chilli-garlic-crouton-150g;La Rochelle Chilli & Garlic Crouton 150g;£1.20/unit;£0.80/100g;fresh-soups;-1;13.7;66.5;4.3;10.2;1.0;5.3;1.0
lactofree-cream-250ml;Lactofree Cream 250ml;£1.10/unit;£0.44/100ml;fresh-cream-custard;1440350;1.6;2.8;1.9;36.9;24.7;-1;0.1
lactofree-mature-cheddar-200g;Lactofree Mature Cheddar 200g;£1.80/unit;£9.00/kg;cheddar-british-regional-cheese;-1;25.5;0.1;0.1;32;20.8;-1;1.8
lactofree-mature-cheddar-200g;Lactofree Mature Cheddar 200g;£1.80/unit;£9.00/kg;healthier-choice-special-diet-cheese;-1;25.5;0.1;0.1;32;20.8;-1;1.8
lactofree-semi-skimmed-dairy-drink-1l;Lactofree Semi Skimmed 1L;£1.35/unit;£1.35/ltr;drinks-fresh-milk;16040;3.6;3.0;3.0;1.5;0.9;-1;0.1
lactofree-semi-skimmed-dairy-drink-1l;Lactofree Semi Skimmed 1L;£1.35/unit;£1.35/ltr;fresh-milk;16040;3.6;3.0;3.0;1.5;0.9;-1;0.1
lactofree-semi-skimmed-dairy-drink-1l;Lactofree Semi Skimmed 1L;£1.35/unit;£1.35/ltr;soya---dietary-needs;16040;3.6;3.0;3.0;1.5;0.9;-1;0.1
lactofree-skimmed-milk-1l;Lactofree Skimmed 1L;£1.35/unit;£1.35/ltr;drinks-fresh-milk;-1;3.8;3.6;2.6;0.4;0.3;-1;0.1
lactofree-skimmed-milk-1l;Lactofree Skimmed 1L;£1.35/unit;£1.35/ltr;fresh-milk;-1;3.8;3.6;2.6;0.4;0.3;-1;0.1
lactofree-skimmed-milk-1l;Lactofree Skimmed 1L;£1.35/unit;£1.35/ltr;soya---dietary-needs;-1;3.8;3.6;2.6;0.4;0.3;-1;0.1
lactofree-soft-white-cheese-200g;Lactofree Soft White Cheese 200g;£1.30/unit;£6.50/kg;healthier-choice-special-diet-cheese;816197;8.6;3.0;3.0;16.5;10.5;-1;0.8
lactofree-soft-white-cheese-200g;Lactofree Soft White Cheese 200g;£1.30/unit;£6.50/kg;snacking-lunchbox-cheese;816197;8.6;3.0;3.0;16.5;10.5;-1;0.8
lactofree-spreadable-250g;Lactofree Spreadable 250g;£1.60/unit;£6.40/kg;butter;2792679;0.5;0.5;0.5;75.0;35.0;-1;1.2
lactofree-spreadable-250g;Lactofree Spreadable 250g;£1.60/unit;£6.40/kg;spreads;2792679;0.5;0.5;0.5;75.0;35.0;-1;1.2
lactofree-strawberry---raspberry-4x125g;Lactofree Yoghurt Strawberry & Raspberry 4x125g;£1.60/unit;£0.32/100g;soya-dairy-alternatives-yogurts;437104;3.3;16.5;11.9;2.7;1.7;0.7;0.08
lactofree-whole-milk-1l;Lactofree Whole 1L;£1.35/unit;£1.35/ltr;drinks-fresh-milk;23957;3.4;2.8;2.8;3.5;2.2;-1;0.1
lactofree-whole-milk-1l;Lactofree Whole 1L;£1.35/unit;£1.35/ltr;fresh-milk;23957;3.4;2.8;2.8;3.5;2.2;-1;0.1
lactofree-whole-milk-1l;Lactofree Whole 1L;£1.35/unit;£1.35/ltr;soya---dietary-needs;23957;3.4;2.8;2.8;3.5;2.2;-1;0.1
laimon-fresh-15l;Laimon Fresh Sparkling Lemon, Lime & Mint Drink 1.5L;£1.50/unit;£0.10/100ml;fruit-flavoured;20047.2;0;11.8;-1;0;-1;-1;-1
laimon-fresh-15l;Laimon Fresh Sparkling Lemon, Lime & Mint Drink 1.5L;£1.50/unit;£0.10/100ml;lemonade;20047.2;0;11.8;-1;0;-1;-1;-1
laimon-fresh-6x330ml;Laimon Fresh Sparkling Lemon, Lime & Mint Drink 6x330ml;£4.00/unit;£0.20/100ml;fruit-flavoured;Per 100g nutrition not found
laimon-fresh-6x330ml;Laimon Fresh Sparkling Lemon, Lime & Mint Drink 6x330ml;£4.00/unit;£0.20/100ml;lemonade;Per 100g nutrition not found
lake-district-vanilla-quark-250g;Lake District Vanilla Quark 250g;£1.00/unit;£4.00/kg;cooking-baking;96;8.9;14.1;12.3;0.4;0.3;-1;0.10
lake-district-vanilla-quark-250g;Lake District Vanilla Quark 250g;£1.00/unit;£4.00/kg;cottage-cheese---healthier-choice;96;8.9;14.1;12.3;0.4;0.3;-1;0.10
lake-district-vanilla-quark-250g;Lake District Vanilla Quark 250g;£1.00/unit;£4.00/kg;healthier-choice-special-diet-cheese;96;8.9;14.1;12.3;0.4;0.3;-1;0.10
lakeland-bake-pikelets-x6;Lakeland Bake Pikelets x6;£0.60/unit;£0.10/ea;crumpets-breakfast-muffins-pancakes;211;7.1;45.2;4.8;0.6;0.2;1.7;0.44;1.10
lakeland-bake-teddy-bear-crumpets-x6;Lakeland Bake Teddy Bear Crumpets x6;£1.00/unit;£0.17/ea;crumpets-breakfast-muffins-pancakes;186;6.1;37.6;1.1;0.5;0.2;3.4;0.53
laughing-cow-cheese-triangles--light-x8-140g;Laughing Cow Cheese Triangles, Light x8 140g;£1.35/unit;£9.64/kg;healthier-choice-special-diet-cheese;620147;15;6;6;7;4.7;-1;1.5
laughing-cow-cheese-triangles--light-x8-140g;Laughing Cow Cheese Triangles, Light x8 140g;£1.35/unit;£9.64/kg;snacking-lunchbox-cheese;620147;15;6;6;7;4.7;-1;1.5
laughing-cow-cheese-triangles--light-x8-140g;Laughing Cow Cheese Triangles, Light x8 140g;£1.35/unit;£9.64/kg;soft---spreadable;620147;15;6;6;7;4.7;-1;1.5
laughing-cow-cheese-triangles-x8-140g;Laughing Cow Cheese Triangles x8 140g;£1.35/unit;£9.64/kg;snacking-lunchbox-cheese;990239;11.5;6.5;6.5;18.5;12.5;-1;1.8
laughing-cow-cheese-triangles-x8-140g;Laughing Cow Cheese Triangles x8 140g;£1.35/unit;£9.64/kg;soft---spreadable;990239;11.5;6.5;6.5;18.5;12.5;-1;1.8
leerdammer-lightlife-slices-160g;Leerdammer Light Slices 160g;£1.75/unit;£10.94/kg;sliced-grated-cheese;Per 100g nutrition not found
leerdammer-original-slices-160g;Leerdammer Original Slices 160g;£1.75/unit;£10.94/kg;sliced-grated-cheese;Per 100g nutrition not found
leerdammer-toastie-slices-150g;Leerdammer Toastie Slices 150g;£1.90/unit;£12.67/kg;sliced-grated-cheese;1460352;21.5;0.1;0.1;29.5;20;-1;1.6
lemon-meringue-doughnuts-x12;Sainsbury's Lemon Meringue Doughnuts x12;£2.50/unit;£0.21/ea;easter-treats;422;5.0;48.3;23.2;22.7;11.5;2.3;0.22
levi-roots-caribbean-crush-2l;Levi Roots Caribbean Crush 2L;£1.00/unit;£0.05/100ml;fruit-flavoured;14735;0.5;8.4;8.4;0;0;-1;0.01
levi-roots-mango---pineapple-drink-2l;Levi Roots Drink, Tropical 2L;£1.00/unit;£0.05/100ml;fruit-flavoured;10625;0.5;6.4;6.3;0;0;-1;0.01
liberte-greek-style-blueberry-yog-4x100g;Liberte Greek Style 0% Fat Blueberry Yogurt 4x100g;£2.00/unit;£0.50/100g;diet-low-fat-yogurts;84;7.7;11.8;11.4;0.1;0.1;0.5;0.12
liberte-greek-style-blueberry-yog-4x100g;Liberte Greek Style 0% Fat Blueberry Yogurt 4x100g;£2.00/unit;£0.50/100g;natural-greek-yogurts;84;7.7;11.8;11.4;0.1;0.1;0.5;0.12
liberte-greek-style-low-fat-honey-yogurt-4x100g;Liberte Greek Style Low Fat Honey Yogurt 4x100g;£2.00/unit;£0.50/100g;diet-low-fat-yogurts;91;7.7;13.9;13.2;0.1;0.1;0.1;0.15
liberte-greek-style-low-fat-honey-yogurt-4x100g;Liberte Greek Style Low Fat Honey Yogurt 4x100g;£2.00/unit;£0.50/100g;natural-greek-yogurts;91;7.7;13.9;13.2;0.1;0.1;0.1;0.15
liberte-greek-style-natural-yogurt-500g;Liberte Greek Style 0% Fat Natural Yogurt 500g;£2.20/unit;£0.44/100g;big-pots-pouring-yogurts;58;9.6;3.6;3.6;0.1;0.1;0.1;0.14
liberte-greek-style-natural-yogurt-500g;Liberte Greek Style 0% Fat Natural Yogurt 500g;£2.20/unit;£0.44/100g;diet-low-fat-yogurts;58;9.6;3.6;3.6;0.1;0.1;0.1;0.14
liberte-greek-style-natural-yogurt-500g;Liberte Greek Style 0% Fat Natural Yogurt 500g;£2.20/unit;£0.44/100g;natural-greek-yogurts;58;9.6;3.6;3.6;0.1;0.1;0.1;0.14
liberte-greek-style-strwberry-yog-4x100g;Liberte Greek Style 0% Fat Strawberry Yogurt 4x100g;£2.00/unit;£0.50/100g;diet-low-fat-yogurts;83;7.8;11.8;11.4;0.1;0.1;0.2;0.12
liberte-greek-style-strwberry-yog-4x100g;Liberte Greek Style 0% Fat Strawberry Yogurt 4x100g;£2.00/unit;£0.50/100g;natural-greek-yogurts;83;7.8;11.8;11.4;0.1;0.1;0.2;0.12
lick-fat-free-banana---honey-frozen-yogurt-500ml;Lick Fat-free Banana & Honey Frozen Yogurt 500ml;£4.00/unit;£0.80/100ml;frozen-yogurt-sorbet;32783;3;17;-1;0;-1;-1;-1
lilt-2l;Lilt 2L;£1.85/unit;£0.09/100ml;fruit-flavoured;Per 100g nutrition not found
lilt-pineapple---grapefruit--zero-2l;Lilt Pineapple & Grapefruit, Zero 2L;£1.85/unit;£0.09/100ml;diet-sugar-free-fizzy-drinks;Per 100g nutrition not found
lilt-pineapple---grapefruit--zero-2l;Lilt Pineapple & Grapefruit, Zero 2L;£1.85/unit;£0.09/100ml;fruit-flavoured;Per 100g nutrition not found
lilt-pineapple---grapefruit--zero-6x330ml;Lilt Pineapple & Grapefruit, Zero 6x330ml;£3.20/unit;£0.16/100ml;diet-sugar-free-fizzy-drinks;3;0;0.3;0.3;0;0;-1;0.03
lilt-pineapple---grapefruit--zero-6x330ml;Lilt Pineapple & Grapefruit, Zero 6x330ml;£3.20/unit;£0.16/100ml;fruit-flavoured;3;0;0.3;0.3;0;0;-1;0.03
lilt-pineapple---grapefruit-6x330ml;Lilt Pineapple & Grapefruit 6x330ml;£3.20/unit;£0.16/100ml;fruit-flavoured;20;-1;4.6;4.6;0;0;0;0
linda-mcartney-deep-dish-country-pie-380g;Linda Mcartney Deep Dish Country Pie 380g;£2.00/unit;£5.26/kg;meat-free-vegetarian;245;5.6;23.9;2.3;13.5;5.9;2.8;1.0
linda-mccartney-1-4lb-burger-227g;Linda McCartney Quarter Pounder Burger 227g;£2.00/unit;£8.81/kg;meat-free-vegetarian;225;20.3;4.9;1.2;12.6;0.9;5.3;1.2
linda-mccartney-chana-masala-vegetable-cakes-280g;Linda McCartney Chana Masala Vegetable Cakes 280g;£2.60/unit;£9.29/kg;indian-ready-meals;235;7.4;21.3;2.2;12.3;4.0;4.9;0.58
linda-mccartney-chana-masala-vegetable-cakes-280g;Linda McCartney Chana Masala Vegetable Cakes 280g;£2.60/unit;£9.29/kg;potato-vegetable-side-dishes;235;7.4;21.3;2.2;12.3;4.0;4.9;0.58
linda-mccartney-chana-masala-vegetable-cakes-280g;Linda McCartney Chana Masala Vegetable Cakes 280g;£2.60/unit;£9.29/kg;vegetarian-meat-free-ready-meals;235;7.4;21.3;2.2;12.3;4.0;4.9;0.58
linda-mccartney-cheese--leeks---red-onion-plaits-340g;Linda McCartney Cheese, Leeks & Red Onion Plaits 340g;£2.00/unit;£5.88/kg;meat-free-vegetarian;290;6.5;24.6;2.2;17.7;9.5;3.3;1.1
linda-mccartney-chilled-meat-free-kiev-290g;Linda McCartney Chilled Meat Free Kiev 290g;£2.60/unit;£8.97/kg;deli-meat-alternatives;220;3.8;28.7;4.5;9.3;3.2;3.0;0.78
linda-mccartney-chilled-vegetarian-meatballs-240g;Linda McCartney Chilled Vegetarian Meatballs 240g;£2.60/unit;£10.83/kg;deli-meat-alternatives;229;21.1;7.4;3.1;11.6;0.9;5.4;1.0
linda-mccartney-lentil-cottage-pie-400g;Linda McCartney Lentil Cottage Pie 400g;£2.60/unit;£6.50/kg;british-ready-meals;94;2.8;13.5;2.7;2.6;1.0;2.5;0.4
linda-mccartney-lentil-cottage-pie-400g;Linda McCartney Lentil Cottage Pie 400g;£2.60/unit;£6.50/kg;meals-for-1-ready-meals;94;2.8;13.5;2.7;2.6;1.0;2.5;0.4
linda-mccartney-lentil-cottage-pie-400g;Linda McCartney Lentil Cottage Pie 400g;£2.60/unit;£6.50/kg;vegetarian-meat-free-ready-meals;94;2.8;13.5;2.7;2.6;1.0;2.5;0.4
linda-mccartney-lentil-cottage-pie-400g;Linda McCartney Lentil Cottage Pie 400g;£2.60/unit;£6.50/kg;vegetarian-ready-meals;94;2.8;13.5;2.7;2.6;1.0;2.5;0.4
linda-mccartney-mozzarella-burger-227g;Linda McCartney Mozzarella Burger 227g;£2.00/unit;£8.81/kg;meat-free-vegetarian;277;24.6;4.1;1.7;16.3;2.2;8.0;1.5
linda-mccartney-original-sausages-300g;Linda McCartney Original Sausages 300g;£1.00/unit;£3.34/kg;meat-free-vegetarian;202;22.5;8.3;2.6;8.8;3.6;1.6;1.8
linda-mccartney-rosemary-vegetarian-sausages-x6-300g;Linda McCartney Rosemary Vegetarian Sausages x6 300g;£2.00/unit;£6.67/kg;meat-free-vegetarian;143;18.0;6.9;3.5;3.4;0.4;6.4;1.6
linda-mccartney-sausage-roll-342g;Linda McCartney Sausage Roll 342g;£1.70/unit;£4.97/kg;meat-free-vegetarian;317;11.3;26.6;2.3;17.6;7.7;3.6;1.1
linda-mccartney-vegetarian-sausages-300g;Linda McCartney Vegetarian Sausages 300g;£2.60/unit;£8.67/kg;deli-meat-alternatives;168;18.2;8.7;1.1;6.0;2.1;3.0;1.3
lindt-lindor-assorted-chocolate-truffles-337g;Lindt Lindor Chocolate Truffles Assorted 337g;£7.00/unit;£2.08/100g;chocolate;2630634;46;40;37;50;35;-1;011
lindt-lindor-milk-chocolate-200g;Lindt Lindor Chocolate Truffles Milk 200g;£4.50/unit;£2.25/100g;chocolate;2574620;4.9;43;40;48;34;-1;0.15
lindt-lindor-milk-chocolate-337g;Lindt Lindor Chocolate Truffles Milk 337g;£7.00/unit;£2.08/100g;chocolate;2574620;49;43;40;48;34;-1;015
lindt-lindor-milk-chocolate-50g;Lindt Lindor Chocolate Truffles Milk 50g;£1.50/unit;£3.00/100g;chocolate;2589623;4.9;44;43;47;35;-1;0.23
lindt-lindor-milk-chocolate-eggs-with-a-smooth-melting-filling-5x18g;Lindt Lindor Milk Chocolate Eggs with a Smooth Melting Filling 5x18g;£2.40/unit;£2.67/100g;chocolate;2625633;4.8;42;41;49;38;-1;0.11
lipton-ice-tea-lemon-125l;Lipton Ice Tea Lemon 1.25L;£1.60/unit;£0.13/100ml;adult-soft-drinks;Per 100g nutrition not found
lipton-ice-tea-lemon-125l;Lipton Ice Tea Lemon 1.25L;£1.60/unit;£0.13/100ml;still-fruit-drinks;Per 100g nutrition not found
lipton-ice-tea-lemon-500ml;Lipton Ice Tea Lemon 500ml;£1.25/unit;£0.25/100ml;adult-soft-drinks;Per 100g nutrition not found
lipton-ice-tea-lemon-500ml;Lipton Ice Tea Lemon 500ml;£1.25/unit;£0.25/100ml;still-fruit-drinks;Per 100g nutrition not found
lipton-ice-tea-peach-125l;Lipton Ice Tea Peach 1.25L;£1.60/unit;£0.13/100ml;adult-soft-drinks;Per 100g nutrition not found
lipton-ice-tea-peach-125l;Lipton Ice Tea Peach 1.25L;£1.60/unit;£0.13/100ml;still-fruit-drinks;Per 100g nutrition not found
lipton-ice-tea-peach-500ml;Lipton Ice Tea Peach 500ml;£1.25/unit;£0.25/100ml;adult-soft-drinks;Per 100g nutrition not found
lipton-ice-tea-peach-500ml;Lipton Ice Tea Peach 500ml;£1.25/unit;£0.25/100ml;still-fruit-drinks;Per 100g nutrition not found
little-cracker-blkcrrt---cherry-3x250ml;Little Crackers Drinks Co Blackcurrant & Cherry Juice 3x250ml;£1.50/unit;£0.25/100ml;longer-life-juice;35;0.1;8.3;7.9;0;0;0;
little-cracker-pear---vanilla-3x250ml;Little Cracker Pear & Vanilla 3x200ml;£1.50/unit;£0.25/100ml;longer-life-juice;33;0.1;8.1;7.2;0;0;0.1;
little-miracles-green-tea-330ml;Little Miracles Green Tea 330ml;£1.45/unit;£0.44/100ml;adult-soft-drinks;11226;0;6.3;6.2;0;0;-1;0
little-miracles-green-tea-330ml;Little Miracles Green Tea 330ml;£1.45/unit;£0.44/100ml;still-fruit-drinks;11226;0;6.3;6.2;0;0;-1;0
little-miracles-green-tea-330ml;Little Miracles Green Tea 330ml;£1.45/unit;£0.44/100ml;vitamins-health-drinks;11226;0;6.3;6.2;0;0;-1;0
little-miracles-lemongrass--orange---ginger-tea-330ml;Little Miracles Lemongrass, Orange & Ginger Tea 330ml;£1.45/unit;£0.44/100ml;adult-soft-drinks;11226;0;5.9;5.9;0;0;-1;0
little-miracles-lemongrass--orange---ginger-tea-330ml;Little Miracles Lemongrass, Orange & Ginger Tea 330ml;£1.45/unit;£0.44/100ml;still-fruit-drinks;11226;0;5.9;5.9;0;0;-1;0
little-miracles-lemongrass--orange---ginger-tea-330ml;Little Miracles Lemongrass, Orange & Ginger Tea 330ml;£1.45/unit;£0.44/100ml;vitamins-health-drinks;11226;0;5.9;5.9;0;0;-1;0
little-miracles-white-tea-330ml;Little Miracles White Tea 330ml;£1.45/unit;£0.44/100ml;adult-soft-drinks;11327;0;6.4;6.3;0;0;-1;0
little-miracles-white-tea-330ml;Little Miracles White Tea 330ml;£1.45/unit;£0.44/100ml;still-fruit-drinks;11327;0;6.4;6.3;0;0;-1;0
little-miracles-white-tea-330ml;Little Miracles White Tea 330ml;£1.45/unit;£0.44/100ml;vitamins-health-drinks;11327;0;6.4;6.3;0;0;-1;0
livesey-brothers-fresh-exotic-mushrooms-buna-shimeji-mushrooms;Livesy Brothers Buna Shimeji Mushrooms 150g;£2.00/unit;£13.33/kg;fresh-vegetables-stir-fry;39;2.7;5.9;-1;0.4;-1;-1;-1
livesey-brothers-fresh-exotic-mushrooms-buna-shimeji-mushrooms;Livesy Brothers Buna Shimeji Mushrooms 150g;£2.00/unit;£13.33/kg;fresh-vegetables-world-exotic;39;2.7;5.9;-1;0.4;-1;-1;-1
livesey-brothers-fresh-exotic-mushrooms-buna-shimeji-mushrooms;Livesy Brothers Buna Shimeji Mushrooms 150g;£2.00/unit;£13.33/kg;mushrooms;39;2.7;5.9;-1;0.4;-1;-1;-1
livesey-brothers-fresh-exotic-mushrooms-enoki-mushrooms;Livesy Brothers Enoki Mushrooms 160g;£2.00/unit;£12.50/kg;fresh-vegetables-stir-fry;48;2.6;8.7;-1;0.3;-1;-1;-1
livesey-brothers-fresh-exotic-mushrooms-enoki-mushrooms;Livesy Brothers Enoki Mushrooms 160g;£2.00/unit;£12.50/kg;fresh-vegetables-world-exotic;48;2.6;8.7;-1;0.3;-1;-1;-1
livesey-brothers-fresh-exotic-mushrooms-enoki-mushrooms;Livesy Brothers Enoki Mushrooms 160g;£2.00/unit;£12.50/kg;mushrooms;48;2.6;8.7;-1;0.3;-1;-1;-1
livesey-brothers-fresh-exotic-mushrooms-shiro-shimeji-mushrooms;Livesy Brothers Shiro Shimeji Mushrooms 150g;£2.00/unit;£13.33/kg;fresh-vegetables-stir-fry;47;2.7;7.2;-1;0.9;-1;-1;-1
livesey-brothers-fresh-exotic-mushrooms-shiro-shimeji-mushrooms;Livesy Brothers Shiro Shimeji Mushrooms 150g;£2.00/unit;£13.33/kg;fresh-vegetables-world-exotic;47;2.7;7.2;-1;0.9;-1;-1;-1
livesey-brothers-fresh-exotic-mushrooms-shiro-shimeji-mushrooms;Livesy Brothers Shiro Shimeji Mushrooms 150g;£2.00/unit;£13.33/kg;mushrooms;47;2.7;7.2;-1;0.9;-1;-1;-1
livwell-english-muffins-x4-180g;Livwell English Muffins x4 180g;£2.19/unit;£1.22/100g;crumpets-breakfast-muffins-pancakes;1270300;4.1;50.1;4.2;8.3;0.1;5.1;300;0.8
lizzis-on-the-go-granola-original-47g;Lizi's On The Go Granola Original 47g;£1.00/unit;£2.13/100g;on-the-go;2135508;13.0;45.2;14.3;29.0;9.1;9.2;0.24
lizzis-on-the-go-treacle---pecan-granola-47g;Lizi's On The Go Treacle & Pecan Granola 47g;£1.00/unit;£2.13/100g;on-the-go;2099500;12.3;46.8;16.6;27.5;8.6;9.5;0.24
lmc-celebration-roast-500g;Linda Mcartney Celebration Roast 500g;£4.00/unit;£8.00/kg;meat-free-vegetarian;189;15.2;12.3;6.1;8.1;0.7;3.1;0.98
lo-col-195g;Lo-col Mature Cheddar 195g;£2.30/unit;£11.79/kg;cheddar-british-regional-cheese;Per 100g nutrition not found
lo-col-195g;Lo-col Mature Cheddar 195g;£2.30/unit;£11.79/kg;cottage-cheese---healthier-choice;Per 100g nutrition not found
lo-col-195g;Lo-col Mature Cheddar 195g;£2.30/unit;£11.79/kg;healthier-choice-special-diet-cheese;Per 100g nutrition not found
loose-new-potatoes-taste-the-difference;Sainsbury's Loose New Potatoes, Taste the Difference;£3.00/kg;£3.00/kg;baby-vegetables;67;1.4;14;0.9;0.5;0.1;1.5;100;0.03
loose-new-potatoes-taste-the-difference;Sainsbury's Loose New Potatoes, Taste the Difference;£3.00/kg;£3.00/kg;fruit-vegetables-organic-taste-the-difference;67;1.4;14;0.9;0.5;0.1;1.5;100;0.03
loose-new-potatoes-taste-the-difference;Sainsbury's Loose New Potatoes, Taste the Difference;£3.00/kg;£3.00/kg;potatoes;67;1.4;14;0.9;0.5;0.1;1.5;100;0.03
lotus-caram-spread-crunchy-380g;Lotus Caramelised Crunchy Biscuit Spread 380g;£2.25/unit;£0.59/100g;chocolate-sweet-spreads;Per 100g nutrition not found
lotus-caram-spread-smooth-400g;Lotus Caramelised Smooth Biscuit Spread 400g;£2.25/unit;£0.56/100g;chocolate-sweet-spreads;Per 100g nutrition not found
low-low-10-burger-slices-200g;Low Low 10 Burger Slices 200g;£1.50/unit;£7.50/kg;cottage-cheese---healthier-choice;754181;14.5;8.2;7.2;10;4.7;0;1.1;2.8
low-low-10-burger-slices-200g;Low Low 10 Burger Slices 200g;£1.50/unit;£7.50/kg;sliced-grated-cheese;754181;14.5;8.2;7.2;10;4.7;0;1.1;2.8
low-low-10-burger-slices-200g;Low Low 10 Burger Slices 200g;£1.50/unit;£7.50/kg;snacking-lunchbox-cheese;754181;14.5;8.2;7.2;10;4.7;0;1.1;2.8
lowlow-chicken---chorizo-paella-320g;LowLow Chicken & Chorizo Paella 320g;£2.00/unit;£6.25/kg;frozen-healthier-meals;104;5.6;17.1;2.9;1.2;0.4;1.2;0.5
lowlow-chicken---chorizo-paella-320g;LowLow Chicken & Chorizo Paella 320g;£2.00/unit;£6.25/kg;frozen-ready-meals;104;5.6;17.1;2.9;1.2;0.4;1.2;0.5
lowlow-chicken-tikka-masala-320g;LowLow Chicken Tikka Masala 320g;£1.50/unit;£4.69/kg;frozen-healthier-meals;102;4.8;17.1;3.3;1.4;0.7;0.9;0.4
lowlow-chicken-tikka-masala-320g;LowLow Chicken Tikka Masala 320g;£1.50/unit;£4.69/kg;frozen-ready-meals;102;4.8;17.1;3.3;1.4;0.7;0.9;0.4
lowlow-chicken-tomato---basil-pasta-320g;LowLow Chicken Tomato & Basil Pasta 320g;£1.50/unit;£4.69/kg;frozen-healthier-meals;92;5.3;15.7;3.0;0.7;0.3;0.8;0.5
lowlow-chicken-tomato---basil-pasta-320g;LowLow Chicken Tomato & Basil Pasta 320g;£1.50/unit;£4.69/kg;frozen-ready-meals;92;5.3;15.7;3.0;0.7;0.3;0.8;0.5
lowlow-cracked-black-pepper-cheese-spread-125g;Low Low Cracked Black Pepper Cheese Spread 125g;£1.65/unit;£13.20/kg;cottage-cheese---healthier-choice;861207;13;5;5;15;9.5;0;0.9
lowlow-cracked-black-pepper-cheese-spread-125g;Low Low Cracked Black Pepper Cheese Spread 125g;£1.65/unit;£13.20/kg;snacking-lunchbox-cheese;861207;13;5;5;15;9.5;0;0.9
lowlow-mature-cheddar-cheese-spread-125g;Low Low Mature Cheddar Cheese Spread 125g;£1.65/unit;£13.20/kg;cottage-cheese---healthier-choice;861207;13;5;5;15;9.5;0;0.9
lowlow-mature-cheddar-cheese-spread-125g;Low Low Mature Cheddar Cheese Spread 125g;£1.65/unit;£13.20/kg;snacking-lunchbox-cheese;861207;13;5;5;15;9.5;0;0.9
lowlow-snack-pack-caramelised-onion-65g;Low Low Snack Pack Caramelised Onion 65g;£1.50/unit;£23.08/kg;cottage-cheese---healthier-choice;1206287;15.4;35.4;25.1;9.3;5.3;2.7;0.8;1.94
lowlow-snack-pack-caramelised-onion-65g;Low Low Snack Pack Caramelised Onion 65g;£1.50/unit;£23.08/kg;snacking-lunchbox-cheese;1206287;15.4;35.4;25.1;9.3;5.3;2.7;0.8;1.94
lowlow-snack-pack-sweet-tomato-65g;Low Low Snack Pack Sweet Tomato 65g;£1.50/unit;£23.08/kg;cottage-cheese---healthier-choice;1035247;16.2;23.1;9.0;10.5;6.2;2.6;0.5;1.29
lowlow-snack-pack-sweet-tomato-65g;Low Low Snack Pack Sweet Tomato 65g;£1.50/unit;£23.08/kg;snacking-lunchbox-cheese;1035247;16.2;23.1;9.0;10.5;6.2;2.6;0.5;1.29
lowlow-sweet---sour-chicken-320g;LowLow Sweet & Sour Chicken 320g;£1.50/unit;£4.69/kg;frozen-healthier-meals;86;4.3;15.7;3.6;0.5;0.2;0.5;0.5
lowlow-sweet---sour-chicken-320g;LowLow Sweet & Sour Chicken 320g;£1.50/unit;£4.69/kg;frozen-ready-meals;86;4.3;15.7;3.6;0.5;0.2;0.5;0.5
lucozade-energy-6x380ml-caribbean-crush;Lucozade Energy Caribbean Crush 6x380ml;£3.70/unit;£0.16/100ml;energy-drinks;Per 100g nutrition not found
lucozade-energy-6x380ml-caribbean-crush;Lucozade Energy Caribbean Crush 6x380ml;£3.70/unit;£0.16/100ml;sports-drinks;Per 100g nutrition not found
lucozade-energy-6x380ml-caribbean-crush;Lucozade Energy Caribbean Crush 6x380ml;£3.70/unit;£0.16/100ml;sports-energy-drinks;Per 100g nutrition not found
lucozade-energy-caribbean-crush-1l;Lucozade Energy Caribbean Crush 1L;£1.00/unit;£0.10/100ml;energy-drinks;Per 100g nutrition not found
lucozade-energy-caribbean-crush-1l;Lucozade Energy Caribbean Crush 1L;£1.00/unit;£0.10/100ml;sports-drinks;Per 100g nutrition not found
lucozade-energy-caribbean-crush-1l;Lucozade Energy Caribbean Crush 1L;£1.00/unit;£0.10/100ml;sports-energy-drinks;Per 100g nutrition not found
lucozade-energy-cherry-6x380ml;Lucozade Energy Cherry 6x380ml;£3.70/unit;£0.16/100ml;energy-drinks;Per 100g nutrition not found
lucozade-energy-cherry-6x380ml;Lucozade Energy Cherry 6x380ml;£3.70/unit;£0.16/100ml;fruit-flavoured;Per 100g nutrition not found
lucozade-energy-cherry-6x380ml;Lucozade Energy Cherry 6x380ml;£3.70/unit;£0.16/100ml;sports-drinks;Per 100g nutrition not found
lucozade-energy-cherry-6x380ml;Lucozade Energy Cherry 6x380ml;£3.70/unit;£0.16/100ml;sports-energy-drinks;Per 100g nutrition not found
lucozade-energy-cloudy-lemonade-1l;Lucozade Energy Cloudy Lemonade 1L;£1.00/unit;£0.10/100ml;energy-drinks;Per 100g nutrition not found
lucozade-energy-cloudy-lemonade-1l;Lucozade Energy Cloudy Lemonade 1L;£1.00/unit;£0.10/100ml;sports-energy-drinks;Per 100g nutrition not found
lucozade-energy-cloudy-lemonade-500ml;Lucozade Energy Cloudy Lemonade 500ml;£1.25/unit;£0.25/100ml;energy-drinks;Per 100g nutrition not found
lucozade-energy-cloudy-lemonade-500ml;Lucozade Energy Cloudy Lemonade 500ml;£1.25/unit;£0.25/100ml;sports-energy-drinks;Per 100g nutrition not found
lucozade-energy-cloudy-lemonade-6-x-380ml;Lucozade Energy Cloudy Lemonade 6 x 380ml;£3.70/unit;£0.16/100ml;energy-drinks;Per 100g nutrition not found
lucozade-energy-cloudy-lemonade-6-x-380ml;Lucozade Energy Cloudy Lemonade 6 x 380ml;£3.70/unit;£0.16/100ml;sports-energy-drinks;Per 100g nutrition not found
lucozade-energy-drink-orange-x6-380ml;Lucozade Energy Orange x6 380ml;£3.70/unit;£0.16/100ml;energy-drinks;Per 100g nutrition not found
lucozade-energy-drink-orange-x6-380ml;Lucozade Energy Orange x6 380ml;£3.70/unit;£0.16/100ml;fruit-flavoured;Per 100g nutrition not found
lucozade-energy-drink-orange-x6-380ml;Lucozade Energy Orange x6 380ml;£3.70/unit;£0.16/100ml;sports-drinks;Per 100g nutrition not found
lucozade-energy-drink-orange-x6-380ml;Lucozade Energy Orange x6 380ml;£3.70/unit;£0.16/100ml;sports-energy-drinks;Per 100g nutrition not found
lucozade-energy-drink-original-x6-380ml;Lucozade Energy Original x6 380ml;£3.70/unit;£0.16/100ml;energy-drinks;Per 100g nutrition not found
lucozade-energy-drink-original-x6-380ml;Lucozade Energy Original x6 380ml;£3.70/unit;£0.16/100ml;fruit-flavoured;Per 100g nutrition not found
lucozade-energy-drink-original-x6-380ml;Lucozade Energy Original x6 380ml;£3.70/unit;£0.16/100ml;sports-drinks;Per 100g nutrition not found
lucozade-energy-drink-original-x6-380ml;Lucozade Energy Original x6 380ml;£3.70/unit;£0.16/100ml;sports-energy-drinks;Per 100g nutrition not found
lucozade-energy-orange-500ml;Lucozade Energy Orange 500ml;£1.25/unit;£0.25/100ml;energy-drinks;Per 100g nutrition not found
lucozade-energy-orange-500ml;Lucozade Energy Orange 500ml;£1.25/unit;£0.25/100ml;fruit-flavoured;Per 100g nutrition not found
lucozade-energy-orange-500ml;Lucozade Energy Orange 500ml;£1.25/unit;£0.25/100ml;sports-energy-drinks;Per 100g nutrition not found
lucozade-energy-original-500ml;Lucozade Energy Original 500ml;£1.25/unit;£0.25/100ml;energy-drinks;Per 100g nutrition not found
lucozade-energy-original-500ml;Lucozade Energy Original 500ml;£1.25/unit;£0.25/100ml;fruit-flavoured;Per 100g nutrition not found
lucozade-energy-original-500ml;Lucozade Energy Original 500ml;£1.25/unit;£0.25/100ml;sports-energy-drinks;Per 100g nutrition not found
lucozade-energy-pink-lemonade--limited-edition-1l;Lucozade Energy Pink Lemonade 1L;£1.00/unit;£0.10/100ml;energy-drinks;Per 100g nutrition not found
lucozade-energy-pink-lemonade--limited-edition-1l;Lucozade Energy Pink Lemonade 1L;£1.00/unit;£0.10/100ml;fruit-flavoured;Per 100g nutrition not found
lucozade-energy-pink-lemonade--limited-edition-1l;Lucozade Energy Pink Lemonade 1L;£1.00/unit;£0.10/100ml;sports-energy-drinks;Per 100g nutrition not found
lucozade-energy-pink-lemonade-6x380ml;Lucozade Energy Pink Lemonade 6x380ml;£3.70/unit;£0.16/100ml;energy-drinks;Per 100g nutrition not found
lucozade-energy-pink-lemonade-6x380ml;Lucozade Energy Pink Lemonade 6x380ml;£3.70/unit;£0.16/100ml;fruit-flavoured;Per 100g nutrition not found
lucozade-energy-pink-lemonade-6x380ml;Lucozade Energy Pink Lemonade 6x380ml;£3.70/unit;£0.16/100ml;sports-drinks;Per 100g nutrition not found
lucozade-energy-pink-lemonade-6x380ml;Lucozade Energy Pink Lemonade 6x380ml;£3.70/unit;£0.16/100ml;sports-energy-drinks;Per 100g nutrition not found
lucozade-sparkling-glucose-drink--orange-barley-crush-1l;Lucozade Energy Orange 1L;£1.00/unit;£0.10/100ml;energy-drinks;Per 100g nutrition not found
lucozade-sparkling-glucose-drink--orange-barley-crush-1l;Lucozade Energy Orange 1L;£1.00/unit;£0.10/100ml;fruit-flavoured;Per 100g nutrition not found
lucozade-sparkling-glucose-drink--orange-barley-crush-1l;Lucozade Energy Orange 1L;£1.00/unit;£0.10/100ml;sports-energy-drinks;Per 100g nutrition not found
lucozade-sparkling-glucose-drink--original-1l;Lucozade Energy Original 1L;£1.00/unit;£0.10/100ml;energy-drinks;Per 100g nutrition not found
lucozade-sparkling-glucose-drink--original-1l;Lucozade Energy Original 1L;£1.00/unit;£0.10/100ml;fruit-flavoured;Per 100g nutrition not found
lucozade-sparkling-glucose-drink--original-1l;Lucozade Energy Original 1L;£1.00/unit;£0.10/100ml;sports-energy-drinks;Per 100g nutrition not found
lucozade-sport-brazilian-guava-4x500ml;Lucozade Sport Brazilian Guava 4x500ml;£3.00/unit;£0.30/100ml;sports-drinks;Per 100g nutrition not found
lucozade-sport-brazilian-guava-500ml;Lucozade Sport Brazilian Guava 500ml;£1.25/unit;£0.25/100ml;sports-drinks;Per 100g nutrition not found
lucozade-sport-lite--orange-500ml;Lucozade Sport Lite, Orange 500ml;£1.25/unit;£0.25/100ml;sports-drinks;10;0;2.0;1.0;0;0;0;0.09
lucozade-sport-lite-lemon---lime-4x500ml;Lucozade Sport Lite Lemon & Lime 4x500ml;£3.00/unit;£0.15/100ml;sports-drinks;Per 100g nutrition not found
lucozade-sport-lite-lemon---lime-500ml;Lucozade Sport Lite Lemon & Lime 500ml;£1.25/unit;£0.25/100ml;sports-drinks;10;0;2.0;1.0;0;0;0;0.09
lucozade-sport-orange-4x500ml;Lucozade Sport Orange 4x500ml;£3.00/unit;£0.15/100ml;sports-drinks;Per 100g nutrition not found
lucozade-sport-raspberry-4x500ml;Lucozade Sport Raspberry 4x500ml;£3.00/unit;£0.15/100ml;sports-drinks;Per 100g nutrition not found
lucozade-sport-raspberry-500ml;Lucozade Sport Raspberry 500ml;£1.25/unit;£0.25/100ml;sports-drinks;28;0.1;6.4;3.6;0;0;0;0.13
lucozade-sport-still-glucose-drink--orange-500ml;Lucozade Sport Orange 500ml;£1.25/unit;£0.25/100ml;sports-drinks;28;0.1;6.4;3.6;0;0;0;0.13
lucozade-sport-tropical-4x500ml;Lucozade Sport Tropical 4x500ml;£3.00/unit;£0.15/100ml;sports-drinks;Per 100g nutrition not found
lunchables-chicken-n-cheese-crackers-94g;Lunchables Chicken 'n' Cheese Crackers 94g;£1.50/unit;£15.96/kg;snacking-lunchbox-cheese;285;18.0;24.0;3.0;12.5;7.3;1.5;1.78
lunchables-ham-n-cheese-crackers-102g;Lunchables Ham 'n' Cheese Crackers 102g;£1.50/unit;£14.71/kg;snacking-lunchbox-cheese;270;17.0;23.0;2.7;11.5;6.8;1.4;1.73
lurpak-butter-with-garlic-125g;Lurpak Danish Butter with Crushed Garlic 125g;£1.20/unit;£9.60/kg;butter;2845692;1.3;3.7;3.3;75;48;-1;2.0
lurpak-butter-with-garlic-125g;Lurpak Danish Butter with Crushed Garlic 125g;£1.20/unit;£9.60/kg;cooking-baking;2845692;1.3;3.7;3.3;75;48;-1;2.0
lurpak-cooks-range-cooking-liquid-500ml;Lurpak Cook's Range Cooking Liquid 500ml;£3.25/unit;£0.65/100ml;cooking-baking;3025736;0.3;0.3;0.3;81.5;14.9;-1;0.6
lurpak-cooks-range-cooking-mist-200ml;Lurpak Cook's Range Cooking Mist 200ml;£2.75/unit;£1.38/100ml;cooking-baking;3257792;0.1;0.2;0.2;87.9;11.1;-1;0.5
lurpak-danish-butter--slightly-salted-250g;Lurpak Butter, Slightly Salted 250g;£1.80/unit;£7.20/kg;butter;Per 100g nutrition not found
lurpak-danish-butter--slightly-salted-500g;Lurpak Butter, Slightly Salted 500g;£3.25/unit;£6.50/kg;butter;Per 100g nutrition not found
lurpak-danish-butter--unsalted-250g;Lurpak Butter, Unsalted 250g;£1.80/unit;£7.20/kg;butter;Per 100g nutrition not found
lurpak-danish-butter--unsalted-250g;Lurpak Butter, Unsalted 250g;£1.80/unit;£7.20/kg;cooking-baking;Per 100g nutrition not found
lurpak-lighter-spreadable-with-olive-oil-500g;Lurpak Spreadable with Olive Oil 500g;£3.25/unit;£6.50/kg;butter;2231543;0.3;0.4;0.4;60;22;-1;0.90
lurpak-spread-1kg;Lurpak Spreadable 1kg;£6.20/unit;£6.20/kg;butter;2904706;0.5;0.6;0.6;78;35;-1;0.90
lurpak-spread-500g;Lurpak Spreadable 500g;£3.25/unit;£6.50/kg;butter;2904706;0.5;0.6;0.6;78;35;-1;0.90
lurpak-spreadable--lighter-250g;Lurpak Lighter Spreadable 250g;£1.80/unit;£7.20/kg;butter;2121516;0.3;0.4;0.4;57;22;-1;0.90
lurpak-spreadable--lighter-500g;Lurpak Lighter Spreadable 500g;£3.25/unit;£6.50/kg;butter;2121516;0.3;0.4;0.4;57;22;-1;0.90
lurpak-spreadable--slightly-salted-250g;Lurpak Slightly Salted Spreadable 250g;£1.80/unit;£7.20/kg;butter;2904706;0.5;0.6;0.6;78;35;-1;0.90
lurpak-spreadable-lighter--unsalted-500g;Lurpak Unsalted Lighter Spreadable 500g;£3.25/unit;£6.50/kg;butter;2121516;0.3;0.4;0.4;57;22;-1;0.01
lurpak-spreadable-lightest-500g;Lurpak Lightest Spreadable 500g;£3.25/unit;£6.50/kg;butter;1551377;3.3;0.9;0.8;40;15;-1;1.1
lurpak-spreadable-unsalted-500g;Lurpak Unsalted Spreadable 500g;£3.25/unit;£6.50/kg;butter;2904706;0.5;0.6;0.6;78;35;-1;0.01
lye-cross-farm-grated-mature-cheddar-200g;Lye Cross Farm Grated Mature Cheddar 200g;£1.80/unit;£9.00/kg;cheddar-british-regional-cheese;412;25.0;0.6;0.1;34.4;21.7;-1;-1
lye-cross-farm-grated-mature-cheddar-200g;Lye Cross Farm Grated Mature Cheddar 200g;£1.80/unit;£9.00/kg;sliced-grated-cheese;412;25.0;0.6;0.1;34.4;21.7;-1;-1
lyles-golden-syrup-squeezy-bottle-340g;Lyle's Golden Syrup Squeezy Bottle 340g;£1.75/unit;£0.51/100g;sauces-toppings;1319310;0.5;77.5;77.5;0;0;-1;0.8
lyles-golden-syrup-squeezy-bottle-340g;Lyle's Golden Syrup Squeezy Bottle 340g;£1.75/unit;£0.51/100g;wafers-sauces-toppings;1319310;0.5;77.5;77.5;0;0;-1;0.8
lyles-squeezy-butterscotch-325g;Lyle's Squeezy Butterscotch 325g;£1.45/unit;£0.45/100g;sauces-toppings;309;0.5;77.3;77.3;0;0;-1;0.74
lyles-squeezy-butterscotch-325g;Lyle's Squeezy Butterscotch 325g;£1.45/unit;£0.45/100g;wafers-sauces-toppings;309;0.5;77.3;77.3;0;0;-1;0.74
lyles-squeezy-chocolate-325g;Lyle's Squeezy Chocolate 325g;£1.45/unit;£0.45/100g;sauces-toppings;314;0.75;76.8;65.1;0.44;0;-1;0.03
lyles-squeezy-chocolate-325g;Lyle's Squeezy Chocolate 325g;£1.45/unit;£0.45/100g;wafers-sauces-toppings;314;0.75;76.8;65.1;0.44;0;-1;0.03
lyles-squeezy-golden-syrup-325g;Lyle's Squeezy Golden Syrup 325g;£1.45/unit;£0.45/100g;sauces-toppings;Per 100g nutrition not found
lyles-squeezy-golden-syrup-325g;Lyle's Squeezy Golden Syrup 325g;£1.45/unit;£0.45/100g;wafers-sauces-toppings;Per 100g nutrition not found
m%C3%BCller-bliss-lemon-yogurt-4x110g;Müller Bliss Lemon Yogurt 4x110g;£2.60/unit;£0.59/100g;corners-everyday-yogurts;161;4.0;22.2;21.3;5.9;3.3;-1;0.2
m%C3%BCller-bliss-lemon-yogurt-4x110g;Müller Bliss Lemon Yogurt 4x110g;£2.60/unit;£0.59/100g;diet-low-fat-yogurts;161;4.0;22.2;21.3;5.9;3.3;-1;0.2
m%C3%BCller-bliss-raspberry-yogurt-4x110g;Müller Bliss Raspberry Yogurt 4x110g;£2.60/unit;£0.59/100g;corners-everyday-yogurts;129;4.2;14.1;14.1;5.9;3.3;-1;0.2
m%C3%BCller-bliss-raspberry-yogurt-4x110g;Müller Bliss Raspberry Yogurt 4x110g;£2.60/unit;£0.59/100g;diet-low-fat-yogurts;129;4.2;14.1;14.1;5.9;3.3;-1;0.2
m%C3%BCller-bliss-strawberry-yogurt-4x110g;Müller Bliss Strawberry Yogurt 4x110g;£2.60/unit;£0.59/100g;corners-everyday-yogurts;129;4.1;14.3;14.2;5.9;3.3;-1;0.2
m%C3%BCller-bliss-strawberry-yogurt-4x110g;Müller Bliss Strawberry Yogurt 4x110g;£2.60/unit;£0.59/100g;diet-low-fat-yogurts;129;4.1;14.3;14.2;5.9;3.3;-1;0.2
m%C3%BCller-corner-choc-sprinkle-strawberry-6x128g;Müller Corner Choc Sprinkle Strawberry 6x128g;£3.00/unit;£0.39/100g;corners-everyday-yogurts;120;3.2;17.9;17.6;3.7;2.3;-1;0.1
m%C3%BCller-corner-choc-sprinkles-black-cherry-128g;Müller Corner Choc Sprinkles Black Cherry 128g;£0.70/unit;£0.55/100g;corners-everyday-yogurts;124;3.2;18.8;17.8;3.7;2.3;-1;0.1
m%C3%BCller-corner-mango---passionfruit-yogurt-150g;Müller Corner Greek Style Blueberry Yogurt 150g;£0.70/unit;£0.47/100g;corners-everyday-yogurts;125;4.6;15.6;14.7;4.6;2.8;-1;0.15
m%C3%BCller-corner-red-fruits-6x150g;Müller Corner Red Fruits 6x150g;£3.00/unit;£0.33/100g;corners-everyday-yogurts;107;4.0;13.4;13.4;3.8;2.4;-1;0.2
m%C3%BCller-de-lux-corner-mud-pie-2x130g;Müller De Lux Corner 2x130g;£1.30/unit;£0.50/100g;corners-everyday-yogurts;197;3.1;24.4;21.2;9.2;5.7;-1;0.15
m%C3%BCller-de-lux-corner-mud-pie-2x130g;Müller De Lux Corner 2x130g;£1.30/unit;£0.50/100g;luxury-yogurts;197;3.1;24.4;21.2;9.2;5.7;-1;0.15
m%C3%BCller-de-lux-corner-mud-pie-2x130g;Müller De Lux Corner 2x130g;£1.30/unit;£0.50/100g;rice-dessert-style-yogurts;197;3.1;24.4;21.2;9.2;5.7;-1;0.15
m%C3%BCller-de-luxe-corner-irish-cream-2x130g;Müller De Luxe Corner Irish Cream 2x130g;£1.30/unit;£0.50/100g;corners-everyday-yogurts;186;3.1;22.9;20.3;8.9;5.4;0;0.2
m%C3%BCller-de-luxe-corner-irish-cream-2x130g;Müller De Luxe Corner Irish Cream 2x130g;£1.30/unit;£0.50/100g;luxury-yogurts;186;3.1;22.9;20.3;8.9;5.4;0;0.2
m%C3%BCller-de-luxe-corner-irish-cream-2x130g;Müller De Luxe Corner Irish Cream 2x130g;£1.30/unit;£0.50/100g;rice-dessert-style-yogurts;186;3.1;22.9;20.3;8.9;5.4;0;0.2
m%C3%BCller-de-luxe-corner-rum---raisin-yogurt-2x130g;Müller De Luxe Corner Rum & Raisin Yogurt 2x130g;£1.30/unit;£0.50/100g;corners-everyday-yogurts;201;3.0;25.7;24.4;9.0;5.6;-1;0.1
m%C3%BCller-de-luxe-corner-rum---raisin-yogurt-2x130g;Müller De Luxe Corner Rum & Raisin Yogurt 2x130g;£1.30/unit;£0.50/100g;luxury-yogurts;201;3.0;25.7;24.4;9.0;5.6;-1;0.1
m%C3%BCller-de-luxe-corner-rum---raisin-yogurt-2x130g;Müller De Luxe Corner Rum & Raisin Yogurt 2x130g;£1.30/unit;£0.50/100g;rice-dessert-style-yogurts;201;3.0;25.7;24.4;9.0;5.6;-1;0.1
m%C3%BCller-de-luxe-corner-vanilla-yogurt-2x130g;Müller De Luxe Corner Vanilla Yogurt 2x130g;£1.30/unit;£0.50/100g;corners-everyday-yogurts;203;2.9;26.5;22.6;9.2;5.5;-1;0.2
m%C3%BCller-de-luxe-corner-vanilla-yogurt-2x130g;Müller De Luxe Corner Vanilla Yogurt 2x130g;£1.30/unit;£0.50/100g;luxury-yogurts;203;2.9;26.5;22.6;9.2;5.5;-1;0.2
m%C3%BCller-de-luxe-corner-vanilla-yogurt-2x130g;Müller De Luxe Corner Vanilla Yogurt 2x130g;£1.30/unit;£0.50/100g;rice-dessert-style-yogurts;203;2.9;26.5;22.6;9.2;5.5;-1;0.2
m%C3%BCller-fruitopolis-greek-style-cherry-yogurt-4x130g;Müller Fruitopolis Greek Style Cherry Yogurt 4x130g;£2.50/unit;£0.48/100g;diet-low-fat-yogurts;68;4.8;11.4;10.1;0.1;0.1;-1;0.2
m%C3%BCller-fruitopolis-greek-style-cherry-yogurt-4x130g;Müller Fruitopolis Greek Style Cherry Yogurt 4x130g;£2.50/unit;£0.48/100g;natural-greek-yogurts;68;4.8;11.4;10.1;0.1;0.1;-1;0.2
m%C3%BCller-fruitopolis-greek-style-peach---passionfruit-yogurt-4x130g;Müller Fruitopolis Greek Style Peach & Passionfruit Yogurt 4x130g;£2.50/unit;£0.48/100g;diet-low-fat-yogurts;65;4.8;10.7;9.4;0.1;0.1;-1;0.2
m%C3%BCller-fruitopolis-greek-style-peach---passionfruit-yogurt-4x130g;Müller Fruitopolis Greek Style Peach & Passionfruit Yogurt 4x130g;£2.50/unit;£0.48/100g;natural-greek-yogurts;65;4.8;10.7;9.4;0.1;0.1;-1;0.2
m%C3%BCller-fruitopolis-greek-style-peach-yogurt-130g;Müller Fruitopolis Greek Style Peach Yogurt 130g;£0.70/unit;£0.54/100g;diet-low-fat-yogurts;65;4.8;10.7;9.4;0.1;0.1;-1;0.2
m%C3%BCller-fruitopolis-greek-style-strawberry-yogurt-130g;Müller Fruitopolis Greek Style Strawberry Yogurt 130g;£0.70/unit;£0.54/100g;diet-low-fat-yogurts;65;4.8;10.8;9.5;0.1;0.1;-1;0.2
m%C3%BCller-fruitopolis-greek-style-strawberry-yogurt-4x130g;Müller Fruitopolis Greek Style Strawberry Yogurt 4x130g;£2.50/unit;£0.48/100g;diet-low-fat-yogurts;65;4.8;10.8;9.5;0.1;0.1;-1;0.2
m%C3%BCller-fruitopolis-greek-style-strawberry-yogurt-4x130g;Müller Fruitopolis Greek Style Strawberry Yogurt 4x130g;£2.50/unit;£0.48/100g;natural-greek-yogurts;65;4.8;10.8;9.5;0.1;0.1;-1;0.2
m%C3%BCller-greek-style-corner-apricot-yogurt-4x150g;Müller Greek Style Corner Apricot Yogurt 4x150g;£2.70/unit;£0.45/100g;corners-everyday-yogurts;124;4.7;15.2;14.4;4.6;2.8;-1;0.2
m%C3%BCller-greek-style-corner-apricot-yogurt-4x150g;Müller Greek Style Corner Apricot Yogurt 4x150g;£2.70/unit;£0.45/100g;natural-greek-yogurts;124;4.7;15.2;14.4;4.6;2.8;-1;0.2
m%C3%BCller-greek-style-corner-cherry-yogurt-4x150g;Müller Greek Style Corner Cherry Yogurt 4x150g;£2.70/unit;£0.45/100g;corners-everyday-yogurts;127;4.7;16.0;15.2;4.6;2.8;-1;0.2
m%C3%BCller-greek-style-corner-cherry-yogurt-4x150g;Müller Greek Style Corner Cherry Yogurt 4x150g;£2.70/unit;£0.45/100g;natural-greek-yogurts;127;4.7;16.0;15.2;4.6;2.8;-1;0.2
m%C3%BCller-greek-style-corner-rhubarb-yogurt-4x150g;Müller Greek Style Corner Rhubarb Yogurt 4x150g;£2.70/unit;£0.45/100g;corners-everyday-yogurts;125;4.7;15.5;14.8;4.6;2.8;-1;0.1
m%C3%BCller-greek-style-corner-rhubarb-yogurt-4x150g;Müller Greek Style Corner Rhubarb Yogurt 4x150g;£2.70/unit;£0.45/100g;natural-greek-yogurts;125;4.7;15.5;14.8;4.6;2.8;-1;0.1
m%C3%BCller-greek-style-corner-strawberry-yogurt-4x150g;Müller Greek Style Corner Strawberry Yogurt 4x150g;£2.70/unit;£0.45/100g;corners-everyday-yogurts;127;4.7;16.1;16.1;4.6;2.8;-1;0.2
m%C3%BCller-greek-style-corner-strawberry-yogurt-4x150g;Müller Greek Style Corner Strawberry Yogurt 4x150g;£2.70/unit;£0.45/100g;natural-greek-yogurts;127;4.7;16.1;16.1;4.6;2.8;-1;0.2
m%C3%BCller-light-chocolate-orange-dessert-4x100g;Müller Light Chocolate Orange Dessert 4x100g;£1.50/unit;£0.38/100g;diet-low-fat-yogurts;99;2.6;16.8;12.3;2.0;1.2;-1;0.1
m%C3%BCller-light-chocolate-orange-dessert-4x100g;Müller Light Chocolate Orange Dessert 4x100g;£1.50/unit;£0.38/100g;rice-dessert-style-yogurts;99;2.6;16.8;12.3;2.0;1.2;-1;0.1
m%C3%BCller-light-coconut---lime-175g;Müller Light Pina Colada 175g;£0.70/unit;£0.40/100g;diet-low-fat-yogurts;55;4.2;8.3;7.6;0.3;0.3;-1;0.15
m%C3%BCller-light-dessert-inspired-yogurt-6x165g;Müller Light Dessert Inspired Yogurt 6x165g;£2.00/unit;£0.20/100g;diet-low-fat-yogurts;59;4.1;9.8;8.2;0.1;0.1;-1;0.2
m%C3%BCller-light-dessert-inspired-yogurt-6x165g;Müller Light Dessert Inspired Yogurt 6x165g;£2.00/unit;£0.20/100g;rice-dessert-style-yogurts;59;4.1;9.8;8.2;0.1;0.1;-1;0.2
m%C3%BCller-light-greek-style-cherry-yogurt-4x120g;Müller Light Greek Style Cherry Yogurt 4x120g;£2.60/unit;£0.54/100g;diet-low-fat-yogurts;70;6.3;10.3;9.8;0.1;0.1;-1;0.2
m%C3%BCller-light-greek-style-cherry-yogurt-4x120g;Müller Light Greek Style Cherry Yogurt 4x120g;£2.60/unit;£0.54/100g;natural-greek-yogurts;70;6.3;10.3;9.8;0.1;0.1;-1;0.2
m%C3%BCller-light-greek-style-coconut-yogurt-4x120g;Müller Light Greek Style Coconut Yogurt 4x120g;£2.60/unit;£0.54/100g;diet-low-fat-yogurts;72;6.3;9.7;8.9;0.5;0.4;-1;0.2
m%C3%BCller-light-greek-style-coconut-yogurt-4x120g;Müller Light Greek Style Coconut Yogurt 4x120g;£2.60/unit;£0.54/100g;natural-greek-yogurts;72;6.3;9.7;8.9;0.5;0.4;-1;0.2
m%C3%BCller-light-greek-style-honey-yogurt-4x120g;Müller Light Greek Style Honey Yogurt 4x120g;£2.60/unit;£0.54/100g;diet-low-fat-yogurts;71;6.3;10.3;9.7;0.2;0.1;-1;0.2
m%C3%BCller-light-greek-style-honey-yogurt-4x120g;Müller Light Greek Style Honey Yogurt 4x120g;£2.60/unit;£0.54/100g;natural-greek-yogurts;71;6.3;10.3;9.7;0.2;0.1;-1;0.2
m%C3%BCller-light-greek-style-lemon-yogurt-4x120g;Müller Light Greek Style Lemon Yogurt 4x120g;£2.60/unit;£0.54/100g;diet-low-fat-yogurts;69;6.3;9.7;9.0;0.2;0.1;-1;0.2
m%C3%BCller-light-greek-style-lemon-yogurt-4x120g;Müller Light Greek Style Lemon Yogurt 4x120g;£2.60/unit;£0.54/100g;natural-greek-yogurts;69;6.3;9.7;9.0;0.2;0.1;-1;0.2
m%C3%BCller-light-greek-style-mango-yogurt-4x120g;Müller Light Greek Style Mango Yogurt 4x120g;£2.60/unit;£0.54/100g;diet-low-fat-yogurts;72;6.3;10.5;10.1;0.2;0.1;-1;0.2
m%C3%BCller-light-greek-style-mango-yogurt-4x120g;Müller Light Greek Style Mango Yogurt 4x120g;£2.60/unit;£0.54/100g;natural-greek-yogurts;72;6.3;10.5;10.1;0.2;0.1;-1;0.2
m%C3%BCller-light-greek-style-raspbery-yogurt-4x120g;Müller Light Greek Style Raspbery Yogurt 4x120g;£2.60/unit;£0.54/100g;diet-low-fat-yogurts;69;6.4;9.7;9.2;0.2;0.1;-1;0.2
m%C3%BCller-light-greek-style-raspbery-yogurt-4x120g;Müller Light Greek Style Raspbery Yogurt 4x120g;£2.60/unit;£0.54/100g;natural-greek-yogurts;69;6.4;9.7;9.2;0.2;0.1;-1;0.2
m%C3%BCller-light-greek-style-strawberry-yogurt-4x120g;Müller Light Greek Style Strawberry Yogurt 4x120g;£2.60/unit;£0.54/100g;diet-low-fat-yogurts;69;6.3;9.8;9.2;0.2;0.1;-1;0.2
m%C3%BCller-light-greek-style-strawberry-yogurt-4x120g;Müller Light Greek Style Strawberry Yogurt 4x120g;£2.60/unit;£0.54/100g;natural-greek-yogurts;69;6.3;9.8;9.2;0.2;0.1;-1;0.2
m%C3%BCller-light-inspired-by-6x165g;Müller Light Inspired By 6x165g;£2.00/unit;£0.20/100g;diet-low-fat-yogurts;59;4.1;9.7;8.2;0.1;0.1;-1;0.2
m%C3%BCller-light-inspired-by-6x165g;Müller Light Inspired By 6x165g;£2.00/unit;£0.20/100g;rice-dessert-style-yogurts;59;4.1;9.7;8.2;0.1;0.1;-1;0.2
m%C3%BCller-light-orange---chocolate-165g;Müller Light Orange & Chocolate Yogurt 165g;£0.70/unit;£0.42/100g;diet-low-fat-yogurts;55;4.3;7.4;7.0;0.5;0.3;-1;0.2
m%C3%BCller-light-orange---chocolate-165g;Müller Light Orange & Chocolate Yogurt 165g;£0.70/unit;£0.42/100g;rice-dessert-style-yogurts;55;4.3;7.4;7.0;0.5;0.3;-1;0.2
m%C3%BCller-light-smooth-mint-desserts-4x100g;Müller Light Dessert Smooth Mint 4x100g;£1.50/unit;£0.38/100g;diet-low-fat-yogurts;99;2.6;16.8;12.3;2.0;1.2;-1;0.1
m%C3%BCller-light-smooth-mint-desserts-4x100g;Müller Light Dessert Smooth Mint 4x100g;£1.50/unit;£0.38/100g;rice-dessert-style-yogurts;99;2.6;16.8;12.3;2.0;1.2;-1;0.1
m%C3%BCller-light-turkish-delight-165g;Müller Light Turkish Delight Yogurt 165g;£0.70/unit;£0.42/100g;diet-low-fat-yogurts;55;4.5;7.4;7.1;0.5;0.3;-1;0.2
m%C3%BCller-light-turkish-delight-165g;Müller Light Turkish Delight Yogurt 165g;£0.70/unit;£0.42/100g;rice-dessert-style-yogurts;55;4.5;7.4;7.1;0.5;0.3;-1;0.2
m%C3%BCller-rice-chocolate-caramel-4x190g;Müller Rice Apple, Limited Edition 4x180g;£2.70/unit;£0.38/100g;rice-dessert-style-yogurts;107;3.0;18.8;13.3;2.2;1.3;-1;0.2
m%C3%BCller-rice-original-4x190g;Müller Rice Original 4x180g;£2.70/unit;£0.38/100g;rice-dessert-style-yogurts;101;3.4;16.1;10.0;2.6;1.5;-1;0.2
m%C3%BCller-rice-remix-apricot-2x150g;Müller Rice Remix Apricot 2x150g;£1.50/unit;£0.50/100g;corners-everyday-yogurts;107;2.9;19.3;13.9;2.0;1.2;-1;0.2
m%C3%BCller-rice-remix-apricot-2x150g;Müller Rice Remix Apricot 2x150g;£1.50/unit;£0.50/100g;rice-dessert-style-yogurts;107;2.9;19.3;13.9;2.0;1.2;-1;0.2
m%C3%BCller-rice-remix-plum-2x150g;Müller Rice Remix Plum 2x150g;£1.50/unit;£0.50/100g;corners-everyday-yogurts;107;2.8;19.4;14.1;2.0;1.2;-1;0.2
m%C3%BCller-rice-remix-plum-2x150g;Müller Rice Remix Plum 2x150g;£1.50/unit;£0.50/100g;rice-dessert-style-yogurts;107;2.8;19.4;14.1;2.0;1.2;-1;0.2
m%C3%BCller-rice-remix-strawberry-2x150g;Müller Rice Remix Strawberry 2x150g;£1.50/unit;£0.50/100g;corners-everyday-yogurts;106;2.9;19.1;13.7;2.0;1.2;-1;0.2
m%C3%BCller-rice-remix-strawberry-2x150g;Müller Rice Remix Strawberry 2x150g;£1.50/unit;£0.50/100g;rice-dessert-style-yogurts;106;2.9;19.1;13.7;2.0;1.2;-1;0.2
m%C3%BCller-rice-strawberry-4x190g;Müller Rice Strawberry 4x180g;£2.70/unit;£0.38/100g;rice-dessert-style-yogurts;106;3.0;18.6;12.8;2.2;1.3;-1;0.2
m%C3%BCller-rice-vanilla-4x190g;Müller Rice Vanilla 4x180g;£2.70/unit;£0.38/100g;rice-dessert-style-yogurts;111;3.2;19.0;13.6;2.5;1.4;-1;0.2
m-ms-choco-pouch-185g;M&M's Choco Pouch 165g;£1.50/unit;£0.91/100g;chocolate;Per 100g nutrition not found
m-ms-chocolate-brownies;M&M's Chocolate Brownie;£0.90/unit;£0.90/ea;flapjacks-traybakes-bites;Per 100g nutrition not found
m-ms-crispy-pouch-155g;M&M's Crispy Pouch 141g;£1.50/unit;£1.06/100g;chocolate;Per 100g nutrition not found
m-ms-peanut-larger-sharing-pouch-315g;M&M's Peanut Larger Sharing Pouch 300g;£2.50/unit;£0.83/100g;chocolate;Per 100g nutrition not found
m-ms-peanut-pouch-165g;M&M's Peanut Pouch 165g;£1.50/unit;£0.91/100g;chocolate;Per 100g nutrition not found
mabel-pearmans-burford-brown-eggs-x6;Mabel Pearmans Burford Brown Eggs x6;£2.15/unit;£0.36/ea;eggs;544131;12.4;0.0;0.0;9.0;2.5;0.0;0.39
mackies-honeycomb-ice-cream-1l;Mackie's Honeycomb Ice Cream 1L;£2.00/unit;£0.20/100ml;ice-cream-tubs;821196;4.1;21.1;21.1;10.6;7.0;-1;0.2
mackies-traditional-dairy-vanilla-ice-cream-1l;Mackie's Traditional Dairy Ice Cream 1L;£2.00/unit;£0.20/100ml;ice-cream-tubs;855204;3.6;23.2;19.3;10.8;6.8;-1;0.2
macsween-traditional-haggis-454g;Macsween Traditional Haggis 454g;£3.20/unit;£7.05/kg;sausages;285;9.9;18.7;1;18.9;7.5;-1;1.7
magm-macarons-72g;Mag'm Macarons 72g;£2.00/unit;£2.78/100g;frozen-cold-desserts;-1;9.0;56.2;56.2;21.4;5.4;3.9;0.129
magnum-mini--almond-white-ice-cream-6x60ml;Magnum Mini, Almond White Ice Cream 6x60ml;£2.00/unit;£0.55/100ml;lollies-bars-cones;Per 100g nutrition not found
magnum-mini--classics-ice-cream-6x60ml;Magnum Mini, Classics Ice Cream 6x60ml;£2.00/unit;£0.55/100ml;lollies-bars-cones;Per 100g nutrition not found
magnum-mini--double-caramel---chocolate-ice-cream-6x60ml;Magnum Mini, Double Caramel & Chocolate Ice Cream 6x60ml;£2.00/unit;£0.58/100ml;lollies-bars-cones;Per 100g nutrition not found
magnum-mini--hazelnut---pistachio-ice-cream-6x60ml;Magnum Mini, Hazelnut & Pistachio Ice Cream 6x60ml;£2.00/unit;£0.55/100ml;lollies-bars-cones;Per 100g nutrition not found
magnum-pistachio-ice-cream-3x110ml;Magnum Pistachio Ice Cream 3x110ml;£3.40/unit;£1.03/100ml;lollies-bars-cones;Per 100g nutrition not found
malteasers-teasers-block-150g;Maltesers Teasers Block 150g;£2.00/unit;£1.33/100g;chocolate;Per 100g nutrition not found
malteaster-bunny-single;Malteaster Bunny 29g;£0.60/unit;£0.60/ea;chocolate;Per 100g nutrition not found
malteaster-mini-bunnies-bag-58g;Malteaster Mini Bunnies Bag 58g;£1.00/unit;£1.72/100g;chocolate;Per 100g nutrition not found
maltesers-box-360g;Maltesers Box 360g;£4.00/unit;£1.11/100g;chocolate;Per 100g nutrition not found
maltesers-bunny-gift-pack-139g;Maltesers Bunny Gift Pack 139g;£3.00/unit;£2.16/100g;chocolate;Per 100g nutrition not found
maltesers-larger-sharing-pouch-230g;Maltesers Larger Sharing Pouch 230g;£2.00/unit;£0.87/100g;chocolate;Per 100g nutrition not found
maltesers-malty-hot-chocolate-175g;Maltesers Malty Hot Chocolate 175g;£2.00/unit;£1.14/100g;hot-chocolate-milky-drinks;Per 100g nutrition not found
maltesers-mini-bunny-80g;Maltesers Mini Bunny 80g;£1.00/unit;£1.25/100g;chocolate;Per 100g nutrition not found
maltesers-pack-x3-111g;Maltesers Pack x3 111g;£1.00/unit;£0.90/100g;chocolate;Per 100g nutrition not found
maltesers-standard-bag-37g;Maltesers Standard Bag 37g;£0.60/unit;£1.62/100g;chocolate;Per 100g nutrition not found
maltesers-teaser-single-bar-35g;Maltesers Teaser Single Bar 35g;£0.60/unit;£1.71/100g;chocolate;Per 100g nutrition not found
maltesers-teasers-3x35g;Maltesers Teasers 3x35g;£1.00/unit;£0.95/100g;chocolate;Per 100g nutrition not found
mango---chilli-coleslaw-280g;Sainsbury's Mango & Chilli Coleslaw 280g;£1.00/unit;£0.36/100g;coleslaw--olives--salads---dips-30658-44;129;0.9;7.2;5.9;10.3;0.8;1.8;0.75
mango---chilli-coleslaw-280g;Sainsbury's Mango & Chilli Coleslaw 280g;£1.00/unit;£0.36/100g;coleslaw-salads;129;0.9;7.2;5.9;10.3;0.8;1.8;0.75
mango---chilli-coleslaw-280g;Sainsbury's Mango & Chilli Coleslaw 280g;£1.00/unit;£0.36/100g;dressings-coleslaw-accompaniments;129;0.9;7.2;5.9;10.3;0.8;1.8;0.75
mango---chilli-coleslaw-280g;Sainsbury's Mango & Chilli Coleslaw 280g;£1.00/unit;£0.36/100g;prepared-salad-herbs;129;0.9;7.2;5.9;10.3;0.8;1.8;0.75
mars-bar-58g;Mars Bar 51g;£0.60/unit;£1.18/100g;chocolate;Per 100g nutrition not found
mars-duo-85g;Mars Duo 78.8g;£0.75/unit;£0.95/100g;chocolate;Per 100g nutrition not found
mars-funsize-250g;Mars Funsize 250g;£1.85/unit;£0.74/100g;chocolate;Per 100g nutrition not found
mars-milk-1l;Mars Milkshake 1L;£1.80/unit;£1.80/ltr;drinks-fresh-milk;Per 100g nutrition not found
mars-milk-1l;Mars Milkshake 1L;£1.80/unit;£1.80/ltr;flavoured-milk-92153-44;Per 100g nutrition not found
mars-milk-1l;Mars Milkshake 1L;£1.80/unit;£1.80/ltr;flavoured-milk;Per 100g nutrition not found
mars-milkshake-376ml;Mars Milkshake 376ml;£1.30/unit;£0.35/100ml;flavoured-milk-92153-44;Per 100g nutrition not found
mars-milkshake-376ml;Mars Milkshake 376ml;£1.30/unit;£0.35/100ml;flavoured-milk;Per 100g nutrition not found
mars-mix-pouch-140g;Mars Mix Pouch 126g;£1.50/unit;£1.19/100g;chocolate;Per 100g nutrition not found
mars-topic-x4-188g;Mars Topic x4 188g;£1.50/unit;£0.80/100g;chocolate;Per 100g nutrition not found
mars-x3-153g-7682052-p-44;Mars x3 153g;£1.50/unit;£0.98/100g;chocolate;Per 100g nutrition not found
marshmallow-fluff-213g;Marshmallow Fluff 213g;£2.00/unit;£0.94/100g;chocolate-sweet-spreads;330;1.0;81.0;49.0;0.3;0.0;-1;0.1
matchmakers-mint-151g;Matchmakers Mint 130g;£1.95/unit;£1.50/100g;chocolate;Per 100g nutrition not found
matchmakers-orange-151g;Matchmakers Orange 130g;£1.95/unit;£1.50/100g;chocolate;Per 100g nutrition not found
mattesson-original-unsmoked-turkey-rasher-200g;Mattessons Original Unsmoked Turkey Bacon Rasher 200g;£2.45/unit;£12.25/kg;bacon;116;25.9;1.4;1.4;0.8;0.2;0.3;2.3
mattesson-original-unsmoked-turkey-rasher-200g;Mattessons Original Unsmoked Turkey Bacon Rasher 200g;£2.45/unit;£12.25/kg;turkey;116;25.9;1.4;1.4;0.8;0.2;0.3;2.3
mattessons-double-dippers-classic-90g;Mattessons Chicken Double Dippers Classic 90g;£1.60/unit;£1.78/100g;cooked-chicken-turkey;886211;17.2;14.4;3.1;9.2;1.1;0.9;0.54;1.4
mattessons-double-dippers-classic-90g;Mattessons Chicken Double Dippers Classic 90g;£1.60/unit;£1.78/100g;mfp-cooked-chicken-turkey;886211;17.2;14.4;3.1;9.2;1.1;0.9;0.54;1.4
mattessons-double-dippers-classic-90g;Mattessons Chicken Double Dippers Classic 90g;£1.60/unit;£1.78/100g;mfp-snacking-cooked-sausage;886211;17.2;14.4;3.1;9.2;1.1;0.9;0.54;1.4
mattessons-double-dippers-classic-90g;Mattessons Chicken Double Dippers Classic 90g;£1.60/unit;£1.78/100g;snacking-cooked-sausage;886211;17.2;14.4;3.1;9.2;1.1;0.9;0.54;1.4
mattessons-double-dippers-thai-90g;Mattessons Chicken Double Dippers Thai 90g;£1.60/unit;£1.78/100g;cooked-chicken-turkey;780184;15.3;26.7;16.2;1.6;0.7;0.9;0.53;1.3
mattessons-double-dippers-thai-90g;Mattessons Chicken Double Dippers Thai 90g;£1.60/unit;£1.78/100g;mfp-cooked-chicken-turkey;780184;15.3;26.7;16.2;1.6;0.7;0.9;0.53;1.3
mattessons-double-dippers-thai-90g;Mattessons Chicken Double Dippers Thai 90g;£1.60/unit;£1.78/100g;mfp-snacking-cooked-sausage;780184;15.3;26.7;16.2;1.6;0.7;0.9;0.53;1.3
mattessons-double-dippers-thai-90g;Mattessons Chicken Double Dippers Thai 90g;£1.60/unit;£1.78/100g;snacking-cooked-sausage;780184;15.3;26.7;16.2;1.6;0.7;0.9;0.53;1.3
mattessons-fridge-raiders-roast-flavour-x3-25g;Mattessons Fridge Raiders Roast Chicken Bites x3 25g;£1.50/unit;£2.00/100g;cooked-chicken-turkey;190;21;3.2;1.1;10;2.5;-1;1.6
mattessons-fridge-raiders-roast-flavour-x3-25g;Mattessons Fridge Raiders Roast Chicken Bites x3 25g;£1.50/unit;£2.00/100g;mfp-cooked-chicken-turkey;190;21;3.2;1.1;10;2.5;-1;1.6
mattessons-fridge-raiders-roast-flavour-x3-25g;Mattessons Fridge Raiders Roast Chicken Bites x3 25g;£1.50/unit;£2.00/100g;mfp-snacking-cooked-sausage;190;21;3.2;1.1;10;2.5;-1;1.6
mattessons-fridge-raiders-roast-flavour-x3-25g;Mattessons Fridge Raiders Roast Chicken Bites x3 25g;£1.50/unit;£2.00/100g;snacking-cooked-sausage;190;21;3.2;1.1;10;2.5;-1;1.6
mattessons-smoked-pork-sausage--original-200g;Mattessons Smoked Pork Sausage, Original 200g;£1.50/unit;£0.75/100g;mfp-snacking-cooked-sausage;1300310;15;0.0;0.0;29;13;-1;2.2
mattessons-smoked-pork-sausage--original-200g;Mattessons Smoked Pork Sausage, Original 200g;£1.50/unit;£0.75/100g;snacking-cooked-sausage;1300310;15;0.0;0.0;29;13;-1;2.2
mattessons-smoked-pork-sausage-325g;Mattessons Smoked Pork Sausage 325g;£2.50/unit;£0.77/100g;mfp-snacking-cooked-sausage;1300310;15;0.0;0.0;29;13;-1;2.2
mattessons-smoked-pork-sausage-325g;Mattessons Smoked Pork Sausage 325g;£2.50/unit;£0.77/100g;snacking-cooked-sausage;1300310;15;0.0;0.0;29;13;-1;2.2
mattessons-smoked-pork-sausage-reduced-fat-original-227g;Mattessons Smoked Pork Sausage, Reduced Fat 200g;£1.70/unit;£0.85/100g;mfp-snacking-cooked-sausage;990240;16;0.0;0.0;20;9.0;-1;2.1
mattessons-smoked-pork-sausage-reduced-fat-original-227g;Mattessons Smoked Pork Sausage, Reduced Fat 200g;£1.70/unit;£0.85/100g;snacking-cooked-sausage;990240;16;0.0;0.0;20;9.0;-1;2.1
mattessons-smoked-turkey-rashers-200g;Mattessons Smoked Turkey Bacon Rashers 200g;£2.45/unit;£12.25/kg;bacon;121;26.7;1.6;1.6;0.8;0.3;0.3;2.3
maximuscle-cyclone-milk--chocolate-330ml;Maximuscle Cyclone Milk, Chocolate 330ml;£3.00/unit;£0.91/100ml;sports-drinks;61;9.1;4.9;4.6;0.25;0.16;0.55;0.13;
maximuscle-cyclone-milk--chocolate-330ml;Maximuscle Cyclone Milk, Chocolate 330ml;£3.00/unit;£0.91/100ml;vitamins-health-drinks;61;9.1;4.9;4.6;0.25;0.16;0.55;0.13;
maximuscle-cyclone-milk--strawberry-330ml;Maximuscle Cyclone Milk, Strawberry 330ml;£3.00/unit;£0.91/100ml;sports-drinks;58;9.1;4.7;4.6;0.08;0.05;0.0;0.15;
maximuscle-cyclone-milk--strawberry-330ml;Maximuscle Cyclone Milk, Strawberry 330ml;£3.00/unit;£0.91/100ml;vitamins-health-drinks;58;9.1;4.7;4.6;0.08;0.05;0.0;0.15;
maximuscle-maxi-milk-chocolate-330ml;Maximuscle Milk, Chocolate 330ml;£2.80/unit;£0.85/100ml;sports-nutritional-drinks;64;9.1;6.0;5.0;0.3;-1;0.5;0.2;
maximuscle-maxi-milk-extreme-chocolate-500ml;Maximuscle Maxi-milk Extreme Chocolate 500ml;£4.20/unit;£0.42/50ml;sports-drinks;68;10;6.0;5.0;0.3;0.2;0.5;0.1
maximuscle-maxi-milk-extreme-chocolate-500ml;Maximuscle Maxi-milk Extreme Chocolate 500ml;£4.20/unit;£0.42/50ml;sports-nutritional-drinks;68;10;6.0;5.0;0.3;0.2;0.5;0.1
maximuscle-maxi-milk-extreme-chocolate-500ml;Maximuscle Maxi-milk Extreme Chocolate 500ml;£4.20/unit;£0.42/50ml;vitamins-health-drinks;68;10;6.0;5.0;0.3;0.2;0.5;0.1
maximuscle-maxi-milk-extreme-strawberry-500ml;Maximuscle Maxi-milk Extreme Strawberry 500ml;£4.20/unit;£0.42/50ml;sports-drinks;62;10;5.0;5.0;0.2;0.1;0;0.1
maximuscle-maxi-milk-extreme-strawberry-500ml;Maximuscle Maxi-milk Extreme Strawberry 500ml;£4.20/unit;£0.42/50ml;sports-nutritional-drinks;62;10;5.0;5.0;0.2;0.1;0;0.1
maximuscle-maxi-milk-extreme-strawberry-500ml;Maximuscle Maxi-milk Extreme Strawberry 500ml;£4.20/unit;£0.42/50ml;vitamins-health-drinks;62;10;5.0;5.0;0.2;0.1;0;0.1
maxinutrition-prot-milk-chocolate-250ml;Maximuscle Maxinutrition Protein Milk Chocolate 250ml;£2.00/unit;£0.80/100ml;sports-nutritional-drinks;54;8.0;4.8;4.7;0.3;0.1;0.5;
maxinutrition-protein-milk-sberry-250ml;Maximuscle Maxinutrition Protein Milk Strawberry 250ml;£2.00/unit;£0.80/100ml;sports-nutritional-drinks;52;8.0;4.7;4.7;0.2;0.1;0;
maxinutrition-protein-milk-sberry-330ml;Maximuscle Maxinutrition Protein Milk Strawberry 330ml;£2.80/unit;£0.85/100ml;sports-nutritional-drinks;58;9.1;5.0;5.0;0.2;-1;0.1;0.2;
maxitone-sculptress--strawberry-330ml;Maxitone Sculptress, Strawberry 330ml;£2.50/unit;£0.76/100ml;sports-drinks;276.065.0;6.9;4.9;3.9;2.0;0.3;1.0;0.2
maxitone-sculptress--strawberry-330ml;Maxitone Sculptress, Strawberry 330ml;£2.50/unit;£0.76/100ml;vitamins-health-drinks;276.065.0;6.9;4.9;3.9;2.0;0.3;1.0;0.2
mccain-crinkle-cut-oven-chips-907g;McCain Crinkle Cut Oven Chips 907g;£1.75/unit;£1.93/kg;chips-potatoes;145;2.4;25.5;0.6;3.0;0.3;3.2;0.1
mccain-crispy-french-fries-14kg;McCain Crispy French Fries 1.4kg;£2.80/unit;£2.00/kg;chips-potatoes;211;2.8;32.9;0.2;6.9;0.8;2.9;0.5
mccain-crispy-french-fries-900g;McCain Crispy French Fries 900g;£2.00/unit;£2.22/kg;chips-potatoes;260;4.1;38.4;0.5;10.0;1.3;2.6;1.0
mccain-fries-to-go-3x90g;Fries to Go 3x90g;£2.00/unit;£7.41/kg;chips-potatoes;281;3.3;46.1;1.4;8.2;0.9;4.2;0.4
mccain-hash-browns-625g;McCain Hash Browns 625g;£1.50/unit;£2.40/kg;chips-potatoes;174;1.9;24.7;0.5;6.9;0.8;2.7;1.1
mccain-home-chips--crinkle-cut-15kg;McCain Home Chips, Crinkle Cut 1.5kg;£2.50/unit;£1.67/kg;chips-potatoes;183;2.6;24.5;0.6;5.2;0.6;2.8;0.6
mccain-home-chips--crinkle-cut-900g;McCain Home Chips, Crinkle Cut 900g;£1.75/unit;£1.94/kg;chips-potatoes;183;2.6;24.5;0.6;5.2;0.6;2.8;0.6
mccain-home-chips--straight-cut-15kg;McCain Home Chips, Straight Cut 1.5kg;£2.50/unit;£1.67/kg;chips-potatoes;170;2.7;28.2;0.5;4.5;0.5;2.6;0.5
mccain-home-chips--straight-cut-225kg;McCain Home Chips, Straight Cut 2.25kg;£3.60/unit;£1.60/kg;chips-potatoes;170;2.7;28.2;0.5;4.5;0.5;2.6;0.5
mccain-home-chips--straight-cut-900g;McCain Home Chips, Straight Cut 900g;£1.75/unit;£1.94/kg;chips-potatoes;170;2.7;28.2;0.5;4.5;0.5;2.6;0.5
mccain-home-fries-chunky-1kg;McCain Home Chips, Chunky Cut 1kg;£1.10/unit;£1.10/kg;chips-potatoes;135;2.0;23.5;0.4;3.1;0.4;2.5;0.4
mccain-lightly-spiced-wedges-750g;McCain Lightly Spiced Wedges 750g;£2.00/unit;£2.67/kg;chips-potatoes;170;2.2;25.3;0.9;5.9;0.7;3.1;0.7
mccain-mexican-wedges-750g;McCain Mexican Wedges 750g;£2.00/unit;£2.67/kg;chips-potatoes;166;2.5;23.0;1.0;6.3;0.7;3.3;0.4
mccain-micro-chips-crinkle-cut-x4-100g;McCain Micro Chips, Crinkle Cut x4 100g;£1.80/unit;£4.50/kg;chips-potatoes;158;2.4;2.6;0.4;4.3;0.5;2.8;0.1
mccain-micro-chips-straight-cut-x4-100g;McCain Micro Chips, Straight Cut x4 100g;£1.80/unit;£4.50/kg;chips-potatoes;174;2.6;29.5;0.3;4.5;0.6;2.5;0.1
mccain-oven-chips--crinkle-cut-15kg;McCain Oven Chips, Crinkle Cut 1.5kg;£2.50/unit;£1.67/kg;chips-potatoes;145;2.4;25.5;0.6;3.0;0.3;3.2;0.1
mccain-oven-chips--straight-cut-15kg;McCain Oven Chips, Straight Cut 1.5kg;£2.50/unit;£1.67/kg;chips-potatoes;157;2.3;28;0.6;3.4;0.4;2.6;0.1
mccain-oven-chips--straight-cut-907g;McCain Oven Chips, Straight Cut 907g;£1.75/unit;£1.93/kg;chips-potatoes;157;2.3;28;0.6;3.4;0.4;2.6;0.1
mccain-quick-cook-french-fries-750g;McCain Quick Cook French Fries 750g;£2.50/unit;£3.33/kg;chips-potatoes;247;2.4;36.1;0.9;9.6;1.0;3.5;0.3
mccain-ready-baked-jackets-2-pack-400g;McCain Ready Baked Jacket Potatoes x2 400g;£1.60/unit;£4.00/kg;chips-potatoes;95;1.7;20.9;2.1;0.5;0;1.4;0.1
mccain-ready-baked-jackets-potatoes-x4-800g;McCain Ready Baked Jacket Potatoes x4 800g;£2.50/unit;£3.13/kg;chips-potatoes;95;1.7;20.9;2.1;0.5;0;1.4;0.1
mccain-roast-garlic-wedges-750g;Mccain Roast Garlic Wedges 750g;£2.00/unit;£2.67/kg;chips-potatoes;201;2.8;30.6;0.5;6.7;0.8;3.2;0.7
mccain-roast-potatoes-750g;McCain Roast Potatoes 750g;£1.50/unit;£0.20/100g;chips-potatoes;163;2.8;28.4;0.5;3.8;0.5;2.4;0.5
mccain-rustic-oven-chips-1kg;McCain Oven Chips, Rustic 1kg;£1.80/unit;£1.80/kg;chips-potatoes;130;2.1;24.2;0.5;2.1;0.2;2.9;0.1
mccain-simply-gorgeous-chips-550g;McCain Gorgeous Chips 550g;£2.50/unit;£4.54/kg;chips-potatoes;225;2.1;26.7;0.3;11.6;4.7;2.7;0.5
mccain-smiles-600g;McCain Smiles 600g;£2.00/unit;£3.33/kg;chips-potatoes;194;2.1;28.7;0.3;7.2;0.8;3.0;0.3
mccain-southern-fries-750g;Mccain Southern Fries 750g;£1.80/unit;£2.40/kg;chips-potatoes;192;2.6;27.9;0.5;7.4;0.9;1.8;0.7
mcvities-chocolate-hobnob-flapjack;McVitie's Chocolate Hobnob Flapjack;£0.90/unit;£0.90/ea;flapjacks-traybakes-bites;441;6.3;62.1;34.6;17.5;8.8;5.0;0.5
mcvities-digestive-slices-caramels-x6-144g;McVitie's Digestive Slices Caramels x6 144g;£1.00/unit;£0.17/ea;slices-pies-tarts;484;4.2;58.0;38.4;25.8;14.0;1.6;0.7
mcvities-digestive-slices-x6;McVitie's Digestive Slices x6;£1.00/unit;£0.17/ea;slices-pies-tarts;500;4.4;59.3;37.1;26.8;13.1;1.9;0.3;0.8
mcvities-galaxy-cake-bars-x5;McVitie's Galaxy Cake Bars x5;£1.45/unit;£0.29/ea;cake-bars-mini-rolls;Per 100g nutrition not found
mcvities-galaxy-caramel-cake-bars-x5;McVitie's Galaxy Caramel Cake Bars x5;£1.45/unit;£0.29/ea;cake-bars-mini-rolls;Per 100g nutrition not found
mcvities-galaxy-mini-muffins-x2;McVitie's Galaxy Mini Muffins x2;£0.90/unit;£0.45/ea;muffins-small-cakes;Per 100g nutrition not found
mcvities-gingernut-slices-x6;McVitie's Gingernut Slices x6;£1.45/unit;£0.24/ea;slices-pies-tarts;478;4.2;65.6;42.8;21.8;10.8;1.5;0.8
mcvities-hobnobs-chocolate-flapjacks-x5;McVitie's Hobnobs Chocolate Flapjacks x5;£1.00/unit;£0.20/ea;flapjacks-traybakes-bites;440;6.3;62.1;34.2;17.4;8.7;5.0;0.5
mcvities-jaffa-cake-bars-x5;McVitie's Jaffa Cake Bars x5;£1.45/unit;£0.29/ea;cake-bars-mini-rolls;395;3.1;62.9;47.9;14.5;7.6;2.5;0.5
mcvities-jaffa-cakes-the-big-one;McVitie's Jaffa Cakes 'the Big One';£8.00/unit;£11.43/kg;celebration-cakes;373;4.1;64.9;39.7;11.1;6.8;1.4;0.2;0.5
mcvities-jaffa-mini-rolls-x6;McVitie's Jaffa Mini Rolls x6;£1.00/unit;£0.17/ea;cake-bars-mini-rolls;374;3.5;67.1;50.2;10.1;5.7;2.3;0.1;0.3
mcvities-jamaica-ginger-cake;McVitie's Jamaica Ginger Cake;£1.00/unit;£0.41/100g;sponge-slab-loaf-cakes;364;3.7;63.4;37.8;10.5;3.2;1.6;0.2;0.5
mcvities-lyles-golden-syrup-cake;McVitie's Lyle's Golden Syrup Cake;£1.00/unit;£0.46/100g;sponge-slab-loaf-cakes;355;3.4;60.3;38.9;11.1;3.4;1.5;0.4;1.0
mcvities-mars-cake-bars-x5;McVitie's Mars Cake Bars x5;£1.45/unit;£0.90/100g;cake-bars-mini-rolls;Per 100g nutrition not found
mcvities-snickers-duo-flapjack-60g;McVitie's Snickers Duo Flapjack 60g;£1.00/unit;£0.50/ea;flapjacks-traybakes-bites;488;8.8;47.2;26.1;28.2;11.1;4.9;0.5
mcvities-toasting-waffles;McVitie's Toasting Waffles;£1.20/unit;£0.15/ea;croissants-brioche-pastries;461;5.7;52.6;29.5;25.5;10.2;0.8;0.73
mcvities-toasting-waffles;McVitie's Toasting Waffles;£1.20/unit;£0.15/ea;crumpets-breakfast-muffins-pancakes;461;5.7;52.6;29.5;25.5;10.2;0.8;0.73
me-to-you-cake;Me To You Cake;£3.50/unit;£13.73/kg;celebration-cakes;418;2.3;70.5;58.8;14.0;4.3;-1;0.39
me-to-you-celebration-cake;Me To You Celebration Cake;£7.00/unit;£7.00/ea;celebration-cakes;407;2.6;67.3;52.5;14.0;4.2;-1;0.28
mediterranean-falafel-300g;Mediterranean Falafel 300g;£2.90/unit;£0.97/100g;kosher-chilled-foods;316;9.2;32.0;1.3;18.3;1.3;6.6;1.52
menissez-la-ciabatta--part-bake-250g;Menissez La Ciabatta, Part Bake 250g;£1.20/unit;£0.48/100g;naan-ciabatta-breads-of-the-world;Per 100g nutrition not found
merchant-gourmet-sun-dried-tomatoes-280g;Merchant Gourmet Sun Dried Tomatoes 280g (170g*);£3.00/unit;£1.76/100g;olives-antipasti;-1;6.8;22.1;8.2;13.8;1.7;9.5;1.3;3.2;
mestemacher-organic-sunflower-seed-bread;Mestemacher Organic Sunflower Seed Bread;£1.60/unit;£0.32/100g;naan-ciabatta-breads-of-the-world;Per 100g nutrition not found
mestemacher-organic-sunflower-seed-bread;Mestemacher Organic Sunflower Seed Bread;£1.60/unit;£0.32/100g;soda-rye-bread;Per 100g nutrition not found
mexicana-cheese-spreadable-175g;Mexicana Cheese Spreadable 175g;£1.00/unit;£5.71/kg;snacking-lunchbox-cheese;1120270;10;8;8;22;14;-1;1.75
mexicana-cheese-spreadable-175g;Mexicana Cheese Spreadable 175g;£1.00/unit;£5.71/kg;soft---spreadable;1120270;10;8;8;22;14;-1;1.75
mikado-daim-chocolate-biscuits-70g;Mikado Daim Chocolate Biscuits 70g;£1.50/unit;£2.14/100g;chocolate;Per 100g nutrition not found
mikado-king-choco-hazelnuts-60g;Mikado King Chocolate Biscuits 51g;£1.50/unit;£2.94/100g;chocolate;Per 100g nutrition not found
mikado-milk-chocolate-biscuits-75g;Mikado Milk Chocolate Biscuits 75g;£1.50/unit;£2.00/100g;chocolate;Per 100g nutrition not found
milka-alpine-milk-chocolate-100g;Milka Alpine Milk Chocolate 100g;£1.00/unit;£1.00/100g;chocolate;530;6.6;58.5;57.5;29.5;17.5;1.8;0.17170
milka-happy-cows-100g;Milka Happy Cows 100g;£1.00/unit;£1.00/100g;chocolate;Per 100g nutrition not found
milky-way-funsize-227g;Milky Way Funsize 227g;£1.85/unit;£0.81/100g;chocolate;Per 100g nutrition not found
milky-way-magic-stars-funsize-180g;Milky Way Magic Stars Funsize 120g;£1.85/unit;£1.54/100g;chocolate;Per 100g nutrition not found
milky-way-magic-stars-hot-chocolate-140g;Milky Way Magic Stars Hot Chocolate 140g;£2.00/unit;£1.43/100g;hot-chocolate-milky-drinks;Per 100g nutrition not found
milky-way-magic-stars-pouch-117g;Milky Way Magic Stars Pouch 117g;£1.50/unit;£1.28/100g;chocolate;Per 100g nutrition not found
milky-way-x12-258g;Milky Way x12 258g;£2.50/unit;£0.97/100g;chocolate;Per 100g nutrition not found
milkybar-120g;Milkybar 120g;£1.40/unit;£1.17/100g;chocolate;Per 100g nutrition not found
milkybar-12g;Milkybar 12g;£0.25/unit;£2.08/100g;chocolate;Per 100g nutrition not found
milkybar-buttons-minis-189g;Nestle Milkybar Buttons Minis 189g;£2.50/unit;£1.32/100g;chocolate;546;7.5;57.7;57.3;31.6;18.8;0;0.40;
milkybar-desserts-2x70g;Nestle Milkybar Desserts 2x70g;£1.00/unit;£0.71/100g;kids-yogurts;Per 100g nutrition not found
milkybar-desserts-2x70g;Nestle Milkybar Desserts 2x70g;£1.00/unit;£0.71/100g;rice-dessert-style-yogurts;Per 100g nutrition not found
milkybar-multipack-x6-125g;Nestle Milkybar Multipack x6 75g;£1.00/unit;£1.39/100g;chocolate;546;7.5;58.1;57.0;31.6;20.0;0;0.1;0.3
milkyway-6-pack-129g;Milky Way 6 Pack 129g;£1.50/unit;£1.16/100g;chocolate;Per 100g nutrition not found
milkyway-chocolate-spread-225g;Milky Way Chocolate Spread 225g;£2.00/unit;£0.89/100g;chocolate-sweet-spreads;Per 100g nutrition not found
milo-chocolate-energy-drink-400g;Milo Chocolate Energy Drink 400g;£4.00/unit;£1.00/100g;hot-chocolate-milky-drinks;Per 100g nutrition not found
mini-babybel-120g;Mini Babybel 120g;£1.85/unit;£15.42/kg;snacking-lunchbox-cheese;Per 100g nutrition not found
mini-babybel-with-gouda-6x20g;Mini Babybel With Gouda 6x20g;£1.85/unit;£15.42/kg;snacking-lunchbox-cheese;1410340;22;0;0;28;19;-1;1.6
mini-lovetub-chocolate-90g;Mini Lovetub Chocolate 90g;£1.30/unit;£1.44/100g;desserts;Per 100g nutrition not found
mini-lovetub-toffee-90g;Mini Lovetub Toffee 90g;£1.30/unit;£1.44/100g;desserts;Per 100g nutrition not found
mini-smarties-multipack-x18-144g;Smarties Mini Multipack x18 14.4g;£2.50/unit;£0.96/100g;chocolate;471;5.0;68.1;64.1;19.6;11.2;1.0;0.15;
miranda-summer-light-white-75cl;Miranda Summer Light White 75cl;£6.00/unit;£6.00/75cl;white-wine;36;0.1;1.5;1.5;0.1;0.1;-1;1.7
mission-6-deli-mini-wrap-186g;Mission Deli Mini Wrap x6 186g;£0.90/unit;£0.15/ea;wraps-bagels-pittas;209;7.5;47.0;3.6;6.6;2.8;5.6;1.38;
mission-deli-wraps-multigrain-x8;Mission Deli Wraps Multigrain x8;£2.00/unit;£0.25/ea;wraps-bagels-pittas;299;8.1;50.6;2.8;6.3;2.3;3.7;1.40;
mission-deli-wraps-plain-x8;Mission Deli Wraps Plain x8;£2.00/unit;£0.25/ea;wraps-bagels-pittas;299;7.6;50.9;3.2;6.6;2.6;2.7;1.44;
mission-deli-wraps-wheat---white-x8;Mission Deli Wraps Wheat & White x8;£2.00/unit;£0.25/ea;wraps-bagels-pittas;289;7.5;47.0;3.6;6.6;2.8;5.6;1.38;
moma-bircher-muesli-wild-berry-yogurt-4x125g;Moma Bircher Muesli Wild Berry Yogurt 4x125g;£3.00/unit;£0.60/100g;breakfast-yogurts;137;4.5;23.4;11.4;2.2;0.6;-1;0.10
moma-strawberry---banana-muesli-4x125g;Moma Strawberry & Banana Muesli 4x125g;£3.00/unit;£0.60/100g;breakfast-yogurts;139;4.5;24;12;2.2;0.5;-1;0.10
monin-caramel-syrup-250ml;Monin Caramel Syrup 250ml;£3.00/unit;£1.20/100g;roast-ground-coffee;Per 100g nutrition not found
monin-gingerbread-syrup-250ml;Monin Gingerbread Syrup 250ml;£3.00/unit;£1.20/100g;roast-ground-coffee;Per 100g nutrition not found
monin-vanilla-syrup-250ml;Monin Vanilla Syrup 250ml;£3.00/unit;£1.20/100g;roast-ground-coffee;Per 100g nutrition not found
monster-4x500ml;Monster Energy 4x500ml;£3.50/unit;£0.18/100ml;energy-drinks;47;0;12;11;0;0;-1;0.19
monster-4x500ml;Monster Energy 4x500ml;£3.50/unit;£0.18/100ml;sports-energy-drinks;47;0;12;11;0;0;-1;0.19
monster-absolute-zero-500ml;Monster Energy Absolutely Zero 500ml;£1.35/unit;£0.27/100ml;energy-drinks;3;0;1;0;0;0;-1;0.21
monster-absolute-zero-500ml;Monster Energy Absolutely Zero 500ml;£1.35/unit;£0.27/100ml;sports-energy-drinks;3;0;1;0;0;0;-1;0.21
monster-energy-500ml;Monster Energy 500ml;£1.35/unit;£0.27/100ml;energy-drinks;47;0;12;11;0;0;-1;0.19
monster-energy-500ml;Monster Energy 500ml;£1.35/unit;£0.27/100ml;sports-energy-drinks;47;0;12;11;0;0;-1;0.19
monster-energy-assault-500ml;Monster Energy Assault 500ml;£1.35/unit;£0.27/100ml;energy-drinks;48;0;12;11;0;0;-1;0.18
monster-energy-assault-500ml;Monster Energy Assault 500ml;£1.35/unit;£0.27/100ml;sports-energy-drinks;48;0;12;11;0;0;-1;0.18
monster-energy-the-doctor-500ml;Monster Energy The Doctor 500ml;£1.35/unit;£0.27/100ml;energy-drinks;44;0;11;10;0;0;-1;0.02
monster-energy-the-doctor-500ml;Monster Energy The Doctor 500ml;£1.35/unit;£0.27/100ml;sports-energy-drinks;44;0;11;10;0;0;-1;0.02
monster-khaos-500ml;Monster Khaos 500ml;£1.35/unit;£0.27/100ml;energy-drinks;34;0;8.5;7.8;0;0;-1;0.02
monster-khaos-500ml;Monster Khaos 500ml;£1.35/unit;£0.27/100ml;sports-energy-drinks;34;0;8.5;7.8;0;0;-1;0.02
monster-rehab-500ml;Monster Rehab 500ml;£1.35/unit;£0.27/100ml;energy-drinks;10;0;2.7;2.1;0;0;-1;0.15
monster-rehab-500ml;Monster Rehab 500ml;£1.35/unit;£0.27/100ml;sports-energy-drinks;10;0;2.7;2.1;0;0;-1;0.15
monster-ripper-4x500ml;Monster Ripper 4x500ml;£3.50/unit;£0.18/100ml;energy-drinks;37;0;9.3;8.4;0;0;-1;0.04
monster-ripper-4x500ml;Monster Ripper 4x500ml;£3.50/unit;£0.18/100ml;sports-energy-drinks;37;0;9.3;8.4;0;0;-1;0.04
monster-ripper-energy-juice-500ml;Monster Ripper 500ml;£1.35/unit;£0.27/100ml;energy-drinks;37;0;9.3;8.4;0;0;-1;0.04
monster-ripper-energy-juice-500ml;Monster Ripper 500ml;£1.35/unit;£0.27/100ml;sports-energy-drinks;37;0;9.3;8.4;0;0;-1;0.04
montorsi-negroni-12-month-parma-ham-70g;Montorsi Negroni 12 Month Parma Ham 70g;£3.00/unit;£4.29/100g;continental-meats;239;26.0;0.1;0.1;15.0;4.8;-1;1.9
montorsi-negroni-12-month-parma-ham-70g;Montorsi Negroni 12 Month Parma Ham 70g;£3.00/unit;£4.29/100g;mfp-continental-meats;239;26.0;0.1;0.1;15.0;4.8;-1;1.9
moo-long-life-organic-milk--semi-skimmed-1l;Moo Long Life Organic Milk, Semi Skimmed 1L;£1.10/unit;£1.10/ltr;longer-life-milk;19446;3.5;4.6;4.6;1.6;1;-1;0.11
moo-long-life-organic-milk--whole-1l;Moo Long Life Organic Milk, Whole 1L;£1.10/unit;£1.10/ltr;longer-life-milk;26764;3.4;4.6;4.6;3.5;2.3;-1;0.11
moo-long-life-skimmed-milk--organic-1l;Moo Long Life Skimmed Milk, Organic 1L;£1.10/unit;£1.10/ltr;longer-life-milk;14033;3.5;4.5;4.5;0.1;0;-1;0.11
morliny-sliced-sopocka-loin-80g;Morliny Sliced Sopocka Loin 80g;£1.00/unit;£1.25/100g;continental-meats;100;18;0.4;0.4;2.9;1.0;-1;2.7
morliny-sliced-sopocka-loin-80g;Morliny Sliced Sopocka Loin 80g;£1.00/unit;£1.25/100g;mfp-continental-meats;100;18;0.4;0.4;2.9;1.0;-1;2.7
morliny-wiejska-sausage-80g;Morliny Wiejska Sausage 80g;£1.00/unit;£1.25/100g;continental-meats;122;21;0.2;0.2;4.1;1.5;-1;2.4
morliny-wiejska-sausage-80g;Morliny Wiejska Sausage 80g;£1.00/unit;£1.25/100g;mfp-continental-meats;122;21;0.2;0.2;4.1;1.5;-1;2.4
morliny-wiejska-sausage-80g;Morliny Wiejska Sausage 80g;£1.00/unit;£1.25/100g;mfp-snacking-cooked-sausage;122;21;0.2;0.2;4.1;1.5;-1;2.4
morliny-wiejska-sausage-80g;Morliny Wiejska Sausage 80g;£1.00/unit;£1.25/100g;snacking-cooked-sausage;122;21;0.2;0.2;4.1;1.5;-1;2.4
mornflake-chocolately-squares-500g;Mornflake Chocolatey Squares 500g;£2.20/unit;£0.44/100g;kids-cereals;476;5.9;64.7;32.6;20.5;4.0;4.3;0.03
mornflake-medium-oatmeal-500g;Mornflake Medium Oatmeal 500g;£1.15/unit;£0.23/100g;porridge-oats;367;12.1;56.1;1.0;8.4;1.3;9.1;0.01;;40
mornflake-oatbran-800g;Mornflake Oatbran 800g;£2.00/unit;£0.25/100g;porridge-oats;364;13.4;47.3;1.2;9.4;1.8;18.2;0.01;;40
mornflake-oatbran-flakes-500g;Mornflake Oatbran Flakes 500g;£2.10/unit;£0.42/100g;healthier-cereals;372;-1;63.2;15.4;5.2;0.8;12.4;0.21;0.53
mornflake-oatbran-flakes-very-berry-400g;Mornflake Oatbran Flakes Very Berry 400g;£2.10/unit;£0.53/100g;healthier-cereals;378;12.2;68.6;19.5;4.2;0.8;8.4;0.42
moroccan-butternut-dip-180g;Sainsbury's Moroccan Butternut Dip 180g;£1.40/unit;£0.78/100g;fresh-dips-houmous;123;3.7;12.7;3.5;5.7;0.5;3.2;0.90
mountain-dew-energy-1l;Mountain Dew 1L;£1.50/unit;£0.15/100ml;energy-drinks;48;0;13;13;0;0;-1;0
mountain-dew-energy-1l;Mountain Dew 1L;£1.50/unit;£0.15/100ml;fruit-flavoured;48;0;13;13;0;0;-1;0
mountain-dew-energy-1l;Mountain Dew 1L;£1.50/unit;£0.15/100ml;sports-drinks;48;0;13;13;0;0;-1;0
mountain-dew-energy-1l;Mountain Dew 1L;£1.50/unit;£0.15/100ml;sports-energy-drinks;48;0;13;13;0;0;-1;0
mountain-dew-energy-500ml;Mountain Dew 500ml;£1.25/unit;£0.25/100ml;energy-drinks;48;0;12;12;0;0;0;
mountain-dew-energy-500ml;Mountain Dew 500ml;£1.25/unit;£0.25/100ml;fruit-flavoured;48;0;12;12;0;0;0;
mountain-dew-energy-500ml;Mountain Dew 500ml;£1.25/unit;£0.25/100ml;sports-energy-drinks;48;0;12;12;0;0;0;
mr-brains-2s-222g;Mr Brain's Faggots x2 222g;£1.00/unit;£4.50/kg;frozen-ready-meals;Per 100g nutrition not found
mr-brains-4s-439g;Mr Brain's Faggots x4 439g;£1.40/unit;£3.19/kg;frozen-ready-meals;Per 100g nutrition not found
mr-brains-6s-656g;Mr Brain's Faggots x6 656g;£1.80/unit;£2.74/kg;frozen-ready-meals;Per 100g nutrition not found
mr-freeds-fish-balls-300g;Mr Freed's Fish Balls 300g;£3.75/unit;£1.25/100g;cooked-fish-seafood;-1;16.1;16.1;10;6.6;0.8;-1;0.4
mr-freeds-fish-balls-300g;Mr Freed's Fish Balls 300g;£3.75/unit;£1.25/100g;halal-chilled-foods;-1;16.1;16.1;10;6.6;0.8;-1;0.4
mr-freeds-fish-balls-300g;Mr Freed's Fish Balls 300g;£3.75/unit;£1.25/100g;kosher-chilled-foods;-1;16.1;16.1;10;6.6;0.8;-1;0.4
mr-freeds-fish-balls-300g;Mr Freed's Fish Balls 300g;£3.75/unit;£1.25/100g;mfp-cooked-fish-seafood;-1;16.1;16.1;10;6.6;0.8;-1;0.4
mr-freeds-fish-balls-300g;Mr Freed's Fish Balls 300g;£3.75/unit;£1.25/100g;mfp-snacking-cooked-sausage;-1;16.1;16.1;10;6.6;0.8;-1;0.4
mr-freeds-fish-balls-300g;Mr Freed's Fish Balls 300g;£3.75/unit;£1.25/100g;olives-tapas-antipasti;-1;16.1;16.1;10;6.6;0.8;-1;0.4
mr-freeds-fish-balls-300g;Mr Freed's Fish Balls 300g;£3.75/unit;£1.25/100g;snacking-cooked-sausage;-1;16.1;16.1;10;6.6;0.8;-1;0.4
mr-freeze-freezepops-30x20ml-600g;Calypso Mr Freeze Freezepops 30x20ml;£1.30/unit;£0.22/100g;ice-cream-cones-wafers;11928;0;7;7;0;0;-1;
mr-freeze-freezepops-30x20ml-600g;Calypso Mr Freeze Freezepops 30x20ml;£1.30/unit;£0.22/100g;kids-lunchbox-fruit-desserts;11928;0;7;7;0;0;-1;
mr-freeze-freezepops-30x20ml-600g;Calypso Mr Freeze Freezepops 30x20ml;£1.30/unit;£0.22/100g;lollies-bars-cones;11928;0;7;7;0;0;-1;
mr-kipling-almond-slices-x6;Mr Kipling Almond Slices x6;£1.60/unit;£0.27/ea;slices-pies-tarts;412;6.0;54.2;32.1;18.6;5.7;1.8;0.25
mr-kipling-angel-slices-x6;Mr Kipling Angel Slices x6;£1.60/unit;£0.27/ea;slices-pies-tarts;409;2.9;58.3;39.1;18.1;6.1;0.6;0.57
mr-kipling-apple---blackcurrant-pies-x6;Mr Kipling Apple & Blackcurrant Pies x6;£1.00/unit;£0.17/ea;slices-pies-tarts;361;3.5;57.8;27.3;13.2;4.5;1.7;0.33
mr-kipling-apple-pies-x6-432g;Mr Kipling Apple Pies x6 432g;£1.00/unit;£0.17/ea;slices-pies-tarts;349;3.4;53.5;24.7;13.1;4.5;1.5;0.30
mr-kipling-bakewell-slices-x6;Mr Kipling Bakewell Slices x6;£1.60/unit;£0.27/ea;slices-pies-tarts;408;4.1;58.4;35.2;17.4;7.8;1.0;0.45
mr-kipling-bakewell-tart;Mr Kipling Bakewell Tart 280g;£1.00/unit;£1.00/ea;slices-pies-tarts;414;3.7;61.8;37.6;16.7;6.6;1.0;0.33
mr-kipling-banoffee-cake-slices-x6;Mr Kipling Banoffee Cake Slices x6;£1.60/unit;£0.27/ea;slices-pies-tarts;412;3.0;58.8;39.5;18.2;6.2;0.6;0.57
mr-kipling-battenberg-220g;Mr Kipling Battenberg 230g;£1.45/unit;£0.63/100g;sponge-slab-loaf-cakes;416;6.0;70.5;56.6;11.9;3.1;1.3;0.56
mr-kipling-caramel-slices-x6;Mr Kipling Caramel Slices x6;£1.60/unit;£0.27/ea;slices-pies-tarts;441;3.5;54.6;36.0;22.9;8.1;0.8;0.55
mr-kipling-cherry-bakewells-x6;Mr Kipling Cherry Bakewells x6;£1.45/unit;£0.24/ea;slices-pies-tarts;423;3.7;63.1;38.3;17.1;7.1;1.1;0.35
mr-kipling-chocolate-chip-cake-bars-x6;Mr Kipling Chocolate Chip Cake Bars x6;£1.45/unit;£0.29/ea;cake-bars-mini-rolls;440;6.2;56.9;38.9;20.5;8.1;1.5;0.40
mr-kipling-chocolate-slices-x6;Mr Kipling Chocolate Slices x6;£1.60/unit;£0.27/ea;slices-pies-tarts;413;3.2;57.4;39.6;18.6;6.3;1.5;0.57
mr-kipling-country-slices-x6-215g;Mr Kipling Country Slices x6 215g;£1.60/unit;£0.27/ea;slices-pies-tarts;384;4.5;56.9;39.9;15.1;5.1;1.5;0.39
mr-kipling-french-fancies-x8;Mr Kipling French Fancies x8;£1.90/unit;£0.24/ea;muffins-small-cakes;379;2.7;69.6;57.5;9.8;4.4;0.6;0.5
mr-kipling-fruit-pie-selection-x6-432g;Mr Kipling Fruit Pie Selection x6 432g;£1.45/unit;£0.24/ea;slices-pies-tarts;361;3.5;56.3;28.0;13.2;4.5;1.5;0.31
mr-kipling-jam-tarts-x6-235g;Mr Kipling Jam Tarts x6 235g;£1.00/unit;£0.17/ea;slices-pies-tarts;394;3.5;65.1;32.0;13.0;4.5;1.4;0.10
mr-kipling-lemon-fancies-x8;Mr Kipling Lemon Fancies x8;£1.00/unit;£0.13/ea;easter-treats;379;2.6;69.9;57.9;9.8;4.4;0.5;0.50
mr-kipling-lemon-fancies-x8;Mr Kipling Lemon Fancies x8;£1.00/unit;£0.13/ea;muffins-small-cakes;379;2.6;69.9;57.9;9.8;4.4;0.5;0.50
mr-kipling-lemon-slices-x6;Mr Kipling Lemon Slices x6;£1.60/unit;£0.27/ea;slices-pies-tarts;397;2.7;62.7;44.3;15.0;3.3;0.7;0.56
mr-kipling-manor-house-cake;Mr Kipling Manor House Cake;£1.50/unit;£0.38/100g;sponge-slab-loaf-cakes;403;5.3;49.4;34.2;20.2;7.2;1.5;0.30
mr-kipling-mini-battenburgs-x5;Mr Kipling Mini Battenburgs x5;£1.45/unit;£0.29/ea;sponge-slab-loaf-cakes;410;4.2;74.2;62.1;10.4;4.2;1.2;0.41
mr-kipling-st-clemence-slices-x6;Mr Kipling St Clements Slices x6;£1.00/unit;£0.17/ea;easter-treats;412;4.1;60.9;46.6;16.7;4.9;0.8;0.57
mr-kipling-st-clemence-slices-x6;Mr Kipling St Clements Slices x6;£1.00/unit;£0.17/ea;slices-pies-tarts;412;4.1;60.9;46.6;16.7;4.9;0.8;0.57
mr-kipling-treacle-tart;Mr Kipling Treacle Tart;£1.00/unit;£1.00/ea;slices-pies-tarts;383;4.2;63;35.3;12.4;4.2;1.3;0.52
mr-kipling-trifle-bakewells-x6;Mr Kipling Trifle Bakewells x6;£1.45/unit;£0.24/ea;slices-pies-tarts;422;3.7;62.5;36.9;17.3;6.9;0.9;0.31
mr-kipling-victoria-slices-x6;Mr Kipling Victoria Slices x6;£1.60/unit;£0.27/ea;slices-pies-tarts;442;4.7;69.2;40.7;16.0;5.6;1.2;0.60;84002000
mr-kipling-viennese-whirls-x6;Mr Kipling Viennese Whirls x6;£1.00/unit;£0.17/ea;muffins-small-cakes;514;3.8;56.2;27.9;30.2;12.3;1.3;0.59
mrs-balls-chilli-chutney-470g;Mrs Balls Chilli Chutney 470g;£2.10/unit;£0.45/100g;chutneys-pickle-relishes;Per 100g nutrition not found
mrs-balls-original-chutney-470g;Mrs Balls Original Chutney 470g;£2.10/unit;£0.45/100g;chutneys-pickle-relishes;Per 100g nutrition not found
mrs-crimbles-coconut-macaroons-x6-7612243-p-44;Mrs Crimble's Gluten Free Coconut Macaroons x6;£1.20/unit;£0.20/ea;continental-cakes;Per 100g nutrition not found
mrs-crimbles-coconut-macaroons-x6;Mrs Crimble's Gluten Free Coconut Macaroons x6;£1.20/unit;£0.20/ea;continental-cakes;Per 100g nutrition not found
mrs-crimbles-giant-chocolate-macaroon-70g;Mrs Crimble's Gluten Free Giant Chocolate Macaroon 70g;£0.65/unit;£0.65/ea;flapjacks-traybakes-bites;Per 100g nutrition not found
muller-biscuit-corners-6x135g;Müller Crunch Corner Biscuit Yogurt 6x135g;£3.00/unit;£0.37/100g;corners-everyday-yogurts;157;4.1;21.2;17.5;5.9;3.4;-1;0.2
muller-blueberry-corner-150g;Müller Fruit Corner Blueberry Yogurt 150g;£0.70/unit;£0.47/100g;corners-everyday-yogurts;106;4.0;13.2;13.2;3.8;2.4;-1;0.1
muller-breakfast-corners-6x135g;Müller Breakfast Corner Yogurt 6x135g;£3.00/unit;£0.37/100g;breakfast-yogurts;119;5.4;18.2;13.1;2.4;1.5;-1;0.2
muller-breakfast-corners-6x135g;Müller Breakfast Corner Yogurt 6x135g;£3.00/unit;£0.37/100g;corners-everyday-yogurts;119;5.4;18.2;13.1;2.4;1.5;-1;0.2
muller-cherry-corner-150g;Müller Fruit Corner Cherry Yogurt 150g;£0.70/unit;£0.47/100g;corners-everyday-yogurts;107;4.0;13.4;13.4;3.8;2.4;-1;0.2
muller-cookies---cream-corner-135g;Müller Crunch Corner Ltd Edition 135g;£0.70/unit;£0.52/100g;corners-everyday-yogurts;140;4.1;18.2;16.6;5.4;3.4;-1;0.1
muller-corner-banana-chocolate-flake-135g;Müller Crunch Corner Banana Chocolate Flakes Yogurt 135g;£0.70/unit;£0.52/100g;corners-everyday-yogurts;143;4.3;19.3;16.8;5.1;3.2;-1;0.2
muller-corner-blackberry---raspberry-150g;Müller Fruit Corner Blackberry & Raspberry Yogurt 150g;£0.70/unit;£0.47/100g;corners-everyday-yogurts;107;4.0;13.5;13.5;3.8;2.4;-1;0.2
muller-corner-chocolate-digestive-135g;Müller Crunch Corner Milk Chocolate Digestive Yogurt 135g;£0.70/unit;£70.00/100g;corners-everyday-yogurts;155;4.2;20.8;17.5;5.8;3.4;-1;0.2
muller-corner-toffee-chocolate-hoops-135g;Müller Crunch Corner Toffee Hoops Yogurt 135g;£0.70/unit;£0.52/100g;corners-everyday-yogurts;153;4.1;21.1;18.9;5.5;3.5;-1;0.2
muller-corner-vanilla---chocolate-135g;Müller Crunch Corner Vanilla Chocolate Balls Yogurt 135g;£0.70/unit;£0.52/100g;corners-everyday-yogurts;148;3.9;20.4;18.2;5.3;3.3;-1;0.2
muller-crunch-corner-cheesecake-x6;Müller Crunch Corner Cheesecake Yogurt x6;£3.00/unit;£0.37/100g;corners-everyday-yogurts;155;3.6;24.3;17.5;4.6;2.2;-1;0.4
muller-crunch-corners-6x135g;Müller Crunch Corner Yogurt 6x135g;£3.00/unit;£0.37/100g;corners-everyday-yogurts;143;4.3;19.3;16.8;5.1;3.2;-1;0.2
muller-de-luxe-champagne-corners-2x130g;Müller De Luxe Corner Champagne Yogurt 2x130g;£1.30/unit;£0.50/100g;corners-everyday-yogurts;-1;-1;-1;-1;-1;-1;-1;-1
muller-de-luxe-champagne-corners-2x130g;Müller De Luxe Corner Champagne Yogurt 2x130g;£1.30/unit;£0.50/100g;luxury-yogurts;-1;-1;-1;-1;-1;-1;-1;-1
muller-de-luxe-champagne-corners-2x130g;Müller De Luxe Corner Champagne Yogurt 2x130g;£1.30/unit;£0.50/100g;rice-dessert-style-yogurts;-1;-1;-1;-1;-1;-1;-1;-1
muller-de-luxe-mint-corners-2x130g;Müller De Luxe Corner Mint Yogurt 2x130g;£1.30/unit;£0.50/100g;corners-everyday-yogurts;203;3.2;24.5;22.0;10.0;6.0;-1;0.1
muller-de-luxe-mint-corners-2x130g;Müller De Luxe Corner Mint Yogurt 2x130g;£1.30/unit;£0.50/100g;luxury-yogurts;203;3.2;24.5;22.0;10.0;6.0;-1;0.1
muller-de-luxe-mint-corners-2x130g;Müller De Luxe Corner Mint Yogurt 2x130g;£1.30/unit;£0.50/100g;rice-dessert-style-yogurts;203;3.2;24.5;22.0;10.0;6.0;-1;0.1
muller-fruit-corners-6x150g;Müller Fruit Corner Yogurt 6x150g;£3.00/unit;£0.33/100g;corners-everyday-yogurts;114;4.0;15.2;15.2;3.8;2.4;-1;0.2
muller-greek-corner-black-cherry-150g;Müller Greek Style Corner Cherry Yogurt 150g;£0.70/unit;£0.47/100g;corners-everyday-yogurts;127;4.7;16.0;15.2;4.6;2.8;-1;0.2
muller-greek-corner-black-cherry-150g;Müller Greek Style Corner Cherry Yogurt 150g;£0.70/unit;£0.47/100g;natural-greek-yogurts;127;4.7;16.0;15.2;4.6;2.8;-1;0.2
muller-greek-style-strawberry-crner-150g;Müller Greek Style Corner Strawberry Yogurt 150g;£0.70/unit;£0.47/100g;corners-everyday-yogurts;127;4.7;16.1;16.1;4.6;2.8;-1;0.2
muller-greek-style-strawberry-crner-150g;Müller Greek Style Corner Strawberry Yogurt 150g;£0.70/unit;£0.47/100g;natural-greek-yogurts;127;4.7;16.1;16.1;4.6;2.8;-1;0.2
muller-kids-corners-footballs-4x135g;Müller Corner Kids Yogurt 4x135g;£2.00/unit;£0.37/100g;corners-everyday-yogurts;142;4.1;19.8;16.4;4.9;3.0;-1;0.16
muller-kids-corners-footballs-4x135g;Müller Corner Kids Yogurt 4x135g;£2.00/unit;£0.37/100g;kids-yogurts;142;4.1;19.8;16.4;4.9;3.0;-1;0.16
muller-light-chocolate-6-pack;Müller Light Selection Orange, Vanilla & Cherry with Dark Chocolate 6x165g;£2.00/unit;£0.20/100g;diet-low-fat-yogurts;60;3.3;10.3;9.1;0.4;0.2;-1;0.1
muller-light-limited-edition-165g;Müller Light Limited Edition Yogurt (flavour may vary) 165g;£0.70/unit;£0.42/100g;diet-low-fat-yogurts;56;4.5;7.6;7.3;0.5;0.3;-1;0.2
muller-light-smooth-choc-dessert-4x100g;Müller Light Dessert Mischievous Milk Chocolate 4x100g;£1.50/unit;£0.38/100g;diet-low-fat-yogurts;99;2.6;16.8;12.3;2.0;1.2;-1;0.1
muller-light-smooth-choc-dessert-4x100g;Müller Light Dessert Mischievous Milk Chocolate 4x100g;£1.50/unit;£0.38/100g;rice-dessert-style-yogurts;99;2.6;16.8;12.3;2.0;1.2;-1;0.1
muller-light-vanilla---chocolate-165g;Müller Light Vanilla & Dark Chocolate Yogurt 165g;£0.70/unit;£0.42/100g;diet-low-fat-yogurts;54;4.3;7.4;7.1;0.5;0.3;-1;0.2
muller-ltd-edition-corners-6x135g;Müller Corner Ltd Edition Yogurt 6x135g;£3.00/unit;£0.37/100g;corners-everyday-yogurts;127;2.8;23.5;22.3;2.2;1.4;-1;0.1
muller-orange-crunch-corner-135g;Müller Corner Ltd Edition Yogurt 135g;£0.70/unit;£0.52/100g;corners-everyday-yogurts;109;3.8;14.3;13.6;3.8;2.4;-1;0.14
muller-peach---apricot-corner-150g;Müller Fruit Corner Peach & Apricot Yogurt 150g;£0.70/unit;£0.47/100g;corners-everyday-yogurts;109;4.0;13.9;13.9;3.8;2.4;-1;0.2
muller-rice-apple-190g;Müller Rice Apple 180g;£0.70/unit;£0.39/100g;rice-dessert-style-yogurts;107;3.0;18.8;13.3;2.2;1.3;-1;0.2
muller-rice-banana---toffee-190g;Müller Rice Banana & Toffee 180g;£0.70/unit;£0.39/100g;rice-dessert-style-yogurts;108;3.0;19.1;13.3;2.2;1.3;-1;0.2
muller-rice-original-190g;Müller Rice Original 180g;£0.70/unit;£0.39/100g;rice-dessert-style-yogurts;101;3.4;16.1;10.0;-1;1.5;-1;0.2
muller-rice-pineapple---caramelised-sugar--limited-edition-190g;Müller Rice, Limited Edition 180g;£0.70/unit;£0.39/100g;rice-dessert-style-yogurts;106;3.1;18.4;12.8;2.2;1.3;-1;0.4
muller-rice-strawberry-190g;Müller Rice Strawberry 180g;£0.70/unit;£0.39/100g;rice-dessert-style-yogurts;106;3.0;18.6;12.8;2.2;1.3;-1;0.2
muller-rice-vanilla-190g;Müller Rice Vanilla 180g;£0.70/unit;£0.39/100g;rice-dessert-style-yogurts;111;3.2;19.0;13.6;2.5;1.4;-1;0.2
muller-strawberry-corner-150g;Müller Fruit Corner Strawberry Yogurt 150g;£0.70/unit;£0.47/100g;corners-everyday-yogurts;114;4.0;15.2;15.2;3.8;2.4;-1;0.2
muller-strawberry-shortcake-corner-135g;Müller Crunch Corner Strawberry Shortcake Yogurt 135g;£0.70/unit;£0.52/100g;corners-everyday-yogurts;157;4.1;21.2;17.5;5.9;3.4;-1;0.2
mullerlight-banana---custard-175g;Müller Light Banana & Custard Yogurt 175g;£0.70/unit;£0.40/100g;diet-low-fat-yogurts;54;4.2;8.5;7.7;0.1;0.1;-1;0.2
mullerlight-cherry-175g;Müller Light Cherry Yogurt 175g;£0.70/unit;£0.40/100g;diet-low-fat-yogurts;48;4.3;6.9;6.4;0.1;0.1;-1;0.2
mullerlight-citrus-fruit-6x175g;Müller Light Citrus Fruit Yogurt 6x175g;£2.00/unit;£0.19/100g;diet-low-fat-yogurts;23355;3.9;9.0;7.9;0.1;0.1;0;0.1
mullerlight-raspberry---cranberry-175g;Müller Light Raspberry & Cranberry Yogurt 175g;£0.70/unit;£0.40/100g;diet-low-fat-yogurts;21751;3.9;8.1;7.0;0.1;0.1;0.5;0.1
mullerlight-red-fruit-6x175g;Müller Light Red Fruit Yogurt 6x175g;£2.00/unit;£0.19/100g;diet-low-fat-yogurts;21751;3.9;8.1;7.1;0.1;0.1;0.2;0.1
mullerlight-strawberry-175g;Müller Light Strawberry Yogurt 175g;£0.70/unit;£0.40/100g;diet-low-fat-yogurts;51;4.2;7.8;7.1;0.1;0.1;-1;0.2
mullerlight-toffee---vanilla-6x175g;Müller Light Toffee & Vanilla Yogurt 6x175g;£2.00/unit;£0.19/100g;diet-low-fat-yogurts;51;4.1;7.9;7.1;0.1;0.1;-1;0.2
mullerlight-toffee-175g;Müller Light Toffee Yogurt 175g;£0.70/unit;£0.40/100g;diet-low-fat-yogurts;51;4.1;7.9;7.1;0.1;0.1;-1;0.2
mullerlight-vanilla-175g;Müller Light Vanilla Yogurt 175g;£0.70/unit;£0.40/100g;diet-low-fat-yogurts;51;4.4;7.5;7.0;0.1;0.1;-1;0.2
munch-bunch-apple---strawberry-pouches-4x90g;Munch Bunch Apple & Strawberry Yogurt Squashums 4x90g;£1.95/unit;£0.54/100g;kids-yogurts;67;0.4;15.7;14.0;0.3;0.0;-1;0.0
munch-bunch-double-up-banana-4x85g;Munch Bunch Double Up Fromage Frais Strawberry & Banana 4x85g;£1.70/unit;£0.50/100g;kids-yogurts;104;6.1;13.9;13.5;2.7;1.8;-1;0.1
munch-bunch-double-up-fromage-frais-strawberry---chocolate-4x85g;Munch Bunch Double Up Fromage Frais Strawberry & Chocolate 4x85g;£1.70/unit;£0.50/100g;kids-yogurts;112;6.2;15.0;14.5;3.0;2.0;-1;0.1
munch-bunch-double-up-strawberry---raspberry-4x85g;Munch Bunch Double Up Fromage Frais Strawberry & Raspberry 4x85g;£1.70/unit;£0.50/100g;kids-yogurts;103;5.9;13.9;13.4;2.7;1.8;-1;0.1
munch-bunch-double-up-vanilla-4x85g;Munch Bunch Double Up Fromage Frais Strawberry & Vanilla 4x85g;£1.70/unit;£0.50/100g;kids-yogurts;103;5.9;13.9;13.4;2.7;1.7;-1;0.1
munch-bunch-fromage-frais-6x42g;Munch Bunch Fromage Frais 6x42g;£1.70/unit;£0.67/100g;kids-yogurts;103;5.7;13.3;12.7;3.0;1.9;-1;0.1
munch-bunch-fruit-yogurt-4x100g;Munch Bunch Fruit Yogurt 4x100g;£1.70/unit;£0.43/100g;kids-yogurts;95;4.0;13.0;12.4;3.0;1.9;-1;0.2
munch-bunch-raspberry---strawberry-pouches-4x80g;Munch Bunch Raspberry & Strawberry Pouches 4x80g;£1.95/unit;£0.61/100g;kids-yogurts;Per 100g nutrition not found
munch-bunch-seasonal-squashums-6x60g;Munch Bunch Seasonal Squashums Yogurt 6x60g;£1.95/unit;£0.54/100g;kids-yogurts;94;3.9;13.6;13.2;2.7;1.8;-1;0.3
munch-bunch-strawberry---raspberry-6x42g;Munch Bunch Strawberry & Raspberry 6x42g;£1.70/unit;£0.67/100g;kids-yogurts;102;5.7;13.3;12.6;3;1.9;-1;0.1
munch-bunch-strawberry-drinky-6x90g;Munch Bunch Strawberry Drinky 6x90g;£1.95/unit;£0.36/100g;kids-yogurts;76;2.8;13.1;12.7;1.3;0.9;-1;0.1
munch-bunch-strawberry-jelly-4x85g;Munch Bunch Jelly Delight Strawberry 4x85g;£1.70/unit;£0.50/100g;kids-yogurts;86;3.9;13.9;13.2;1.6;1.1;-1;0.1
munch-bunch-strawberry-jelly-4x85g;Munch Bunch Jelly Delight Strawberry 4x85g;£1.70/unit;£0.50/100g;rice-dessert-style-yogurts;86;3.9;13.9;13.2;1.6;1.1;-1;0.1
napolina-balsamic-vinegar-2-250ml;Napolina Balsamic Vinegar 250ml;£2.50/unit;£10.00/ltr;vinegar;555135;1.5;27.0;25.0;0;0;0;;
natures-finest-mandarins-in-juice-220g;Nature's Finest Mandarins In Juice 220g;£1.00/unit;£4.55/kg;dessert-fruit;Per 100g nutrition not found
natures-finest-mandarins-in-juice-390g;Nature's Finest Mandarins In Juice 390g;£1.50/unit;£3.85/kg;dessert-fruit;Per 100g nutrition not found
natures-finest-mango-slices-in-juice-400g;Nature's Finest Mango Slices In Juice 400g;£1.50/unit;£3.75/kg;dessert-fruit;Per 100g nutrition not found
natures-finest-peach---pear-in-juice-400g;Nature's Finest Peach & Pear In Juice 400g;£1.50/unit;£3.75/kg;dessert-fruit;Per 100g nutrition not found
natures-finest-peach--pear---pineapple-in-juice-400g;Nature's Finest Pear, Peach & Pineapple 400g;£1.50/unit;£3.75/kg;dessert-fruit;Per 100g nutrition not found
natures-finest-peach-chunks-in-juice-113g;Nature's Finest Peach Chunks In Juice 113g;£0.60/unit;£0.53/100g;dessert-fruit;23455;0.2;12.7;12.7;0.1;0.1;1.4;0.1
natures-finest-peach-in-juice-700g;Nature's Finest Peach in Juice 700g;£2.25/unit;£3.21/kg;dessert-fruit;Per 100g nutrition not found
natures-finest-peach-slices-juice-400g;Nature's Finest Peach Slices Juice 400g;£1.50/unit;£3.75/kg;dessert-fruit;Per 100g nutrition not found
natures-finest-peaches-in-juice-220g;Nature's Finest Peaches In Juice 220g;£1.00/unit;£4.55/kg;dessert-fruit;Per 100g nutrition not found
natures-finest-pear--peach---pineapple-700g;Nature's Finest Pear, Peach & Pineapple 700g;£2.25/unit;£3.21/kg;dessert-fruit;Per 100g nutrition not found
natures-finest-pears-in-juice-400g;Nature's Finest Pears In Juice 400g;£1.50/unit;£3.75/kg;dessert-fruit;Per 100g nutrition not found
natures-finest-pears-in-juice-700g;Nature's Finest Pears In Juice 700g;£2.25/unit;£3.21/kg;dessert-fruit;Per 100g nutrition not found
natures-finest-pineapple-chunks-in-juice-113g;Nature's Finest Pineapple Chunks In Juice 113g;£0.60/unit;£0.53/100g;dessert-fruit;26062;0.6;14.4;10.9;0.1;0.1;1.4;0.1;
natures-finest-pineapple-chunks-in-juice-400g;Nature's Finest Pineapple Chunks In Juice 400g;£1.50/unit;£3.75/kg;dessert-fruit;Per 100g nutrition not found
natures-finest-pineapple-in-juice-220g;Nature's Finest Pineapple In Juice 220g;£1.00/unit;£4.55/kg;dessert-fruit;Per 100g nutrition not found
natures-finest-prunes-in-juice-400g;Nature's Finest Prunes In Juice 400g;£1.50/unit;£3.75/kg;dessert-fruit;Per 100g nutrition not found
natures-finest-prunes-in-juice-700g;Nature's Finest Prunes in Juice 700g;£2.25/unit;£3.21/kg;dessert-fruit;Per 100g nutrition not found
natures-finest-tropical-fruit-220g;Nature's Finest Tropical Fruit 220g;£1.00/unit;£4.55/kg;dessert-fruit;Per 100g nutrition not found
natures-finest-tropical-fruit-salad-in-juice-113g;Nature's Finest Tropical Fruit Salad In Juice 113g;£0.60/unit;£0.53/100g;dessert-fruit;25059;2.5;11.9;11.4;0.1;0.1;0.6;0.1;
natures-finest-tropical-fruit-salad-in-juice-400g;Nature's Finest Tropical Fruit Salad In Juice 400g;£1.50/unit;£3.75/kg;dessert-fruit;Per 100g nutrition not found
natures-finest-tropical-fruit-salad-in-juice-700g;Nature's Finest Tropical Fruit Salad in Juice 700g;£2.25/unit;£3.21/kg;dessert-fruit;Per 100g nutrition not found
natures-path-gluten-free-porridge-sachets-8x28g;Nature's Path Gluten Free Porridge Sachets 8x28g;£2.99/unit;£1.33/100g;porridge-oats;425;15;75;0;6.3;1.3;10;0
natures-store-hazelnut---cocoa-spread-350g;Nature's Store Hazelnut & Chocolate Spread 350g;£2.29/unit;£0.65/100g;chocolate-sweet-spreads;539;3.8;59.3;58.0;31.0;11.0;3.9;0.013
nescaf%C3%A9-azera-barista-style-instant-coffee-60g;Nescafe Azera Americano Barista Style Instant Coffee 60g;£3.00/unit;£5.00/100g;instant-coffee;Per 100g nutrition not found
nescaf%C3%A9-caf%C3%A9-menu-cappuccino-10x18g;Nescafe Café Menu Cappuccino 10x17g;£1.60/unit;£0.94/100g;instant-coffee;28;0.6;5.1;4.0;0.5;0.4;0.3;0.06
nescaf%C3%A9-caf%C3%A9-menu-cappuccino-decaff-10x16g;Nescafe Café Menu Cappuccino Decaff 10x16g;£1.60/unit;£1.06/100g;instant-coffee;24;0.6;4.3;3.2;0.4;0.4;0.3;0.06
nescaf%C3%A9-caf%C3%A9-menu-cappuccino-skinny-10x16g;Nescafe Café Menu Cappuccino Skinny 10x16g;£1.60/unit;£1.11/100g;instant-coffee;21;1.3;3.2;2.3;0.3;0.3;0.3;0.06
nescaf%C3%A9-caf%C3%A9-menu-latte-caramel-x8-17g;Nescafe Café Menu Latte Caramel 8x17g;£1.60/unit;£1.18/100g;instant-coffee;29;0.6;5.3;4.0;0.6;0.5;0.2;0.08
nescaf%C3%A9-caf%C3%A9-menu-latte-irish-cream-x8-23g;Nescafe Café Menu Latte Irish Cream 8x22g;£1.60/unit;£0.91/100g;instant-coffee;38;0.8;6.6;5.1;0.9;0.8;0.3;0.05
nescaf%C3%A9-caf%C3%A9-menu-latte-skinny-x8-20g;Nescafe Café Menu Latte Skinny 8x19.5g;£1.60/unit;£1.02/100g;instant-coffee;31;1.9;4.5;3.4;0.5;0.4;0.3;0.09
nescaf%C3%A9-caf%C3%A9-menu-latte-vanilla-8x185g;Nescafe Café Menu Latte Vanilla 8x18.5g;£1.60/unit;£0.82/100g;instant-coffee;32;0.7;5.7;4.3;0.7;0.6;0.2;0.08
nescaf%C3%A9-caf%C3%A9-menu-mocha-double-choca-x8-23g;Nescafe Café Menu Mocha Double Choca 8x23g;£1.60/unit;£0.87/100g;instant-coffee;39;0.9;6.7;5.2;0.8;0.7;0.5;0.09
nescaf%C3%A9-caf%C3%A9-menu-mocha-skinny-x8-21g;Nescafe Café Menu Mocha Skinny 8x21g;£1.60/unit;£0.95/100g;instant-coffee;32;1.2;5.9;5.1;0.3;0.3;0.4;0.09
nescaf%C3%A9-caf%C3%A9-menu-mocha-x8-22g;Nescafe Café Menu Mocha 8x22g;£1.60/unit;£0.91/100g;instant-coffee;38;0.8;6.7;5.3;0.8;0.7;0.4;0.07
nescaf%C3%A9-cappuccino-decaff--unsweetened-160g;Nescafe Cafe Menu Cappuccino Decaff, Unsweetened 10x15g;£1.60/unit;£1.06/100g;instant-coffee;25;0.8;3.3;1.8;0.9;0.8;0.3;0.08
nescaf%C3%A9-gold-blend-decaff-100g;Nescafe Gold Blend Decaff Instant Coffee 100g;£3.50/unit;£3.50/100g;instant-coffee;1;0.1;0;0;0;0;0.3;;1.8200.100
nescaf%C3%A9-original-decaff-instant-coffee-100g;Nescafe Original Decaff Instant Coffee 100g;£3.00/unit;£3.00/100g;instant-coffee;1;0.1;0;0;0;0;0.3;;1.8200.100
nescaf%C3%A9-original-decaff-instant-coffee-200g;Nescafe Original Decaff Instant Coffee 200g;£4.00/unit;£2.00/100g;instant-coffee;1;0.1;0;0;0;0;0.3;;1.8200.100
nescaf%C3%A9-original-instant-coffee-500g;Nescafe Original 500g;£11.00/unit;£2.20/100g;instant-coffee;118;7.8;3.1;3.1;0.2;0.1;34.1;0.25;1.8200
nescafe-azera-americano-barista-style-instant-coffee-100g;Nescafe Azera Americano Barista Style Instant Coffee 100g;£4.00/unit;£4.00/100g;instant-coffee;Per 100g nutrition not found
nescafe-azera-intenso-barista-style-instant-coffee-100g;Nescafe Azera Intenso Barista Style Instant Coffee 100g;£4.00/unit;£4.00/100g;instant-coffee;Per 100g nutrition not found
nescafe-caf%C3%A9-menu-latte-gusto-cremoso-8x195g;Nescafe Café Menu Latte 8x19.5g;£1.60/unit;£1.02/100g;instant-coffee;35;1.1;4.5;2.5;1.3;1.2;0.2;0.08
nescafe-cappuccino-strong-145g;Nescafe Café Menu Cappuccino Strong 10x14.5g;£1.60/unit;£1.11/100g;instant-coffee;22;0.6;3.7;2.6;0.4;0.4;0.4;0.03
nescafe-cappuccino-unsweetened-142g;Nescafé Café Menu Cappuccino Unsweetened Taste 10x14.2g;£1.60/unit;£1.13/100g;instant-coffee;24;0.8;3.2;1.7;0.8;0.7;0.3;0.08
nescafe-dolce-gusto-cafe-au-lait-16x10g;Nescafe Dolce Gusto Café au Lait Pods 16x10g;£3.75/unit;£2.34/100g;coffee-machine-pods;Per 100g nutrition not found
nescafe-dolce-gusto-cappuccino-2x8-pods;Nescafe Dolce Gusto Cappuccino Pods x8;£3.75/unit;£1.88/100g;coffee-machine-pods;Per 100g nutrition not found
nescafe-dolce-gusto-chai-tea-latte-x8;Nescafe Dolce Gusto Chai Tea Latte Pods x8;£3.75/unit;£2.36/100g;coffee-machine-pods;Per 100g nutrition not found
nescafe-dolce-gusto-chococino-2x8-pods;Nescafe Dolce Gusto Chococino Pods x8;£3.75/unit;£1.39/100g;coffee-machine-pods;Per 100g nutrition not found
nescafe-dolce-gusto-cortado-x16;Nescafe Dolce Gusto Cortado Espresso Macchiato Pods x16;£3.75/unit;£3.75/100g;coffee-machine-pods;Per 100g nutrition not found
nescafe-dolce-gusto-latte-macchiato-194g;Nescafe Dolce Gusto Latte Macchiato Pods x8;£3.75/unit;£1.93/100g;coffee-machine-pods;428;195;328;328;219;128;104;043
nescafe-dolce-gusto-mocha-x16-216g-7585199-p-44;Nescafe Dolce Gusto Mocha Pods x8;£3.75/unit;£1.74/100g;coffee-machine-pods;Per 100g nutrition not found
nescafe-dolce-gusto-skinny-cappuccino;Nescafe Dolce Gusto Cappuccino Skinny Pods x8;£3.75/unit;£2.33/100g;coffee-machine-pods;Per 100g nutrition not found
nescafe-dolce-gusto-skinny-latte-macchiato-154g;Nescafe Dolce Gusto Latte Macchiato Skinny Pods x8;£3.75/unit;£2.44/100g;coffee-machine-pods;Per 100g nutrition not found
nescafe-gold-blend-decaff-instant-coffee-200g;Nescafe Gold Blend Decaff Instant Coffee 200g;£6.40/unit;£3.20/100g;instant-coffee;1;0.1;0;0;0;0;0.3;;1.8200.100
nescafe-original-2in1-white-coffee-5x10g;Nescafe Original 2in1 White Coffee 5x10g;£1.00/unit;£2.00/100g;instant-coffee;23;0.4;2.9;0.9;1.1;0.9;0.1;0.08
nescafe-original-3in1-white-coffee---sugar-5x17g;Nescafe Original 3in1 White Coffee & Sugar 5x17g;£1.00/unit;£1.18/100g;instant-coffee;36;0.4;6.5;4.6;0.9;0.8;0.1;0.06
nesquik-chocolate-powder-300g;Nesquik Chocolate Flavour Milkshake Mix 300g;£2.00/unit;£6.67/kg;milk-shake-mixes;380;5.1;79.6;76.7;3.2;1.4;6.2;0.33
nesquik-strawberry-powder-300g;Nesquik Strawberry Flavour Milkshake Mix 300g;£2.00/unit;£6.67/kg;milk-shake-mixes;391;0.1;97.6;78.0;0.0;0.0;0.0;0.05
nestl%C3%A9-caramac-single-bar--caramel;Nestle Caramac Single Bar, Caramel;£0.60/unit;£2.00/100g;chocolate;571;5.9;55.5;55.5;36.1;29.8;0;0.30;
nestl%C3%A9-cheerios-375g;Nestle Cheerios 375g;£2.50/unit;£0.67/100g;family-cereals;378;8.6;74.2;20.8;3.6;0.8;7.4;1.00
nestl%C3%A9-cheerios-375g;Nestle Cheerios 375g;£2.50/unit;£0.67/100g;kids-cereals;378;8.6;74.2;20.8;3.6;0.8;7.4;1.00
nestl%C3%A9-chocolatey-cheerios-330g;Nestle Chocolatey Cheerios 330g;£2.00/unit;£0.61/100g;family-cereals;385;8.5;73.2;25.2;4.9;1.1;6.9;1.01
nestl%C3%A9-cookie-crisp-565g;Nestle Cookie Crisp 565g;£2.80/unit;£0.50/100g;kids-cereals;383;6.9;79.1;24.2;3.2;1.2;5.2;0.84
nestl%C3%A9-favourites-treat-size-x22-310g;Nestle Favourites Treat Size x22 310g;£3.50/unit;£1.13/100g;chocolate;471;5.0;68.1;64.1;19.6;11.2;1.0;0.15;
nestl%C3%A9-funtastic-traybake-%28-serves-15-%29;Nestle Funtastic Traybake (Serves 15);£7.00/unit;£7.00/ea;celebration-cakes;412;4.4;57.4;42.0;17.6;4.3;3.4;0.45;
nestl%C3%A9-honey-cheerios-375g;Nestle Honey Cheerios 375g;£2.50/unit;£0.67/100g;family-cereals;377;8.1;75.2;24.0;3.2;0.6;7.0;1.06
nestl%C3%A9-honey-nut-shredded-wheat-500g;Nestle Honey Nut Shredded Wheat 500g;£2.50/unit;£0.50/100g;healthier-cereals;Per 100g nutrition not found
nestl%C3%A9-nobbly-bobbly-4x70ml;Nestle Nobbly Bobbly 4x70ml;£2.00/unit;£0.71/100ml;lollies-bars-cones;316;2.7;38.5;31.3;16.7;7.5;0.6;0.04;0.10
nestl%C3%A9-pure-life-water-12x500ml;Nestle Pure Life Water 12x500ml;£2.00/unit;£0.03/100ml;still-water;Per 100g nutrition not found
nestl%C3%A9-pure-life-water-12x500ml;Nestle Pure Life Water 12x500ml;£2.00/unit;£0.03/100ml;water-bigger-multipacks;Per 100g nutrition not found
nestl%C3%A9-shredded-wheat-bitesize-750g;Nestle Shredded Wheat Bitesize 750g;£2.00/unit;£0.27/100g;bigger-packs;369;11.8;69.6;0.7;2.2;0.5;11.8;0.05
nestl%C3%A9-shreddies-1kg;Nestle Shreddies 1kg;£3.90/unit;£0.39/100g;bigger-packs;370;10.4;72.4;14.9;2.1;0.3;10.3;0.75
nestl%C3%A9-shreddies-750g;Nestle Shreddies 750g;£3.40/unit;£0.45/100g;bigger-packs;370;10.4;72.4;14.9;2.1;0.3;10.3;0.75
nestl%C3%A9-smarties-little-gift-cake;Nestle Smarties Little Gift Cake;£3.50/unit;£3.50/cake;celebration-cakes;461;5.5;53.5;42.1;24.5;10.1;2.1;0.20;0.50;.
nestle-aero-bubbles-white-chocolate-pouch-113g;Nestle Aero Bubbles White Chocolate Pouch 113g;£1.50/unit;£1.33/100g;chocolate;Per 100g nutrition not found
nestle-cheerios-600g;Nestle Cheerios 600g;£3.20/unit;£0.53/100g;family-cereals;378;8.6;74.2;20.8;3.6;0.8;7.4;1.00
nestle-cheerios-600g;Nestle Cheerios 600g;£3.20/unit;£0.53/100g;kids-cereals;378;8.6;74.2;20.8;3.6;0.8;7.4;1.00
nestle-chocolate-lion-cereal-400g;Nestle Chocolate Lion Cereal 400g;£2.00/unit;£0.50/100g;kids-cereals;412;7.3;76.0;28.8;7.6;3.0;5.0;0.50
nestle-coco-shreddies-500g;Nestle Coco Shreddies 500g;£2.50/unit;£0.50/100g;family-cereals;374;8.8;75.2;28.5;2.2;0.6;9.0;0.62
nestle-milkybar-giant-chocolate-buttons-pouch-126g;Nestle Milkybar Giant Chocolate Buttons Pouch 126g;£1.50/unit;£1.19/100g;chocolate;546;7.5;57.7;57.3;31.6;18.8;0;0.40;
nestle-milkybar-multipack-x4-25g;Nestle Milkybar Multipack x4 25g;£1.50/unit;£1.50/100g;chocolate;546;7.5;57.7;57.3;31.6;18.8;0;0.40;
nestle-munch-bunch-squashums-strawberry---peach-6x60g;Munch Bunch Squashums Strawberry & Peach Yogurt 6x60g;£1.95/unit;£0.54/100g;kids-yogurts;94;3.9;13.6;13.2;2.7;1.8;-1;0.3
nestle-munchies-chocolate-pouch-126g;Nestle Munchies Chocolate Pouch 126g;£1.50/unit;£1.19/100g;chocolate;493;5.5;62.9;59.1;24.0;13.8;1.5;0.30
nestle-tip-top-cream-160g;Nestle Tip Top Cream 160g;£0.60/unit;£0.38/100g;dessert-milk-cream;Per 100g nutrition not found
nestle-toffee-crisp-bitesize-chocolate-pouch-120g;Nestle Toffee Crisp Bitesize Chocolate Pouch 120g;£1.50/unit;£1.25/100g;chocolate;Per 100g nutrition not found
nestle-yorkie-man-size-buttons-pouch-120g;Nestle Yorkie Man Size Buttons Pouch 120g;£1.50/unit;£1.25/100g;chocolate;543;6.5;55.1;54.2;31.5;19.9;2.1;0.28;
new-covent-garden-carrot---coriander-soup-600g;New Covent Garden Carrot & Coriander Soup 600g;£2.00/unit;£0.33/100g;fresh-soups;14936;0.6;4.2;3.2;1.5;0.9;1.4;0.45;
new-covent-garden-kale---nutmeg-soup-600g;New Covent Garden Kale & Nutmeg Soup 600g;£2.00/unit;£0.33/100g;fresh-soups;13933;1.0;3.9;0.9;1.3;0.7;1.0;0.63;
new-covent-garden-lentil---bacon-soup-600g;New Covent Garden Lentil & Smoked Bacon Soup 600g;£2.00/unit;£0.33/100g;fresh-soups;21351;3.7;8.9;4.6;1.0;0.2;4.3;0.46;
new-covent-garden-minestrone-soup-600g;New Covent Garden Minestrone with Pancetta Soup 600g;£2.00/unit;£0.33/100g;fresh-soups;21451;2.3;5.6;2.5;1.9;0.6;1.2;0.48;
new-covent-garden-our-best-chicken-soup-600g;New Covent Garden British Chicken Soup 600g;£2.00/unit;£0.33/100g;fresh-soups;35685;3.1;5.2;1.1;5.8;2.3;0.5;0.75;
new-covent-garden-pea---ham-soup-600g;New Covent Garden Pea, Ham & Leek Soup 600g;£2.00/unit;£0.33/100g;fresh-soups;18845;3.1;4.8;1.8;1.1;0.6;1.6;0.68;
new-covent-garden-potato---leek-soup-600g;New Covent Garden Potato & Leek Soup 600g;£2.00/unit;£0.33/100g;fresh-soups;22453;0.9;6.8;1.7;2.2;1.3;1.4;0.68;
new-covent-garden-pulled-pork---bean-soup-600g;New Covent Garden Pulled Pork & Bean Soup 600g;£2.20/unit;£0.37/100g;fresh-soups;15837;2.1;4.7;2.7;0.9;0.3;1.2;0.38;
new-covent-garden-red-pepper-gumbo-soup-600g;New Covent Garden Red Pepper Gumbo Soup 600g;£2.20/unit;£0.37/100g;fresh-soups;19847;1.5;6.7;3.5;1.2;0.1;1.8;0.38;
new-covent-garden-seasonal-vegetable-soup-600g;New Covent Garden Vegetable Soup 600g;£2.00/unit;£0.33/100g;fresh-soups;15738;1.3;4.6;3.0;1.1;0.6;2.0;0.43;
new-covent-garden-skinny-goan-spiced-chicken-soup-600g;New Covent Garden Skinny Goan Spiced Chicken Soup 600g;£2.00/unit;£0.33/100g;fresh-soups;18444;3.3;5.7;2.9;0.4;0.1;1.9;0.28;
new-covent-garden-skinny-tomato--vegetable---lentil-soup-600g;New Covent Garden Skinny Tomato, Vegetable & Lentil Soup 600g;£2.00/unit;£0.33/100g;fresh-soups;18744;2.1;6.1;3.1;0.8;0.1;2.0;0.28;
new-covent-garden-slow-roast-tomato-soup-600g;New Covent Garden Slow Roast Tomato Soup 600g;£2.00/unit;£0.33/100g;fresh-soups;11728;0.9;4.4;4.2;0.4;0.1;1.5;0.35;
new-covent-garden-smokey-tomato---aubergine-soup-600g;New Covent Garden Smokey Tomato & Aubergine Soup 600g;£2.20/unit;£0.37/100g;fresh-soups;13632;1.5;5.4;3.5;0.2;0.1;1.4;0.33;
new-covent-garden-soup-of-the-month-600g;New Covent Garden Soup Of The Month (flavour may vary) 600g;£2.00/unit;£0.33/100g;fresh-soups;16139;0.6;3.9;2.5;2.1;0.2;0.7;0.44;
new-covent-garden-souper-greens---pesto-skinny-soup-600g;New Covent Garden Souper Greens & Pesto Skinny Soup 600g;£2.00/unit;£0.33/100g;fresh-soups;15136;1.6;3.7;2.0;1.2;0.3;2.0;0.28;
new-covent-garden-thai-red-chicken-soup-600g;New Covent Garden Thai Red Chicken Soup 600g;£2.20/unit;£0.37/100g;fresh-soups;24459;2.8;3.6;2.1;3.3;2.5;1.6;0.75;
new-covent-garden-vegetable---supergrain-soup-600g;New Covent Garden Vegetable & Supergrain Soup 600g;£2.00/unit;£0.33/100g;fresh-soups;20349;1.1;6.7;2.8;1.5;0.1;1.9;0.48;
new-covent-garden-wild-mushroom-soup-600g;New Covent Garden Wild Mushroom Soup 600g;£2.00/unit;£0.33/100g;fresh-soups;11327;1.0;1.9;0.9;1.4;0.8;1.5;0.55;
new-york-bakery-co-cinnamon---raisin-bagels-x5;New York Bakery Co. Cinnamon & Raisin Bagels x5;£1.60/unit;£0.32/ea;wraps-bagels-pittas;1115263;10.5;50.1;8.4;1.6;0.2;3.5;0.3;0.8
new-york-bakery-co-cinnamon---raisin-mini-bagels-x8;New York Bakery Co. Cinnamon & Raisin Mini Bagels x8;£1.60/unit;£0.20/ea;wraps-bagels-pittas;265;10.5;50.1;8.4;1.6;0.2;3.5;0.8
new-york-bakery-co-garlic---herb-bagel-x4;New York Bakery Co. Garlic & Herb Bagel x4;£1.60/unit;£0.40/ea;wraps-bagels-pittas;257;10.3;49.2;6.0;1.3;0.3;3.4;0.7
new-york-bakery-co-mini-plain-bagels-x8;New York Bakery Co. Mini Plain Bagels x8;£1.60/unit;£0.20/ea;wraps-bagels-pittas;255;10.3;48.9;4.9;1.3;0.2;3.1;0.8
new-york-bakery-co-plain-bagels-x5;New York Bakery Co. Plain Bagels x5;£1.60/unit;£0.32/ea;wraps-bagels-pittas;255;10.3;48.9;4.9;1.3;0.2;3.1;0.8
new-york-bakery-co-red-onion---chive-bagels-x4;New York Bakery Co. Red Onion & Chive Bagels x4;£1.60/unit;£0.40/ea;wraps-bagels-pittas;1058250;10.4;47.2;7.2;1.3;0.2;3.8;0.3;0.9;1190
new-york-bakery-co-seeded-bagels-x4;New York Bakery Co. Seeded Bagels x4;£1.60/unit;£0.44/100g;wraps-bagels-pittas;298;11.9;50.8;4.5;6.6;0.7;6.5;0.64
new-york-bakery-co-sesame-bagels-x5;New York Bakery Co. Sesame Bagels x5;£1.60/unit;£0.32/ea;wraps-bagels-pittas;1124266;10.5;47.3;4.8;2.9;0.7;4.5;0.3;0.8
new-york-bakery-co-wholemeal-bagels-x5;New York Bakery Co. Wholemeal Bagels x5;£1.60/unit;£0.32/ea;wraps-bagels-pittas;1045248;11.9;40.8;4.8;2.5;0.4;7.1;0.4;0.9
no-fear-cherry-motherload-485ml;No Fear Cherry Motherload 485ml;£1.00/unit;£0.21/100ml;energy-drinks;16840;0.0;9.9;9.9;0.0;0.0;-1;0.2
no-fear-cherry-motherload-485ml;No Fear Cherry Motherload 485ml;£1.00/unit;£0.21/100ml;sports-energy-drinks;16840;0.0;9.9;9.9;0.0;0.0;-1;0.2
no-fear-extreme-energy-drink-485ml;No Fear Extreme 485ml;£1.00/unit;£0.21/100ml;energy-drinks;17942;0.4;10.1;10.1;0.0;0.0;-1;0.2
no-fear-extreme-energy-drink-485ml;No Fear Extreme 485ml;£1.00/unit;£0.21/100ml;sports-energy-drinks;17942;0.4;10.1;10.1;0.0;0.0;-1;0.2
no-fear-motherload-apple-485ml;No Fear Motherload Apple 485ml;£1.00/unit;£0.21/100ml;energy-drinks;20649;0.0;11.2;11.2;0.0;0.0;-1;0.2
no-fear-motherload-apple-485ml;No Fear Motherload Apple 485ml;£1.00/unit;£0.21/100ml;sports-energy-drinks;20649;0.0;11.2;11.2;0.0;0.0;-1;0.2
nog-beef---ale-pie-190g;No.G Too Good To Be Gluten Free Beef & Ale Pie 190g;£2.50/unit;£1.32/100g;hot-cold-pies;264;7.6;22.7;0.6;15.3;7.4;2.4;0.8
nog-beef---ale-pie-190g;No.G Too Good To Be Gluten Free Beef & Ale Pie 190g;£2.50/unit;£1.32/100g;lunchtime-snacks;264;7.6;22.7;0.6;15.3;7.4;2.4;0.8
nog-cheese---onion-quiche-130g;No.G Too Good To Be Gluten Free Cheese & Onion Quiche 130g;£2.50/unit;£1.92/100g;deli-meat-alternatives;256;7.1;21.0;1.9;15.6;8.1;1.4;0.6
nog-cheese---onion-quiche-130g;No.G Too Good To Be Gluten Free Cheese & Onion Quiche 130g;£2.50/unit;£1.92/100g;hot-cold-pies;256;7.1;21.0;1.9;15.6;8.1;1.4;0.6
nog-cheese---onion-quiche-130g;No.G Too Good To Be Gluten Free Cheese & Onion Quiche 130g;£2.50/unit;£1.92/100g;lunchtime-snacks;256;7.1;21.0;1.9;15.6;8.1;1.4;0.6
nog-cheese---onion-quiche-130g;No.G Too Good To Be Gluten Free Cheese & Onion Quiche 130g;£2.50/unit;£1.92/100g;quiche;256;7.1;21.0;1.9;15.6;8.1;1.4;0.6
nog-chicken--bacon---leek-pie-190g;No.G Too Good To Be Gluten Free Chicken, Bacon & Leek Pie 190g;£2.50/unit;£1.32/100g;hot-cold-pies;296;6.7;18.0;0.7;20.4;10.6;6.5;0.7
nog-chicken--bacon---leek-pie-190g;No.G Too Good To Be Gluten Free Chicken, Bacon & Leek Pie 190g;£2.50/unit;£1.32/100g;lunchtime-snacks;296;6.7;18.0;0.7;20.4;10.6;6.5;0.7
nog-crustless-garden-vegetable-quiche-150g;No.G Too Good To Be Gluten Free Crustless Garden Vegetable Quiche 150g;£2.50/unit;£1.67/100g;deli-meat-alternatives;206;6.2;12.2;2.3;14.2;6.4;2.7;0.9
nog-crustless-garden-vegetable-quiche-150g;No.G Too Good To Be Gluten Free Crustless Garden Vegetable Quiche 150g;£2.50/unit;£1.67/100g;hot-cold-pies;206;6.2;12.2;2.3;14.2;6.4;2.7;0.9
nog-crustless-garden-vegetable-quiche-150g;No.G Too Good To Be Gluten Free Crustless Garden Vegetable Quiche 150g;£2.50/unit;£1.67/100g;lunchtime-snacks;206;6.2;12.2;2.3;14.2;6.4;2.7;0.9
nog-crustless-garden-vegetable-quiche-150g;No.G Too Good To Be Gluten Free Crustless Garden Vegetable Quiche 150g;£2.50/unit;£1.67/100g;quiche;206;6.2;12.2;2.3;14.2;6.4;2.7;0.9
nog-quiche-lorraine-130g;No.G Too Good To Be Gluten Free Quiche Lorraine 130g;£2.50/unit;£1.92/100g;deli-meat-alternatives;286;11.8;20.4;1.7;17.5;9.0;0.5;0.9
nog-quiche-lorraine-130g;No.G Too Good To Be Gluten Free Quiche Lorraine 130g;£2.50/unit;£1.92/100g;hot-cold-pies;286;11.8;20.4;1.7;17.5;9.0;0.5;0.9
nog-quiche-lorraine-130g;No.G Too Good To Be Gluten Free Quiche Lorraine 130g;£2.50/unit;£1.92/100g;lunchtime-snacks;286;11.8;20.4;1.7;17.5;9.0;0.5;0.9
nog-quiche-lorraine-130g;No.G Too Good To Be Gluten Free Quiche Lorraine 130g;£2.50/unit;£1.92/100g;quiche;286;11.8;20.4;1.7;17.5;9.0;0.5;0.9
nog-vegetable-pie-170g;No.G Too Good To Be Gluten Free Vegetable Pie 170g;£2.50/unit;£1.47/100g;deli-meat-alternatives;238;3.4;20.3;2.7;15.5;8.4;1.8;0.20
nog-vegetable-pie-170g;No.G Too Good To Be Gluten Free Vegetable Pie 170g;£2.50/unit;£1.47/100g;hot-cold-pies;238;3.4;20.3;2.7;15.5;8.4;1.8;0.20
nog-vegetable-pie-170g;No.G Too Good To Be Gluten Free Vegetable Pie 170g;£2.50/unit;£1.47/100g;lunchtime-snacks;238;3.4;20.3;2.7;15.5;8.4;1.8;0.20
nog-vegetable-pie-170g;No.G Too Good To Be Gluten Free Vegetable Pie 170g;£2.50/unit;£1.47/100g;vegetarian-meat-free-ready-meals;238;3.4;20.3;2.7;15.5;8.4;1.8;0.20
nurishment-active-chocolate-500ml;Nurishment Active Chocolate 500ml;£2.00/unit;£0.40/100ml;sports-nutritional-drinks;39193;7.0;12.8;10.6;1.5;0.9;0.32;0.15;;
nurishment-active-strawberry-500ml;Nurishment Active Strawberry 500ml;£2.00/unit;£0.40/100ml;sports-nutritional-drinks;39393;7.0;13.0;11.1;1.5;0.9;-1;0.1;;
nurishment-active-vanilla-500ml;Nurishment Active Vanilla 500ml;£2.00/unit;£0.40/100ml;sports-nutritional-drinks;39493;7.0;13.0;11.1;1.5;0.9;-1;0.1;;
nutella---go%21-hazelnut-spread---breadsticks-48g;Nutella & Go! Hazelnut Spread & Breadsticks 48g;£0.75/unit;£1.56/100g;chocolate;Per 100g nutrition not found
nutella-chocolate-spread-200g;Nutella Chocolate Spread 200g;£1.35/unit;£0.68/100g;chocolate-sweet-spreads;Per 100g nutrition not found
nutella-chocolate-spread-hazelnut-750g;Nutella Chocolate Spread 750g;£3.75/unit;£0.50/100g;chocolate-sweet-spreads;544;6;57.3;56.7;31.6;10.9;3.4;0.037
nutella-spread-400g;Nutella Spread 400g;£2.25/unit;£0.56/100g;chocolate-sweet-spreads;546;6;57.6;56.8;31.6;11;-1;0.11
oasis-citrus-punch-500ml;Oasis Citrus Punch 500ml;£1.25/unit;£0.25/100ml;adult-soft-drinks;Per 100g nutrition not found
oasis-citrus-punch-500ml;Oasis Citrus Punch 500ml;£1.25/unit;£0.25/100ml;still-fruit-drinks;Per 100g nutrition not found
oasis-citrus-punch-juice-6x250ml;Oasis Citrus Punch Juice 6x250ml;£3.00/unit;£0.20/100ml;longer-life-juice;18;0;4.1;4.1;0;0;-1;0.08
oasis-mighty-drops-mango-tropical-56ml;Oasis Mighty Drops Mango Tropical 56ml;£2.00/unit;£3.57/100ml;squash;82;0;0.3;0.3;0;0;-1;
oasis-mighty-drops-mixed-berry-56ml;Oasis Mighty Drops Mixed Berry 56ml;£2.00/unit;£3.57/100ml;squash;113;0;0.4;0.4;0;0;-1;
oasis-summer-fruits-500ml;Oasis Summer Fruits 500ml;£1.25/unit;£0.25/100ml;adult-soft-drinks;Per 100g nutrition not found
oasis-summer-fruits-500ml;Oasis Summer Fruits 500ml;£1.25/unit;£0.25/100ml;still-fruit-drinks;Per 100g nutrition not found
oasis-summer-fruits-juice-6x250ml;Oasis Summer Fruits Juice 6x250ml;£3.00/unit;£0.20/100ml;longer-life-juice;17;0;4.1;4.1;0;0;-1;0.08
oatly-chocolate-oat-drink-1l;Oatly Chocolate Oat Drink 1L;£1.35/unit;£1.35/ltr;dairy-alternatives;Per 100g nutrition not found
oatly-chocolate-oat-drink-1l;Oatly Chocolate Oat Drink 1L;£1.35/unit;£1.35/ltr;flavoured-milk;Per 100g nutrition not found
oatly-chocolate-oat-drink-1l;Oatly Chocolate Oat Drink 1L;£1.35/unit;£1.35/ltr;longer-life-milk;Per 100g nutrition not found
oatly-chocolate-oat-drink-1l;Oatly Chocolate Oat Drink 1L;£1.35/unit;£1.35/ltr;soya---dietary-needs;Per 100g nutrition not found
oatly-enriched-long-life-oat-milk-altermative-1l;Oatly Enriched with Calcium Oat Alternative to Dairy Milk 1L;£1.35/unit;£1.35/ltr;dairy-alternatives;Per 100g nutrition not found
oatly-enriched-long-life-oat-milk-altermative-1l;Oatly Enriched with Calcium Oat Alternative to Dairy Milk 1L;£1.35/unit;£1.35/ltr;longer-life-milk;Per 100g nutrition not found
oatly-enriched-long-life-oat-milk-altermative-1l;Oatly Enriched with Calcium Oat Alternative to Dairy Milk 1L;£1.35/unit;£1.35/ltr;soya---dietary-needs;Per 100g nutrition not found
oatly-long-life-oat-milk-altermative-1l;Oatly Organic Oat Alternative to Dairy Milk 1L;£1.35/unit;£1.35/ltr;dairy-alternatives;Per 100g nutrition not found
oatly-long-life-oat-milk-altermative-1l;Oatly Organic Oat Alternative to Dairy Milk 1L;£1.35/unit;£1.35/ltr;longer-life-milk;Per 100g nutrition not found
oatly-long-life-oat-milk-altermative-1l;Oatly Organic Oat Alternative to Dairy Milk 1L;£1.35/unit;£1.35/ltr;soya---dietary-needs;Per 100g nutrition not found
ocean-spray-blueberry-1l;Ocean Spray Blueberry 1L;£1.00/unit;£0.10/100ml;longer-life-juice;43;0;11;11;0;0;-1;0
ocean-spray-cranberry---mango-1l;Ocean Spray Cranberry & Mango 1L;£1.00/unit;£0.10/100ml;longer-life-juice;20448;0;12;12;0;0;0;0
ocean-spray-cranberry---raspberry-1l;Ocean Spray Cranberry & Raspberry 1L;£1.00/unit;£0.10/100ml;longer-life-juice;Per 100g nutrition not found
ocean-spray-cranberry---raspberry-1l;Ocean Spray Cranberry & Raspberry 1L;£1.00/unit;£0.10/100ml;mixers-12333-44;Per 100g nutrition not found
ocean-spray-cranberry---raspberry-1l;Ocean Spray Cranberry & Raspberry 1L;£1.00/unit;£0.10/100ml;mixers;Per 100g nutrition not found
ocean-spray-cranberry---raspberry-3x200ml;Ocean Spray Cranberry & Raspberry 3x200ml;£1.50/unit;£0.25/100ml;longer-life-juice;20548;0;11.6;11.6;0;0;0;0
ocean-spray-cranberry---raspberry-juice-drink-4x1l;Ocean Spray Cranberry Classic Juice Drink Light 4x1L;£4.85/unit;£0.12/100ml;longer-life-juice;8;0;1.5;1.5;0;0;-1;0
ocean-spray-cranberry---raspberry-squash-1l;Ocean Spray Cranberry & Raspberry Squash 1L;£2.00/unit;£0.20/100ml;squash;182;0.2;44.1;44.1;0;0;0;
ocean-spray-cranberry-1l;Ocean Spray Cranberry Juice 1L;£2.30/unit;£0.23/100ml;chilled-fruit-juice;50;0;12;12;0;0;-1;0
ocean-spray-cranberry-classic-1l;Ocean Spray Cranberry Classic 1L;£1.00/unit;£0.10/100ml;longer-life-juice;19646;0;11;11;0;0;0;0
ocean-spray-cranberry-classic-1l;Ocean Spray Cranberry Classic 1L;£1.00/unit;£0.10/100ml;mixers-12333-44;19646;0;11;11;0;0;0;0
ocean-spray-cranberry-classic-1l;Ocean Spray Cranberry Classic 1L;£1.00/unit;£0.10/100ml;mixers;19646;0;11;11;0;0;0;0
ocean-spray-cranberry-classic-juice-drink-3x200ml;Ocean Spray Cranberry Classic Juice Drink 3x200ml;£1.50/unit;£0.25/100ml;longer-life-juice;19646;0;11;11;0;0;0;0
ocean-spray-cranberry-classic-juice-drink-4x1l;Ocean Spray Cranberry Classic Juice Drink 4x1L;£4.85/unit;£0.12/100ml;longer-life-juice;46;0;11;11;0;0;-1;0
ocean-spray-cranberry-classic-light-1l;Ocean Spray Cranberry Classic Light 1L;£1.00/unit;£0.10/100ml;mixers-12333-44;338;0;1.4;1.4;0;0;0;0
ocean-spray-cranberry-classic-light-1l;Ocean Spray Cranberry Classic Light 1L;£1.00/unit;£0.10/100ml;mixers;338;0;1.4;1.4;0;0;0;0
ocean-spray-cranberry-light-1l;Ocean Spray Cranberry Light Juice 1L;£2.30/unit;£0.23/100ml;chilled-fruit-juice;8;0;1.5;1.5;0;0;-1;0
ocean-spray-cranberry-squash-1l;Ocean Spray Cranberry Squash 1L;£2.00/unit;£0.20/100ml;squash;181;0.1;43.6;43.6;0;0;0;
ocean-spray-juice-drink--cranberry---blackcurrant-1l;Ocean Spray Juice Drink, Cranberry & Blackcurrant 1L;£1.00/unit;£0.10/100ml;mixers-12333-44;22352;0;12.6;12.6;0;0;0;
ocean-spray-juice-drink--cranberry---blackcurrant-1l;Ocean Spray Juice Drink, Cranberry & Blackcurrant 1L;£1.00/unit;£0.10/100ml;mixers;22352;0;12.6;12.6;0;0;0;
ocean-spray-juice-drink--cranberry---blueberry-1l;Ocean Spray Juice Drink, Cranberry & Blueberry 1L;£1.00/unit;£0.10/100ml;mixers-12333-44;46;0;11;11;0;0;-1;0
ocean-spray-juice-drink--cranberry---blueberry-1l;Ocean Spray Juice Drink, Cranberry & Blueberry 1L;£1.00/unit;£0.10/100ml;mixers;46;0;11;11;0;0;-1;0
oceanspray-juice-drink--cranberry---pomegranate-1l;Ocean Spray Juice Drink, Cranberry & Pomegranate 1L;£1.00/unit;£0.10/100ml;mixers-12333-44;18644;0;10.6;10.6;0;0;0;0
oceanspray-juice-drink--cranberry---pomegranate-1l;Ocean Spray Juice Drink, Cranberry & Pomegranate 1L;£1.00/unit;£0.10/100ml;mixers;18644;0;10.6;10.6;0;0;0;0
old-el-paso-corn-tortillas-335g;Old El Paso Corn Tortillas 335g;£1.50/unit;£0.45/100g;wraps-bagels-pittas;Per 100g nutrition not found
old-el-paso-flour-tortillas-326g;Old El Paso Flour Tortillas x8 326g;£1.50/unit;£0.46/100g;wraps-bagels-pittas;1265299;8.5;53.7;2.5;5.2;2.0;1.9;1.00
old-el-paso-jalapenos-215g;Old El Paso Sliced Jalapenos 215g;£1.30/unit;£0.60/100g;pickled-food;10224;1.3;3.4;1.3;0.3;0.0;1.4;1.08
old-el-paso-mini-tortillas-220g;Old El Paso Mini Tortillas 220g;£1.40/unit;£0.70/100g;wraps-bagels-pittas;Per 100g nutrition not found
old-el-paso-mix-n-mex-400g;Old El Paso Mix 'n' Mex 400g;£2.70/unit;£0.68/100g;deli-meat-alternatives;25060;1.3;8.0;6.6;2.2;0.2;1.3;0.07;0.2
old-el-paso-mix-n-mex-400g;Old El Paso Mix 'n' Mex 400g;£2.70/unit;£0.68/100g;fresh-dips-houmous;25060;1.3;8.0;6.6;2.2;0.2;1.3;0.07;0.2
old-el-paso-squeezy-red-jalapeno-relish-320g;Old El Paso Squeezy Red Jalapeno Relish 320g;£2.00/unit;£0.63/100g;chutneys-pickle-relishes;Per 100g nutrition not found
old-el-paso-tortilla-wraps-350g;Old El Paso Tortilla Wraps 350g;£1.50/unit;£0.43/100g;wraps-bagels-pittas;Per 100g nutrition not found
old-el-paso-wholewheat-tortillas-360g;Old El Paso Wholewheat Tortillas 360g;£1.50/unit;£0.46/100g;wraps-bagels-pittas;Per 100g nutrition not found
old-jamaica-ginger-beer-15l;Old Jamaica Ginger Beer 1.5L;£1.00/unit;£0.07/100ml;adult-soft-drinks;27464;0.1;16;-1;0.1;-1;-1;-1
old-jamaica-ginger-beer-15l;Old Jamaica Ginger Beer 1.5L;£1.00/unit;£0.07/100ml;traditional;27464;0.1;16;-1;0.1;-1;-1;-1
old-jamaica-ginger-beer-500ml;Old Jamaica Ginger Beer 500ml;£1.10/unit;£0.22/100ml;traditional;27464;0.1;16;-1;0.1;-1;-1;-1
old-jamaica-ginger-beer-6x330ml;Old Jamaica Ginger Beer 6x330ml;£2.70/unit;£0.14/100ml;adult-soft-drinks;27464;0.1;16;-1;0.1;-1;-1;-1
old-jamaica-ginger-beer-6x330ml;Old Jamaica Ginger Beer 6x330ml;£2.70/unit;£0.14/100ml;traditional;27464;0.1;16;-1;0.1;-1;-1;-1
old-jamaica-ginger-beer-light-15l;Old Jamaica Ginger Beer Light 1.5L;£1.00/unit;£0.07/100ml;adult-soft-drinks;2.50.5;0;0;0;0;0;0;
old-jamaica-ginger-beer-light-15l;Old Jamaica Ginger Beer Light 1.5L;£1.00/unit;£0.07/100ml;diet-sugar-free-fizzy-drinks;2.50.5;0;0;0;0;0;0;
old-jamaica-ginger-beer-light-15l;Old Jamaica Ginger Beer Light 1.5L;£1.00/unit;£0.07/100ml;traditional;2.50.5;0;0;0;0;0;0;
old-jamaica-ginger-beer-light-6x330ml;Old Jamaica Ginger Beer Light 6x330ml;£2.70/unit;£0.14/100ml;adult-soft-drinks;2.50.5;0;0;0;0;0;0;
old-jamaica-ginger-beer-light-6x330ml;Old Jamaica Ginger Beer Light 6x330ml;£2.70/unit;£0.14/100ml;diet-sugar-free-fizzy-drinks;2.50.5;0;0;0;0;0;0;
old-jamaica-ginger-beer-light-6x330ml;Old Jamaica Ginger Beer Light 6x330ml;£2.70/unit;£0.14/100ml;traditional;2.50.5;0;0;0;0;0;0;
olives-et-al-classic-mixed-olives--in-extra-virgin-olive-oil-250g;Olives Et Al Chilli & Garlic Olives 250g (170g*);£3.00/unit;£1.76/100g;olives-antipasti;183;1.6;1.9;0.0;18.1;2.5;3.5;1.0
olives-et-al-garlic-stuffed-green-olives-250g;Olives Et Al Garlic Stuffed Green Olives 250g (170g*);£3.00/unit;£1.76/100g;olives-antipasti;110;1.0;1.7;0.1;10.7;1.6;1.7;0.5
olives-et-al-pistou-green-olives--in-extra-virgin-olive-oil-250g;Olives Et Al Basil & Garlic Olives 250g (170g*);£3.00/unit;£1.76/100g;olives-antipasti;147;1.4;2.2;0.0;14.1;2.2;3.2;1.0
olives-et-al-very-deli-mixed-pitted-olives--in-extra-virgin-olive-oil-250g;Olives Et Al Very Deli Mixed Pitted Olives, In Extra Virgin Olive Oil 250g (170g*);£3.00/unit;£1.76/100g;olives-antipasti;185;1.5;1.7;0.0;18.4;2.5;3.3;1.0
one-direction-celebration-cake-800g;One Direction Celebration Cake 800g;£9.00/unit;£9.00/ea;celebration-cakes;393;2.2;69.1;49.8;11.8;2.5;-1;0.44
onken-fat-free-natural-yogurt-450g;Onken Fat Free Natural Yogurt 450g;£1.00/unit;£0.22/100g;big-pots-pouring-yogurts;19546;5.4;4.3;4.3;0.1;0.1;-1;0.20
onken-fat-free-natural-yogurt-450g;Onken Fat Free Natural Yogurt 450g;£1.00/unit;£0.22/100g;diet-low-fat-yogurts;19546;5.4;4.3;4.3;0.1;0.1;-1;0.20
onken-fat-free-natural-yogurt-450g;Onken Fat Free Natural Yogurt 450g;£1.00/unit;£0.22/100g;natural-greek-yogurts;19546;5.4;4.3;4.3;0.1;0.1;-1;0.20
onken-fat-free-strawberry-yogurt-450g;Onken Fat Free Strawberry Yogurt 450g;£1.40/unit;£0.31/100g;big-pots-pouring-yogurts;33479;4.5;13.4;12.8;0.1;0.1;-1;0.18
onken-fat-free-strawberry-yogurt-450g;Onken Fat Free Strawberry Yogurt 450g;£1.40/unit;£0.31/100g;diet-low-fat-yogurts;33479;4.5;13.4;12.8;0.1;0.1;-1;0.18
onken-fat-free-vanilla-biopot-450g;Onken Fat Free Vanilla Yogurt 450g;£1.40/unit;£0.31/100g;big-pots-pouring-yogurts;31775;4.4;13.0;12.0;0.1;0.1;-1;0.20
onken-fat-free-vanilla-biopot-450g;Onken Fat Free Vanilla Yogurt 450g;£1.40/unit;£0.31/100g;diet-low-fat-yogurts;31775;4.4;13.0;12.0;0.1;0.1;-1;0.20
onken-mango-yogurt-450g;Onken Mango & Passionfruit Biopot Yogurt 450g;£1.40/unit;£0.31/100g;big-pots-pouring-yogurts;431102;4;14.3;13.7;2.7;1.7;-1;0.18
onken-mango-yogurt-450g;Onken Mango & Passionfruit Biopot Yogurt 450g;£1.40/unit;£0.31/100g;diet-low-fat-yogurts;431102;4;14.3;13.7;2.7;1.7;-1;0.18
onken-natural-yogurt-500g;Onken Natural Yogurt 500g;£1.00/unit;£0.20/100g;big-pots-pouring-yogurts;28568;3.7;3.4;3.4;3.7;2.4;-1;0.15
onken-natural-yogurt-500g;Onken Natural Yogurt 500g;£1.00/unit;£0.20/100g;natural-greek-yogurts;28568;3.7;3.4;3.4;3.7;2.4;-1;0.15
onken-wholegrain-strawberry-yogurt-450g;Onken Wholegrain Strawberry Yogurt 450g;£1.40/unit;£0.31/100g;big-pots-pouring-yogurts;468111;4.4;15.9;13.6;2.8;1.7;-1;0.15
opies-cocktail-gherkins-227g;Opies Cocktail Gherkins 227g (125g*);£0.90/unit;£0.72/100g;cocktail-ingredients;11327;1.4;6.3;4.4;0;0;0.8;2.6
opies-cocktail-gherkins-227g;Opies Cocktail Gherkins 227g (125g*);£0.90/unit;£0.72/100g;pickled-food;11327;1.4;6.3;4.4;0;0;0.8;2.6
opies-cocktail-onions-227g;Opies Cocktail Onions 227g (120g*);£0.90/unit;£0.75/100g;cocktail-ingredients;98.223;0.6;5.6;4.5;0;0;0.8;2
opies-cocktail-onions-227g;Opies Cocktail Onions 227g (120g*);£0.90/unit;£0.75/100g;pickled-food;98.223;0.6;5.6;4.5;0;0;0.8;2
opies-lemon-slices-350g;Opies Lemon Slices 350g (180g*);£1.50/unit;£0.83/100g;cocktail-ingredients;13933;0.4;8.7;1.4;0.2;0;2.5;0.08
opies-lemon-slices-350g;Opies Lemon Slices 350g (180g*);£1.50/unit;£0.83/100g;pickled-food;13933;0.4;8.7;1.4;0.2;0;2.5;0.08
opies-pickled-walnuts-390g;Opies Pickled Walnuts 390g (180g*);£2.50/unit;£1.39/100g;pickled-food;38892;0.8;23;19;0;0;3.4;2.5
opies-red-cocktail-cherries-225g;Opies Red Cocktail Cherries 225g (125g*);£1.50/unit;£1.20/100g;cocktail-ingredients;848200;0.2;48;48;0.5;0.2;0.5;0.05
opies-red-cocktail-cherries-225g;Opies Red Cocktail Cherries 225g (125g*);£1.50/unit;£1.20/100g;pickled-food;848200;0.2;48;48;0.5;0.2;0.5;0.05
option-single-sachet-belgian-chocolate-11g;Options Single Sachet Belgian Chocolate 11g;£0.30/unit;£2.73/100g;hot-chocolate-milky-drinks;367;12.4;53.0;43.0;8.3;5.2;-1;2.7;11200
option-single-sachet-orange-11g;Options Single Sachet Orange 11g;£0.30/unit;£2.73/100g;hot-chocolate-milky-drinks;348;12.3;49.2;-1;6.9;-1;-1;-1
option-single-sachet-white-chocolate-11g;Options Single Sachet White Chocolate 11g;£0.30/unit;£2.73/100g;hot-chocolate-milky-drinks;401;10.5;64.0;-1;10.6;-1;-1;-1
options-belgian-chocolate-jar-220g;Options Belgian Chocolate Jar 220g;£3.50/unit;£1.59/100g;hot-chocolate-milky-drinks;367;12.4;53.0;43.0;8.3;5.2;-1;2.7;11200
options-indulgence-belgian-chocolate-220g;Options Indulgence Belgian Chocolate 220g;£3.50/unit;£1.56/100g;hot-chocolate-milky-drinks;376;11.0;50.2;36.4;10.4;7.0;-1;1.6;16200
options-mint-single-sachet-11g;Options Single Sachet Mint 11g;£0.30/unit;£2.73/100g;hot-chocolate-milky-drinks;348;12.3;49.2;-1;6.9;-1;-1;-1
options-praline-sachet-11g;Options Single Sachet Praline 11g;£0.30/unit;£2.73/100g;hot-chocolate-milky-drinks;354;12.3;48.5;34.9;7.8;5.1;-1;2.6;11200
orangina-500ml;Orangina 500ml;£1.25/unit;£0.25/100ml;fruit-flavoured;17942;0.1;10.2;10.2;0;0;0;
orangina-diet-2l;Orangina Diet 2L;£1.70/unit;£0.09/100ml;diet-sugar-free-fizzy-drinks;266;0.1;1.2;1.2;0;0;0;
orangina-diet-2l;Orangina Diet 2L;£1.70/unit;£0.09/100ml;fruit-flavoured;266;0.1;1.2;1.2;0;0;0;
orangina-orange-sparkling-drink-2l;Orangina Orange Sparkling Drink 2L;£1.70/unit;£0.09/100ml;fruit-flavoured;17942;0.1;10.2;10.2;0;0;0;
oreo-ice-cream-sandwich-x6-330ml;Oreo Ice Cream Sandwich x6 330ml;£2.50/unit;£0.76/100ml;lollies-bars-cones;850200;3.5;29.6;16.5;7.6;4.7;0.5;0.09
oreo-vanilla-ice-cream-cone-x4-400ml;Oreo Vanilla Ice Cream Cone x4 400ml;£1.50/unit;£0.38/100ml;lollies-bars-cones;Per 100g nutrition not found
oscar-mayer-smoked-streaky-bacon-200g;Oscar Mayer Smoked Streaky Bacon 200g;£2.09/unit;£10.45/kg;bacon;1568375;14;1;1;35;12;-1;2.6
oss-express-pots-honey---vanilla-57g;Quaker Oat So Simple Porridge Pot, Honey & Vanilla 57g;£1.00/unit;£1.75/100g;on-the-go;374;15.1;64.1;27.1;5.1;1.0;5.5;0.33
oss-express-pots-honey---vanilla-57g;Quaker Oat So Simple Porridge Pot, Honey & Vanilla 57g;£1.00/unit;£1.75/100g;porridge-oats;374;15.1;64.1;27.1;5.1;1.0;5.5;0.33
oss-express-pots-strawb--rasp-cran-57g;Quaker Oat So Simple Porridge Pot, Strawberry, Raspberry & Cranberry 57g;£1.00/unit;£1.75/100g;on-the-go;374;14.7;64.7;27.0;5.1;1.0;5.5;0.30
ovaltine-malt-drink--original--light-300g;Ovaltine Malt Drink, Original, Light 300g;£2.50/unit;£0.83/100g;hot-chocolate-milky-drinks;412;11.5;68.7;40.4;9.5;6.8;2.9;1.3
ovaltine-malted-drink--chocolate-300g;Ovaltine Malted Drink, Chocolate 300g;£2.50/unit;£0.83/100g;hot-chocolate-milky-drinks;Per 100g nutrition not found
oykos-greek-style-apple---cinnamon-yogurt-2x110g;Oykos Greek Style Apple & Cinnamon Yogurt 2x110g;£1.50/unit;£0.68/100g;luxury-yogurts;150;2.9;16.5;16.1;8.0;5.0;0.2;0.1
oykos-greek-style-apple---cinnamon-yogurt-2x110g;Oykos Greek Style Apple & Cinnamon Yogurt 2x110g;£1.50/unit;£0.68/100g;natural-greek-yogurts;150;2.9;16.5;16.1;8.0;5.0;0.2;0.1
oykos-greek-style-caramel-yogurt-2x110g;Oykos Greek Style Caramel Yogurt 2x110g;£1.50/unit;£0.68/100g;luxury-yogurts;162;3.0;18.4;17.8;8.5;5.3;0.0;0.3
oykos-greek-style-caramel-yogurt-2x110g;Oykos Greek Style Caramel Yogurt 2x110g;£1.50/unit;£0.68/100g;natural-greek-yogurts;162;3.0;18.4;17.8;8.5;5.3;0.0;0.3
pacinos-tomato---basil-sauce-300g;Pacino's Tomato & Basil Sauce 300g;£1.00/unit;£0.33/100g;fresh-pasta-sauces;22052;1.8;7.2;6.5;1.8;0.1;0.5;0.48
pacinos-tomato---basil-sauce-300g;Pacino's Tomato & Basil Sauce 300g;£1.00/unit;£0.33/100g;vegetarian-meat-free-pizza-pasta;22052;1.8;7.2;6.5;1.8;0.1;0.5;0.48
palastri-chardonnay-75cl;Palastri Chardonnay 75cl;£6.00/unit;£6.00/75cl;white-wine;Per 100g nutrition not found
palastri-pinot-grigio-75cl;Palastri Pinot Grigio 75cl;£6.00/unit;£6.00/75cl;white-wine;29070;-1;-1;-1;-1;-1;-1;-1
palastri-pinot-grigio-blush-75cl;Palastri Pinot Grigio Blush 75cl;£7.25/unit;£7.25/75cl;rose-wine;Per 100g nutrition not found
panificio-italiano-half-ciabatta-x2-270g;Panificio Italiano Half Ciabatta x2 270g;£1.65/unit;£0.61/100g;naan-ciabatta-breads-of-the-world;287;7.8;51.0;1.1;6.9;0.8;2.1;0.7
panificio-italiano-olive-ciabatta-270g;Panificio Italiano Olive Ciabatta 270g;£1.65/unit;£0.61/100g;naan-ciabatta-breads-of-the-world;275;6.7;42.4;0.8;8.0;1.0;3.1;1.0
panificio-italiano-plain-ciabatta-270g;Panificio Italiano Plain Ciabatta 270g;£1.50/unit;£0.56/100g;naan-ciabatta-breads-of-the-world;287;7.8;51.0;1.1;6.9;0.8;2.1;0.7
peanut-m-ms-45g;M&M's Peanut 45g;£0.60/unit;£1.33/100g;chocolate;Per 100g nutrition not found
pearce-duff-blancmange-146g;Pearce Duff Blancmange 146g;£0.60/unit;£0.41/100g;jelly;97;2.9;17.1;-1;1.8;-1;-1;-1
peperami-hot-single-25g;Peperami Hot 25g;£0.70/unit;£2.80/100g;mfp-snacking-cooked-sausage;517;23;3.2;2.4;44;19;-1;4;251
peperami-hot-single-25g;Peperami Hot 25g;£0.70/unit;£2.80/100g;snacking-cooked-sausage;517;23;3.2;2.4;44;19;-1;4;251
peperami-sausage-25g;Peperami Original 25g;£0.70/unit;£2.80/100g;mfp-snacking-cooked-sausage;518;24;2.2;2;44;17;-1;3.9;251
peperami-sausage-25g;Peperami Original 25g;£0.70/unit;£2.80/100g;snacking-cooked-sausage;518;24;2.2;2;44;17;-1;3.9;251
peperami-spiced-sausage-5x25g;Peperami Original 5x25g;£2.50/unit;£2.00/100g;mfp-snacking-cooked-sausage;2087504;24.0;2.5;0;44.0;18.0;0.1;1.40;3.6
peperami-spiced-sausage-5x25g;Peperami Original 5x25g;£2.50/unit;£2.00/100g;snacking-cooked-sausage;2087504;24.0;2.5;0;44.0;18.0;0.1;1.40;3.6
peperami-spiced-sausage-hot-x5-25g;Peperami Hot 5x25g;£2.50/unit;£2.00/100g;mfp-snacking-cooked-sausage;517;23;3.2;2.4;44;19;-1;4;251
peperami-spiced-sausage-hot-x5-25g;Peperami Hot 5x25g;£2.50/unit;£2.00/100g;snacking-cooked-sausage;517;23;3.2;2.4;44;19;-1;4;251
peperami-standard-minis-x10-10g;Peperami Mini Original 10x10g;£2.50/unit;£2.50/100g;mfp-snacking-cooked-sausage;400;26;5.5;1.8;31;13;-1;4.1;101
peperami-standard-minis-x10-10g;Peperami Mini Original 10x10g;£2.50/unit;£2.50/100g;snacking-cooked-sausage;400;26;5.5;1.8;31;13;-1;4.1;101
peperami-wideboy-single-40g;Peperami Wideboy 40g;£1.00/unit;£2.50/100g;mfp-snacking-cooked-sausage;518;24;2.2;2;44;17;-1;3.9;401
peperami-wideboy-single-40g;Peperami Wideboy 40g;£1.00/unit;£2.50/100g;snacking-cooked-sausage;518;24;2.2;2;44;17;-1;3.9;401
peppa-pig-celebration-cake-%28-serves-12-%29;Peppa Pig Celebration Cake (Serves 12);£10.00/unit;£10.00/ea;celebration-cakes;405;2.5;66.5;55.9;14.2;4.5;-1;0.41
peppa-pig-cupcakes-x6;Peppa Pig Cupcakes x6;£1.00/unit;£0.17/ea;muffins-small-cakes;495;3.3;54.7;38.1;28.8;8.8;-1;0.5
peppa-pig-fromage-frais-6x45g;Peppa Pig Fromage Frais 6x45g;£1.00/unit;£0.37/100g;kids-yogurts;39995;5.3;12.3;12.0;2.3;1.6;0.1;0.13
peppa-pig-strawberry-ice-lollies-x6-360g;Peppa Pig Strawberry Ice Lollies 6x60ml;£2.00/unit;£0.56/100ml;lollies-bars-cones;191;3.1;24.8;23;8.8;7.1;0.5;0.05;0.1
peppadew-hot-piquante-peppers-400g;Peppadew Hot Piquante Peppers 400g (165g*);£3.00/unit;£1.82/100g;olives-antipasti;Per 100g nutrition not found
peppadew-mild-pinqante-peppers-400g;Peppadew Mild Pinqante Peppers 400g (165g*);£3.00/unit;£1.82/100g;olives-antipasti;Per 100g nutrition not found
peppadew-sweet-piquant%C3%A9-peppers-stuffed-with-cream-cheese-250g;Peppadew Sweet Piquanté Peppers Stuffed With Cream Cheese 250g (140g*);£3.90/unit;£2.79/100g;olives-antipasti;Per 100g nutrition not found
pepsi-24x330ml;Pepsi 24x330ml;£7.50/unit;£0.09/100ml;cola;17041;0;11;11;0;0;-1;0.01
pepsi-24x330ml;Pepsi 24x330ml;£7.50/unit;£0.09/100ml;fizzy-drinks-bigger-multipacks;17041;0;11;11;0;0;-1;0.01
pepsi-2l-7576099-p-44;Pepsi 2L;£1.85/unit;£0.09/100ml;cola;17041;0;11;11;0;0;-1;0.01
pepsi-500ml;Pepsi 500ml;£1.25/unit;£0.25/100ml;cola;17041;0;11;11;0;0;-1;0.01
pepsi-8x330ml;Pepsi 8x330ml;£3.50/unit;£0.13/100ml;cola;17041;0;11;11;0;0;-1;0.01
pepsi-cola-12x330ml;Pepsi 12x330ml;£4.50/unit;£0.11/100ml;cola;17041;0;11;11;0;0;-1;0.01
pepsi-diet-12x330ml;Diet Pepsi 12x330ml;£4.50/unit;£0.11/100ml;cola;30.6;0;0;0;0;0;-1;0.05
pepsi-diet-12x330ml;Diet Pepsi 12x330ml;£4.50/unit;£0.11/100ml;diet-sugar-free-fizzy-drinks;30.6;0;0;0;0;0;-1;0.05
pepsi-diet-24x330ml;Pepsi Diet 24x330ml;£7.50/unit;£0.09/100ml;cola;30.6;0;0;0;0;0;-1;0.05
pepsi-diet-24x330ml;Pepsi Diet 24x330ml;£7.50/unit;£0.09/100ml;diet-sugar-free-fizzy-drinks;30.6;0;0;0;0;0;-1;0.05
pepsi-diet-24x330ml;Pepsi Diet 24x330ml;£7.50/unit;£0.09/100ml;fizzy-drinks-bigger-multipacks;30.6;0;0;0;0;0;-1;0.05
pepsi-max-12x330ml;Pepsi Max 12x330ml;£4.50/unit;£0.11/100ml;cola;20.4;0;0;0;0;0;-1;0
pepsi-max-12x330ml;Pepsi Max 12x330ml;£4.50/unit;£0.11/100ml;diet-sugar-free-fizzy-drinks;20.4;0;0;0;0;0;-1;0
pepsi-max-15l;Pepsi Max 1.5L;£1.70/unit;£0.11/100ml;cola;0.4;0.1;0.1;0;0;0;0;
pepsi-max-15l;Pepsi Max 1.5L;£1.70/unit;£0.11/100ml;diet-sugar-free-fizzy-drinks;0.4;0.1;0.1;0;0;0;0;
pepsi-max-24x330ml;Pepsi Max 24x330ml;£7.50/unit;£0.09/100ml;cola;20.4;0;0;0;0;0;-1;0
pepsi-max-24x330ml;Pepsi Max 24x330ml;£7.50/unit;£0.09/100ml;diet-sugar-free-fizzy-drinks;20.4;0;0;0;0;0;-1;0
pepsi-max-24x330ml;Pepsi Max 24x330ml;£7.50/unit;£0.09/100ml;fizzy-drinks-bigger-multipacks;20.4;0;0;0;0;0;-1;0
pepsi-max-2l-7576096-p-44;Pepsi Max 2L;£1.85/unit;£0.09/100ml;cola;20.4;0;0;0;0;0;-1;0
pepsi-max-2l-7576096-p-44;Pepsi Max 2L;£1.85/unit;£0.09/100ml;diet-sugar-free-fizzy-drinks;20.4;0;0;0;0;0;-1;0
pepsi-max-600ml;Pepsi Max 600ml;£1.25/unit;£0.21/100ml;cola;0.4;0.1;0.1;0;0;0;0;
pepsi-max-600ml;Pepsi Max 600ml;£1.25/unit;£0.21/100ml;diet-sugar-free-fizzy-drinks;0.4;0.1;0.1;0;0;0;0;
pepsi-max-8x330ml;Pepsi Max 8x330ml;£3.50/unit;£0.13/100ml;cola;20.4;0;0;0;0;0;-1;0
pepsi-max-8x330ml;Pepsi Max 8x330ml;£3.50/unit;£0.13/100ml;diet-sugar-free-fizzy-drinks;20.4;0;0;0;0;0;-1;0
pepsi-max-cherry-2l;Pepsi Max Cherry 2L;£1.85/unit;£0.09/100ml;cola;0.6;0.1;0.1;0;0;0;0;
pepsi-max-cherry-2l;Pepsi Max Cherry 2L;£1.85/unit;£0.09/100ml;diet-sugar-free-fizzy-drinks;0.6;0.1;0.1;0;0;0;0;
pepsi-max-cherry-600ml;Pepsi Max Cherry 600ml;£1.25/unit;£0.21/100ml;cola;0.6;0;0;0;0;0;-1;0
pepsi-max-cherry-8x330ml;Pepsi Max Cherry 8x330ml;£3.50/unit;£0.13/100ml;cola;30.6;0;0;0;0;0;-1;0
pepsi-max-cherry-8x330ml;Pepsi Max Cherry 8x330ml;£3.50/unit;£0.13/100ml;diet-sugar-free-fizzy-drinks;30.6;0;0;0;0;0;-1;0
perkier-apple-cin-rais-porridge-pot-65g;Perkier Apple, Cinnamon & Raisin Porridge Pot 65g;£1.50/unit;£2.50/100g;on-the-go;359;17.5;64.8;18.3;4.5;0.8;8.1;0.11
perkier-apple-cin-rais-porridge-pot-65g;Perkier Apple, Cinnamon & Raisin Porridge Pot 65g;£1.50/unit;£2.50/100g;porridge-oats;359;17.5;64.8;18.3;4.5;0.8;8.1;0.11
perkier-porridge-pot-golden-syrup-gluten-free--60g;Perkier Porridge Pot Golden Syrup Gluten Free  60g;£1.50/unit;£2.50/100g;on-the-go;384;16.6;65.5;19.3;4.6;0.9;6.9;0.23
perkier-porridge-pot-golden-syrup-gluten-free--60g;Perkier Porridge Pot Golden Syrup Gluten Free  60g;£1.50/unit;£2.50/100g;porridge-oats;384;16.6;65.5;19.3;4.6;0.9;6.9;0.23
perkier-rocky-road-bar-65g;Perkier Rocky Road Chocolate Bar 65g;£1.00/unit;£1.54/100g;chocolate;492;4.1;55.2;39.5;28.1;16.5;1.6;0.31
perrier-sparkling-mineral-water-750ml;Perrier Sparkling Mineral Water 750ml;£1.00/unit;£0.13/100ml;sparkling-water;Per 100g nutrition not found
petit-filous-frubes-9x40g;Petits Filous Frubes 9x40g;£2.00/unit;£0.56/100g;kids-yogurts;431102;4.9;13.4;12.9;2.8;1.9;0.1;0.13
petits-filous-fromage-frais--strawberry---banana-6x50g;Petits Filous Fromage Frais, Strawberry & Banana 6x47g;£1.00/unit;£0.35/100g;kids-yogurts;40295;5.3;12.4;11.9;2.3;1.6;0.1;0.12
petits-filous-fromage-frais-18x50g;Petits Filous Fromage Frais 18x47g;£3.00/unit;£0.35/100g;kids-yogurts;Per 100g nutrition not found
petits-filous-fromage-frais-4x100g;Petits Filous Fromage Frais, Strawberry & Raspberry 4x85g;£1.00/unit;£0.29/100g;kids-yogurts;40295;5.3;12.4;11.9;2.3;1.6;0.2;0.12
petits-filous-fruit-layers-6x55g;Petits Filous Fromage Frais, Fruit Layers 6x55g;£1.00/unit;£0.30/100g;kids-yogurts;Per 100g nutrition not found
petits-filous-little-dessert-chocolate---vanilla-6x55g;Petits Filous Little Dessert Chocolate & Vanilla 6x55g;£1.00/unit;£0.30/100g;kids-yogurts;Per 100g nutrition not found
petits-filous-strawberry---apricot-6x50g;Petits Filous Fromage Frais, Strawberry & Apricot 6x47g;£1.00/unit;£0.35/100g;kids-yogurts;40195;5.3;12.4;11.9;2.3;1.6;0.1;0.12
petits-filous-strawberry---raspberry-6x50g;Petits Filous Fromage Frais, Strawberry & Raspberry 6x47g;£1.00/unit;£0.35/100g;kids-yogurts;40295;5.3;12.4;11.9;2.3;1.6;0.2;0.12
petits-filous-strawberry--apricot-4x100g;Petits Filous Fromage Frais, Strawberry & Apricot 4x85g;£1.00/unit;£0.29/100g;kids-yogurts;40195;5.3;12.4;11.9;2.3;1.6;0.1;0.12
petits-filous-strawberry-6x50g;Petits Filous Fromage Frais, Strawberry 6x47g;£1.00/unit;£0.35/100g;kids-yogurts;39995;5.3;12.3;11.9;2.3;1.6;0.1;0.12
phil-duo-cremoso-cracked-peppercorn-150g;Philadelphia Duo Cremoso Cracked Peppercorn 150g;£2.50/unit;£16.67/kg;snacking-lunchbox-cheese;280;5.3;3.4;2.6;27.0;18.0;1.1;1.0
phil-duo-cremoso-cracked-peppercorn-150g;Philadelphia Duo Cremoso Cracked Peppercorn 150g;£2.50/unit;£16.67/kg;soft---spreadable;280;5.3;3.4;2.6;27.0;18.0;1.1;1.0
phil-duo-cremoso-garlic---herbs-150g;Philadelphia Duo Cremoso Garlic & Herbs 150g;£2.50/unit;£16.67/kg;snacking-lunchbox-cheese;280;5.2;3.2;2.4;26.5;18.0;1.0;1.15
phil-duo-cremoso-garlic---herbs-150g;Philadelphia Duo Cremoso Garlic & Herbs 150g;£2.50/unit;£16.67/kg;soft---spreadable;280;5.2;3.2;2.4;26.5;18.0;1.0;1.15
philadelphia-180g;Philadelphia 180g;£1.85/unit;£10.28/kg;snacking-lunchbox-cheese;235;5.5;4.0;4.0;21.5;14.5;0.2;0.75
philadelphia-180g;Philadelphia 180g;£1.85/unit;£10.28/kg;soft---spreadable;235;5.5;4.0;4.0;21.5;14.5;0.2;0.75
philadelphia-280g;Philadelphia 280g;£2.50/unit;£8.93/kg;snacking-lunchbox-cheese;235;5.5;4.0;4.0;21.5;14.5;0.2;0.75
philadelphia-280g;Philadelphia 280g;£2.50/unit;£8.93/kg;soft---spreadable;235;5.5;4.0;4.0;21.5;14.5;0.2;0.75
philadelphia-lemon-cheesecake-410g;Philadelphia Lemon Cheesecake 410g;£3.00/unit;£0.73/100g;frozen-cold-desserts;1550370;8.0;24;10;26;11;-1;0.3
philadelphia-light-180g;Philadelphia Light 180g;£1.85/unit;£10.28/kg;cottage-cheese---healthier-choice;152;7.4;5.1;5.1;11;7.2;0.5;0.80
philadelphia-light-180g;Philadelphia Light 180g;£1.85/unit;£10.28/kg;snacking-lunchbox-cheese;152;7.4;5.1;5.1;11;7.2;0.5;0.80
philadelphia-light-180g;Philadelphia Light 180g;£1.85/unit;£10.28/kg;soft---spreadable;152;7.4;5.1;5.1;11;7.2;0.5;0.80
philadelphia-light-280g;Philadelphia Light 280g;£2.50/unit;£8.93/kg;cottage-cheese---healthier-choice;152;7.4;5.1;5.1;11.0;7.2;0.5;0.80
philadelphia-light-280g;Philadelphia Light 280g;£2.50/unit;£8.93/kg;snacking-lunchbox-cheese;152;7.4;5.1;5.1;11.0;7.2;0.5;0.80
philadelphia-light-280g;Philadelphia Light 280g;£2.50/unit;£8.93/kg;soft---spreadable;152;7.4;5.1;5.1;11.0;7.2;0.5;0.80
philadelphia-light-cadbury-160g;Philadelphia Light Cadbury 160g;£1.85/unit;£11.56/kg;cooking-baking;285;6.1;34.5;33.5;13.0;8.1;1.8;0.53
philadelphia-light-cadbury-160g;Philadelphia Light Cadbury 160g;£1.85/unit;£11.56/kg;cottage-cheese---healthier-choice;285;6.1;34.5;33.5;13.0;8.1;1.8;0.53
philadelphia-light-cadbury-160g;Philadelphia Light Cadbury 160g;£1.85/unit;£11.56/kg;snacking-lunchbox-cheese;285;6.1;34.5;33.5;13.0;8.1;1.8;0.53
philadelphia-light-cadbury-160g;Philadelphia Light Cadbury 160g;£1.85/unit;£11.56/kg;soft---spreadable;285;6.1;34.5;33.5;13.0;8.1;1.8;0.53
philadelphia-light-chives-170g;Philadelphia Light Chives 170g;£1.85/unit;£10.88/kg;cottage-cheese---healthier-choice;151;7.4;5.2;5.0;11;7.1;0.6;1.25
philadelphia-light-chives-170g;Philadelphia Light Chives 170g;£1.85/unit;£10.88/kg;snacking-lunchbox-cheese;151;7.4;5.2;5.0;11;7.1;0.6;1.25
philadelphia-light-chives-170g;Philadelphia Light Chives 170g;£1.85/unit;£10.88/kg;soft---spreadable;151;7.4;5.2;5.0;11;7.1;0.6;1.25
philadelphia-light-chives-270g;Philadelphia Light Chives 270g;£2.50/unit;£9.26/kg;cottage-cheese---healthier-choice;151;7.4;5.2;5.0;11;7.1;0.6;1.25
philadelphia-light-chives-270g;Philadelphia Light Chives 270g;£2.50/unit;£9.26/kg;snacking-lunchbox-cheese;151;7.4;5.2;5.0;11;7.1;0.6;1.25
philadelphia-light-chives-270g;Philadelphia Light Chives 270g;£2.50/unit;£9.26/kg;soft---spreadable;151;7.4;5.2;5.0;11;7.1;0.6;1.25
philadelphia-light-garlic---herb-270g;Philadelphia Light Garlic & Herb 270g;£2.50/unit;£9.26/kg;cottage-cheese---healthier-choice;149;7.3;5.4;5.3;10.5;6.9;0.5;1.15
philadelphia-light-garlic---herb-270g;Philadelphia Light Garlic & Herb 270g;£2.50/unit;£9.26/kg;snacking-lunchbox-cheese;149;7.3;5.4;5.3;10.5;6.9;0.5;1.15
philadelphia-light-garlic---herb-270g;Philadelphia Light Garlic & Herb 270g;£2.50/unit;£9.26/kg;soft---spreadable;149;7.3;5.4;5.3;10.5;6.9;0.5;1.15
philadelphia-light-garlic---herbs-170g;Philadelphia Light Garlic & Herbs 170g;£1.85/unit;£10.88/kg;cottage-cheese---healthier-choice;149;7.3;5.4;5.3;10.5;6.9;0.5;1.15
philadelphia-light-garlic---herbs-170g;Philadelphia Light Garlic & Herbs 170g;£1.85/unit;£10.88/kg;snacking-lunchbox-cheese;149;7.3;5.4;5.3;10.5;6.9;0.5;1.15
philadelphia-light-garlic---herbs-170g;Philadelphia Light Garlic & Herbs 170g;£1.85/unit;£10.88/kg;soft---spreadable;149;7.3;5.4;5.3;10.5;6.9;0.5;1.15
philadelphia-light-salmon---dill-170g;Philadelphia Light Salmon & Dill 170g;£1.85/unit;£10.88/kg;cottage-cheese---healthier-choice;Per 100g nutrition not found
philadelphia-light-salmon---dill-170g;Philadelphia Light Salmon & Dill 170g;£1.85/unit;£10.88/kg;snacking-lunchbox-cheese;Per 100g nutrition not found
philadelphia-light-salmon---dill-170g;Philadelphia Light Salmon & Dill 170g;£1.85/unit;£10.88/kg;soft---spreadable;Per 100g nutrition not found
philadelphia-light-spring-onion---black-pepper-170g;Philadelphia Light Spring Onion & Black Pepper 170g;£1.85/unit;£10.88/kg;cottage-cheese---healthier-choice;139;6.7;5.6;5.3;9.8;6.3;0.5;1.3
philadelphia-light-spring-onion---black-pepper-170g;Philadelphia Light Spring Onion & Black Pepper 170g;£1.85/unit;£10.88/kg;snacking-lunchbox-cheese;139;6.7;5.6;5.3;9.8;6.3;0.5;1.3
philadelphia-light-spring-onion---black-pepper-170g;Philadelphia Light Spring Onion & Black Pepper 170g;£1.85/unit;£10.88/kg;soft---spreadable;139;6.7;5.6;5.3;9.8;6.3;0.5;1.3
philadelphia-light-sweet-chilli-170g;Philadelphia Light Sweet Chilli 170g;£1.85/unit;£10.88/kg;cottage-cheese---healthier-choice;148;6.8;7.3;7.1;10;6.6;0.5;0.78
philadelphia-light-sweet-chilli-170g;Philadelphia Light Sweet Chilli 170g;£1.85/unit;£10.88/kg;snacking-lunchbox-cheese;148;6.8;7.3;7.1;10;6.6;0.5;0.78
philadelphia-light-sweet-chilli-170g;Philadelphia Light Sweet Chilli 170g;£1.85/unit;£10.88/kg;soft---spreadable;148;6.8;7.3;7.1;10;6.6;0.5;0.78
philadelphia-lightest-180g;Philadelphia Lightest 180g;£1.85/unit;£10.28/kg;cottage-cheese---healthier-choice;80;11.0;5.9;5.9;2.5;1.8;0.4;0.80
philadelphia-lightest-180g;Philadelphia Lightest 180g;£1.85/unit;£10.28/kg;snacking-lunchbox-cheese;80;11.0;5.9;5.9;2.5;1.8;0.4;0.80
philadelphia-lightest-180g;Philadelphia Lightest 180g;£1.85/unit;£10.28/kg;soft---spreadable;80;11.0;5.9;5.9;2.5;1.8;0.4;0.80
philadelphia-mini-tub-extra-light-140g;Philadelphia Mini Tub Extra Light 140g;£1.85/unit;£13.21/kg;cottage-cheese---healthier-choice;33680;11.0;5.9;5.9;2.5;1.8;0.4;0.80
philadelphia-mini-tub-extra-light-140g;Philadelphia Mini Tub Extra Light 140g;£1.85/unit;£13.21/kg;snacking-lunchbox-cheese;33680;11.0;5.9;5.9;2.5;1.8;0.4;0.80
philadelphia-mini-tub-extra-light-140g;Philadelphia Mini Tub Extra Light 140g;£1.85/unit;£13.21/kg;soft---spreadable;33680;11.0;5.9;5.9;2.5;1.8;0.4;0.80
philadelphia-mini-tub-light-140g;Philadelphia Mini Tub Light 140g;£1.85/unit;£13.21/kg;cottage-cheese---healthier-choice;632152;7.4;5.1;5.1;11.0;7.2;0.5;0.80
philadelphia-mini-tub-light-140g;Philadelphia Mini Tub Light 140g;£1.85/unit;£13.21/kg;snacking-lunchbox-cheese;632152;7.4;5.1;5.1;11.0;7.2;0.5;0.80
philadelphia-mini-tub-light-140g;Philadelphia Mini Tub Light 140g;£1.85/unit;£13.21/kg;soft---spreadable;632152;7.4;5.1;5.1;11.0;7.2;0.5;0.80
philadelphia-mushroom-simply-stir-200g;Philadelphia Simply Stir, Mushroom 200g;£2.00/unit;£10.00/kg;snacking-lunchbox-cheese;137;2.3;4.2;1.2;12.5;7.1;0.3;0.46;0.15
philadelphia-simply-stir-garlic-herb200g;Philadelphia Simply Stir, Garlic & Herb 200g;£2.00/unit;£10.00/kg;snacking-lunchbox-cheese;135;2.5;4.6;1.3;12.0;7.0;0.4;1.15
philadelphia-smoked-ham-170g;Philadelphia Smoked Ham 170g;£1.85/unit;£10.88/kg;snacking-lunchbox-cheese;143;7.4;5.9;5.3;9.7;6.1;0.4;1.38
philadelphia-smoked-ham-170g;Philadelphia Smoked Ham 170g;£1.85/unit;£10.88/kg;soft---spreadable;143;7.4;5.9;5.3;9.7;6.1;0.4;1.38
phphiadc-vine-ripe-tomato-150g;Philadelphia Duo Cremoso Vine Ripe Tomato 150g;£2.50/unit;£16.67/kg;snacking-lunchbox-cheese;280;5.2;3.2;2.6;27.0;18.0;1.0;1.00
phphiadc-vine-ripe-tomato-150g;Philadelphia Duo Cremoso Vine Ripe Tomato 150g;£2.50/unit;£16.67/kg;soft---spreadable;280;5.2;3.2;2.6;27.0;18.0;1.0;1.00
pieminister-cheeky-chick-pie-pot-370g;Pieminister Cheeky Chick Pie Pot 370g;£3.40/unit;£9.19/kg;hot-cold-pies;89;5.0;9.2;2.0;4.0;1.3;-1;0.2;0.6
pieminister-cheeky-chick-pie-pot-370g;Pieminister Cheeky Chick Pie Pot 370g;£3.40/unit;£9.19/kg;meals-for-1-ready-meals;89;5.0;9.2;2.0;4.0;1.3;-1;0.2;0.6
pieminister-matador-pie-pot-370g;Pieminister Matador Pie Pot 370g;£3.40/unit;£10.00/kg;hot-cold-pies;108;7.4;10.7;2.6;4.5;1.7;-1;0.3;0.8
pieminister-matador-pie-pot-370g;Pieminister Matador Pie Pot 370g;£3.40/unit;£10.00/kg;meals-for-1-ready-meals;108;7.4;10.7;2.6;4.5;1.7;-1;0.3;0.8
pieminister-moo---brew-pie-pot-370g;Pieminister Moo & Brew Pie Pot 370g;£3.40/unit;£9.19/kg;hot-cold-pies;79;4.1;10.9;2.7;2.5;1.0;-1;0.2;0.5
pieminister-moo---brew-pie-pot-370g;Pieminister Moo & Brew Pie Pot 370g;£3.40/unit;£9.19/kg;meals-for-1-ready-meals;79;4.1;10.9;2.7;2.5;1.0;-1;0.2;0.5
pilgrims-choice-extra-mature-350g;Pilgrims Choice Extra Mature Cheddar 350g;£3.50/unit;£10.00/kg;cheddar-british-regional-cheese;1700410;25.0;0.1;0.1;34.4;21.7;0.0;0.7
pilgrims-choice-mature-cheddar-350g;Pilgrims Choice Mature Cheddar 350g;£3.50/unit;£10.00/kg;cheddar-british-regional-cheese;1700410;25.0;0.1;0.1;34.4;21.7;0.0;0.7
pilgrims-choice-mature-cheddar-550g;Pilgrims Choice Mature Cheddar 550g;£5.20/unit;£9.45/kg;cheddar-british-regional-cheese;1700410;25.0;0.1;0.1;34.4;21.7;0.0;0.7
pilgrims-choice-mature-lighter-350g;Pilgrims Choice Mature Lighter 350g;£3.50/unit;£10.00/kg;cheddar-british-regional-cheese;1262302;26;0.1;0.1;22.0;13.6;0.0;760
pilgrims-choice-mature-lighter-350g;Pilgrims Choice Mature Lighter 350g;£3.50/unit;£10.00/kg;cottage-cheese---healthier-choice;1262302;26;0.1;0.1;22.0;13.6;0.0;760
piri-piri-coleslaw-280g;Sainsbury's Piri Piri Coleslaw 280g;£1.00/unit;£0.36/100g;coleslaw--olives--salads---dips-30658-44;162;1.1;6.6;5.0;14.2;1.3;1.8;1.20
piri-piri-coleslaw-280g;Sainsbury's Piri Piri Coleslaw 280g;£1.00/unit;£0.36/100g;coleslaw-salads;162;1.1;6.6;5.0;14.2;1.3;1.8;1.20
piri-piri-coleslaw-280g;Sainsbury's Piri Piri Coleslaw 280g;£1.00/unit;£0.36/100g;dressings-coleslaw-accompaniments;162;1.1;6.6;5.0;14.2;1.3;1.8;1.20
piri-piri-coleslaw-280g;Sainsbury's Piri Piri Coleslaw 280g;£1.00/unit;£0.36/100g;prepared-salad-herbs;162;1.1;6.6;5.0;14.2;1.3;1.8;1.20
pitch-6-chocolate-brioche;Pitch Chocolate Brioche x6;£1.35/unit;£0.23/ea;croissants-brioche-pastries;350;5.2;55.7;29.8;11;26;3.2;1.05
pizza-express-american-8-pizza-255g;Pizza Express American Pepperoni Pizza 8'' 250g;£3.50/unit;£14.00/kg;pizza;1106263;11.9;33.2;3.4;9.0;4.3;0.9;1.5
pizza-express-american-hot-8-pizza-295g;Pizza Express American Hot Pizza 8'' 260g;£3.50/unit;£13.46/kg;pizza;1088259;11.9;31.9;2.9;9.1;4.3;0.9;1.5
pizza-express-dough-balls-200g;Pizza Express Dough Balls 200g;£2.00/unit;£10.00/kg;garlic-bread;Per 100g nutrition not found
pizza-express-dough-balls-200g;Pizza Express Dough Balls 200g;£2.00/unit;£10.00/kg;vegetarian-meat-free-pizza-pasta;Per 100g nutrition not found
pizza-express-garlic---mozzarella-bread-x2-220g;Pizza Express Garlic & Mozzarella Bread x2 220g;£2.00/unit;£0.91/100g;garlic-bread;Per 100g nutrition not found
pizza-express-garlic---mozzarella-bread-x2-220g;Pizza Express Garlic & Mozzarella Bread x2 220g;£2.00/unit;£0.91/100g;vegetarian-meat-free-pizza-pasta;Per 100g nutrition not found
pizza-express-margherita-8-pizza;Pizza Express Margherita Pizza 8'' 245g;£3.50/unit;£14.29/kg;pizza;1047249;11.3;33.8;3.2;7.4;4.2;0.9;1.1
pizza-express-margherita-8-pizza;Pizza Express Margherita Pizza 8'' 245g;£3.50/unit;£14.29/kg;vegetarian-meat-free-pizza-pasta;1047249;11.3;33.8;3.2;7.4;4.2;0.9;1.1
pizza-express-pollo-pesto-pizza-8-270g;Pizza Express Pollo Pesto Pizza 8'' 275g;£3.50/unit;£12.73/kg;pizza;892212;11.9;27.5;3.5;5.8;3.1;1.0;1.1
pizza-express-romana-diavalo-365g;Pizza Express Romana Diavalo 8'' 365g;£4.50/unit;£12.33/kg;pizza;1092260;11.2;31.6;3.4;9.4;3.4;2.2;1.56
pizza-express-romana-giardineria-400g;Pizza Express Romana Giardineria 8'' 400g;£4.50/unit;£11.25/kg;pizza;941224;8.8;28.9;3.0;7.4;2.3;3.2;1.40
pizza-express-romana-la-reine-365g;Pizza Express Romana La Reine 8'' 365g;£4.50/unit;£12.33/kg;pizza;1033246;12.0;31.2;2.9;7.5;2.7;3.0;1.42
pizza-express-romana-padana-365g;Pizza Express Romana Padana 8'' 435g;£4.50/unit;£10.34/kg;pizza;916218;9.4;29.1;5.5;6.5;2.8;2.6;0.90
pizza-express-romana-pollo-ad-astra-360g;Pizza Express Romana Pollo Ad Astra 8'' 360g;£4.50/unit;£12.50/kg;pizza;1018242;12.3;32.4;4.2;6.5;2.5;2.4;1.46
pizza-express-sloppy-guiseppe-8-pizza;Pizza Express Sloppy Guiseppe Pizza 8'' 305g;£3.50/unit;£11.48/kg;pizza;926220;10.0;29.4;3.7;6.7;3.2;1.0;1.1
plj-lemon-juice-cordial-500ml;PLJ Lemon Juice Cordial 500ml;£2.00/unit;£0.40/100ml;mixers-cordials;Per 100g nutrition not found
plj-lemon-juice-cordial-500ml;PLJ Lemon Juice Cordial 500ml;£2.00/unit;£0.40/100ml;squash-cordials-cordials;Per 100g nutrition not found
pom-wonderful-pom---cloudy-apple-710ml;Pom Wonderful Pom & Cloudy Apple 710ml;£3.70/unit;£0.52/100ml;chilled-fruit-juice;24357;0;13;13;0;0;-1;0
pom-wonderful-pomegranate-juice-710ml;Pom Wonderful Pomegranate Juice 710ml;£3.70/unit;£0.52/100ml;chilled-fruit-juice;27765;03;16;14;0;0;-1;0
pomegreat-chilled-pomegranate-juice-drink-1l;Simply Great PomeGreat Juice 1L;£2.20/unit;£0.22/100ml;chilled-fruit-juice;20448;0.2;12;11.7;0.2;0;0;
poppets-chocolates-toffee;Poppets Chocolates Toffee;£0.40/unit;£0.98/100g;chocolate;501;3.5;74.9;59.6;21.7;12.7;1.0;0.1;0.3
porky-whites-surrey-pork-sausage-454g;Porky Whites Premium Surrey Pork Sausage x6 454g;£2.50/unit;£5.51/kg;sausages;978235;13.5;9.4;2.3;15.9;5.9;6.3;1.4
port-salut-slices-120g;Port Salut Slices 120g;£1.50/unit;£12.50/kg;sliced-grated-cheese;Per 100g nutrition not found
post-grape-nuts-581g;Grape Nuts 580g;£2.50/unit;£0.43/100g;healthier-cereals;-1;10.9;80.5;8.9;2.0;0.4;12.1;1.2;
powerade-berry---tropical-fruit--zero-500ml;Powerade Berry & Tropical Zero 500ml;£1.25/unit;£0.25/100ml;energy-drinks;1;0;0;0;0;0;-1;0.12
powerade-berry---tropical-fruit--zero-500ml;Powerade Berry & Tropical Zero 500ml;£1.25/unit;£0.25/100ml;sports-drinks;1;0;0;0;0;0;-1;0.12
powerade-berry---tropical-fruit--zero-500ml;Powerade Berry & Tropical Zero 500ml;£1.25/unit;£0.25/100ml;sports-energy-drinks;1;0;0;0;0;0;-1;0.12
powerade-berry---tropical-fruits-4x500ml;Powerade Berry & Tropical 4x500ml;£3.00/unit;£0.15/100ml;energy-drinks;16;0;3.9;3.9;0;0;-1;0.13
powerade-berry---tropical-fruits-4x500ml;Powerade Berry & Tropical 4x500ml;£3.00/unit;£0.15/100ml;sports-drinks;16;0;3.9;3.9;0;0;-1;0.13
powerade-berry---tropical-fruits-4x500ml;Powerade Berry & Tropical 4x500ml;£3.00/unit;£0.15/100ml;sports-energy-drinks;16;0;3.9;3.9;0;0;-1;0.13
powerade-berry-tropical-fruit-500ml;Powerade Berry & Tropical 500ml;£1.25/unit;£0.25/100ml;energy-drinks;Per 100g nutrition not found
powerade-berry-tropical-fruit-500ml;Powerade Berry & Tropical 500ml;£1.25/unit;£0.25/100ml;sports-drinks;Per 100g nutrition not found
powerade-berry-tropical-fruit-500ml;Powerade Berry & Tropical 500ml;£1.25/unit;£0.25/100ml;sports-energy-drinks;Per 100g nutrition not found
powerade-cherry-500ml;Powerade Cherry 500ml;£1.25/unit;£0.25/100ml;energy-drinks;Per 100g nutrition not found
powerade-cherry-500ml;Powerade Cherry 500ml;£1.25/unit;£0.25/100ml;sports-drinks;Per 100g nutrition not found
powerade-cherry-500ml;Powerade Cherry 500ml;£1.25/unit;£0.25/100ml;sports-energy-drinks;Per 100g nutrition not found
powerade-zero-berry---tropical-fruit-4x500ml;Powerade Berry & Tropical Zero 4x500ml;£3.00/unit;£0.15/100ml;energy-drinks;Per 100g nutrition not found
powerade-zero-berry---tropical-fruit-4x500ml;Powerade Berry & Tropical Zero 4x500ml;£3.00/unit;£0.15/100ml;sports-drinks;Per 100g nutrition not found
powerade-zero-berry---tropical-fruit-4x500ml;Powerade Berry & Tropical Zero 4x500ml;£3.00/unit;£0.15/100ml;sports-energy-drinks;Per 100g nutrition not found
pr%C3%A9sident-grated-emmental-200g;Président Grated Emmental 200g;£1.50/unit;£7.50/kg;sliced-grated-cheese;1530368;29;0.5;0;28;17;-1;1
premier-deli-breaded-ham-100g;Premier Deli Breaded Ham 100g;£0.80/unit;£0.80/100g;ham-82654-44;106;18;3.0;1.5;2.3;0.8;-1;2.1
premier-deli-breaded-ham-100g;Premier Deli Breaded Ham 100g;£0.80/unit;£0.80/100g;ham;106;18;3.0;1.5;2.3;0.8;-1;2.1
premier-deli-breaded-ham-250g;Premier Deli Breaded Ham 250g;£1.50/unit;£0.60/100g;ham-82654-44;106;18;3.0;1.5;2.3;0.8;-1;2.1
premier-deli-breaded-ham-250g;Premier Deli Breaded Ham 250g;£1.50/unit;£0.60/100g;ham;106;18;3.0;1.5;2.3;0.8;-1;2.1
premier-deli-chicken-100g;Premier Deli Chicken 100g;£0.80/unit;£0.80/100g;cooked-chicken-turkey;119;19;2.1;0.7;3.9;0.9;-1;1.5
premier-deli-chicken-100g;Premier Deli Chicken 100g;£0.80/unit;£0.80/100g;mfp-cooked-chicken-turkey;119;19;2.1;0.7;3.9;0.9;-1;1.5
premier-deli-honey-roast-ham-250g;Premier Deli Honey Roast Ham 250g;£1.79/unit;£0.72/100g;ham-82654-44;105;19;1.7;1.6;2.3;0.8;-1;2.2
premier-deli-honey-roast-ham-250g;Premier Deli Honey Roast Ham 250g;£1.79/unit;£0.72/100g;ham;105;19;1.7;1.6;2.3;0.8;-1;2.2
president-emmental-slices-200g;Président Emmental Slices 200g;£1.50/unit;£7.50/kg;sliced-grated-cheese;Per 100g nutrition not found
primula-cheese-spread--plain--tube-150g;Primula Cheese Spread Plain Tube 150g;£1.45/unit;£9.67/kg;snacking-lunchbox-cheese;873210;13;3.9;3.2;16;10;-1;2.3
primula-cheese-spread--plain--tube-150g;Primula Cheese Spread Plain Tube 150g;£1.45/unit;£9.67/kg;soft---spreadable;873210;13;3.9;3.2;16;10;-1;2.3
primula-cheese-spread--with-chives--tube-150g;Primula Cheese Spread with Chives Tube 150g;£1.45/unit;£9.67/kg;snacking-lunchbox-cheese;836201;12.1;3.9;2.8;14.8;9.7;-1;2.0
primula-cheese-spread--with-chives--tube-150g;Primula Cheese Spread with Chives Tube 150g;£1.45/unit;£9.67/kg;soft---spreadable;836201;12.1;3.9;2.8;14.8;9.7;-1;2.0
primula-cheese-spread--with-ham--tube-150g;Primula Cheese Spread with Ham Tube 150g;£1.45/unit;£9.67/kg;snacking-lunchbox-cheese;832200;12.3;3.9;3.1;14.6;9.2;-1;2.0
primula-cheese-spread--with-ham--tube-150g;Primula Cheese Spread with Ham Tube 150g;£1.45/unit;£9.67/kg;soft---spreadable;832200;12.3;3.9;3.1;14.6;9.2;-1;2.0
primula-cheese-spread--with-shrimp--tube-150g;Primula Cheese Spread with Shrimp Tube 150g;£1.45/unit;£9.67/kg;snacking-lunchbox-cheese;818197;12.6;3.9;2.9;14.2;9.6;-1;2.0
primula-cheese-spread--with-shrimp--tube-150g;Primula Cheese Spread with Shrimp Tube 150g;£1.45/unit;£9.67/kg;soft---spreadable;818197;12.6;3.9;2.9;14.2;9.6;-1;2.0
primula-cheese-spread-tub-200g;Primula Cheese Spread Tub 200g;£1.45/unit;£7.25/kg;snacking-lunchbox-cheese;210;13;3.9;3.2;16;10;-1;2.3
primula-cheese-spread-tub-200g;Primula Cheese Spread Tub 200g;£1.45/unit;£7.25/kg;soft---spreadable;210;13;3.9;3.2;16;10;-1;2.3
princes-chicken---ham-paste-jar-75g;Princes Chicken & Ham Paste Jar 75g;£0.70/unit;£0.93/100g;savoury-pastes;916220;14.5;4.6;-1;15.9;-1;-1;-1
princes-fruit-filling-apple-395g;Princes Fruit Filling Apple 395g;£1.00/unit;£0.25/100g;dessert-fruit;87;0;21.3;18.2;0;0;-1;
princes-gooseberries-300g;Princes Gooseberries 300g;£0.90/unit;£3.00/kg;dessert-fruit;75;0.6;17.0;17.0;0.2;0.1;1.4;0.01
princes-ham---beef-paste-jar-75g;Princes Ham & Beef Paste Jar 75g;£0.70/unit;£0.93/100g;savoury-pastes;738177;15.2;4.7;-1;10.8;-1;-1;-1
princes-salmon-paste-75g;Princes Salmon Paste 75g;£0.70/unit;£0.93/100g;savoury-pastes;852205;12.6;5.5;0.4;14.1;3.2;2.8;0.4
princes-sardine---tom-paste-75g;Princes Sardine & Tom Paste 75g;£0.70/unit;£0.93/100g;savoury-pastes;587140;14.4;5.0;1.5;6.4;2.0;2.6;0.56
provitamil-uht-oat-drink-1l;Provitamil Oat Alternative to Dairy & Soya Milk 1L;£1.35/unit;£1.35/ltr;dairy-alternatives;16540;0.4;8.7;8.7;1.2;0.1;0.1;0.1
provitamil-uht-oat-drink-1l;Provitamil Oat Alternative to Dairy & Soya Milk 1L;£1.35/unit;£1.35/ltr;soya---dietary-needs;16540;0.4;8.7;8.7;1.2;0.1;0.1;0.1
pukka-all-steak-pie-233g;Pukka Pies All Steak Pie 233g;£1.50/unit;£0.64/100g;hot-cold-pies;214892;6.9;17.6;1.5;11.9;4.6;4.5;0.90
pukka-pies-beef---onion-pie-231g;Pukka Pies Minced Steak & Onion Pie 231g;£1.50/unit;£0.65/100g;hot-cold-pies;230958;6.6;18.5;1.3;13.6;5.0;3.8;0.80
pukka-pies-chicken---mushroom-pie-226g;Pukka Pies Chicken & Mushroom Pie 226g;£1.50/unit;£0.66/100g;hot-cold-pies;209871;6.6;19.7;2.7;10.9;3.7;3.5;0.78
pukka-pies-steak---kidney-pie-238g;Pukka Pies Steak & Kidney Pie 238g;£1.50/unit;£0.63/100g;hot-cold-pies;225938;9.7;17.7;1.0;11.8;4.7;4.5;0.75
purdeys-rejuvenate-multivitamin-fruit-drink-330ml;Purdey's Rejuvenate Multivitamin Fruit Drink 330ml;£1.45/unit;£0.44/100ml;fruit-flavoured;13532;0.2;6.8;6.8;0.1;0;0;
purdeys-rejuvenate-multivitamin-fruit-drink-330ml;Purdey's Rejuvenate Multivitamin Fruit Drink 330ml;£1.45/unit;£0.44/100ml;vitamins-health-drinks;13532;0.2;6.8;6.8;0.1;0;0;
pure-dairy-free-soya-spread-500g;Pure Dairy Free Soya Spread 500g;£1.60/unit;£3.20/kg;spreads;Per 100g nutrition not found
quaker-oat-so-simple-cuppa-porridge-apple---blueberry-5x562g;Quaker Oat So Simple Cuppa Porridge Apple & Blueberry 5x56.2g;£2.00/unit;£0.72/100g;on-the-go;381;13.4;64.3;25.7;6.4;1.6;5.9;0.29
quaker-oat-so-simple-cuppa-porridge-apple---blueberry-5x562g;Quaker Oat So Simple Cuppa Porridge Apple & Blueberry 5x56.2g;£2.00/unit;£0.72/100g;porridge-oats;381;13.4;64.3;25.7;6.4;1.6;5.9;0.29
quaker-oat-so-simple-cuppa-porridge-golden-syrup-5x557g;Quaker Oat So Simple Cuppa Porridge Golden Syrup 5x55.7g;£2.00/unit;£0.72/100g;on-the-go;375;12.6;66.5;28.3;5.2;1.0;5.8;0.52
quaker-oat-so-simple-cuppa-porridge-golden-syrup-5x557g;Quaker Oat So Simple Cuppa Porridge Golden Syrup 5x55.7g;£2.00/unit;£0.72/100g;porridge-oats;375;12.6;66.5;28.3;5.2;1.0;5.8;0.52
quaker-oat-so-simple-cuppa-porridge-original-5x493g;Quaker Oat So Simple Cuppa Porridge Original 5x49.3g;£2.00/unit;£0.81/100g;on-the-go;378;15.1;62.8;20.3;6.1;1.6;5.6;0.22
quaker-oat-so-simple-cuppa-porridge-original-5x493g;Quaker Oat So Simple Cuppa Porridge Original 5x49.3g;£2.00/unit;£0.81/100g;porridge-oats;378;15.1;62.8;20.3;6.1;1.6;5.6;0.22
quaker-oat-so-simple-golden-syrup--family-pack-20x36g;Quaker Oat So Simple Golden Syrup, Family Pack 20x36g;£4.00/unit;£0.56/100g;porridge-oats;376;8.4;66.6;21.5;6.5;1.1;8.8;0.50;1180
quaker-oat-so-simple-original--family-pack-22x27g;Quaker Oat So Simple Original, Family Pack 22x27g;£4.00/unit;£0.67/100g;porridge-oats;370;11.0;58.9;1.0;7.7;1.3;10.5;;1180
quaker-oat-so-simple-original-porridge-x12-27g;Quaker Oat So Simple Original Porridge x12 27g;£2.00/unit;£0.62/100g;porridge-oats;370;11.0;58.9;1.0;7.7;1.3;10.5;;1180
quaker-oat-so-simple-porridge---apple---blueberry-flavour-57g;Quaker Oat So Simple Porridge Pot, Apple & Blueberry Flavour 57g;£1.00/unit;£1.75/100g;on-the-go;375;14.2;65.2;28.1;5.0;1.0;5.5;0.30
quaker-oat-so-simple-porridge---apple---blueberry-flavour-57g;Quaker Oat So Simple Porridge Pot, Apple & Blueberry Flavour 57g;£1.00/unit;£1.75/100g;porridge-oats;375;14.2;65.2;28.1;5.0;1.0;5.5;0.30
quaker-oat-so-simple-porridge-pot--sweet-cinnamon-flavour-57g;Quaker Oat So Simple Porridge Pot, Sweet Cinnamon Flavour 57g;£1.00/unit;£1.75/100g;on-the-go;376;14.4;65.0;28.4;5.2;1.1;5.6;0.31
quaker-oat-so-simple-porridge-pot-apple---cherry-58g;Quaker Oat So Simple Porridge Pot, Apple & Cherry 58g;£1.20/unit;£2.07/100g;on-the-go;377;13.5;68.1;27.2;4.8;0.8;3.8;0.30
quaker-oat-so-simple-porridge-pot-apple---cherry-58g;Quaker Oat So Simple Porridge Pot, Apple & Cherry 58g;£1.20/unit;£2.07/100g;porridge-oats;377;13.5;68.1;27.2;4.8;0.8;3.8;0.30
quaker-oat-so-simple-porridge-pot-banana---strawberry-58g;Quaker Oat So Simple Porridge Pot, Banana & Strawberry 58g;£1.20/unit;£2.07/100g;on-the-go;376;13.7;66.5;27.3;5.0;0.8;5.0;0.22
quaker-oat-so-simple-porridge-pot-banana---strawberry-58g;Quaker Oat So Simple Porridge Pot, Banana & Strawberry 58g;£1.20/unit;£2.07/100g;porridge-oats;376;13.7;66.5;27.3;5.0;0.8;5.0;0.22
quaker-oat-so-simple-porridge-pot-caramel-57g;Quaker Oat So Simple Porridge Pot, Caramel 57g;£1.00/unit;£1.75/100g;on-the-go;377;10.6;67.7;23.3;5.7;1.1;6.4;0.15
quaker-oat-so-simple-porridge-pot-caramel-57g;Quaker Oat So Simple Porridge Pot, Caramel 57g;£1.00/unit;£1.75/100g;porridge-oats;377;10.6;67.7;23.3;5.7;1.1;6.4;0.15
quaker-oat-so-simple-porridge-pot-golden-syrup-flavour-57g;Quaker Oat So Simple Porridge Pot, Golden Syrup Flavour 57g;£1.00/unit;£1.75/100g;on-the-go;372;13.3;65.3;29.5;4.9;0.8;6.7;0.58
quaker-oat-so-simple-porridge-pot-golden-syrup-flavour-57g;Quaker Oat So Simple Porridge Pot, Golden Syrup Flavour 57g;£1.00/unit;£1.75/100g;porridge-oats;372;13.3;65.3;29.5;4.9;0.8;6.7;0.58
quaker-oat-so-simple-porridge-pot-original-50g;Quaker Oat So Simple Porridge Pot, Original 50g;£1.00/unit;£2.00/100g;on-the-go;379;14.3;60.6;22.3;7.2;1.2;7.3;0.22
quaker-oat-so-simple-porridge-pot-original-50g;Quaker Oat So Simple Porridge Pot, Original 50g;£1.00/unit;£2.00/100g;porridge-oats;379;14.3;60.6;22.3;7.2;1.2;7.3;0.22
quaker-oat-so-simple-porridge-pot-summer-berries-58g;Quaker Oat So Simple Porridge Pot, Summer Berries 58g;£1.20/unit;£2.07/100g;on-the-go;375;14.3;66.6;26.4;4.7;0.8;4.4;0.24
quaker-oat-so-simple-sachets-apple---cherry-x8;Quaker Oat So Simple Porridge, Apple & Cherry 8x36.1g;£2.00/unit;£0.69/100g;on-the-go;375;8.5;68.0;22.3;6.1;1.2;7.5;0.08;180;
quaker-oat-so-simple-sachets-banana---strawberry-x8;Quaker Oat So Simple Porridge, Banana & Strawberry 8x35.5g;£2.00/unit;£0.70/100g;on-the-go;376;8.7;67.5;21.7;6.2;1.2;7.5;0.18;1180
quaker-oat-so-simple-sachets-blackberry---apple-x8;Quaker Oat So Simple Porridge, Blackberry & Apple 8x36.6g;£2.00/unit;£0.69/100g;on-the-go;372;8.4;67.5;22.2;6.1;1.1;7.9;0.05;1180
quaker-oats-oat-so-simple-honey---vanilla-flavour-porridge-10x338g;Quaker Oat So Simple Honey & Vanilla Flavour Porridge 10x33.8g;£2.00/unit;£0.59/100g;porridge-oats;381;8.8;68.1;18.8;6.4;1.2;7.2;0.03;1180
quality-st-toffee-penny-dessert-2x70g;Quality St Dessert Toffee Penny 2x70g;£1.00/unit;£0.71/100g;rice-dessert-style-yogurts;228;2.4;33.9;25.5;9.2;6.4;-1;0.5
quick-milk-sipper-chocolate-5x6g;Quick Milk Sipper Chocolate 5x6g;£0.60/unit;£0.12/ea;flavoured-milk;Per 100g nutrition not found
quick-milk-sipper-strawberry-5x6g;Quick Milk Sipper Strawberry 5x6g;£0.60/unit;£0.12/ea;flavoured-milk;Per 100g nutrition not found
quorn-8-diet-sausages-300g;Quorn Low Fat Sausages x6 300g;£2.00/unit;£6.67/kg;meat-free-vegetarian;537127;13.6;10.5;0.9;2.7;0.3;3.2;0.4;1.0
quorn-bbq-fillets-166g;Quorn BBQ Fillets 166g;£2.00/unit;£12.05/kg;meat-free-vegetarian;106;12.3;9.4;5.0;1.5;0.7;2.9;0.9
quorn-best-of-british-meat-free-sausages-240g;Quorn Best Of British Sausages 240g;£2.20/unit;£9.17/kg;deli-meat-alternatives;185;11.0;12.0;1.0;9.5;2.0;3.5;1.8
quorn-burgers--southern-style-252g;Quorn Burgers, Southern Style 252g;£2.00/unit;£7.94/kg;meat-free-vegetarian;195;10.7;14.5;2.8;9.8;1.2;3.1;2.0
quorn-burgers-x4-200g;Quorn Burgers x4 200g;£2.00/unit;£10.00/kg;meat-free-vegetarian;641160;14.1;8.1;2.9;7.3;2.6;2.4;0.4;1.1
quorn-cheese---broccoli-escalope-240g;Quorn Cheese & Broccoli Escalope 240g;£2.00/unit;£8.33/kg;meat-free-vegetarian;209;8.7;16.5;2.1;11.4;2.9;2.9;1.3
quorn-chefs-selection-chorizo-style-sausages-240g;Quorn Chef's Selection Chorizo Style Sausages 240g;£2.20/unit;£9.17/kg;continental-meats;213;13.3;7.1;0.3;13.8;4.5;3.4;1.5
quorn-chefs-selection-chorizo-style-sausages-240g;Quorn Chef's Selection Chorizo Style Sausages 240g;£2.20/unit;£9.17/kg;deli-meat-alternatives;213;13.3;7.1;0.3;13.8;4.5;3.4;1.5
quorn-chicken-style---leek-pie-400g;Quorn Chicken Style & Leek Pie 400g;£2.50/unit;£6.25/kg;meat-free-vegetarian;818196;6.0;20.0;5.0;9.5;5.2;3.0;0.2;0.5
quorn-chicken-style-pieces-300g;Quorn Meat Free Chicken Pieces 300g;£2.00/unit;£6.67/kg;meat-free-vegetarian;89;14.0;1.0;0.4;1.4;0.4;8.3;0.8
quorn-chorizo-chub-150g;Quorn Chorizo Chub 150g;£2.60/unit;£17.33/kg;deli-meat-alternatives;213;13.8;11.6;0.7;11.3;4.3;4.9;1.8
quorn-classic-burger-180g;Quorn Classic Burger 180g;£2.20/unit;£12.22/kg;deli-meat-alternatives;182;18.0;9.8;1.9;8.2;3.2;3.9;1.5
quorn-classic-lasagne-500g;Quorn Classic Lasagne 500g;£3.20/unit;£6.40/kg;italian-ready-meals;101;4.8;10.0;2.5;4.0;2.0;3.0;0.5
quorn-classic-lasagne-500g;Quorn Classic Lasagne 500g;£3.20/unit;£6.40/kg;vegetarian-meat-free-ready-meals;101;4.8;10.0;2.5;4.0;2.0;3.0;0.5
quorn-classic-lasagne-500g;Quorn Classic Lasagne 500g;£3.20/unit;£6.40/kg;vegetarian-ready-meals;101;4.8;10.0;2.5;4.0;2.0;3.0;0.5
quorn-cottage-pie-500g;Quorn Cottage Pie 500g;£3.20/unit;£6.40/kg;british-ready-meals;73;2.5;10.0;1.6;2.0;1.0;2.5;0.4
quorn-cottage-pie-500g;Quorn Cottage Pie 500g;£3.20/unit;£6.40/kg;healthier-choice-ready-meals;73;2.5;10.0;1.6;2.0;1.0;2.5;0.4
quorn-cottage-pie-500g;Quorn Cottage Pie 500g;£3.20/unit;£6.40/kg;meals-for-1-ready-meals;73;2.5;10.0;1.6;2.0;1.0;2.5;0.4
quorn-cottage-pie-500g;Quorn Cottage Pie 500g;£3.20/unit;£6.40/kg;vegetarian-meat-free-ready-meals;73;2.5;10.0;1.6;2.0;1.0;2.5;0.4
quorn-cottage-pie-500g;Quorn Cottage Pie 500g;£3.20/unit;£6.40/kg;vegetarian-ready-meals;73;2.5;10.0;1.6;2.0;1.0;2.5;0.4
quorn-crispy-fillets-200g;Quorn Crispy Fillets 200g;£2.50/unit;£12.50/kg;meat-free-vegetarian;192;12.5;14.2;2.0;8.5;1.5;4.0;0.5
quorn-crispy-nuggets-300g;Quorn Crispy Nuggets 300g;£2.50/unit;£8.33/kg;meat-free-vegetarian;191;9.6;17.7;1.0;8.6;1.0;2.0;1.1
quorn-cumberland-sausages-x6-300g;Quorn Cumberland Sausages x6 300g;£2.00/unit;£6.67/kg;meat-free-vegetarian;721172;13.5;12.0;0.5;7.0;0.6;3.5;0.40;1.00
quorn-deli-bacon-120g;Quorn Deli Bacon 120g;£1.75/unit;£14.58/kg;deli-meat-alternatives;132;15.0;3.0;0.3;5.5;0.4;5.0;1.8
quorn-deli-style-chicken--wafer-thin-180g;Quorn Deli Style Chicken, Wafer Thin 180g;£2.70/unit;£15.00/kg;cooked-chicken-turkey;119;16.3;4.5;1.1;2.6;0.7;6.0;1.3
quorn-deli-style-chicken--wafer-thin-180g;Quorn Deli Style Chicken, Wafer Thin 180g;£2.70/unit;£15.00/kg;deli-meat-alternatives;119;16.3;4.5;1.1;2.6;0.7;6.0;1.3
quorn-deli-style-ham--wafer-thin-180g;Quorn Deli Style Ham, Wafer Thin 180g;£2.70/unit;£15.00/kg;deli-meat-alternatives;510122;16.0;6.5;0.8;2.2;0.6;5.8;0.7;1.8
quorn-deli-style-turkey---stuffing-slices-100g;Quorn Deli Style Turkey & Stuffing Slices 100g;£1.75/unit;£17.50/kg;cooked-chicken-turkey;128;16.0;8.9;0.6;2.3;0.6;4.0;1.3
quorn-deli-style-turkey---stuffing-slices-100g;Quorn Deli Style Turkey & Stuffing Slices 100g;£1.75/unit;£17.50/kg;deli-meat-alternatives;128;16.0;8.9;0.6;2.3;0.6;4.0;1.3
quorn-family-roast-454g;Quorn Family Roast 454g;£2.50/unit;£5.51/kg;meat-free-vegetarian;515123;14.0;3.5;0.5;5.0;0.8;4.0;0.6;1.5
quorn-fillets-x6-312g;Quorn Fillets x6 312g;£2.00/unit;£6.41/kg;meat-free-vegetarian;86;11.5;4.0;0.2;1.5;0.5;5.0;0.8
quorn-frankurters-180g;Quorn Frankurters 180g;£2.20/unit;£12.22/kg;deli-meat-alternatives;825205;13.5;4.5;1.0;14;1.5;3.5;1.0
quorn-frankurters-180g;Quorn Frankurters 180g;£2.20/unit;£12.22/kg;snacking-cooked-sausage;825205;13.5;4.5;1.0;14;1.5;3.5;1.0
quorn-garlic---mushroom-escalopes-x2-240g;Quorn Garlic & Mushroom Escalopes x2 240g;£2.00/unit;£8.33/kg;meat-free-vegetarian;1014243;10.5;20.5;1.5;12.5;3.5;3.0;0.5;1.3
quorn-hot-dogs-270g;Quorn Hot Dogs 270g;£2.00/unit;£7.41/kg;meat-free-vegetarian;171;14.8;3.6;0.9;9.6;0.7;5.4;1.3
quorn-meat-free-pork-pies-2x-114g;Quorn Meat Free Pork Pies 2x 114g;£2.00/unit;£17.54/kg;deli-meat-alternatives;382;9.6;38.0;1.8;20.3;8.3;4.0;1.7
quorn-mince-300g;Quorn Meat Free Mince 300g;£2.00/unit;£6.67/kg;meat-free-vegetarian;105;14.5;4.5;0.6;2.0;0.5;5.5;0.3
quorn-mince-350g;Quorn Meat Free Mince 350g;£2.70/unit;£7.71/kg;deli-meat-alternatives;105;14.5;4.5;0.6;2.0;0.5;5.5;0.25
quorn-mince-500g;Quorn Meat Free Mince 500g;£3.00/unit;£6.00/kg;meat-free-vegetarian;105;14.5;4.5;0.6;2.0;0.5;5.5;0.3
quorn-mini-cocktail-sausages-180g;Quorn Mini Cocktail Sausages 180g;£1.60/unit;£8.89/kg;deli-meat-alternatives;218;11.2;13.9;1.2;12.2;2.2;3.9;2.3
quorn-mini-cocktail-sausages-180g;Quorn Mini Cocktail Sausages 180g;£1.60/unit;£8.89/kg;sausage-rolls-savouries;218;11.2;13.9;1.2;12.2;2.2;3.9;2.3
quorn-mini-cocktail-sausages-180g;Quorn Mini Cocktail Sausages 180g;£1.60/unit;£8.89/kg;snacking-cooked-sausage;218;11.2;13.9;1.2;12.2;2.2;3.9;2.3
quorn-mini-sausage-rolls-210g;Quorn Mini Sausage Rolls 210g;£1.60/unit;£7.62/kg;deli-meat-alternatives;259;10.1;24.5;2.7;12.5;5.3;3.9;0.9
quorn-mini-sausage-rolls-210g;Quorn Mini Sausage Rolls 210g;£1.60/unit;£7.62/kg;lunchtime-snacks;259;10.1;24.5;2.7;12.5;5.3;3.9;0.9
quorn-mini-sausage-rolls-210g;Quorn Mini Sausage Rolls 210g;£1.60/unit;£7.62/kg;sausage-rolls-savouries;259;10.1;24.5;2.7;12.5;5.3;3.9;0.9
quorn-mini-sausage-rolls-210g;Quorn Mini Sausage Rolls 210g;£1.60/unit;£7.62/kg;slices-pasties;259;10.1;24.5;2.7;12.5;5.3;3.9;0.9
quorn-mini-savoury-eggs-x12-240g;Quorn Mini Savoury Eggs 240g;£1.60/unit;£6.67/kg;deli-meat-alternatives;1075257;15.0;21.0;1.0;11.5;1.0;4.6;0.7;1.7
quorn-mini-savoury-eggs-x12-240g;Quorn Mini Savoury Eggs 240g;£1.60/unit;£6.67/kg;sausage-rolls-savouries;1075257;15.0;21.0;1.0;11.5;1.0;4.6;0.7;1.7
quorn-mozzarella---pesto-escalope-240g;Quorn Mozzarella & Pesto Escalope 240g;£2.70/unit;£11.25/kg;deli-meat-alternatives;226;10.0;15.0;2.0;13.0;3.3;4.5;1.5
quorn-oriental-stir-fry-600g;Quorn Oriental Stir Fry 600g;£2.50/unit;£4.17/kg;meat-free-vegetarian;83;5.1;11.2;3.1;1.2;0.4;3.6;0.9
quorn-pieces-350g;Quorn Meat Free Chicken Pieces 350g;£2.70/unit;£7.71/kg;deli-meat-alternatives;89;14.0;1.0;0.4;1.4;0.41;8.3;0.8
quorn-pieces-500g;Quorn Pieces 500g;£3.00/unit;£6.00/kg;meat-free-vegetarian;89;14.0;1.0;0.4;1.4;0.4;8.3;0.8
quorn-roast-sliced-fillets-140g;Quorn Roast Chicken Style Sliced Fillets 140g;£2.70/unit;£19.29/kg;cooked-chicken-turkey;141;15.5;3.5;0.1;6.0;1.0;5.5;0.5
quorn-roast-sliced-fillets-140g;Quorn Roast Chicken Style Sliced Fillets 140g;£2.70/unit;£19.29/kg;deli-meat-alternatives;141;15.5;3.5;0.1;6.0;1.0;5.5;0.5
quorn-sausage-roll-130g;Quorn Sausage Roll 130g;£2.00/unit;£15.38/kg;lunchtime-snacks;225;12.3;21.2;2.4;9.3;3.7;3.8;1.0
quorn-sausage-roll-130g;Quorn Sausage Roll 130g;£2.00/unit;£15.38/kg;sausage-rolls-savouries;225;12.3;21.2;2.4;9.3;3.7;3.8;1.0
quorn-sausage-roll-130g;Quorn Sausage Roll 130g;£2.00/unit;£15.38/kg;vegetarian-ready-meals;225;12.3;21.2;2.4;9.3;3.7;3.8;1.0
quorn-sausages-x6-250g;Quorn Sausages x6 250g;£2.20/unit;£8.80/kg;deli-meat-alternatives;165;12.6;11.6;0.3;6.8;0.6;3.5;1.0
quorn-sausages-x8-336g;Quorn Sausages x8 336g;£2.00/unit;£5.95/kg;meat-free-vegetarian;177;10.2;13.4;0.8;7.8;0.6;6.2;1.4
quorn-smoky-bacon-style-slices-150g;Quorn Smoky Bacon Style Slices 150g;£2.00/unit;£13.33/kg;meat-free-vegetarian;219;12.1;3.0;2.1;16.1;1.8;7.0;2.3
quorn-southern-fried-bites-300g;Quorn Southern Fried Bites 300g;£2.00/unit;£6.67/kg;frozen-snacks;198;11.9;17.7;1.1;7.9;1.0;4.4;1.5
quorn-southern-fried-bites-300g;Quorn Southern Fried Bites 300g;£2.00/unit;£6.67/kg;meat-free-vegetarian;198;11.9;17.7;1.1;7.9;1.0;4.4;1.5
quorn-southern-fried-escalope-220g;Quorn Southern Fried Escalope 220g;£2.70/unit;£12.27/kg;deli-meat-alternatives;233;9.6;20.5;2.0;11.7;1.5;3.5;1.3
quorn-steak-strips-300g;Quorn Steak Strips 300g;£2.00/unit;£6.67/kg;meat-free-vegetarian;420100;14.3;4.3;1.1;1.5;1.0;6.0;0.3;0.75
quorn-steak-style---gravy-pies-400g;Quorn Steak Style & Gravy Pies 400g;£2.00/unit;£5.00/kg;meat-free-vegetarian;216;6.1;25.9;7.0;9.1;4.8;2.8;0.7
quorn-swedish-style-balls-300g;Quorn Swedish Style Balls 300g;£2.00/unit;£6.67/kg;meat-free-vegetarian;117;12.0;9.0;0.4;2.5;1.5;5.0;1.0
quorn-thai-green-curry-500g;Quorn Thai Green Curry 500g;£2.50/unit;£5.00/kg;meat-free-vegetarian;101;5.4;7.3;4.1;4.7;3.9;3.8;0.9
quorn-wild-garlic---parsley-meat-free-sausages-240g;Quorn Wild Garlic & Parsley Sausages 240g;£2.20/unit;£9.17/kg;deli-meat-alternatives;174;12.0;9.0;1.0;9.0;2.0;4.5;1.0
r-whites-diet-lemonade-2l;R Whites Diet Lemonade 2L;£1.30/unit;£0.07/100ml;diet-sugar-free-fizzy-drinks;72;0;0;0;0;0;-1;0.01
r-whites-diet-lemonade-2l;R Whites Diet Lemonade 2L;£1.30/unit;£0.07/100ml;fruit-flavoured;72;0;0;0;0;0;-1;0.01
r-whites-diet-lemonade-2l;R Whites Diet Lemonade 2L;£1.30/unit;£0.07/100ml;lemonade;72;0;0;0;0;0;-1;0.01
r-whites-lemonade-2l;R Whites Lemonade 2L;£1.30/unit;£0.07/100ml;fruit-flavoured;4711;0;2.4;2.4;0;0;-1;0.03
r-whites-lemonade-2l;R Whites Lemonade 2L;£1.30/unit;£0.07/100ml;lemonade;4711;0;2.4;2.4;0;0;-1;0.03
r-whites-lemonade-ice-lollies-x3-262g;R Whites Lemonade Ice Lollies 3x75ml;£1.50/unit;£0.57/100ml;lollies-bars-cones;75;0.5;15.1;14.7;1.5;0.8;0.1;0.01
r-whites-lemonade-mini-150ml;R Whites Lemonade Mini 150ml;£0.45/unit;£0.30/100ml;lemonade;4811;0;2.6;2.6;0;0;-1;0.03
r-whites-lemonade-mini-150ml;R Whites Lemonade Mini 150ml;£0.45/unit;£0.30/100ml;mixers-12333-44;4811;0;2.6;2.6;0;0;-1;0.03
r-whites-lemonade-mini-150ml;R Whites Lemonade Mini 150ml;£0.45/unit;£0.30/100ml;mixers;4811;0;2.6;2.6;0;0;-1;0.03
rachels-low-fat-greek-style-natural-yog-450g;Rachel's Organic Greek Style Low Fat Natural Yogurt 450g;£1.50/unit;£0.33/100g;big-pots-pouring-yogurts;33780;5.6;8.0;8.0;2.9;1.8;-1;0.2
rachels-low-fat-greek-style-natural-yog-450g;Rachel's Organic Greek Style Low Fat Natural Yogurt 450g;£1.50/unit;£0.33/100g;diet-low-fat-yogurts;33780;5.6;8.0;8.0;2.9;1.8;-1;0.2
rachels-low-fat-greek-style-natural-yog-450g;Rachel's Organic Greek Style Low Fat Natural Yogurt 450g;£1.50/unit;£0.33/100g;natural-greek-yogurts;33780;5.6;8.0;8.0;2.9;1.8;-1;0.2
rachels-low-fat-mango-yogurt-450g;Rachel's Organic Low Fat Mango Yogurt 450g;£1.90/unit;£0.42/100g;big-pots-pouring-yogurts;39393;4.3;15.1;14.7;1.7;1.0;-1;0.1
rachels-low-fat-mango-yogurt-450g;Rachel's Organic Low Fat Mango Yogurt 450g;£1.90/unit;£0.42/100g;diet-low-fat-yogurts;39393;4.3;15.1;14.7;1.7;1.0;-1;0.1
rachels-organic-dairy-natural-greek-yogurt-450g;Rachel's Organic Greek Style Natural Yogurt 450g;£1.50/unit;£0.33/100g;big-pots-pouring-yogurts;483116;3.6;5.0;5.0;9.0;5.6;-1;0.1
rachels-organic-dairy-natural-greek-yogurt-450g;Rachel's Organic Greek Style Natural Yogurt 450g;£1.50/unit;£0.33/100g;natural-greek-yogurts;483116;3.6;5.0;5.0;9.0;5.6;-1;0.1
rachels-organic-divine-chocolate-yoghurt-pots-2x100g;Rachel's Organic Divine Chocolate Yoghurt Pots 2x100g;£2.00/unit;£1.00/100g;rice-dessert-style-yogurts;757181;5.6;16.8;16.3;10.2;6.2;-1;0.2
rachels-organic-divine-vanilla-yoghurt-pots-2x100g;Rachel's Organic Divine Vanilla Yoghurt Pots 2x100g;£2.00/unit;£1.00/100g;rice-dessert-style-yogurts;769184;5.4;18.0;17.9;10.0;5.6;-1;0.2
rachels-organic-fat-free-blueberry-yogurt-450g;Rachel's Organic Fat Free Blueberry Yogurt 450g;£1.90/unit;£0.42/100g;big-pots-pouring-yogurts;32778;5.2;14.1;13.9;0.1;0.1;-1;0.2
rachels-organic-fat-free-blueberry-yogurt-450g;Rachel's Organic Fat Free Blueberry Yogurt 450g;£1.90/unit;£0.42/100g;diet-low-fat-yogurts;32778;5.2;14.1;13.9;0.1;0.1;-1;0.2
rachels-organic-fat-free-greek-style-natural-yogurt-450g;Rachel's Organic Greek Style Fat Free Natural Yogurt 450g;£1.50/unit;£0.33/100g;big-pots-pouring-yogurts;25360;6.1;8.7;8.7;0.1;0.1;-1;0.2
rachels-organic-fat-free-greek-style-natural-yogurt-450g;Rachel's Organic Greek Style Fat Free Natural Yogurt 450g;£1.50/unit;£0.33/100g;diet-low-fat-yogurts;25360;6.1;8.7;8.7;0.1;0.1;-1;0.2
rachels-organic-fat-free-greek-style-natural-yogurt-450g;Rachel's Organic Greek Style Fat Free Natural Yogurt 450g;£1.50/unit;£0.33/100g;natural-greek-yogurts;25360;6.1;8.7;8.7;0.1;0.1;-1;0.2
rachels-organic-fat-free-peach---passionfruit-yogurt-450g;Rachel's Organic Fat Free Peach & Passionfruit Yogurt 450g;£1.90/unit;£0.42/100g;big-pots-pouring-yogurts;34782;5.3;14.9;14.5;0.1;0.1;-1;0.2
rachels-organic-fat-free-peach---passionfruit-yogurt-450g;Rachel's Organic Fat Free Peach & Passionfruit Yogurt 450g;£1.90/unit;£0.42/100g;diet-low-fat-yogurts;34782;5.3;14.9;14.5;0.1;0.1;-1;0.2
rachels-organic-fat-free-strawberry---rhubarb-yogurt-450g;Rachel's Organic Fat Free Strawberry & Rhubarb Yogurt 450g;£1.90/unit;£0.42/100g;big-pots-pouring-yogurts;32877;5.2;13.9;13.7;0.1;0.1;-1;0.2
rachels-organic-fat-free-strawberry---rhubarb-yogurt-450g;Rachel's Organic Fat Free Strawberry & Rhubarb Yogurt 450g;£1.90/unit;£0.42/100g;diet-low-fat-yogurts;32877;5.2;13.9;13.7;0.1;0.1;-1;0.2
rachels-organic-forbidden-fruit-multipack-4x120g;Rachel's Organic Forbidden Fruit Yogurt 4x120g;£2.00/unit;£0.42/100g;corners-everyday-yogurts;122;3.4;14.6;14.1;5.5;3.4;-1;0.1
rachels-organic-garden-fruit-multipack-4x120g;Rachel's Organic Low Fat Garden Fruit Yogurt 4x120g;£2.00/unit;£0.42/100g;diet-low-fat-yogurts;82;4.4;12.2;12.2;1.7;1.1;-1;0.2
rachels-organic-golden-fruits-yogurt-4x120g;Rachel's Organic Golden Fruits Yogurt 4x120g;£2.00/unit;£0.42/100g;corners-everyday-yogurts;120;3.4;14.0;14.0;5.5;3.4;-1;0.1
rachels-organic-gooseberry-yogurt-450g;Rachel's Organic Low Fat Gooseberry Yogurt 450g;£1.90/unit;£0.42/100g;big-pots-pouring-yogurts;37789;4.4;14.1;13.7;1.7;1.0;-1;0.1
rachels-organic-gooseberry-yogurt-450g;Rachel's Organic Low Fat Gooseberry Yogurt 450g;£1.90/unit;£0.42/100g;diet-low-fat-yogurts;37789;4.4;14.1;13.7;1.7;1.0;-1;0.1
rachels-organic-greek-style-coconut-yogurt-450g;Rachel's Organic Greek Style Coconut Yogurt 450g;£1.50/unit;£0.33/100g;big-pots-pouring-yogurts;608145;3.3;10.4;10.0;10.1;6.9;-1;0.1
rachels-organic-greek-style-coconut-yogurt-450g;Rachel's Organic Greek Style Coconut Yogurt 450g;£1.50/unit;£0.33/100g;natural-greek-yogurts;608145;3.3;10.4;10.0;10.1;6.9;-1;0.1
rachels-organic-greek-style-ginger-yogurt-450g;Rachel's Organic Greek Style Ginger Yogurt 450g;£1.50/unit;£0.33/100g;big-pots-pouring-yogurts;571137;3.2;14.4;14.3;7.4;4.6;-1;0.1
rachels-organic-greek-style-ginger-yogurt-450g;Rachel's Organic Greek Style Ginger Yogurt 450g;£1.50/unit;£0.33/100g;natural-greek-yogurts;571137;3.2;14.4;14.3;7.4;4.6;-1;0.1
rachels-organic-greek-style-lemon-yogurt-450g;Rachel's Organic Greek Style Lemon Yogurt 450g;£1.50/unit;£0.33/100g;big-pots-pouring-yogurts;582139;3.1;14.8;14.3;7.5;4.7;-1;0.1
rachels-organic-greek-style-lemon-yogurt-450g;Rachel's Organic Greek Style Lemon Yogurt 450g;£1.50/unit;£0.33/100g;natural-greek-yogurts;582139;3.1;14.8;14.3;7.5;4.7;-1;0.1
rachels-organic-live-wholemilk-greek-yogurt-with-honey-450g;Rachel's Organic Greek Style Honey Yogurt 450g;£1.50/unit;£0.33/100g;big-pots-pouring-yogurts;535131;3.3;12.7;12.7;7.5;4.6;-1;0.1
rachels-organic-live-wholemilk-greek-yogurt-with-honey-450g;Rachel's Organic Greek Style Honey Yogurt 450g;£1.50/unit;£0.33/100g;natural-greek-yogurts;535131;3.3;12.7;12.7;7.5;4.6;-1;0.1
rachels-organic-low-fat-cherry-yogurt-450g;Rachel's Organic Low Fat Cherry Yogurt 450g;£1.90/unit;£0.42/100g;big-pots-pouring-yogurts;36687;4.4;13.4;13.0;1.7;1.0;-1;0.2
rachels-organic-low-fat-cherry-yogurt-450g;Rachel's Organic Low Fat Cherry Yogurt 450g;£1.90/unit;£0.42/100g;diet-low-fat-yogurts;36687;4.4;13.4;13.0;1.7;1.0;-1;0.2
rachels-organic-low-fat-raspberry-yogurt-450g;Rachel's Organic Low Fat Raspberry Yogurt 450g;£1.90/unit;£0.42/100g;big-pots-pouring-yogurts;40395;4.2;15.6;14.9;1.8;1.6;-1;0.2
rachels-organic-low-fat-raspberry-yogurt-450g;Rachel's Organic Low Fat Raspberry Yogurt 450g;£1.90/unit;£0.42/100g;diet-low-fat-yogurts;40395;4.2;15.6;14.9;1.8;1.6;-1;0.2
rachels-organic-low-fat-rhubarb-yogurt-450g;Rachel's Organic Low Fat Rhubarb Yogurt 450g;£1.90/unit;£0.42/100g;big-pots-pouring-yogurts;35784;4.2;13.3;13.1;1.6;1.0;-1;0.2
rachels-organic-low-fat-rhubarb-yogurt-450g;Rachel's Organic Low Fat Rhubarb Yogurt 450g;£1.90/unit;£0.42/100g;diet-low-fat-yogurts;35784;4.2;13.3;13.1;1.6;1.0;-1;0.2
rachels-organic-low-fat-vanilla-yogurt-450g;Rachel's Organic Low Fat Vanilla Yogurt 450g;£1.90/unit;£0.42/100g;big-pots-pouring-yogurts;37990;4.6;13.8;13.6;1.8;1.1;-1;0.2
rachels-organic-low-fat-vanilla-yogurt-450g;Rachel's Organic Low Fat Vanilla Yogurt 450g;£1.90/unit;£0.42/100g;diet-low-fat-yogurts;37990;4.6;13.8;13.6;1.8;1.1;-1;0.2
rachels-organic-my-first-yogurts-4x90g;Rachel's My First Yogurt 4x90g;£2.00/unit;£0.56/100g;kids-yogurts;88;3.9;10.3;9.8;3.5;2.1;-1;0.3
rachels-organic-traditional-divine-rice-puddings-2x150g;Rachel's Organic Divine Rice Puddings 2x150g;£1.40/unit;£0.47/100g;rice-dessert-style-yogurts;598142;3.4;20.5;11.5;5.2;3.3;-1;1.0
rakusens-tomor-sunflower-margarine-250g;Rakusen's Tomor Sunflower Margarine 250g;£1.00/unit;£4.00/kg;kosher-chilled-foods;Per 100g nutrition not found
rakusens-tomor-sunflower-margarine-250g;Rakusen's Tomor Sunflower Margarine 250g;£1.00/unit;£4.00/kg;spreads;Per 100g nutrition not found
rankin-irish-soda-bread-minis-x4;Rankin Irish Soda Bread Minis x4;£1.10/unit;£0.28/ea;crumpets-breakfast-muffins-pancakes;Per 100g nutrition not found
rankin-irish-soda-bread-minis-x4;Rankin Irish Soda Bread Minis x4;£1.10/unit;£0.28/ea;naan-ciabatta-breads-of-the-world;Per 100g nutrition not found
rankin-irish-soda-bread-minis-x4;Rankin Irish Soda Bread Minis x4;£1.10/unit;£0.28/ea;soda-rye-bread;Per 100g nutrition not found
rankin-selection-brown-soda-bread-400g;Rankin Selection Brown Soda Bread 400g;£1.30/unit;£0.33/100g;crumpets-breakfast-muffins-pancakes;204;9.4;40.3;5.8;3.2;0.5;5.8;1.0
rankin-selection-brown-soda-bread-400g;Rankin Selection Brown Soda Bread 400g;£1.30/unit;£0.33/100g;naan-ciabatta-breads-of-the-world;204;9.4;40.3;5.8;3.2;0.5;5.8;1.0
rankin-selection-brown-soda-bread-400g;Rankin Selection Brown Soda Bread 400g;£1.30/unit;£0.33/100g;soda-rye-bread;204;9.4;40.3;5.8;3.2;0.5;5.8;1.0
rankin-selection-potato-farls-x4;Rankin Selection Potato Farls x4;£1.40/unit;£0.35/ea;crumpets-breakfast-muffins-pancakes;184;2.3;36.9;2.9;3.6;0.4;2.5;1.0
rankin-selection-potato-farls-x4;Rankin Selection Potato Farls x4;£1.40/unit;£0.35/ea;naan-ciabatta-breads-of-the-world;184;2.3;36.9;2.9;3.6;0.4;2.5;1.0
rankin-selection-potato-farls-x4;Rankin Selection Potato Farls x4;£1.40/unit;£0.35/ea;soda-rye-bread;184;2.3;36.9;2.9;3.6;0.4;2.5;1.0
real-lancashire-eccles-cakes-x4;Real Lancashire Eccles Cakes x4;£1.55/unit;£0.39/ea;muffins-small-cakes;1681401;3.9;55.8;41.6;17.6;9.3;-1;0.40
red-bull-blue-edition-250ml;Red Bull Blueberry, Blue Edition Energy Drink 250ml;£1.19/unit;£0.48/100ml;energy-drinks;Per 100g nutrition not found
red-bull-blue-edition-250ml;Red Bull Blueberry, Blue Edition Energy Drink 250ml;£1.19/unit;£0.48/100ml;sports-energy-drinks;Per 100g nutrition not found
red-bull-blue-edition-4x250ml;Red Bull Blueberry, Blue Edition Energy Drink 4x250ml;£4.00/unit;£0.40/100ml;energy-drinks;Per 100g nutrition not found
red-bull-blue-edition-4x250ml;Red Bull Blueberry, Blue Edition Energy Drink 4x250ml;£4.00/unit;£0.40/100ml;sports-energy-drinks;Per 100g nutrition not found
red-bull-energy-250ml;Red Bull Energy Drink 250ml;£1.20/unit;£0.48/100ml;energy-drinks;46;0;11;11;0;0;-1;0.1;
red-bull-energy-250ml;Red Bull Energy Drink 250ml;£1.20/unit;£0.48/100ml;sports-energy-drinks;46;0;11;11;0;0;-1;0.1;
red-bull-energy-355ml;Red Bull Energy Drink 355ml;£1.55/unit;£0.44/100ml;energy-drinks;Per 100g nutrition not found
red-bull-energy-355ml;Red Bull Energy Drink 355ml;£1.55/unit;£0.44/100ml;sports-energy-drinks;Per 100g nutrition not found
red-bull-energy-drink--sugarfree-8x250ml;Red Bull Sugarfree Energy Drink 8x250ml;£7.80/unit;£0.39/100ml;energy-drinks;Per 100g nutrition not found
red-bull-energy-drink--sugarfree-8x250ml;Red Bull Sugarfree Energy Drink 8x250ml;£7.80/unit;£0.39/100ml;mixers-12333-44;Per 100g nutrition not found
red-bull-energy-drink--sugarfree-8x250ml;Red Bull Sugarfree Energy Drink 8x250ml;£7.80/unit;£0.39/100ml;mixers;Per 100g nutrition not found
red-bull-energy-drink--sugarfree-8x250ml;Red Bull Sugarfree Energy Drink 8x250ml;£7.80/unit;£0.39/100ml;sports-energy-drinks;Per 100g nutrition not found
red-bull-energy-drink-12x250ml;Red Bull Energy Drink 12x250ml;£9.00/unit;£0.30/100ml;energy-drinks;46;0;11;11;0;0;-1;0.1;
red-bull-energy-drink-12x250ml;Red Bull Energy Drink 12x250ml;£9.00/unit;£0.30/100ml;mixers-12333-44;46;0;11;11;0;0;-1;0.1;
red-bull-energy-drink-12x250ml;Red Bull Energy Drink 12x250ml;£9.00/unit;£0.30/100ml;mixers;46;0;11;11;0;0;-1;0.1;
red-bull-energy-drink-12x250ml;Red Bull Energy Drink 12x250ml;£9.00/unit;£0.30/100ml;sports-energy-drinks;46;0;11;11;0;0;-1;0.1;
red-bull-energy-drink-473ml;Red Bull Energy Drink 473ml;£1.50/unit;£0.32/100ml;energy-drinks;Per 100g nutrition not found
red-bull-energy-drink-473ml;Red Bull Energy Drink 473ml;£1.50/unit;£0.32/100ml;mixers-12333-44;Per 100g nutrition not found
red-bull-energy-drink-473ml;Red Bull Energy Drink 473ml;£1.50/unit;£0.32/100ml;mixers;Per 100g nutrition not found
red-bull-energy-drink-473ml;Red Bull Energy Drink 473ml;£1.50/unit;£0.32/100ml;sports-energy-drinks;Per 100g nutrition not found
red-bull-energy-drink-8x250ml;Red Bull Energy Drink 8x250ml;£7.80/unit;£0.39/100ml;cocktail-ingredients;Per 100g nutrition not found
red-bull-energy-drink-8x250ml;Red Bull Energy Drink 8x250ml;£7.80/unit;£0.39/100ml;energy-drinks;Per 100g nutrition not found
red-bull-energy-drink-8x250ml;Red Bull Energy Drink 8x250ml;£7.80/unit;£0.39/100ml;mixers-12333-44;Per 100g nutrition not found
red-bull-energy-drink-8x250ml;Red Bull Energy Drink 8x250ml;£7.80/unit;£0.39/100ml;mixers;Per 100g nutrition not found
red-bull-energy-drink-8x250ml;Red Bull Energy Drink 8x250ml;£7.80/unit;£0.39/100ml;sports-energy-drinks;Per 100g nutrition not found
red-bull-energy-drink-sugar-free-12x250-ml;Red Bull Energy Drink Sugar Free 12x250 ml;£9.00/unit;£0.30/100ml;energy-drinks;Per 100g nutrition not found
red-bull-energy-drink-sugar-free-12x250-ml;Red Bull Energy Drink Sugar Free 12x250 ml;£9.00/unit;£0.30/100ml;sports-energy-drinks;Per 100g nutrition not found
red-bull-energy-drink-x6;Red Bull Energy Drink x6;£5.90/unit;£0.39/100ml;energy-drinks;Per 100g nutrition not found
red-bull-energy-drink-x6;Red Bull Energy Drink x6;£5.90/unit;£0.39/100ml;sports-energy-drinks;Per 100g nutrition not found
red-bull-red-edition-250ml;Red Bull Cranberry, Red Edition Energy Drink 250ml;£1.19/unit;£0.48/100ml;energy-drinks;Per 100g nutrition not found
red-bull-red-edition-250ml;Red Bull Cranberry, Red Edition Energy Drink 250ml;£1.19/unit;£0.48/100ml;sports-energy-drinks;Per 100g nutrition not found
red-bull-red-edition-4x250ml;Red Bull Cranberry, Red Edition Energy Drink 4x250ml;£4.00/unit;£0.40/100ml;energy-drinks;Per 100g nutrition not found
red-bull-red-edition-4x250ml;Red Bull Cranberry, Red Edition Energy Drink 4x250ml;£4.00/unit;£0.40/100ml;sports-energy-drinks;Per 100g nutrition not found
red-bull-silver-edition-250ml;Red Bull Lime, Silver Edition Energy Drink 250ml;£1.19/unit;£0.48/100ml;energy-drinks;Per 100g nutrition not found
red-bull-silver-edition-250ml;Red Bull Lime, Silver Edition Energy Drink 250ml;£1.19/unit;£0.48/100ml;sports-energy-drinks;Per 100g nutrition not found
red-bull-sugar-free-250ml;Red Bull Sugarfree Energy Drink 250ml;£1.20/unit;£0.48/100ml;energy-drinks;Per 100g nutrition not found
red-bull-sugar-free-250ml;Red Bull Sugarfree Energy Drink 250ml;£1.20/unit;£0.48/100ml;sports-energy-drinks;Per 100g nutrition not found
red-bull-zero-250ml;Red Bull Zero 250ml;£1.20/unit;£0.48/100ml;energy-drinks;Per 100g nutrition not found
red-bull-zero-250ml;Red Bull Zero 250ml;£1.20/unit;£0.48/100ml;sports-energy-drinks;Per 100g nutrition not found
red-bull-zero-4x250ml;Red Bull Zero Energy Drink 4x250ml;£4.00/unit;£0.40/100ml;energy-drinks;Per 100g nutrition not found
red-bull-zero-4x250ml;Red Bull Zero Energy Drink 4x250ml;£4.00/unit;£0.40/100ml;sports-energy-drinks;Per 100g nutrition not found
reeses-peanut-butter-cups-2pk-42g;Reese's Peanut Butter Cups 2pk 42g;£0.60/unit;£1.41/100g;chocolate;2257540;10.2;53.5;50.2;31.2;11.9;-1;0.78
reeses-peanut-butter-cups-pouch-140g;Reese's Peanut Butter Cups Pouch 140g;£2.50/unit;£1.79/100g;chocolate;2229534;9.6;54.7;51.7;30.7;12.5;-1;0.7
relentless-250ml;Relentless Origin 250ml;£0.80/unit;£0.32/100ml;energy-drinks;45;0;10.6;10.6;0;0;-1;0.13
relentless-4x250ml;Relentless Origin 4x250ml;£3.00/unit;£3.00/100ml;energy-drinks;Per 100g nutrition not found
relentless-apple---kiwi-500ml;Relentless Apple & Kiwi 500ml;£1.35/unit;£0.27/100ml;energy-drinks;Per 100g nutrition not found
relentless-apple---kiwi-500ml;Relentless Apple & Kiwi 500ml;£1.35/unit;£0.27/100ml;sports-energy-drinks;Per 100g nutrition not found
relentless-cherry-500ml;Relentless Cherry 500ml;£1.35/unit;£0.27/100ml;energy-drinks;Per 100g nutrition not found
relentless-lemon-ice-500ml;Relentless Lemon Ice 500ml;£1.35/unit;£0.27/100ml;energy-drinks;Per 100g nutrition not found
relentless-origin-energy-drink-500ml;Relentless Origin 500ml;£1.35/unit;£0.27/100ml;energy-drinks;Per 100g nutrition not found
relentless-sugar-free-energy-drink-500ml;Relentless Origin Sugarfree 500ml;£1.35/unit;£0.27/100ml;energy-drinks;Per 100g nutrition not found
relentless-sugar-free-energy-drink-500ml;Relentless Origin Sugarfree 500ml;£1.35/unit;£0.27/100ml;sports-energy-drinks;Per 100g nutrition not found
relentless-tropical-juiced-energy-drink-500ml;Relentless Tropical Juiced 500ml;£1.35/unit;£0.27/100ml;energy-drinks;Per 100g nutrition not found
respect-organic-banana-loaf-cake;Respect Organic Banana Loaf Cake;£1.90/unit;£1.90/ea;sponge-slab-loaf-cakes;3841609;3.8;48;28;21;2.7;1.6;0.3
respect-organic-carrot-cake-350g;Respect Organic Carrot Cake 350g;£1.90/unit;£1.90/ea;sponge-slab-loaf-cakes;401;3.0;48;33;23;4.8;1.5;0.3
revels-larger-sharing-pouch-240g;Revels Larger Sharing Pouch 240g;£2.50/unit;£1.04/100g;chocolate;Per 100g nutrition not found
revels-pouch-126g;Revels Pouch 126g;£1.50/unit;£1.19/100g;chocolate;Per 100g nutrition not found
revilla-chorizo-ring-225g;Revilla Spanish Chorizo Ring 225g;£3.00/unit;£1.33/100g;continental-meats;2.050495;26;1;1;43;156;-1;4
revilla-chorizo-ring-225g;Revilla Spanish Chorizo Ring 225g;£3.00/unit;£1.33/100g;cooks-ingredients-85658-44;2.050495;26;1;1;43;156;-1;4
revilla-chorizo-ring-225g;Revilla Spanish Chorizo Ring 225g;£3.00/unit;£1.33/100g;cooks-ingredients;2.050495;26;1;1;43;156;-1;4
revilla-chorizo-ring-225g;Revilla Spanish Chorizo Ring 225g;£3.00/unit;£1.33/100g;mfp-continental-meats;2.050495;26;1;1;43;156;-1;4
revilla-chorizo-ring-225g;Revilla Spanish Chorizo Ring 225g;£3.00/unit;£1.33/100g;mfp-snacking-cooked-sausage;2.050495;26;1;1;43;156;-1;4
revilla-chorizo-ring-225g;Revilla Spanish Chorizo Ring 225g;£3.00/unit;£1.33/100g;snacking-cooked-sausage;2.050495;26;1;1;43;156;-1;4
ribena-blackcurrant-500ml;Ribena Blackcurrant 500ml;£1.25/unit;£0.25/100ml;still-fruit-drinks;17541;0.1;10;10;0;0;0;0.01
ribena-blackcurrant-juice-drink--bottle-1l;Ribena Blackcurrant Juice Drink, Bottle 1L;£2.90/unit;£0.29/100ml;hot-cordials;18343;0.1;11;11;0;0;0;0.1
ribena-blackcurrant-juice-drink--bottle-1l;Ribena Blackcurrant Juice Drink, Bottle 1L;£2.90/unit;£0.29/100ml;squash;18343;0.1;11;11;0;0;0;0.1
ribena-blackcurrant-juice-drink--light-1l;Ribena Blackcurrant Juice Drink, Light 1L;£2.90/unit;£0.29/100ml;hot-cordials;194;0.1;0.7;0.5;0;0;0;0.01
ribena-blackcurrant-juice-drink--light-1l;Ribena Blackcurrant Juice Drink, Light 1L;£2.90/unit;£0.29/100ml;squash;194;0.1;0.7;0.5;0;0;0;0.01
ribena-blackcurrant-juice-drink--light-600ml;Ribena Blackcurrant Juice Drink, Light 600ml;£2.00/unit;£0.33/100ml;hot-cordials;194;0.1;0.7;0.5;0;0;0;0.01
ribena-blackcurrant-juice-drink--light-600ml;Ribena Blackcurrant Juice Drink, Light 600ml;£2.00/unit;£0.33/100ml;squash;194;0.1;0.7;0.5;0;0;0;0.01
ribena-blackcurrant-juice-drink--really-light-2l;Ribena Blackcurrant Juice Drink, Really Light 2L;£5.00/unit;£0.25/100ml;hot-cordials;194;0.1;0.7;0.5;0;0;0;0.01
ribena-blackcurrant-juice-drink--really-light-2l;Ribena Blackcurrant Juice Drink, Really Light 2L;£5.00/unit;£0.25/100ml;squash;194;0.1;0.7;0.5;0;0;0;0.01
ribena-blackcurrant-juice-drink-2l;Ribena Blackcurrant Juice Drink 2L;£5.00/unit;£0.25/100ml;hot-cordials;18143;0;10.5;10.5;0;0;0;
ribena-blackcurrant-juice-drink-2l;Ribena Blackcurrant Juice Drink 2L;£5.00/unit;£0.25/100ml;squash;18143;0;10.5;10.5;0;0;0;
ribena-blackcurrant-juice-drink-600ml;Ribena Blackcurrant Juice Drink 600ml;£2.00/unit;£0.33/100ml;hot-cordials;18343;0.1;11;11;0;0;0;0.01
ribena-blackcurrant-juice-drink-600ml;Ribena Blackcurrant Juice Drink 600ml;£2.00/unit;£0.33/100ml;squash;18343;0.1;11;11;0;0;0;0.01
ribena-blackcurrant-light-500ml;Ribena Blackcurrant Light 500ml;£1.25/unit;£0.25/100ml;still-fruit-drinks;194;0.1;0.6;0.5;0;0;0;0.01
ribena-mango---lime-1l;Ribena Mango & Lime 1L;£2.90/unit;£0.29/100ml;squash;14735;0.1;8.4;8.4;0;0;0;0.01
ribena-strawberry-500ml;Ribena Strawberry 500ml;£1.25/unit;£0.25/100ml;still-fruit-drinks;18343;0.1;10;10;0;0;0;0.01
ribena-strawberry-squash-1l;Ribena Strawberry Squash 1L;£2.90/unit;£0.29/100ml;hot-cordials;19245;0.1;11;11;0;0;0;0.01
ribena-strawberry-squash-1l;Ribena Strawberry Squash 1L;£2.90/unit;£0.29/100ml;squash;19245;0.1;11;11;0;0;0;0.01
rice-dream-original-1l;Kallo Rice Dream Alternative to Dairy Milk 1L;£1.38/unit;£0.14/100ml;dairy-alternatives;Per 100g nutrition not found
rice-dream-original-1l;Kallo Rice Dream Alternative to Dairy Milk 1L;£1.38/unit;£0.14/100ml;soya---dietary-needs;Per 100g nutrition not found
rice-dream-original-3x200ml;Kallo Rice Dream Alternative to Milk 3x200ml;£1.49/unit;£2.48/ltr;dairy-alternatives;Per 100g nutrition not found
rice-dream-original-3x200ml;Kallo Rice Dream Alternative to Milk 3x200ml;£1.49/unit;£2.48/ltr;soya---dietary-needs;Per 100g nutrition not found
rice-dream-vanilla-1l;Kallo Rice Dream Vanilla Alternative to Dairy Milk 1L;£1.38/unit;£1.38/ltr;dairy-alternatives;Per 100g nutrition not found
rice-dream-vanilla-1l;Kallo Rice Dream Vanilla Alternative to Dairy Milk 1L;£1.38/unit;£1.38/ltr;soya---dietary-needs;Per 100g nutrition not found
rice-dream-with-added-calcium-1l;Kallo Rice Dream Alternative to Dairy Milk 1L;£1.38/unit;£0.14/100ml;dairy-alternatives;Per 100g nutrition not found
rice-dream-with-added-calcium-1l;Kallo Rice Dream Alternative to Dairy Milk 1L;£1.38/unit;£0.14/100ml;soya---dietary-needs;Per 100g nutrition not found
richmond-skinless-pork-sausages-x12-319g;Richmond Skinless Pork Sausages x12 319g;£2.10/unit;£6.58/kg;sausages;1195288;10.3;11.5;0.4;22.3;9.3;1.4;0.9;2.3
richmond-skinless-sausages-x18-479g;Richmond Skinless Sausages x18 479g;£1.50/unit;£3.14/kg;frozen-burgers-sausages;1195288;10.3;11.5;0.4;22.3;9.3;1.4;0.9;2.3
richmond-skinless-sausages-x18-479g;Richmond Skinless Sausages x18 479g;£1.50/unit;£3.14/kg;frozen-pork;1195288;10.3;11.5;0.4;22.3;9.3;1.4;0.9;2.3
richmond-thick-irish-sausages-x16-725g;Richmond Thick Irish Sausages x16 725g;£2.90/unit;£4.00/kg;frozen-burgers-sausages;1058254;12;16;0.9;16;8.1;-1;2.2
richmond-thick-irish-sausages-x16-725g;Richmond Thick Irish Sausages x16 725g;£2.90/unit;£4.00/kg;frozen-pork;1058254;12;16;0.9;16;8.1;-1;2.2
richmond-thick-pork-sausages-x8-454g;Richmond Thick Pork Sausages x8 454g;£2.00/unit;£4.41/kg;sausages;1058254;11.7;16.0;0.9;15.9;8.1;2.6;0.9;2.2
richmond-thick-sausages-681g;Richmond Thick Pork Sausages x12 681g;£3.50/unit;£5.14/kg;sausages;1058254;11.7;16.0;0.9;15.9;8.1;2.6;0.9;2.2
richmond-thin-pork-sausages-x12-340g;Richmond Thin Pork Sausages x12 340g;£1.80/unit;£5.29/kg;sausages;1058254;11.7;16.0;0.9;15.9;8.1;2.6;0.9;2.2
richmond-thin-sausages-510g;Richmond Thin Sausages x18 510g;£2.00/unit;£3.92/kg;sausages;1058254;11.7;16.0;0.9;15.9;8.1;2.6;0.9;2.2
ritter-sport-dark-wholenut-100g;Ritter Sport Dark Wholenut 100g;£1.00/unit;£1.00/100g;chocolate;574;82;40;37;40;16;-1;001
ritter-sport-rum-raisin---hazelnut-100g;Ritter Sport Rum Raisin & Hazelnut 100g;£1.00/unit;£1.00/100g;chocolate;516;61;55;54;28;15;-1;016
robinsons-apple-berry-blitzer-no-added-sugar-1l;Robinson's Apple Berry Blitzer No Added Sugar 1L;£1.50/unit;£0.15/100ml;squash;4410;0;1.1;1.1;0;0;-1;0.20
robinsons-apple-squash--no-added-sugar-1l;Robinsons Apple Squash, No Added Sugar 1L;£1.50/unit;£0.15/100ml;squash;379;0;1.1;1.1;0;0;-1;0.21
robinsons-double-concentrate-apple---blackcurrant-squash--no-added-sugar-125l;Robinsons Double Concentrate Apple & Blackcurrant Squash, No Added Sugar 1.25L;£2.00/unit;£0.16/100ml;squash;7417;0;2.3;2.3;0;0;-1;0.13
robinsons-double-concentrate-apple---blackcurrant-squash--no-added-sugar-175l;Robinsons Double Concentrate Apple & Blackcurrant Squash, No Added Sugar 1.75L;£3.75/unit;£0.21/100ml;squash;7417;0;2.3;2.3;0;0;-1;0.13
robinsons-double-concentrate-fruit-squash--orange-175l;Robinsons Double Concentrate Fruit Squash, Orange 1.75L;£3.75/unit;£0.21/100ml;squash;38590;0;21;21;0;0;-1;0.18
robinsons-double-concentrate-orange---pineapple-squash--no-added-sugar-175l;Robinsons Double Concentrate Orange & Pineapple Squash, No Added Sugar 1.75L;£3.75/unit;£0.21/100ml;squash;6315;0;1.4;1.4;0;0;-1;0.37
robinsons-double-concentrate-orange-squash--no-added-sugar-125l;Robinsons Double Concentrate Orange Squash, No Added Sugar 1.25L;£2.00/unit;£0.16/100ml;squash;6315;0;1.2;1.2;0;0;-1;0.16
robinsons-double-concentrate-orange-squash--no-added-sugar-175l;Robinsons Double Concentrate Orange Squash, No Added Sugar 1.75L;£3.75/unit;£0.21/100ml;squash;6315;0;1.2;1.2;0;0;-1;0.16
robinsons-double-concentrate-squash-lemon-no-added-sugar-175l;Robinson's Double Concentrate Squash Lemon No Added Sugar 1.75L;£3.75/unit;£0.21/100ml;squash;7718;0;0.6;0.6;0;0;-1;0.86
robinsons-double-concentrate-summer-fruits-squash--no-added-sugar-175l;Robinsons Double Concentrate Summer Fruits Squash, No Added Sugar 1.75L;£3.75/unit;£0.21/100ml;squash;7518;0;2.2;2.1;0;0;-1;0.19
robinsons-jelly-apple---blackcurrant-flavour-125g;Robinsons Jelly Apple & Blackcurrant Flavour, No Added Sugar 125g;£0.55/unit;£0.44/100g;dessert-pots;34587;0.1;19.3;19.0;0.4;0.2;1.0;0.11
robinsons-jelly-apple---blackcurrant-flavour-125g;Robinsons Jelly Apple & Blackcurrant Flavour, No Added Sugar 125g;£0.55/unit;£0.44/100g;jelly;34587;0.1;19.3;19.0;0.4;0.2;1.0;0.11
robinsons-jelly-apple---blackcurrant-no-added-sugar-125g;Robinsons Jelly Apple & Blackcurrant No Added Sugar 125g;£0.55/unit;£0.44/100g;dessert-pots;9723;0.1;4.5;0.9;0.4;0.2;0.7;0.10
robinsons-jelly-apple---blackcurrant-no-added-sugar-125g;Robinsons Jelly Apple & Blackcurrant No Added Sugar 125g;£0.55/unit;£0.44/100g;jelly;9723;0.1;4.5;0.9;0.4;0.2;0.7;0.10
robinsons-jelly-lemon-125g;Robinsons Jelly Lemon 125g;£0.55/unit;£0.44/100g;dessert-pots;27264;0.1;15.3;15.3;0.1;0.1;0.8;0.10
robinsons-jelly-lemon-125g;Robinsons Jelly Lemon 125g;£0.55/unit;£0.44/100g;jelly;27264;0.1;15.3;15.3;0.1;0.1;0.8;0.10
robinsons-jelly-orange---pineapple-125g;Robinsons Jelly Orange & Pineapple 125g;£0.55/unit;£0.44/100g;dessert-pots;27665;0.1;15.5;15.5;0.1;0.1;0.9;0.10
robinsons-jelly-orange---pineapple-125g;Robinsons Jelly Orange & Pineapple 125g;£0.55/unit;£0.44/100g;jelly;27665;0.1;15.5;15.5;0.1;0.1;0.9;0.10
robinsons-jelly-orange-flavour-125g;Robinsons Jelly Orange Flavour 125g;£0.55/unit;£0.44/100g;dessert-pots;32476;0.1;17.7;16.9;0.4;0.2;0.8;0.09
robinsons-jelly-orange-flavour-125g;Robinsons Jelly Orange Flavour 125g;£0.55/unit;£0.44/100g;jelly;32476;0.1;17.7;16.9;0.4;0.2;0.8;0.09
robinsons-jelly-orange-flavour-no-added-sugar--125g;Robinsons Jelly Orange Flavour No Added Sugar  125g;£0.55/unit;£0.44/100g;dessert-pots;12129;0.1;5.7;1.2;0.4;0.11;1.2;0.12
robinsons-jelly-orange-flavour-no-added-sugar--125g;Robinsons Jelly Orange Flavour No Added Sugar  125g;£0.55/unit;£0.44/100g;jelly;12129;0.1;5.7;1.2;0.4;0.11;1.2;0.12
robinsons-jelly-sachet-lemon-sugar-free-115g;Robinsons Jelly Sachet Lemon Sugar Free 11.5g;£0.40/unit;£3.48/100g;jelly;12;0.1;1.4;0.2;0.6;0.2;0.5;0.09
robinsons-jelly-sachet-orange---pineapple-sugar-free-115g;Robinsons Jelly Sachet Orange & Pineapple Sugar Free 11.5g;£0.40/unit;£3.48/100g;jelly;10;0.1;1.3;0.4;0.4;0.1;0.5;0.08
robinsons-jelly-sachet-orange-sugar-free-115g;Robinsons Jelly Sachet Orange Sugar Free 11.5g;£0.40/unit;£3.48/100g;jelly;18;0.1;2.4;0.2;0.8;0.3;0.6;0.09
robinsons-jelly-sachet-summer-fruits-sugar-free-115g;Robinsons Jelly Sachet Summer Fruits Sugar Free 11.5g;£0.40/unit;£3.48/100g;jelly;9;0.1;0.7;0.3;0.5;0.2;0.5;0.09
robinsons-jelly-summer-fruits-flavour-125g;Robinsons Jelly Summer Fruits Flavour No Added Sugar 125g;£0.55/unit;£0.44/100g;dessert-pots;34381;0.1;18.8;18.8;0.4;0.2;0.9;0.10
robinsons-jelly-summer-fruits-flavour-125g;Robinsons Jelly Summer Fruits Flavour No Added Sugar 125g;£0.55/unit;£0.44/100g;jelly;34381;0.1;18.8;18.8;0.4;0.2;0.9;0.10
robinsons-jelly-summer-fruits-no-added-sugar-125g;Robinsons Jelly Summer Fruits No Added Sugar 125g;£0.55/unit;£0.44/100g;dessert-pots;10425;0.1;5.1;1.1;0.3;0.1;0.8;0.10
robinsons-jelly-summer-fruits-no-added-sugar-125g;Robinsons Jelly Summer Fruits No Added Sugar 125g;£0.55/unit;£0.44/100g;jelly;10425;0.1;5.1;1.1;0.3;0.1;0.8;0.10
robinsons-lemon-barley-water-850ml;Robinsons Lemon Barley Water 850ml;£2.00/unit;£0.24/100ml;squash;40696;0.3;22;20;0;0;0.1;
robinsons-lemon-squash--no-added-sugar-1l;Robinsons Lemon Squash, No Added Sugar 1L;£1.50/unit;£0.15/100ml;squash;4110;0;0.3;0.3;0;0;-1;0.18
robinsons-orange---pineapple-squash--double-concentrate-125l;Robinsons Orange & Pineapple Squash, Double Concentrate 1.25L;£2.00/unit;£0.16/100ml;squash;6315;0;1.4;1.4;0;0;-1;0.37
robinsons-squash-apple---blackcurrant-1l;Robinsons Squash Apple & Blackcurrant 1L;£1.50/unit;£0.15/100ml;squash;14835;0;7.8;7.8;0;0;-1;0.06
robinsons-squash-apple---blackcurrent-66ml;Robinsons Squash Apple & Blackcurrant 66ml;£2.50/unit;£3.79/100ml;squash;38690;0.5;9.6;9.6;0;0;-1;2.6
robinsons-squashd-citrus-no-added-sugar-66ml;Robinson's Squash'd Citrus No Added Sugar 66ml;£2.50/unit;£3.79/100ml;squash;33177;0;3.6;3.1;0;0;-1;3.0
robinsons-tropical-twister-no-added-sugar-1l;Robinson's Tropical Twister No added Sugar 1L;£1.50/unit;£0.15/100ml;squash;4510;0;1.1;1.1;0;0;-1;0.03
rolo-dessert-twin-pack-2x70g;Rolo Dessert 2x70g;£1.00/unit;£0.71/100g;rice-dessert-style-yogurts;243;3.3;30.8;25.4;11.8;8.0;-1;0.4
rolo-pouch-126g;Nestle Rolo Pouch 126g;£1.50/unit;£1.19/100g;chocolate;477;4.4;68.4;58.7;20.4;11.7;1.2;0.30;
rolo-toffee-split-pots-4x115g;Rolo Toffee Split Pots 4x115g;£2.20/unit;£0.48/100g;rice-dessert-style-yogurts;166;4.1;23.2;22.5;6.3;3.8;-1;0.2
rosella-italiana-sundried-tomatoes-180g;Rosella Italiana Sundried Tomatoes 180g;£2.30/unit;£1.28/100g;olives-antipasti;220;8.66;34.38;22.6;6.3;0.8;7.53;984
roses-lime-juice-cordial-1l;Rose's Lime Juice Cordial 1L;£2.00/unit;£0.20/100ml;mixers-cordials;21;0;4.9;4.9;0;0;-1;0
roses-lime-juice-cordial-1l;Rose's Lime Juice Cordial 1L;£2.00/unit;£0.20/100ml;squash-cordials-cordials;21;0;4.9;4.9;0;0;-1;0
rowntrees-fruit-pastille-ice-lolly-4x65ml;Rowntree's Fruit Pastille Ice Lollies 4x65ml;£2.00/unit;£0.77/100ml;lollies-bars-cones;91;0.2;22.6;21.8;0;0;0.1;;
rowse-greek-honey-mini-pot-43g;Rowse Greek Hill Honey 43g;£0.80/unit;£1.86/100g;honey;342;0.3;84.9;78.1;0.2;0.2;-1;0.024
rowse-greek-squeezy-honey-250g;Rowse Greek Squeezy Honey 250g;£3.00/unit;£1.20/100g;honey;1398329;0.5;81.5;80.8;0.5;0.2;0.5;0.03
rowse-manuka-10-honey-250g;Rowse Manuka 10+ Honey 250g;£12.00/unit;£4.80/100g;honey;1477348;0.1;86.9;85.9;0.1;0.1;-1;0.1
rowse-manuka-15-honey-250g;Rowse Manuka 15+ Honey 250g;£16.00/unit;£6.40/100g;honey;1477348;0.1;86.9;85.9;0.1;0.1;-1;0.1
rowse-manuka-5-honey-250g;Rowse Manuka 5+ Honey 250g;£10.00/unit;£4.00/100g;honey;1477348;0.1;86.9;85.9;0.1;0.1;-1;0.1
rowse-mild---light-squeezy-honey-340g;Rowse Mild & Light Squeezy Honey 340g;£1.75/unit;£0.51/100g;honey;1398329;0.5;81.5;80.8;0.5;0.2;0.5;0.03
rowse-natural-blossom-honey-squeezy-340g;Rowse Natural Blossom Honey Squeezy 340g;£1.75/unit;£0.51/100g;honey;1398329;0.5;81.5;80.8;0.5;0.2;0.5;0.03
rowse-original-squeezy-honey-250g;Rowse Original Squeezy Honey 250g;£2.20/unit;£0.88/100g;honey;1398329;0.5;81.5;80.8;0.5;0.2;0.5;0.03
rowse-set-honey-340g;Rowse Set Honey 340g;£2.40/unit;£0.71/100g;honey;1398329;0.5;81.5;80.8;0.5;0.2;0.5;0.03
rowse-supahoney-squeezy-250g;Rowse Supahoney Squeezy 250g;£6.00/unit;£2.40/100g;honey;1477348;0.1;86.9;85.9;0.1;0.1;-1;0.1
rude-health-uht-almond-milk-1l;Rude Health Almond Milk Alternative to Dairy 1L;£2.00/unit;£2.00/ltr;dairy-alternatives;Per 100g nutrition not found
rude-health-uht-almond-milk-1l;Rude Health Almond Milk Alternative to Dairy 1L;£2.00/unit;£2.00/ltr;soya---dietary-needs;Per 100g nutrition not found
rude-health-uht-brown-rice-drink-1l;Rude Health Brown Rice Milk Alternative to Dairy 1L;£1.85/unit;£1.85/ltr;dairy-alternatives;60257;0.1;11;5;1.3;0.4;0.2;0.1;
rude-health-uht-brown-rice-drink-1l;Rude Health Brown Rice Milk Alternative to Dairy 1L;£1.85/unit;£1.85/ltr;soya---dietary-needs;60257;0.1;11;5;1.3;0.4;0.2;0.1;
rude-health-uht-oat-drink-1l;Rude Health Oat Milk Alternative to Dairy 1L;£1.85/unit;£1.85/ltr;dairy-alternatives;44187;0.5;7.3;5.3;1.4;0.3;0.7;0.1;
rude-health-uht-oat-drink-1l;Rude Health Oat Milk Alternative to Dairy 1L;£1.85/unit;£1.85/ltr;soya---dietary-needs;44187;0.5;7.3;5.3;1.4;0.3;0.7;0.1;
rustlers-microwave-bbq-rib-157g;Rustlers Microwave BBQ Rib 157g;£1.70/unit;£10.83/kg;lunchtime-snacks;1129270;14.3;22.9;4.2;13;4.2;-1;1.2
rustlers-microwave-bbq-rib-157g;Rustlers Microwave BBQ Rib 157g;£1.70/unit;£10.83/kg;meals-for-1-ready-meals;1129270;14.3;22.9;4.2;13;4.2;-1;1.2
rustlers-microwave-big-one-beef-burger-211g;Rustlers Microwave Big One Beef Burger 211g;£2.20/unit;£10.43/kg;lunchtime-snacks;1165278;13.6;23.6;5.5;14.1;6.2;-1;1.2
rustlers-microwave-big-one-beef-burger-211g;Rustlers Microwave Big One Beef Burger 211g;£2.20/unit;£10.43/kg;meals-for-1-ready-meals;1165278;13.6;23.6;5.5;14.1;6.2;-1;1.2
rustlers-microwave-chicken-sandwich-150g;Rustlers Microwave Chicken Sandwich 150g;£1.70/unit;£11.33/kg;lunchtime-snacks;1026245;13.3;21.8;2.5;11.6;2.1;-1;1.5
rustlers-microwave-chicken-sandwich-150g;Rustlers Microwave Chicken Sandwich 150g;£1.70/unit;£11.33/kg;meals-for-1-ready-meals;1026245;13.3;21.8;2.5;11.6;2.1;-1;1.5
rustlers-microwave-deluxe-burger-191g;Rustlers Microwave Deluxe Burger 191g;£2.20/unit;£11.52/kg;lunchtime-snacks;1104263;14.1;20.8;2.8;13.7;5.6;-1;1.4
rustlers-microwave-deluxe-burger-191g;Rustlers Microwave Deluxe Burger 191g;£2.20/unit;£11.52/kg;meals-for-1-ready-meals;1104263;14.1;20.8;2.8;13.7;5.6;-1;1.4
rustlers-microwave-double-decker-burger-237g;Rustlers Microwave Double Decker Burger 237g;£2.20/unit;£9.28/kg;lunchtime-snacks;1329319;14.2;15.6;2.9;22;7.9;-1;1.3
rustlers-microwave-double-decker-burger-237g;Rustlers Microwave Double Decker Burger 237g;£2.20/unit;£9.28/kg;meals-for-1-ready-meals;1329319;14.2;15.6;2.9;22;7.9;-1;1.3
rustlers-microwave-quarter-pounder-190g;Rustlers Microwave Quarter Pounder 190g;£1.70/unit;£8.95/kg;lunchtime-snacks;1224293;13.4;22.2;2.3;16.3;6.5;-1;1.3
rustlers-microwave-quarter-pounder-190g;Rustlers Microwave Quarter Pounder 190g;£1.70/unit;£8.95/kg;meals-for-1-ready-meals;1224293;13.4;22.2;2.3;16.3;6.5;-1;1.3
rustlers-southern-fried-chicken-sub-158g;Rustlers Southern Fried Chicken Sub 158g;£2.00/unit;£12.66/kg;lunchtime-snacks;1125268;11;28.6;2.7;11.8;2.4;-1;1.4
sabra-baba-ganoush-200g;Sabra Baba Ganoush 200g;£1.90/unit;£0.95/100g;deli-meat-alternatives;1069256;4.0;2.5;2.3;24.7;1.8;3.7;1.25
sabra-baba-ganoush-200g;Sabra Baba Ganoush 200g;£1.90/unit;£0.95/100g;fresh-dips-houmous;1069256;4.0;2.5;2.3;24.7;1.8;3.7;1.25
sabra-houmous-extra-200g;Sabra Houmous Extra 200g;£1.90/unit;£0.95/100g;deli-meat-alternatives;3411426;6.5;-1;0.4;31.0;2.4;5.9;0.45
sabra-houmous-extra-200g;Sabra Houmous Extra 200g;£1.90/unit;£0.95/100g;fresh-dips-houmous;3411426;6.5;-1;0.4;31.0;2.4;5.9;0.45
sabra-mediterranean-salsa-200g;Sabra Mediterranean Salsa 200g;£1.90/unit;£0.95/100g;deli-meat-alternatives;803192;2.0;9.2;3.9;16.3;1.0;1.7;1.37
sabra-mediterranean-salsa-200g;Sabra Mediterranean Salsa 200g;£1.90/unit;£0.95/100g;fresh-dips-houmous;803192;2.0;9.2;3.9;16.3;1.0;1.7;1.37
sainsburys--pain-au-chocolat;Sainsbury's Pain Au Chocolat;£0.75/unit;£0.75/ea;croissants-brioche-pastries;385;8.90;48.80;9.60;16.40;10.50;3.20;0.76
sainsburys--taste-the-difference-18-ultimate-pork-cocktails-270g;Sainsbury's Ultimate Pork Cocktail Sausages, Taste the Difference x18 270g;£2.80/unit;£10.37/kg;organic-taste-the-difference;322;22.2;0.9;0.7;25.4;9.2;0.5;1.25
sainsburys--taste-the-difference-18-ultimate-pork-cocktails-270g;Sainsbury's Ultimate Pork Cocktail Sausages, Taste the Difference x18 270g;£2.80/unit;£10.37/kg;sausages;322;22.2;0.9;0.7;25.4;9.2;0.5;1.25
sainsburys-12-butchers-cumberland-sausages-600g;Sainsbury's Butchers Cumberland Sausages x12 600g;£2.00/unit;£3.33/kg;frozen-burgers-sausages;277;13.8;3.7;2.7;22.7;7.8;1.3;1.45
sainsburys-12-butchers-cumberland-sausages-600g;Sainsbury's Butchers Cumberland Sausages x12 600g;£2.00/unit;£3.33/kg;frozen-pork;277;13.8;3.7;2.7;22.7;7.8;1.3;1.45
sainsburys-12-butchers-pork-sausages-600g;Sainsbury's Butchers Pork Sausages x12 600g;£2.00/unit;£3.33/kg;frozen-burgers-sausages;292;13.5;3.2;2.3;24.7;9.1;1.5;1.50
sainsburys-12-butchers-pork-sausages-600g;Sainsbury's Butchers Pork Sausages x12 600g;£2.00/unit;£3.33/kg;frozen-pork;292;13.5;3.2;2.3;24.7;9.1;1.5;1.50
sainsburys-12-mozz-fingers---cheddar-stars-270g;Sainsbury's Mozzarella Fingers & Cheddar Stars x12 270g;£3.00/unit;£11.11/kg;party-food-128152-44;338;11.0;18.8;4.6;23.9;10.9;1.8;1.30
sainsburys-2-chapatti;Sainsbury's Chapatti x2;£0.80/unit;£0.40/ea;naan-ciabatta-breads-of-the-world;284;7.4;49.4;1.6;5.8;0.5;2.1;0.83
sainsburys-2-lamb-shanks-in-mint-gravy-750g;Sainsbury's Lamb Shanks In Mint Gravy x2 750g;£5.75/unit;£7.67/kg;frozen-lamb;169;18.6;2.5;1.8;9.4;4.4;0.5;0.50
sainsburys-2-lamb-shanks-in-red-wine-750g;Sainsbury's Lamb Shanks In Red Wine x2 750g;£5.75/unit;£7.67/kg;frozen-lamb;141;19.8;2.6;2.6;5.7;2.7;0.5;0.50
sainsburys-2-sausage-rolls-120g;Sainsbury's Sausage Rolls x2 120g;£0.65/unit;£0.54/100g;lunchtime-snacks;332;9.9;28.2;1.7;19.4;8.3;2.5;1.03
sainsburys-2-sausage-rolls-120g;Sainsbury's Sausage Rolls x2 120g;£0.65/unit;£0.54/100g;sausage-rolls-savouries;332;9.9;28.2;1.7;19.4;8.3;2.5;1.03
sainsburys-2-sausage-rolls-120g;Sainsbury's Sausage Rolls x2 120g;£0.65/unit;£0.54/100g;slices-pasties;332;9.9;28.2;1.7;19.4;8.3;2.5;1.03
sainsburys-2-smoked-lean-bacon-loin-steaks-250g;Sainsbury's Smoked Lean Bacon Loin Steaks x2 250g;£3.00/unit;£12.00/kg;gammon;159;28.9;1.1;1.1;4.3;1.7;0.5;2.48
sainsburys-2-tuna-steaks-%28approx%29;Sainsbury's Tuna Steaks, Taste the Difference x2 (approx. 250g);£30.00/kg;£30.00/kg;filleted-whole-fish;148;33.0;0.5;0.5;1.6;0.3;0.5;0.13
sainsburys-2-tuna-steaks-%28approx%29;Sainsbury's Tuna Steaks, Taste the Difference x2 (approx. 250g);£30.00/kg;£30.00/kg;organic-taste-the-difference;148;33.0;0.5;0.5;1.6;0.3;0.5;0.13
sainsburys-2-unsmoked-bacon-500g;Sainsbury's Unsmoked Bacon x2 500g;£2.00/unit;£4.00/kg;frozen-pork;235;22.7;0.1;0.1;16.0;6.0;0;3.50
sainsburys-2-wholemeal-sub-rolls;Sainsbury's Wholemeal Sub Rolls x2;£0.75/unit;£0.38/ea;rolls;261;11.8;43.1;3.7;3.0;0.4;7.4;0.84
sainsburys-20-irish-pork-sausages-1kg;Sainsbury's Irish Pork Sausages x20 1kg;£2.50/unit;£2.50/kg;frozen-burgers-sausages;251;11.9;11.8;3.6;16.9;5.8;2.1;1.16
sainsburys-20-irish-pork-sausages-1kg;Sainsbury's Irish Pork Sausages x20 1kg;£2.50/unit;£2.50/kg;frozen-pork;251;11.9;11.8;3.6;16.9;5.8;2.1;1.16
sainsburys-20-thick-pork-sausages-1kg;Sainsbury's Thick Pork Sausages x20 1kg;£2.50/unit;£2.50/kg;frozen-burgers-sausages;231;13.6;6.5;2.7;16.3;5.8;1.8;1.17
sainsburys-20-thick-pork-sausages-1kg;Sainsbury's Thick Pork Sausages x20 1kg;£2.50/unit;£2.50/kg;frozen-pork;231;13.6;6.5;2.7;16.3;5.8;1.8;1.17
sainsburys-24-smoked-bacon-rashers-x4-200g;Sainsbury's Smoked Bacon Rashers x24 800g;£5.00/unit;£6.25/kg;bacon;262;30.9;0.5;0.5;15.4;5.8;0.5;4.33
sainsburys-24-unsmoked-bacon-rashers-x4-200g;Sainsbury's Unsmoked Bacon Rashers x24 800g;£5.00/unit;£6.25/kg;bacon;262;30.9;0.5;0.5;15.4;5.8;0.5;4.33
sainsburys-4-baked-jacket-potatoes-800g;Sainsbury's Baked Jacket Potatoes x4 800g;£2.00/unit;£2.50/kg;chips-potatoes;96;2.1;19.4;1.8;0.5;0.1;2.5;0.07
sainsburys-4-lighter-all-butter-croissants;Sainsbury's Lighter All Butter Croissants x4;£1.30/unit;£0.33/ea;croissants-brioche-pastries;347;9.5;49.7;5.7;11.8;7.9;2.2;0.73
sainsburys-4-mini-plain-naan;Sainsbury's Mini Plain Naan x4;£0.90/unit;£0.45/100g;naan-ciabatta-breads-of-the-world;299;7.8;48.0;1.8;7.8;1.5;2.5;0.98
sainsburys-4-mint-indulgence-sticks-480ml;Sainsbury's Indulgence Ice Cream, Mint 4x120ml;£2.00/unit;£0.42/100ml;lollies-bars-cones;325;3.0;28.7;26.1;21.5;13.4;2.1;0.10
sainsburys-40-chipolata-sausages-1kg;Sainsbury's Chipolata Sausages x40 1kg;£2.50/unit;£2.50/kg;frozen-burgers-sausages;231;13.6;6.5;2.7;16.3;5.8;1.8;1.17
sainsburys-40-chipolata-sausages-1kg;Sainsbury's Chipolata Sausages x40 1kg;£2.50/unit;£2.50/kg;frozen-pork;231;13.6;6.5;2.7;16.3;5.8;1.8;1.17
sainsburys-6-crumpets--basics;Sainsbury's Crumpets, Basics x6;£0.40/unit;£0.16/100g;crumpets-breakfast-muffins-pancakes;218;6.9;43.3;3.5;1.2;0.2;3.0;1.04
sainsburys-6-lincolnshire-rolls-360g;Sainsbury's Lincolnshire Sausage Rolls x6 360g;£1.85/unit;£0.51/100g;sausage-rolls-savouries;334;9.6;28.8;1.6;19.5;8.3;2.5;1.05
sainsburys-6-lincolnshire-rolls-360g;Sainsbury's Lincolnshire Sausage Rolls x6 360g;£1.85/unit;£0.51/100g;slices-pasties;334;9.6;28.8;1.6;19.5;8.3;2.5;1.05
sainsburys-6-mini-meltons--taste-the-difference-300g;Sainsbury's Melton Mowbray Pork Pie Mini, Taste The Difference x6 300g;£2.80/unit;£0.93/100g;hot-cold-pies;365;11.9;25.5;2.1;23.6;8.9;1.5;1.09
sainsburys-6-mini-meltons--taste-the-difference-300g;Sainsbury's Melton Mowbray Pork Pie Mini, Taste The Difference x6 300g;£2.80/unit;£0.93/100g;sausage-rolls-savouries;365;11.9;25.5;2.1;23.6;8.9;1.5;1.09
sainsburys-6-mini-sponge-flans-100g;Sainsbury's Mini Sponge Flans x6 100g;£1.50/unit;£1.50/100g;meringues-bases;328;6.7;62.8;31.4;4.9;0.8;3.1;1.37
sainsburys-6-sausage-rolls-360g;Sainsbury's Sausage Rolls x6 360g;£1.85/unit;£0.51/100g;sausage-rolls-savouries;332;9.9;28.2;1.7;19.4;8.3;2.5;1.03
sainsburys-6-sausage-rolls-360g;Sainsbury's Sausage Rolls x6 360g;£1.85/unit;£0.51/100g;slices-pasties;332;9.9;28.2;1.7;19.4;8.3;2.5;1.03
sainsburys-6-snack-sausage-rolls-180g;Sainsbury's Snack Sausage Rolls x6 180g;£1.00/unit;£0.55/100g;sausage-rolls-savouries;336;9.6;29.6;1.6;19.4;8.3;2.3;1.05
sainsburys-6-snack-sausage-rolls-180g;Sainsbury's Snack Sausage Rolls x6 180g;£1.00/unit;£0.55/100g;slices-pasties;336;9.6;29.6;1.6;19.4;8.3;2.3;1.05
sainsburys-8-fondant-fancies;Sainsbury's Fondant Fancies x8;£1.50/unit;£0.19/ea;muffins-small-cakes;373;2.7;69.7;56.7;9.1;4.2;0.7;0.48
sainsburys-aberdeen-angus-quarter-pounders--taste-the-difference-x4-454g;Sainsbury's Aberdeen Angus Quarter Pounders, Taste the Difference x4 454g;£3.00/unit;£6.61/kg;frozen-beef;301;25.8;0.5;0.5;21.6;9.0;0.5;1.15
sainsburys-aberdeen-angus-quarter-pounders--taste-the-difference-x4-454g;Sainsbury's Aberdeen Angus Quarter Pounders, Taste the Difference x4 454g;£3.00/unit;£6.61/kg;frozen-burgers-sausages;301;25.8;0.5;0.5;21.6;9.0;0.5;1.15
sainsburys-abergavenny-goats-cheese-125g;Sainsbury's Abergavenny Goats Cheese 125g;£1.80/unit;£14.40/kg;healthier-choice-special-diet-cheese;312;14.0;1.4;0.5;27.7;18.1;0.5;1.08
sainsburys-acacia-honey--taste-the-difference-340g;Sainsbury's Acacia Honey, Taste the Difference 340g;£2.80/unit;£0.82/100g;honey;329;0.5;81.5;80.8;0.5;0.2;0.5;0.03
sainsburys-acacia-squeezy-honey--taste-the-difference-340g;Sainsbury's Acacia Squeezy Honey, Taste the Difference 340g;£3.00/unit;£0.88/100g;honey;329;0.5;81.5;80.8;0.5;0.2;0.5;0.03
sainsburys-active-health-strawberry-drink-6x100g;Sainsbury's Active Health Strawberry Yogurt Drinks 6x100g;£1.50/unit;£0.25/100g;active-health-yogurts-drinks;77;3.3;13.8;12.8;1.0;0.4;0.0;0.12
sainsburys-active-health-strawberry-drink-6x100g;Sainsbury's Active Health Strawberry Yogurt Drinks 6x100g;£1.50/unit;£0.25/100g;yogurt-drinks;77;3.3;13.8;12.8;1.0;0.4;0.0;0.12
sainsburys-aegean-tomato---basil-pittas-x4--taste-the-difference;Sainsbury's Aegean Tomato & Basil Pittas x4, Taste the Difference;£0.80/unit;£0.20/ea;wraps-bagels-pittas;267;8.6;52.5;3.2;1.9;0.3;2.7;0.83
sainsburys-aglianico-del-vulture--taste-the-difference-75cl;Sainsbury's Aglianico Del Vulture, Taste The Difference 75cl;£8.00/unit;£8.00/75cl;buyer-recommends;-1;-1;-1;-1;-1;-1;-1;-1
sainsburys-air-dried-lean-ham-finely-sliced--taste-the-difference-120g;Sainsbury's Air Dried Ham Lean Finely Sliced, Taste the Difference 120g;£3.00/unit;£2.50/100g;cooked-meats-taste-the-difference;122;25.9;0.6;0.6;1.8;0.6;0.5;2.68
sainsburys-air-dried-lean-ham-finely-sliced--taste-the-difference-120g;Sainsbury's Air Dried Ham Lean Finely Sliced, Taste the Difference 120g;£3.00/unit;£2.50/100g;ham-82654-44;122;25.9;0.6;0.6;1.8;0.6;0.5;2.68
sainsburys-air-dried-lean-ham-finely-sliced--taste-the-difference-120g;Sainsbury's Air Dried Ham Lean Finely Sliced, Taste the Difference 120g;£3.00/unit;£2.50/100g;ham;122;25.9;0.6;0.6;1.8;0.6;0.5;2.68
sainsburys-air-dried-lean-ham-finely-sliced--taste-the-difference-120g;Sainsbury's Air Dried Ham Lean Finely Sliced, Taste the Difference 120g;£3.00/unit;£2.50/100g;mfp-cooked-meats-snacking-taste-the-difference;122;25.9;0.6;0.6;1.8;0.6;0.5;2.68
sainsburys-air-dried-lean-ham-slices--taste-the-difference-120g;Sainsbury's Air Dried Ham Lean Slices, Taste the Difference  x4 120g;£3.00/unit;£2.50/100g;cooked-meats-taste-the-difference;122;25.9;0.6;0.6;1.8;0.6;0.5;2.68
sainsburys-air-dried-lean-ham-slices--taste-the-difference-120g;Sainsbury's Air Dried Ham Lean Slices, Taste the Difference  x4 120g;£3.00/unit;£2.50/100g;ham-82654-44;122;25.9;0.6;0.6;1.8;0.6;0.5;2.68
sainsburys-air-dried-lean-ham-slices--taste-the-difference-120g;Sainsbury's Air Dried Ham Lean Slices, Taste the Difference  x4 120g;£3.00/unit;£2.50/100g;ham;122;25.9;0.6;0.6;1.8;0.6;0.5;2.68
sainsburys-air-dried-lean-ham-slices--taste-the-difference-120g;Sainsbury's Air Dried Ham Lean Slices, Taste the Difference  x4 120g;£3.00/unit;£2.50/100g;mfp-cooked-meats-snacking-taste-the-difference;122;25.9;0.6;0.6;1.8;0.6;0.5;2.68
sainsburys-al-forno-lasagne--taste-the-difference-400g-6302306-p-44;Sainsbury's Lasagne, Taste the Difference 400g;£3.30/unit;£8.25/kg;italian-ready-meals;154;9.4;9.9;3.5;7.6;3.6;4.5;0.58
sainsburys-al-forno-lasagne--taste-the-difference-400g-6302306-p-44;Sainsbury's Lasagne, Taste the Difference 400g;£3.30/unit;£8.25/kg;meals-for-1-ready-meals;154;9.4;9.9;3.5;7.6;3.6;4.5;0.58
sainsburys-al-forno-lasagne--taste-the-difference-400g-6302306-p-44;Sainsbury's Lasagne, Taste the Difference 400g;£3.30/unit;£8.25/kg;taste-the-difference-bistro-ready-meals;154;9.4;9.9;3.5;7.6;3.6;4.5;0.58
sainsburys-al-forno-lasagne--taste-the-difference-800g-6765990-p-44;Sainsbury's Al Forno Lasagne, Taste the Difference 800g;£5.40/unit;£6.75/kg;italian-ready-meals;149;8.5;7.0;4.3;8.3;3.8;6.2;0.63
sainsburys-al-forno-lasagne--taste-the-difference-800g-6765990-p-44;Sainsbury's Al Forno Lasagne, Taste the Difference 800g;£5.40/unit;£6.75/kg;taste-the-difference-bistro-ready-meals;149;8.5;7.0;4.3;8.3;3.8;6.2;0.63
sainsburys-albarino--taste-the-difference-75cl;Sainsbury's Albarino, Taste the Difference 75cl;£8.00/unit;£8.00/75cl;buyer-recommends;-1;-1;-1;-1;-1;-1;-1;-1
sainsburys-all-butter-almond-croissant;Sainsbury's All Butter Almond Croissant;£0.75/unit;£0.75/ea;croissants-brioche-pastries;399;9.40;45.90;11.40;19.20;10.20;2.70;0.67
sainsburys-all-butter-croissants-x4;Sainsbury's All Butter Croissants x4;£1.30/unit;£0.33/ea;croissants-brioche-pastries;420;8.1;42.9;5.9;23.4;15.9;2.6;0.75
sainsburys-all-butter-fruit---seed-flapjack--taste-the-difference-55g;Sainsbury's All Butter Fruit & Seed Flapjack, Taste the Difference 55g;£0.80/unit;£1.54/100g;flapjacks-traybakes-bites;1815432;5.7;64;44;17;8.3;2.1;0.15
sainsburys-all-butter-puff-pastry-block-500g;Sainsbury's All Butter Puff Pastry Block 500g;£1.85/unit;£0.37/100g;cooking-baking;369;6.5;40.8;1.4;19.5;12.4;2.0;0.38
sainsburys-all-butter-scones-x6;Sainsbury's All Butter Scones x6;£1.00/unit;£0.17/ea;cakes-scones-fruited-buns;366;8.1;54.1;17.2;12.7;7.3;1.6;0.95
sainsburys-all-butter-scones-x6;Sainsbury's All Butter Scones x6;£1.00/unit;£0.17/ea;scones-fruited-buns;366;8.1;54.1;17.2;12.7;7.3;1.6;0.95
sainsburys-all-butter-sweet-pastry-tartlets--taste-the-difference-x6-138g;Sainsbury's Sweet Pastry Tartlets, Taste the Difference x6 138g;£2.00/unit;£1.45/100g;meringues-bases;504;6.3;64.8;24.0;24.1;15.1;1.7;0.37
sainsburys-almond-chocolate-indulgence-x4-480ml;Sainsbury's Indulgence Ice Cream, Almond Chocolate 4x120ml;£2.00/unit;£0.42/100ml;lollies-bars-cones;334;4.4;30.4;28.7;21.4;12.0;1.0;0.21
sainsburys-almond-slices-x6;Sainsbury's Almond Slices x6;£1.10/unit;£0.18/ea;slices-pies-tarts;406;4.6;55.7;36.7;17.8;3.0;2.2;0.40
sainsburys-aloo-saag-%28mild---delicate%29-300g;Sainsbury's Aloo Saag (mild & delicate) 300g;£1.75/unit;£5.83/kg;coleslaw--olives--salads---dips-30658-44;100;1.8;7.0;2.1;6.4;1.5;3.4;0.43
sainsburys-aloo-saag-%28mild---delicate%29-300g;Sainsbury's Aloo Saag (mild & delicate) 300g;£1.75/unit;£5.83/kg;indian-ready-meals;100;1.8;7.0;2.1;6.4;1.5;3.4;0.43
sainsburys-aloo-saag-%28mild---delicate%29-300g;Sainsbury's Aloo Saag (mild & delicate) 300g;£1.75/unit;£5.83/kg;potato-vegetable-side-dishes;100;1.8;7.0;2.1;6.4;1.5;3.4;0.43
sainsburys-aloo-saag-%28mild---delicate%29-300g;Sainsbury's Aloo Saag (mild & delicate) 300g;£1.75/unit;£5.83/kg;vegetarian-meat-free-ready-meals;100;1.8;7.0;2.1;6.4;1.5;3.4;0.43
sainsburys-alphabet-letters-600g;Sainsbury's Alphabet Letters 600g;£1.00/unit;£1.67/kg;chips-potatoes;234;2.5;28.0;0.5;12.0;1.2;2.0;0.50
sainsburys-alphonso-mango--papaya---passion-fruit-west-country-yogurt--taste-the-difference-150g;Sainsbury's West Country Alphonso Mango, Papaya & Passion Fruit Yogurt, Taste the Difference 150g;£0.75/unit;£0.50/100g;luxury-yogurts;130;3.0;14.6;14.4;6.6;4.5;0.5;0.10
sainsburys-american-ginger-ale-1l;Sainsbury's American Ginger Ale 1L;£0.50/unit;£0.05/100ml;cocktail-ingredients;39;0.5;9.2;9.2;0.5;0.1;0.5;0.01
sainsburys-american-ginger-ale-1l;Sainsbury's American Ginger Ale 1L;£0.50/unit;£0.05/100ml;mixers-12333-44;39;0.5;9.2;9.2;0.5;0.1;0.5;0.01
sainsburys-american-ginger-ale-1l;Sainsbury's American Ginger Ale 1L;£0.50/unit;£0.05/100ml;mixers;39;0.5;9.2;9.2;0.5;0.1;0.5;0.01
sainsburys-angel-cake-slices-x6;Sainsbury's Angel Cake Slices x6;£1.10/unit;£0.18/ea;slices-pies-tarts;410;2.8;57.6;38.9;18.2;3.8;2.0;0.30
sainsburys-angel-cake;Sainsbury's Angel Cake;£1.00/unit;£0.35/100g;sponge-slab-loaf-cakes;383;4.9;56.8;33.6;14.5;4.7;2.6;0.48
sainsburys-antipasti-platter-145g;Sainsbury's Antipasti Platter 145g;£2.50/unit;£1.72/100g;olives-tapas-antipasti;375;22.5;2.2;0.5;30.5;21.3;0.7;1.73
sainsburys-antipasti-selection--taste-the-difference-105g;Sainsbury's Italian Antipasto Selection, Taste the Difference 105g;£4.00/unit;£3.81/100g;continental-meats;359;23.5;0.5;0.5;29.4;13.4;0.5;4.07
sainsburys-antipasti-selection--taste-the-difference-105g;Sainsbury's Italian Antipasto Selection, Taste the Difference 105g;£4.00/unit;£3.81/100g;cooked-meats-taste-the-difference;359;23.5;0.5;0.5;29.4;13.4;0.5;4.07
sainsburys-antipasti-selection--taste-the-difference-105g;Sainsbury's Italian Antipasto Selection, Taste the Difference 105g;£4.00/unit;£3.81/100g;mfp-continental-meats;359;23.5;0.5;0.5;29.4;13.4;0.5;4.07
sainsburys-antipasti-selection--taste-the-difference-105g;Sainsbury's Italian Antipasto Selection, Taste the Difference 105g;£4.00/unit;£3.81/100g;mfp-cooked-meats-snacking-taste-the-difference;359;23.5;0.5;0.5;29.4;13.4;0.5;4.07
sainsburys-antipasti-selection--taste-the-difference-105g;Sainsbury's Italian Antipasto Selection, Taste the Difference 105g;£4.00/unit;£3.81/100g;olives-tapas-antipasti;359;23.5;0.5;0.5;29.4;13.4;0.5;4.07
sainsburys-anya-potatoes--taste-the-difference-750g;Sainsbury's Anya Potatoes, Taste the Difference 750g;£1.50/unit;£2.00/kg;fruit-vegetables-organic-taste-the-difference;81;1.8;17.5;0.8;0.5;0.1;1.6;100;0.01
sainsburys-anya-potatoes--taste-the-difference-750g;Sainsbury's Anya Potatoes, Taste the Difference 750g;£1.50/unit;£2.00/kg;potatoes;81;1.8;17.5;0.8;0.5;0.1;1.6;100;0.01
sainsburys-apple---blackberry-crumble--be-good-to-yourself-2x120g;Sainsbury's Apple & Blackberry Crumble, Be Good To Yourself 2x120g;£1.75/unit;£0.73/100g;desserts;163;1.7;32.3;23.8;2.4;1.1;2.9;0.10
sainsburys-apple---blackberry-crumble-2x120g;Sainsbury's Apple & Blackberry Crumble 2x120g;£1.75/unit;£0.73/100g;desserts;220;2.1;35.6;20.1;7.2;3.2;2.5;0.18
sainsburys-apple---blackberry-crumble-500g;Sainsbury's Apple & Blackberry Crumble 500g;£2.75/unit;£0.55/100g;desserts;228;1.9;37;21;7.5;3.5;3.2;0.26
sainsburys-apple---blackberry-pie-550g;Sainsbury's Apple & Blackberry Pie 550g;£2.75/unit;£0.50/100g;desserts;278;3.4;38;21;12;6.0;2.8;0.11
sainsburys-apple---blackcurrant-pies-x6-355g;Sainsbury's Apple & Blackcurrant Pies x6 355g;£1.00/unit;£0.17/ea;slices-pies-tarts;378;3.8;55.9;24.7;15.0;4.6;2.3;0.22
sainsburys-apple---ginger-pudding--taste-the-difference-500g;Sainsbury's Apple & Ginger Pudding, Taste the Difference 500g;£3.75/unit;£0.75/100g;desserts;340;2.7;45;31;16;9.7;2.2;0.43
sainsburys-apple---mango-juice-1l;Sainsbury's Apple & Mango Juice, Not From Concentrate 1L;£1.40/unit;£0.14/100ml;chilled-fruit-juice;48;0.5;11.0;11.0;0.5;0.1;0.5;0.01
sainsburys-apple---oat-crumble--taste-the-difference-600g;Sainsbury's Apple & Oat Crumble, Taste the Difference 600g;£4.00/unit;£0.67/100g;desserts;266;3.1;41;28;9.6;3.5;2.2;0.32
sainsburys-apple---pear-chutney--taste-the-difference-300g;Sainsbury's Chutney Apple & Pear, Taste the Difference 300g;£1.80/unit;£0.60/100g;chutneys-pickle-relishes;193;0.6;45.0;32.0;0.8;0.4;1.7;1.23
sainsburys-apple---raspberry-juice-drink-1l;Sainsbury's Apple & Raspberry Juice Drink 1L;£1.00/unit;£0.10/100ml;chilled-fruit-juice;47;0.5;11.6;9.1;0.5;0.1;0.5;0.01
sainsburys-apple--kiwi---strawberry-160g;Sainsbury's Apple, Kiwi & Strawberry 160g;£1.50/unit;£9.38/kg;apples-pears-rhubarb;48;0.7;9.5;9.4;0.5;0.1;2.8;0.01
sainsburys-apple--kiwi---strawberry-160g;Sainsbury's Apple, Kiwi & Strawberry 160g;£1.50/unit;£9.38/kg;prepared-fruit;48;0.7;9.5;9.4;0.5;0.1;2.8;0.01
sainsburys-apple--pineapple---grape-180g;Sainsbury's Apple, Pineapple & Grape 180g;£1.50/unit;£8.33/kg;prepared-fruit;52;0.5;11.5;11.5;0.5;0.1;1.9;0.01
sainsburys-apple--pineapple---lemongrass-juice--not-from-concentrate-1l;Sainsbury's Apple, Pineapple & Lemongrass Juice, Not From Concentrate 1L;£1.40/unit;£0.14/100ml;chilled-fruit-juice;46;0.5;10.6;10.6;0.5;0.1;0.5;0.01
sainsburys-apple--raisin---walnut-coleslaw--taste-the-difference-275g;Sainsbury's Apple, Raisin & Walnut Coleslaw, Taste the Difference 275g;£1.80/unit;£0.65/100g;coleslaw--olives--salads---dips-30658-44;254;2.2;10.7;8.8;22.2;3.7;1.5;0.68
sainsburys-apple--raisin---walnut-coleslaw--taste-the-difference-275g;Sainsbury's Apple, Raisin & Walnut Coleslaw, Taste the Difference 275g;£1.80/unit;£0.65/100g;coleslaw-salads;254;2.2;10.7;8.8;22.2;3.7;1.5;0.68
sainsburys-apple--raisin---walnut-coleslaw--taste-the-difference-275g;Sainsbury's Apple, Raisin & Walnut Coleslaw, Taste the Difference 275g;£1.80/unit;£0.65/100g;dressings-coleslaw-accompaniments;254;2.2;10.7;8.8;22.2;3.7;1.5;0.68
sainsburys-apple--raisin---walnut-coleslaw--taste-the-difference-275g;Sainsbury's Apple, Raisin & Walnut Coleslaw, Taste the Difference 275g;£1.80/unit;£0.65/100g;prepared-salad-herbs;254;2.2;10.7;8.8;22.2;3.7;1.5;0.68
sainsburys-apple--strawberry---pineapple-240g;Sainsbury's Apple, Strawberry & Pineapple 240g;£2.00/unit;£8.33/kg;apples-pears-rhubarb;43;0.5;9.0;9.0;0.5;0.1;1.9;0.01
sainsburys-apple--strawberry---pineapple-240g;Sainsbury's Apple, Strawberry & Pineapple 240g;£2.00/unit;£8.33/kg;melon-pineapple-kiwi;43;0.5;9.0;9.0;0.5;0.1;1.9;0.01
sainsburys-apple--strawberry---pineapple-240g;Sainsbury's Apple, Strawberry & Pineapple 240g;£2.00/unit;£8.33/kg;prepared-fruit;43;0.5;9.0;9.0;0.5;0.1;1.9;0.01
sainsburys-apple--watermelon-raspberry-nfc-1l;Sainsbury's Watermelon, Raspberry & Apple Juice, Not From Concentrate 1L;£1.40/unit;£0.14/100ml;chilled-fruit-juice;43;0.5;9.5;9.5;0.5;0.1;0.5;0.05
sainsburys-apple-crumble-loaf-cake--taste-the-difference;Sainsbury's Bramley Apple Loaf Cake, Taste The Difference;£2.15/unit;£0.86/100g;sponge-slab-loaf-cakes;395;3.9;57.7;36.8;16.1;3.4;1.6;0.34
sainsburys-apple-juice--basics-1l-7486881-p-44;Sainsbury's Apple Juice, Basics 1L;£0.80/unit;£0.08/100ml;chilled-fruit-juice;44;0.5;10.3;10.3;0.5;0.1;0.5;0.01
sainsburys-apple-juice--no-added-sugar-1l;Sainsbury's Apple Juice, No Added Sugar 1L;£1.00/unit;£0.10/100ml;mixers-12333-44;9;0.5;2.1;2.1;0.5;0.1;0.5;0.03
sainsburys-apple-juice--no-added-sugar-1l;Sainsbury's Apple Juice, No Added Sugar 1L;£1.00/unit;£0.10/100ml;mixers;9;0.5;2.1;2.1;0.5;0.1;0.5;0.03
sainsburys-apple-juice--so-organic-1l;Sainsbury's Freshly Squeezed Apple Juice, SO Organic 1L;£2.25/unit;£0.23/100ml;chilled-fruit-juice;42;0.5;9.8;9.8;0.5;0.1;0.5;0.01
sainsburys-apple-juice-from-concentrate-1l;Sainsbury's Apple Juice 1L;£1.00/unit;£0.10/100ml;chilled-fruit-juice;44;0.5;10.3;10.3;0.5;0.1;0.5;0.01
sainsburys-apple-pie--basics-530g;Sainsbury's Apple Pie, Basics 550g;£1.55/unit;£0.28/100g;desserts;263;3.2;37;16;11;3.2;2.1;0.08
sainsburys-apple-pie--taste-the-difference-650g;Sainsbury's Apple Pie, Taste the Difference 650g;£3.75/unit;£0.57/100g;desserts;277;3.3;40;19;11;6.5;1.6;0.13
sainsburys-apple-pie-550g;Sainsbury's Apple Pie 550g;£2.75/unit;£0.50/100g;desserts;287;3.2;40;22;12;5.7;2.2;0.11
sainsburys-apple-pies--basics-x6;Sainsbury's Apple Pies, Basics x6;£0.55/unit;£0.09/ea;slices-pies-tarts;401;3.8;57.8;22.4;16.8;5.5;1.5;0.30
sainsburys-apple-pies-2x120g-7655834-p-44;Sainsbury's Apple Pies 2x120g;£1.75/unit;£0.73/100g;desserts;1368327;3.9;42.8;19.8;14.9;7.5;2.9;0.09
sainsburys-apple-red-dessert-loose;Sainsbury's British Red Dessert Apples Loose;£1.95/kg;£1.95/kg;apples-pears-rhubarb;47;0.5;11.8;11.8;0.5;0.1;1.8;0.5
sainsburys-apple-slices-385g;Sainsbury's Apple Slices 385g;£0.80/unit;£2.08/kg;dessert-fruit;38;0.5;7.4;7.4;0.5;0.2;1.7;0.03
sainsburys-apple-strudel--taste-the-difference-535g;Sainsbury's Apple Strudel, Taste the Difference 530g;£4.00/unit;£0.75/100g;desserts;204;2.4;37;23;4.8;2.4;2.2;0.37
sainsburys-apple-strudel-x2-300g-%28serves-6%29;Sainsbury's Apple Strudel x2 600g (Serves 6);£1.50/unit;£0.25/100g;frozen-hot-desserts;259;2.8;31.6;13.9;13.0;7.2;1.9;0.25
sainsburys-apple-tart-400g;Sainsbury's Apple Tart 400g;£2.75/unit;£0.69/100g;desserts;326;4.9;39.8;19.4;15.9;6.4;1.8;0.30
sainsburys-apple-turnovers-2x77g;Sainsbury's Apple Turnovers 2x77g;£1.20/unit;£0.77/100g;desserts;318;4.2;31.5;8.6;19.2;11.4;1.4;0.33
sainsburys-apple-turnovers-x2;Sainsbury's Apple Turnovers x2;£1.20/unit;£0.60/ea;cakes-from-our-bakery-12374-44;293;3.8;35.3;10.1;15.2;7.5;1.6;0.40
sainsburys-apple-turnovers-x2;Sainsbury's Apple Turnovers x2;£1.20/unit;£0.60/ea;croissants-brioche-pastries;293;3.8;35.3;10.1;15.2;7.5;1.6;0.40
sainsburys-apples--basics-x4-%28minimum--variety-will-vary--all-shapes---sizes%29;Sainsbury's British Apples, Basics x4 (minimum, variety & size will vary);£0.80/unit;£0.80/ea;apples-pears-rhubarb;47;0.5;11.8;11.8;0.5;0.1;1.8;0.5
sainsburys-apples--taste-the-difference-x5;Sainsbury's Apples, Taste the Difference x5;£2.60/unit;£2.60/ea;apples-pears-rhubarb;47;0.4;11.8;11.8;0.1;0.1;1.8;0.1
sainsburys-apples--taste-the-difference-x5;Sainsbury's Apples, Taste the Difference x5;£2.60/unit;£2.60/ea;fruit-vegetables-organic-taste-the-difference;47;0.4;11.8;11.8;0.1;0.1;1.8;0.1
sainsburys-apricot-halves-in-fruit-juice-411g;Sainsbury's Apricot Halves In Fruit Juice 411g;£0.65/unit;£1.58/kg;dessert-fruit;57;0.5;11.4;11.4;0.8;0.1;1.0;0.03
sainsburys-ardennes-p%C3%A2t%C3%A9--be-good-to-yourself-170g;Sainsbury's Ardennes Pâté, Be Good To Yourself 170g;£1.40/unit;£0.82/100g;mfp-pate;197;12.3;3.2;1.8;15.0;4.8;0.5;1.59
sainsburys-ardennes-p%C3%A2t%C3%A9--be-good-to-yourself-170g;Sainsbury's Ardennes Pâté, Be Good To Yourself 170g;£1.40/unit;£0.82/100g;pate;197;12.3;3.2;1.8;15.0;4.8;0.5;1.59
sainsburys-ardennes-p%C3%A2t%C3%A9-170g;Sainsbury's Ardennes Pâté 170g;£1.40/unit;£0.82/100g;mfp-pate;278;12.7;1.9;1.2;24.4;9.3;0.5;1.93
sainsburys-ardennes-p%C3%A2t%C3%A9-170g;Sainsbury's Ardennes Pâté 170g;£1.40/unit;£0.82/100g;pate;278;12.7;1.9;1.2;24.4;9.3;0.5;1.93
sainsburys-ardennes-pate--taste-the-difference-150g;Sainsbury's Ardennes Pate, Taste the Difference 150g;£2.15/unit;£1.43/100g;mfp-pate;301;7.7;7.9;1.8;26.4;9.8;0.6;1.25
sainsburys-ardennes-pate--taste-the-difference-150g;Sainsbury's Ardennes Pate, Taste the Difference 150g;£2.15/unit;£1.43/100g;pate;301;7.7;7.9;1.8;26.4;9.8;0.6;1.25
sainsburys-ardennes-spreadable-pat%C3%A9-175g;Sainsbury's Ardennes Spreadable Paté 175g;£0.70/unit;£0.40/100g;mfp-pate;278;12.7;1.9;1.2;24.4;9.3;0.5;1.93
sainsburys-ardennes-spreadable-pat%C3%A9-175g;Sainsbury's Ardennes Spreadable Paté 175g;£0.70/unit;£0.40/100g;pate;278;12.7;1.9;1.2;24.4;9.3;0.5;1.93
sainsburys-aromatic-stir-fry-with-basil--taste-the-difference-240g;Sainsbury's Aromatic Stir Fry With Basil, Taste the Difference 240g;£2.50/unit;£1.00/100g;asian-ingredients;60;1.0;2.7;1.9;4.5;0.3;2.2;0.01
sainsburys-aromatic-stir-fry-with-basil--taste-the-difference-240g;Sainsbury's Aromatic Stir Fry With Basil, Taste the Difference 240g;£2.50/unit;£1.00/100g;fresh-vegetables-stir-fry;60;1.0;2.7;1.9;4.5;0.3;2.2;0.01
sainsburys-aromatic-stir-fry-with-basil--taste-the-difference-240g;Sainsbury's Aromatic Stir Fry With Basil, Taste the Difference 240g;£2.50/unit;£1.00/100g;prepared-stir-fry;60;1.0;2.7;1.9;4.5;0.3;2.2;0.01
sainsburys-aromatic-stir-fry-with-basil--taste-the-difference-240g;Sainsbury's Aromatic Stir Fry With Basil, Taste the Difference 240g;£2.50/unit;£1.00/100g;prepared-vegetables;60;1.0;2.7;1.9;4.5;0.3;2.2;0.01
sainsburys-aromatic-whole-duck-12kg-p;Sainsbury's Aromatic Whole Duck 1.2kg;£10.00/unit;£8.33/kg;duck-game;268;18.3;22.7;10.5;11.5;2.8;0.6;1.00
sainsburys-aromatic-whole-duck-12kg-p;Sainsbury's Aromatic Whole Duck 1.2kg;£10.00/unit;£8.33/kg;prepared-joints;268;18.3;22.7;10.5;11.5;2.8;0.6;1.00
sainsburys-arrabbiata-sauce-350g;Sainsbury's Arrabbiata Sauce 350g;£1.40/unit;£0.40/100g;fresh-pasta-sauces;66;1.5;8.6;7.5;2.7;0.4;0.5;0.33
sainsburys-arrabbiata-sauce-350g;Sainsbury's Arrabbiata Sauce 350g;£1.40/unit;£0.40/100g;vegetarian-meat-free-pizza-pasta;66;1.5;8.6;7.5;2.7;0.4;0.5;0.33
sainsburys-asian-beef-rendang-380g;Sainsbury's Asian Beef Rendang 380g;£3.60/unit;£9.47/kg;meals-for-1-ready-meals;142;7.6;12.8;1.3;6.1;1.4;2.7;0.35
sainsburys-asian-beef-rendang-380g;Sainsbury's Asian Beef Rendang 380g;£3.60/unit;£9.47/kg;oriental-ready-meals;142;7.6;12.8;1.3;6.1;1.4;2.7;0.35
sainsburys-asian-miso-chicken-380g;Sainsbury's Asian Miso Chicken 380g;£3.60/unit;£9.47/kg;meals-for-1-ready-meals;120;7.5;11.3;2.4;3.9;0.6;4.9;0.45
sainsburys-asian-miso-chicken-380g;Sainsbury's Asian Miso Chicken 380g;£3.60/unit;£9.47/kg;oriental-ready-meals;120;7.5;11.3;2.4;3.9;0.6;4.9;0.45
sainsburys-asian-pears-x3;Sainsbury's Asian Pears x3;£1.50/unit;£1.50/ea;apples-pears-rhubarb;54;0.5;10.7;7.1;0.2;0;3.6;0.00
sainsburys-asian-pears-x3;Sainsbury's Asian Pears x3;£1.50/unit;£1.50/ea;mango-exotic-fruit-dates-nuts;54;0.5;10.7;7.1;0.2;0;3.6;0.00
sainsburys-asian-teriyaki-salmon-380g;Sainsbury's Asian Teriyaki Salmon 380g;£3.60/unit;£9.47/kg;meals-for-1-ready-meals;138;6.5;12.8;4.2;5.7;0.7;4.9;0.45
sainsburys-asian-teriyaki-salmon-380g;Sainsbury's Asian Teriyaki Salmon 380g;£3.60/unit;£9.47/kg;oriental-ready-meals;138;6.5;12.8;4.2;5.7;0.7;4.9;0.45
sainsburys-asparagus-fine-100g;Sainsbury's Asparagus, Fine 100g;£1.60/unit;£16.00/kg;peas-beans-sweetcorn-asparagus;15;1.6;0.7;0.7;0.5;0.1;1.0;0.07
sainsburys-asparagus-spears-250g;Sainsbury's Asparagus Spears 250g;£1.60/unit;£6.40/kg;peas-beans-sweetcorn-asparagus;15;1.6;0.7;0.7;0.5;0.1;1.0;0.07
sainsburys-asparagus-stir-fry--taste-the-difference-240g;Sainsbury's Baby Vegetable Stir Fry, Taste the Difference 240g;£2.50/unit;£1.04/100g;asian-ingredients;78;2.0;4.4;3.0;5.4;0.7;1.8;
sainsburys-asparagus-stir-fry--taste-the-difference-240g;Sainsbury's Baby Vegetable Stir Fry, Taste the Difference 240g;£2.50/unit;£1.04/100g;baby-vegetables;78;2.0;4.4;3.0;5.4;0.7;1.8;
sainsburys-asparagus-stir-fry--taste-the-difference-240g;Sainsbury's Baby Vegetable Stir Fry, Taste the Difference 240g;£2.50/unit;£1.04/100g;fresh-vegetables-stir-fry;78;2.0;4.4;3.0;5.4;0.7;1.8;
sainsburys-asparagus-stir-fry--taste-the-difference-240g;Sainsbury's Baby Vegetable Stir Fry, Taste the Difference 240g;£2.50/unit;£1.04/100g;fresh-vegetables-world-exotic;78;2.0;4.4;3.0;5.4;0.7;1.8;
sainsburys-asparagus-stir-fry--taste-the-difference-240g;Sainsbury's Baby Vegetable Stir Fry, Taste the Difference 240g;£2.50/unit;£1.04/100g;fruit-vegetables-organic-taste-the-difference;78;2.0;4.4;3.0;5.4;0.7;1.8;
sainsburys-asparagus-stir-fry--taste-the-difference-240g;Sainsbury's Baby Vegetable Stir Fry, Taste the Difference 240g;£2.50/unit;£1.04/100g;prepared-stir-fry;78;2.0;4.4;3.0;5.4;0.7;1.8;
sainsburys-asparagus-stir-fry--taste-the-difference-240g;Sainsbury's Baby Vegetable Stir Fry, Taste the Difference 240g;£2.50/unit;£1.04/100g;prepared-vegetables;78;2.0;4.4;3.0;5.4;0.7;1.8;
sainsburys-asparagus-tips-100g;Sainsbury's Asparagus Tips 100g;£1.60/unit;£16.00/kg;baby-vegetables;15;1.6;0.7;0.7;0.5;0.1;1.0;0.07
sainsburys-asparagus-tips-100g;Sainsbury's Asparagus Tips 100g;£1.60/unit;£16.00/kg;peas-beans-sweetcorn-asparagus;15;1.6;0.7;0.7;0.5;0.1;1.0;0.07
sainsburys-aubergine;Sainsbury's Aubergine;£0.80/unit;£2.67/kg;courgette-aubergine-squash;16;0.9;2.2;2.0;0.4;0;2.0;
sainsburys-aubergines--basics-500g;Sainsbury's Aubergines, Basics 500g;£1.30/unit;£2.60/kg;courgette-aubergine-squash;10;2;1;2;1;1;0;1
sainsburys-avocado--basics-x4;Sainsbury's Avocado, Basics x4;£1.75/unit;£1.75/ea;avocados;813198;1.9;1.9;0.5;20;4.1;3.4;0.02
sainsburys-avocado--basics-x4;Sainsbury's Avocado, Basics x4;£1.75/unit;£1.75/ea;peppers-salad-vegetables;813198;1.9;1.9;0.5;20;4.1;3.4;0.02
sainsburys-avocado--ripe---ready-x2;Sainsbury's Avocado, Ripe & Ready x2;£1.80/unit;£1.80/ea;avocados;813198;1.9;1.9;0.5;19.5;4.1;3.4;0.01
sainsburys-avocado--ripe---ready-x2;Sainsbury's Avocado, Ripe & Ready x2;£1.80/unit;£1.80/ea;peppers-salad-vegetables;813198;1.9;1.9;0.5;19.5;4.1;3.4;0.01
sainsburys-avocado--so-organic-x2;Sainsbury's Avocado, SO Organic x2;£2.50/unit;£2.50/ea;avocados;190;1.9;1.9;0.5;19.5;4.1;3.4;0.00
sainsburys-avocado--so-organic-x2;Sainsbury's Avocado, SO Organic x2;£2.50/unit;£2.50/ea;fruit-vegetables-organic-taste-the-difference;190;1.9;1.9;0.5;19.5;4.1;3.4;0.00
sainsburys-avocado--so-organic-x2;Sainsbury's Avocado, SO Organic x2;£2.50/unit;£2.50/ea;peppers-salad-vegetables;190;1.9;1.9;0.5;19.5;4.1;3.4;0.00
sainsburys-avocado-hass--large;Sainsbury's Avocado Hass, Large (each);£1.00/unit;£1.00/ea;avocados;190;1.9;1.9;0.5;19.5;4.1;3.4;0.00
sainsburys-avocado-hass--large;Sainsbury's Avocado Hass, Large (each);£1.00/unit;£1.00/ea;peppers-salad-vegetables;190;1.9;1.9;0.5;19.5;4.1;3.4;0.00
sainsburys-avocado-hass;Sainsbury's Avocado Hass (each);£0.90/unit;£0.90/ea;avocados;190;1.9;1.9;0.5;19.5;4.1;3.4;0.00
sainsburys-avocado-hass;Sainsbury's Avocado Hass (each);£0.90/unit;£0.90/ea;peppers-salad-vegetables;190;1.9;1.9;0.5;19.5;4.1;3.4;0.00
sainsburys-avocados--ripe---ready-x4;Sainsbury's Avocados, Ripe & Ready x4;£3.20/unit;£3.20/ea;avocados;195;1.9;1.3;0.5;19.5;4.1;3.4;0.02
sainsburys-baby-aubergines-200g;Sainsbury's Baby Aubergines 200g;£1.60/unit;£8.00/kg;baby-vegetables;15;0.9;2.2;2.0;0.4;0.1;2.0;
sainsburys-baby-aubergines-200g;Sainsbury's Baby Aubergines 200g;£1.60/unit;£8.00/kg;courgette-aubergine-squash;15;0.9;2.2;2.0;0.4;0.1;2.0;
sainsburys-baby-aubergines-200g;Sainsbury's Baby Aubergines 200g;£1.60/unit;£8.00/kg;fresh-vegetables-world-exotic;15;0.9;2.2;2.0;0.4;0.1;2.0;
sainsburys-baby-aubergines-200g;Sainsbury's Baby Aubergines 200g;£1.60/unit;£8.00/kg;indian-ingredients;15;0.9;2.2;2.0;0.4;0.1;2.0;
sainsburys-baby-aubergines-200g;Sainsbury's Baby Aubergines 200g;£1.60/unit;£8.00/kg;mediterranean-ingredients;15;0.9;2.2;2.0;0.4;0.1;2.0;
sainsburys-baby-button-chestnut-mushrooms-150g;Sainsbury's Baby Button Chestnut Mushrooms 150g;£1.00/unit;£6.67/kg;baby-vegetables;16;1.8;0.5;0.5;0.5;0.1;1.1;0.5
sainsburys-baby-button-chestnut-mushrooms-150g;Sainsbury's Baby Button Chestnut Mushrooms 150g;£1.00/unit;£6.67/kg;mushrooms;16;1.8;0.5;0.5;0.5;0.1;1.1;0.5
sainsburys-baby-button-mushrooms-200g;Sainsbury's Baby Button Mushrooms 200g;£1.00/unit;£5.00/kg;baby-vegetables;16;1.8;0.5;0.5;0.5;0.1;1.1;0.5
sainsburys-baby-button-mushrooms-200g;Sainsbury's Baby Button Mushrooms 200g;£1.00/unit;£5.00/kg;mushrooms;16;1.8;0.5;0.5;0.5;0.1;1.1;0.5
sainsburys-baby-cauliflower--taste-the-difference-x2;Sainsbury's Baby Cauliflower, Taste the Difference x2;£1.60/unit;£1.60/ea;baby-vegetables;34;2.5;4.2;2.8;0.5;0.2;1.8;0.02
sainsburys-baby-cauliflower--taste-the-difference-x2;Sainsbury's Baby Cauliflower, Taste the Difference x2;£1.60/unit;£1.60/ea;broccoli-cauliflower-cabbage-greens;34;2.5;4.2;2.8;0.5;0.2;1.8;0.02
sainsburys-baby-cauliflower--taste-the-difference-x2;Sainsbury's Baby Cauliflower, Taste the Difference x2;£1.60/unit;£1.60/ea;fruit-vegetables-organic-taste-the-difference;34;2.5;4.2;2.8;0.5;0.2;1.8;0.02
sainsburys-baby-corn---mange-tout-200g;Sainsbury's Baby Corn & Mange Tout 200g;£2.00/unit;£10.00/kg;baby-vegetables;62;2.8;5.9;4.5;2.6;0.2;2.0;0.13
sainsburys-baby-corn---mange-tout-200g;Sainsbury's Baby Corn & Mange Tout 200g;£2.00/unit;£10.00/kg;fresh-vegetables-stir-fry;62;2.8;5.9;4.5;2.6;0.2;2.0;0.13
sainsburys-baby-corn---mange-tout-200g;Sainsbury's Baby Corn & Mange Tout 200g;£2.00/unit;£10.00/kg;peas-beans-sweetcorn-asparagus;62;2.8;5.9;4.5;2.6;0.2;2.0;0.13
sainsburys-baby-corn---mange-tout-200g;Sainsbury's Baby Corn & Mange Tout 200g;£2.00/unit;£10.00/kg;prepared-vegetables;62;2.8;5.9;4.5;2.6;0.2;2.0;0.13
sainsburys-baby-corn--so-organic-125g;Sainsbury's Baby Corn, SO Organic 125g;£1.50/unit;£12.00/kg;baby-vegetables;42;2.0;6.4;5.0;0.5;0.2;2.6;0.01
sainsburys-baby-corn--so-organic-125g;Sainsbury's Baby Corn, SO Organic 125g;£1.50/unit;£12.00/kg;fruit-vegetables-organic-taste-the-difference;42;2.0;6.4;5.0;0.5;0.2;2.6;0.01
sainsburys-baby-corn--so-organic-125g;Sainsbury's Baby Corn, SO Organic 125g;£1.50/unit;£12.00/kg;peas-beans-sweetcorn-asparagus;42;2.0;6.4;5.0;0.5;0.2;2.6;0.01
sainsburys-baby-fennel-200g;Sainsbury's Baby Fennel 200g;£1.85/unit;£9.25/kg;baby-vegetables;17;0.9;1.8;1.7;0.5;0.1;2.4;0.03
sainsburys-baby-fennel-200g;Sainsbury's Baby Fennel 200g;£1.85/unit;£9.25/kg;chillies-herbs-ingredients;17;0.9;1.8;1.7;0.5;0.1;2.4;0.03
sainsburys-baby-fennel-200g;Sainsbury's Baby Fennel 200g;£1.85/unit;£9.25/kg;fresh-vegetables-world-exotic;17;0.9;1.8;1.7;0.5;0.1;2.4;0.03
sainsburys-baby-fennel-200g;Sainsbury's Baby Fennel 200g;£1.85/unit;£9.25/kg;mediterranean-ingredients;17;0.9;1.8;1.7;0.5;0.1;2.4;0.03
sainsburys-baby-green-cabbage--taste-the-difference-x-2;Sainsbury's Baby Green Cabbage, Taste the Difference x 2;£1.60/unit;£1.60/ea;broccoli-cauliflower-cabbage-greens;32;2.4;3.9;3.9;0.5;0.1;2.7;0.02
sainsburys-baby-green-cabbage--taste-the-difference-x-2;Sainsbury's Baby Green Cabbage, Taste the Difference x 2;£1.60/unit;£1.60/ea;fruit-vegetables-organic-taste-the-difference;32;2.4;3.9;3.9;0.5;0.1;2.7;0.02
sainsburys-baby-leaf-watercress-110g;Sainsbury's Baby Leaf Watercress 110g;£1.50/unit;£1.36/100g;fresh-salad-prepared-ready-to-eat;21;2.8;0.6;0.5;0.5;0.1;1.4;0.22
sainsburys-baby-leaf-watercress-110g;Sainsbury's Baby Leaf Watercress 110g;£1.50/unit;£1.36/100g;prepared-salad-herbs;21;2.8;0.6;0.5;0.5;0.1;1.4;0.22
sainsburys-baby-leeks--taste-the-difference-175g;Sainsbury's Baby Leeks, Taste the Difference 175g;£2.00/unit;£11.43/kg;baby-vegetables;27;1.6;2.8;2.1;0.5;0.1;2.2;0.01
sainsburys-baby-leeks--taste-the-difference-175g;Sainsbury's Baby Leeks, Taste the Difference 175g;£2.00/unit;£11.43/kg;fruit-vegetables-organic-taste-the-difference;27;1.6;2.8;2.1;0.5;0.1;2.2;0.01
sainsburys-baby-leeks--taste-the-difference-175g;Sainsbury's Baby Leeks, Taste the Difference 175g;£2.00/unit;£11.43/kg;onions-leeks-garlic;27;1.6;2.8;2.1;0.5;0.1;2.2;0.01
sainsburys-baby-plum-tomatoes--so-organic-225g;Sainsbury's Baby Plum Tomatoes, SO Organic 225g;£1.80/unit;£8.00/kg;baby-vegetables;20;0.7;3.1;3.1;0.5;0.1;1.0;0.02
sainsburys-baby-plum-tomatoes--so-organic-225g;Sainsbury's Baby Plum Tomatoes, SO Organic 225g;£1.80/unit;£8.00/kg;fresh-salad-tomatoes;20;0.7;3.1;3.1;0.5;0.1;1.0;0.02
sainsburys-baby-plum-tomatoes--so-organic-225g;Sainsbury's Baby Plum Tomatoes, SO Organic 225g;£1.80/unit;£8.00/kg;fresh-vegetables-tomatoes;20;0.7;3.1;3.1;0.5;0.1;1.0;0.02
sainsburys-baby-plum-tomatoes--so-organic-225g;Sainsbury's Baby Plum Tomatoes, SO Organic 225g;£1.80/unit;£8.00/kg;fruit-vegetables-organic-taste-the-difference;20;0.7;3.1;3.1;0.5;0.1;1.0;0.02
sainsburys-baby-plum-tomatoes-250g;Sainsbury's Baby Plum Tomatoes 250g;£1.10/unit;£4.40/kg;baby-vegetables;20;0.7;3.1;3.1;0.5;0.1;1.0;0.02
sainsburys-baby-plum-tomatoes-250g;Sainsbury's Baby Plum Tomatoes 250g;£1.10/unit;£4.40/kg;fresh-salad-tomatoes;20;0.7;3.1;3.1;0.5;0.1;1.0;0.02
sainsburys-baby-plum-tomatoes-250g;Sainsbury's Baby Plum Tomatoes 250g;£1.10/unit;£4.40/kg;fresh-vegetables-tomatoes;20;0.7;3.1;3.1;0.5;0.1;1.0;0.02
sainsburys-baby-potatoes-1kg;Sainsbury's Baby Potatoes 1kg;£1.00/unit;£1.00/kg;baby-vegetables;68;1.4;14;0.9;0.5;0.1;1.9;100;0.03
sainsburys-baby-potatoes-1kg;Sainsbury's Baby Potatoes 1kg;£1.00/unit;£1.00/kg;potatoes;68;1.4;14;0.9;0.5;0.1;1.9;100;0.03
sainsburys-baby-potatoes-with-herbs-385g;Sainsbury's Baby Potatoes With Herbs 385g;£1.50/unit;£3.90/kg;potato-vegetable-side-dishes;80;1.5;15.5;0.6;0.8;0.4;2.6;0.15
sainsburys-baby-potatoes-with-herbs-385g;Sainsbury's Baby Potatoes With Herbs 385g;£1.50/unit;£3.90/kg;prepared-vegetables;80;1.5;15.5;0.6;0.8;0.4;2.6;0.15
sainsburys-baby-salad-potatoes--so-organic-750g;Sainsbury's Baby Salad Potatoes, SO Organic 750g;£1.50/unit;£2.00/kg;fruit-vegetables-organic-taste-the-difference;30872;1.8;16.2;1.4;0.1;0;1.2;
sainsburys-baby-salad-potatoes--so-organic-750g;Sainsbury's Baby Salad Potatoes, SO Organic 750g;£1.50/unit;£2.00/kg;potatoes;30872;1.8;16.2;1.4;0.1;0;1.2;
sainsburys-baby-sprouts-300g-7403126-p-44;Sainsbury's Baby Sprouts 300g;£1.30/unit;£4.33/kg;broccoli-cauliflower-cabbage-greens;50;3.5;3.9;2.9;1.4;0.3;4.1;0.02
sainsburys-baby-sweet-peppers--taste-the-difference-150g;Sainsbury's Baby Sweet Peppers, Taste the Difference 150g;£1.65/unit;£11.00/kg;baby-vegetables;32;1.0;6.4;6.1;0.4;0.1;1.6;
sainsburys-baby-sweet-peppers--taste-the-difference-150g;Sainsbury's Baby Sweet Peppers, Taste the Difference 150g;£1.65/unit;£11.00/kg;fruit-vegetables-organic-taste-the-difference;32;1.0;6.4;6.1;0.4;0.1;1.6;
sainsburys-baby-sweet-peppers--taste-the-difference-150g;Sainsbury's Baby Sweet Peppers, Taste the Difference 150g;£1.65/unit;£11.00/kg;peppers-salad-vegetables;32;1.0;6.4;6.1;0.4;0.1;1.6;
sainsburys-baby-sweet-peppers--taste-the-difference-150g;Sainsbury's Baby Sweet Peppers, Taste the Difference 150g;£1.65/unit;£11.00/kg;peppers;32;1.0;6.4;6.1;0.4;0.1;1.6;
sainsburys-baby-watermelon-%28each%29;Sainsbury's Watermelon, Baby (each);£2.00/unit;£2.00/ea;melon-pineapple-kiwi;31;0.5;7.1;7.1;0.3;0.1;0.1;
sainsburys-baby-whole-leaf-spinach-1kg;Sainsbury's Baby Whole Leaf Spinach 1kg;£1.40/unit;£1.40/kg;frozen-vegetables;26;3.1;0.5;0.5;0.8;0.1;2.1;0.04
sainsburys-babycorn-175g;Sainsbury's Babycorn 175g;£1.50/unit;£8.57/kg;baby-vegetables;42;2.0;6.4;5.0;0.5;0.2;2.6;0.01
sainsburys-babycorn-175g;Sainsbury's Babycorn 175g;£1.50/unit;£8.57/kg;peas-beans-sweetcorn-asparagus;42;2.0;6.4;5.0;0.5;0.2;2.6;0.01
sainsburys-babycorn-mix-175g;Sainsbury's Babycorn Mix 175g;£1.50/unit;£8.57/kg;baby-vegetables;35;2.4;4.0;2.8;0.4;0.1;3.1;
sainsburys-babycorn-mix-175g;Sainsbury's Babycorn Mix 175g;£1.50/unit;£8.57/kg;prepared-vegetables;35;2.4;4.0;2.8;0.4;0.1;3.1;
sainsburys-bacon---cheese-quiche-400g;Sainsbury's Bacon & Cheese Quiche 400g;£2.40/unit;£0.60/100g;quiche;263;9.4;19.8;2.2;16.0;6.9;1.2;0.53
sainsburys-bacon---leek-pasta-bake-430g;Sainsbury's Bacon & Leek Pasta Bake 430g;£2.30/unit;£5.35/kg;italian-ready-meals;124;5.9;12.8;1.1;4.7;2.4;3.7;0.40
sainsburys-bacon---leek-pasta-bake-430g;Sainsbury's Bacon & Leek Pasta Bake 430g;£2.30/unit;£5.35/kg;meals-for-1-ready-meals;124;5.9;12.8;1.1;4.7;2.4;3.7;0.40
sainsburys-bacon---sausage-wraps-x12-260g-7663773-p-44;Sainsbury's Bacon & Sausage Wraps (pigs in blankets) x12 260g;£3.00/unit;£11.54/kg;party-food-128152-44;280;16.6;11.2;0.9;18.5;6.6;1.0;2.05
sainsburys-bacon---sausage-wraps-x12-260g-7663773-p-44;Sainsbury's Bacon & Sausage Wraps (pigs in blankets) x12 260g;£3.00/unit;£11.54/kg;sausages;280;16.6;11.2;0.9;18.5;6.6;1.0;2.05
sainsburys-bacon---sausage-wraps-x12-260g;Sainsbury's Pork Sausage & Bacon Wraps (Pigs In Blankets) x12 260g;£3.00/unit;£11.54/kg;party-food-128152-44;280;16.6;11.2;0.9;18.5;6.6;1.0;2.05
sainsburys-bacon---sausage-wraps-x12-260g;Sainsbury's Pork Sausage & Bacon Wraps (Pigs In Blankets) x12 260g;£3.00/unit;£11.54/kg;sausages;280;16.6;11.2;0.9;18.5;6.6;1.0;2.05
sainsburys-bacon--leek---cheddar-quiche--taste-the-difference-400g;Sainsbury's Bacon, Leek & Cheddar Quiche, Taste the Difference 400g;£3.00/unit;£0.75/100g;quiche;269;7.3;24.3;2.5;15.6;8.3;1.0;0.63
sainsburys-bake-in-the-bag-line-caught-cod-with-a-rocket---butter-sauce-x2-300g;Sainsbury's Bake In The Bag Line Caught Cod With A Rocket & Pesto Sauce x2 300g;£3.25/unit;£10.83/kg;frozen-fish-seafood;119;20.1;0.6;0.5;4.0;2.6;0.5;0.50
sainsburys-bakery-bramley-apple-pie;Sainsbury's Bakery Bramley Apple Pie;£1.00/unit;£1.00/ea;cakes-from-our-bakery-12374-44;307;3.1;40.5;14.3;14.3;7.0;1.9;0.25
sainsburys-bakery-bramley-apple-pie;Sainsbury's Bakery Bramley Apple Pie;£1.00/unit;£1.00/ea;croissants-brioche-pastries;307;3.1;40.5;14.3;14.3;7.0;1.9;0.25
sainsburys-bakewell-cake-slices-x6;Sainsbury's Bakewell Cake Slices x6;£1.10/unit;£0.18/ea;slices-pies-tarts;411;3.0;59.6;40.3;17.5;5.3;1.9;0.35
sainsburys-bakewell-slice-x3;Sainsbury's Bakewell Slices x3;£1.00/unit;£0.33/ea;cakes-from-our-bakery-12374-44;431;4.6;59.8;33.6;18.8;5.3;1.9;0.45
sainsburys-bakewell-tart-350g;Sainsbury's Bakewell Tart 350g;£2.75/unit;£0.79/100g;desserts;439;6.8;51.1;28.3;22.6;8.5;2.0;0.43
sainsburys-baking-%28packet%29-250g;Sainsbury's Baking Block 250g;£0.55/unit;£2.20/kg;cooking-baking;675;0.5;0.5;0.5;75.0;28.0;0.5;1.13
sainsburys-baking-camembert--taste-the-difference-250g;Sainsbury's Baking Camembert, Taste the Difference 250g;£3.00/unit;£12.00/kg;organic-taste-the-difference-cheese;1285310;18.0;1.0;0.5;26.0;19.0;0.5;1.60
sainsburys-baking-potatoes-%28loose%29;Sainsbury's Baking Potatoes (loose);£1.00/kg;£1.00/kg;potatoes;138;3.8;28.8;1.1;0.2;0;2.7;100;
sainsburys-baking-potatoes-25kg-6001324-p-44;Sainsbury's Baking Potatoes 2.5kg;£2.00/unit;£0.80/kg;potatoes;106;2.5;22.6;1.4;0.5;0.1;2.6;0.01
sainsburys-baking-potatoes-x4;Sainsbury's Baking Potatoes x4;£0.60/unit;£0.86/kg;potatoes;138;3.8;28.8;1.1;0.2;0;2.7;100;
sainsburys-baking-sweet-potatoes-x2;Sainsbury's Baking Sweet Potatoes x2;£1.25/unit;£2.27/kg;fresh-vegetables-world-exotic;77;1.4;15.8;11.5;0.5;0.1;2.4;0.13
sainsburys-baking-sweet-potatoes-x2;Sainsbury's Baking Sweet Potatoes x2;£1.25/unit;£2.27/kg;potatoes;77;1.4;15.8;11.5;0.5;0.1;2.4;0.13
sainsburys-balsamic-glaze-250ml;Sainsbury's Balsamic Glaze 250ml;£2.00/unit;£8.00/ltr;vinegar;278;0.5;69.0;63.0;0.5;0.1;0.5;0.18
sainsburys-balsamic-vinegar--so-organic-250ml;Sainsbury's Balsamic Vinegar, SO Organic 250ml;£2.00/unit;£8.00/ltr;vinegar;127;1.5;30.0;25.6;0.5;0.1;0.5;0.07
sainsburys-balsamic-vinegar-250ml;Sainsbury's Balsamic Vinegar 250ml;£1.80/unit;£7.20/ltr;vinegar;88;0.5;21.6;18.0;0.5;0.1;0.5;0.03
sainsburys-balsamic-vinegar-500ml;Sainsbury's Balsamic Vinegar 500ml;£3.00/unit;£6.00/ltr;vinegar;88;0.5;21.6;18.0;0.5;0.1;0.5;0.03
sainsburys-balsamic-vinegar-of-modena-3-leaf--taste-the-difference-250ml;Sainsbury's Balsamic Vinegar Of Modena 3 Leaf, Taste the Difference 250ml;£6.00/unit;£24.00/ltr;vinegar;160;0.5;39.6;32.5;0.5;0.1;0.5;0.04
sainsburys-balsamic-vinegar-of-modena-4-leaf--taste-the-difference-250ml;Sainsbury's Balsamic Vinegar Of Modena 4 Leaf, Taste the Difference 250ml;£12.00/unit;£48.00/ltr;vinegar;280;1.2;68.0;62.0;0.5;0.2;0.7;0.09
sainsburys-balsamic-vinegarofmodena-1-leaf-250ml;Sainsbury's Balsamic Vinegar Of Modena 1 Leaf 250ml;£1.20/unit;£4.80/ltr;vinegar;90;0.7;21.9;15.3;0.5;0.1;0.5;0.05
sainsburys-banoffee-pie-470g;Sainsbury's Banoffee Pie 470g;£3.50/unit;£0.74/100g;desserts;397;2.9;37.5;17.9;25.9;15.0;1.1;0.38
sainsburys-banquet-meal-for-2-18kg;Sainsbury's Indian Banquet Meal For 2 1.8kg;£9.00/unit;£4.98/kg;indian-ready-meals;168;3.4;32.7;0.5;2.0;0.2;2.7;0.39
sainsburys-barbeque-beef-ribs-with-a-rich-soy---worcester-sauce-glaze-560g;Sainsbury's Just Cook Barbeque Beef Ribs With A Rich Soy & Worcester Sauce Glaze 560g;£5.00/unit;£8.93/kg;beef;225;16.9;6.3;6.2;14.6;6.6;0.5;0.83
sainsburys-barbeque-beef-ribs-with-a-rich-soy---worcester-sauce-glaze-560g;Sainsbury's Just Cook Barbeque Beef Ribs With A Rich Soy & Worcester Sauce Glaze 560g;£5.00/unit;£8.93/kg;just-cook;225;16.9;6.3;6.2;14.6;6.6;0.5;0.83
sainsburys-barbeque-beef-ribs-with-a-rich-soy---worcester-sauce-glaze-560g;Sainsbury's Just Cook Barbeque Beef Ribs With A Rich Soy & Worcester Sauce Glaze 560g;£5.00/unit;£8.93/kg;slow-cook;225;16.9;6.3;6.2;14.6;6.6;0.5;0.83
sainsburys-barbers-west-country-farmhouse-mature-cheddar-250g;Sainsbury's Barbers West Country Farmhouse Mature Cheddar 250g;£2.15/unit;£8.60/kg;cheddar-british-regional-cheese;410;25.0;0.5;0.5;34.4;21.7;-1;1.68
sainsburys-barn-eggs--basics-x18;Sainsbury's Barn Eggs, Basics x18;£1.45/unit;£0.08/ea;eggs;143;14.1;0.5;0.5;9.6;2.7;0.5;0.38
sainsburys-barn-eggs--basics-x6;Sainsbury's Barn Eggs, Basics x6;£0.70/unit;£0.12/ea;eggs;143;14.1;0.5;0.5;9.6;2.7;0.5;0.38
sainsburys-barnsley-lamb-chop-%28approx-480g%29;Sainsbury's Barnsley Lamb Chop, Taste the Difference (approx. 483g);£16.00/kg;£16.00/kg;lamb;240;18.1;2.1;0.5;17.7;8.1;0.5;0.22
sainsburys-barrel-aged-feta--taste-the-difference-200g;Sainsbury's Barrel Aged Feta, Taste the Difference 200g;£2.50/unit;£12.50/kg;cheeseboard-delights;284;16.0;0.5;0.5;24.3;15.4;0.5;3.00
sainsburys-barrel-aged-feta--taste-the-difference-200g;Sainsbury's Barrel Aged Feta, Taste the Difference 200g;£2.50/unit;£12.50/kg;organic-taste-the-difference-cheese;284;16.0;0.5;0.5;24.3;15.4;0.5;3.00
sainsburys-basics-basa-fillets-400g;Sainsbury's Basics Basa Fillets 400g;£2.05/unit;£5.13/kg;frozen-fish-seafood;120;21.1;0.5;0.5;4.0;1.1;0.5;0.28
sainsburys-basics-black-pitted-olives-150g;Sainsbury's Black Pitted Olives, Basics 150g;£1.55/unit;£1.03/100g;deli-meat-alternatives;101;1.2;6.8;0.5;6.7;1.2;4.2;2.38
sainsburys-basics-black-pitted-olives-150g;Sainsbury's Black Pitted Olives, Basics 150g;£1.55/unit;£1.03/100g;olives-tapas-antipasti;101;1.2;6.8;0.5;6.7;1.2;4.2;2.38
sainsburys-basics-fruit-cocktail-in-syrup-411g;Sainsbury's Basics Fruit Cocktail In Syrup 411g;£0.60/unit;£1.46/kg;dessert-fruit;64;0.5;14.6;14.3;0.5;0.1;1.7;0.02
sainsburys-basics-green-olives-150g;Sainsbury's Green Pitted Olives, Basics 150g;£1.55/unit;£1.03/100g;deli-meat-alternatives;121;1.3;7.7;0.5;8.6;1.3;3.7;3.45
sainsburys-basics-green-olives-150g;Sainsbury's Green Pitted Olives, Basics 150g;£1.55/unit;£1.03/100g;olives-tapas-antipasti;121;1.3;7.7;0.5;8.6;1.3;3.7;3.45
sainsburys-basics-pork-sausages-1kg;Sainsbury's Large Pork Sausages, Basics 1kg;£1.50/unit;£1.50/kg;frozen-burgers-sausages;224;10.8;12.5;2.6;14.1;5.1;1.9;1.12
sainsburys-basics-pork-sausages-1kg;Sainsbury's Large Pork Sausages, Basics 1kg;£1.50/unit;£1.50/kg;frozen-pork;224;10.8;12.5;2.6;14.1;5.1;1.9;1.12
sainsburys-basics-toffee-swirl-cheesecake-460g;Sainsbury's Toffee Swirl Cheesecake, Basics 460g;£1.05/unit;£0.23/100g;frozen-cold-desserts;318;5.1;38.9;23.7;15.6;5.1;0.7;0.30
sainsburys-basil---pinenuts-margherite--taste-the-difference-250g;Sainsbury's Basil & Pine Nut Margherite, Taste the Difference 250g;£2.50/unit;£10.00/kg;fresh-pasta-sauces;184;8.7;19.4;2.3;7.4;2.3;2.3;1.26
sainsburys-basil-paste-75g;Sainsbury's Basil Paste 75g;£1.60/unit;£2.13/100g;mediterranean-ingredients;130;1.4;10.7;6.1;8.6;0.8;2.0;0.53
sainsburys-basted-turkey-breast-joint-800g;Sainsbury's Frozen Basted Turkey Breast Joint 800g;£7.00/unit;£8.75/kg;turkey-duck-game;155;28.1;0.5;0.5;4.5;1.5;0.5;0.48
sainsburys-battered-chunky-cod--taste-the-difference-x2-350g;Sainsbury's Battered Chunky Cod, Taste the Difference x2 350g;£3.30/unit;£9.43/kg;fishcakes-breaded-fish;206;14.1;14.4;0.5;10.1;1.3;0.5;0.74
sainsburys-battered-chunky-cod--taste-the-difference-x2-350g;Sainsbury's Battered Chunky Cod, Taste the Difference x2 350g;£3.30/unit;£9.43/kg;great-prices-on-meat---fish;206;14.1;14.4;0.5;10.1;1.3;0.5;0.74
sainsburys-battered-cod-fillets-x4-500g;Sainsbury's Battered Cod Fillets x4 500g;£2.75/unit;£5.50/kg;frozen-fish-seafood;209;12.7;14.0;0.6;11.2;0.8;0.8;0.68
sainsburys-battered-onion-rings-800g;Sainsbury's Battered Onion Rings 800g;£1.50/unit;£1.88/kg;frozen-vegetables;223;3.0;29.9;4.6;9.5;1.0;3.0;0.70
sainsburys-battered-sweet---sour-chicken-400g;Sainsbury's Crispy Sweet & Sour Chicken 400g;£3.30/unit;£8.25/kg;meals-for-1-ready-meals;169;9.9;24.2;15.8;3.2;0.3;1.6;0.58
sainsburys-battered-sweet---sour-chicken-400g;Sainsbury's Crispy Sweet & Sour Chicken 400g;£3.30/unit;£8.25/kg;oriental-ready-meals;169;9.9;24.2;15.8;3.2;0.3;1.6;0.58
sainsburys-bavarian-slices-180g;Sainsbury's Bavarian Slices 180g;£2.00/unit;£11.11/kg;sliced-grated-cheese;299;20.7;0.5;0.5;24.0;15.8;0.5;3.25
sainsburys-bbq-chicken-goujons-245g;Sainsbury's Breaded BBQ Chicken Goujons 245g;£2.00/unit;£8.16/kg;breaded-coated-chicken-turkey-pork;241;18.1;15.8;2.4;11.3;0.9;1.9;0.73
sainsburys-bbq-chicken-goujons-245g;Sainsbury's Breaded BBQ Chicken Goujons 245g;£2.00/unit;£8.16/kg;chicken;241;18.1;15.8;2.4;11.3;0.9;1.9;0.73
sainsburys-bbq-chicken-wings-380g;Sainsbury's BBQ Chicken Wings 380g;£3.50/unit;£9.21/kg;mexican-caribbean-american-ready-meals;199;17.5;7.4;5.1;10.8;2.3;1.1;0.41
sainsburys-bbq-chicken-wings-380g;Sainsbury's BBQ Chicken Wings 380g;£3.50/unit;£9.21/kg;party-food-128152-44;199;17.5;7.4;5.1;10.8;2.3;1.1;0.41
sainsburys-bbq-cooked-chicken-drumsticks-400g;Sainsbury's Cooked Chicken BBQ Drumsticks 400g;£3.20/unit;£0.80/100g;cooked-chicken-turkey;175;23.4;3.6;3.6;7.3;1.9;0.7;0.97
sainsburys-bbq-cooked-chicken-drumsticks-400g;Sainsbury's Cooked Chicken BBQ Drumsticks 400g;£3.20/unit;£0.80/100g;mfp-cooked-chicken-turkey;175;23.4;3.6;3.6;7.3;1.9;0.7;0.97
sainsburys-beacon-fell-creamy-lancashire--taste-the-difference-240g;Sainsbury's Beacon Fell Creamy Lancashire, Taste the Difference 240g;£2.50/unit;£10.42/kg;cheddar-british-regional-cheese;371;22.8;0.5;0.5;31.0;19.4;0.5;1.48
sainsburys-beacon-fell-creamy-lancashire--taste-the-difference-240g;Sainsbury's Beacon Fell Creamy Lancashire, Taste the Difference 240g;£2.50/unit;£10.42/kg;cheeseboard-delights;371;22.8;0.5;0.5;31.0;19.4;0.5;1.48
sainsburys-beacon-fell-creamy-lancashire--taste-the-difference-240g;Sainsbury's Beacon Fell Creamy Lancashire, Taste the Difference 240g;£2.50/unit;£10.42/kg;organic-taste-the-difference-cheese;371;22.8;0.5;0.5;31.0;19.4;0.5;1.48
sainsburys-beansprouts-400g;Sainsbury's Beansprouts 400g;£0.60/unit;£1.50/kg;asian-ingredients;63;1.8;0.7;0.6;5.7;0.9;1.0;0.03
sainsburys-beansprouts-400g;Sainsbury's Beansprouts 400g;£0.60/unit;£1.50/kg;fresh-vegetables-stir-fry;63;1.8;0.7;0.6;5.7;0.9;1.0;0.03
sainsburys-beansprouts-400g;Sainsbury's Beansprouts 400g;£0.60/unit;£1.50/kg;fresh-vegetables-world-exotic;63;1.8;0.7;0.6;5.7;0.9;1.0;0.03
sainsburys-beansprouts-400g;Sainsbury's Beansprouts 400g;£0.60/unit;£1.50/kg;prepared-stir-fry;63;1.8;0.7;0.6;5.7;0.9;1.0;0.03
sainsburys-beansprouts-400g;Sainsbury's Beansprouts 400g;£0.60/unit;£1.50/kg;prepared-vegetables;63;1.8;0.7;0.6;5.7;0.9;1.0;0.03
sainsburys-bearnaise-sauce-125g;Sainsbury's Bearnaise Sauce 125g;£1.50/unit;£1.20/100g;stock---gravy;259;1.6;4.3;0.9;26.0;17.6;0.5;0.75
sainsburys-beef---cracked-black-pepper-sausages--taste-the-difference-x6-350g;Sainsbury's Beef & Cracked Black Pepper Sausages, Taste the Difference x6 350g;£2.80/unit;£8.00/kg;burgers-bbq;218;21.1;6.1;2.1;12.1;5.2;3.2;1.28
sainsburys-beef---cracked-black-pepper-sausages--taste-the-difference-x6-350g;Sainsbury's Beef & Cracked Black Pepper Sausages, Taste the Difference x6 350g;£2.80/unit;£8.00/kg;sausages;218;21.1;6.1;2.1;12.1;5.2;3.2;1.28
sainsburys-beef---london-porter-ale-soup--taste-the-difference-600g;Sainsbury's Beef & London Porter Ale Soup, Taste the Difference 600g;£2.00/unit;£0.33/100g;fresh-soups;48;3.1;7.2;2.7;0.5;0.2;-1;0.35
sainsburys-beef---london-porter-ale-soup--taste-the-difference-600g;Sainsbury's Beef & London Porter Ale Soup, Taste the Difference 600g;£2.00/unit;£0.33/100g;lunchtime-snacks;48;3.1;7.2;2.7;0.5;0.2;-1;0.35
sainsburys-beef---pork-italian-style-meatballs--taste-the-difference-400g;Sainsbury's Beef & Pork Italian Style Meatballs, Taste the Difference 400g;£2.85/unit;£7.13/kg;beef;278;19.5;1.1;0.5;21.4;8.7;1.2;0.97
sainsburys-beef---pork-italian-style-meatballs--taste-the-difference-400g;Sainsbury's Beef & Pork Italian Style Meatballs, Taste the Difference 400g;£2.85/unit;£7.13/kg;great-prices-on-meat---fish;278;19.5;1.1;0.5;21.4;8.7;1.2;0.97
sainsburys-beef---tomato-burgers--taste-the-difference-340g-7620222-p-44;Sainsbury's Beef & Tomato Burgers, Taste the Difference  x2 340g;£2.50/unit;£7.36/kg;beef;220;21.7;5.0;1.6;12.5;5.1;0.6;0.93
sainsburys-beef---tomato-burgers--taste-the-difference-340g-7620222-p-44;Sainsbury's Beef & Tomato Burgers, Taste the Difference  x2 340g;£2.50/unit;£7.36/kg;burgers-bbq;220;21.7;5.0;1.6;12.5;5.1;0.6;0.93
sainsburys-beef---vegetable-pasties--basics-x4-600g;Sainsbury's Beef & Vegetable Pasties, Basics x4 600g;£1.55/unit;£0.26/100g;sausage-rolls-savouries;303;7.5;24.3;2.1;18.5;8.7;4.5;0.61
sainsburys-beef---vegetable-pasties--basics-x4-600g;Sainsbury's Beef & Vegetable Pasties, Basics x4 600g;£1.55/unit;£0.26/100g;slices-pasties;303;7.5;24.3;2.1;18.5;8.7;4.5;0.61
sainsburys-beef--red-pepper---chilli-meatballs--taste-the-difference-400g;Sainsbury's Beef, Red Pepper & Chilli Meatballs, Taste the Difference 400g;£2.85/unit;£7.13/kg;great-prices-on-meat---fish;183;21.6;4.2;2.5;8.6;3.5;1.0;0.97
sainsburys-beef-boneless-rib-roast-small-%28approx-107kg%29;Sainsbury's Beef Boneless Rib Roast Small (approx. 1.225kg);£15.00/kg;£15.00/kg;beef;296;28.9;0.5;0.5;20.0;8.4;0.5;0.20
sainsburys-beef-bourguignon--taste-the-difference-bistro-800g;Sainsbury's Bistro Beef Bourguignon, Taste the Difference Bistro 800g;£6.00/unit;£7.50/kg;mediterranean-other-cuisine-ready-meals;137;10.5;12.7;2.7;3.8;1.2;4.9;0.53
sainsburys-beef-bourguignon--taste-the-difference-bistro-800g;Sainsbury's Bistro Beef Bourguignon, Taste the Difference Bistro 800g;£6.00/unit;£7.50/kg;taste-the-difference-bistro-ready-meals;137;10.5;12.7;2.7;3.8;1.2;4.9;0.53
sainsburys-beef-braising-steak-450g;Sainsbury's Beef Braising Steak 450g;£3.80/unit;£8.44/kg;beef;169;32.2;1.2;0.5;3.9;1.4;0.5;0.20
sainsburys-beef-burgers--basics-x8-397g;Sainsbury's Beef Burgers, Basics x8 397g;£1.20/unit;£3.02/kg;frozen-beef;236;12.9;11.9;1.9;15.2;6.5;0.5;0.91
sainsburys-beef-burgers--basics-x8-397g;Sainsbury's Beef Burgers, Basics x8 397g;£1.20/unit;£3.02/kg;frozen-burgers-sausages;236;12.9;11.9;1.9;15.2;6.5;0.5;0.91
sainsburys-beef-burgers-with-caramalised-onion--taste-the-difference-x2-340g;Sainsbury's Beef Burgers With Caramelised Onion, Taste the Difference x2 340g;£2.50/unit;£7.36/kg;beef;216;20.2;7.8;4.7;11.5;4.9;0.5;0.95
sainsburys-beef-burgers-with-caramalised-onion--taste-the-difference-x2-340g;Sainsbury's Beef Burgers With Caramelised Onion, Taste the Difference x2 340g;£2.50/unit;£7.36/kg;burgers-bbq;216;20.2;7.8;4.7;11.5;4.9;0.5;0.95
sainsburys-beef-burgers-with-onion-x16-908g;Sainsbury's Beef Burgers With Onion x16 908g;£3.50/unit;£3.85/kg;frozen-beef;286;21.5;3.8;0.5;20.5;9.4;0.5;1.15
sainsburys-beef-burgers-with-onion-x16-908g;Sainsbury's Beef Burgers With Onion x16 908g;£3.50/unit;£3.85/kg;frozen-burgers-sausages;286;21.5;3.8;0.5;20.5;9.4;0.5;1.15
sainsburys-beef-burgers-with-onion-x8-454g;Sainsbury's Beef Burgers With Onion x8 454g;£2.00/unit;£4.41/kg;frozen-beef;286;21.5;3.8;0.5;20.5;9.4;0.5;1.15
sainsburys-beef-burgers-with-onion-x8-454g;Sainsbury's Beef Burgers With Onion x8 454g;£2.00/unit;£4.41/kg;frozen-burgers-sausages;286;21.5;3.8;0.5;20.5;9.4;0.5;1.15
sainsburys-beef-burgers-with-west-country-cheddar--taste-the-difference-x2-340g;Sainsbury's Beef Burgers With West Country Cheddar, Taste the Difference x2 340g;£2.50/unit;£7.36/kg;beef;237;23.7;2.6;0.5;14.5;6.9;0.5;1.02
sainsburys-beef-burgers-with-west-country-cheddar--taste-the-difference-x2-340g;Sainsbury's Beef Burgers With West Country Cheddar, Taste the Difference x2 340g;£2.50/unit;£7.36/kg;burgers-bbq;237;23.7;2.6;0.5;14.5;6.9;0.5;1.02
sainsburys-beef-burrito-400g;Sainsbury's Beef Burrito 400g;£3.00/unit;£7.50/kg;meals-for-1-ready-meals;196;7.5;23.9;2.9;7.2;2.6;2.9;0.57
sainsburys-beef-burrito-400g;Sainsbury's Beef Burrito 400g;£3.00/unit;£7.50/kg;mexican-caribbean-american-ready-meals;196;7.5;23.9;2.9;7.2;2.6;2.9;0.57
sainsburys-beef-cannelloni-430g;Sainsbury's Beef Cannelloni 430g;£2.30/unit;£5.35/kg;italian-ready-meals;137;7.3;8.7;4.8;7.2;3.2;4.3;0.60
sainsburys-beef-cannelloni-430g;Sainsbury's Beef Cannelloni 430g;£2.30/unit;£5.35/kg;meals-for-1-ready-meals;137;7.3;8.7;4.8;7.2;3.2;4.3;0.60
sainsburys-beef-chilli---rice-450g;Sainsbury's Beef Chilli & Rice 450g;£3.00/unit;£6.67/kg;mexican-caribbean-american-ready-meals;146;7.3;16.9;2.9;4.9;1.9;2.8;0.13
sainsburys-beef-chilli-taco-bowl-400g;Sainsbury's Beef Chilli Taco Bowl 400g;£3.00/unit;£7.50/kg;mexican-caribbean-american-ready-meals;191;8.2;19.6;3.4;8.2;3.0;3.1;0.45
sainsburys-beef-curry--basics-400g;Sainsbury's Beef Curry, Basics 400g;£1.00/unit;£2.50/kg;frozen-ready-meals;130;5.0;20.0;1.4;2.9;1.4;2.1;0.59
sainsburys-beef-fillet-steak-%28approx-1kg%29;Sainsbury's Beef Fillet Steak x2 (approx. 300g / 10.5oz);£30.00/kg;£30.00/kg;beef;159;25.1;0.5;0.5;6.5;3.0;0.5;0.18
sainsburys-beef-fillet-steak--so-organic-%28approx-300g%29;Sainsbury's Beef Fillet Steak, SO Organic (approx. 200g / 7oz);£34.50/kg;£34.50/kg;beef;171;27.2;0.5;0.5;6.7;3.1;0.5;0.20
sainsburys-beef-fillet-steak-x-2-%28approx%29;Sainsbury's Beef Fillet Steak, Taste the Difference x 2 (approx. 340g / 12oz);£34.50/kg;£34.50/kg;beef;234;26.4;0.5;0.5;14.3;8.2;-1;0.25
sainsburys-beef-frying-steak--basics-700g;Sainsbury's Beef Frying Steak, Basics 700g;£4.50/unit;£6.43/kg;beef;192;28.5;0.7;0.5;8.3;3.2;0.5;0.20
sainsburys-beef-gravy--taste-the-difference-450g;Sainsbury's Beef Gravy, Taste the Difference 450g;£3.00/unit;£0.67/100g;beef;89;4.2;7.0;2.5;4.8;1.9;0.5;0.75
sainsburys-beef-gravy--taste-the-difference-450g;Sainsbury's Beef Gravy, Taste the Difference 450g;£3.00/unit;£0.67/100g;stock---gravy;89;4.2;7.0;2.5;4.8;1.9;0.5;0.75
sainsburys-beef-gravy-300g;Sainsbury's Beef Gravy 300g;£1.50/unit;£0.50/100g;beef;41;3.1;4.4;0.7;1.1;0.5;0.5;0.75
sainsburys-beef-gravy-300g;Sainsbury's Beef Gravy 300g;£1.50/unit;£0.50/100g;stock---gravy;41;3.1;4.4;0.7;1.1;0.5;0.5;0.75
sainsburys-beef-grills-x4-340g;Sainsbury's Beef Grills x4 340g;£2.00/unit;£5.88/kg;frozen-beef;316;29.9;1.7;0.5;20.9;9.9;0.5;1.33
sainsburys-beef-in-black-bean---rice-450g;Sainsbury's Beef In Black Bean & Rice 450g;£3.00/unit;£6.67/kg;lunchtime-snacks;130;6.7;13.8;1.6;4.7;0.6;3.0;0.68
sainsburys-beef-in-black-bean---rice-450g;Sainsbury's Beef In Black Bean & Rice 450g;£3.00/unit;£6.67/kg;meals-for-1-ready-meals;130;6.7;13.8;1.6;4.7;0.6;3.0;0.68
sainsburys-beef-in-black-bean---rice-450g;Sainsbury's Beef In Black Bean & Rice 450g;£3.00/unit;£6.67/kg;oriental-ready-meals;130;6.7;13.8;1.6;4.7;0.6;3.0;0.68
sainsburys-beef-in-gravy--basics-210g;Sainsbury's Beef In Gravy, Basics 210g;£1.00/unit;£4.76/kg;frozen-ready-meals;77;10.9;6.5;1.5;0.7;0.4;0.5;1.30
sainsburys-beef-lasagne--basics-400g;Sainsbury's Beef Lasagne, Basics 400g;£1.00/unit;£2.50/kg;frozen-ready-meals;121;6.5;13.8;3.2;4.1;2.1;1.3;0.49
sainsburys-beef-lasagne--be-good-to-yourself-390g-7571422-p-44;Sainsbury's Beef Lasagne, Be Good To Yourself 390g;£1.20/unit;£3.08/kg;frozen-healthier-meals;96;6.0;14.1;2.1;1.6;0.8;0.7;0.50
sainsburys-beef-lasagne--be-good-to-yourself-390g-7571422-p-44;Sainsbury's Beef Lasagne, Be Good To Yourself 390g;£1.20/unit;£3.08/kg;frozen-ready-meals;96;6.0;14.1;2.1;1.6;0.8;0.7;0.50
sainsburys-beef-lasagne--be-good-to-yourself-390g;Sainsbury's Beef Lasagne, Be Good To Yourself 390g;£2.40/unit;£6.15/kg;healthier-choice-ready-meals;104;7.5;11.8;3.0;2.6;1.3;2.1;0.45
sainsburys-beef-lasagne--be-good-to-yourself-390g;Sainsbury's Beef Lasagne, Be Good To Yourself 390g;£2.40/unit;£6.15/kg;italian-ready-meals;104;7.5;11.8;3.0;2.6;1.3;2.1;0.45
sainsburys-beef-lasagne--be-good-to-yourself-390g;Sainsbury's Beef Lasagne, Be Good To Yourself 390g;£2.40/unit;£6.15/kg;meals-for-1-ready-meals;104;7.5;11.8;3.0;2.6;1.3;2.1;0.45
sainsburys-beef-lasagne-400g-7571591-p-44;Sainsbury's Beef Lasagne 400g;£1.50/unit;£3.75/kg;frozen-ready-meals;122;6.4;12.6;2.7;4.8;2.4;1.2;0.46
sainsburys-beef-lasagne-430g;Sainsbury's Beef Lasagne 430g;£2.30/unit;£5.35/kg;italian-ready-meals;162;8.7;10.6;3.2;9.0;4.4;1.9;0.53
sainsburys-beef-lasagne-430g;Sainsbury's Beef Lasagne 430g;£2.30/unit;£5.35/kg;meals-for-1-ready-meals;162;8.7;10.6;3.2;9.0;4.4;1.9;0.53
sainsburys-beef-lasagne-800g;Sainsbury's Beef Lasagne 800g;£4.00/unit;£5.00/kg;italian-ready-meals;151;7.8;7.4;4.2;8.4;3.9;7.8;0.50
sainsburys-beef-meatballs--taste-the-difference-400g;Sainsbury's Beef Meatballs, Taste the Difference 400g;£3.35/unit;£8.38/kg;beef;208;16.7;1.5;0.5;15.0;7.2;0.5;0.93
sainsburys-beef-meatballs--taste-the-difference-400g;Sainsbury's Beef Meatballs, Taste the Difference 400g;£3.35/unit;£8.38/kg;great-prices-on-meat---fish;208;16.7;1.5;0.5;15.0;7.2;0.5;0.93
sainsburys-beef-meatballs-500g;Sainsbury's Beef Meatballs 500g;£2.50/unit;£5.00/kg;frozen-beef;247;21.5;3.6;0.5;16.3;7.4;0.5;0.75
sainsburys-beef-mince-15kg;Sainsbury's Beef Mince 20% Fat 1.5kg;£6.95/unit;£4.63/kg;frozen-beef;278;24.0;0.5;0.5;20.0;9.5;0.5;0.27
sainsburys-beef-oxtail-cw;Sainsbury's Beef Oxtail (approx. 605g);£6.00/kg;£6.00/kg;beef;363;23.3;0.5;0.5;29.7;10.1;0.5;0.28
sainsburys-beef-paste-75g;Sainsbury's Beef Paste 75g;£0.45/unit;£0.60/100g;savoury-pastes;207;15.3;1.3;0.2;14.9;5.7;3.1;0.83
sainsburys-beef-quarter-pounders-x4-454g;Sainsbury's Beef Quarter Pounders x4 454g;£2.00/unit;£4.41/kg;frozen-beef;269;21.1;2.4;0.5;19.5;8.5;0.5;1.08
sainsburys-beef-quarter-pounders-x4-454g;Sainsbury's Beef Quarter Pounders x4 454g;£2.00/unit;£4.41/kg;frozen-burgers-sausages;269;21.1;2.4;0.5;19.5;8.5;0.5;1.08
sainsburys-beef-rib-eye-steak--so-organic-%28approx-350g%29;Sainsbury's Beef Rib Eye Steak, SO Organic (approx. 260g / 9oz);£23.00/kg;£23.00/kg;beef;261;23.4;0.5;0.5;18.5;9.6;0.5;0.25
sainsburys-beef-rump-steak-large-%28approx-540g---19oz%29-79907-p-44;Sainsbury's Beef Rump Steak Large (approx. 540g / 19oz);£8.00/kg;£8.00/kg;great-prices-on-meat---fish;196;22.1;0.5;0.5;11.9;5.0;0.5;0.18
sainsburys-beef-steaks-with-peppercorn-324g;Sainsbury's Just Cook Beef Steaks With Peppercorn Sauce x2 324g;£3.50/unit;£10.80/kg;beef;157;21.1;1.4;0.5;7.4;3.4;0.5;0.26
sainsburys-beef-steaks-with-peppercorn-324g;Sainsbury's Just Cook Beef Steaks With Peppercorn Sauce x2 324g;£3.50/unit;£10.80/kg;great-prices-on-meat---fish;157;21.1;1.4;0.5;7.4;3.4;0.5;0.26
sainsburys-beef-steaks-with-peppercorn-324g;Sainsbury's Just Cook Beef Steaks With Peppercorn Sauce x2 324g;£3.50/unit;£10.80/kg;just-cook;157;21.1;1.4;0.5;7.4;3.4;0.5;0.26
sainsburys-beef-steaks-with-smoked-garlic-butter-324g;Sainsbury's Just Cook Beef Steaks With Smoked Garlic Butter 324g;£3.50/unit;£10.80/kg;beef;169;24.4;0.6;0.5;7.6;4.3;0.5;0.26
sainsburys-beef-steaks-with-smoked-garlic-butter-324g;Sainsbury's Just Cook Beef Steaks With Smoked Garlic Butter 324g;£3.50/unit;£10.80/kg;great-prices-on-meat---fish;169;24.4;0.6;0.5;7.6;4.3;0.5;0.26
sainsburys-beef-steaks-with-smoked-garlic-butter-324g;Sainsbury's Just Cook Beef Steaks With Smoked Garlic Butter 324g;£3.50/unit;£10.80/kg;just-cook;169;24.4;0.6;0.5;7.6;4.3;0.5;0.26
sainsburys-beef-stew-450g;Sainsbury's Beef Stew 450g;£2.30/unit;£5.11/kg;british-ready-meals;154;8.0;13.3;2.2;6.1;3.4;6.5;0.72
sainsburys-beef-stew-450g;Sainsbury's Beef Stew 450g;£2.30/unit;£5.11/kg;meals-for-1-ready-meals;154;8.0;13.3;2.2;6.1;3.4;6.5;0.72
sainsburys-beef-stew-dinner-400g;Sainsbury's Beef Stew Dinner 400g;£1.75/unit;£4.38/kg;frozen-ready-meals;93;6.0;10.6;2.3;2.5;1.1;2.1;0.61
sainsburys-beef-stock-450g;Sainsbury's Beef Stock 450g;£2.00/unit;£0.44/100g;stock---gravy;24;5.1;0.5;0.5;0.5;0.1;0.5;0.25
sainsburys-beef-stroganoff---herb-rice--taste-the-difference-450g;Sainsbury's Beef Stroganoff & Herb Rice, Taste the Difference 450g;£3.30/unit;£7.33/kg;meals-for-1-ready-meals;148;8.0;18.2;2.0;4.1;2.0;2.9;0.38
sainsburys-beef-stroganoff---herb-rice--taste-the-difference-450g;Sainsbury's Beef Stroganoff & Herb Rice, Taste the Difference 450g;£3.30/unit;£7.33/kg;mediterranean-other-cuisine-ready-meals;148;8.0;18.2;2.0;4.1;2.0;2.9;0.38
sainsburys-beef-stroganoff---herb-rice--taste-the-difference-450g;Sainsbury's Beef Stroganoff & Herb Rice, Taste the Difference 450g;£3.30/unit;£7.33/kg;taste-the-difference-bistro-ready-meals;148;8.0;18.2;2.0;4.1;2.0;2.9;0.38
sainsburys-beef-sweetflame-chilli-burger--taste-the-difference-340g;Sainsbury's Beef Sweetflame Chilli Burger, Taste the Difference x2 340g;£2.50/unit;£7.36/kg;burgers-bbq;183;21.6;4.2;2.5;8.6;3.5;1.0;0.98
sainsburys-beef-tomato;Sainsbury's Beef Tomato (each);£0.80/unit;£4.00/kg;fresh-salad-tomatoes;20;0.7;3.1;3.1;0.5;0.1;1.0;0.02
sainsburys-beef-tomato;Sainsbury's Beef Tomato (each);£0.80/unit;£4.00/kg;fresh-vegetables-tomatoes;20;0.7;3.1;3.1;0.5;0.1;1.0;0.02
sainsburys-beer-battered-onion-rings--taste-the-difference-290g;Sainsbury's Beer Battered Onion Rings, Taste the Difference 290g;£1.60/unit;£5.52/kg;frozen-vegetables;233;3.6;27.4;3.8;11.4;1.3;3.1;0.63
sainsburys-beetroot---green-chilli-samosa--taste-the-difference-210g;Sainsbury's Beetroot & Green Chilli Samosa, Taste the Difference 210g;£2.00/unit;£9.52/kg;indian-ready-meals;197;2.3;3.6;1.6;19.0;1.3;1.2;0.30
sainsburys-beetroot---green-chilli-samosa--taste-the-difference-210g;Sainsbury's Beetroot & Green Chilli Samosa, Taste the Difference 210g;£2.00/unit;£9.52/kg;taste-the-difference-bistro-ready-meals;197;2.3;3.6;1.6;19.0;1.3;1.2;0.30
sainsburys-beetroot---sesame-dip-180g;Sainsbury's Beetroot & Sesame Dip 180g;£1.40/unit;£0.78/100g;fresh-dips-houmous;145;4.2;11.8;4.4;8.3;1.7;3.1;1.20
sainsburys-beetroot-in-vinegar-300g;Sainsbury's Beetroot In Vinegar 300g;£0.75/unit;£0.25/100g;dressings-coleslaw-accompaniments;40;1.1;7.3;6.4;0.5;0.1;2.2;0.20
sainsburys-beetroot-in-vinegar-300g;Sainsbury's Beetroot In Vinegar 300g;£0.75/unit;£0.25/100g;new-in-season;40;1.1;7.3;6.4;0.5;0.1;2.2;0.20
sainsburys-beetroot-in-vinegar-300g;Sainsbury's Beetroot In Vinegar 300g;£0.75/unit;£0.25/100g;peppers-salad-vegetables;40;1.1;7.3;6.4;0.5;0.1;2.2;0.20
sainsburys-beetroot-in-vinegar-300g;Sainsbury's Beetroot In Vinegar 300g;£0.75/unit;£0.25/100g;spring-onions-radish-beetroot;40;1.1;7.3;6.4;0.5;0.1;2.2;0.20
sainsburys-beetroot-salad-250g;Sainsbury's Beetroot Salad 250g;£1.00/unit;£0.40/100g;coleslaw--olives--salads---dips-30658-44;54;0.8;9.1;8.0;1.1;0.1;2.1;0.13
sainsburys-beetroot-salad-250g;Sainsbury's Beetroot Salad 250g;£1.00/unit;£0.40/100g;coleslaw-salads;54;0.8;9.1;8.0;1.1;0.1;2.1;0.13
sainsburys-beetroot-salad-250g;Sainsbury's Beetroot Salad 250g;£1.00/unit;£0.40/100g;dressings-coleslaw-accompaniments;54;0.8;9.1;8.0;1.1;0.1;2.1;0.13
sainsburys-beetroot-salad-250g;Sainsbury's Beetroot Salad 250g;£1.00/unit;£0.40/100g;fresh-salad-prepared-ready-to-eat;54;0.8;9.1;8.0;1.1;0.1;2.1;0.13
sainsburys-beetroot-salad-250g;Sainsbury's Beetroot Salad 250g;£1.00/unit;£0.40/100g;lunchtime-snacks;54;0.8;9.1;8.0;1.1;0.1;2.1;0.13
sainsburys-beetroot-salad-250g;Sainsbury's Beetroot Salad 250g;£1.00/unit;£0.40/100g;prepared-salad-herbs;54;0.8;9.1;8.0;1.1;0.1;2.1;0.13
sainsburys-beetroot-vacuum-pack--so-organic-250g;Sainsbury's Beetroot Vacuum Pack, SO Organic 250g;£1.00/unit;£0.40/100g;dressings-coleslaw-accompaniments;42;0.9;8.2;7.7;0.5;0.1;1.9;0.12
sainsburys-beetroot-vacuum-pack--so-organic-250g;Sainsbury's Beetroot Vacuum Pack, SO Organic 250g;£1.00/unit;£0.40/100g;fruit-vegetables-organic-taste-the-difference;42;0.9;8.2;7.7;0.5;0.1;1.9;0.12
sainsburys-beetroot-vacuum-pack--so-organic-250g;Sainsbury's Beetroot Vacuum Pack, SO Organic 250g;£1.00/unit;£0.40/100g;new-in-season;42;0.9;8.2;7.7;0.5;0.1;1.9;0.12
sainsburys-beetroot-vacuum-pack--so-organic-250g;Sainsbury's Beetroot Vacuum Pack, SO Organic 250g;£1.00/unit;£0.40/100g;peppers-salad-vegetables;42;0.9;8.2;7.7;0.5;0.1;1.9;0.12
sainsburys-beetroot-vacuum-pack--so-organic-250g;Sainsbury's Beetroot Vacuum Pack, SO Organic 250g;£1.00/unit;£0.40/100g;spring-onions-radish-beetroot;42;0.9;8.2;7.7;0.5;0.1;1.9;0.12
sainsburys-beetroot-vacuum-pack-250g;Sainsbury's Beetroot Vacuum Pack 250g;£0.80/unit;£0.32/100g;dressings-coleslaw-accompaniments;42;1.4;7.2;7.1;0.3;0.2;2.2;0.18
sainsburys-beetroot-vacuum-pack-250g;Sainsbury's Beetroot Vacuum Pack 250g;£0.80/unit;£0.32/100g;new-in-season;42;1.4;7.2;7.1;0.3;0.2;2.2;0.18
sainsburys-beetroot-vacuum-pack-250g;Sainsbury's Beetroot Vacuum Pack 250g;£0.80/unit;£0.32/100g;peppers-salad-vegetables;42;1.4;7.2;7.1;0.3;0.2;2.2;0.18
sainsburys-beetroot-vacuum-pack-250g;Sainsbury's Beetroot Vacuum Pack 250g;£0.80/unit;£0.32/100g;spring-onions-radish-beetroot;42;1.4;7.2;7.1;0.3;0.2;2.2;0.18
sainsburys-belgian-choc-billionaire-slice--taste-the-difference-60g;Sainsbury's Belgian Choc Billionaire Slice, Taste the Difference 60g;£0.80/unit;£1.33/100g;flapjacks-traybakes-bites;2164518;3.7;60;41;29;17;1.9;0.40
sainsburys-belgian-chocolate-choux-buns-2x83g;Sainsbury's Belgian Chocolate Choux Buns 2x83g;£1.20/unit;£0.72/100g;desserts;379;7.0;26.2;14.8;27.0;12.0;1.9;0.19
sainsburys-belgian-chocolate-cupcakes--taste-the-difference-x2;Sainsbury's Belgian Chocolate Cupcakes, Taste the Difference x2;£2.00/unit;£0.94/100g;muffins-small-cakes;486;3.7;54.5;44.2;27.6;14.4;2.3;0.27
sainsburys-belgian-chocolate-eclairs-2x55g;Sainsbury's Belgian Chocolate Eclairs 2x55g;£1.20/unit;£1.09/100g;desserts;386;6.5;30.7;21.4;26.0;11.8;1.5;0.16
sainsburys-belgian-chocolate-flavoured-milk-330ml;Sainsbury's Belgian Double Chocolate Milkshake 330ml;£0.80/unit;£2.42/ltr;drinks-fresh-milk;110;4.3;13.1;12.2;4.3;2.7;0.8;0.13
sainsburys-belgian-chocolate-flavoured-milk-330ml;Sainsbury's Belgian Double Chocolate Milkshake 330ml;£0.80/unit;£2.42/ltr;flavoured-milk-92153-44;110;4.3;13.1;12.2;4.3;2.7;0.8;0.13
sainsburys-belgian-chocolate-flavoured-milk-330ml;Sainsbury's Belgian Double Chocolate Milkshake 330ml;£0.80/unit;£2.42/ltr;flavoured-milk;110;4.3;13.1;12.2;4.3;2.7;0.8;0.13
sainsburys-belgian-chocolate-fudge-cake--taste-the-difference-5;Sainsbury's Belgian Chocolate Fudge Cake, Taste the Difference 5'';£2.65/unit;£0.67/100g;sponge-slab-loaf-cakes;428;4.4;52.5;29.2;21.7;6.9;2.5;0.58
sainsburys-belgian-chocolate-mini-loaf-cakes-x2;Sainsbury's Belgian Chocolate Mini Loaf Cakes x2;£1.80/unit;£0.90/ea;muffins-small-cakes;454;4.6;47.8;33.8;26.9;8.1;1.2;0.22
sainsburys-belgian-dark-chocolate-assortment--taste-the-difference-200g;Sainsbury's Belgian Dark Chocolate Assortment, Taste the Difference 200g;£5.00/unit;£2.50/100g;chocolate;526;5.2;61.3;45.5;27.6;17.3;6.0;
sainsburys-belgian-dark-orange-chocolate--taste-the-difference-100g;Sainsbury's Belgian Dark Orange Chocolate, Taste the Difference 100g;£1.40/unit;£1.40/100g;chocolate;562;6.3;34.8;31.3;42.2;26.6;9.0;0.01
sainsburys-belgian-fairtrade-dark-chocolate--taste-the-difference-40g;Sainsbury's Belgian Fairtrade Dark Chocolate, Taste the Difference 40g;£0.50/unit;£1.25/100g;chocolate;592;7.0;29.3;25.3;47.4;29.8;10.1;
sainsburys-belgian-fairtrade-milk-chocolate--taste-the-difference-100g;Sainsbury's Belgian Fairtrade Milk Chocolate, Taste the Difference 100g;£1.40/unit;£1.40/100g;chocolate;552;9.6;48.3;47.1;35.2;22.3;2.0;0.28
sainsburys-belgian-fruit---nut-dark-chocolate-200g;Sainsbury's Belgian Fruit & Nut Dark Chocolate 200g;£1.35/unit;£0.68/100g;chocolate;2118508;7.0;47.6;44.5;30.4;16.4;8.1;0.02
sainsburys-belgian-fruit---nut-milk-chocolate-200g;Sainsbury's Belgian Fruit & Nut Milk Chocolate 200g;£1.35/unit;£0.68/100g;chocolate;2150515;9.0;51.4;50.3;29.5;16.0;3.9;0.15
sainsburys-belgian-milk-chocolate-with-biscuit--taste-the-difference-100g;Sainsbury's Belgian Milk Chocolate with Biscuit, Taste the Difference 100g;£1.40/unit;£1.40/100g;chocolate;548;9.3;50.0;46.5;34.1;21.4;2.0;0.33
sainsburys-belgian-waffles--taste-the-difference-x7-175g;Sainsbury's Belgian Waffles, Taste the Difference x7 175g;£2.00/unit;£0.29/ea;croissants-brioche-pastries;497;6.0;52.7;32.0;29.1;18.2;1.5;0.76
sainsburys-belgian-waffles--taste-the-difference-x7-175g;Sainsbury's Belgian Waffles, Taste the Difference x7 175g;£2.00/unit;£0.29/ea;crumpets-breakfast-muffins-pancakes;497;6.0;52.7;32.0;29.1;18.2;1.5;0.76
sainsburys-belgian-white-chocolate--taste-the-difference-100g;Sainsbury's Belgian White Chocolate, Taste the Difference 100g;£1.40/unit;£1.40/100g;chocolate;559;8.2;54.6;54.1;34.2;21.6;0.5;0.26
sainsburys-belgian-wholenut-milk-chocolate-200g;Sainsbury's Belgian Wholenut Milk Chocolate 200g;£1.35/unit;£0.68/100g;chocolate;2341562;9.0;45.8;44.9;37.2;18.0;4.1;0.15
sainsburys-bellaverde-broccoli--taste-the-difference-200g;Sainsbury's Bellaverde Broccoli, Taste the Difference 200g;£2.00/unit;£10.00/kg;broccoli-cauliflower-cabbage-greens;40;4.3;3.1;1.8;0.6;0.2;2.5;0.02
sainsburys-bellaverde-broccoli--taste-the-difference-200g;Sainsbury's Bellaverde Broccoli, Taste the Difference 200g;£2.00/unit;£10.00/kg;fruit-vegetables-organic-taste-the-difference;40;4.3;3.1;1.8;0.6;0.2;2.5;0.02
sainsburys-berry-meringue-roulade--taste-the-difference-450g;Sainsbury's Berry Meringue Roulade, Taste the Difference 450g;£4.00/unit;£0.89/100g;frozen-cold-desserts;293;2.6;49.2;43.1;9.3;5.9;1.1;0.10
sainsburys-best-of-british-apples-minimum-x4;Sainsbury's Best Of British Apples x4 (minimum);£2.00/unit;£2.00/ea;apples-pears-rhubarb;47;0.5;11.8;11.8;0.5;0.1;1.8;0.5
sainsburys-best-of-british-tomatoes-250g;Sainsbury's Best Of British Tomatoes 250g;£1.75/unit;£7.00/kg;fresh-salad-tomatoes;1;1;1;3;1;1;0;1
sainsburys-bistro-chicken--brie---bacon--taste-the-difference-800g;Sainsbury's Bistro Chicken with White Wine Cream Sauce, Taste the Difference 800g;£6.00/unit;£7.50/kg;british-ready-meals;119;12.2;4.9;1.1;5.3;2.7;1.1;0.43
sainsburys-bistro-chicken--brie---bacon--taste-the-difference-800g;Sainsbury's Bistro Chicken with White Wine Cream Sauce, Taste the Difference 800g;£6.00/unit;£7.50/kg;taste-the-difference-bistro-ready-meals;119;12.2;4.9;1.1;5.3;2.7;1.1;0.43
sainsburys-bistro-chicken-with-a-red-wine--madeira---mushroom-sauce--taste-the-difference-800g;Sainsbury's Bistro Chicken with Red Wine Sauce, Taste the Difference 800g;£6.00/unit;£7.50/kg;mediterranean-other-cuisine-ready-meals;101;9.5;6.1;1.9;4.0;1.0;1.4;0.25
sainsburys-bistro-chicken-with-a-red-wine--madeira---mushroom-sauce--taste-the-difference-800g;Sainsbury's Bistro Chicken with Red Wine Sauce, Taste the Difference 800g;£6.00/unit;£7.50/kg;taste-the-difference-bistro-ready-meals;101;9.5;6.1;1.9;4.0;1.0;1.4;0.25
sainsburys-bistro-chocolate-souffle--taste-the-difference-2x110g;Sainsbury's Bistro Chocolate Souffle, Taste the Difference 2x110g;£3.50/unit;£1.59/100g;desserts;350;3.4;19.6;15.2;28.3;17.2;1.9;
sainsburys-bistro-cod---chorizo--taste-the-difference-800g;Sainsbury's Bistro Cod & Chorizo Potato Bravas, Taste the Difference 800g;£6.00/unit;£7.50/kg;mediterranean-other-cuisine-ready-meals;123;6.5;12.7;2.9;4.8;1.0;1.6;0.61
sainsburys-bistro-cod---chorizo--taste-the-difference-800g;Sainsbury's Bistro Cod & Chorizo Potato Bravas, Taste the Difference 800g;£6.00/unit;£7.50/kg;taste-the-difference-bistro-ready-meals;123;6.5;12.7;2.9;4.8;1.0;1.6;0.61
sainsburys-bistro-creamy-ham-hock---chicken-pie--taste-the-difference-600g;Sainsbury's Bistro Creamy Ham Hock & Chicken Pie, Taste the Difference 600g;£6.00/unit;£10.00/kg;british-ready-meals;135;9.3;5.1;2.9;7.6;3.9;4.4;0.38
sainsburys-bistro-creamy-ham-hock---chicken-pie--taste-the-difference-600g;Sainsbury's Bistro Creamy Ham Hock & Chicken Pie, Taste the Difference 600g;£6.00/unit;£10.00/kg;taste-the-difference-bistro-ready-meals;135;9.3;5.1;2.9;7.6;3.9;4.4;0.38
sainsburys-bistro-italian-garlic-chilli-prawn--taste-the-difference-800g;Sainsbury's Bistro Italian Garlic Chilli Prawn, Taste the Difference 800g;£6.00/unit;£7.50/kg;italian-ready-meals;129;6.5;13.3;2.7;5.1;0.7;1.6;0.73
sainsburys-bistro-italian-garlic-chilli-prawn--taste-the-difference-800g;Sainsbury's Bistro Italian Garlic Chilli Prawn, Taste the Difference 800g;£6.00/unit;£7.50/kg;taste-the-difference-bistro-ready-meals;129;6.5;13.3;2.7;5.1;0.7;1.6;0.73
sainsburys-bistro-lemon-possets-2--taste-the-difference-x90g;Sainsbury's Bistro Lemon Possets, Taste the Difference 2x90g;£3.50/unit;£1.94/100g;desserts;400;1.2;24.1;21.8;33.1;20.0;0.5;
sainsburys-bistro-melting-middle-chocolate-pudding--taste-the-difference-2x155g;Sainsbury's Bistro Melting Middle Chocolate Pudding, Taste the Difference 2x155g;£3.50/unit;£1.13/100g;desserts;376;4.0;38;23;22;14;3.1;0.34
sainsburys-bistro-mushroom---spinach-risotto--taste-the-difference-800g;Sainsbury's Bistro Mushroom & Spinach Risotto, Taste the Difference 800g;£6.00/unit;£7.50/kg;italian-ready-meals;136;3.5;15.7;1.5;6.3;3.2;1.4;0.45
sainsburys-bistro-mushroom---spinach-risotto--taste-the-difference-800g;Sainsbury's Bistro Mushroom & Spinach Risotto, Taste the Difference 800g;£6.00/unit;£7.50/kg;taste-the-difference-bistro-ready-meals;136;3.5;15.7;1.5;6.3;3.2;1.4;0.45
sainsburys-bistro-navarin-of-lamb--taste-the-difference-800g;Sainsbury's Bistro Navarin Of Lamb, Taste the Difference 800g;£6.00/unit;£7.50/kg;mediterranean-other-cuisine-ready-meals;76;7.2;3.9;2.3;2.6;1.2;3.6;0.43
sainsburys-bistro-navarin-of-lamb--taste-the-difference-800g;Sainsbury's Bistro Navarin Of Lamb, Taste the Difference 800g;£6.00/unit;£7.50/kg;taste-the-difference-bistro-ready-meals;76;7.2;3.9;2.3;2.6;1.2;3.6;0.43
sainsburys-bistro-orchard-fruit-tarts--taste-the-difference-2x100g;Sainsbury's Bistro Orchard Fruit Tarts, Taste the Difference 2x100g;£3.50/unit;£1.75/100g;desserts;332;5.0;40;24;16;7.8;2.5;0.08
sainsburys-bistro-raspberry-souffle--taste-the-difference-2x110g;Sainsbury's Bistro Raspberry Souffle, Taste the Difference 2x110g;£3.50/unit;£1.59/100g;desserts;215;1.7;17.5;11.9;14.8;9.1;2.4;0.07
sainsburys-bistro-salad-120g;Sainsbury's Bistro Salad 120g;£1.50/unit;£1.25/100g;fresh-salad-prepared-ready-to-eat;21;1.9;2.0;1.5;0.5;0.1;2.0;0.10
sainsburys-bistro-salad-120g;Sainsbury's Bistro Salad 120g;£1.50/unit;£1.25/100g;prepared-salad-herbs;21;1.9;2.0;1.5;0.5;0.1;2.0;0.10
sainsburys-bitter--basics-4x440ml;Sainsbury's Bitter, Basics 4x440ml;£1.05/unit;£0.60/ltr;ale-stout;17;0.5;1.0;0.5;0.5;0.1;0.5;0.01
sainsburys-bitter-lemon--diet-1l;Sainsbury's Bitter Lemon, Diet 1L;£0.50/unit;£0.05/100ml;mixers-12333-44;2;0.5;0.5;0.5;0.5;0.1;0.5;0.04
sainsburys-bitter-lemon--diet-1l;Sainsbury's Bitter Lemon, Diet 1L;£0.50/unit;£0.05/100ml;mixers;2;0.5;0.5;0.5;0.5;0.1;0.5;0.04
sainsburys-bitter-lemon-1l;Sainsbury's Bitter Lemon 1L;£0.50/unit;£0.05/100ml;mixers-12333-44;44;0.5;10.5;10.4;0.5;0.1;0.5;0.04
sainsburys-bitter-lemon-1l;Sainsbury's Bitter Lemon 1L;£0.50/unit;£0.05/100ml;mixers;44;0.5;10.5;10.4;0.5;0.1;0.5;0.04
sainsburys-bitter-st-clements-presse-750ml;Sainsbury's Bitter St Clements Presse 750ml;£1.70/unit;£0.23/100ml;adult-soft-drinks;9;0.5;1.6;1.3;0.5;0.1;0.5;0.01
sainsburys-black-country-ham--taste-the-difference-120g;Sainsbury's Black Country Ham, Taste the Difference 120g;£3.00/unit;£2.50/100g;cooked-meats-taste-the-difference;176;24.5;1.2;1.2;8.1;2.6;0.5;1.61
sainsburys-black-country-ham--taste-the-difference-120g;Sainsbury's Black Country Ham, Taste the Difference 120g;£3.00/unit;£2.50/100g;ham-82654-44;176;24.5;1.2;1.2;8.1;2.6;0.5;1.61
sainsburys-black-country-ham--taste-the-difference-120g;Sainsbury's Black Country Ham, Taste the Difference 120g;£3.00/unit;£2.50/100g;ham;176;24.5;1.2;1.2;8.1;2.6;0.5;1.61
sainsburys-black-country-ham--taste-the-difference-120g;Sainsbury's Black Country Ham, Taste the Difference 120g;£3.00/unit;£2.50/100g;mfp-cooked-meats-snacking-taste-the-difference;176;24.5;1.2;1.2;8.1;2.6;0.5;1.61
sainsburys-black-forest-fruits-500g;Sainsbury's Black Forest Fruits 500g;£2.20/unit;£0.00/kg;desserts-fruit;47;0.8;9.7;9.7;0.5;0.1;2.1;0.01
sainsburys-black-forest-fruits-500g;Sainsbury's Black Forest Fruits 500g;£2.20/unit;£0.00/kg;frozen-fruit;47;0.8;9.7;9.7;0.5;0.1;2.1;0.01
sainsburys-black-pepper---sea-salt-croutons-100g;Sainsbury's Black Pepper & Sea Salt Croutons 100g;£1.20/unit;£1.20/100g;dressings-coleslaw-accompaniments;463;11.0;65.9;5.2;16.3;1.3;4.4;1.12
sainsburys-black-pepper---sea-salt-croutons-100g;Sainsbury's Black Pepper & Sea Salt Croutons 100g;£1.20/unit;£1.20/100g;fresh-soups;463;11.0;65.9;5.2;16.3;1.3;4.4;1.12
sainsburys-black-pepper-croutons--be-good-to-yourself-100g;Sainsbury's Black Pepper Croutons, Be Good To Yourself 100g;£1.20/unit;£1.20/100g;dressings-coleslaw-accompaniments;398;12.0;68.3;3.3;7.5;0.6;4.6;1.11
sainsburys-black-pepper-croutons--be-good-to-yourself-100g;Sainsbury's Black Pepper Croutons, Be Good To Yourself 100g;£1.20/unit;£1.20/100g;fresh-soups;398;12.0;68.3;3.3;7.5;0.6;4.6;1.11
sainsburys-black-pitted-olives--basics-90g;Sainsbury's Black Pitted Olives, Basics 90g;£1.10/unit;£1.22/100g;deli-meat-alternatives;101;1.2;6.8;0.5;6.7;1.2;4.2;2.38
sainsburys-black-pitted-olives--basics-90g;Sainsbury's Black Pitted Olives, Basics 90g;£1.10/unit;£1.22/100g;olives-tapas-antipasti;101;1.2;6.8;0.5;6.7;1.2;4.2;2.38
sainsburys-black-seedless-grapes-500g;Sainsbury's Black Seedless Grapes 500g;£1.50/unit;£3.00/kg;bananas-grapes;60;0.4;15.4;15.4;0.1;-1;0.7;-1
sainsburys-blackbean-sauce-175ml;Sainsbury's Fresh Blackbean Sauce 175ml;£1.00/unit;£0.57/100ml;asian-ingredients;81;2.6;12;7.8;2.5;0.3;0.7;1.5
sainsburys-blackbean-sauce-175ml;Sainsbury's Fresh Blackbean Sauce 175ml;£1.00/unit;£0.57/100ml;chillies-herbs-ingredients;81;2.6;12;7.8;2.5;0.3;0.7;1.5
sainsburys-blackbean-sauce-175ml;Sainsbury's Fresh Blackbean Sauce 175ml;£1.00/unit;£0.57/100ml;fresh-vegetables-stir-fry;81;2.6;12;7.8;2.5;0.3;0.7;1.5
sainsburys-blackbean-sauce-175ml;Sainsbury's Fresh Blackbean Sauce 175ml;£1.00/unit;£0.57/100ml;fresh-vegetables-world-exotic;81;2.6;12;7.8;2.5;0.3;0.7;1.5
sainsburys-blackbean-sauce-175ml;Sainsbury's Fresh Blackbean Sauce 175ml;£1.00/unit;£0.57/100ml;prepared-stir-fry;81;2.6;12;7.8;2.5;0.3;0.7;1.5
sainsburys-blackbean-sauce-175ml;Sainsbury's Fresh Blackbean Sauce 175ml;£1.00/unit;£0.57/100ml;prepared-vegetables;81;2.6;12;7.8;2.5;0.3;0.7;1.5
sainsburys-blackberries--sweet-150g;Sainsbury's Blackberries, Sweet 150g;£2.00/unit;£13.33/kg;berries-cherries-currants;32;0.9;5.1;5.1;0.5;0.1;3.1;0.01
sainsburys-blackberries--tangy-150g;Sainsbury's Blackberries, Tangy 150g;£2.00/unit;£13.33/kg;berries-cherries-currants;0;0.5;0.5;0.5;0.5;0.1;0.5;0.01
sainsburys-blackberries--tangy-225g;Sainsbury's Blackberries, Tangy 225g;£2.50/unit;£11.11/kg;berries-cherries-currants;32;0.9;5.1;5.1;0.5;0.1;3.1;0.01
sainsburys-blackcurrant---cherry-sparkling-flavoured-water-1l;Sainsbury's Sparkling Flavoured Water, Blackcurrant & Cherry 1L;£0.60/unit;£0.06/100ml;flavoured-vitamin-water;2;0.5;0.5;0.5;0.5;0.1;0.5;0.01
sainsburys-blackcurrant---cherry-sparkling-flavoured-water-1l;Sainsbury's Sparkling Flavoured Water, Blackcurrant & Cherry 1L;£0.60/unit;£0.06/100ml;fruit-flavoured;2;0.5;0.5;0.5;0.5;0.1;0.5;0.01
sainsburys-blackcurrant---cherry-sparkling-flavoured-water-1l;Sainsbury's Sparkling Flavoured Water, Blackcurrant & Cherry 1L;£0.60/unit;£0.06/100ml;sparkling-water;2;0.5;0.5;0.5;0.5;0.1;0.5;0.01
sainsburys-blackcurrant---elderflower-jelly-250--taste-the-difference;Sainsbury's Jelly Blackcurrant Elderflower & Cassis, Taste the Difference 250ml;£2.00/unit;£0.85/100g;jelly;125;0.5;30.5;26.7;0.5;0.1;0.5;0.01
sainsburys-blackcurrant-cassis-compote--taste-the-difference-400g;Sainsbury's Compote Blackcurrant & Cassis, Taste the Difference 400g;£2.50/unit;£0.63/100g;sauces-toppings;155;0.7;34.9;13.2;0.9;0.3;2.4;0.05
sainsburys-blackcurrant-cheesecake-510g;Sainsbury's Blackcurrant Cheesecake 510g;£2.00/unit;£0.39/100g;frozen-cold-desserts;286;3.5;38.7;26.5;12.8;6.5;1.0;0.14
sainsburys-blackcurrant-fruit-fool-113g;Sainsbury's Fruit Fool Blackdown Blackcurrant 113g;£0.70/unit;£0.61/100g;luxury-yogurts;168;2.6;15.4;11.7;10.5;6.7;0.5;0.10
sainsburys-blackcurrants-in-juice-290g;Sainsbury's Blackcurrants In Juice 290g;£1.20/unit;£4.14/kg;dessert-fruit;58;0.6;10.6;9.2;0.8;0.4;2.8;0.04
sainsburys-blackforest-gateaux-630g;Sainsbury's Blackforest Gateau 630g;£2.00/unit;£0.32/100g;frozen-cold-desserts;207;3.3;28.7;19.6;8.5;5.0;1.2;0.15
sainsburys-blended-whisky-15l;Sainsbury's Blended Whisky 1.5L;£24.50/unit;£16.33/ltr;whisky;221;-1;-1;-1;-1;-1;-1;-1
sainsburys-blended-whisky-1l;Sainsbury's Blended Whisky 1L;£17.50/unit;£17.50/ltr;whisky;221;0.5;0.5;0.5;0.5;0.1;0.5;0.01
sainsburys-blended-whisky-35cl;Sainsbury's Blended Whisky 35cl;£7.00/unit;£20.00/ltr;whisky;221;0.5;0.5;0.5;0.5;0.1;0.5;0.01
sainsburys-bleu-dauvergne--taste-the-difference-150g;Sainsbury's Bleu D'Auvergne, Taste the Difference 150g;£2.10/unit;£14.00/kg;cheeseboard-delights;341;21.0;1.0;0.5;28.0;20.0;0.5;2.60
sainsburys-bleu-dauvergne--taste-the-difference-150g;Sainsbury's Bleu D'Auvergne, Taste the Difference 150g;£2.10/unit;£14.00/kg;organic-taste-the-difference-cheese;341;21.0;1.0;0.5;28.0;20.0;0.5;2.60
sainsburys-blood-oranges-x5;Sainsbury's Blood Oranges x5;£1.50/unit;£0.30/ea;citrus-fruit;43;1.1;8.5;8.5;0.1;0;1.7;
sainsburys-blue-bolt--zero-1l;Sainsbury's Blue Bolt Zero 1L;£1.30/unit;£0.13/100ml;energy-drinks;5;0;0;0;0;0;0;0.10
sainsburys-blue-bolt--zero-1l;Sainsbury's Blue Bolt Zero 1L;£1.30/unit;£0.13/100ml;sports-energy-drinks;5;0;0;0;0;0;0;0.10
sainsburys-blue-bolt--zero-250ml;Sainsbury's Blue Bolt Zero 250ml;£0.60/unit;£0.24/100ml;energy-drinks;5;0;0;0;0;0;0;0.10
sainsburys-blue-bolt--zero-6x250ml;Sainsbury's Blue Bolt Zero 6x250ml;£2.00/unit;£0.13/100ml;energy-drinks;5;0;0;0;0;0;0;0.10
sainsburys-blue-bolt-cherry---blackcurrant-250ml;Sainsbury's Blue Bolt Cherry & Blackcurrant 250ml;£0.60/unit;£0.24/100ml;energy-drinks;48;0;11.3;10.9;0;0;0;
sainsburys-blue-bolt-energy-drink-1l;Sainsbury's Blue Bolt 1L;£1.30/unit;£0.13/100ml;energy-drinks;49;0;11.3;10.9;0;0;0;
sainsburys-blue-bolt-energy-drink-250ml;Sainsbury's Blue Bolt 250ml;£0.60/unit;£0.24/100ml;energy-drinks;49;0;11.3;10.9;0;0;0;
sainsburys-blue-bolt-energy-drink-6x250ml;Sainsbury's Blue Bolt 6x250ml;£2.00/unit;£0.13/100ml;energy-drinks;49;0;11.3;10.9;0;0;0;
sainsburys-blue-bolt-energy-drink-6x250ml;Sainsbury's Blue Bolt 6x250ml;£2.00/unit;£0.13/100ml;sports-energy-drinks;49;0;11.3;10.9;0;0;0;
sainsburys-blue-bolt-mango---passion-fruit-250ml;Sainsbury's Blue Bolt Mango & Passion Fruit 250ml;£0.60/unit;£0.24/100ml;energy-drinks;48;0.5;11.2;10.6;0.5;0.1;0.5;0.14
sainsburys-blue-bolt-mango---passion-fruit-250ml;Sainsbury's Blue Bolt Mango & Passion Fruit 250ml;£0.60/unit;£0.24/100ml;sports-energy-drinks;48;0.5;11.2;10.6;0.5;0.1;0.5;0.14
sainsburys-blue-cheese--basics-220g;Sainsbury's Blue Cheese, Basics 220g;£1.60/unit;£7.27/kg;cheddar-british-regional-cheese;410;23.7;0.5;0.5;35.0;23.0;0.5;2.07
sainsburys-blue-stilton-200g;Sainsbury's Blue Stilton 200g;£1.85/unit;£9.25/kg;cheddar-british-regional-cheese;410;23.7;0.5;0.5;35.0;23.0;0.5;2.07
sainsburys-blue-stilton-330g;Sainsbury's Blue Stilton 330g;£2.80/unit;£8.48/kg;cheddar-british-regional-cheese;410;23.7;0.5;0.5;35.0;23.0;0.5;2.07
sainsburys-blueberries---strawberries-400g;Sainsbury's Blueberries & Strawberries 400g;£2.20/unit;£5.50/kg;desserts-fruit;49;0.8;10.2;8.0;0.5;0.1;1.8;0.01
sainsburys-blueberries---strawberries-400g;Sainsbury's Blueberries & Strawberries 400g;£2.20/unit;£5.50/kg;frozen-fruit;49;0.8;10.2;8.0;0.5;0.1;1.8;0.01
sainsburys-blueberries--basics-125g-7437579-p-44;Sainsbury's Blueberries, Basics 125g;£1.15/unit;£9.20/kg;berries-cherries-currants;45;0.9;9.1;9.1;0.5;0.1;1.5;0.01
sainsburys-blueberries--basics-150g-7608919-p-44;Sainsbury's Blueberries, Basics 150g;£1.35/unit;£9.00/kg;berries-cherries-currants;45;0.9;9.1;9.1;0.5;0.1;1.5;0.01
sainsburys-blueberries--so-organic-150g;Sainsbury's Blueberries, SO Organic 150g;£3.50/unit;£23.33/kg;berries-cherries-currants;45;0.9;9.1;9.1;0.5;0.1;1.5;0.01
sainsburys-blueberries--so-organic-150g;Sainsbury's Blueberries, SO Organic 150g;£3.50/unit;£23.33/kg;fruit-vegetables-organic-taste-the-difference;45;0.9;9.1;9.1;0.5;0.1;1.5;0.01
sainsburys-blueberries-150g;Sainsbury's Blueberries 150g;£1.55/unit;£10.33/kg;berries-cherries-currants;45;0.9;9.1;9.1;0.5;0.1;1.5;0.01
sainsburys-blueberries-200g;Sainsbury's Blueberries 200g;£2.00/unit;£10.00/kg;berries-cherries-currants;45;0.9;9.1;9.1;0.5;0.1;1.5;0.01
sainsburys-blueberries-400g-7546592-p-44;Sainsbury's Blueberries 400g;£2.20/unit;£5.50/kg;desserts-fruit;69;0.7;14.5;10.0;0.5;0.1;2.4;0.01
sainsburys-blueberries-400g-7546592-p-44;Sainsbury's Blueberries 400g;£2.20/unit;£5.50/kg;frozen-fruit;69;0.7;14.5;10.0;0.5;0.1;2.4;0.01
sainsburys-blueberries-400g;Sainsbury's Blueberries 400g;£3.80/unit;£9.50/kg;berries-cherries-currants;45;0.9;9.1;9.1;0.5;0.1;1.5;0.01
sainsburys-blueberry---vanilla-cheesecake--taste-the-difference-950g;Sainsbury's Blueberry & Vanilla Cheesecake, Taste the Difference 950g;£6.00/unit;£0.63/100g;desserts;372;5.4;28.9;16.1;26.1;15.5;2.1;0.48
sainsburys-blueberry-mini-muffins-x12;Sainsbury's Mini Muffins, Blueberry x12;£1.60/unit;£0.13/ea;cakes-from-our-bakery-12374-44;408;5.4;51.4;24.7;20.0;1.7;0.7;0.39
sainsburys-blueberry-mini-muffins-x12;Sainsbury's Mini Muffins, Blueberry x12;£1.60/unit;£0.13/ea;cakes-from-our-bakery;408;5.4;51.4;24.7;20.0;1.7;0.7;0.39
sainsburys-blueberry-muffins-x4;Sainsbury's Muffins, Blueberry x4;£1.00/unit;£0.25/ea;muffins-small-cakes;368;5.3;49.2;27.8;16.3;1.4;1.5;0.47
sainsburys-boil-in-the-bag-kippers-with-butter-%28not-boneless%29-220g;Sainsbury's British Boil In The Bag Kippers With Butter (Not Boneless) 220g;£1.50/unit;£6.82/kg;fuss-free-fish;268;18.4;0.5;0.5;21.5;5.1;0.5;1.90
sainsburys-boil-in-the-bag-kippers-with-butter-%28not-boneless%29-220g;Sainsbury's British Boil In The Bag Kippers With Butter (Not Boneless) 220g;£1.50/unit;£6.82/kg;smoked-fish;268;18.4;0.5;0.5;21.5;5.1;0.5;1.90
sainsburys-bolognese-pasta-bake--basics-300g;Sainsbury's Bolognese Pasta Bake, Basics 300g;£0.80/unit;£2.67/kg;italian-ready-meals;104;5.0;14;1.6;2.9;1.1;1.4;0.45
sainsburys-bolognese-sauce-350g;Sainsbury's Beef Bolognese Sauce 350g;£1.40/unit;£0.40/100g;fresh-pasta-sauces;81;5.1;6.1;4.0;3.9;1.8;0.5;0.60
sainsburys-bombay-potato-%28medium---spicy%29-300g;Sainsbury's Bombay Potato (medium & spicy) 300g;£1.75/unit;£5.83/kg;coleslaw--olives--salads---dips-30658-44;95;1.6;7.8;2.4;5.3;0.3;4.9;0.58
sainsburys-bombay-potato-%28medium---spicy%29-300g;Sainsbury's Bombay Potato (medium & spicy) 300g;£1.75/unit;£5.83/kg;indian-ready-meals;95;1.6;7.8;2.4;5.3;0.3;4.9;0.58
sainsburys-bombay-potato-%28medium---spicy%29-300g;Sainsbury's Bombay Potato (medium & spicy) 300g;£1.75/unit;£5.83/kg;potato-vegetable-side-dishes;95;1.6;7.8;2.4;5.3;0.3;4.9;0.58
sainsburys-bombay-potato-%28medium---spicy%29-300g;Sainsbury's Bombay Potato (medium & spicy) 300g;£1.75/unit;£5.83/kg;vegetarian-meat-free-ready-meals;95;1.6;7.8;2.4;5.3;0.3;4.9;0.58
sainsburys-boneless-lamb-shoulder-400g;Sainsbury's Boneless Lamb Shoulder 400g;£3.60/unit;£9.00/kg;lamb;245;15.9;2.4;0.5;19.1;9.5;0.5;0.20
sainsburys-boneless-smoked-cod-fillets-240g;Sainsbury's Boneless Smoked Cod Fillets 240g;£3.30/unit;£13.75/kg;filleted-whole-fish;91;21.1;0.5;0.5;0.7;0.2;0.5;1.25
sainsburys-boneless-smoked-cod-fillets-240g;Sainsbury's Boneless Smoked Cod Fillets 240g;£3.30/unit;£13.75/kg;great-prices-on-meat---fish;91;21.1;0.5;0.5;0.7;0.2;0.5;1.25
sainsburys-boneless-smoked-cod-fillets-240g;Sainsbury's Boneless Smoked Cod Fillets 240g;£3.30/unit;£13.75/kg;smoked-fish;91;21.1;0.5;0.5;0.7;0.2;0.5;1.25
sainsburys-bordeaux-ros%C3%A9--taste-the-difference-75cl;Sainsbury's Bordeaux Rosé, Taste the Difference 75cl;£8.00/unit;£8.00/75cl;rose-wine;66;-1;-1;3.1;-1;-1;-1;0.05
sainsburys-borders-abbey-mature-cheddar-400g;Sainsbury's Borders Abbey Mature Cheddar 400g;£3.00/unit;£7.50/kg;cheddar-british-regional-cheese;390;25.5;0.5;0.5;32.0;20.8;0.5;1.80
sainsburys-braeburn-apples--so-organic-x5-%28minimum%29;Sainsbury's Braeburn Apples, SO Organic x5 (minimum);£2.50/unit;£2.50/ea;apples-pears-rhubarb;47;0.5;11.8;11.8;0.5;0.1;1.8;0.5
sainsburys-braeburn-apples--so-organic-x5-%28minimum%29;Sainsbury's Braeburn Apples, SO Organic x5 (minimum);£2.50/unit;£2.50/ea;fruit-vegetables-organic-taste-the-difference;47;0.5;11.8;11.8;0.5;0.1;1.8;0.5
sainsburys-braeburn-apples-x4-%28minimum%29;Sainsbury's Braeburn Apples x4 (minimum);£2.00/unit;£2.00/ea;apples-pears-rhubarb;47;0.5;12;12;0.5;0.1;1.8;0.5
sainsburys-braeburn-apples-x5-%28minimum%29;Sainsbury's Braeburn Apples x5 (minimum);£1.00/unit;£1.00/ea;apples-pears-rhubarb;47;0.4;11.8;11.8;0.1;0;1.8;
sainsburys-braised-beef---mash--be-good-to-yourself-400g;Sainsbury's Braised Beef & Mash, Be Good To Yourself 400g;£3.00/unit;£7.50/kg;british-ready-meals;81;6.5;10.4;1.3;1.2;0.4;1.5;0.46
sainsburys-braised-beef---mash--be-good-to-yourself-400g;Sainsbury's Braised Beef & Mash, Be Good To Yourself 400g;£3.00/unit;£7.50/kg;healthier-choice-ready-meals;81;6.5;10.4;1.3;1.2;0.4;1.5;0.46
sainsburys-braised-beef---mash--be-good-to-yourself-400g;Sainsbury's Braised Beef & Mash, Be Good To Yourself 400g;£3.00/unit;£7.50/kg;meals-for-1-ready-meals;81;6.5;10.4;1.3;1.2;0.4;1.5;0.46
sainsburys-bramley-apple-berries-compote--taste-the-difference-385g;Sainsbury's Compote Bramley Apple & Berries, Taste the Difference 385g;£2.50/unit;£0.65/100g;sauces-toppings;132;0.5;31.0;28.0;0.5;0.1;1.8;0.06
sainsburys-bramley-apple-crumble-500g;Sainsbury's Bramley Apple Crumble 500g;£2.75/unit;£0.55/100g;desserts;252;1.9;43.7;29.1;7.5;3.3;1.2;0.32
sainsburys-bramley-apple-crumbles-2x120g;Sainsbury's Bramley Apple Crumbles 2x120g;£1.75/unit;£0.73/100g;desserts;288;2.2;50.2;32.4;8.2;3.9;2.0;0.30
sainsburys-bramley-apple-pie-700g-%28serves-6%29;Sainsbury's Bramley Apple Pie 700g (serves 6);£2.00/unit;£0.29/100g;frozen-hot-desserts;256;2.6;40.4;19.0;8.9;5.7;1.9;0.28
sainsburys-bramley-apple-pies-x6-355g;Sainsbury's Bramley Apple Pies x6 355g;£1.00/unit;£0.17/ea;slices-pies-tarts;365;3.3;55.3;24.8;14.1;4.1;1.9;0.22
sainsburys-bramley-apple-turnovers-x6-200g;Sainsbury's Bramley Apple Turnovers x6 200g;£1.00/unit;£0.17/ea;continental-cakes;410;3.6;60.5;38.4;16.9;8.9;0.8;0.40
sainsburys-bread---butter-pudding--be-good-to-yourself-2x120g;Sainsbury's Bread & Butter Pudding, Be Good To Yourself 2x120g;£1.75/unit;£0.73/100g;desserts;128;4.1;20.8;14.1;2.9;1.3;1.2;0.19
sainsburys-bread---butter-pudding-2x125g;Sainsbury's Bread & Butter Pudding 2x125g;£1.75/unit;£0.70/100g;desserts;220;4.7;31.4;24.1;8.4;5.3;0.5;0.25
sainsburys-bread---butter-pudding-515g;Sainsbury's Bread & Butter Pudding 515g;£2.75/unit;£0.53/100g;desserts;223;4.9;31.4;23.0;8.6;5.5;0.5;0.25
sainsburys-breaded-air-dried-ham-finely-sliced--taste-the-difference-120g;Sainsbury's Breaded Ham Air Dried Finely Sliced, Taste the Difference 120g;£3.00/unit;£2.50/100g;cooked-meats-taste-the-difference;125;25.6;1.2;0.5;2.0;0.7;0.5;2.60
sainsburys-breaded-air-dried-ham-finely-sliced--taste-the-difference-120g;Sainsbury's Breaded Ham Air Dried Finely Sliced, Taste the Difference 120g;£3.00/unit;£2.50/100g;ham-82654-44;125;25.6;1.2;0.5;2.0;0.7;0.5;2.60
sainsburys-breaded-air-dried-ham-finely-sliced--taste-the-difference-120g;Sainsbury's Breaded Ham Air Dried Finely Sliced, Taste the Difference 120g;£3.00/unit;£2.50/100g;ham;125;25.6;1.2;0.5;2.0;0.7;0.5;2.60
sainsburys-breaded-air-dried-ham-finely-sliced--taste-the-difference-120g;Sainsbury's Breaded Ham Air Dried Finely Sliced, Taste the Difference 120g;£3.00/unit;£2.50/100g;mfp-cooked-meats-snacking-taste-the-difference;125;25.6;1.2;0.5;2.0;0.7;0.5;2.60
sainsburys-breaded-air-dried-lean-ham--taste-the-difference-120g;Sainsbury's Breaded Ham Air Dried Lean, Taste the Difference 120g;£3.00/unit;£2.50/100g;cooked-meats-taste-the-difference;125;25.6;1.2;0.5;2.0;0.7;0.5;2.60
sainsburys-breaded-air-dried-lean-ham--taste-the-difference-120g;Sainsbury's Breaded Ham Air Dried Lean, Taste the Difference 120g;£3.00/unit;£2.50/100g;ham-82654-44;125;25.6;1.2;0.5;2.0;0.7;0.5;2.60
sainsburys-breaded-air-dried-lean-ham--taste-the-difference-120g;Sainsbury's Breaded Ham Air Dried Lean, Taste the Difference 120g;£3.00/unit;£2.50/100g;ham;125;25.6;1.2;0.5;2.0;0.7;0.5;2.60
sainsburys-breaded-air-dried-lean-ham--taste-the-difference-120g;Sainsbury's Breaded Ham Air Dried Lean, Taste the Difference 120g;£3.00/unit;£2.50/100g;mfp-cooked-meats-snacking-taste-the-difference;125;25.6;1.2;0.5;2.0;0.7;0.5;2.60
sainsburys-breaded-air-dried-lean-ham--taste-the-difference-240g;Sainsbury's Breaded Ham Air Dried Lean Slices, Taste the Difference 240g;£4.00/unit;£1.67/100g;cooked-meats-taste-the-difference;125;25.6;1.2;0.5;2.0;0.7;0.5;2.60
sainsburys-breaded-air-dried-lean-ham--taste-the-difference-240g;Sainsbury's Breaded Ham Air Dried Lean Slices, Taste the Difference 240g;£4.00/unit;£1.67/100g;ham-82654-44;125;25.6;1.2;0.5;2.0;0.7;0.5;2.60
sainsburys-breaded-air-dried-lean-ham--taste-the-difference-240g;Sainsbury's Breaded Ham Air Dried Lean Slices, Taste the Difference 240g;£4.00/unit;£1.67/100g;ham;125;25.6;1.2;0.5;2.0;0.7;0.5;2.60
sainsburys-breaded-air-dried-lean-ham--taste-the-difference-240g;Sainsbury's Breaded Ham Air Dried Lean Slices, Taste the Difference 240g;£4.00/unit;£1.67/100g;mfp-cooked-meats-snacking-taste-the-difference;125;25.6;1.2;0.5;2.0;0.7;0.5;2.60
sainsburys-breaded-bacon---leek-filled-chicken-kiev-260g;Sainsbury's Breaded Chicken Kiev Bacon & Leek Filled 260g;£2.00/unit;£7.69/kg;breaded-coated-chicken-turkey-pork;188;15.9;10.5;0.5;9.0;2.4;0.7;0.78
sainsburys-breaded-bacon---leek-filled-chicken-kiev-260g;Sainsbury's Breaded Chicken Kiev Bacon & Leek Filled 260g;£2.00/unit;£7.69/kg;chicken;188;15.9;10.5;0.5;9.0;2.4;0.7;0.78
sainsburys-breaded-chicken-burger-454g;Sainsbury's Breaded Chicken Burger 454g;£3.00/unit;£6.61/kg;breaded-coated-chicken-turkey-pork;192;15.4;13.9;0.5;8.0;0.7;1.4;0.75
sainsburys-breaded-chicken-burger-454g;Sainsbury's Breaded Chicken Burger 454g;£3.00/unit;£6.61/kg;burgers-bbq;192;15.4;13.9;0.5;8.0;0.7;1.4;0.75
sainsburys-breaded-chicken-burger-454g;Sainsbury's Breaded Chicken Burger 454g;£3.00/unit;£6.61/kg;chicken;192;15.4;13.9;0.5;8.0;0.7;1.4;0.75
sainsburys-breaded-chicken-escalope-x2-250g;Sainsbury's Breaded Chicken Escalope x2 250g;£2.00/unit;£8.00/kg;breaded-coated-chicken-turkey-pork;217;14.7;16.8;0.5;9.8;0.8;1.5;0.31
sainsburys-breaded-chicken-escalope-x2-250g;Sainsbury's Breaded Chicken Escalope x2 250g;£2.00/unit;£8.00/kg;chicken;217;14.7;16.8;0.5;9.8;0.8;1.5;0.31
sainsburys-breaded-chicken-fillets-325g;Sainsbury's Breaded Chicken Fillets 325g;£3.00/unit;£9.23/kg;breaded-coated-chicken-turkey-pork;191;19.0;10.0;0.5;8.1;0.7;1.0;0.73
sainsburys-breaded-chicken-fillets-325g;Sainsbury's Breaded Chicken Fillets 325g;£3.00/unit;£9.23/kg;chicken;191;19.0;10.0;0.5;8.1;0.7;1.0;0.73
sainsburys-breaded-chicken-garlic-mini-fillets-305g;Sainsbury's Breaded Chicken Garlic Mini Fillets 305g;£3.00/unit;£9.84/kg;breaded-coated-chicken-turkey-pork;214;19.8;9.8;0.5;10.2;0.8;1.7;0.65
sainsburys-breaded-chicken-garlic-mini-fillets-305g;Sainsbury's Breaded Chicken Garlic Mini Fillets 305g;£3.00/unit;£9.84/kg;chicken;214;19.8;9.8;0.5;10.2;0.8;1.7;0.65
sainsburys-breaded-chicken-goujons-245g;Sainsbury's Breaded Chicken Goujons 245g;£2.00/unit;£8.16/kg;breaded-coated-chicken-turkey-pork;244;17.7;18.3;0.5;10.7;0.9;1.6;0.72
sainsburys-breaded-chicken-goujons-245g;Sainsbury's Breaded Chicken Goujons 245g;£2.00/unit;£8.16/kg;chicken;244;17.7;18.3;0.5;10.7;0.9;1.6;0.72
sainsburys-breaded-chicken-goujons-555g;Sainsbury's Breaded Chicken Goujons 555g;£3.00/unit;£5.41/kg;breaded-coated-chicken-turkey-pork;244;17.7;18.3;0.5;10.7;0.9;1.6;0.72
sainsburys-breaded-chicken-goujons-555g;Sainsbury's Breaded Chicken Goujons 555g;£3.00/unit;£5.41/kg;chicken;244;17.7;18.3;0.5;10.7;0.9;1.6;0.72
sainsburys-breaded-chicken-goujons-555g;Sainsbury's Breaded Chicken Goujons 555g;£3.00/unit;£5.41/kg;great-prices-on-meat---fish;244;17.7;18.3;0.5;10.7;0.9;1.6;0.72
sainsburys-breaded-chicken-mini-fillets-x6-305g;Sainsbury's Breaded Chicken Mini Fillets x5 (minimum) 305g;£3.00/unit;£9.84/kg;breaded-coated-chicken-turkey-pork;200;20.1;10.6;0.5;8.4;2.0;0.9;0.58
sainsburys-breaded-chicken-mini-fillets-x6-305g;Sainsbury's Breaded Chicken Mini Fillets x5 (minimum) 305g;£3.00/unit;£9.84/kg;chicken;200;20.1;10.6;0.5;8.4;2.0;0.9;0.58
sainsburys-breaded-chicken-moon---stars-380g;Sainsbury's Breaded Chicken Moon & Stars 380g;£2.50/unit;£6.58/kg;breaded-coated-chicken-turkey-pork;240;16.6;19.8;0.5;10.2;0.7;1.4;0.28
sainsburys-breaded-chicken-moon---stars-380g;Sainsbury's Breaded Chicken Moon & Stars 380g;£2.50/unit;£6.58/kg;chicken;240;16.6;19.8;0.5;10.2;0.7;1.4;0.28
sainsburys-breaded-chicken-nuggets-200g;Sainsbury's Breaded Chicken Nuggets 200g;£2.25/unit;£11.25/kg;breaded-coated-chicken-turkey-pork;230;21.0;14.3;0.5;9.5;0.9;1.5;0.60
sainsburys-breaded-chicken-nuggets-200g;Sainsbury's Breaded Chicken Nuggets 200g;£2.25/unit;£11.25/kg;chicken;230;21.0;14.3;0.5;9.5;0.9;1.5;0.60
sainsburys-breaded-chunky-cod--taste-the-difference-x2-350g;Sainsbury's Breaded Chunky Cod, Taste the Difference x2 350g;£3.30/unit;£9.43/kg;breaded-coated-fish-seafood;195;15.4;14.6;1.0;8.1;0.6;1.0;0.57
sainsburys-breaded-chunky-cod--taste-the-difference-x2-350g;Sainsbury's Breaded Chunky Cod, Taste the Difference x2 350g;£3.30/unit;£9.43/kg;fishcakes-breaded-fish;195;15.4;14.6;1.0;8.1;0.6;1.0;0.57
sainsburys-breaded-chunky-cod--taste-the-difference-x2-350g;Sainsbury's Breaded Chunky Cod, Taste the Difference x2 350g;£3.30/unit;£9.43/kg;fuss-free-fish-135654-44;195;15.4;14.6;1.0;8.1;0.6;1.0;0.57
sainsburys-breaded-chunky-cod--taste-the-difference-x2-350g;Sainsbury's Breaded Chunky Cod, Taste the Difference x2 350g;£3.30/unit;£9.43/kg;great-prices-on-meat---fish;195;15.4;14.6;1.0;8.1;0.6;1.0;0.57
sainsburys-breaded-chunky-cod-fillets--be-good-to-yourself-x4-500g;Sainsbury's Breaded Chunky Cod Fillets, Be Good To Yourself x4 500g;£3.90/unit;£7.80/kg;frozen-fish-seafood;156;16.6;16.4;1.9;2.3;0.2;1.9;0.81
sainsburys-breaded-chunky-cod-loins--taste-the-difference-x2-300g;Sainsbury's Breaded Chunky Cod Loins, Taste the Difference x2 300g;£3.00/unit;£10.00/kg;frozen-fish-seafood;195;15.4;14.6;1.0;8.1;0.6;1.0;0.57
sainsburys-breaded-chunky-haddock--taste-the-difference-x2-300g;Sainsbury's Breaded Chunky Haddock, Taste the Difference x2 300g;£3.00/unit;£10.00/kg;frozen-fish-seafood;182;16.0;13.5;0.9;7.0;0.5;0.5;0.50
sainsburys-breaded-cod---chips-300g;Sainsbury's Breaded Cod & Chips 300g;£2.50/unit;£8.33/kg;breaded-coated-fish-seafood;168;8.9;20.2;0.9;5.3;0.5;1.7;0.53
sainsburys-breaded-cod---chips-300g;Sainsbury's Breaded Cod & Chips 300g;£2.50/unit;£8.33/kg;fishcakes-breaded-fish;168;8.9;20.2;0.9;5.3;0.5;1.7;0.53
sainsburys-breaded-cod---chips-300g;Sainsbury's Breaded Cod & Chips 300g;£2.50/unit;£8.33/kg;fuss-free-fish-135654-44;168;8.9;20.2;0.9;5.3;0.5;1.7;0.53
sainsburys-breaded-cod---chips-300g;Sainsbury's Breaded Cod & Chips 300g;£2.50/unit;£8.33/kg;fuss-free-fish;168;8.9;20.2;0.9;5.3;0.5;1.7;0.53
sainsburys-breaded-cod-fillets-x2-300g;Sainsbury's Breaded Cod Fillets x2 300g;£2.00/unit;£6.66/kg;breaded-coated-fish-seafood;194;14.7;17.2;1.4;7.2;0.6;1.0;0.95
sainsburys-breaded-cod-fillets-x2-300g;Sainsbury's Breaded Cod Fillets x2 300g;£2.00/unit;£6.66/kg;fishcakes-breaded-fish;194;14.7;17.2;1.4;7.2;0.6;1.0;0.95
sainsburys-breaded-cod-fillets-x2-300g;Sainsbury's Breaded Cod Fillets x2 300g;£2.00/unit;£6.66/kg;fuss-free-fish-135654-44;194;14.7;17.2;1.4;7.2;0.6;1.0;0.95
sainsburys-breaded-cod-fillets-x2-300g;Sainsbury's Breaded Cod Fillets x2 300g;£2.00/unit;£6.66/kg;great-prices-on-meat---fish;194;14.7;17.2;1.4;7.2;0.6;1.0;0.95
sainsburys-breaded-cod-fillets-x4-500g;Sainsbury's Breaded Cod Fillets x4 500g;£2.75/unit;£5.50/kg;frozen-fish-seafood;227;15.1;17.6;1.3;10.4;0.7;1.1;0.61
sainsburys-breaded-garlic-chicken-kiev--be-good-to-yourself-x2-260g;Sainsbury's Breaded Chicken Kiev Garlic, Be Good To Yourself x2 260g;£2.00/unit;£7.69/kg;breaded-coated-chicken-turkey-pork;228;14.5;12.1;0.7;13.3;4.2;0.7;0.44
sainsburys-breaded-garlic-chicken-kiev--be-good-to-yourself-x2-260g;Sainsbury's Breaded Chicken Kiev Garlic, Be Good To Yourself x2 260g;£2.00/unit;£7.69/kg;chicken;228;14.5;12.1;0.7;13.3;4.2;0.7;0.44
sainsburys-breaded-garlic-chicken-kievs-x2-260g;Sainsbury's Breaded Chicken Kiev Garlic x2 260g;£2.00/unit;£7.69/kg;breaded-coated-chicken-turkey-pork;281;13.6;10.7;0.8;20.3;8.0;0.6;0.64
sainsburys-breaded-garlic-chicken-kievs-x2-260g;Sainsbury's Breaded Chicken Kiev Garlic x2 260g;£2.00/unit;£7.69/kg;chicken;281;13.6;10.7;0.8;20.3;8.0;0.6;0.64
sainsburys-breaded-haddock-fillets-x2-300g;Sainsbury's Breaded Haddock Fillets x2 300g;£3.00/unit;£10.00/kg;breaded-coated-fish-seafood;199;14.9;17.3;1.5;7.5;0.6;1.4;0.98
sainsburys-breaded-haddock-fillets-x2-300g;Sainsbury's Breaded Haddock Fillets x2 300g;£3.00/unit;£10.00/kg;fishcakes-breaded-fish;199;14.9;17.3;1.5;7.5;0.6;1.4;0.98
sainsburys-breaded-haddock-fillets-x2-300g;Sainsbury's Breaded Haddock Fillets x2 300g;£3.00/unit;£10.00/kg;fuss-free-fish-135654-44;199;14.9;17.3;1.5;7.5;0.6;1.4;0.98
sainsburys-breaded-ham---cheese-filled-chicken-kievs-x2-260g;Sainsbury's Breaded Chicken Kiev Ham & Cheese Filled x2 260g;£2.00/unit;£7.69/kg;breaded-coated-chicken-turkey-pork;230;17.0;11.3;0.6;12.9;2.9;0.5;0.86
sainsburys-breaded-ham---cheese-filled-chicken-kievs-x2-260g;Sainsbury's Breaded Chicken Kiev Ham & Cheese Filled x2 260g;£2.00/unit;£7.69/kg;chicken;230;17.0;11.3;0.6;12.9;2.9;0.5;0.86
sainsburys-breaded-ham-240g;Sainsbury's Breaded Ham Slices x14 240g;£3.00/unit;£1.25/100g;ham-82654-44;118;21.1;0.9;0.5;3.3;1.2;0.5;1.63
sainsburys-breaded-ham-240g;Sainsbury's Breaded Ham Slices x14 240g;£3.00/unit;£1.25/100g;ham;118;21.1;0.9;0.5;3.3;1.2;0.5;1.63
sainsburys-breaded-ham-family-size-375g;Sainsbury's Breaded Carvery Ham Slices x12 375g;£4.00/unit;£1.07/100g;ham-82654-44;118;21.1;0.9;0.5;3.3;1.2;0.5;1.63
sainsburys-breaded-ham-family-size-375g;Sainsbury's Breaded Carvery Ham Slices x12 375g;£4.00/unit;£1.07/100g;ham;118;21.1;0.9;0.5;3.3;1.2;0.5;1.63
sainsburys-breaded-onion-rings-800g;Sainsbury's Breaded Onion Rings 800g;£1.50/unit;£1.88/kg;frozen-vegetables;266;3.8;33.7;6.9;12.1;1.3;3.6;1.01
sainsburys-breaded-plaice-fillets-x2-260g;Sainsbury's Breaded Plaice Fillets x2 260g;£2.75/unit;£10.58/kg;frozen-fish-seafood;262;13.8;20.6;1.3;13.5;1.0;1.5;0.64
sainsburys-breaded-plaice-x2-320g;Sainsbury's Breaded Plaice x2 320g;£2.50/unit;£7.81/kg;breaded-coated-fish-seafood;234;12.6;20.5;1.3;11.1;1.0;0.9;0.57
sainsburys-breaded-plaice-x2-320g;Sainsbury's Breaded Plaice x2 320g;£2.50/unit;£7.81/kg;fishcakes-breaded-fish;234;12.6;20.5;1.3;11.1;1.0;0.9;0.57
sainsburys-breaded-plaice-x2-320g;Sainsbury's Breaded Plaice x2 320g;£2.50/unit;£7.81/kg;fuss-free-fish-135654-44;234;12.6;20.5;1.3;11.1;1.0;0.9;0.57
sainsburys-breaded-plaice-x2-320g;Sainsbury's Breaded Plaice x2 320g;£2.50/unit;£7.81/kg;great-prices-on-meat---fish;234;12.6;20.5;1.3;11.1;1.0;0.9;0.57
sainsburys-breaded-pollock-fillets-600g;Sainsbury's Breaded Pollock Fillets 600g;£3.50/unit;£5.83/kg;breaded-coated-fish-seafood;224;12.9;19.2;1.5;10.3;0.7;1.3;0.49
sainsburys-breaded-pollock-fillets-600g;Sainsbury's Breaded Pollock Fillets 600g;£3.50/unit;£5.83/kg;fishcakes-breaded-fish;224;12.9;19.2;1.5;10.3;0.7;1.3;0.49
sainsburys-breaded-pollock-fillets-600g;Sainsbury's Breaded Pollock Fillets 600g;£3.50/unit;£5.83/kg;fuss-free-fish-135654-44;224;12.9;19.2;1.5;10.3;0.7;1.3;0.49
sainsburys-breaded-scampi-bites--basics-235g;Sainsbury's Breaded Scampi Bites, Basics 235g;£1.55/unit;£6.60/kg;frozen-fish-seafood;201;9.5;21.8;1.2;8.0;0.8;1.7;0.88
sainsburys-breaded-southern-fried-chicken-goujons-245g;Sainsbury's Southern Fried Chicken Goujons 245g;£2.00/unit;£8.16/kg;breaded-coated-chicken-turkey-pork;197;18.5;11.8;0.5;8.2;0.6;1.2;0.49
sainsburys-breaded-southern-fried-chicken-goujons-245g;Sainsbury's Southern Fried Chicken Goujons 245g;£2.00/unit;£8.16/kg;chicken;197;18.5;11.8;0.5;8.2;0.6;1.2;0.49
sainsburys-breaded-southern-fried-chicken-portions-800g;Sainsbury's Breaded Southern Fried Chicken Portions 800g;£4.00/unit;£5.00/kg;breaded-coated-chicken-turkey-pork;261;21.8;8.9;0.5;15.4;3.0;0.5;0.47
sainsburys-breaded-southern-fried-chicken-portions-800g;Sainsbury's Breaded Southern Fried Chicken Portions 800g;£4.00/unit;£5.00/kg;chicken;261;21.8;8.9;0.5;15.4;3.0;0.5;0.47
sainsburys-breaded-southern-fried-mini-fillets-305g;Sainsbury's Breaded Chicken Mini Fillets, Southern Fried 305g;£3.00/unit;£9.84/kg;breaded-coated-chicken-turkey-pork;233;21.3;14.5;1.0;9.7;0.8;1.1;0.86
sainsburys-breaded-southern-fried-mini-fillets-305g;Sainsbury's Breaded Chicken Mini Fillets, Southern Fried 305g;£3.00/unit;£9.84/kg;chicken;233;21.3;14.5;1.0;9.7;0.8;1.1;0.86
sainsburys-breaded-thick-cut-ham-120g;Sainsbury's Breaded Thick Cut Ham Slices x4 120g;£2.00/unit;£1.67/100g;ham-82654-44;121;21.4;1.9;0.8;3.1;1.0;0.5;1.63
sainsburys-breaded-thick-cut-ham-120g;Sainsbury's Breaded Thick Cut Ham Slices x4 120g;£2.00/unit;£1.67/100g;ham;121;21.4;1.9;0.8;3.1;1.0;0.5;1.63
sainsburys-breaded-wiltshire-cured-ham--taste-the-difference-120g;Sainsbury's Breaded Ham Wiltshire Cured, Taste the Difference 120g;£3.00/unit;£2.50/100g;cooked-meats-taste-the-difference;134;23.2;1.2;0.5;4.0;1.3;0.5;2.50
sainsburys-breaded-wiltshire-cured-ham--taste-the-difference-120g;Sainsbury's Breaded Ham Wiltshire Cured, Taste the Difference 120g;£3.00/unit;£2.50/100g;ham-82654-44;134;23.2;1.2;0.5;4.0;1.3;0.5;2.50
sainsburys-breaded-wiltshire-cured-ham--taste-the-difference-120g;Sainsbury's Breaded Ham Wiltshire Cured, Taste the Difference 120g;£3.00/unit;£2.50/100g;ham;134;23.2;1.2;0.5;4.0;1.3;0.5;2.50
sainsburys-breaded-wiltshire-cured-ham--taste-the-difference-120g;Sainsbury's Breaded Ham Wiltshire Cured, Taste the Difference 120g;£3.00/unit;£2.50/100g;mfp-cooked-meats-snacking-taste-the-difference;134;23.2;1.2;0.5;4.0;1.3;0.5;2.50
sainsburys-breaded-wiltshire-ham--taste-the-difference-240g;Sainsbury's Breaded Wiltshire Ham, Taste the Difference 240g;£4.00/unit;£1.67/100g;cooked-meats-taste-the-difference;134;23.2;1.2;0.5;4.0;1.3;0.5;2.50
sainsburys-breaded-wiltshire-ham--taste-the-difference-240g;Sainsbury's Breaded Wiltshire Ham, Taste the Difference 240g;£4.00/unit;£1.67/100g;ham-82654-44;134;23.2;1.2;0.5;4.0;1.3;0.5;2.50
sainsburys-breaded-wiltshire-ham--taste-the-difference-240g;Sainsbury's Breaded Wiltshire Ham, Taste the Difference 240g;£4.00/unit;£1.67/100g;ham;134;23.2;1.2;0.5;4.0;1.3;0.5;2.50
sainsburys-breaded-wiltshire-ham--taste-the-difference-240g;Sainsbury's Breaded Wiltshire Ham, Taste the Difference 240g;£4.00/unit;£1.67/100g;mfp-cooked-meats-snacking-taste-the-difference;134;23.2;1.2;0.5;4.0;1.3;0.5;2.50
sainsburys-breaded-yorkshire-ham--taste-the-difference-120g-7732081-p-44;Sainsbury's Breaded Yorkshire Ham, Taste the Difference 120g;£3.00/unit;£2.50/100g;cooked-meats-taste-the-difference;135;22.1;1.1;0.5;4.7;1.5;0.5;2.30
sainsburys-breaded-yorkshire-ham--taste-the-difference-120g-7732081-p-44;Sainsbury's Breaded Yorkshire Ham, Taste the Difference 120g;£3.00/unit;£2.50/100g;ham-82654-44;135;22.1;1.1;0.5;4.7;1.5;0.5;2.30
sainsburys-breaded-yorkshire-ham--taste-the-difference-120g-7732081-p-44;Sainsbury's Breaded Yorkshire Ham, Taste the Difference 120g;£3.00/unit;£2.50/100g;ham;135;22.1;1.1;0.5;4.7;1.5;0.5;2.30
sainsburys-breaded-yorkshire-ham--taste-the-difference-120g-7732081-p-44;Sainsbury's Breaded Yorkshire Ham, Taste the Difference 120g;£3.00/unit;£2.50/100g;mfp-cooked-meats-snacking-taste-the-difference;135;22.1;1.1;0.5;4.7;1.5;0.5;2.30
sainsburys-breakfast-apricots--way-to-five-300g;Sainsbury's Breakfast Apricots in Fruit Juice 300g;£1.00/unit;£3.33/kg;dessert-fruit;107;1.0;23.8;20.9;0.5;0.1;2.6;0.01
sainsburys-breakfast-fruit-pot-grapefruit-melody-in-grapefruit-juice-x2-125g;Sainsbury's Grapefruit Segments in Extra Light Syrup 2x125g;£1.00/unit;£4.00/kg;dessert-fruit;32;0.6;7.3;7.3;0.5;0.1;0.5;0.03
sainsburys-bresaola--taste-the-difference-80g;Sainsbury's Italian Bresaola, Taste The Difference 80g;£3.75/unit;£4.69/100g;continental-meats;141;31.0;0.5;0.5;1.6;0.8;0.5;3.30
sainsburys-bresaola--taste-the-difference-80g;Sainsbury's Italian Bresaola, Taste The Difference 80g;£3.75/unit;£4.69/100g;mfp-continental-meats;141;31.0;0.5;0.5;1.6;0.8;0.5;3.30
sainsburys-bresaola--taste-the-difference-80g;Sainsbury's Italian Bresaola, Taste The Difference 80g;£3.75/unit;£4.69/100g;mfp-cooked-meats-snacking-taste-the-difference;141;31.0;0.5;0.5;1.6;0.8;0.5;3.30
sainsburys-brie-de-meau--taste-the-difference-x-175g;Sainsbury's Brie De Meaux, Taste the Difference 175g;£2.75/unit;£15.28/kg;organic-taste-the-difference-cheese;273;20.3;0.5;0.5;21.0;15.4;0.5;2.05
sainsburys-brillat-savarin--taste-the-difference-200g;Sainsbury's Brillat Savarin, Taste the Difference 200g;£4.00/unit;£20.00/kg;cheeseboard-delights;390;10.0;2.0;1.0;38.0;27.0;0.5;1.00
sainsburys-brillat-savarin--taste-the-difference-200g;Sainsbury's Brillat Savarin, Taste the Difference 200g;£4.00/unit;£20.00/kg;organic-taste-the-difference-cheese;390;10.0;2.0;1.0;38.0;27.0;0.5;1.00
sainsburys-brioche-bread---butter-pud--taste-the-difference-535g;Sainsbury's Brioche Bread & Butter Pud, Taste The Difference 535g;£3.75/unit;£0.70/100g;desserts;287;4.2;27.9;21.1;17.4;10.6;0.7;0.24
sainsburys-british-2-pork-chops-450g;Sainsbury's British Pork Chops x2 450g;£3.00/unit;£6.67/kg;great-prices-on-meat---fish;1163279;26.3;0.5;0.5;19.0;7.2;0.5;0.26
sainsburys-british-2-pork-chops-450g;Sainsbury's British Pork Chops x2 450g;£3.00/unit;£6.67/kg;pork;1163279;26.3;0.5;0.5;19.0;7.2;0.5;0.26
sainsburys-british-8-thin-cut-loin-steaks-800g-p;Sainsbury's British Pork Loin Steaks, Thin Cut x8 800g;£5.00/unit;£6.25/kg;great-prices-on-meat---fish;220;27.5;0.5;0.5;12.0;4.2;0.6;0.98
sainsburys-british-8-thin-cut-loin-steaks-800g-p;Sainsbury's British Pork Loin Steaks, Thin Cut x8 800g;£5.00/unit;£6.25/kg;pork;220;27.5;0.5;0.5;12.0;4.2;0.6;0.98
sainsburys-british-apple-juice--not-from-concentrate-250ml;Sainsbury's British Apple Juice, Not From Concentrate 250ml;£0.75/unit;£0.30/100ml;chilled-fruit-juice;43;0.5;10.5;9.0;0.5;0.1;0.5;0.01
sainsburys-british-apples-x5-%28minimum%29;Sainsbury's British Apples x5 (minimum);£1.50/unit;£1.50/ea;apples-pears-rhubarb;47;0.5;11.8;11.8;0.5;0.1;1.8;0.5
sainsburys-british-beef-fillet-steak-%28approx-310g%29;Sainsbury's Beef Fillet Steak (approx. 212g / 7.5oz);£30.00/kg;£30.00/kg;beef;159;25.1;0.5;0.5;6.5;3.0;0.5;0.18
sainsburys-british-beef-medallion-steak-%28approx-410g%29;Sainsbury's Beef Medallion Steak, Extra Lean (approx. 418g / 14.5oz);£14.00/kg;£14.00/kg;beef;147;30.5;0.5;0.5;2.8;1.1;0.5;0.18
sainsburys-british-beef-medallion-steak-%28approx-410g%29;Sainsbury's Beef Medallion Steak, Extra Lean (approx. 418g / 14.5oz);£14.00/kg;£14.00/kg;burgers-bbq;147;30.5;0.5;0.5;2.8;1.1;0.5;0.18
sainsburys-british-beef-mince--so-organic-500g;Sainsbury's Beef Mince 15% Fat, SO Organic 500g;£3.50/unit;£7.00/kg;beef;232;25.0;0.5;0.5;14.5;6.5;0.5;0.28
sainsburys-british-beef-sirloin-steak--thin-x2-%28approx-225g%29;Sainsbury's Beef Sirloin Steak, Thin x2 (approx. 265g / 9oz);£17.78/kg;£17.78/kg;great-prices-on-meat---fish;213;27.6;0.5;0.5;11.4;4.9;0.5;0.20
sainsburys-british-boneless-pork-crackling-leg-joint--large-%28approx-22kg%29;Sainsbury's British Boneless Pork Crackling Leg Joint, Large (approx. 2.2kg);£4.00/kg;£4.00/kg;pork;221;29.9;0.8;0.5;10.8;4.2;0.5;0.52
sainsburys-british-boneless-pork-shoulder-joint--basics-%28approx-14kg%29;Sainsbury's British Boneless Pork Shoulder Joint, Basics (approx. 1.4kg);£3.30/kg;£3.30/kg;pork;267;30.2;0.5;0.5;16.0;5.8;0.8;0.14
sainsburys-british-boneless-rind-on-pork-belly-joint-%28approx-700g%29;Sainsbury's British Outdoor Reared Boneless Pork Belly Joint, Small (approx. 700g);£5.50/kg;£5.50/kg;pork;418;27.3;0.5;0.5;34.1;13.6;0.5;1.48
sainsburys-british-bramley-apple-bag-x5-%28minimum%29;Sainsbury's British Bramley Apple Bag x4 (minimum);£1.50/unit;£1.50/ea;apples-pears-rhubarb;33;0.5;8.1;100;0.5;0.1;1.5;0.5
sainsburys-british-breaded-ham--be-good-to-yourself-100g;Sainsbury's Breaded Ham, Be Good To Yourself 100g;£2.00/unit;£2.00/100g;ham-82654-44;110;21.8;2.0;0.5;1.6;0.6;0.5;1.38
sainsburys-british-breaded-ham--be-good-to-yourself-100g;Sainsbury's Breaded Ham, Be Good To Yourself 100g;£2.00/unit;£2.00/100g;ham;110;21.8;2.0;0.5;1.6;0.6;0.5;1.38
sainsburys-british-breaded-ham-120g;Sainsbury's British Breaded Ham 120g;£2.00/unit;£1.67/100g;ham-82654-44;118;21.1;0.9;0.5;3.3;1.2;0.5;1.63
sainsburys-british-breaded-ham-120g;Sainsbury's British Breaded Ham 120g;£2.00/unit;£1.67/100g;ham;118;21.1;0.9;0.5;3.3;1.2;0.5;1.63
sainsburys-british-broad-beans-750g;Sainsbury's British Broad Beans 750g;£1.50/unit;£2.00/kg;frozen-vegetables;93;7.9;10.7;1.2;0.6;0.1;6.5;0.02
sainsburys-british-broccoli-florets-1kg;Sainsbury's British Broccoli Florets 1kg;£1.40/unit;£1.40/kg;frozen-vegetables;37;3.3;2.3;1.4;0.9;0.1;3.0;0.03
sainsburys-british-butterflied-lamb-leg-%28approx-750g%29;Sainsbury's British Butterflied Lamb Leg (approx. 750g);£12.50/kg;£12.50/kg;lamb;162;25.1;0.5;0.5;6.8;3.3;0.5;0.18
sainsburys-british-button-sprouts-1kg;Sainsbury's British Button Sprouts 1kg;£1.20/unit;£1.20/kg;frozen-vegetables;45;3.5;2.7;2.4;1.3;0.3;4.1;0.01
sainsburys-british-caster-sugar-500g;Sainsbury's British White Caster Sugar 500g;£1.00/unit;£2.00/kg;tea-coffee-sugar;400;0.5;99.9;99.9;0.5;0.1;0.5;0.01
sainsburys-british-cauliflower---broccoli-floret-mix-1kg;Sainsbury's British Cauliflower & Broccoli Floret Mix 1kg;£1.40/unit;£1.40/kg;frozen-vegetables;31;2.7;2.1;1.4;0.7;0.1;2.9;0.01
sainsburys-british-cauliflower-florets-1kg;Sainsbury's British Cauliflower Florets 1kg;£1.40/unit;£1.40/kg;frozen-vegetables;26;2.0;1.9;1.4;0.5;0.1;2.7;0.02
sainsburys-british-chicken-breast-fillet-portions-460g;Sainsbury's British Chicken Breast Fillet Portions 460g;£3.30/unit;£7.17/kg;chicken;141;30.7;0.5;0.5;1.7;0.4;0.5;0.13
sainsburys-british-chicken-breast-fillet-portions-460g;Sainsbury's British Chicken Breast Fillet Portions 460g;£3.30/unit;£7.17/kg;great-prices-on-meat---fish;141;30.7;0.5;0.5;1.7;0.4;0.5;0.13
sainsburys-british-chicken-breast-fillets--fresh-for-freezing-1kg;Sainsbury's British Chicken Whole Breast Fillets (minimum 7) 1kg;£9.50/unit;£9.50/kg;chicken;141;30.7;0.5;0.5;1.7;0.4;0.5;0.13
sainsburys-british-chicken-breast-fillets--fresh-for-freezing-1kg;Sainsbury's British Chicken Whole Breast Fillets (minimum 7) 1kg;£9.50/unit;£9.50/kg;great-prices-on-meat---fish;141;30.7;0.5;0.5;1.7;0.4;0.5;0.13
sainsburys-british-chicken-breast-fillets--so-organic-%28approx-360g%29;Sainsbury's British Chicken Breast Fillets, SO Organic (approx. 360g);£19.00/kg;£19.00/kg;chicken;137;31.1;0.5;0.5;1.1;0.3;0.5;0.14
sainsburys-british-chicken-breast-mini-fillets-500g;Sainsbury's British Chicken Breast Mini Fillets 500g;£3.30/unit;£6.60/kg;frozen-chicken;134;27.6;0.5;0.5;2.3;0.4;0.5;0.10
sainsburys-british-chicken-fillets-650g;Sainsbury's British Chicken Breast Fillet Portions 650g;£4.50/unit;£6.92/kg;chicken;141;30.7;0.5;0.5;1.7;0.4;0.5;0.13
sainsburys-british-chicken-fillets-650g;Sainsbury's British Chicken Breast Fillet Portions 650g;£4.50/unit;£6.92/kg;great-prices-on-meat---fish;141;30.7;0.5;0.5;1.7;0.4;0.5;0.13
sainsburys-british-chicken-thigh-fillet--taste-the-difference-%28approx-360g%29;Sainsbury's British Free Range Chicken Thigh Fillet, Taste the Difference (approx. 360g);£9.45/kg;£9.45/kg;chicken;231;35.8;0.5;0.5;9.4;2.4;0.5;0.25
sainsburys-british-chicken-thigh-fillet--taste-the-difference-%28approx-360g%29;Sainsbury's British Free Range Chicken Thigh Fillet, Taste the Difference (approx. 360g);£9.45/kg;£9.45/kg;great-prices-on-meat---fish;231;35.8;0.5;0.5;9.4;2.4;0.5;0.25
sainsburys-british-chicken-thigh-fillet-460g;Sainsbury's British Chicken Thigh Fillets (4-5 pieces) 460g;£3.00/unit;£6.52/kg;chicken;188;26.2;0.5;0.5;8.9;2.2;0.5;0.22
sainsburys-british-chicken-thigh-fillet-460g;Sainsbury's British Chicken Thigh Fillets (4-5 pieces) 460g;£3.00/unit;£6.52/kg;great-prices-on-meat---fish;188;26.2;0.5;0.5;8.9;2.2;0.5;0.22
sainsburys-british-chicken-thigh-fillets--so-organic-%28approx-480g%29;Sainsbury's British Free Range Chicken Thigh Fillets, SO Organic (approx. 360g);£16.60/kg;£16.60/kg;chicken;190;29.5;0.5;0.5;7.7;2.1;0.5;0.27
sainsburys-british-chicken-thigh-pack-460g;Sainsbury's British Chicken Thighs (3-4 pieces) 460g;£2.75/unit;£5.98/kg;burgers-bbq;229;25.2;0.5;0.5;13.9;3.7;0.5;0.13
sainsburys-british-chicken-thigh-pack-460g;Sainsbury's British Chicken Thighs (3-4 pieces) 460g;£2.75/unit;£5.98/kg;chicken;229;25.2;0.5;0.5;13.9;3.7;0.5;0.13
sainsburys-british-chicken-thighs---drums-660g;Sainsbury's British Chicken Thighs & Drums 660g;£3.00/unit;£4.55/kg;burgers-bbq;178;26.1;0.5;0.5;7.8;2.1;0.5;0.13
sainsburys-british-chicken-thighs---drums-660g;Sainsbury's British Chicken Thighs & Drums 660g;£3.00/unit;£4.55/kg;chicken;178;26.1;0.5;0.5;7.8;2.1;0.5;0.13
sainsburys-british-classic-bangers---mash-450g;Sainsbury's British Classic Bangers & Mash 450g;£2.30/unit;£5.11/kg;british-ready-meals;133;5.1;12.9;1.3;6.2;2.9;2.5;0.82
sainsburys-british-classic-bangers---mash-450g;Sainsbury's British Classic Bangers & Mash 450g;£2.30/unit;£5.11/kg;meals-for-1-ready-meals;133;5.1;12.9;1.3;6.2;2.9;2.5;0.82
sainsburys-british-classic-beef-dinner-400g;Sainsbury's British Classic Beef Dinner 400g;£3.50/unit;£8.75/kg;british-ready-meals;122;8.5;13.3;2.3;3.1;1.1;3.5;0.38
sainsburys-british-classic-beef-dinner-400g;Sainsbury's British Classic Beef Dinner 400g;£3.50/unit;£8.75/kg;meals-for-1-ready-meals;122;8.5;13.3;2.3;3.1;1.1;3.5;0.38
sainsburys-british-classic-braised-steak-450g;Sainsbury's British Classic Braised Steak 450g;£2.30/unit;£5.11/kg;british-ready-meals;121;7.7;11.5;1.1;4.5;2.3;2.0;0.61
sainsburys-british-classic-braised-steak-450g;Sainsbury's British Classic Braised Steak 450g;£2.30/unit;£5.11/kg;meals-for-1-ready-meals;121;7.7;11.5;1.1;4.5;2.3;2.0;0.61
sainsburys-british-classic-chicken-casserole-450g;Sainsbury's British Classic Chicken Casserole 450g;£2.30/unit;£5.11/kg;british-ready-meals;129;9.1;8.4;2.2;5.5;2.2;4.8;0.71
sainsburys-british-classic-chicken-casserole-450g;Sainsbury's British Classic Chicken Casserole 450g;£2.30/unit;£5.11/kg;meals-for-1-ready-meals;129;9.1;8.4;2.2;5.5;2.2;4.8;0.71
sainsburys-british-classic-cottage-pie-450g;Sainsbury's British Classic Cottage Pie 450g;£2.30/unit;£5.11/kg;british-ready-meals;90;5.6;6.9;0.9;4.1;2.2;1.6;0.45
sainsburys-british-classic-cottage-pie-450g;Sainsbury's British Classic Cottage Pie 450g;£2.30/unit;£5.11/kg;meals-for-1-ready-meals;90;5.6;6.9;0.9;4.1;2.2;1.6;0.45
sainsburys-british-classic-lancashire-hotpot-450g;Sainsbury's British Classic Lancashire Hotpot 450g;£3.00/unit;£6.67/kg;british-ready-meals;107;7.0;9.7;2.9;3.8;1.4;2.7;0.45
sainsburys-british-classic-lancashire-hotpot-450g;Sainsbury's British Classic Lancashire Hotpot 450g;£3.00/unit;£6.67/kg;meals-for-1-ready-meals;107;7.0;9.7;2.9;3.8;1.4;2.7;0.45
sainsburys-british-classic-minced-beef-hotpot-450g;Sainsbury's British Classic Minced Beef Hotpot 450g;£2.30/unit;£5.11/kg;british-ready-meals;127;6.3;12.1;1.9;4.9;2.2;4.5;0.49
sainsburys-british-classic-minced-beef-hotpot-450g;Sainsbury's British Classic Minced Beef Hotpot 450g;£2.30/unit;£5.11/kg;meals-for-1-ready-meals;127;6.3;12.1;1.9;4.9;2.2;4.5;0.49
sainsburys-british-classic-shepherds-pie-450g;Sainsbury's Classic Shepherds Pie 450g;£2.30/unit;£5.11/kg;british-ready-meals;95;5.0;10.0;1.3;3.4;1.9;2.2;0.55
sainsburys-british-classic-shepherds-pie-450g;Sainsbury's Classic Shepherds Pie 450g;£2.30/unit;£5.11/kg;meals-for-1-ready-meals;95;5.0;10.0;1.3;3.4;1.9;2.2;0.55
sainsburys-british-cooked-ham--basics-x30-400g;Sainsbury's British Cooked Ham, Basics x30 400g;£1.70/unit;£0.43/100g;ham-82654-44;107;16.8;2.0;2.0;3.5;1.3;0.5;1.80
sainsburys-british-cooked-ham--basics-x30-400g;Sainsbury's British Cooked Ham, Basics x30 400g;£1.70/unit;£0.43/100g;ham;107;16.8;2.0;2.0;3.5;1.3;0.5;1.80
sainsburys-british-cooked-ham-120g;Sainsbury's British Cooked Ham 120g;£2.00/unit;£1.67/100g;ham-82654-44;118;22.3;0.9;0.9;2.8;1.0;0.5;1.63
sainsburys-british-cooked-ham-120g;Sainsbury's British Cooked Ham 120g;£2.00/unit;£1.67/100g;ham;118;22.3;0.9;0.9;2.8;1.0;0.5;1.63
sainsburys-british-cooked-ham-125g;Sainsbury's British Ham Slices x10 125g;£1.00/unit;£0.80/100g;ham-82654-44;103;18.0;0.5;0.5;3.4;1.3;0.5;1.80
sainsburys-british-cooked-ham-125g;Sainsbury's British Ham Slices x10 125g;£1.00/unit;£0.80/100g;ham;103;18.0;0.5;0.5;3.4;1.3;0.5;1.80
sainsburys-british-corn-fed-whole-chicken-%28approx-155kg%29;Sainsbury's British Whole Chicken Corn Fed (approx. 1.55kg);£4.40/kg;£4.40/kg;chicken;214;26.0;0.5;0.5;11.9;3.6;0.5;0.19
sainsburys-british-corned-beef--taste-the-difference-100g;Sainsbury's British Corned Beef, Taste the Difference 100g;£3.00/unit;£3.00/100g;cooked-meats-taste-the-difference;233;23.1;0.5;0.5;15.4;6.6;0.5;1.35
sainsburys-british-corned-beef--taste-the-difference-100g;Sainsbury's British Corned Beef, Taste the Difference 100g;£3.00/unit;£3.00/100g;mfp-cooked-meats-snacking-taste-the-difference;233;23.1;0.5;0.5;15.4;6.6;0.5;1.35
sainsburys-british-creme-fraiche-300ml;Sainsbury's British Crème Fraîche 300ml;£0.85/unit;£0.28/100ml;fresh-cream-custard;296;2.1;2.0;2.0;31.1;21.6;0.5;0.05
sainsburys-british-creme-fraiche-600ml;Sainsbury's British Crème Fraîche 600ml;£1.60/unit;£0.27/100ml;fresh-cream-custard;296;2.1;2.0;2.0;31.1;21.6;0.5;0.05
sainsburys-british-diced-chicken-251g;Sainsbury's British Diced Chicken Breast 251g;£3.00/unit;£11.95/kg;chicken;171;32.6;0.5;0.5;4.2;0.8;0.5;0.20
sainsburys-british-diced-chicken-500g;Sainsbury's British Diced Chicken 500g;£3.30/unit;£6.60/kg;frozen-chicken;157;28.6;0.5;0.5;4.4;0.7;0.5;0.15
sainsburys-british-diced-chicken-breast-400g;Sainsbury's British Diced Chicken Breast 400g;£3.00/unit;£7.50/kg;chicken;171;32.6;0.5;0.5;4.2;0.8;0.5;0.20
sainsburys-british-diced-chicken-breast-400g;Sainsbury's British Diced Chicken Breast 400g;£3.00/unit;£7.50/kg;great-prices-on-meat---fish;171;32.6;0.5;0.5;4.2;0.8;0.5;0.20
sainsburys-british-diced-pork-shoulder--basics-445g;Sainsbury's British Diced Pork Shoulder, Basics 445g;£2.50/unit;£5.62/kg;great-prices-on-meat---fish;145;18.3;0.5;0.5;7.6;2.7;0.5;0.24
sainsburys-british-diced-pork-shoulder--basics-445g;Sainsbury's British Diced Pork Shoulder, Basics 445g;£2.50/unit;£5.62/kg;pork;145;18.3;0.5;0.5;7.6;2.7;0.5;0.24
sainsburys-british-extra-lean-beef-escalopes-300g;Sainsbury's Beef Escalopes, Extra Lean 300g / 10.5oz;£3.45/unit;£11.50/kg;beef;178;36.4;0.5;0.5;3.6;1.5;0.5;0.15
sainsburys-british-extra-lean-pork-fillet-medallion-300g;Sainsbury's British Extra Lean Pork Fillet Medallion 300g;£4.00/unit;£13.33/kg;pork;124;22.2;0.2;0.1;3.7;1.2;0.5;0.18
sainsburys-british-extra-mature-cheddar-270g;Sainsbury's British Extra Mature Cheddar 270g;£2.15/unit;£7.96/kg;cheddar-british-regional-cheese;410;25.0;0.5;0.5;34.4;21.7;0.5;1.68
sainsburys-british-extra-mature-cheddar-400g;Sainsbury's British Extra Mature Cheddar 400g;£3.00/unit;£7.50/kg;cheddar-british-regional-cheese;410;25.0;0.5;0.5;34.4;21.7;0.5;1.68
sainsburys-british-extra-mature-cheddar-slices-240g;Sainsbury's British Extra Mature Cheddar Slices 240g;£2.00/unit;£8.33/kg;cheddar-british-regional-cheese;390;25.5;0.5;0.5;32.0;20.8;0.5;1.80
sainsburys-british-extra-mature-cheddar-slices-240g;Sainsbury's British Extra Mature Cheddar Slices 240g;£2.00/unit;£8.33/kg;sliced-grated-cheese;390;25.5;0.5;0.5;32.0;20.8;0.5;1.80
sainsburys-british-extra-mature-grated-cheddar-250g;Sainsbury's British Extra Mature Grated Cheddar 250g;£2.00/unit;£8.00/kg;cheddar-british-regional-cheese;389;25.0;1.7;0.5;31.4;20.4;0.5;1.78
sainsburys-british-extra-mature-grated-cheddar-250g;Sainsbury's British Extra Mature Grated Cheddar 250g;£2.00/unit;£8.00/kg;sliced-grated-cheese;389;25.0;1.7;0.5;31.4;20.4;0.5;1.78
sainsburys-british-filtered-skimmed-milk-2l;Sainsbury's British Filtered Skimmed Milk 2L;£1.50/unit;£0.75/ltr;drinks-fresh-milk;35;3.2;4.9;4.9;0.5;0.1;0.5;0.14
sainsburys-british-filtered-skimmed-milk-2l;Sainsbury's British Filtered Skimmed Milk 2L;£1.50/unit;£0.75/ltr;fresh-milk;35;3.2;4.9;4.9;0.5;0.1;0.5;0.14
sainsburys-british-filtered-whole-milk-2l;Sainsbury's British Filtered Whole Milk 2L;£1.50/unit;£0.75/ltr;drinks-fresh-milk;63;3.1;4.5;4.5;3.6;2.3;0.5;0.13
sainsburys-british-filtered-whole-milk-2l;Sainsbury's British Filtered Whole Milk 2L;£1.50/unit;£0.75/ltr;fresh-milk;63;3.1;4.5;4.5;3.6;2.3;0.5;0.13
sainsburys-british-free-range-whole-chicken--taste-the-difference-900g---22kg;Sainsbury's British Whole Chicken Free Range, Taste the Difference 900g - 2.2kg;£5.60/kg;£5.60/kg;chicken;204;28.9;0.5;0.5;9.5;2.7;0.5;0.13
sainsburys-british-free-range-whole-chicken--taste-the-difference-900g---22kg;Sainsbury's British Whole Chicken Free Range, Taste the Difference 900g - 2.2kg;£5.60/kg;£5.60/kg;organic-taste-the-difference;204;28.9;0.5;0.5;9.5;2.7;0.5;0.13
sainsburys-british-fresh-chicken-legs-%28approx-12kg%29;Sainsbury's British Chicken Legs (approx. 1.2kg);£4.00/kg;£4.00/kg;burgers-bbq;229;23.1;0.5;0.5;14.8;4.0;0.5;0.13
sainsburys-british-fresh-chicken-legs-%28approx-12kg%29;Sainsbury's British Chicken Legs (approx. 1.2kg);£4.00/kg;£4.00/kg;chicken;229;23.1;0.5;0.5;14.8;4.0;0.5;0.13
sainsburys-british-fresh-chicken-liver-400g;Sainsbury's British Fresh Chicken Liver 400g;£1.00/unit;£2.50/kg;chicken;170;23.3;2.1;0.5;7.3;2.0;1.3;0.29
sainsburys-british-fresh-chicken-thighs-%28approx-13kg%29;Sainsbury's British Chicken Thighs (approx. 1.3kg);£5.00/kg;£5.00/kg;burgers-bbq;229;25.2;0.5;0.5;13.9;3.7;0.5;0.13
sainsburys-british-fresh-chicken-thighs-%28approx-13kg%29;Sainsbury's British Chicken Thighs (approx. 1.3kg);£5.00/kg;£5.00/kg;chicken;229;25.2;0.5;0.5;13.9;3.7;0.5;0.13
sainsburys-british-fresh-milk--organic-568ml-%281pint%29;Sainsbury's British Whole Milk, SO Organic 568ml (1 pint);£0.60/unit;£1.06/ltr;drinks-fresh-milk;64;3.2;4.7;4.7;3.6;2.3;0.0;0.14
sainsburys-british-fresh-milk--organic-568ml-%281pint%29;Sainsbury's British Whole Milk, SO Organic 568ml (1 pint);£0.60/unit;£1.06/ltr;fresh-milk;64;3.2;4.7;4.7;3.6;2.3;0.0;0.14
sainsburys-british-fresh-milk--organic-568ml-%281pint%29;Sainsbury's British Whole Milk, SO Organic 568ml (1 pint);£0.60/unit;£1.06/ltr;organic-milk;64;3.2;4.7;4.7;3.6;2.3;0.0;0.14
sainsburys-british-fresh-milk--semi-skimmed--organic-568ml-%281pint%29;Sainsbury's British Semi Skimmed Milk, SO Organic 568ml (1 pint);£0.60/unit;£1.06/ltr;drinks-fresh-milk;49;3.4;5.0;5.0;1.7;1.0;0.0;0.14
sainsburys-british-fresh-milk--semi-skimmed--organic-568ml-%281pint%29;Sainsbury's British Semi Skimmed Milk, SO Organic 568ml (1 pint);£0.60/unit;£1.06/ltr;fresh-milk;49;3.4;5.0;5.0;1.7;1.0;0.0;0.14
sainsburys-british-fresh-milk--semi-skimmed--organic-568ml-%281pint%29;Sainsbury's British Semi Skimmed Milk, SO Organic 568ml (1 pint);£0.60/unit;£1.06/ltr;organic-milk;49;3.4;5.0;5.0;1.7;1.0;0.0;0.14
sainsburys-british-fresh-milk--semi-skimmed--so-organic-113l-%282-pint%29;Sainsbury's British Semi Skimmed Milk, SO Organic 1.13L (2 pint);£1.10/unit;£0.97/ltr;drinks-fresh-milk;48;3.5;4.6;4.6;1.8;1.1;0.5;0.10
sainsburys-british-fresh-milk--semi-skimmed--so-organic-113l-%282-pint%29;Sainsbury's British Semi Skimmed Milk, SO Organic 1.13L (2 pint);£1.10/unit;£0.97/ltr;fresh-milk;48;3.5;4.6;4.6;1.8;1.1;0.5;0.10
sainsburys-british-fresh-milk--semi-skimmed--so-organic-113l-%282-pint%29;Sainsbury's British Semi Skimmed Milk, SO Organic 1.13L (2 pint);£1.10/unit;£0.97/ltr;organic-milk;48;3.5;4.6;4.6;1.8;1.1;0.5;0.10
sainsburys-british-fresh-milk--semi-skimmed--so-organic-227l-%284-pint%29;Sainsbury's British Semi Skimmed Milk, SO Organic 2.27L (4 pint);£1.85/unit;£0.81/ltr;drinks-fresh-milk;48;3.5;4.6;4.6;1.8;1.1;0.5;0.10
sainsburys-british-fresh-milk--semi-skimmed--so-organic-227l-%284-pint%29;Sainsbury's British Semi Skimmed Milk, SO Organic 2.27L (4 pint);£1.85/unit;£0.81/ltr;fresh-milk;48;3.5;4.6;4.6;1.8;1.1;0.5;0.10
sainsburys-british-fresh-milk--semi-skimmed--so-organic-227l-%284-pint%29;Sainsbury's British Semi Skimmed Milk, SO Organic 2.27L (4 pint);£1.85/unit;£0.81/ltr;organic-milk;48;3.5;4.6;4.6;1.8;1.1;0.5;0.10
sainsburys-british-fresh-milk--semi-skimmed-113l-%282pint%29;Sainsbury's British Semi Skimmed Milk 1.13L (2 pint);£0.89/unit;£0.78/ltr;drinks-fresh-milk;48;3.5;4.6;4.6;1.8;1.1;0.5;0.10
sainsburys-british-fresh-milk--semi-skimmed-113l-%282pint%29;Sainsbury's British Semi Skimmed Milk 1.13L (2 pint);£0.89/unit;£0.78/ltr;fresh-milk;48;3.5;4.6;4.6;1.8;1.1;0.5;0.10
sainsburys-british-fresh-milk--semi-skimmed-34l-%286-pint%29;Sainsbury's British Semi Skimmed Milk 3.4L (6 pint);£1.48/unit;£0.43/ltr;drinks-fresh-milk;48;3.5;4.6;4.6;1.8;1.1;0.5;0.10
sainsburys-british-fresh-milk--semi-skimmed-34l-%286-pint%29;Sainsbury's British Semi Skimmed Milk 3.4L (6 pint);£1.48/unit;£0.43/ltr;fresh-milk;48;3.5;4.6;4.6;1.8;1.1;0.5;0.10
sainsburys-british-fresh-milk--semi-skimmed-568ml-%281pint%29;Sainsbury's British Semi Skimmed Milk 568ml (1 pint);£0.49/unit;£0.86/ltr;drinks-fresh-milk;48;3.5;4.6;4.6;1.8;1.1;0.5;0.10
sainsburys-british-fresh-milk--semi-skimmed-568ml-%281pint%29;Sainsbury's British Semi Skimmed Milk 568ml (1 pint);£0.49/unit;£0.86/ltr;fresh-milk;48;3.5;4.6;4.6;1.8;1.1;0.5;0.10
sainsburys-british-fresh-milk--skimmed-113l-%282pint%29;Sainsbury's British Skimmed Milk 1.13L (2 pint);£0.89/unit;£0.78/ltr;drinks-fresh-milk;36;3.6;4.7;4.7;0.5;0.1;0.5;0.13
sainsburys-british-fresh-milk--skimmed-113l-%282pint%29;Sainsbury's British Skimmed Milk 1.13L (2 pint);£0.89/unit;£0.78/ltr;fresh-milk;36;3.6;4.7;4.7;0.5;0.1;0.5;0.13
sainsburys-british-fresh-milk-skimmed--organic-568ml-%281pint%29;Sainsbury's British Skimmed Milk, SO Organic 568ml (1 pint);£0.60/unit;£1.06/ltr;drinks-fresh-milk;35;3.4;5.0;5.0;0.1;0;0.0;0.14
sainsburys-british-fresh-milk-skimmed--organic-568ml-%281pint%29;Sainsbury's British Skimmed Milk, SO Organic 568ml (1 pint);£0.60/unit;£1.06/ltr;fresh-milk;35;3.4;5.0;5.0;0.1;0;0.0;0.14
sainsburys-british-fresh-milk-skimmed--organic-568ml-%281pint%29;Sainsbury's British Skimmed Milk, SO Organic 568ml (1 pint);£0.60/unit;£1.06/ltr;organic-milk;35;3.4;5.0;5.0;0.1;0;0.0;0.14
sainsburys-british-fresh-milk-skimmed--so-organic-113l-%282-pint%29;Sainsbury's British Skimmed Milk, SO Organic 1.13L (2 pint);£1.10/unit;£0.97/ltr;drinks-fresh-milk;35;3.4;5.0;5.0;0.5;0.1;0.5;0.14
sainsburys-british-fresh-milk-skimmed--so-organic-113l-%282-pint%29;Sainsbury's British Skimmed Milk, SO Organic 1.13L (2 pint);£1.10/unit;£0.97/ltr;fresh-milk;35;3.4;5.0;5.0;0.5;0.1;0.5;0.14
sainsburys-british-fresh-milk-skimmed--so-organic-113l-%282-pint%29;Sainsbury's British Skimmed Milk, SO Organic 1.13L (2 pint);£1.10/unit;£0.97/ltr;organic-milk;35;3.4;5.0;5.0;0.5;0.1;0.5;0.14
sainsburys-british-fresh-pigs-liver-%28approx-420g%29;Sainsbury's British Fresh Pigs Liver (approx. 420g);£2.00/kg;£2.00/kg;pork;209;32.0;0.5;0.5;8.9;1.6;-1;0.24
sainsburys-british-fresh-whole-milk--so-organic-227l-%284-pint%29;Sainsbury's British Whole Milk, SO Organic 2.27L (4 Pint);£1.85/unit;£0.81/ltr;drinks-fresh-milk;67;3.3;4.5;4.5;4.0;2.6;0.5;0.10
sainsburys-british-fresh-whole-milk--so-organic-227l-%284-pint%29;Sainsbury's British Whole Milk, SO Organic 2.27L (4 Pint);£1.85/unit;£0.81/ltr;fresh-milk;67;3.3;4.5;4.5;4.0;2.6;0.5;0.10
sainsburys-british-fresh-whole-milk--so-organic-227l-%284-pint%29;Sainsbury's British Whole Milk, SO Organic 2.27L (4 Pint);£1.85/unit;£0.81/ltr;organic-milk;67;3.3;4.5;4.5;4.0;2.6;0.5;0.10
sainsburys-british-frozen-skinless-chicken-fillets-1kg;Sainsbury's British Skinless Chicken Fillets 1kg;£6.50/unit;£6.50/kg;frozen-chicken;138;30.7;0.0;0.0;1.7;0.4;0.0;0.13
sainsburys-british-garden-peas-181kg;Sainsbury's British Garden Peas 1.81kg;£2.70/unit;£1.49/kg;frozen-vegetables;79;5.9;9.0;2.6;0.9;0.2;5.5;0.01
sainsburys-british-garden-peas-910g;Sainsbury's British Garden Peas 910g;£1.45/unit;£1.60/kg;frozen-vegetables;79;5.9;9.0;2.6;0.9;0.2;5.5;0.01
sainsburys-british-granulated-sugar-500g;Sainsbury's British White Granulated Sugar 500g;£0.55/unit;£1.10/kg;tea-coffee-sugar;400;0.5;99.9;99.9;0.5;0.1;0.5;0.01
sainsburys-british-granulated-sugar-5kg;Sainsbury's British White Granulated Sugar 5kg;£3.00/unit;£0.60/kg;tea-coffee-sugar;400;0.5;99.9;99.9;0.5;0.1;0.5;0.01
sainsburys-british-half-fat-creme-fraiche-300ml;Sainsbury's British Half Fat Crème Fraîche 300ml;£0.85/unit;£0.28/100ml;fresh-cream-custard;163;2.7;4.4;3.0;15.0;10.2;0.5;0.09
sainsburys-british-half-fat-creme-fraiche-600ml;Sainsbury's British Half Fat Crème Fraîche 600ml;£1.60/unit;£0.27/100ml;fresh-cream-custard;163;2.7;4.4;3.0;15.0;10.2;0.5;0.09
sainsburys-british-ham-joint-500g;Sainsbury's British Ham Joint 500g;£5.00/unit;£1.00/100g;continental-meats;115;22.1;1.0;1.0;2.5;0.9;0.5;1.90
sainsburys-british-ham-joint-500g;Sainsbury's British Ham Joint 500g;£5.00/unit;£1.00/100g;ham-82654-44;115;22.1;1.0;1.0;2.5;0.9;0.5;1.90
sainsburys-british-ham-joint-500g;Sainsbury's British Ham Joint 500g;£5.00/unit;£1.00/100g;ham;115;22.1;1.0;1.0;2.5;0.9;0.5;1.90
sainsburys-british-ham-joint-500g;Sainsbury's British Ham Joint 500g;£5.00/unit;£1.00/100g;mfp-continental-meats;115;22.1;1.0;1.0;2.5;0.9;0.5;1.90
sainsburys-british-ham-slices--basics-125g;Sainsbury's British Ham Slices, Basics 125g;£0.65/unit;£0.52/100g;ham-82654-44;107;16.8;2.0;2.0;3.5;1.3;0.5;1.80
sainsburys-british-ham-slices--basics-125g;Sainsbury's British Ham Slices, Basics 125g;£0.65/unit;£0.52/100g;ham;107;16.8;2.0;2.0;3.5;1.3;0.5;1.80
sainsburys-british-honey-cured-ham-wafer-thin-sliced-450g;Sainsbury's British Honey Cured Ham Wafer Thin Sliced 450g;£2.50/unit;£0.56/100g;ham-82654-44;107;16.3;2.0;2.0;3.8;1.5;0.5;1.80
sainsburys-british-honey-cured-ham-wafer-thin-sliced-450g;Sainsbury's British Honey Cured Ham Wafer Thin Sliced 450g;£2.50/unit;£0.56/100g;ham;107;16.3;2.0;2.0;3.8;1.5;0.5;1.80
sainsburys-british-honey-roast-ham-120g;Sainsbury's British Honey Roast Ham Slices x7 120g;£2.00/unit;£1.67/100g;ham-82654-44;120;22.3;1.4;1.4;2.8;1.0;0.5;1.63
sainsburys-british-honey-roast-ham-120g;Sainsbury's British Honey Roast Ham Slices x7 120g;£2.00/unit;£1.67/100g;ham;120;22.3;1.4;1.4;2.8;1.0;0.5;1.63
sainsburys-british-honey-roast-ham-125g;Sainsbury's British Honey Roast Ham Slices x10 125g;£1.00/unit;£0.80/100g;ham-82654-44;110;17.8;2.0;2.0;3.4;1.3;0.5;1.80
sainsburys-british-honey-roast-ham-125g;Sainsbury's British Honey Roast Ham Slices x10 125g;£1.00/unit;£0.80/100g;ham;110;17.8;2.0;2.0;3.4;1.3;0.5;1.80
sainsburys-british-jubilee-large-vine-tomatoes--taste-the-difference;Sainsbury's British Jubilee Large Vine Tomatoes, Taste the Difference;£1.75/unit;£3.98/kg;fresh-salad-tomatoes;1;1;1;3;1;1;0;1
sainsburys-british-jubilee-large-vine-tomatoes--taste-the-difference;Sainsbury's British Jubilee Large Vine Tomatoes, Taste the Difference;£1.75/unit;£3.98/kg;fresh-vegetables-tomatoes;1;1;1;3;1;1;0;1
sainsburys-british-jubilee-large-vine-tomatoes--taste-the-difference;Sainsbury's British Jubilee Large Vine Tomatoes, Taste the Difference;£1.75/unit;£3.98/kg;fruit-vegetables-organic-taste-the-difference;1;1;1;3;1;1;0;1
sainsburys-british-lean-pork-mince-500g;Sainsbury's British Pork Mince 10% Fat 500g;£3.30/unit;£6.60/kg;pork;185;23.1;0.5;0.5;10.0;3.4;0.5;0.15
sainsburys-british-loin-steaks-x2-304g;Sainsbury's British Pork Loin Steaks x2 300g;£3.00/unit;£10.00/kg;great-prices-on-meat---fish;0;0.5;0.5;0.5;0.5;0.1;0.5;0.01
sainsburys-british-loin-steaks-x2-304g;Sainsbury's British Pork Loin Steaks x2 300g;£3.00/unit;£10.00/kg;pork;0;0.5;0.5;0.5;0.5;0.1;0.5;0.01
sainsburys-british-mature-cheddar-270g;Sainsbury's British Mature Cheddar 270g;£2.15/unit;£7.96/kg;cheddar-british-regional-cheese;390;25.5;0.5;0.5;32.0;20.8;0.5;1.80
sainsburys-british-mature-cheddar-400g;Sainsbury's British Mature Cheddar 400g;£3.00/unit;£7.50/kg;cheddar-british-regional-cheese;390;25.5;0.5;0.5;32.0;20.8;0.5;1.80
sainsburys-british-mature-cheddar-slices-240g;Sainsbury's British Mature Cheddar Slices 240g;£2.00/unit;£8.33/kg;cheddar-british-regional-cheese;390;25.5;0.5;0.5;32.0;20.8;0.5;1.80
sainsburys-british-mature-cheddar-slices-240g;Sainsbury's British Mature Cheddar Slices 240g;£2.00/unit;£8.33/kg;sliced-grated-cheese;390;25.5;0.5;0.5;32.0;20.8;0.5;1.80
sainsburys-british-mature-grated-cheddar-250g;Sainsbury's British Mature Grated Cheddar 250g;£2.00/unit;£8.00/kg;cheddar-british-regional-cheese;389;25.0;1.7;0.5;31.4;20.4;0.5;1.78
sainsburys-british-mature-grated-cheddar-250g;Sainsbury's British Mature Grated Cheddar 250g;£2.00/unit;£8.00/kg;sliced-grated-cheese;389;25.0;1.7;0.5;31.4;20.4;0.5;1.78
sainsburys-british-mature-grated-cheddar-500g;Sainsbury's British Mature Grated Cheddar 500g;£3.50/unit;£7.00/kg;cheddar-british-regional-cheese;389;25.0;1.7;0.5;31.4;20.4;0.5;1.78
sainsburys-british-mature-grated-cheddar-500g;Sainsbury's British Mature Grated Cheddar 500g;£3.50/unit;£7.00/kg;sliced-grated-cheese;389;25.0;1.7;0.5;31.4;20.4;0.5;1.78
sainsburys-british-med-loin-joint-1kg-vac-pack;Sainsbury's British Boneless Pork Crackling Loin Joint, Medium 1kg;£5.00/unit;£5.00/kg;pork;210;30.2;0.5;0.5;9.7;3.7;0.6;0.13
sainsburys-british-medium-cheddar-270g;Sainsbury's British Medium Cheddar 270g;£2.15/unit;£7.96/kg;cheddar-british-regional-cheese;390;25.5;0.5;0.5;32.0;20.8;0.5;1.80
sainsburys-british-medium-cheddar-400g;Sainsbury's British Medium Cheddar 400g;£3.00/unit;£7.50/kg;cheddar-british-regional-cheese;390;25.5;0.5;0.5;32.0;20.8;0.5;1.80
sainsburys-british-medium-cheddar-slices-240g;Sainsbury's British Medium Cheddar Slices 240g;£2.00/unit;£8.33/kg;cheddar-british-regional-cheese;390;25.5;0.5;0.5;32.0;20.8;0.5;1.80
sainsburys-british-medium-cheddar-slices-240g;Sainsbury's British Medium Cheddar Slices 240g;£2.00/unit;£8.33/kg;sliced-grated-cheese;390;25.5;0.5;0.5;32.0;20.8;0.5;1.80
sainsburys-british-medium-cheddar-slices-480g;Sainsbury's British Medium Cheddar Slices 480g;£3.50/unit;£7.29/kg;cheddar-british-regional-cheese;390;25.5;0.5;0.5;32.0;20.8;0.5;1.80
sainsburys-british-medium-cheddar-slices-480g;Sainsbury's British Medium Cheddar Slices 480g;£3.50/unit;£7.29/kg;sliced-grated-cheese;390;25.5;0.5;0.5;32.0;20.8;0.5;1.80
sainsburys-british-medium-grated-cheddar-250g;Sainsbury's British Medium Grated Cheddar 250g;£2.00/unit;£8.00/kg;cheddar-british-regional-cheese;389;25.0;1.7;0.5;31.4;20.4;0.5;1.78
sainsburys-british-medium-grated-cheddar-250g;Sainsbury's British Medium Grated Cheddar 250g;£2.00/unit;£8.00/kg;sliced-grated-cheese;389;25.0;1.7;0.5;31.4;20.4;0.5;1.78
sainsburys-british-medium-grated-cheddar-500g;Sainsbury's British Medium Grated Cheddar 500g;£3.50/unit;£7.00/kg;cheddar-british-regional-cheese;389;25.0;1.7;0.5;31.4;20.4;0.5;1.78
sainsburys-british-medium-grated-cheddar-500g;Sainsbury's British Medium Grated Cheddar 500g;£3.50/unit;£7.00/kg;sliced-grated-cheese;389;25.0;1.7;0.5;31.4;20.4;0.5;1.78
sainsburys-british-mild-cheddar-270g;Sainsbury's British Mild Cheddar 270g;£2.15/unit;£7.96/kg;cheddar-british-regional-cheese;390;25.5;0.5;0.5;32.0;20.8;0.5;1.80
sainsburys-british-mild-cheddar-slices-240g;Sainsbury's British Mild Cheddar Slices 240g;£2.00/unit;£8.33/kg;cheddar-british-regional-cheese;390;25.5;0.5;0.5;32.0;20.8;0.5;1.80
sainsburys-british-mild-cheddar-slices-240g;Sainsbury's British Mild Cheddar Slices 240g;£2.00/unit;£8.33/kg;sliced-grated-cheese;390;25.5;0.5;0.5;32.0;20.8;0.5;1.80
sainsburys-british-mild-cheese-400g;Sainsbury's British Mild Cheddar 400g;£3.00/unit;£7.50/kg;cheddar-british-regional-cheese;390;25.5;0.5;0.5;32.0;20.8;0.5;1.80
sainsburys-british-mini-chicken-fillets-400g;Sainsbury's British Mini Chicken Fillets 400g;£3.50/unit;£8.75/kg;chicken;159;32.2;0.5;0.5;3.0;0.4;0.5;0.15
sainsburys-british-mustard-ham-120g;Sainsbury's British Mustard Ham Slices x7 120g;£2.00/unit;£1.67/100g;ham-82654-44;117;22.0;1.0;1.0;2.8;1.0;0.5;1.63
sainsburys-british-mustard-ham-120g;Sainsbury's British Mustard Ham Slices x7 120g;£2.00/unit;£1.67/100g;ham;117;22.0;1.0;1.0;2.8;1.0;0.5;1.63
sainsburys-british-onion-chutney-300g;Sainsbury's Chutney British Onion 300g;£1.40/unit;£0.47/100g;chutneys-pickle-relishes;142;0.7;32;27;0.6;0.2;2.0;1.0
sainsburys-british-peppered-ham-120g;Sainsbury's British Peppered Ham Slices x7 120g;£2.00/unit;£1.67/100g;ham-82654-44;120;21.1;1.8;0.7;3.2;1.2;0.5;1.63
sainsburys-british-peppered-ham-120g;Sainsbury's British Peppered Ham Slices x7 120g;£2.00/unit;£1.67/100g;ham;120;21.1;1.8;0.7;3.2;1.2;0.5;1.63
sainsburys-british-petits-pois-181kg;Sainsbury's British Petits Pois 1.81kg;£3.00/unit;£1.66/kg;frozen-vegetables;79;5.9;9.0;2.6;0.9;0.2;5.5;0.01
sainsburys-british-petits-pois-907g;Sainsbury's British Petits Pois 910g;£1.60/unit;£1.76/kg;frozen-vegetables;79;5.9;9.0;2.6;0.9;0.2;5.5;0.01
sainsburys-british-pork-belly-roasting-joint--taste-the-difference-%28approx-800g%29;Sainsbury's British Pork Belly Joint, Taste the Difference (approx. 800g);£4.50/kg;£4.50/kg;organic-taste-the-difference;418;27.3;0.5;0.5;34.1;13.6;0.5;1.48
sainsburys-british-pork-belly-roasting-joint--taste-the-difference-%28approx-800g%29;Sainsbury's British Pork Belly Joint, Taste the Difference (approx. 800g);£4.50/kg;£4.50/kg;pork;418;27.3;0.5;0.5;34.1;13.6;0.5;1.48
sainsburys-british-pork-boneless-leg-joint--medium-%28approx-12kg%29;Sainsbury's British Boneless Pork Crackling Leg Joint, Medium (approx. 1.2kg);£6.00/kg;£6.00/kg;pork;221;29.9;0.8;0.5;10.8;4.2;0.5;0.52
sainsburys-british-pork-boneless-leg-joint--small-%28approx-08kg%29;Sainsbury's British Boneless Pork Crackling Leg Joint, Small (approx. 800g);£6.00/kg;£6.00/kg;pork;221;29.9;0.8;0.5;10.8;4.2;0.5;0.52
sainsburys-british-pork-boneless-loin-joint--small-%28approx-32kg%29;Sainsbury's British Boneless Pork Crackling Loin Joint, Small (approx. 800g);£7.00/kg;£7.00/kg;pork;210;30.2;0.5;0.5;9.7;3.7;0.6;0.13
sainsburys-british-pork-boneless-loins--taste-the-difference-x2-%28approx-300g%29;Sainsbury's British Pork Loin Steaks Boneless, Taste the Difference x2 (approx. 300g);£10.00/kg;£10.00/kg;organic-taste-the-difference;220;27.5;0.5;0.5;12.0;4.2;0.6;0.98
sainsburys-british-pork-boneless-loins--taste-the-difference-x2-%28approx-300g%29;Sainsbury's British Pork Loin Steaks Boneless, Taste the Difference x2 (approx. 300g);£10.00/kg;£10.00/kg;pork;220;27.5;0.5;0.5;12.0;4.2;0.6;0.98
sainsburys-british-pork-boneless-shoulder-joint--medium-%28approx-12kg%29;Sainsbury's British Pork Shoulder Boneless Joint, Medium (approx. 1.2kg);£5.00/kg;£5.00/kg;pork;226;25.9;0.5;0.5;13.5;4.8;0.5;0.25
sainsburys-british-pork-boneless-shoulder-joint--small-%28approx-800g%29;Sainsbury's British Pork Shoulder Boneless Joint, Small (approx. 800g);£5.00/kg;£5.00/kg;pork;226;25.9;0.5;0.5;13.5;4.8;0.5;0.25
sainsburys-british-pork-chops-x3-525g;Sainsbury's British Pork Chops x3 525g;£3.30/unit;£6.29/kg;great-prices-on-meat---fish;279;26.3;0.5;0.5;19.0;7.2;0.5;0.26
sainsburys-british-pork-chops-x3-525g;Sainsbury's British Pork Chops x3 525g;£3.30/unit;£6.29/kg;pork;279;26.3;0.5;0.5;19.0;7.2;0.5;0.26
sainsburys-british-pork-chops-x6-105kg;Sainsbury's British Pork Chops x6 1.05kg;£6.30/unit;£6.00/kg;great-prices-on-meat---fish;279;26.3;0.5;0.5;19.0;7.2;0.5;0.26
sainsburys-british-pork-chops-x6-105kg;Sainsbury's British Pork Chops x6 1.05kg;£6.30/unit;£6.00/kg;pork;279;26.3;0.5;0.5;19.0;7.2;0.5;0.26
sainsburys-british-pork-loin-joint--small-%28approx-1kg%29;Sainsbury's British Pork Loin Joint, Small (approx. 1kg);£5.00/unit;£5.00/kg;pork;196;25.7;0.5;0.5;10.0;3.9;0.5;1.05
sainsburys-british-pork-loin-joint--small-%28approx-1kg%29;Sainsbury's British Pork Loin Joint, Small (approx. 1kg);£5.00/unit;£5.00/kg;prepared-joints;196;25.7;0.5;0.5;10.0;3.9;0.5;1.05
sainsburys-british-pork-loin-medallions-x6-500g;Sainsbury's British Pork Loin Medallions x6 500g;£4.00/unit;£8.00/kg;pork;165;31.8;0.6;0.6;3.9;1.4;0.5;0.11
sainsburys-british-pork-loin-steaks--thin-cut-x4-450g;Sainsbury's British Pork Loin Steaks, Thin Cut x4 450g;£3.30/unit;£7.33/kg;great-prices-on-meat---fish;220;27.5;0.5;0.5;12.0;4.2;0.6;0.98
sainsburys-british-pork-loin-steaks--thin-cut-x4-450g;Sainsbury's British Pork Loin Steaks, Thin Cut x4 450g;£3.30/unit;£7.33/kg;pork;220;27.5;0.5;0.5;12.0;4.2;0.6;0.98
sainsburys-british-pork-mince-250g;Sainsbury's British Pork Mince 250g;£1.20/unit;£4.80/kg;pork;272;22.7;0.5;0.5;20.0;7.1;0.5;0.18
sainsburys-british-pork-mince-lean--so-organic-454g;Sainsbury's British Free Range Pork Mince 10% Fat, SO Organic 454g;£4.00/unit;£8.81/kg;organic-taste-the-difference;184;23.1;0.5;0.5;10.0;3.0;0.5;0.15
sainsburys-british-pork-mince-lean--so-organic-454g;Sainsbury's British Free Range Pork Mince 10% Fat, SO Organic 454g;£4.00/unit;£8.81/kg;pork;184;23.1;0.5;0.5;10.0;3.0;0.5;0.15
sainsburys-british-pork-rib-bucket-13-kg;Sainsbury's British Pork Rib Bucket 1.3 Kg;£6.00/unit;£4.62/kg;pork;314;27.7;0.5;0.5;22.2;8.9;0.5;0.31
sainsburys-british-pork-ribs-%28approx-500g%29;Sainsbury's British Pork Ribs (approx. 500g);£6.00/kg;£6.00/kg;burgers-bbq;314;27.7;0.5;0.5;22.2;8.9;0.5;0.31
sainsburys-british-pork-ribs-%28approx-500g%29;Sainsbury's British Pork Ribs (approx. 500g);£6.00/kg;£6.00/kg;pork;314;27.7;0.5;0.5;22.2;8.9;0.5;0.31
sainsburys-british-pork-shoulder-boneless-joint-%28approx-18kg%29;Sainsbury's British Pork Shoulder Boneless Joint (approx. 1.8kg);£5.00/kg;£5.00/kg;pork;226;25.9;0.5;0.5;13.5;4.8;0.5;0.25
sainsburys-british-pork-shoulder-steaks-x6-840g;Sainsbury's British Pork Shoulder Steaks x6 840g;£4.00/unit;£4.76/kg;pork;250;24.5;0.5;0.5;16.6;6.1;0.5;0.32
sainsburys-british-pork-steaks--so-organic-%28approx-230g%29;Sainsbury's British Free Range Pork Steaks, SO Organic (approx. 230g);£15.00/kg;£15.00/kg;burgers-bbq;148;27.3;0.5;0.5;4.2;0.9;0.5;0.22
sainsburys-british-pork-steaks--so-organic-%28approx-230g%29;Sainsbury's British Free Range Pork Steaks, SO Organic (approx. 230g);£15.00/kg;£15.00/kg;organic-taste-the-difference;148;27.3;0.5;0.5;4.2;0.9;0.5;0.22
sainsburys-british-pork-steaks--so-organic-%28approx-230g%29;Sainsbury's British Free Range Pork Steaks, SO Organic (approx. 230g);£15.00/kg;£15.00/kg;pork;148;27.3;0.5;0.5;4.2;0.9;0.5;0.22
sainsburys-british-pork-stir-fry--be-good-to-yourself-480g;Sainsbury's British Pork Stir Fry, Be Good To Yourself 480g;£4.00/unit;£8.33/kg;pork;169;29.5;0.5;0.5;5.5;1.7;0.6;0.12
sainsburys-british-pork-streaky-rashers-%28approx-500g%29;Sainsbury's British Pork Streaky Rashers (approx. 625g);£5.85/kg;£5.85/kg;pork;325;23.7;0.5;0.5;25.4;9.7;0.5;0.19
sainsburys-british-pork-tenderloin-fillet-%28approx-350g%29;Sainsbury's British Pork Tenderloin Fillet (approx. 350g);£8.00/kg;£8.00/kg;pork;144;29.0;0.5;0.5;2.8;0.9;0.5;0.10
sainsburys-british-pork-tenderloin-fillets--taste-the-difference-%28approx-400g%29;Sainsbury's British Pork Tenderloin Fillets, Taste the Difference (approx. 400g);£10.00/kg;£10.00/kg;organic-taste-the-difference;144;29.0;0.5;0.5;2.8;0.9;0.5;0.10
sainsburys-british-pork-tenderloin-fillets--taste-the-difference-%28approx-400g%29;Sainsbury's British Pork Tenderloin Fillets, Taste the Difference (approx. 400g);£10.00/kg;£10.00/kg;pork;144;29.0;0.5;0.5;2.8;0.9;0.5;0.10
sainsburys-british-quick-cook-chicken-breast-steaks-400g;Sainsbury's British Quick Cook Chicken Breast Steaks 400g;£3.50/unit;£8.75/kg;chicken;149;30.3;0.5;0.5;2.8;0.6;0.5;0.20
sainsburys-british-raspberries--150g;Sainsbury's Raspberries, 150g;£2.00/unit;£13.33/kg;berries-cherries-currants;32;1.4;4.6;4.6;0.5;0.1;2.5;0.01
sainsburys-british-rib-eye-steak-%28approx-400g%29;Sainsbury's Beef Rib Eye Steak x2 (approx. 454g / 16oz);£19.00/kg;£19.00/kg;beef;230;25;0.5;0.5;15;7.0;0.5;0.20
sainsburys-british-rib-eye-steak-%28approx-400g%29;Sainsbury's Beef Rib Eye Steak x2 (approx. 454g / 16oz);£19.00/kg;£19.00/kg;great-prices-on-meat---fish;230;25;0.5;0.5;15;7.0;0.5;0.20
sainsburys-british-roast-chicken-drumsticks-450g;Sainsbury's British Roast Chicken Drumsticks 450g;£3.30/unit;£0.73/100g;cooked-chicken-turkey;157;24.8;0.5;0.5;6.3;1.7;0.5;0.72
sainsburys-british-roast-chicken-drumsticks-450g;Sainsbury's British Roast Chicken Drumsticks 450g;£3.30/unit;£0.73/100g;mfp-cooked-chicken-turkey;157;24.8;0.5;0.5;6.3;1.7;0.5;0.72
sainsburys-british-sandwich-steak-368g;Sainsbury's Beef Sandwich Steak 368g / 13oz;£3.50/unit;£9.51/kg;burgers-bbq;217;29.0;0.5;0.5;11.2;4.3;0.5;0.18
sainsburys-british-sandwich-steak-368g;Sainsbury's Beef Sandwich Steak 368g / 13oz;£3.50/unit;£9.51/kg;great-prices-on-meat---fish;217;29.0;0.5;0.5;11.2;4.3;0.5;0.18
sainsburys-british-semi-skimmed-milk-227l-%284-pint%29;Sainsbury's British Semi Skimmed Milk 2.27L (4 pint);£1.00/unit;£0.44/ltr;drinks-fresh-milk;48;3.5;4.6;4.6;1.8;1.1;0.5;0.10
sainsburys-british-semi-skimmed-milk-227l-%284-pint%29;Sainsbury's British Semi Skimmed Milk 2.27L (4 pint);£1.00/unit;£0.44/ltr;fresh-milk;48;3.5;4.6;4.6;1.8;1.1;0.5;0.10
sainsburys-british-skimmed-milk-227l-%284-pint%29;Sainsbury's British Skimmed Milk 2.27L (4 pint);£1.00/unit;£0.44/ltr;drinks-fresh-milk;36;3.6;4.7;4.7;0.5;0.1;0.5;0.13
sainsburys-british-skimmed-milk-227l-%284-pint%29;Sainsbury's British Skimmed Milk 2.27L (4 pint);£1.00/unit;£0.44/ltr;fresh-milk;36;3.6;4.7;4.7;0.5;0.1;0.5;0.13
sainsburys-british-skimmed-milk-568ml-%281pint%29;Sainsbury's British Skimmed Milk 568ml (1 pint);£0.49/unit;£0.86/ltr;drinks-fresh-milk;36;3.6;4.7;4.7;0.5;0.1;0.5;0.13
sainsburys-british-skimmed-milk-568ml-%281pint%29;Sainsbury's British Skimmed Milk 568ml (1 pint);£0.49/unit;£0.86/ltr;fresh-milk;36;3.6;4.7;4.7;0.5;0.1;0.5;0.13
sainsburys-british-sliced-green-beans-1kg;Sainsbury's British Sliced Green Beans 1kg;£1.20/unit;£1.20/kg;frozen-vegetables;35;1.8;4.4;2.1;0.5;0.1;3.0;0.02
sainsburys-british-small-traditional-beef-rump-steak--taste-the-difference-%28approx-245g%29;Sainsbury's British Small Traditional Beef Rump Steak, Taste the Difference (approx. 265g / 9oz);£20.00/kg;£20.00/kg;organic-taste-the-difference;242;29.2;0.1;0.1;13.9;6.3;-1;0.25
sainsburys-british-smoked-ham-120g;Sainsbury's British Smoked Ham Slices x7 120g;£2.00/unit;£1.67/100g;ham-82654-44;120;22.7;0.9;0.9;2.8;1.0;0.5;1.63
sainsburys-british-smoked-ham-120g;Sainsbury's British Smoked Ham Slices x7 120g;£2.00/unit;£1.67/100g;ham;120;22.7;0.9;0.9;2.8;1.0;0.5;1.63
sainsburys-british-smoked-ham-slices-125g;Sainsbury's British Smoked Ham Slices x10 125g;£1.00/unit;£0.80/100g;ham-82654-44;103;18.0;0.5;0.5;3.4;1.3;0.5;1.80
sainsburys-british-smoked-ham-slices-125g;Sainsbury's British Smoked Ham Slices x10 125g;£1.00/unit;£0.80/100g;ham;103;18.0;0.5;0.5;3.4;1.3;0.5;1.80
sainsburys-british-smoked-wiltshire-ham--taste-the-difference-120g;Sainsbury's British Smoked Ham Wiltshire Cure, Taste the Difference 120g;£3.00/unit;£2.50/100g;cooked-meats-taste-the-difference;135;23.5;0.5;0.5;4.5;1.5;0.5;2.50
sainsburys-british-smoked-wiltshire-ham--taste-the-difference-120g;Sainsbury's British Smoked Ham Wiltshire Cure, Taste the Difference 120g;£3.00/unit;£2.50/100g;ham-82654-44;135;23.5;0.5;0.5;4.5;1.5;0.5;2.50
sainsburys-british-smoked-wiltshire-ham--taste-the-difference-120g;Sainsbury's British Smoked Ham Wiltshire Cure, Taste the Difference 120g;£3.00/unit;£2.50/100g;ham;135;23.5;0.5;0.5;4.5;1.5;0.5;2.50
sainsburys-british-smoked-wiltshire-ham--taste-the-difference-120g;Sainsbury's British Smoked Ham Wiltshire Cure, Taste the Difference 120g;£3.00/unit;£2.50/100g;mfp-cooked-meats-snacking-taste-the-difference;135;23.5;0.5;0.5;4.5;1.5;0.5;2.50
sainsburys-british-streaky-pork-rasher--basics-%28approx-700g%29;Sainsbury's British Streaky Pork Rasher, Basics (approx. 700g);£4.85/kg;£4.85/kg;pork;307;27.8;0.6;0.5;21.3;7.6;0.6;0.20
sainsburys-british-stuffed-pork-shoulder-joint--sage---onion-11kg;Sainsbury's British Pork Shoulder Joint, Stuffed with Sage & Onion 1.1kg;£5.00/unit;£4.55/kg;pork;234;26.6;0.6;0.5;13.8;5.2;0.5;0.28
sainsburys-british-stuffed-pork-shoulder-joint--sage---onion-11kg;Sainsbury's British Pork Shoulder Joint, Stuffed with Sage & Onion 1.1kg;£5.00/unit;£4.55/kg;prepared-joints;234;26.6;0.6;0.5;13.8;5.2;0.5;0.28
sainsburys-british-thick-cut-breaded-ham--be-good-to-yourself-80g;Sainsbury's Breaded Thick Cut Ham, Be Good To Yourself 80g;£1.80/unit;£2.25/100g;ham-82654-44;126;25.2;2.2;0.5;1.8;0.7;0.5;1.45
sainsburys-british-thick-cut-breaded-ham--be-good-to-yourself-80g;Sainsbury's Breaded Thick Cut Ham, Be Good To Yourself 80g;£1.80/unit;£2.25/100g;ham;126;25.2;2.2;0.5;1.8;0.7;0.5;1.45
sainsburys-british-thick-cut-cooked-ham--be-good-to-yourself-80g;Sainsbury's Cooked Ham Thick Cut, Be Good To Yourself 80g;£1.80/unit;£2.25/100g;ham-82654-44;113;24.2;0.5;0.5;1.8;0.7;0.5;1.45
sainsburys-british-thick-cut-cooked-ham--be-good-to-yourself-80g;Sainsbury's Cooked Ham Thick Cut, Be Good To Yourself 80g;£1.80/unit;£2.25/100g;ham;113;24.2;0.5;0.5;1.8;0.7;0.5;1.45
sainsburys-british-tikka-chicken-breast-pieces-140g;Sainsbury's British Tikka Chicken Breast Pieces 140g;£3.30/unit;£2.36/100g;cooked-chicken-turkey;131;24.9;2.2;0.6;2.4;0.5;0.5;0.75
sainsburys-british-tikka-chicken-breast-pieces-140g;Sainsbury's British Tikka Chicken Breast Pieces 140g;£3.30/unit;£2.36/100g;mfp-cooked-chicken-turkey;131;24.9;2.2;0.6;2.4;0.5;0.5;0.75
sainsburys-british-tikka-chicken-breast-pieces-140g;Sainsbury's British Tikka Chicken Breast Pieces 140g;£3.30/unit;£2.36/100g;mfp-snacking-cooked-sausage;131;24.9;2.2;0.6;2.4;0.5;0.5;0.75
sainsburys-british-tikka-chicken-breast-pieces-140g;Sainsbury's British Tikka Chicken Breast Pieces 140g;£3.30/unit;£2.36/100g;snacking-cooked-sausage;131;24.9;2.2;0.6;2.4;0.5;0.5;0.75
sainsburys-british-tradional-beef-rib-eye-steak--taste-the-difference-%28approx-400g%29;Sainsbury's British Tradional Beef Rib Eye Steak, Taste the Difference x2 (approx. 418g / 14.5oz);£23.00/kg;£23.00/kg;organic-taste-the-difference;296;25.2;0.5;0.5;21.7;11.0;0.5;0.25
sainsburys-british-traditional-beef-fillet-steak--taste-the-difference-%28approx-300g%29;Sainsbury's British Traditional Beef Fillet Steak, Taste the Difference (approx. 227g / 8oz);£34.50/kg;£34.50/kg;organic-taste-the-difference;234;26.4;0.5;0.5;14.3;8.2;-1;0.25
sainsburys-british-traditional-beef-sirloin-steak--taste-the-difference-%28approx-195g%29;Sainsbury's British Traditional Beef Sirloin Steak, Taste the Difference (approx. 265g / 9oz);£22.50/kg;£22.50/kg;organic-taste-the-difference;275;26.0;0.5;0.5;19.0;9.6;-1;0.25
sainsburys-british-turkey-breast-strips--basics-250g;Sainsbury's British Turkey Breast Strips, Basics 250g;£2.00/unit;£8.00/kg;turkey;0;0.5;0.5;0.5;0.5;0.1;0.5;0.01
sainsburys-british-ultimate-steak-burgers--taste-the-difference-x2-340g;Sainsbury's British Ultimate Steak Burgers, Taste the Difference x2 340g;£2.50/unit;£7.36/kg;burgers-bbq;223;25.3;0.5;0.5;13.3;4.7;0.5;0.75
sainsburys-british-ultimate-steak-burgers--taste-the-difference-x2-340g;Sainsbury's British Ultimate Steak Burgers, Taste the Difference x2 340g;£2.50/unit;£7.36/kg;organic-taste-the-difference;223;25.3;0.5;0.5;13.3;4.7;0.5;0.75
sainsburys-british-unsmoked-wafer-thin-cooked-ham-120g;Sainsbury's British Unsmoked Ham Wafer Thin Sliced 120g;£2.00/unit;£1.67/100g;ham-82654-44;118;22.3;0.9;0.9;2.8;1.0;0.5;1.63
sainsburys-british-unsmoked-wafer-thin-cooked-ham-120g;Sainsbury's British Unsmoked Ham Wafer Thin Sliced 120g;£2.00/unit;£1.67/100g;ham;118;22.3;0.9;0.9;2.8;1.0;0.5;1.63
sainsburys-british-wafer-thin-chicken-140g;Sainsbury's British Wafer Thin Chicken 140g;£1.00/unit;£0.71/100g;mfp-cooked-chicken-turkey;103;20.2;1.2;0.5;1.8;0.5;0.6;1.50
sainsburys-british-wafer-thin-cooked-ham-140g;Sainsbury's British Wafer Thin Cooked Ham 140g;£1.00/unit;£0.71/100g;ham-82654-44;102;18.7;1.0;0.8;2.4;0.9;0.7;1.92
sainsburys-british-wafer-thin-cooked-ham-140g;Sainsbury's British Wafer Thin Cooked Ham 140g;£1.00/unit;£0.71/100g;ham;102;18.7;1.0;0.8;2.4;0.9;0.7;1.92
sainsburys-british-wafer-thin-cooked-ham-200g;Sainsbury's British Cooked Ham Wafer Thin Sliced 200g;£1.50/unit;£0.75/100g;ham-82654-44;101;16.5;0.5;0.5;3.8;1.5;0.5;1.80
sainsburys-british-wafer-thin-cooked-ham-200g;Sainsbury's British Cooked Ham Wafer Thin Sliced 200g;£1.50/unit;£0.75/100g;ham;101;16.5;0.5;0.5;3.8;1.5;0.5;1.80
sainsburys-british-wafer-thin-cooked-ham-450g;Sainsbury's British Cooked Ham Wafer Thin Sliced 450g;£2.50/unit;£0.56/100g;ham-82654-44;101;16.5;0.5;0.5;3.8;1.5;0.5;1.80
sainsburys-british-wafer-thin-cooked-ham-450g;Sainsbury's British Cooked Ham Wafer Thin Sliced 450g;£2.50/unit;£0.56/100g;ham;101;16.5;0.5;0.5;3.8;1.5;0.5;1.80
sainsburys-british-wafer-thin-ham--basics-400g;Sainsbury's Ham Wafer Thin Sliced, Basics 400g;£1.55/unit;£0.39/100g;ham-82654-44;109;16.2;0.5;0.5;4.8;1.9;0.5;1.80
sainsburys-british-wafer-thin-ham--basics-400g;Sainsbury's Ham Wafer Thin Sliced, Basics 400g;£1.55/unit;£0.39/100g;ham;109;16.2;0.5;0.5;4.8;1.9;0.5;1.80
sainsburys-british-wafer-thin-honey-roast-ham-140g;Sainsbury's British Wafer Thin Honey Roast Ham 140g;£1.00/unit;£0.71/100g;ham-82654-44;111;18.7;3.2;3.2;2.6;1.0;0.5;1.93
sainsburys-british-wafer-thin-honey-roast-ham-140g;Sainsbury's British Wafer Thin Honey Roast Ham 140g;£1.00/unit;£0.71/100g;ham;111;18.7;3.2;3.2;2.6;1.0;0.5;1.93
sainsburys-british-wafer-thin-smoked-ham-140g;Sainsbury's British Wafer Thin Smoked Ham 140g;£1.00/unit;£0.71/100g;ham-82654-44;100;18.8;1.0;0.9;2.2;0.8;0.6;1.92
sainsburys-british-wafer-thin-smoked-ham-140g;Sainsbury's British Wafer Thin Smoked Ham 140g;£1.00/unit;£0.71/100g;ham;100;18.8;1.0;0.9;2.2;0.8;0.6;1.92
sainsburys-british-white-granulated-sugar-1kg;Sainsbury's British White Granulated Sugar 1kg;£0.70/unit;£0.70/kg;tea-coffee-sugar;400;0.5;99.9;99.9;0.5;0.1;0.5;0.01
sainsburys-british-whole-chicken--large-2kg-%28serves-4---6%29;Sainsbury's British Whole Chicken, Large 2kg (serves 4 - 6);£4.80/unit;£2.40/kg;chicken;205;29.0;0.5;0.5;9.5;2.6;0.5;0.13
sainsburys-british-whole-chicken--large-2kg-%28serves-4---6%29;Sainsbury's British Whole Chicken, Large 2kg (serves 4 - 6);£4.80/unit;£2.40/kg;great-prices-on-meat---fish;205;29.0;0.5;0.5;9.5;2.6;0.5;0.13
sainsburys-british-whole-chicken--medium-175kg-%28serves-3---4%29;Sainsbury's British Whole Chicken, Medium 1.75kg (serves 3 - 4);£4.25/unit;£2.43/kg;chicken;205;29.0;0.5;0.5;9.5;2.6;0.5;0.13
sainsburys-british-whole-chicken--medium-175kg-%28serves-3---4%29;Sainsbury's British Whole Chicken, Medium 1.75kg (serves 3 - 4);£4.25/unit;£2.43/kg;great-prices-on-meat---fish;205;29.0;0.5;0.5;9.5;2.6;0.5;0.13
sainsburys-british-whole-chicken--small-135kg-%28serves-2---3%29;Sainsbury's British Whole Chicken, Small 1.35kg (serves 2 - 3);£3.30/unit;£2.44/kg;chicken;205;29.0;0.5;0.5;9.5;2.6;0.5;0.13
sainsburys-british-whole-chicken--small-135kg-%28serves-2---3%29;Sainsbury's British Whole Chicken, Small 1.35kg (serves 2 - 3);£3.30/unit;£2.44/kg;great-prices-on-meat---fish;205;29.0;0.5;0.5;9.5;2.6;0.5;0.13
sainsburys-british-whole-chicken--so-organic-%28approx-175kg%29;Sainsbury's British Whole Chicken, SO Organic (approx. 1.75kg);£6.70/kg;£6.70/kg;chicken;194;30.6;0.5;0.5;7.6;2.2;0.5;0.25
sainsburys-british-whole-chicken--so-organic-%28approx-175kg%29;Sainsbury's British Whole Chicken, SO Organic (approx. 1.75kg);£6.70/kg;£6.70/kg;organic-taste-the-difference;194;30.6;0.5;0.5;7.6;2.2;0.5;0.25
sainsburys-british-whole-chicken-breast-fillets-x2-%28approx-333g%29;Sainsbury's British Chicken Whole Breast Fillets x2 (approx. 333g);£12.20/kg;£12.20/kg;chicken;141;30.7;0.5;0.5;1.7;0.4;0.5;0.13
sainsburys-british-whole-chicken-breast-fillets-x2-%28approx-333g%29;Sainsbury's British Chicken Whole Breast Fillets x2 (approx. 333g);£12.20/kg;£12.20/kg;great-prices-on-meat---fish;141;30.7;0.5;0.5;1.7;0.4;0.5;0.13
sainsburys-british-whole-milk--so-organic-113l-%282-pint%29;Sainsbury's British Whole Milk, SO Organic 1.13L (2 pint);£1.10/unit;£0.97/ltr;drinks-fresh-milk;67;3.3;4.5;4.5;4.0;2.6;0.5;0.10
sainsburys-british-whole-milk--so-organic-113l-%282-pint%29;Sainsbury's British Whole Milk, SO Organic 1.13L (2 pint);£1.10/unit;£0.97/ltr;fresh-milk;67;3.3;4.5;4.5;4.0;2.6;0.5;0.10
sainsburys-british-whole-milk--so-organic-113l-%282-pint%29;Sainsbury's British Whole Milk, SO Organic 1.13L (2 pint);£1.10/unit;£0.97/ltr;organic-milk;67;3.3;4.5;4.5;4.0;2.6;0.5;0.10
sainsburys-british-whole-milk-113l-%282pint%29;Sainsbury's British Whole Milk 1.13L (2 pint);£0.89/unit;£0.78/ltr;drinks-fresh-milk;67;3.3;4.5;4.5;4.0;2.6;0.5;0.10
sainsburys-british-whole-milk-113l-%282pint%29;Sainsbury's British Whole Milk 1.13L (2 pint);£0.89/unit;£0.78/ltr;fresh-milk;67;3.3;4.5;4.5;4.0;2.6;0.5;0.10
sainsburys-british-whole-milk-227l-%284-pint%29;Sainsbury's British Whole Milk 2.27L (4 pint);£1.00/unit;£0.44/ltr;drinks-fresh-milk;67;3.3;4.5;4.5;4.0;2.6;0.5;0.10
sainsburys-british-whole-milk-227l-%284-pint%29;Sainsbury's British Whole Milk 2.27L (4 pint);£1.00/unit;£0.44/ltr;fresh-milk;67;3.3;4.5;4.5;4.0;2.6;0.5;0.10
sainsburys-british-whole-milk-34l-%286-pint%29;Sainsbury's British Whole Milk 3.4L (6 pint);£1.48/unit;£0.43/ltr;drinks-fresh-milk;67;3.3;4.5;4.5;4.0;2.6;0.5;0.10
sainsburys-british-whole-milk-34l-%286-pint%29;Sainsbury's British Whole Milk 3.4L (6 pint);£1.48/unit;£0.43/ltr;fresh-milk;67;3.3;4.5;4.5;4.0;2.6;0.5;0.10
sainsburys-british-whole-milk-568ml-%281pint%29;Sainsbury's British Whole Milk 568ml (1 pint);£0.49/unit;£0.86/ltr;drinks-fresh-milk;67;3.3;4.5;4.5;4.0;2.6;0.5;0.10
sainsburys-british-whole-milk-568ml-%281pint%29;Sainsbury's British Whole Milk 568ml (1 pint);£0.49/unit;£0.86/ltr;fresh-milk;67;3.3;4.5;4.5;4.0;2.6;0.5;0.10
sainsburys-broccoli-%28loose%29;Sainsbury's Broccoli (loose);£1.35/kg;£1.35/kg;broccoli-cauliflower-cabbage-greens;40;4.3;3.1;1.8;0.6;0.2;2.5;0.02
sainsburys-broccoli-%28loose%29;Sainsbury's Broccoli (loose);£1.35/kg;£1.35/kg;new-in-season;40;4.3;3.1;1.8;0.6;0.2;2.5;0.02
sainsburys-broccoli---cauliflower-florets-240g;Sainsbury's Broccoli & Cauliflower Florets 240g;£1.00/unit;£4.17/kg;broccoli-cauliflower-cabbage-greens;32;3.0;1.6;1.4;0.9;0.2;2.8;0.25
sainsburys-broccoli---cauliflower-florets-240g;Sainsbury's Broccoli & Cauliflower Florets 240g;£1.00/unit;£4.17/kg;new-in-season;32;3.0;1.6;1.4;0.9;0.2;2.8;0.25
sainsburys-broccoli---cauliflower-florets-240g;Sainsbury's Broccoli & Cauliflower Florets 240g;£1.00/unit;£4.17/kg;prepared-vegetables;32;3.0;1.6;1.4;0.9;0.2;2.8;0.25
sainsburys-broccoli---cauliflower-florets-300g;Sainsbury's Broccoli & Cauliflower Florets 300g;£1.20/unit;£4.00/kg;broccoli-cauliflower-cabbage-greens;37;3.4;3.7;2.3;0.5;0.2;2.2;0.02
sainsburys-broccoli---cauliflower-florets-300g;Sainsbury's Broccoli & Cauliflower Florets 300g;£1.20/unit;£4.00/kg;new-in-season;37;3.4;3.7;2.3;0.5;0.2;2.2;0.02
sainsburys-broccoli---stilton-soup-600g;Sainsbury's Broccoli & Stilton Soup 600g;£1.40/unit;£0.23/100g;fresh-soups;59;2.7;2.2;0.6;4.2;2.8;0.8;0.38
sainsburys-broccoli--baby-corn--carrots---sugar-snap-peas-240g;Sainsbury's Broccoli, Baby Corn, Carrots & Sugar Snap Peas 240g;£1.50/unit;£6.25/kg;fresh-vegetables-stir-fry;37;2.1;4.4;2.6;0.6;0.1;2.8;0.04
sainsburys-broccoli--baby-corn--carrots---sugar-snap-peas-240g;Sainsbury's Broccoli, Baby Corn, Carrots & Sugar Snap Peas 240g;£1.50/unit;£6.25/kg;peas-beans-sweetcorn-asparagus;37;2.1;4.4;2.6;0.6;0.1;2.8;0.04
sainsburys-broccoli--cauliflower---baby-carrots-1kg;Sainsbury's Broccoli, Cauliflower & Baby Carrots 1kg;£1.40/unit;£1.40/kg;frozen-vegetables;30;1.9;2.8;1.9;0.6;0.1;3.1;0.05
sainsburys-broccoli--cheese---tomato-quiche-170g;Sainsbury's Broccoli, Tomato & Cheese Quiche 170g;£1.20/unit;£0.71/100g;deli-meat-alternatives;248;5.6;18.7;3.2;16.5;7.3;1.3;0.38
sainsburys-broccoli--cheese---tomato-quiche-170g;Sainsbury's Broccoli, Tomato & Cheese Quiche 170g;£1.20/unit;£0.71/100g;lunchtime-snacks;248;5.6;18.7;3.2;16.5;7.3;1.3;0.38
sainsburys-broccoli--cheese---tomato-quiche-170g;Sainsbury's Broccoli, Tomato & Cheese Quiche 170g;£1.20/unit;£0.71/100g;quiche;248;5.6;18.7;3.2;16.5;7.3;1.3;0.38
sainsburys-broccoli--so-organic-300g;Sainsbury's Broccoli, SO Organic 300g;£1.20/unit;£4.00/kg;broccoli-cauliflower-cabbage-greens;38;4.4;1.8;1.5;0.9;0.2;2.6;
sainsburys-broccoli--so-organic-300g;Sainsbury's Broccoli, SO Organic 300g;£1.20/unit;£4.00/kg;fruit-vegetables-organic-taste-the-difference;38;4.4;1.8;1.5;0.9;0.2;2.6;
sainsburys-broccoli--so-organic-300g;Sainsbury's Broccoli, SO Organic 300g;£1.20/unit;£4.00/kg;new-in-season;38;4.4;1.8;1.5;0.9;0.2;2.6;
sainsburys-broccoli--tomato---cheese-quiche-400g;Sainsbury's Broccoli, Tomato & Cheese Quiche 400g;£2.40/unit;£0.60/100g;deli-meat-alternatives;223;5.3;17.1;3.3;14.5;6.3;1.6;0.41
sainsburys-broccoli--tomato---cheese-quiche-400g;Sainsbury's Broccoli, Tomato & Cheese Quiche 400g;£2.40/unit;£0.60/100g;quiche;223;5.3;17.1;3.3;14.5;6.3;1.6;0.41
sainsburys-broccoli-florets-160g;Sainsbury's Broccoli Florets 160g;£1.00/unit;£6.25/kg;broccoli-cauliflower-cabbage-greens;24;3.1;1.1;0.9;0.8;0.2;2.3;0.25
sainsburys-broccoli-florets-160g;Sainsbury's Broccoli Florets 160g;£1.00/unit;£6.25/kg;new-in-season;24;3.1;1.1;0.9;0.8;0.2;2.3;0.25
sainsburys-broccoli-florets-160g;Sainsbury's Broccoli Florets 160g;£1.00/unit;£6.25/kg;prepared-vegetables;24;3.1;1.1;0.9;0.8;0.2;2.3;0.25
sainsburys-broccolli-cheese-400g;Sainsbury's Broccoli Cheese 400g;£2.00/unit;£5.00/kg;british-ready-meals;89;5.1;5.0;2.9;5.0;3.1;1.9;0.80
sainsburys-broccolli-cheese-400g;Sainsbury's Broccoli Cheese 400g;£2.00/unit;£5.00/kg;coleslaw--olives--salads---dips-30658-44;89;5.1;5.0;2.9;5.0;3.1;1.9;0.80
sainsburys-broccolli-cheese-400g;Sainsbury's Broccoli Cheese 400g;£2.00/unit;£5.00/kg;potato-vegetable-side-dishes;89;5.1;5.0;2.9;5.0;3.1;1.9;0.80
sainsburys-broccolli-cheese-400g;Sainsbury's Broccoli Cheese 400g;£2.00/unit;£5.00/kg;prepared-vegetables;89;5.1;5.0;2.9;5.0;3.1;1.9;0.80
sainsburys-broccolli-cheese-400g;Sainsbury's Broccoli Cheese 400g;£2.00/unit;£5.00/kg;vegetarian-meat-free-ready-meals;89;5.1;5.0;2.9;5.0;3.1;1.9;0.80
sainsburys-broken-grapefruit-segments--basics-539g;Sainsbury's Broken Grapefruit Segments, Basics 539g;£0.40/unit;£0.74/kg;dessert-fruit;63;0.8;14.7;14.7;0.5;0.1;0.5;0.04
sainsburys-broken-mandarin-segments-in-juice--basics-298g;Sainsbury's Broken Mandarin Segments In Juice, Basics 312g;£0.40/unit;£2.29/kg;dessert-fruit;40;0.7;8.9;8.1;0.2;0;0.4;
sainsburys-brownie-mudslide-pie-480g;Sainsbury's Brownie Mudslide Pie 480g;£3.50/unit;£0.73/100g;desserts;393;5.8;41.6;25.8;22.2;11.7;1.7;0.33
sainsburys-brownie-slices-x3;Sainsbury's Brownie Slices x3;£1.00/unit;£0.33/ea;cakes-from-our-bakery-12374-44;414;5.3;53.4;39.9;19.9;8.0;5.1;0.38
sainsburys-brunswick-ham-100g;Sainsbury's German Brunswick Ham Slices x5 100g;£1.65/unit;£1.65/100g;continental-meats;158;21.2;0.6;0.6;7.8;3.2;0.5;2.00
sainsburys-brunswick-ham-100g;Sainsbury's German Brunswick Ham Slices x5 100g;£1.65/unit;£1.65/100g;ham-82654-44;158;21.2;0.6;0.6;7.8;3.2;0.5;2.00
sainsburys-brunswick-ham-100g;Sainsbury's German Brunswick Ham Slices x5 100g;£1.65/unit;£1.65/100g;ham;158;21.2;0.6;0.6;7.8;3.2;0.5;2.00
sainsburys-brunswick-ham-100g;Sainsbury's German Brunswick Ham Slices x5 100g;£1.65/unit;£1.65/100g;mfp-continental-meats;158;21.2;0.6;0.6;7.8;3.2;0.5;2.00
sainsburys-brussels---garlic-pate-170g;Sainsbury's Brussels & Garlic Pate 170g;£1.00/unit;£0.59/100g;mfp-pate;317;9.6;3.4;2.4;29.5;11.0;0.5;1.74
sainsburys-brussels---garlic-pate-170g;Sainsbury's Brussels & Garlic Pate 170g;£1.00/unit;£0.59/100g;pate;317;9.6;3.4;2.4;29.5;11.0;0.5;1.74
sainsburys-brussels-p%C3%A2t%C3%A9--be-good-to-yourself-170g;Sainsbury's Brussels Pâté, Be Good To Yourself 170g;£1.40/unit;£0.82/100g;mfp-pate;201;10.7;3.8;2.3;15.9;4.9;0.5;1.68
sainsburys-brussels-p%C3%A2t%C3%A9--be-good-to-yourself-170g;Sainsbury's Brussels Pâté, Be Good To Yourself 170g;£1.40/unit;£0.82/100g;pate;201;10.7;3.8;2.3;15.9;4.9;0.5;1.68
sainsburys-brussels-p%C3%A2t%C3%A9-170g;Sainsbury's Brussels Pâté 170g;£1.40/unit;£0.82/100g;mfp-pate;324;9.9;3.6;2.2;30.0;11.3;0.5;1.81
sainsburys-brussels-p%C3%A2t%C3%A9-170g;Sainsbury's Brussels Pâté 170g;£1.40/unit;£0.82/100g;pate;324;9.9;3.6;2.2;30.0;11.3;0.5;1.81
sainsburys-brussels-spreadable-p%C3%A2t%C3%A9-175g;Sainsbury's Brussels Spreadable Pâté 175g;£0.70/unit;£0.40/100g;mfp-pate;324;9.9;3.6;2.2;30.0;11.3;0.5;1.81
sainsburys-brussels-spreadable-p%C3%A2t%C3%A9-175g;Sainsbury's Brussels Spreadable Pâté 175g;£0.70/unit;£0.40/100g;pate;324;9.9;3.6;2.2;30.0;11.3;0.5;1.81
sainsburys-brussels-sprouts-%28loose%29;Sainsbury's Brussels Sprouts (loose);£2.00/kg;£2.00/kg;broccoli-cauliflower-cabbage-greens;50;3.5;3.9;2.9;1.4;0.3;4.1;0.02
sainsburys-brussels-sprouts-%28loose%29;Sainsbury's Brussels Sprouts (loose);£2.00/kg;£2.00/kg;new-in-season;50;3.5;3.9;2.9;1.4;0.3;4.1;0.02
sainsburys-brussels-sprouts-500g;Sainsbury's Brussels Sprouts 500g;£1.00/unit;£2.00/kg;broccoli-cauliflower-cabbage-greens;50;3.5;3.9;2.9;1.4;0.3;4.1;0.02
sainsburys-brussels-sprouts-500g;Sainsbury's Brussels Sprouts 500g;£1.00/unit;£2.00/kg;new-in-season;50;3.5;3.9;2.9;1.4;0.3;4.1;0.02
sainsburys-buffalo-mozzarella--taste-the-difference-125g;Sainsbury's Buffalo Mozzarella, Taste the Difference 125g;£2.00/unit;£16.00/kg;organic-taste-the-difference-cheese;280;14.8;0.8;0.7;24.3;14.9;0.5;0.48
sainsburys-bunched-carrots--so-organic-400g;Sainsbury's Bunched Carrots, SO Organic 400g;£1.50/unit;£3.75/kg;carrots-root-vegetables;41;0.5;7.7;7.2;0.5;0.1;2.1;0.07
sainsburys-bunched-carrots--so-organic-400g;Sainsbury's Bunched Carrots, SO Organic 400g;£1.50/unit;£3.75/kg;fruit-vegetables-organic-taste-the-difference;41;0.5;7.7;7.2;0.5;0.1;2.1;0.07
sainsburys-butchers-choice-beef-burgers-x4-454g;Sainsbury's Butcher's Choice Beef Burgers x4 454g;£3.00/unit;£6.61/kg;burgers-bbq;229;16.6;2.7;1.7;16.9;7.3;0;0.63
sainsburys-butchers-choice-beef-sausage-x8-454g;Sainsbury's Butcher's Choice Beef Sausage x8 454g;£1.80/unit;£3.96/kg;sausages;210;15.6;10.8;0.5;10.9;4.6;3.1;1.45
sainsburys-butchers-choice-british-pork---apple-sausages-x8-400g;Sainsbury's Butcher's Choice Pork & Apple Sausages x8 400g;£1.80/unit;£4.50/kg;sausages;267;12.8;10.0;7.0;19.2;6.9;1.4;1.48
sainsburys-butchers-choice-british-unsmoked-gammon-joint-%28approx-125kg%29;Sainsbury's Butcher's Choice British Unsmoked Gammon Joint (approx. 1.25kg);£5.00/kg;£5.00/kg;gammon;285;25.1;0.8;0.8;20.2;6.3;0.0;2.42
sainsburys-butchers-choice-cumberland-pork-sausages-x12-681g;Sainsbury's Butcher's Choice Cumberland Pork Sausages x12 681g;£2.55/unit;£3.74/kg;sausages;269;13.6;7.8;0.5;20.1;5.2;1.1;1.46
sainsburys-butchers-choice-cumberland-pork-sausages-x8-454g;Sainsbury's Butcher's Choice Cumberland Pork Sausages x8 454g;£1.80/unit;£3.96/kg;sausages;269;13.6;7.8;0.5;20.1;5.2;1.1;1.46
sainsburys-butchers-choice-dry-cure-smoked-bacon-x8;Sainsbury's Butcher's Choice Dry Cure Smoked Bacon x8;£2.50/unit;£9.09/kg;bacon;262;32.0;0.7;0.7;14.6;5.7;0.5;4.68
sainsburys-butchers-choice-dry-cured-unsmoked-bacon-x8-275g;Sainsbury's Butcher's Choice Dry Cured Unsmoked Bacon x8 275g;£2.50/unit;£9.09/kg;bacon;262;32.0;0.7;0.7;14.6;5.7;0.5;4.68
sainsburys-butchers-choice-lincolnshire-pork-sausages-x8-454g;Sainsbury's Butcher's Choice Lincolnshire Pork Sausages x8 454g;£1.80/unit;£3.96/kg;sausages;250;13.0;6.7;0.5;18.7;6.8;1.6;1.45
sainsburys-butchers-choice-pork---herb-sausages-x8-400g;Sainsbury's Butcher's Choice Pork & Herb Sausages x8 400g;£1.80/unit;£4.50/kg;sausages;256;14.6;9.4;2.0;17.7;6.3;0.9;1.44
sainsburys-butchers-choice-pork-chipolatas-x12-340g;Sainsbury's Butcher's Choice Pork Chipolata Sausages x12 340g;£1.80/unit;£5.29/kg;sausages;262;16.9;9.1;3.2;17.0;6.3;2.3;1.47
sainsburys-butchers-choice-pork-cocktails-sausages-x20-283g;Sainsbury's Butcher's Choice Pork Cocktail Sausages x20 283g;£2.30/unit;£8.13/kg;sausages;1075258;14.5;8.7;3.2;18.1;6.6;1.5;1.17
sainsburys-butchers-choice-smoked-bacon-sweet-dry-cure-x8-275g;Sainsbury's Butcher's Choice Smoked Bacon Sweet Dry Cure x8 275g;£2.50/unit;£9.09/kg;bacon;251;28.8;2.7;2.7;13.9;5.2;0.5;2.88
sainsburys-butchers-choice-smoked-gammon-steaks-320g;Sainsbury's Butcher's Choice Smoked Gammon Steaks 320g;£3.60/unit;£11.25/kg;gammon;147;22.9;1.1;1.1;5.7;2.0;0.5;2.70
sainsburys-butchers-choice-smoked-streaky-bacon-dry-cure-x14-260g;Sainsbury's Butcher's Choice Smoked Streaky Bacon Dry Cure x14 260g;£2.50/unit;£9.43/kg;bacon;349;29.3;0.6;0.6;25.5;10.9;0.5;3.75
sainsburys-butchers-choice-sweetcure-gammon-joint-%28approx-145kg%29;Sainsbury's Butcher's Choice Sweetcure Gammon Joint (approx. 1.45kg);£5.00/kg;£5.00/kg;gammon;285;25.1;0.8;0.8;20.2;6.3;0.5;2.42
sainsburys-butchers-choice-unsmoked-bacon-sweet-dry-cure-x8-275g;Sainsbury's Butcher's Choice Unsmoked Bacon Sweet Dry Cure x8 275g;£2.50/unit;£9.09/kg;bacon;251;28.8;2.7;2.7;13.9;5.2;0.5;2.88
sainsburys-butchers-choice-unsmoked-gammon-steaks-320g;Sainsbury's Butcher's Choice Unsmoked Gammon Steaks 320g;£3.60/unit;£11.25/kg;gammon;147;22.9;1.1;1.1;5.7;2.0;0.5;2.70
sainsburys-butchers-choice-unsmoked-streaky-bacon-dry-cure-x14-260g;Sainsbury's Butcher's Choice Unsmoked Streaky Bacon Dry Cure x14 260g;£2.50/unit;£9.43/kg;bacon;349;29.3;0.6;0.6;25.5;10.9;0.5;3.75
sainsburys-butlers-farmhouse-traditional-lancashire--taste-the-difference-240g;Sainsbury's Butlers Farmhouse Traditional Lancashire, Taste the Difference 240g;£2.50/unit;£10.42/kg;cheddar-british-regional-cheese;381;23.7;0.5;0.5;31.8;21.1;0.5;1.25
sainsburys-butlers-farmhouse-traditional-lancashire--taste-the-difference-240g;Sainsbury's Butlers Farmhouse Traditional Lancashire, Taste the Difference 240g;£2.50/unit;£10.42/kg;cheeseboard-delights;381;23.7;0.5;0.5;31.8;21.1;0.5;1.25
sainsburys-butlers-farmhouse-traditional-lancashire--taste-the-difference-240g;Sainsbury's Butlers Farmhouse Traditional Lancashire, Taste the Difference 240g;£2.50/unit;£10.42/kg;organic-taste-the-difference-cheese;381;23.7;0.5;0.5;31.8;21.1;0.5;1.25
sainsburys-butter-basted-stuffed-chicken-800g;Sainsbury's Chicken with Pork, Onion and Sage Stuffing 800g;£5.00/unit;£6.25/kg;frozen-chicken;180;25.2;1.7;0.6;7.9;2.6;0.5;0.61
sainsburys-butter-brioche-loaf-400g;Sainsbury's Butter Brioche Loaf 400g;£1.50/unit;£0.38/100g;croissants-brioche-pastries;386;7.6;51.4;12.0;16.3;6.3;1.6;1.00
sainsburys-butter-brioche-roll-x8;Sainsbury's Butter Brioche Roll x8;£1.65/unit;£0.21/ea;croissants-brioche-pastries;352;8.1;53.5;12.5;11.3;4.7;1.8;0.95
sainsburys-butter-chicken-%28mild---rich%29-400g;Sainsbury's Butter Chicken (mild & rich) 400g;£3.30/unit;£8.25/kg;indian-ready-meals;144;11.0;5.3;5.0;8.4;4.5;1.5;0.74
sainsburys-butter-chicken-400g;Sainsbury's Butter Chicken 400g;£1.50/unit;£3.75/kg;frozen-ready-meals;137;6.7;17.6;2.8;4.0;2.0;1.8;0.54
sainsburys-butter-croissants--bake-from-frozen-x6-300g-%28serves-6%29;Sainsbury's Frozen All Butter Croissants x6 300g;£2.00/unit;£0.67/100g;frozen-pastry-baking;384;8.8;40.1;5.6;20.4;13.9;2.5;0.65
sainsburys-butter-enriched-shortbread-bites-x16;Sainsbury's Butter Enriched Shortbread Bites x16;£1.60/unit;£0.10/ea;cakes-from-our-bakery-12374-44;527;6.0;58.0;18.8;29.8;15.3;1.4;0.57
sainsburys-butter-roast-chicken--taste-the-difference-120g;Sainsbury's Cooked Chicken Slices Butter Roast, Taste the Difference 120g;£3.30/unit;£2.75/100g;cooked-chicken-turkey;115;24.3;0.7;0.7;1.7;0.5;0.5;0.96
sainsburys-butter-roast-chicken--taste-the-difference-120g;Sainsbury's Cooked Chicken Slices Butter Roast, Taste the Difference 120g;£3.30/unit;£2.75/100g;cooked-meats-taste-the-difference;115;24.3;0.7;0.7;1.7;0.5;0.5;0.96
sainsburys-butter-roast-chicken--taste-the-difference-120g;Sainsbury's Cooked Chicken Slices Butter Roast, Taste the Difference 120g;£3.30/unit;£2.75/100g;mfp-cooked-chicken-turkey;115;24.3;0.7;0.7;1.7;0.5;0.5;0.96
sainsburys-butter-roast-chicken--taste-the-difference-120g;Sainsbury's Cooked Chicken Slices Butter Roast, Taste the Difference 120g;£3.30/unit;£2.75/100g;mfp-cooked-meats-snacking-taste-the-difference;115;24.3;0.7;0.7;1.7;0.5;0.5;0.96
sainsburys-butter-sweet-pastry-tartlets--taste-the-difference-100g;Sainsbury's Butter Sweet Pastry Tartlets, Taste the Difference x18 117g;£2.00/unit;£1.71/100g;meringues-bases;498;6.6;66.8;21.1;22.3;13.2;1.9;0.30
sainsburys-butterhead-salad-120g;Sainsbury's Butterhead Salad 120g;£1.50/unit;£1.25/100g;fresh-salad-prepared-ready-to-eat;19;1.7;0.8;0.7;0.5;0.1;2.1;0.08
sainsburys-butterhead-salad-120g;Sainsbury's Butterhead Salad 120g;£1.50/unit;£1.25/100g;prepared-salad-herbs;19;1.7;0.8;0.7;0.5;0.1;2.1;0.08
sainsburys-butterlicious-light-500g;Sainsbury's Butterlicious Light Spread 500g;£0.90/unit;£1.80/kg;spreads;281;0.5;2.3;0.5;30.0;7.4;-1;1.30
sainsburys-butterlicious-spread-1kg;Sainsbury's Butterlicious Spread 1kg;£1.70/unit;£1.70/kg;spreads;414;0.5;1.5;0.9;45.0;11.0;1.0;1.30
sainsburys-butterlicious-spread-500g;Sainsbury's Butterlicious Spread 500g;£0.90/unit;£1.80/kg;spreads;414;0.5;1.5;0.9;45.0;11.0;1.0;1.30
sainsburys-buttermilk-300ml;Sainsbury's Buttermilk 300ml;£0.75/unit;£0.25/100ml;cooking-baking;47;4.8;5.9;5.9;0.5;0.3;0.5;0.15
sainsburys-buttermilk-300ml;Sainsbury's Buttermilk 300ml;£0.75/unit;£0.25/100ml;fresh-cream-custard;47;4.8;5.9;5.9;0.5;0.3;0.5;0.15
sainsburys-butternut-risotto-meal-soup-400g;Sainsbury's Butternut Risotto Meal Soup 400g;£1.40/unit;£0.35/100g;fresh-soups;54;1.3;8.0;2.7;1.6;0.9;1.1;0.42
sainsburys-butternut-risotto-meal-soup-400g;Sainsbury's Butternut Risotto Meal Soup 400g;£1.40/unit;£0.35/100g;lunchtime-snacks;54;1.3;8.0;2.7;1.6;0.9;1.1;0.42
sainsburys-butternut-squash-%28loose%29;Sainsbury's Butternut Squash (loose);£1.30/kg;£1.30/kg;courgette-aubergine-squash;65;1.4;9.9;8.0;1.8;0.2;1.8;0.03
sainsburys-butternut-squash---asparagus-medley-240g;Sainsbury's Butternut Squash & Asparagus Medley 240g;£2.00/unit;£8.33/kg;prepared-vegetables;37;2.7;4.6;3.1;0.4;0.1;2.0;
sainsburys-butternut-squash--so-organic-%28loose%29;Sainsbury's Butternut Squash, SO Organic (loose);£1.80/kg;£1.80/kg;courgette-aubergine-squash;65;1.4;9.9;8.0;1.8;0.2;1.8;0.03
sainsburys-butternut-squash--so-organic-%28loose%29;Sainsbury's Butternut Squash, SO Organic (loose);£1.80/kg;£1.80/kg;fruit-vegetables-organic-taste-the-difference;65;1.4;9.9;8.0;1.8;0.2;1.8;0.03
sainsburys-butternut-squash-mash--taste-the-difference-400g;Sainsbury's Butternut Squash Mash, Taste the Difference 400g;£2.40/unit;£6.00/kg;potato-vegetable-side-dishes;79;1.2;10.7;4.4;3.1;0.5;1.7;0.55
sainsburys-butternut-squash-mash--taste-the-difference-400g;Sainsbury's Butternut Squash Mash, Taste the Difference 400g;£2.40/unit;£6.00/kg;prepared-vegetables;79;1.2;10.7;4.4;3.1;0.5;1.7;0.55
sainsburys-butternut-squash-mash--taste-the-difference-400g;Sainsbury's Butternut Squash Mash, Taste the Difference 400g;£2.40/unit;£6.00/kg;taste-the-difference-bistro-ready-meals;79;1.2;10.7;4.4;3.1;0.5;1.7;0.55
sainsburys-butternut-squash-soup-600g;Sainsbury's Butternut Squash Soup 600g;£1.40/unit;£0.23/100g;fresh-soups;41;0.9;4.8;3.0;1.8;0.1;0.9;0.43
sainsburys-buttersoft-light-500g;Sainsbury's Buttersoft Light 500g;£1.80/unit;£3.60/kg;butter;386;0.5;1.4;0.5;42.0;14.5;-1;0.90
sainsburys-buttery-flapjacks-x5-175g;Sainsbury's Buttery Flapjacks x5 175g;£1.00/unit;£0.20/ea;flapjacks-traybakes-bites;445;5.9;58;36;20;10.0;3.6;0.48
sainsburys-buttery-potato-mash-450g;Sainsbury's Buttery Potato Mash 450g;£1.20/unit;£2.67/kg;british-ready-meals;97;1.4;11.8;1.6;4.5;3.0;1.9;0.43
sainsburys-buttery-potato-mash-450g;Sainsbury's Buttery Potato Mash 450g;£1.20/unit;£2.67/kg;coleslaw--olives--salads---dips-30658-44;97;1.4;11.8;1.6;4.5;3.0;1.9;0.43
sainsburys-buttery-potato-mash-450g;Sainsbury's Buttery Potato Mash 450g;£1.20/unit;£2.67/kg;potato-vegetable-side-dishes;97;1.4;11.8;1.6;4.5;3.0;1.9;0.43
sainsburys-buttery-potato-mash-450g;Sainsbury's Buttery Potato Mash 450g;£1.20/unit;£2.67/kg;potatoes;97;1.4;11.8;1.6;4.5;3.0;1.9;0.43
sainsburys-buttery-potato-mash-450g;Sainsbury's Buttery Potato Mash 450g;£1.20/unit;£2.67/kg;prepared-vegetables;97;1.4;11.8;1.6;4.5;3.0;1.9;0.43
sainsburys-buttery-potato-mash-450g;Sainsbury's Buttery Potato Mash 450g;£1.20/unit;£2.67/kg;vegetarian-meat-free-ready-meals;97;1.4;11.8;1.6;4.5;3.0;1.9;0.43
sainsburys-cabbage---leeks-240g;Sainsbury's Cabbage & Leeks 240g;£1.00/unit;£4.17/kg;broccoli-cauliflower-cabbage-greens;34;1.5;4.9;3.9;0.5;0.1;3.2;0.02
sainsburys-cabbage---leeks-240g;Sainsbury's Cabbage & Leeks 240g;£1.00/unit;£4.17/kg;new-in-season;34;1.5;4.9;3.9;0.5;0.1;3.2;0.02
sainsburys-cabbage---leeks-240g;Sainsbury's Cabbage & Leeks 240g;£1.00/unit;£4.17/kg;prepared-vegetables;34;1.5;4.9;3.9;0.5;0.1;3.2;0.02
sainsburys-cabbage-medley-160g-7358652-p-44;Sainsbury's Cabbage Medley 160g;£1.00/unit;£6.25/kg;broccoli-cauliflower-cabbage-greens;27;1.6;2.9;2.6;0.5;0.1;2.3;0.02
sainsburys-cabbage-medley-160g-7358652-p-44;Sainsbury's Cabbage Medley 160g;£1.00/unit;£6.25/kg;new-in-season;27;1.6;2.9;2.6;0.5;0.1;2.3;0.02
sainsburys-cabbage-medley-160g-7358652-p-44;Sainsbury's Cabbage Medley 160g;£1.00/unit;£6.25/kg;prepared-vegetables;27;1.6;2.9;2.6;0.5;0.1;2.3;0.02
sainsburys-cabernet-sauvignon--so-organic-75cl;Sainsbury's Cabernet Sauvignon, SO Organic 75cl;£6.00/unit;£6.00/75cl;buyer-recommends;11;0.0;0.0;-1;0.0;-1;-1;-1
sainsburys-caerphilly-250g;Sainsbury's Caerphilly 250g;£2.00/unit;£8.00/kg;cheddar-british-regional-cheese;373;22.8;0.5;0.5;31.3;19.6;0.5;1.65
sainsburys-caesar-dressing--be-good-to-yourself-180ml;Sainsbury's Caesar Dressing, Be Good To Yourself 180ml;£1.20/unit;£0.67/100ml;dressings-coleslaw-accompaniments;152;2.6;6.8;2.5;12.6;1.7;0.5;1.50
sainsburys-caesar-dressing-180ml;Sainsbury's Caesar Dressing 180ml;£1.20/unit;£0.67/100ml;dressings-coleslaw-accompaniments;359;3.3;5.7;2.4;35.8;3.6;0.5;1.53
sainsburys-caesar-salad--be-good-to-yourself-265g;Sainsbury's Caesar Salad, Be Good To Yourself 265g;£2.00/unit;£0.75/100g;fresh-salad-prepared-ready-to-eat;108;3.5;8.9;2.2;6.3;1.2;0.5;0.50
sainsburys-caesar-salad--be-good-to-yourself-265g;Sainsbury's Caesar Salad, Be Good To Yourself 265g;£2.00/unit;£0.75/100g;prepared-salad-herbs;108;3.5;8.9;2.2;6.3;1.2;0.5;0.50
sainsburys-caesar-salad-265g;Sainsbury's Caesar Salad 265g;£2.00/unit;£0.75/100g;fresh-salad-prepared-ready-to-eat;168;3.9;8.1;2.3;13.3;1.8;0.6;0.58
sainsburys-caesar-salad-265g;Sainsbury's Caesar Salad 265g;£2.00/unit;£0.75/100g;prepared-salad-herbs;168;3.9;8.1;2.3;13.3;1.8;0.6;0.58
sainsburys-cafe-latte-flavoured-milk-330ml;Sainsbury's Cafe Latte Milkshake 330ml;£0.80/unit;£2.42/ltr;drinks-fresh-milk;97;4.3;10.7;9.0;4.1;2.6;0.5;0.13
sainsburys-cafe-latte-flavoured-milk-330ml;Sainsbury's Cafe Latte Milkshake 330ml;£0.80/unit;£2.42/ltr;flavoured-milk-92153-44;97;4.3;10.7;9.0;4.1;2.6;0.5;0.13
sainsburys-cafe-latte-flavoured-milk-330ml;Sainsbury's Cafe Latte Milkshake 330ml;£0.80/unit;£2.42/ltr;flavoured-milk;97;4.3;10.7;9.0;4.1;2.6;0.5;0.13
sainsburys-caledonian-scottish-water--sparkling-2l;Sainsbury's Caledonian Sparkling Water 2L;£0.45/unit;£0.02/100ml;sparkling-water;Per 100g nutrition not found
sainsburys-caledonian-scottish-water--sparkling-6x500ml;Sainsbury's Caledonian Sparkling Water 6x500ml;£1.40/unit;£0.05/100ml;sparkling-water;Per 100g nutrition not found
sainsburys-caledonian-scottish-water--still-2l;Sainsbury's Caledonian Still Water 2L;£0.45/unit;£0.02/100ml;still-water;Per 100g nutrition not found
sainsburys-caledonian-scottish-water--still-500ml;Sainsbury's Caledonian Still Water 500ml;£0.35/unit;£0.07/100ml;still-water;Per 100g nutrition not found
sainsburys-caledonian-scottish-water--still-5l-%28max-6-bottles-per-order-on-this-product%29-6731645-p-44;Sainsbury's Caledonian Still Water 5L (max 6 bottles per order on this product);£1.10/unit;£0.02/100ml;still-water;Per 100g nutrition not found
sainsburys-caledonian-scottish-water--still-5l-%28max-6-bottles-per-order-on-this-product%29-6731645-p-44;Sainsbury's Caledonian Still Water 5L (max 6 bottles per order on this product);£1.10/unit;£0.02/100ml;water-bigger-multipacks;Per 100g nutrition not found
sainsburys-caledonian-scottish-water--still-6x500ml-%28sports-cap%29;Sainsbury's Caledonian Still Water 6x500ml;£1.40/unit;£0.05/100ml;sports-cap-water;Per 100g nutrition not found
sainsburys-caledonian-scottish-water--still-6x500ml-%28sports-cap%29;Sainsbury's Caledonian Still Water 6x500ml;£1.40/unit;£0.05/100ml;still-water;Per 100g nutrition not found
sainsburys-caledonian-scottish-water--still-6x500ml-6731657-p-44;Sainsbury's Caledonian Still Water 6x500ml;£1.40/unit;£0.05/100ml;still-water;Per 100g nutrition not found
sainsburys-caledonian-scottish-water--still-750ml-%28sports-cap%29;Sainsbury's Caledonian Still Water 750ml;£0.60/unit;£0.08/100ml;sports-cap-water;Per 100g nutrition not found
sainsburys-caledonian-scottish-water--still-750ml-%28sports-cap%29;Sainsbury's Caledonian Still Water 750ml;£0.60/unit;£0.08/100ml;still-water;Per 100g nutrition not found
sainsburys-caledonian-sparkling-water-4x2l;Sainsbury's Caledonian Sparkling Water 4x2L;£1.50/unit;£0.02/100ml;sparkling-water;Per 100g nutrition not found
sainsburys-caledonian-sparkling-water-4x2l;Sainsbury's Caledonian Sparkling Water 4x2L;£1.50/unit;£0.02/100ml;water-bigger-multipacks;Per 100g nutrition not found
sainsburys-caledonian-still-water-4x2l;Sainsbury's Caledonian Still Water 4x2L;£1.50/unit;£0.02/100ml;still-water;Per 100g nutrition not found
sainsburys-caledonian-still-water-4x2l;Sainsbury's Caledonian Still Water 4x2L;£1.50/unit;£0.02/100ml;water-bigger-multipacks;Per 100g nutrition not found
sainsburys-calvados-pays-dauge-xo-12-yrs--taste-the-difference-50cl;Sainsbury's Calvados Pays d'Auge XO 12 yrs, Taste the Difference 50cl;£20.00/unit;£40.00/ltr;brandy-cognac;226;-1;-1;-1;-1;-1;-1;-1
sainsburys-canape-blinis-135g;Sainsbury's Canape Blinis 135g;£2.00/unit;£1.48/100g;canapes-snacking;268;5.9;38.0;6.2;9.8;1.2;2.3;1.40
sainsburys-cappucine-cappers-198g;Sainsbury's Capucine Capers 198g (125g*);£1.40/unit;£1.12/100g;olives-antipasti;35;1.0;5.0;0.4;0.3;0;4.0;4.50
sainsburys-cappucine-cappers-198g;Sainsbury's Capucine Capers 198g (125g*);£1.40/unit;£1.12/100g;pickled-food;35;1.0;5.0;0.4;0.3;0;4.0;4.50
sainsburys-caramel---chocolate-crispy-bites-x20;Sainsbury's Caramel & Chocolate Crispy Bites x20;£1.60/unit;£0.08/ea;cakes-from-our-bakery-12374-44;437;4.2;70.4;34.1;15.4;9.3;3.3;0.45
sainsburys-caramel---pecan-nut-slices--taste-the-difference;Sainsbury's Caramel & Pecan Nut Slices, Taste The Difference;£2.00/unit;£0.50/ea;flapjacks-traybakes-bites;508;5.9;53.0;29.1;29.9;12.0;1.6;0.30
sainsburys-caramel-brownies-x4;Sainsbury's Caramel Brownies x4;£2.00/unit;£0.50/ea;flapjacks-traybakes-bites;463;5.0;55.2;40.2;24.3;13.7;1.8;0.63
sainsburys-caramel-chocolate-bar-150g;Sainsbury's Caramel Chocolate Bar 150g;£1.35/unit;£0.90/100g;chocolate;467;5.3;60.2;59.5;22.5;14.1;1.1;0.18
sainsburys-caramel-latte-cupcakes--taste-the-difference-x2;Sainsbury's Caramel Latte Cupcakes, Taste the Difference x2;£2.00/unit;£0.87/100g;muffins-small-cakes;496;1.8;58.1;57.2;28.0;14.5;2.1;0.21
sainsburys-caramel-panna-cotta-2x120g;Sainsbury's Caramel Panna Cotta 2x120g;£1.50/unit;£0.63/100g;desserts;267;4.0;31.8;19.1;12.6;10.0;0.7;0.13
sainsburys-caramel-shortcake-bites-x22;Sainsbury's Caramel Shortcake Bites x22;£1.60/unit;£0.07/ea;cakes-from-our-bakery-12374-44;495;4.9;55.2;44.3;27.9;15.7;1.8;0.48
sainsburys-caramel-shortcake-x3-%28serves-3%29;Sainsbury's Caramel Shortcake x3;£1.00/unit;£0.33/ea;cakes-from-our-bakery-12374-44;506;4.6;49.4;23.7;32.2;20.7;3.2;0.49
sainsburys-caramel-wafers-290g;Sainsbury's Caramel Wafers 290g;£1.50/unit;£0.52/100g;flapjacks-traybakes-bites;483;3.9;68;35;21;13;1.3;0.65
sainsburys-caramelised-onion---goats-cheese-pastries-114g;Sainsbury's Caramelised Onion & Goats Cheese Pastries 114g;£2.50/unit;£2.19/100g;lunchtime-snacks;308;7.2;33.3;4.7;15.7;2.9;2.4;0.96
sainsburys-caramelised-onion---goats-cheese-pastries-114g;Sainsbury's Caramelised Onion & Goats Cheese Pastries 114g;£2.50/unit;£2.19/100g;slices-pasties;308;7.2;33.3;4.7;15.7;2.9;2.4;0.96
sainsburys-caramelised-onion-chutney--organic-300g;Sainsbury's Caramelised Onion Chutney, SO Organic 300g;£1.40/unit;£0.44/100g;chutneys-pickle-relishes;211;0.5;51.0;41.2;0.5;0.1;1.6;1.00
sainsburys-caramelised-onion-chutney--taste-the-difference-285g;Sainsbury's Chutney Caramelised Onion, Taste the Difference 285g;£1.80/unit;£0.63/100g;chutneys-pickle-relishes;161;0.8;37.3;31.3;0.5;0.2;2.1;1.07
sainsburys-caramelised-onion-houmous-200g;Sainsbury's Caramelised Onion Houmous 200g;£1.00/unit;£0.50/100g;deli-meat-alternatives;280;6.2;11.8;4.7;21.8;2.2;5.9;1.20
sainsburys-caramelised-onion-houmous-200g;Sainsbury's Caramelised Onion Houmous 200g;£1.00/unit;£0.50/100g;fresh-dips-houmous;280;6.2;11.8;4.7;21.8;2.2;5.9;1.20
sainsburys-caramelised-red-onion---pork-sausages--taste-the-difference-x6-400g;Sainsbury's Pork & Caramelised Red Onion Sausages, Taste the Difference x6 400g;£2.80/unit;£7.00/kg;organic-taste-the-difference;291;18.5;12.4;4.1;18.3;6.2;1.4;1.50
sainsburys-caramelised-red-onion---pork-sausages--taste-the-difference-x6-400g;Sainsbury's Pork & Caramelised Red Onion Sausages, Taste the Difference x6 400g;£2.80/unit;£7.00/kg;sausages;291;18.5;12.4;4.1;18.3;6.2;1.4;1.50
sainsburys-carbonara-sauce--taste-the-difference-350g;Sainsbury's Carbonara Sauce, Taste the Difference 350g;£2.50/unit;£7.14/kg;fresh-pasta-sauces;179;5.8;6.5;2.1;14.3;7.9;0.5;0.75
sainsburys-carbonara-sauce-350g;Sainsbury's Carbonara Sauce 350g;£1.40/unit;£0.40/100g;fresh-pasta-sauces;110;4.9;5.5;1.2;7.5;4.4;0.5;0.70
sainsburys-carrot---coriander-soup-600g;Sainsbury's Carrot & Coriander Soup 600g;£1.40/unit;£0.23/100g;fresh-soups;32;0.7;3.6;2.9;1.4;0.5;0.9;0.45
sainsburys-carrot---swede-500g;Sainsbury's Carrot & Swede 500g;£0.75/unit;£1.50/kg;carrots-root-vegetables;22;0.5;3.5;3.3;0.3;0.1;1.5;0.10
sainsburys-carrot---swede-500g;Sainsbury's Carrot & Swede 500g;£0.75/unit;£1.50/kg;prepared-vegetables;22;0.5;3.5;3.3;0.3;0.1;1.5;0.10
sainsburys-carrot---swede-mash-450g;Sainsbury's Carrot & Swede Mash 450g;£1.20/unit;£2.67/kg;british-ready-meals;62;1.0;7.6;1.2;2.5;1.6;2.2;0.48
sainsburys-carrot---swede-mash-450g;Sainsbury's Carrot & Swede Mash 450g;£1.20/unit;£2.67/kg;coleslaw--olives--salads---dips-30658-44;62;1.0;7.6;1.2;2.5;1.6;2.2;0.48
sainsburys-carrot---swede-mash-450g;Sainsbury's Carrot & Swede Mash 450g;£1.20/unit;£2.67/kg;potato-vegetable-side-dishes;62;1.0;7.6;1.2;2.5;1.6;2.2;0.48
sainsburys-carrot---swede-mash-450g;Sainsbury's Carrot & Swede Mash 450g;£1.20/unit;£2.67/kg;prepared-vegetables;62;1.0;7.6;1.2;2.5;1.6;2.2;0.48
sainsburys-carrot---swede-mash-450g;Sainsbury's Carrot & Swede Mash 450g;£1.20/unit;£2.67/kg;vegetarian-meat-free-ready-meals;62;1.0;7.6;1.2;2.5;1.6;2.2;0.48
sainsburys-carrot---swede-potato-mash-400g;Sainsbury's Carrot & Swede Potato Mash 400g;£1.50/unit;£3.75/kg;british-ready-meals;55;0.9;8.1;1.5;1.7;1.1;1.8;0.32
sainsburys-carrot---swede-potato-mash-400g;Sainsbury's Carrot & Swede Potato Mash 400g;£1.50/unit;£3.75/kg;coleslaw--olives--salads---dips-30658-44;55;0.9;8.1;1.5;1.7;1.1;1.8;0.32
sainsburys-carrot---swede-potato-mash-400g;Sainsbury's Carrot & Swede Potato Mash 400g;£1.50/unit;£3.75/kg;potato-vegetable-side-dishes;55;0.9;8.1;1.5;1.7;1.1;1.8;0.32
sainsburys-carrot---swede-potato-mash-400g;Sainsbury's Carrot & Swede Potato Mash 400g;£1.50/unit;£3.75/kg;prepared-vegetables;55;0.9;8.1;1.5;1.7;1.1;1.8;0.32
sainsburys-carrot---swede-potato-mash-400g;Sainsbury's Carrot & Swede Potato Mash 400g;£1.50/unit;£3.75/kg;vegetarian-meat-free-ready-meals;55;0.9;8.1;1.5;1.7;1.1;1.8;0.32
sainsburys-carrot---tenderstem--taste-the-difference-275g;Sainsbury's Carrot & Tenderstem, Taste the Difference 275g;£2.40/unit;£8.73/kg;potato-vegetable-side-dishes;63;1.8;3.5;3.5;4.0;2.1;3.1;0.20
sainsburys-carrot---tenderstem--taste-the-difference-275g;Sainsbury's Carrot & Tenderstem, Taste the Difference 275g;£2.40/unit;£8.73/kg;prepared-vegetables;63;1.8;3.5;3.5;4.0;2.1;3.1;0.20
sainsburys-carrot---tenderstem--taste-the-difference-275g;Sainsbury's Carrot & Tenderstem, Taste the Difference 275g;£2.40/unit;£8.73/kg;taste-the-difference-bistro-ready-meals;63;1.8;3.5;3.5;4.0;2.1;3.1;0.20
sainsburys-carrot--broccoli--cauliflower---beans-240g;Sainsbury's Carrot, Broccoli, Cauliflower & Beans 240g;£1.50/unit;£6.25/kg;potato-vegetable-side-dishes;31;1.8;3.0;2.7;0.6;0.1;3.0;0.03
sainsburys-carrot--broccoli--cauliflower---beans-240g;Sainsbury's Carrot, Broccoli, Cauliflower & Beans 240g;£1.50/unit;£6.25/kg;prepared-vegetables;31;1.8;3.0;2.7;0.6;0.1;3.0;0.03
sainsburys-carrot--cauliflower---broccoli-240g;Sainsbury's Carrot, Cauliflower & Broccoli 240g;£1.00/unit;£4.17/kg;prepared-vegetables;30;1.8;2.9;2.7;0.6;0.2;2.9;0.04
sainsburys-carrot--cauliflower---broccoli-480g;Sainsbury's Carrot, Cauliflower & Broccoli 480g;£1.50/unit;£3.13/kg;prepared-vegetables;30;1.8;2.9;2.7;0.6;0.2;2.9;0.04
sainsburys-carrot-batons-400g;Sainsbury's Carrot Batons 400g;£1.00/unit;£2.50/kg;carrots-root-vegetables;29;0.6;4.3;4.1;0.5;0.1;3.1;0.06
sainsburys-carrot-batons-400g;Sainsbury's Carrot Batons 400g;£1.00/unit;£2.50/kg;prepared-vegetables;29;0.6;4.3;4.1;0.5;0.1;3.1;0.06
sainsburys-carrot-cake--taste-the-difference-5;Sainsbury's Carrot Cake, Taste the Difference 430g;£2.65/unit;£0.62/100g;sponge-slab-loaf-cakes;398;4.5;51.1;29.2;19.0;5.3;2.5;0.51
sainsburys-carrot-cake-slices-x6;Sainsbury's Carrot Cake Slices x6;£1.10/unit;£0.18/ea;slices-pies-tarts;428;3.2;56.6;36.6;20.7;4.6;1.4;0.33
sainsburys-carrots-%28loose%29;Sainsbury's Carrots (loose);£0.70/kg;£0.70/kg;carrots-root-vegetables;41;0.5;7.7;7.2;0.5;0.1;2.1;0.5
sainsburys-carrots---broccoli--basics-320g;Sainsbury's Carrots & Broccoli, Basics 320g;£0.85/unit;£2.66/kg;prepared-vegetables;45;1.6;7.1;6.2;0.5;0.1;3.4;0.01
sainsburys-carrots---fine-beans-240g;Sainsbury's Carrots & Fine Beans 240g;£1.50/unit;£6.25/kg;potato-vegetable-side-dishes;29;0.9;3.8;3.5;0.5;0.1;3.1;0.04
sainsburys-carrots---fine-beans-240g;Sainsbury's Carrots & Fine Beans 240g;£1.50/unit;£6.25/kg;prepared-vegetables;29;0.9;3.8;3.5;0.5;0.1;3.1;0.04
sainsburys-carrots--baby-1kg;Sainsbury's Carrots, Baby 1kg;£1.20/unit;£1.20/kg;frozen-vegetables;29;0.5;4.3;3.1;0.5;0.1;3.5;0.09
sainsburys-carrots--basics-15kg;Sainsbury's Carrots, Basics 1.5kg;£0.75/unit;£0.50/kg;carrots-root-vegetables;42;0.6;7.9;7.4;0.5;0.1;2.4;0.06
sainsburys-carrots--broccoli---asparagus-240g;Sainsbury's Carrots, Broccoli & Asparagus 240g;£1.50/unit;£6.25/kg;potato-vegetable-side-dishes;27;1.6;2.6;2.5;0.5;0.1;2.6;0.05
sainsburys-carrots--broccoli---asparagus-240g;Sainsbury's Carrots, Broccoli & Asparagus 240g;£1.50/unit;£6.25/kg;prepared-vegetables;27;1.6;2.6;2.5;0.5;0.1;2.6;0.05
sainsburys-carrots--broccoli---sweetcorn-microwaveable-steam-bags-x4-540g;Sainsbury's Carrots, Broccoli & Sweetcorn Microwaveable Steam Bags x4 540g;£1.50/unit;£2.78/kg;frozen-vegetables;60;2.6;8.2;2.2;1.2;0.2;3.1;0.04
sainsburys-carrots--caulifllower---peas-microwaveable-steam-bags-x4-540g;Sainsbury's Carrots, Caulifllower & Peas Microwaveable Steam Bags x4 540g;£1.50/unit;£2.78/kg;frozen-vegetables;44;2.7;5.1;2.4;0.6;0.1;3.9;0.04
sainsburys-carrots--so-organic-750g;Sainsbury's Carrots, SO Organic 750g;£1.00/unit;£1.33/kg;carrots-root-vegetables;44;0.5;7.7;7.2;0.5;0.1;3.9;0.01
sainsburys-carrots--so-organic-750g;Sainsbury's Carrots, SO Organic 750g;£1.00/unit;£1.33/kg;fruit-vegetables-organic-taste-the-difference;44;0.5;7.7;7.2;0.5;0.1;3.9;0.01
sainsburys-casserole-vegetable--basics-450g-7356497-p-44;Sainsbury's Casserole Vegetable, Basics 450g;£0.90/unit;£2.00/kg;prepared-vegetables;41;0.6;7.7;6.6;0.5;0.1;2.7;0.01
sainsburys-casserole-vegetable-700g;Sainsbury's Casserole Vegetable 700g;£1.50/unit;£2.14/kg;prepared-vegetables;48;1.2;9.2;3.9;0.5;0.1;2.0;0.01
sainsburys-casserole-vegetable-selection-750g;Sainsbury's Casserole Vegetable Selection 750g;£1.20/unit;£1.60/kg;carrots-root-vegetables;39;0.7;7.1;6.2;0.5;0.1;2.2;0.05
sainsburys-catalan-chicken--taste-the-difference-bistro-800g;Sainsbury's Catalan Chicken, Taste the Difference Bistro 800g;£6.00/unit;£7.50/kg;mediterranean-other-cuisine-ready-meals;89;7.5;7.6;4.6;2.6;0.6;3.0;0.58
sainsburys-catalan-chicken--taste-the-difference-bistro-800g;Sainsbury's Catalan Chicken, Taste the Difference Bistro 800g;£6.00/unit;£7.50/kg;taste-the-difference-bistro-ready-meals;89;7.5;7.6;4.6;2.6;0.6;3.0;0.58
sainsburys-cauliflower--so-organic;Sainsbury's Cauliflower, SO Organic (each);£2.00/unit;£2.00/ea;broccoli-cauliflower-cabbage-greens;34;2.5;4.2;2.8;0.5;0.2;1.8;0.02
sainsburys-cauliflower--so-organic;Sainsbury's Cauliflower, SO Organic (each);£2.00/unit;£2.00/ea;fruit-vegetables-organic-taste-the-difference;34;2.5;4.2;2.8;0.5;0.2;1.8;0.02
sainsburys-cauliflower--so-organic;Sainsbury's Cauliflower, SO Organic (each);£2.00/unit;£2.00/ea;new-in-season;34;2.5;4.2;2.8;0.5;0.2;1.8;0.02
sainsburys-cauliflower--sprouts---carrots-250g;Sainsbury's Cauliflower, Sprouts & Carrots 250g;£1.00/unit;£4.00/kg;prepared-vegetables;35;2.2;3.2;2.9;0.9;0.2;2.8;0.22
sainsburys-cauliflower-cheese--taste-the-difference-400g-6002597-p-44;Sainsbury's Cauliflower Cheese, Taste the Difference 400g;£2.40/unit;£6.00/kg;british-ready-meals;113;5.1;4.6;2.7;7.7;4.7;2.3;0.68
sainsburys-cauliflower-cheese--taste-the-difference-400g-6002597-p-44;Sainsbury's Cauliflower Cheese, Taste the Difference 400g;£2.40/unit;£6.00/kg;coleslaw--olives--salads---dips-30658-44;113;5.1;4.6;2.7;7.7;4.7;2.3;0.68
sainsburys-cauliflower-cheese--taste-the-difference-400g-6002597-p-44;Sainsbury's Cauliflower Cheese, Taste the Difference 400g;£2.40/unit;£6.00/kg;potato-vegetable-side-dishes;113;5.1;4.6;2.7;7.7;4.7;2.3;0.68
sainsburys-cauliflower-cheese--taste-the-difference-400g-6002597-p-44;Sainsbury's Cauliflower Cheese, Taste the Difference 400g;£2.40/unit;£6.00/kg;prepared-vegetables;113;5.1;4.6;2.7;7.7;4.7;2.3;0.68
sainsburys-cauliflower-cheese--taste-the-difference-400g-6002597-p-44;Sainsbury's Cauliflower Cheese, Taste the Difference 400g;£2.40/unit;£6.00/kg;taste-the-difference-bistro-ready-meals;113;5.1;4.6;2.7;7.7;4.7;2.3;0.68
sainsburys-cauliflower-cheese--taste-the-difference-400g-6002597-p-44;Sainsbury's Cauliflower Cheese, Taste the Difference 400g;£2.40/unit;£6.00/kg;vegetarian-meat-free-ready-meals;113;5.1;4.6;2.7;7.7;4.7;2.3;0.68
sainsburys-cauliflower-cheese-400g-7651982-p-44;Sainsbury's Cauliflower Cheese 400g;£2.00/unit;£5.00/kg;broccoli-cauliflower-cabbage-greens;83;5.0;3.7;0.9;4.9;3.5;2.2;0.72
sainsburys-cauliflower-cheese-400g-7651982-p-44;Sainsbury's Cauliflower Cheese 400g;£2.00/unit;£5.00/kg;new-in-season;83;5.0;3.7;0.9;4.9;3.5;2.2;0.72
sainsburys-cauliflower-cheese-400g-7651982-p-44;Sainsbury's Cauliflower Cheese 400g;£2.00/unit;£5.00/kg;potato-vegetable-side-dishes;83;5.0;3.7;0.9;4.9;3.5;2.2;0.72
sainsburys-cauliflower-cheese-400g-7651982-p-44;Sainsbury's Cauliflower Cheese 400g;£2.00/unit;£5.00/kg;prepared-vegetables;83;5.0;3.7;0.9;4.9;3.5;2.2;0.72
sainsburys-cauliflower-cheese-400g;Sainsbury's Cauliflower Cheese 400g;£2.00/unit;£5.00/kg;british-ready-meals;75;4.8;3.3;1.5;4.0;2.5;3.2;0.58
sainsburys-cauliflower-cheese-400g;Sainsbury's Cauliflower Cheese 400g;£2.00/unit;£5.00/kg;coleslaw--olives--salads---dips-30658-44;75;4.8;3.3;1.5;4.0;2.5;3.2;0.58
sainsburys-cauliflower-cheese-400g;Sainsbury's Cauliflower Cheese 400g;£2.00/unit;£5.00/kg;potato-vegetable-side-dishes;75;4.8;3.3;1.5;4.0;2.5;3.2;0.58
sainsburys-cauliflower-cheese-400g;Sainsbury's Cauliflower Cheese 400g;£2.00/unit;£5.00/kg;prepared-vegetables;75;4.8;3.3;1.5;4.0;2.5;3.2;0.58
sainsburys-cauliflower-cheese-400g;Sainsbury's Cauliflower Cheese 400g;£2.00/unit;£5.00/kg;vegetarian-meat-free-ready-meals;75;4.8;3.3;1.5;4.0;2.5;3.2;0.58
sainsburys-cauliflower-cheese-680g;Sainsbury's Cauliflower Cheese 680g;£2.00/unit;£2.94/kg;frozen-vegetables;99;4.0;5.8;1.9;6.3;3.9;1.7;0.48
sainsburys-cauliflower-cheese-grills-x4-397g-7718243-p-44;Sainsbury's Cauliflower Cheese Grills x4 397g;£1.80/unit;£4.53/kg;meat-free-vegetarian;231;4.7;25.0;1.4;11.9;2.6;2.6;0.64
sainsburys-cave-aged-farmhouse-mature-cheddar--taste-the-difference-200g;Sainsbury's Cave Aged Farmhouse Mature Cheddar, Taste the Difference 200g;£2.50/unit;£12.50/kg;cheddar-british-regional-cheese;410;25.0;0.5;0.5;34.4;21.7;0.5;1.80
sainsburys-cave-aged-farmhouse-mature-cheddar--taste-the-difference-200g;Sainsbury's Cave Aged Farmhouse Mature Cheddar, Taste the Difference 200g;£2.50/unit;£12.50/kg;cheeseboard-delights;410;25.0;0.5;0.5;34.4;21.7;0.5;1.80
sainsburys-cave-aged-farmhouse-mature-cheddar--taste-the-difference-200g;Sainsbury's Cave Aged Farmhouse Mature Cheddar, Taste the Difference 200g;£2.50/unit;£12.50/kg;organic-taste-the-difference-cheese;410;25.0;0.5;0.5;34.4;21.7;0.5;1.80
sainsburys-cavolo-nero--taste-the-difference-200g;Sainsbury's Cavolo Nero Cabbage Taste the Difference 200g;£1.40/unit;£7.00/kg;broccoli-cauliflower-cabbage-greens;39;3.4;1.3;1.2;1.6;0.2;3.1;0.11
sainsburys-cavolo-nero--taste-the-difference-200g;Sainsbury's Cavolo Nero Cabbage Taste the Difference 200g;£1.40/unit;£7.00/kg;fresh-vegetables-world-exotic;39;3.4;1.3;1.2;1.6;0.2;3.1;0.11
sainsburys-cavolo-nero--taste-the-difference-200g;Sainsbury's Cavolo Nero Cabbage Taste the Difference 200g;£1.40/unit;£7.00/kg;fruit-vegetables-organic-taste-the-difference;39;3.4;1.3;1.2;1.6;0.2;3.1;0.11
sainsburys-cavolo-nero--taste-the-difference-200g;Sainsbury's Cavolo Nero Cabbage Taste the Difference 200g;£1.40/unit;£7.00/kg;mediterranean-ingredients;39;3.4;1.3;1.2;1.6;0.2;3.1;0.11
sainsburys-celebration-ale--taste-the-difference-500ml;Sainsbury's Celebration Ale, Taste The Difference 500ml;£1.90/unit;£3.80/ltr;ale-stout;55;0.6;4.1;4.1;0.5;0.1;1.5;0.01
sainsburys-celebration-iced-fruit-cake-large--taste-the-difference;Sainsbury's Wedding Cake Tier, Large 2.44kg (serves 44);£24.00/unit;£24.00/ea;celebration-cakes;385;3.8;69;54;10;3.0;2.0;0.14
sainsburys-celebration-iced-fruit-cake-medium--taste-the-difference;Sainsbury's Wedding Cake Tier, Medium 1.3kg (serves 24);£18.00/unit;£18.00/ea;celebration-cakes;376;3.7;67;57;9.8;3.1;1.8;0.14
sainsburys-celebration-iced-fruit-cake-x-large--taste-the-difference;Sainsbury's Wedding Cake Tier, Extra Large 3.77kg (serves 64);£35.00/unit;£35.00/ea;celebration-cakes;369;4.0;65;49;9.9;3.3;2.0;0.15
sainsburys-celeriac;Sainsbury's Celeriac (approx. 900g);£1.30/kg;£1.30/kg;carrots-root-vegetables;25;1.2;2.2;1.7;0.5;0.1;3.7;0.23
sainsburys-celeriac;Sainsbury's Celeriac (approx. 900g);£1.30/kg;£1.30/kg;new-in-season;25;1.2;2.2;1.7;0.5;0.1;3.7;0.23
sainsburys-celery--nut---sultana-salad-300g;Sainsbury's Fruit, Celery & Nut Salad 300g;£1.00/unit;£0.33/100g;coleslaw--olives--salads---dips-30658-44;256;3.6;11.5;10.5;21.3;1.9;2.0;0.83
sainsburys-celery--nut---sultana-salad-300g;Sainsbury's Fruit, Celery & Nut Salad 300g;£1.00/unit;£0.33/100g;coleslaw-salads;256;3.6;11.5;10.5;21.3;1.9;2.0;0.83
sainsburys-celery--nut---sultana-salad-300g;Sainsbury's Fruit, Celery & Nut Salad 300g;£1.00/unit;£0.33/100g;dressings-coleslaw-accompaniments;256;3.6;11.5;10.5;21.3;1.9;2.0;0.83
sainsburys-celery--nut---sultana-salad-300g;Sainsbury's Fruit, Celery & Nut Salad 300g;£1.00/unit;£0.33/100g;prepared-salad-herbs;256;3.6;11.5;10.5;21.3;1.9;2.0;0.83
sainsburys-celery--so-organic-400g;Sainsbury's Celery, So Organic 350g;£1.20/unit;£0.34/100g;cucumber-celery;7;0.5;0.9;0.9;0.2;0;1.1;0.50
sainsburys-celery--so-organic-400g;Sainsbury's Celery, So Organic 350g;£1.20/unit;£0.34/100g;fruit-vegetables-organic-taste-the-difference;7;0.5;0.9;0.9;0.2;0;1.1;0.50
sainsburys-celery--so-organic-400g;Sainsbury's Celery, So Organic 350g;£1.20/unit;£0.34/100g;new-in-season;7;0.5;0.9;0.9;0.2;0;1.1;0.50
sainsburys-celery--so-organic-400g;Sainsbury's Celery, So Organic 350g;£1.20/unit;£0.34/100g;peppers-salad-vegetables;7;0.5;0.9;0.9;0.2;0;1.1;0.50
sainsburys-celery-450g;Sainsbury's Celery 450g;£0.80/unit;£0.18/100g;cucumber-celery;7;0.5;0.9;0.9;0.2;0;1.1;0.50
sainsburys-celery-450g;Sainsbury's Celery 450g;£0.80/unit;£0.18/100g;new-in-season;7;0.5;0.9;0.9;0.2;0;1.1;0.50
sainsburys-celery-450g;Sainsbury's Celery 450g;£0.80/unit;£0.18/100g;peppers-salad-vegetables;7;0.5;0.9;0.9;0.2;0;1.1;0.50
sainsburys-celery-hearts-x2;Sainsbury's Celery Hearts x2;£1.30/unit;£0.33/100g;cucumber-celery;7;0.5;0.9;0.9;0.2;0;1.1;0.50
sainsburys-celery-hearts-x2;Sainsbury's Celery Hearts x2;£1.30/unit;£0.33/100g;new-in-season;7;0.5;0.9;0.9;0.2;0;1.1;0.50
sainsburys-celery-hearts-x2;Sainsbury's Celery Hearts x2;£1.30/unit;£0.33/100g;peppers-salad-vegetables;7;0.5;0.9;0.9;0.2;0;1.1;0.50
sainsburys-celery-sticks-350g;Sainsbury's Celery Sticks 350g;£1.00/unit;£0.29/100g;cucumber-celery;7;0.5;0.9;0.9;0.2;0;1.1;
sainsburys-celery-sticks-350g;Sainsbury's Celery Sticks 350g;£1.00/unit;£0.29/100g;new-in-season;7;0.5;0.9;0.9;0.2;0;1.1;
sainsburys-celery-sticks-350g;Sainsbury's Celery Sticks 350g;£1.00/unit;£0.29/100g;peppers-salad-vegetables;7;0.5;0.9;0.9;0.2;0;1.1;
sainsburys-chabichou--taste-the-difference-150g;Sainsbury's Chabichou, Taste the Difference 150g;£3.00/unit;£20.00/kg;organic-taste-the-difference-cheese;303;17.6;1.9;1.7;25.0;18.5;0.5;1.50
sainsburys-channa-masala-%28medium---earthy%29-300g;Sainsbury's Channa Masala (medium & earthy) 300g;£1.75/unit;£5.83/kg;indian-ready-meals;114;3.9;6.8;2.8;6.4;1.0;6.5;0.75
sainsburys-channa-masala-%28medium---earthy%29-300g;Sainsbury's Channa Masala (medium & earthy) 300g;£1.75/unit;£5.83/kg;potato-vegetable-side-dishes;114;3.9;6.8;2.8;6.4;1.0;6.5;0.75
sainsburys-channa-masala-%28medium---earthy%29-300g;Sainsbury's Channa Masala (medium & earthy) 300g;£1.75/unit;£5.83/kg;vegetarian-meat-free-ready-meals;114;3.9;6.8;2.8;6.4;1.0;6.5;0.75
sainsburys-channa-masala-%28medium---earthy%29-300g;Sainsbury's Channa Masala (medium & earthy) 300g;£1.75/unit;£5.83/kg;vegetarian-ready-meals;114;3.9;6.8;2.8;6.4;1.0;6.5;0.75
sainsburys-chantenay-carrot---parsnip-soup--taste-the-difference-600g;Sainsbury's Chantenay Carrot & Parsnip Soup, Taste the Difference 600g;£2.00/unit;£0.33/100g;fresh-soups;44;0.5;5.0;4.4;2.2;1.3;1.5;0.43
sainsburys-chantenay-carrots-500g;Sainsbury's Chantenay Carrots 500g;£1.00/unit;£2.00/kg;baby-vegetables;41;0.5;7.7;7.2;0.5;0.1;2.1;0.07
sainsburys-chantenay-carrots-500g;Sainsbury's Chantenay Carrots 500g;£1.00/unit;£2.00/kg;carrots-root-vegetables;41;0.5;7.7;7.2;0.5;0.1;2.1;0.07
sainsburys-chaource--taste-the-difference-250g;Sainsbury's Chaource, Taste the Difference 250g;£3.30/unit;£13.20/kg;organic-taste-the-difference-cheese;270;17.0;1.0;0.5;22.0;15.8;0.5;2.00
sainsburys-chapatti-170g;Sainsbury's Chapatti x2 170g;£0.75/unit;£0.44/100g;indian-ready-meals;279;7.7;50.8;1.8;4.2;0.3;3.7;0.53
sainsburys-chapatti-170g;Sainsbury's Chapatti x2 170g;£0.75/unit;£0.44/100g;vegetarian-meat-free-ready-meals;279;7.7;50.8;1.8;4.2;0.3;3.7;0.53
sainsburys-chargrill-quarter-pounders--be-good-to-yourself-454g;Sainsbury's Chargrill Quarter Pounders, Be Good To Yourself x4 454g;£2.75/unit;£6.06/kg;frozen-beef;163;23.5;4.6;0.8;5.5;2.6;0.5;0.90
sainsburys-chargrill-quarter-pounders--be-good-to-yourself-454g;Sainsbury's Chargrill Quarter Pounders, Be Good To Yourself x4 454g;£2.75/unit;£6.06/kg;frozen-burgers-sausages;163;23.5;4.6;0.8;5.5;2.6;0.5;0.90
sainsburys-chargrill-vegetable-cous-cous--be-good-to-yourself-200g;Sainsbury's Chargrill Vegetable Cous Cous, Be Good To Yourself 200g;£1.50/unit;£0.75/100g;coleslaw-salads;152;4.4;27.6;4.5;2.4;0.4;1.1;0.60
sainsburys-chargrill-vegetable-cous-cous--be-good-to-yourself-200g;Sainsbury's Chargrill Vegetable Cous Cous, Be Good To Yourself 200g;£1.50/unit;£0.75/100g;dressings-coleslaw-accompaniments;152;4.4;27.6;4.5;2.4;0.4;1.1;0.60
sainsburys-chargrill-vegetable-cous-cous--be-good-to-yourself-200g;Sainsbury's Chargrill Vegetable Cous Cous, Be Good To Yourself 200g;£1.50/unit;£0.75/100g;lunchtime-snacks;152;4.4;27.6;4.5;2.4;0.4;1.1;0.60
sainsburys-chargrill-vegetable-cous-cous--be-good-to-yourself-200g;Sainsbury's Chargrill Vegetable Cous Cous, Be Good To Yourself 200g;£1.50/unit;£0.75/100g;prepared-salad-herbs;152;4.4;27.6;4.5;2.4;0.4;1.1;0.60
sainsburys-chargrilled-artichoke-salad--taste-the-difference-290g-%28184g*%29;Sainsbury's Chargrilled Artichoke Salad, Taste the Difference 290g (184g*);£3.50/unit;£1.90/100g;olives-antipasti;257;6.1;15.1;6.4;17.7;2.9;-1;1.23
sainsburys-chargrilled-artichokes-in-olive-oil--taste-the-difference-290g-%28195g*%29;Sainsbury's Chargrilled Artichokes In Olive Oil, Taste the Difference 290g (195g*);£3.50/unit;£1.79/100g;olives-antipasti;196;1.3;10.8;3.1;15.3;2.5;-1;1.10
sainsburys-chargrilled-burgers--butchers-choice-454g;Sainsbury's Chargrilled Burgers, Butcher's Choice x4 454g;£3.00/unit;£6.61/kg;beef;236;21.6;5.0;0.7;14.3;6.5;0.5;0.80
sainsburys-chargrilled-burgers--butchers-choice-454g;Sainsbury's Chargrilled Burgers, Butcher's Choice x4 454g;£3.00/unit;£6.61/kg;burgers-bbq;236;21.6;5.0;0.7;14.3;6.5;0.5;0.80
sainsburys-chargrilled-chicken-slices-300g;Sainsbury's Cooked Chicken Slices, Chargrilled 300g;£4.40/unit;£1.47/100g;cooked-chicken-turkey;113;23.9;0.5;0.5;1.6;0.5;0.8;0.53
sainsburys-chargrilled-chicken-slices-300g;Sainsbury's Cooked Chicken Slices, Chargrilled 300g;£4.40/unit;£1.47/100g;mfp-cooked-chicken-turkey;113;23.9;0.5;0.5;1.6;0.5;0.8;0.53
sainsburys-chargrilled-mediterranean-vegetables-%28aubergine--courgette--red---yellow-peppers%29-500g;Sainsbury's Chargrilled Mediterranean Vegetables (Aubergine, Courgette, Red & Yellow Peppers) 500g;£1.50/unit;£3.00/kg;frozen-vegetables;91;1.5;8.0;4.0;5.3;0.7;2.7;0.15
sainsburys-chargrilled-peppers-antipasto-280g;Sainsbury's Chargrilled Peppers Antipasto 280g (170g*);£2.00/unit;£1.18/100g;olives-antipasti;118;1.7;9.5;6.3;7.7;0.8;1.8;0.40
sainsburys-chargrilled-vegetable-12-pizza--taste-the-difference;Sainsbury's Chargrilled Vegetable Pizza, Taste the Difference 12'' 530g;£5.00/unit;£9.43/kg;pizza;248;11.0;31.6;3.7;8.0;3.6;2.9;0.83
sainsburys-chargrilled-vegetable-12-pizza--taste-the-difference;Sainsbury's Chargrilled Vegetable Pizza, Taste the Difference 12'' 530g;£5.00/unit;£9.43/kg;vegetarian-meat-free-pizza-pasta;248;11.0;31.6;3.7;8.0;3.6;2.9;0.83
sainsburys-charlotte-potatoes-1kg;Sainsbury's Charlotte Potatoes 1kg;£1.00/unit;£1.00/kg;potatoes;67;1.4;14.0;0.9;0.3;0.1;1.5;100;
sainsburys-cheddar---black-pepper-slices-140g;Sainsbury's Cheddar & Black Pepper Slices 140g;£2.00/unit;£14.29/kg;cheddar-british-regional-cheese;402;23.1;1.7;0.5;33.6;22.3;0.5;1.38
sainsburys-cheddar---black-pepper-slices-140g;Sainsbury's Cheddar & Black Pepper Slices 140g;£2.00/unit;£14.29/kg;sliced-grated-cheese;402;23.1;1.7;0.5;33.6;22.3;0.5;1.38
sainsburys-cheddar---onion-crispbakes-x2-270g;Sainsbury's Cheddar & Onion Crispbakes x2 270g;£2.00/unit;£7.41/kg;deli-meat-alternatives;278;7.8;20.5;1.6;18.0;6.7;1.3;0.90
sainsburys-cheddar-cheese---chive-dip-230g;Sainsbury's Cheddar Cheese & Chive Dip 230g;£1.00/unit;£0.43/100g;deli-meat-alternatives;355;4.1;6.1;1.3;34.9;6.6;0.5;1.23
sainsburys-cheddar-cheese---chive-dip-230g;Sainsbury's Cheddar Cheese & Chive Dip 230g;£1.00/unit;£0.43/100g;fresh-dips-houmous;355;4.1;6.1;1.3;34.9;6.6;0.5;1.23
sainsburys-cheddar-mash-potato-450g;Sainsbury's Cheddar Mash Potato 450g;£1.20/unit;£2.67/kg;british-ready-meals;117;4.1;10.0;1.4;6.3;3.8;2.1;0.68
sainsburys-cheddar-mash-potato-450g;Sainsbury's Cheddar Mash Potato 450g;£1.20/unit;£2.67/kg;coleslaw--olives--salads---dips-30658-44;117;4.1;10.0;1.4;6.3;3.8;2.1;0.68
sainsburys-cheddar-mash-potato-450g;Sainsbury's Cheddar Mash Potato 450g;£1.20/unit;£2.67/kg;potato-vegetable-side-dishes;117;4.1;10.0;1.4;6.3;3.8;2.1;0.68
sainsburys-cheddar-mash-potato-450g;Sainsbury's Cheddar Mash Potato 450g;£1.20/unit;£2.67/kg;prepared-vegetables;117;4.1;10.0;1.4;6.3;3.8;2.1;0.68
sainsburys-cheddar-mash-potato-450g;Sainsbury's Cheddar Mash Potato 450g;£1.20/unit;£2.67/kg;vegetarian-meat-free-ready-meals;117;4.1;10.0;1.4;6.3;3.8;2.1;0.68
sainsburys-cheddar-with-indian-spiced-chutney-200g;Sainsbury's Cheddar with Indian Spiced Chutney 200g;£2.00/unit;£10.00/kg;cheddar-british-regional-cheese;383;22.2;7.0;4.6;29.5;18.8;0.7;1.77
sainsburys-cheddar-with-jalepeno---garlic-slices-140g;Sainsbury's Cheddar Slices With Jalepeno & Garlic 140g;£2.00/unit;£14.29/kg;cheddar-british-regional-cheese;404;24.6;0.0;0.0;34.0;21.3;0.0;1.48
sainsburys-cheddar-with-jalepeno---garlic-slices-140g;Sainsbury's Cheddar Slices With Jalepeno & Garlic 140g;£2.00/unit;£14.29/kg;sliced-grated-cheese;404;24.6;0.0;0.0;34.0;21.3;0.0;1.48
sainsburys-cheddar-with-silverskin-onion---herb-200g;Sainsbury's Cheddar With Silverskin Onion & Herb 200g;£2.00/unit;£10.00/kg;cheddar-british-regional-cheese;368;22.1;5.4;0.5;28.6;18.6;0.5;1.80
sainsburys-cheese---bacon-potato-skins-280g;Sainsbury's Cheese & Bacon Potato Skins 280g;£3.00/unit;£10.71/kg;mexican-caribbean-american-ready-meals;222;8.9;13.8;2.1;13.9;6.8;3.0;0.58
sainsburys-cheese---bacon-potato-skins-280g;Sainsbury's Cheese & Bacon Potato Skins 280g;£3.00/unit;£10.71/kg;potato-vegetable-side-dishes;222;8.9;13.8;2.1;13.9;6.8;3.0;0.58
sainsburys-cheese---bacon-potato-skins-with-soured-cream---chive-dip-420g;Sainsbury's Cheese & Bacon Potato Skins With Soured Cream & Chive Dip 420g;£3.50/unit;£8.33/kg;mexican-caribbean-american-ready-meals;222;8.9;13.8;2.1;13.9;6.8;3.0;0.58
sainsburys-cheese---bacon-potato-skins-with-soured-cream---chive-dip-420g;Sainsbury's Cheese & Bacon Potato Skins With Soured Cream & Chive Dip 420g;£3.50/unit;£8.33/kg;party-food-128152-44;222;8.9;13.8;2.1;13.9;6.8;3.0;0.58
sainsburys-cheese---bacon-potato-skins-with-soured-cream---chive-dip-420g;Sainsbury's Cheese & Bacon Potato Skins With Soured Cream & Chive Dip 420g;£3.50/unit;£8.33/kg;potato-vegetable-side-dishes;222;8.9;13.8;2.1;13.9;6.8;3.0;0.58
sainsburys-cheese---bacon-quiche--basics-400g;Sainsbury's Cheese & Bacon Quiche, Basics 400g;£1.05/unit;£0.26/100g;quiche;238;6.7;17.9;2.6;15.2;6.2;1.3;0.69
sainsburys-cheese---bacon-tart-230g;Sainsbury's Bacon, Onion & Cheese Tart 230g;£2.00/unit;£0.87/100g;lunchtime-snacks;318;8.6;24.9;3.2;20.1;10.1;1.4;0.73
sainsburys-cheese---bacon-tart-230g;Sainsbury's Bacon, Onion & Cheese Tart 230g;£2.00/unit;£0.87/100g;quiche;318;8.6;24.9;3.2;20.1;10.1;1.4;0.73
sainsburys-cheese---black-pepper-muffins--taste-the-difference-x4;Sainsbury's Cheese & Black Pepper Muffins, Taste the Difference x4;£1.50/unit;£0.38/ea;crumpets-breakfast-muffins-pancakes;258;13.1;34.9;3.1;6.7;4.1;2.7;1.13
sainsburys-cheese---chive-onion-skins-with-soured-cream---chive-dip-420g;Sainsbury's Cheese & Chive Onion Skins With Soured Cream & Chive Dip 420g;£3.50/unit;£8.33/kg;coleslaw--olives--salads---dips-30658-44;229;8.2;16.0;1.5;14.0;7.7;3.2;0.53
sainsburys-cheese---chive-onion-skins-with-soured-cream---chive-dip-420g;Sainsbury's Cheese & Chive Onion Skins With Soured Cream & Chive Dip 420g;£3.50/unit;£8.33/kg;mexican-caribbean-american-ready-meals;229;8.2;16.0;1.5;14.0;7.7;3.2;0.53
sainsburys-cheese---chive-onion-skins-with-soured-cream---chive-dip-420g;Sainsbury's Cheese & Chive Onion Skins With Soured Cream & Chive Dip 420g;£3.50/unit;£8.33/kg;party-food-128152-44;229;8.2;16.0;1.5;14.0;7.7;3.2;0.53
sainsburys-cheese---chive-onion-skins-with-soured-cream---chive-dip-420g;Sainsbury's Cheese & Chive Onion Skins With Soured Cream & Chive Dip 420g;£3.50/unit;£8.33/kg;potato-vegetable-side-dishes;229;8.2;16.0;1.5;14.0;7.7;3.2;0.53
sainsburys-cheese---chive-onion-skins-with-soured-cream---chive-dip-420g;Sainsbury's Cheese & Chive Onion Skins With Soured Cream & Chive Dip 420g;£3.50/unit;£8.33/kg;vegetarian-meat-free-ready-meals;229;8.2;16.0;1.5;14.0;7.7;3.2;0.53
sainsburys-cheese---coleslaw-side-salad-225g;Sainsbury's Cheese & Coleslaw Salad Bowl 225g;£2.50/unit;£1.11/100g;coleslaw--olives--salads---dips-30658-44;97;3.5;3.7;3.1;7.3;2.9;1.4;0.36
sainsburys-cheese---coleslaw-side-salad-225g;Sainsbury's Cheese & Coleslaw Salad Bowl 225g;£2.50/unit;£1.11/100g;coleslaw-salads;97;3.5;3.7;3.1;7.3;2.9;1.4;0.36
sainsburys-cheese---coleslaw-side-salad-225g;Sainsbury's Cheese & Coleslaw Salad Bowl 225g;£2.50/unit;£1.11/100g;dressings-coleslaw-accompaniments;97;3.5;3.7;3.1;7.3;2.9;1.4;0.36
sainsburys-cheese---coleslaw-side-salad-225g;Sainsbury's Cheese & Coleslaw Salad Bowl 225g;£2.50/unit;£1.11/100g;fresh-salad-prepared-ready-to-eat;97;3.5;3.7;3.1;7.3;2.9;1.4;0.36
sainsburys-cheese---coleslaw-side-salad-225g;Sainsbury's Cheese & Coleslaw Salad Bowl 225g;£2.50/unit;£1.11/100g;prepared-salad-herbs;97;3.5;3.7;3.1;7.3;2.9;1.4;0.36
sainsburys-cheese---ham-kiev-568g;Sainsbury's Cheese & Ham Kiev 568g;£2.65/unit;£4.67/kg;frozen-chicken;230;17.0;10.7;0.5;12.9;2.8;1.3;0.91
sainsburys-cheese---onion-crispbakes-x2-227g;Sainsbury's Cheese & Onion Crispbakes x2 227g;£1.00/unit;£4.41/kg;meat-free-vegetarian;216;6.4;25.1;1.5;9.5;2.7;2.2;0.83
sainsburys-cheese---onion-deli-filler--basics-140g;Sainsbury's Cheese & Onion Deli Filler, Basics 140g;£0.80/unit;£0.57/100g;deli-meat-alternatives;317;10.1;4.7;2.1;28.5;9.1;0.5;1.10
sainsburys-cheese---onion-deli-filler--basics-140g;Sainsbury's Cheese & Onion Deli Filler, Basics 140g;£0.80/unit;£0.57/100g;sandwich-fillers2;317;10.1;4.7;2.1;28.5;9.1;0.5;1.10
sainsburys-cheese---onion-deli-filler--basics-140g;Sainsbury's Cheese & Onion Deli Filler, Basics 140g;£0.80/unit;£0.57/100g;sandwich-fillers;317;10.1;4.7;2.1;28.5;9.1;0.5;1.10
sainsburys-cheese---onion-deli-filler-230g;Sainsbury's Cheese & Onion Deli Filler 230g;£1.65/unit;£0.72/100g;deli-meat-alternatives;344;10.1;5.5;1.9;31.1;10.3;0.6;1.33
sainsburys-cheese---onion-deli-filler-230g;Sainsbury's Cheese & Onion Deli Filler 230g;£1.65/unit;£0.72/100g;sandwich-fillers2;344;10.1;5.5;1.9;31.1;10.3;0.6;1.33
sainsburys-cheese---onion-deli-filler-230g;Sainsbury's Cheese & Onion Deli Filler 230g;£1.65/unit;£0.72/100g;sandwich-fillers;344;10.1;5.5;1.9;31.1;10.3;0.6;1.33
sainsburys-cheese---onion-deli-filler-400g;Sainsbury's Cheese & Onion Deli Filler 400g;£2.00/unit;£0.50/100g;deli-meat-alternatives;344;10.1;5.5;1.9;31.1;10.3;0.6;1.33
sainsburys-cheese---onion-deli-filler-400g;Sainsbury's Cheese & Onion Deli Filler 400g;£2.00/unit;£0.50/100g;sandwich-fillers2;344;10.1;5.5;1.9;31.1;10.3;0.6;1.33
sainsburys-cheese---onion-deli-filler-400g;Sainsbury's Cheese & Onion Deli Filler 400g;£2.00/unit;£0.50/100g;sandwich-fillers;344;10.1;5.5;1.9;31.1;10.3;0.6;1.33
sainsburys-cheese---onion-pasties-x4-600g;Sainsbury's Cheese & Onion Pasties x4 600g;£2.00/unit;£0.33/100g;deli-meat-alternatives;284;7.8;22.5;1.8;17.5;9.8;2.7;0.72
sainsburys-cheese---onion-pasties-x4-600g;Sainsbury's Cheese & Onion Pasties x4 600g;£2.00/unit;£0.33/100g;slices-pasties;284;7.8;22.5;1.8;17.5;9.8;2.7;0.72
sainsburys-cheese---onion-pasty-150g-6570120-p-44;Sainsbury's Cheese & Onion Pasty 150g;£0.75/unit;£0.50/100g;lunchtime-snacks;284;7.8;22.5;1.8;17.5;9.8;2.7;0.72
sainsburys-cheese---onion-pasty-150g-6570120-p-44;Sainsbury's Cheese & Onion Pasty 150g;£0.75/unit;£0.50/100g;slices-pasties;284;7.8;22.5;1.8;17.5;9.8;2.7;0.72
sainsburys-cheese---onion-pasty-150g;Sainsbury's Cheese & Onion Pasty 150g;£0.75/unit;£0.50/100g;deli-meat-alternatives;284;7.8;22.5;1.8;17.5;9.8;2.7;0.72
sainsburys-cheese---onion-pasty-150g;Sainsbury's Cheese & Onion Pasty 150g;£0.75/unit;£0.50/100g;lunchtime-snacks;284;7.8;22.5;1.8;17.5;9.8;2.7;0.72
sainsburys-cheese---onion-pasty-150g;Sainsbury's Cheese & Onion Pasty 150g;£0.75/unit;£0.50/100g;slices-pasties;284;7.8;22.5;1.8;17.5;9.8;2.7;0.72
sainsburys-cheese---onion-quiche-400g;Sainsbury's Cheese & Onion Quiche 400g;£2.40/unit;£0.60/100g;deli-meat-alternatives;258;7.9;20.1;2.7;15.7;5.7;2.4;0.55
sainsburys-cheese---onion-quiche-400g;Sainsbury's Cheese & Onion Quiche 400g;£2.40/unit;£0.60/100g;quiche;258;7.9;20.1;2.7;15.7;5.7;2.4;0.55
sainsburys-cheese---onion-rolls-x2-132g;Sainsbury's Cheese & Onion Rolls x2 132g;£0.65/unit;£0.49/100g;deli-meat-alternatives;1270304;7.2;28.5;2.3;17.2;8.7;3.3;1.12
sainsburys-cheese---onion-rolls-x2-132g;Sainsbury's Cheese & Onion Rolls x2 132g;£0.65/unit;£0.49/100g;lunchtime-snacks;1270304;7.2;28.5;2.3;17.2;8.7;3.3;1.12
sainsburys-cheese---onion-rolls-x2-132g;Sainsbury's Cheese & Onion Rolls x2 132g;£0.65/unit;£0.49/100g;sausage-rolls-savouries;1270304;7.2;28.5;2.3;17.2;8.7;3.3;1.12
sainsburys-cheese---onion-rolls-x2-132g;Sainsbury's Cheese & Onion Rolls x2 132g;£0.65/unit;£0.49/100g;slices-pasties;1270304;7.2;28.5;2.3;17.2;8.7;3.3;1.12
sainsburys-cheese---onion-rolls-x6-396g;Sainsbury's Cheese & Onion Rolls x6 396g;£1.85/unit;£0.47/100g;deli-meat-alternatives;304;7.2;28.5;2.3;17.2;8.7;3.3;1.12
sainsburys-cheese---onion-rolls-x6-396g;Sainsbury's Cheese & Onion Rolls x6 396g;£1.85/unit;£0.47/100g;sausage-rolls-savouries;304;7.2;28.5;2.3;17.2;8.7;3.3;1.12
sainsburys-cheese---onion-rolls-x6-396g;Sainsbury's Cheese & Onion Rolls x6 396g;£1.85/unit;£0.47/100g;slices-pasties;304;7.2;28.5;2.3;17.2;8.7;3.3;1.12
sainsburys-cheese---onion-slice-x2-330g;Sainsbury's Cheese & Onion Slice x2 330g;£1.80/unit;£0.55/100g;deli-meat-alternatives;294;7.7;22.7;1.5;18.2;7.2;4.3;0.88
sainsburys-cheese---onion-slice-x2-330g;Sainsbury's Cheese & Onion Slice x2 330g;£1.80/unit;£0.55/100g;sausage-rolls-savouries;294;7.7;22.7;1.5;18.2;7.2;4.3;0.88
sainsburys-cheese---onion-slice-x2-330g;Sainsbury's Cheese & Onion Slice x2 330g;£1.80/unit;£0.55/100g;slices-pasties;294;7.7;22.7;1.5;18.2;7.2;4.3;0.88
sainsburys-cheese---potato-bake-400g;Sainsbury's Cheese & Potato Bake 400g;£2.00/unit;£5.00/kg;british-ready-meals;94;3.5;7.6;2.1;5.0;3.1;2.1;0.73
sainsburys-cheese---potato-bake-400g;Sainsbury's Cheese & Potato Bake 400g;£2.00/unit;£5.00/kg;coleslaw--olives--salads---dips-30658-44;94;3.5;7.6;2.1;5.0;3.1;2.1;0.73
sainsburys-cheese---potato-bake-400g;Sainsbury's Cheese & Potato Bake 400g;£2.00/unit;£5.00/kg;potato-vegetable-side-dishes;94;3.5;7.6;2.1;5.0;3.1;2.1;0.73
sainsburys-cheese---potato-bake-400g;Sainsbury's Cheese & Potato Bake 400g;£2.00/unit;£5.00/kg;vegetarian-meat-free-ready-meals;94;3.5;7.6;2.1;5.0;3.1;2.1;0.73
sainsburys-cheese---tomato-12-pizza--basics;Sainsbury's Cheese & Tomato Pizza, Basics 12'' 440g;£1.55/unit;£3.52/kg;pizza;281;12.6;34.9;3.6;9.8;4.1;1.2;0.95
sainsburys-cheese---tomato-12-pizza--basics;Sainsbury's Cheese & Tomato Pizza, Basics 12'' 440g;£1.55/unit;£3.52/kg;vegetarian-meat-free-pizza-pasta;281;12.6;34.9;3.6;9.8;4.1;1.2;0.95
sainsburys-cheese---tomato-7-pizza--basics;Sainsbury's Cheese & TomatoPizza, Basics  7'' 119g;£0.55/unit;£4.62/kg;pizza;307;13.7;40.9;3.0;9.5;4.3;1.4;1.05
sainsburys-cheese---tomato-7-pizza--basics;Sainsbury's Cheese & TomatoPizza, Basics  7'' 119g;£0.55/unit;£4.62/kg;vegetarian-meat-free-pizza-pasta;307;13.7;40.9;3.0;9.5;4.3;1.4;1.05
sainsburys-cheese---tomato-flatbread;Sainsbury's Cheese & Tomato Flatbread 225g;£1.30/unit;£0.58/100g;naan-ciabatta-breads-of-the-world;284;11.6;42.4;3.4;7.0;2.8;2.2;1.13
sainsburys-cheese---tomato-pasta-300g;Sainsbury's Cheese & Tomato Pasta Salad 300g;£2.00/unit;£0.67/100g;coleslaw-salads;181;5.2;25.4;4.6;6.2;1.7;1.6;0.70
sainsburys-cheese---tomato-pasta-300g;Sainsbury's Cheese & Tomato Pasta Salad 300g;£2.00/unit;£0.67/100g;dressings-coleslaw-accompaniments;181;5.2;25.4;4.6;6.2;1.7;1.6;0.70
sainsburys-cheese---tomato-pasta-300g;Sainsbury's Cheese & Tomato Pasta Salad 300g;£2.00/unit;£0.67/100g;lunchtime-snacks;181;5.2;25.4;4.6;6.2;1.7;1.6;0.70
sainsburys-cheese---tomato-pasta-300g;Sainsbury's Cheese & Tomato Pasta Salad 300g;£2.00/unit;£0.67/100g;prepared-salad-herbs;181;5.2;25.4;4.6;6.2;1.7;1.6;0.70
sainsburys-cheese---tomato-pizza--basics-243g;Sainsbury's Cheese & Tomato Pizza, Basics 243g;£0.65/unit;£2.67/kg;frozen-pizza-garlic-bread;265;8.8;40;3.4;7.3;3.3;2.8;0.91
sainsburys-cheese-coleslaw-300g;Sainsbury's Cheese Coleslaw 300g;£1.00/unit;£0.33/100g;coleslaw--olives--salads---dips-30658-44;246;3.8;6.5;5.6;22.4;6.3;1.4;0.95
sainsburys-cheese-coleslaw-300g;Sainsbury's Cheese Coleslaw 300g;£1.00/unit;£0.33/100g;coleslaw-salads;246;3.8;6.5;5.6;22.4;6.3;1.4;0.95
sainsburys-cheese-coleslaw-300g;Sainsbury's Cheese Coleslaw 300g;£1.00/unit;£0.33/100g;dressings-coleslaw-accompaniments;246;3.8;6.5;5.6;22.4;6.3;1.4;0.95
sainsburys-cheese-coleslaw-300g;Sainsbury's Cheese Coleslaw 300g;£1.00/unit;£0.33/100g;prepared-salad-herbs;246;3.8;6.5;5.6;22.4;6.3;1.4;0.95
sainsburys-cheese-coleslaw-300g;Sainsbury's Cheese Coleslaw 300g;£1.00/unit;£0.33/100g;sandwich-fillers2;246;3.8;6.5;5.6;22.4;6.3;1.4;0.95
sainsburys-cheese-collections-extra-matured-farmhouse-cheddar-170g;Sainsbury's Extra Matured Farmhouse Cheddar 170g;£3.00/unit;£17.65/kg;cheddar-british-regional-cheese;411;24.9;0.5;0.5;34.5;21.6;0.5;1.72
sainsburys-cheese-collections-goats-cheese-log-200g;Sainsbury's Goats' Cheese Log 200g;£3.00/unit;£16.67/kg;healthier-choice-special-diet-cheese;295;21.0;1.0;1.0;23.0;16.3;0.5;1.50
sainsburys-cheese-collections-manchego-150g;Sainsbury's Manchego 150g;£3.00/unit;£20.00/kg;healthier-choice-special-diet-cheese;460;25.6;0.5;0.5;39.5;22.1;0.5;2.30
sainsburys-cheese-collections-mature-blue-stilton-150g;Sainsbury's Mature Blue Stilton 150g;£3.00/unit;£20.00/kg;cheddar-british-regional-cheese;410;23.7;0.5;0.5;35.0;23.0;0.5;2.07
sainsburys-cheese-feast-stuffed-crust-10-quot%3B;Sainsbury's Stuffed Crust Cheese Feast Pizza 10" 470g;£3.50/unit;£7.45/kg;pizza;294;14.3;30.8;4.3;12.0;5.5;2.9;1.23
sainsburys-cheese-savoury-deli-filler-230g;Sainsbury's Cheese Savoury Deli Filler 230g;£1.65/unit;£0.72/100g;deli-meat-alternatives;338;8.5;6.3;1.0;30.7;8.2;1.1;0.91
sainsburys-cheese-savoury-deli-filler-230g;Sainsbury's Cheese Savoury Deli Filler 230g;£1.65/unit;£0.72/100g;sandwich-fillers2;338;8.5;6.3;1.0;30.7;8.2;1.1;0.91
sainsburys-cheese-savoury-deli-filler-230g;Sainsbury's Cheese Savoury Deli Filler 230g;£1.65/unit;£0.72/100g;sandwich-fillers;338;8.5;6.3;1.0;30.7;8.2;1.1;0.91
sainsburys-cheese-selection--basics-320g;Sainsbury's Cheese Selection, Basics 320g;£3.30/unit;£10.31/kg;cheddar-british-regional-cheese;383;21;11;8.0;28;19;0.5;1.3
sainsburys-cheese-selection--taste-the-difference-590g;Sainsbury's Cheese Selection, Taste the Difference 590g;£8.00/unit;£13.56/kg;cheeseboard-delights;410;23.7;0.5;0.5;35.0;23.0;0.5;2.07
sainsburys-cheese-selection--taste-the-difference-590g;Sainsbury's Cheese Selection, Taste the Difference 590g;£8.00/unit;£13.56/kg;organic-taste-the-difference-cheese;410;23.7;0.5;0.5;35.0;23.0;0.5;2.07
sainsburys-cheese-singles-x10-200g;Sainsbury's Cheese Singles x10 200g;£1.20/unit;£6.00/kg;sliced-grated-cheese;275;12.3;8.2;8.2;21.5;13.1;0.5;2.00
sainsburys-cheese-singles-x10-200g;Sainsbury's Cheese Singles x10 200g;£1.20/unit;£6.00/kg;snacking-lunchbox-cheese;275;12.3;8.2;8.2;21.5;13.1;0.5;2.00
sainsburys-cheese-singles-x20-400g;Sainsbury's Cheese Singles x20 400g;£2.00/unit;£5.00/kg;sliced-grated-cheese;275;12.3;8.2;8.2;21.5;13.1;0.5;2.00
sainsburys-cheese-singles-x20-400g;Sainsbury's Cheese Singles x20 400g;£2.00/unit;£5.00/kg;snacking-lunchbox-cheese;275;12.3;8.2;8.2;21.5;13.1;0.5;2.00
sainsburys-cheese-slices--basics-x15-255g;Sainsbury's Cheese Slices, Basics x15 255g;£0.90/unit;£3.53/kg;sliced-grated-cheese;269;14.3;4.5;4.3;21.5;9.7;0.5;2.00
sainsburys-cheese-slices--basics-x15-255g;Sainsbury's Cheese Slices, Basics x15 255g;£0.90/unit;£3.53/kg;snacking-lunchbox-cheese;269;14.3;4.5;4.3;21.5;9.7;0.5;2.00
sainsburys-cheese-spread--basics-200g;Sainsbury's Cheese Spread, Basics 200g;£0.60/unit;£3.00/kg;snacking-lunchbox-cheese;169;11.0;11.0;8.5;9.0;5.7;0.5;1.90
sainsburys-cheese-spread--basics-200g;Sainsbury's Cheese Spread, Basics 200g;£0.60/unit;£3.00/kg;soft---spreadable;169;11.0;11.0;8.5;9.0;5.7;0.5;1.90
sainsburys-cheeseburger-pizza-12-quot%3B;Sainsbury's Cheeseburger Melt Pizza 12'' 575g;£3.50/unit;£6.09/kg;pizza;280;11.0;29.7;5.0;12.5;3.7;2.6;1.00
sainsburys-cheesy-bean-slice-180g;Sainsbury's Cheesy Bean Slice 180g;£1.00/unit;£0.56/100g;lunchtime-snacks;292;8.0;26.1;4.1;16.8;7.8;2.4;0.84
sainsburys-cheesy-bean-slice-180g;Sainsbury's Cheesy Bean Slice 180g;£1.00/unit;£0.56/100g;slices-pasties;292;8.0;26.1;4.1;16.8;7.8;2.4;0.84
sainsburys-chelsea-bun-x4;Sainsbury's Chelsea Bun x4;£1.30/unit;£0.33/ea;cakes-scones-fruited-buns;291;6.6;51.4;16.4;5.7;2.2;4.0;0.45
sainsburys-chelsea-bun-x4;Sainsbury's Chelsea Bun x4;£1.30/unit;£0.33/ea;scones-fruited-buns;291;6.6;51.4;16.4;5.7;2.2;4.0;0.45
sainsburys-chenin-blanc--taste-the-difference;Sainsbury's Chenin Blanc, Taste the Difference;£6.00/unit;£6.00/75cl;buyer-recommends;9;-1;-1;-1;-1;-1;-1;-1
sainsburys-cherry---amaretto-ice-cream--taste-the-difference-500ml;Sainsbury's Cherry & Amaretto Ice Cream, Taste the Difference 500ml;£3.25/unit;£0.65/100ml;ice-cream-tubs;205;4.3;22.9;22.9;10.7;7.1;0.5;0.10
sainsburys-cherry-bakewell-tart--taste-the-difference-418g;Sainsbury's Cherry Bakewell Tart, Taste the Difference 418g;£4.00/unit;£0.96/100g;desserts;341;5.6;43.7;24.7;15.4;7.8;2.5;0.05
sainsburys-cherry-bakewells-240g;Sainsbury's Cherry Bakewells 240g;£1.00/unit;£0.17/ea;slices-pies-tarts;424;3.6;62.9;36.2;17.0;6.5;2.7;0.35
sainsburys-cherry-juice-drink-1l;Sainsbury's Cherry Juice Drink 1L;£1.00/unit;£0.10/100ml;chilled-fruit-juice;43;0.5;10.3;10.3;0.5;0.1;0.5;0.01
sainsburys-cherry-madeira-cake;Sainsbury's Cherry Madeira Cake;£1.00/unit;£0.35/100g;sponge-slab-loaf-cakes;362;4.6;62;37;10;5.1;1.3;0.53
sainsburys-cherry-pie-550g;Sainsbury's Cherry Pie 550g;£2.75/unit;£0.50/100g;desserts;295;3.8;43;23;12;5.5;2.0;0.05
sainsburys-cherry-punnet-225g;Sainsbury's Cherry Punnet 225g;£3.00/unit;£13.33/kg;berries-cherries-currants;52;0.9;12;12;0.5;0.1;0.9;0.5
sainsburys-cherry-tomatoes-335g;Sainsbury's Cherry Tomatoes 335g;£0.80/unit;£2.39/kg;baby-vegetables;20;0.7;3.1;3.1;0.5;0.1;1.0;0.02
sainsburys-cherry-tomatoes-335g;Sainsbury's Cherry Tomatoes 335g;£0.80/unit;£2.39/kg;fresh-salad-tomatoes;20;0.7;3.1;3.1;0.5;0.1;1.0;0.02
sainsburys-cherry-tomatoes-335g;Sainsbury's Cherry Tomatoes 335g;£0.80/unit;£2.39/kg;fresh-vegetables-tomatoes;20;0.7;3.1;3.1;0.5;0.1;1.0;0.02
sainsburys-cherry-tomatoes-650g;Sainsbury's Cherry Tomatoes 650g;£1.50/unit;£2.31/kg;baby-vegetables;20;0.7;3.1;3.1;0.5;0.1;1.0;0.02
sainsburys-cherry-tomatoes-650g;Sainsbury's Cherry Tomatoes 650g;£1.50/unit;£2.31/kg;fresh-salad-tomatoes;20;0.7;3.1;3.1;0.5;0.1;1.0;0.02
sainsburys-cherry-tomatoes-650g;Sainsbury's Cherry Tomatoes 650g;£1.50/unit;£2.31/kg;fresh-vegetables-tomatoes;20;0.7;3.1;3.1;0.5;0.1;1.0;0.02
sainsburys-cherry-tomatoes-on-the-vine-225g;Sainsbury's Cherry Tomatoes On The Vine 225g;£1.20/unit;£5.33/kg;baby-vegetables;20;0.7;3.1;3.1;0.5;0.1;1.0;0.02
sainsburys-cherry-tomatoes-on-the-vine-225g;Sainsbury's Cherry Tomatoes On The Vine 225g;£1.20/unit;£5.33/kg;fresh-salad-tomatoes;20;0.7;3.1;3.1;0.5;0.1;1.0;0.02
sainsburys-cherry-tomatoes-on-the-vine-225g;Sainsbury's Cherry Tomatoes On The Vine 225g;£1.20/unit;£5.33/kg;fresh-vegetables-tomatoes;20;0.7;3.1;3.1;0.5;0.1;1.0;0.02
sainsburys-chestnut-closed-cup-mushrooms-450g;Sainsbury's Closed Cup Chestnut Mushrooms 450g;£1.70/unit;£3.78/kg;mushrooms;16;1.8;0.5;0.5;0.5;0.1;1.1;0.5
sainsburys-chestnut-mushrooms--so-organic-250g;Sainsbury's Chestnut Mushrooms, SO Organic 250g;£1.25/unit;£5.00/kg;fruit-vegetables-organic-taste-the-difference;16;1.8;0.5;0.5;0.5;0.1;1.1;0.5
sainsburys-chestnut-mushrooms--so-organic-250g;Sainsbury's Chestnut Mushrooms, SO Organic 250g;£1.25/unit;£5.00/kg;mushrooms;16;1.8;0.5;0.5;0.5;0.1;1.1;0.5
sainsburys-chestnut-smoked-salmon--taste-the-difference-120g;Sainsbury's Scottish Chestnut Smoked Salmon, Taste the Difference 120g;£4.50/unit;£3.75/100g;smoked-fish;156;23.0;1.0;0.6;6.7;1.5;0.6;2.78
sainsburys-chick---prawn-yaki-udon-noodles-380g;Sainsbury's Chicken & Prawn Yaki Udon Noodles 380g;£3.60/unit;£9.47/kg;healthier-choice-ready-meals;133;7.4;13.7;3.0;4.6;0.8;3.8;0.58
sainsburys-chick---prawn-yaki-udon-noodles-380g;Sainsbury's Chicken & Prawn Yaki Udon Noodles 380g;£3.60/unit;£9.47/kg;meals-for-1-ready-meals;133;7.4;13.7;3.0;4.6;0.8;3.8;0.58
sainsburys-chick---prawn-yaki-udon-noodles-380g;Sainsbury's Chicken & Prawn Yaki Udon Noodles 380g;£3.60/unit;£9.47/kg;oriental-ready-meals;133;7.4;13.7;3.0;4.6;0.8;3.8;0.58
sainsburys-chicken---bacon-layered-salad-360g;Sainsbury's Chicken & Bacon Layered Salad 360g;£2.50/unit;£0.69/100g;coleslaw-salads;134;6.0;12.3;3.3;6.4;0.9;1.7;0.30
sainsburys-chicken---bacon-layered-salad-360g;Sainsbury's Chicken & Bacon Layered Salad 360g;£2.50/unit;£0.69/100g;fresh-salad-prepared-ready-to-eat;134;6.0;12.3;3.3;6.4;0.9;1.7;0.30
sainsburys-chicken---bacon-layered-salad-360g;Sainsbury's Chicken & Bacon Layered Salad 360g;£2.50/unit;£0.69/100g;lunchtime-snacks;134;6.0;12.3;3.3;6.4;0.9;1.7;0.30
sainsburys-chicken---bacon-layered-salad-380g-7722310-p-44;Sainsbury's Chicken & Bacon Layered Salad 380g;£2.50/unit;£0.66/100g;coleslaw-salads;123;6.3;13.5;2.6;4.6;0.9;1.3;0.58
sainsburys-chicken---bacon-layered-salad-380g-7722310-p-44;Sainsbury's Chicken & Bacon Layered Salad 380g;£2.50/unit;£0.66/100g;lunchtime-snacks;123;6.3;13.5;2.6;4.6;0.9;1.3;0.58
sainsburys-chicken---bacon-pasta-bake-430g;Sainsbury's Chicken & Bacon Pasta Bake 430g;£2.30/unit;£5.35/kg;italian-ready-meals;139;7.6;10.9;1.8;6.1;3.1;5.5;0.75
sainsburys-chicken---bacon-pasta-bake-430g;Sainsbury's Chicken & Bacon Pasta Bake 430g;£2.30/unit;£5.35/kg;meals-for-1-ready-meals;139;7.6;10.9;1.8;6.1;3.1;5.5;0.75
sainsburys-chicken---broccoli-crispbakes-270g;Sainsbury's Chicken & Broccoli Crispbakes 270g;£2.00/unit;£7.41/kg;breaded-coated-chicken-turkey-pork;235;9.4;19.1;3.2;13.0;2.0;1.8;0.63
sainsburys-chicken---broccoli-crispbakes-270g;Sainsbury's Chicken & Broccoli Crispbakes 270g;£2.00/unit;£7.41/kg;great-prices-on-meat---fish;235;9.4;19.1;3.2;13.0;2.0;1.8;0.63
sainsburys-chicken---chilli-spring-rolls-x4-200g;Sainsbury's Chicken & Chilli Spring Rolls x4 200g;£2.40/unit;£12.00/kg;oriental-ready-meals;264;7.1;25.6;2.8;14.3;1.9;2.0;0.57
sainsburys-chicken---chorizo-12-pizza--taste-the-difference-515g;Sainsbury's Chicken & Chorizo Pizza, Taste the Difference 12'' 555g;£5.00/unit;£9.01/kg;pizza;261;12.7;30.2;2.2;9.3;4.0;2.7;0.93
sainsburys-chicken---chorizo-crispbakes-x2-300g;Sainsbury's Chicken & Chorizo Crispbakes x2 300g;£2.25/unit;£7.50/kg;breaded-coated-chicken-turkey-pork;251;10.9;22.6;2.0;12.7;1.9;1.6;0.78
sainsburys-chicken---chorizo-ravioli--taste-the-difference-250g;Sainsbury's Chicken & Chorizo Ravioli, Taste the Difference 250g;£2.50/unit;£10.00/kg;fresh-pasta-sauces;192;9.6;19.5;1.9;7.9;2.3;2.4;0.75
sainsburys-chicken---gravy-shortcrust-pastry-pie-235g;Sainsbury's Chicken & Gravy Shortcrust Pastry Pie 235g;£2.00/unit;£0.85/100g;hot-cold-pies;259;12.5;19.7;1.0;14.2;5.1;1.5;0.65
sainsburys-chicken---gravy-shortcrust-pastry-pie-550g;Sainsbury's Chicken & Gravy Shortcrust Pastry Pie 550g;£3.60/unit;£0.65/100g;british-ready-meals;300;10.8;22.7;1.4;18.1;6.8;1.7;0.68
sainsburys-chicken---gravy-shortcrust-pastry-pie-550g;Sainsbury's Chicken & Gravy Shortcrust Pastry Pie 550g;£3.60/unit;£0.65/100g;hot-cold-pies;300;10.8;22.7;1.4;18.1;6.8;1.7;0.68
sainsburys-chicken---ham-puff-pastry-pie--taste-the-difference-250g;Sainsbury's Chicken & Ham Puff Pastry Pie, Taste the Difference 250g;£3.00/unit;£1.20/100g;hot-cold-pies;276;11.4;21.9;1.5;15.5;8.8;1.8;0.66
sainsburys-chicken---leek-slice-500g-7583902-p-44;Sainsbury's Chicken & Leek Slice 500g;£3.00/unit;£0.60/100g;lunchtime-snacks;245;8.4;21.7;1.4;13.5;5.5;1.8;0.28
sainsburys-chicken---leek-slice-500g-7583902-p-44;Sainsbury's Chicken & Leek Slice 500g;£3.00/unit;£0.60/100g;slices-pasties;245;8.4;21.7;1.4;13.5;5.5;1.8;0.28
sainsburys-chicken---madeira-wine--be-good-to-yourself-400g;Sainsbury's Chicken & Madeira Wine, Be Good To Yourself 400g;£3.00/unit;£7.50/kg;healthier-choice-ready-meals;96;6.8;13.1;2.0;1.6;0.5;1.3;0.38
sainsburys-chicken---madeira-wine--be-good-to-yourself-400g;Sainsbury's Chicken & Madeira Wine, Be Good To Yourself 400g;£3.00/unit;£7.50/kg;lunchtime-snacks;96;6.8;13.1;2.0;1.6;0.5;1.3;0.38
sainsburys-chicken---madeira-wine--be-good-to-yourself-400g;Sainsbury's Chicken & Madeira Wine, Be Good To Yourself 400g;£3.00/unit;£7.50/kg;meals-for-1-ready-meals;96;6.8;13.1;2.0;1.6;0.5;1.3;0.38
sainsburys-chicken---mushroom-350g;Sainsbury's Chicken & Mushroom 350g;£3.30/unit;£9.43/kg;oriental-ready-meals;90;8.2;6.3;4.0;2.8;0.3;3.4;0.93
sainsburys-chicken---mushroom-marsala--taste-the-difference-400g;Sainsbury's Chicken & Mushroom Marsala, Taste the Difference 400g;£3.30/unit;£8.25/kg;italian-ready-meals;109;7.6;10.8;2.7;3.3;1.1;2.8;0.53
sainsburys-chicken---mushroom-marsala--taste-the-difference-400g;Sainsbury's Chicken & Mushroom Marsala, Taste the Difference 400g;£3.30/unit;£8.25/kg;meals-for-1-ready-meals;109;7.6;10.8;2.7;3.3;1.1;2.8;0.53
sainsburys-chicken---mushroom-marsala--taste-the-difference-400g;Sainsbury's Chicken & Mushroom Marsala, Taste the Difference 400g;£3.30/unit;£8.25/kg;taste-the-difference-bistro-ready-meals;109;7.6;10.8;2.7;3.3;1.1;2.8;0.53
sainsburys-chicken---mushroom-pie--be-good-to-yourself-400g;Sainsbury's Chicken & Mushroom Pie, Be Good To Yourself 400g;£2.40/unit;£6.00/kg;british-ready-meals;92;6.6;11.1;0.6;2.1;0.9;1.2;0.32
sainsburys-chicken---mushroom-pie--be-good-to-yourself-400g;Sainsbury's Chicken & Mushroom Pie, Be Good To Yourself 400g;£2.40/unit;£6.00/kg;healthier-choice-ready-meals;92;6.6;11.1;0.6;2.1;0.9;1.2;0.32
sainsburys-chicken---mushroom-pie--be-good-to-yourself-400g;Sainsbury's Chicken & Mushroom Pie, Be Good To Yourself 400g;£2.40/unit;£6.00/kg;meals-for-1-ready-meals;92;6.6;11.1;0.6;2.1;0.9;1.2;0.32
sainsburys-chicken---mushroom-pies-x4-600g;Sainsbury's Chicken & Mushroom Pies x4 600g;£2.00/unit;£0.33/100g;frozen-pies;257;8.6;21.1;1.8;14.9;5.3;1.9;0.41
sainsburys-chicken---mushroom-puff-pastry-pie-150g;Sainsbury's Chicken & Mushroom Puff Pastry Pie 150g;£0.70/unit;£0.47/100g;hot-cold-pies;278;9.0;22.1;3.0;16.7;7.4;1.5;0.49
sainsburys-chicken---mushroom-puff-pastry-slices-x2-330g;Sainsbury's Chicken & Mushroom Puff Pastry Slices x2 330g;£1.80/unit;£0.55/100g;slices-pasties;268;8.3;21.7;1.8;15.9;7.4;2.5;0.53
sainsburys-chicken---porcini-mushroom-pie--taste-the-difference-250g;Sainsbury's Chicken & Porcini Mushroom Pie, Taste the Difference 250g;£3.00/unit;£1.20/100g;hot-cold-pies;287;9.5;22.4;1.5;17.3;10.2;1.8;0.54
sainsburys-chicken---spinach-filo-pie--taste-the-difference-380g;Sainsbury's Chicken & Spinach Filo Pie, Taste the Difference 380g;£3.30/unit;£8.68/kg;british-ready-meals;135;9.0;11.0;6.2;5.5;2.9;2.7;0.38
sainsburys-chicken---spinach-filo-pie--taste-the-difference-380g;Sainsbury's Chicken & Spinach Filo Pie, Taste the Difference 380g;£3.30/unit;£8.68/kg;hot-cold-pies;135;9.0;11.0;6.2;5.5;2.9;2.7;0.38
sainsburys-chicken---spinach-filo-pie--taste-the-difference-380g;Sainsbury's Chicken & Spinach Filo Pie, Taste the Difference 380g;£3.30/unit;£8.68/kg;meals-for-1-ready-meals;135;9.0;11.0;6.2;5.5;2.9;2.7;0.38
sainsburys-chicken---spinach-filo-pie--taste-the-difference-380g;Sainsbury's Chicken & Spinach Filo Pie, Taste the Difference 380g;£3.30/unit;£8.68/kg;taste-the-difference-bistro-ready-meals;135;9.0;11.0;6.2;5.5;2.9;2.7;0.38
sainsburys-chicken---stuffing-deli-filler-230g;Sainsbury's Chicken & Stuffing Deli Filler 230g;£1.65/unit;£0.72/100g;sandwich-fillers2;235;12.9;7.5;1.2;16.8;1.8;1.0;0.69
sainsburys-chicken---stuffing-deli-filler-230g;Sainsbury's Chicken & Stuffing Deli Filler 230g;£1.65/unit;£0.72/100g;sandwich-fillers;235;12.9;7.5;1.2;16.8;1.8;1.0;0.69
sainsburys-chicken---sweetcorn-soup-600g;Sainsbury's Chicken & Sweetcorn Soup 600g;£1.40/unit;£0.23/100g;fresh-soups;54;3.4;5.9;1.9;1.7;1.0;0.6;0.50
sainsburys-chicken---vegetable-broth-600g;Sainsbury's Chicken & Vegetable Broth 600g;£1.40/unit;£0.23/100g;fresh-soups;36;3.3;3.6;1.4;0.8;0.2;0.7;0.43
sainsburys-chicken---vegetable-pies--basics-x4-484g;Sainsbury's Chicken & Vegetable Pies, Basics x4 484g;£1.00/unit;£2.07/kg;frozen-pies;224;7.6;27.5;1.9;8.8;3.9;2.2;0.54
sainsburys-chicken---white-wine-puff-pastry-pie-550g;Sainsbury's Chicken & White Wine Puff Pastry Pie 550g;£3.60/unit;£0.65/100g;british-ready-meals;267;9.0;23.4;2.9;14.9;6.5;1.5;0.65
sainsburys-chicken---white-wine-puff-pastry-pie-550g;Sainsbury's Chicken & White Wine Puff Pastry Pie 550g;£3.60/unit;£0.65/100g;hot-cold-pies;267;9.0;23.4;2.9;14.9;6.5;1.5;0.65
sainsburys-chicken--bacon---sweetcorn-deli-filler-230g;Sainsbury's Chicken, Bacon & Sweetcorn Deli Filler 230g;£1.65/unit;£0.72/100g;sandwich-fillers2;208;12.8;4.7;2.4;15.2;1.8;0.6;0.99
sainsburys-chicken--bacon---sweetcorn-deli-filler-230g;Sainsbury's Chicken, Bacon & Sweetcorn Deli Filler 230g;£1.65/unit;£0.72/100g;sandwich-fillers;208;12.8;4.7;2.4;15.2;1.8;0.6;0.99
sainsburys-chicken--ham-hock---leek-pies-x2-404g;Sainsbury's Chicken, Ham Hock & Leek Pies x2 404g;£2.50/unit;£0.62/100g;frozen-pies;273;10.3;23.4;0.8;14.9;6.8;2.5;0.68
sainsburys-chicken--potato---pesto--taste-the-difference-800g;Sainsbury's Creamy Basil Chicken with Potatoes, Taste the Difference Bistro 800g;£6.00/unit;£7.50/kg;british-ready-meals;115;10.0;3.2;2.9;6.0;2.0;4.3;0.58
sainsburys-chicken--potato---pesto--taste-the-difference-800g;Sainsbury's Creamy Basil Chicken with Potatoes, Taste the Difference Bistro 800g;£6.00/unit;£7.50/kg;taste-the-difference-bistro-ready-meals;115;10.0;3.2;2.9;6.0;2.0;4.3;0.58
sainsburys-chicken-arrabiata-meal-soup-400g;Sainsbury's Chicken Arrabiata Meal Soup 400g;£1.40/unit;£0.35/100g;fresh-soups;58;4.1;6.3;4.2;1.5;0.3;1.5;0.37
sainsburys-chicken-arrabiata-meal-soup-400g;Sainsbury's Chicken Arrabiata Meal Soup 400g;£1.40/unit;£0.35/100g;lunchtime-snacks;58;4.1;6.3;4.2;1.5;0.3;1.5;0.37
sainsburys-chicken-balti-%28medium---aromatic%29-400g;Sainsbury's Chicken Balti (medium & aromatic) 400g;£3.30/unit;£8.25/kg;indian-ready-meals;116;9.3;6.1;3.6;5.6;0.5;2.0;0.65
sainsburys-chicken-balti---pilau-rice-%28medium---aromatic%29-500g;Sainsbury's Chicken Balti & Pilau Rice (medium & aromatic) 500g;£3.00/unit;£6.00/kg;indian-ready-meals;153;6.7;19.3;1.9;5.0;0.5;1.9;0.57
sainsburys-chicken-balti---pilau-rice-%28medium---aromatic%29-500g;Sainsbury's Chicken Balti & Pilau Rice (medium & aromatic) 500g;£3.00/unit;£6.00/kg;meals-for-1-ready-meals;153;6.7;19.3;1.9;5.0;0.5;1.9;0.57
sainsburys-chicken-balti-meal-soup-400g;Sainsbury's Chicken Balti Meal Soup 400g;£1.40/unit;£0.35/100g;fresh-soups;61;3.9;6.3;3.9;1.8;0.2;1.8;0.43
sainsburys-chicken-balti-meal-soup-400g;Sainsbury's Chicken Balti Meal Soup 400g;£1.40/unit;£0.35/100g;lunchtime-snacks;61;3.9;6.3;3.9;1.8;0.2;1.8;0.43
sainsburys-chicken-bite-snack-bag-x5-60g;Sainsbury's Chicken Bites Snack Bag x5 60g;£0.65/unit;£1.08/100g;lunchtime-snacks;315;10.9;29.2;1.3;17.1;3.2;0.5;1.25
sainsburys-chicken-bite-snack-bag-x5-60g;Sainsbury's Chicken Bites Snack Bag x5 60g;£0.65/unit;£1.08/100g;sausage-rolls-savouries;315;10.9;29.2;1.3;17.1;3.2;0.5;1.25
sainsburys-chicken-bites-190g;Sainsbury's Chicken Bites 190g;£1.00/unit;£5.26/kg;frozen-chicken;270;15.5;17.4;0.8;14.9;2.3;1.9;1.00
sainsburys-chicken-bites-x12-144g;Sainsbury's Chicken Bites x12 144g;£1.85/unit;£1.28/100g;sausage-rolls-savouries;315;10.9;29.2;1.3;17.1;3.2;0.5;1.25
sainsburys-chicken-breast-strips--chilli---coriander-300g;Sainsbury's Chicken Breast Strips, Chilli & Coriander 300g;£3.50/unit;£11.67/kg;chicken;150;25.1;1.3;0.5;4.9;0.7;0.5;0.50
sainsburys-chicken-burger-420g;Sainsbury's Chicken Burger 420g;£2.00/unit;£4.76/kg;frozen-burgers-sausages;238;17.1;14.5;0.5;12.1;1.7;1.5;0.97
sainsburys-chicken-burger-420g;Sainsbury's Chicken Burger 420g;£2.00/unit;£4.76/kg;frozen-chicken;238;17.1;14.5;0.5;12.1;1.7;1.5;0.97
sainsburys-chicken-caesar-deli-filler-170g;Sainsbury's Chicken Caesar Deli Filler 170g;£1.65/unit;£0.97/100g;sandwich-fillers2;227;14.1;4.1;0.6;17.1;2.2;0.5;0.80
sainsburys-chicken-caesar-deli-filler-170g;Sainsbury's Chicken Caesar Deli Filler 170g;£1.65/unit;£0.97/100g;sandwich-fillers;227;14.1;4.1;0.6;17.1;2.2;0.5;0.80
sainsburys-chicken-casserole--be-good-to-yourself-400g;Sainsbury's Chicken Casserole, Be Good To Yourself 400g;£3.00/unit;£7.50/kg;healthier-choice-ready-meals;69;5.6;8.0;1.9;1.3;0.1;1.8;0.42
sainsburys-chicken-casserole--be-good-to-yourself-400g;Sainsbury's Chicken Casserole, Be Good To Yourself 400g;£3.00/unit;£7.50/kg;lunchtime-snacks;69;5.6;8.0;1.9;1.3;0.1;1.8;0.42
sainsburys-chicken-casserole--be-good-to-yourself-400g;Sainsbury's Chicken Casserole, Be Good To Yourself 400g;£3.00/unit;£7.50/kg;meals-for-1-ready-meals;69;5.6;8.0;1.9;1.3;0.1;1.8;0.42
sainsburys-chicken-chorizo-stonebaked-pizza-439g;Sainsbury's Stonebaked Chicken & Chorizo Pizza 439g;£2.60/unit;£5.92/kg;frozen-pizza-garlic-bread;247;11.9;28.0;3.7;9.1;3.5;2.9;1.18
sainsburys-chicken-chow-mein--be-good-to-yourself-400g;Sainsbury's Chicken Chow Mein, Be Good To Yourself 400g;£3.00/unit;£7.50/kg;healthier-choice-ready-meals;91;6.6;9.5;2.7;2.4;0.4;2.3;0.42
sainsburys-chicken-chow-mein--be-good-to-yourself-400g;Sainsbury's Chicken Chow Mein, Be Good To Yourself 400g;£3.00/unit;£7.50/kg;lunchtime-snacks;91;6.6;9.5;2.7;2.4;0.4;2.3;0.42
sainsburys-chicken-chow-mein--be-good-to-yourself-400g;Sainsbury's Chicken Chow Mein, Be Good To Yourself 400g;£3.00/unit;£7.50/kg;meals-for-1-ready-meals;91;6.6;9.5;2.7;2.4;0.4;2.3;0.42
sainsburys-chicken-chow-mein--be-good-to-yourself-400g;Sainsbury's Chicken Chow Mein, Be Good To Yourself 400g;£3.00/unit;£7.50/kg;oriental-ready-meals;91;6.6;9.5;2.7;2.4;0.4;2.3;0.42
sainsburys-chicken-chow-mein-400g;Sainsbury's Chicken Chow Mein 400g;£1.50/unit;£3.75/kg;frozen-ready-meals;93;5.7;12.7;4.4;1.8;0.3;1.4;0.63
sainsburys-chicken-chow-mein-450g;Sainsbury's Chicken Chow Mein 450g;£3.00/unit;£6.67/kg;lunchtime-snacks;124;6.5;12.6;1.6;4.7;0.4;2.6;0.78
sainsburys-chicken-chow-mein-450g;Sainsbury's Chicken Chow Mein 450g;£3.00/unit;£6.67/kg;meals-for-1-ready-meals;124;6.5;12.6;1.6;4.7;0.4;2.6;0.78
sainsburys-chicken-chow-mein-450g;Sainsbury's Chicken Chow Mein 450g;£3.00/unit;£6.67/kg;oriental-ready-meals;124;6.5;12.6;1.6;4.7;0.4;2.6;0.78
sainsburys-chicken-crown-with-lemon---thyme-700g;Sainsbury's Chicken Crown with Lemon & Thyme 700g;£5.00/unit;£7.14/kg;chicken;163;26.2;0.5;0.5;6.3;1.8;0.5;0.35
sainsburys-chicken-curry--basics-400g;Sainsbury's Chicken Curry, Basics 400g;£1.00/unit;£2.50/kg;frozen-ready-meals;139;6.0;21.7;1.9;2.7;1.8;1.7;0.54
sainsburys-chicken-curry--be-good-to-yourself-380g;Sainsbury's Chicken Curry, Be Good To Yourself 380g;£1.20/unit;£3.16/kg;frozen-healthier-meals;96;4.8;15.4;1.8;1.4;1.0;1.1;0.39
sainsburys-chicken-curry--be-good-to-yourself-380g;Sainsbury's Chicken Curry, Be Good To Yourself 380g;£1.20/unit;£3.16/kg;frozen-ready-meals;96;4.8;15.4;1.8;1.4;1.0;1.1;0.39
sainsburys-chicken-dijonnaise--taste-the-difference-400g-7583049-p-44;Sainsbury's Chicken Dijonnaise, Taste the Difference 400g;£3.30/unit;£8.25/kg;meals-for-1-ready-meals;138;9.2;14.2;5.3;4.3;1.3;3.2;0.48
sainsburys-chicken-dijonnaise--taste-the-difference-400g-7583049-p-44;Sainsbury's Chicken Dijonnaise, Taste the Difference 400g;£3.30/unit;£8.25/kg;mediterranean-other-cuisine-ready-meals;138;9.2;14.2;5.3;4.3;1.3;3.2;0.48
sainsburys-chicken-dijonnaise--taste-the-difference-400g-7583049-p-44;Sainsbury's Chicken Dijonnaise, Taste the Difference 400g;£3.30/unit;£8.25/kg;taste-the-difference-bistro-ready-meals;138;9.2;14.2;5.3;4.3;1.3;3.2;0.48
sainsburys-chicken-dippers-x20-367g;Sainsbury's Chicken Dippers x20 367g;£2.00/unit;£5.45/kg;frozen-chicken;277;14.5;17.7;0.7;16.2;1.8;1.2;0.90
sainsburys-chicken-drumsticks-1kg;Sainsbury's British Chicken Drumsticks 1kg;£3.00/unit;£3.00/kg;burgers-bbq;178;26.1;0.5;0.5;7.8;2.1;0.5;0.13
sainsburys-chicken-drumsticks-1kg;Sainsbury's British Chicken Drumsticks 1kg;£3.00/unit;£3.00/kg;chicken;178;26.1;0.5;0.5;7.8;2.1;0.5;0.13
sainsburys-chicken-drumsticks-1kg;Sainsbury's British Chicken Drumsticks 1kg;£3.00/unit;£3.00/kg;great-prices-on-meat---fish;178;26.1;0.5;0.5;7.8;2.1;0.5;0.13
sainsburys-chicken-drumsticks-x4-420g;Sainsbury's British Chicken Drumsticks x4 420g;£1.35/unit;£3.21/kg;burgers-bbq;178;26.1;0.5;0.5;7.8;2.1;0.5;0.13
sainsburys-chicken-drumsticks-x4-420g;Sainsbury's British Chicken Drumsticks x4 420g;£1.35/unit;£3.21/kg;chicken;178;26.1;0.5;0.5;7.8;2.1;0.5;0.13
sainsburys-chicken-fajita-slice-180g;Sainsbury's Chicken Fajita Slice 180g;£1.00/unit;£0.56/100g;lunchtime-snacks;251;9.1;23.6;3.9;12.8;5.1;2.5;0.75
sainsburys-chicken-fajita-slice-180g;Sainsbury's Chicken Fajita Slice 180g;£1.00/unit;£0.56/100g;slices-pasties;251;9.1;23.6;3.9;12.8;5.1;2.5;0.75
sainsburys-chicken-fillets--taste-the-difference-%28approx-420-920g%29;Sainsbury's Free Range Chicken Fillets, Taste the Difference (approx. 420-920g);£15.45/kg;£15.45/kg;chicken;152;33.8;0.5;0.5;1.6;0.5;0.5;0.15
sainsburys-chicken-fillets--taste-the-difference-%28approx-420-920g%29;Sainsbury's Free Range Chicken Fillets, Taste the Difference (approx. 420-920g);£15.45/kg;£15.45/kg;organic-taste-the-difference;152;33.8;0.5;0.5;1.6;0.5;0.5;0.15
sainsburys-chicken-garlic-kiev--basics-x2-230g;Sainsbury's Chicken Garlic Kiev, Basics x2 230g;£1.00/unit;£4.35/kg;frozen-chicken;286;14.1;9.9;1.0;21.1;4.7;0.1;0.57
sainsburys-chicken-garlic-kievs-x4-568g;Sainsbury's Chicken Garlic Kievs x4 568g;£2.65/unit;£4.67/kg;frozen-chicken;240;16.2;7.7;0.5;15.5;6.7;2.2;0.66
sainsburys-chicken-hotpot--basics-400g;Sainsbury's Chicken Hotpot, Basics 400g;£1.00/unit;£2.50/kg;frozen-ready-meals;122;5.3;12.2;3.4;5.5;1.5;1.1;0.53
sainsburys-chicken-hotpot-dinner-400g;Sainsbury's Chicken Hotpot Dinner 400g;£1.75/unit;£4.38/kg;frozen-ready-meals;72;5.9;7.1;1.5;2.0;0.5;1.2;0.56
sainsburys-chicken-in-vintage-cider--taste-the-difference-bistro-800g;Sainsbury's Chicken In Vintage Cider, Taste the Difference Bistro 800g;£6.00/unit;£7.50/kg;british-ready-meals;125;8.5;11.2;3.1;4.6;1.0;2.5;0.38
sainsburys-chicken-in-vintage-cider--taste-the-difference-bistro-800g;Sainsbury's Chicken In Vintage Cider, Taste the Difference Bistro 800g;£6.00/unit;£7.50/kg;taste-the-difference-bistro-ready-meals;125;8.5;11.2;3.1;4.6;1.0;2.5;0.38
sainsburys-chicken-in-white-wine-with-mash-450g;Sainsbury's Chicken In White Wine With Mash 450g;£3.00/unit;£6.67/kg;british-ready-meals;119;8.5;10.3;1.8;4.1;2.4;3.3;0.55
sainsburys-chicken-in-white-wine-with-mash-450g;Sainsbury's Chicken In White Wine With Mash 450g;£3.00/unit;£6.67/kg;meals-for-1-ready-meals;119;8.5;10.3;1.8;4.1;2.4;3.3;0.55
sainsburys-chicken-jalfrezi-%28spicy---vibrant%29-400g;Sainsbury's Chicken Jalfrezi (spicy & vibrant) 400g;£3.30/unit;£8.25/kg;indian-ready-meals;127;10.5;5.8;4.8;6.2;0.7;2.7;0.59
sainsburys-chicken-jalfrezi---pilau-rice-%28spicy---vibrant%29-500g;Sainsbury's Chicken Jalfrezi & Pilau Rice (spicy & vibrant) 500g;£3.00/unit;£6.00/kg;indian-ready-meals;156;5.7;19.1;1.9;5.9;0.5;1.8;0.56
sainsburys-chicken-jalfrezi---pilau-rice-%28spicy---vibrant%29-500g;Sainsbury's Chicken Jalfrezi & Pilau Rice (spicy & vibrant) 500g;£3.00/unit;£6.00/kg;meals-for-1-ready-meals;156;5.7;19.1;1.9;5.9;0.5;1.8;0.56
sainsburys-chicken-jalfrezi---rice--be-good-to-yourself-380g;Sainsbury's Chicken Jalfrezi & Rice, Be Good To Yourself 380g;£3.00/unit;£7.89/kg;healthier-choice-ready-meals;106;7.2;13.7;2.6;2.1;0.4;2.0;0.37
sainsburys-chicken-jalfrezi---rice--be-good-to-yourself-380g;Sainsbury's Chicken Jalfrezi & Rice, Be Good To Yourself 380g;£3.00/unit;£7.89/kg;indian-ready-meals;106;7.2;13.7;2.6;2.1;0.4;2.0;0.37
sainsburys-chicken-jalfrezi---rice--be-good-to-yourself-380g;Sainsbury's Chicken Jalfrezi & Rice, Be Good To Yourself 380g;£3.00/unit;£7.89/kg;lunchtime-snacks;106;7.2;13.7;2.6;2.1;0.4;2.0;0.37
sainsburys-chicken-jalfrezi---rice--be-good-to-yourself-380g;Sainsbury's Chicken Jalfrezi & Rice, Be Good To Yourself 380g;£3.00/unit;£7.89/kg;meals-for-1-ready-meals;106;7.2;13.7;2.6;2.1;0.4;2.0;0.37
sainsburys-chicken-jalfrezi--taste-the-difference-450g;Sainsbury's Chicken Jalfrezi, Taste the Difference 450g;£3.60/unit;£8.00/kg;indian-ready-meals;147;7.6;17.3;2.3;4.5;0.9;3.0;0.58
sainsburys-chicken-jalfrezi--taste-the-difference-450g;Sainsbury's Chicken Jalfrezi, Taste the Difference 450g;£3.60/unit;£8.00/kg;taste-the-difference-bistro-ready-meals;147;7.6;17.3;2.3;4.5;0.9;3.0;0.58
sainsburys-chicken-jalfrezi-with-pilau-rice-400g;Sainsbury's Chicken Jalfrezi With Pilau Rice 400g;£1.50/unit;£3.75/kg;frozen-ready-meals;120;6.5;16.7;2.4;2.7;0.4;1.4;0.42
sainsburys-chicken-korma-%28mild---creamy%29-400g;Sainsbury's Chicken Korma (mild & creamy) 400g;£3.30/unit;£8.25/kg;indian-ready-meals;147;11.2;4.7;3.3;8.9;4.1;1.9;0.50
sainsburys-chicken-korma---rice-%28mild---creamy%29-500g;Sainsbury's Chicken Korma & Rice (mild & creamy) 500g;£3.00/unit;£6.00/kg;indian-ready-meals;158;7.7;16.2;1.4;6.2;2.5;3.5;0.49
sainsburys-chicken-korma---rice-%28mild---creamy%29-500g;Sainsbury's Chicken Korma & Rice (mild & creamy) 500g;£3.00/unit;£6.00/kg;meals-for-1-ready-meals;158;7.7;16.2;1.4;6.2;2.5;3.5;0.49
sainsburys-chicken-korma---rice--be-good-to-yourself-380g;Sainsbury's Chicken Korma & Rice, Be Good To Yourself 380g;£3.00/unit;£7.89/kg;healthier-choice-ready-meals;100;6.4;14.1;1.2;1.5;0.4;2.2;0.28
sainsburys-chicken-korma---rice--be-good-to-yourself-380g;Sainsbury's Chicken Korma & Rice, Be Good To Yourself 380g;£3.00/unit;£7.89/kg;indian-ready-meals;100;6.4;14.1;1.2;1.5;0.4;2.2;0.28
sainsburys-chicken-korma---rice--be-good-to-yourself-380g;Sainsbury's Chicken Korma & Rice, Be Good To Yourself 380g;£3.00/unit;£7.89/kg;lunchtime-snacks;100;6.4;14.1;1.2;1.5;0.4;2.2;0.28
sainsburys-chicken-korma---rice--be-good-to-yourself-380g;Sainsbury's Chicken Korma & Rice, Be Good To Yourself 380g;£3.00/unit;£7.89/kg;meals-for-1-ready-meals;100;6.4;14.1;1.2;1.5;0.4;2.2;0.28
sainsburys-chicken-korma-with-pilau-rice-400g;Sainsbury's Chicken Korma With Pilau Rice 400g;£1.50/unit;£3.75/kg;frozen-ready-meals;171;7.5;20.8;2.7;6.0;2.6;1.9;0.53
sainsburys-chicken-lasagne-430g;Sainsbury's Chicken Lasagne 430g;£2.30/unit;£5.35/kg;italian-ready-meals;125;9.1;10.8;4.1;4.8;2.4;-1;0.44
sainsburys-chicken-lasagne-430g;Sainsbury's Chicken Lasagne 430g;£2.30/unit;£5.35/kg;meals-for-1-ready-meals;125;9.1;10.8;4.1;4.8;2.4;-1;0.44
sainsburys-chicken-liver-p%C3%A2t%C3%A9-170g;Sainsbury's Chicken Liver Pâté 170g;£1.00/unit;£0.59/100g;mfp-pate;320;8.4;4.6;3.1;29.7;11.2;0.5;1.83
sainsburys-chicken-liver-p%C3%A2t%C3%A9-170g;Sainsbury's Chicken Liver Pâté 170g;£1.00/unit;£0.59/100g;pate;320;8.4;4.6;3.1;29.7;11.2;0.5;1.83
sainsburys-chicken-liver-parfait-with-madeira--taste-the-difference-150g;Sainsbury's Chicken Liver Parfait with Madeira, Taste the Difference 150g;£2.15/unit;£1.43/100g;mfp-pate;226;7.1;8.9;3.5;17.7;6.9;1.3;0.90
sainsburys-chicken-liver-parfait-with-madeira--taste-the-difference-150g;Sainsbury's Chicken Liver Parfait with Madeira, Taste the Difference 150g;£2.15/unit;£1.43/100g;pate;226;7.1;8.9;3.5;17.7;6.9;1.3;0.90
sainsburys-chicken-liver-pate-with-smoked-bacon-170g;Sainsbury's Chicken Liver Pate with Smoked Bacon 170g;£1.30/unit;£0.76/100g;mfp-pate;308;8.8;3.8;2.6;28.6;10.9;0.5;1.86
sainsburys-chicken-liver-pate-with-smoked-bacon-170g;Sainsbury's Chicken Liver Pate with Smoked Bacon 170g;£1.30/unit;£0.76/100g;pate;308;8.8;3.8;2.6;28.6;10.9;0.5;1.86
sainsburys-chicken-liver-pots-250g;Sainsbury's Chicken Liver Pots 250g;£0.50/unit;£2.00/kg;frozen-chicken;160;20;2.2;0.5;7.6;2.1;0.6;0.20
sainsburys-chicken-madras---pilau-rice-%28hot---aromatic%29-500g;Sainsbury's Chicken Madras & Pilau Rice (hot & aromatic) 500g;£3.00/unit;£6.00/kg;indian-ready-meals;166;7.0;19.0;1.5;6.5;1.5;2.0;0.53
sainsburys-chicken-madras---pilau-rice-%28hot---aromatic%29-500g;Sainsbury's Chicken Madras & Pilau Rice (hot & aromatic) 500g;£3.00/unit;£6.00/kg;meals-for-1-ready-meals;166;7.0;19.0;1.5;6.5;1.5;2.0;0.53
sainsburys-chicken-madras-400g;Sainsbury's Chicken Madras 400g;£3.30/unit;£8.25/kg;indian-ready-meals;133;11.0;4.5;3.3;7.4;2.4;1.9;0.54
sainsburys-chicken-mini-fillets--so-organic-%28approx-180-300g%29;Sainsbury's Chicken Mini Fillets, SO Organic (approx. 180-300g);£23.90/kg;£23.90/kg;chicken;170;31.2;0.5;0.5;4.7;1.0;0.5;0.20
sainsburys-chicken-mini-fillets--so-organic-%28approx-180-300g%29;Sainsbury's Chicken Mini Fillets, SO Organic (approx. 180-300g);£23.90/kg;£23.90/kg;great-prices-on-meat---fish;170;31.2;0.5;0.5;4.7;1.0;0.5;0.20
sainsburys-chicken-mini-fillets--so-organic-%28approx-180-300g%29;Sainsbury's Chicken Mini Fillets, SO Organic (approx. 180-300g);£23.90/kg;£23.90/kg;organic-taste-the-difference;170;31.2;0.5;0.5;4.7;1.0;0.5;0.20
sainsburys-chicken-mulligatawny-soup--taste-the-difference-600g;Sainsbury's Chicken Mulligatawny Soup, Taste the Difference 600g;£2.00/unit;£0.33/100g;fresh-soups;61;3.4;6.9;3.8;1.8;0.6;1.8;0.45
sainsburys-chicken-mulligatawny-soup--taste-the-difference-600g;Sainsbury's Chicken Mulligatawny Soup, Taste the Difference 600g;£2.00/unit;£0.33/100g;lunchtime-snacks;61;3.4;6.9;3.8;1.8;0.6;1.8;0.45
sainsburys-chicken-nuggets-x20-367g;Sainsbury's Chicken Nuggets x20 367g;£2.00/unit;£5.45/kg;frozen-chicken;261;15.6;13.9;0.7;15.5;2.2;1.9;1.04
sainsburys-chicken-nuggets-x42-770g;Sainsbury's Chicken Nuggets x42 770g;£3.00/unit;£3.90/kg;frozen-chicken;261;15.6;13.9;0.7;15.5;2.2;1.9;1.04
sainsburys-chicken-p%C3%A2t%C3%A9-in-white-wine--so-organic-170g;Sainsbury's Chicken Pâté in White Wine, SO Organic 170g;£2.15/unit;£1.26/100g;mfp-pate;287;9.3;5.4;0.6;25.1;10.3;1.0;1.58
sainsburys-chicken-p%C3%A2t%C3%A9-in-white-wine--so-organic-170g;Sainsbury's Chicken Pâté in White Wine, SO Organic 170g;£2.15/unit;£1.26/100g;pate;287;9.3;5.4;0.6;25.1;10.3;1.0;1.58
sainsburys-chicken-pad-thai--taste-the-difference-380g;Sainsbury's Chicken Pad Thai, Taste the Difference 380g;£3.60/unit;£9.47/kg;healthier-choice-ready-meals;122;7.4;14.9;3.8;3.0;0.6;3.0;0.40
sainsburys-chicken-pad-thai--taste-the-difference-380g;Sainsbury's Chicken Pad Thai, Taste the Difference 380g;£3.60/unit;£9.47/kg;lunchtime-snacks;122;7.4;14.9;3.8;3.0;0.6;3.0;0.40
sainsburys-chicken-pad-thai--taste-the-difference-380g;Sainsbury's Chicken Pad Thai, Taste the Difference 380g;£3.60/unit;£9.47/kg;meals-for-1-ready-meals;122;7.4;14.9;3.8;3.0;0.6;3.0;0.40
sainsburys-chicken-pad-thai--taste-the-difference-380g;Sainsbury's Chicken Pad Thai, Taste the Difference 380g;£3.60/unit;£9.47/kg;oriental-ready-meals;122;7.4;14.9;3.8;3.0;0.6;3.0;0.40
sainsburys-chicken-paella-meal-soup-400g;Sainsbury's Chicken Paella Meal Soup 400g;£1.40/unit;£0.35/100g;fresh-soups;52;4.1;5.2;3.2;1.3;0.3;1.6;0.40
sainsburys-chicken-paella-meal-soup-400g;Sainsbury's Chicken Paella Meal Soup 400g;£1.40/unit;£0.35/100g;lunchtime-snacks;52;4.1;5.2;3.2;1.3;0.3;1.6;0.40
sainsburys-chicken-paste-75g;Sainsbury's Chicken Paste 75g;£0.45/unit;£0.62/100g;savoury-pastes;170;16.9;0.3;0.3;10.6;2.6;2.9;1.08
sainsburys-chicken-phal---rice-500g;Sainsbury's Chicken Phal & Rice 500g;£3.00/unit;£6.00/kg;indian-ready-meals;140;7.3;16.2;2.5;4.3;0.4;3.8;0.45
sainsburys-chicken-phal---rice-500g;Sainsbury's Chicken Phal & Rice 500g;£3.00/unit;£6.00/kg;meals-for-1-ready-meals;140;7.3;16.2;2.5;4.3;0.4;3.8;0.45
sainsburys-chicken-portions--basics-25kg;Sainsbury's British Chicken Portions, Basics 2.5kg;£4.00/unit;£1.60/kg;frozen-chicken;226;24.8;0.5;0.5;13.9;3.7;0.5;0.13
sainsburys-chicken-quarter-pounder-454g;Sainsbury's Chicken Quarter Pounder 454g;£2.00/unit;£4.41/kg;frozen-burgers-sausages;160;19.9;5.7;0.5;6.4;2.5;0.5;1.30
sainsburys-chicken-quarter-pounder-454g;Sainsbury's Chicken Quarter Pounder 454g;£2.00/unit;£4.41/kg;frozen-chicken;160;19.9;5.7;0.5;6.4;2.5;0.5;1.30
sainsburys-chicken-roasting-thighs-600g;Sainsbury's Chicken Roasting Thighs 600g;£4.00/unit;£6.67/kg;chicken;188;26.2;0.5;0.5;8.9;2.2;0.5;0.22
sainsburys-chicken-roasting-thighs-600g;Sainsbury's Chicken Roasting Thighs 600g;£4.00/unit;£6.67/kg;great-prices-on-meat---fish;188;26.2;0.5;0.5;8.9;2.2;0.5;0.22
sainsburys-chicken-roll--basics-200g;Sainsbury's Chicken Roll, Basics 200g;£0.65/unit;£0.33/100g;cooked-chicken-turkey;234;13.2;5.1;0.7;17.8;4.7;0.5;1.58
sainsburys-chicken-roll--basics-200g;Sainsbury's Chicken Roll, Basics 200g;£0.65/unit;£0.33/100g;mfp-cooked-chicken-turkey;234;13.2;5.1;0.7;17.8;4.7;0.5;1.58
sainsburys-chicken-roll--basics-400g;Sainsbury's Cooked Chicken Roll, Basics 400g;£1.05/unit;£0.26/100g;cooked-chicken-turkey;234;13.2;5.1;0.7;17.8;4.7;0.5;1.58
sainsburys-chicken-roll--basics-400g;Sainsbury's Cooked Chicken Roll, Basics 400g;£1.05/unit;£0.26/100g;mfp-cooked-chicken-turkey;234;13.2;5.1;0.7;17.8;4.7;0.5;1.58
sainsburys-chicken-samosas-%28medium---spicy%29-x4;Sainsbury's Chicken Samosas (medium & spicy) x4;£2.20/unit;£9.65/kg;indian-ready-meals;237;9.4;25.0;1.6;10.0;1.0;4.6;0.92
sainsburys-chicken-slices-x2-320g;Sainsbury's Chicken Slices x2 320g;£1.50/unit;£0.47/100g;frozen-pies;249;9.7;24.9;1.7;11.7;5.6;2.6;0.72
sainsburys-chicken-slices-x2-320g;Sainsbury's Chicken Slices x2 320g;£1.50/unit;£0.47/100g;frozen-snacks;249;9.7;24.9;1.7;11.7;5.6;2.6;0.72
sainsburys-chicken-steak-x2-190g;Sainsbury's Chicken Steak x2 190g;£1.50/unit;£7.89/kg;frozen-chicken;284;13.3;13.1;0.6;19.4;3.4;1.8;0.74
sainsburys-chicken-steaks--basics-380g;Sainsbury's Chicken Steaks, Basics 380g;£1.20/unit;£3.16/kg;frozen-chicken;261;16.9;12.3;0.6;15.7;2.4;1.3;1.12
sainsburys-chicken-steaks-in-crispy-crumb-380g;Sainsbury's Chicken Steaks In Crispy Crumb 380g;£2.00/unit;£5.26/kg;frozen-chicken;284;13.3;13.1;0.6;19.4;3.4;1.8;0.74
sainsburys-chicken-stock-450g;Sainsbury's Chicken Stock 450g;£2.00/unit;£0.44/100g;stock---gravy;19;4.1;0.5;0.5;0.5;0.1;0.5;0.25
sainsburys-chicken-style-kiev-250g;Sainsbury's Chicken Style Kiev 250g;£1.80/unit;£7.20/kg;meat-free-vegetarian;251;14.3;16.7;1.4;13.6;3.1;2.5;0.80
sainsburys-chicken-supreme-400g;Sainsbury's Chicken Supreme 400g;£1.50/unit;£3.75/kg;frozen-ready-meals;125;7.2;16.5;0.5;2.9;1.7;2.0;0.59
sainsburys-chicken-thigh---drumsticks--so-organic-%28approx-500-800g%29;Sainsbury's Chicken Thigh & Drumsticks, SO Organic (approx. 500-800g);£9.20/kg;£9.20/kg;chicken;219;26.2;0.5;0.5;12.3;3.4;0.5;0.22
sainsburys-chicken-thigh---drumsticks--so-organic-%28approx-500-800g%29;Sainsbury's Chicken Thigh & Drumsticks, SO Organic (approx. 500-800g);£9.20/kg;£9.20/kg;organic-taste-the-difference;219;26.2;0.5;0.5;12.3;3.4;0.5;0.22
sainsburys-chicken-thigh---drumsticks--taste-the-difference-%28approx-450-750g%29;Sainsbury's Free Range Chicken Thigh & Drumsticks, Taste the Difference (approx. 450-750g);£7.00/kg;£7.00/kg;chicken;227;25.4;0.5;0.5;13.7;3.8;0.5;0.25
sainsburys-chicken-thigh---drumsticks--taste-the-difference-%28approx-450-750g%29;Sainsbury's Free Range Chicken Thigh & Drumsticks, Taste the Difference (approx. 450-750g);£7.00/kg;£7.00/kg;organic-taste-the-difference;227;25.4;0.5;0.5;13.7;3.8;0.5;0.25
sainsburys-chicken-thigh-fillet-skinless---boneless-615g;Sainsbury's Chicken Thigh Fillet Skinless & Boneless 615g;£3.30/unit;£5.37/kg;chicken;188;26.2;0.5;0.5;8.9;2.2;0.5;0.22
sainsburys-chicken-thigh-fillet-skinless---boneless-615g;Sainsbury's Chicken Thigh Fillet Skinless & Boneless 615g;£3.30/unit;£5.37/kg;great-prices-on-meat---fish;188;26.2;0.5;0.5;8.9;2.2;0.5;0.22
sainsburys-chicken-thighs---drumsticks-850g;Sainsbury's Chicken Thighs & Drumsticks 850g;£3.50/unit;£4.12/kg;burgers-bbq;178;26.1;0.5;0.5;7.8;2.1;0.5;0.13
sainsburys-chicken-thighs---drumsticks-850g;Sainsbury's Chicken Thighs & Drumsticks 850g;£3.50/unit;£4.12/kg;chicken;178;26.1;0.5;0.5;7.8;2.1;0.5;0.13
sainsburys-chicken-thighs---drumsticks-850g;Sainsbury's Chicken Thighs & Drumsticks 850g;£3.50/unit;£4.12/kg;great-prices-on-meat---fish;178;26.1;0.5;0.5;7.8;2.1;0.5;0.13
sainsburys-chicken-tikka-biryani--be-good-to-yourself-400g;Sainsbury's Chicken Tikka Biryani, Be Good To Yourself 400g;£3.00/unit;£7.50/kg;healthier-choice-ready-meals;84;6.8;10.7;2.1;1.0;0.1;2.9;0.33
sainsburys-chicken-tikka-biryani--be-good-to-yourself-400g;Sainsbury's Chicken Tikka Biryani, Be Good To Yourself 400g;£3.00/unit;£7.50/kg;indian-ready-meals;84;6.8;10.7;2.1;1.0;0.1;2.9;0.33
sainsburys-chicken-tikka-biryani--be-good-to-yourself-400g;Sainsbury's Chicken Tikka Biryani, Be Good To Yourself 400g;£3.00/unit;£7.50/kg;lunchtime-snacks;84;6.8;10.7;2.1;1.0;0.1;2.9;0.33
sainsburys-chicken-tikka-biryani--be-good-to-yourself-400g;Sainsbury's Chicken Tikka Biryani, Be Good To Yourself 400g;£3.00/unit;£7.50/kg;meals-for-1-ready-meals;84;6.8;10.7;2.1;1.0;0.1;2.9;0.33
sainsburys-chicken-tikka-biryani-500g;Sainsbury's Chicken Tikka Biryani 500g;£3.00/unit;£6.00/kg;indian-ready-meals;156;8.1;19.1;2.0;4.6;0.9;3.3;0.55
sainsburys-chicken-tikka-biryani-500g;Sainsbury's Chicken Tikka Biryani 500g;£3.00/unit;£6.00/kg;meals-for-1-ready-meals;156;8.1;19.1;2.0;4.6;0.9;3.3;0.55
sainsburys-chicken-tikka-deli-filler-230g;Sainsbury's Chicken Tikka Deli Filler 230g;£1.65/unit;£0.72/100g;sandwich-fillers2;214;13.3;5.8;3.6;15.2;1.4;0.5;0.82
sainsburys-chicken-tikka-deli-filler-230g;Sainsbury's Chicken Tikka Deli Filler 230g;£1.65/unit;£0.72/100g;sandwich-fillers;214;13.3;5.8;3.6;15.2;1.4;0.5;0.82
sainsburys-chicken-tikka-masala---rice--be-good-to-yourself-380g;Sainsbury's Chicken Tikka Masala & Rice, Be Good To Yourself 380g;£3.00/unit;£7.89/kg;healthier-choice-ready-meals;109;6.8;15.0;2.8;1.9;0.4;2.1;0.22
sainsburys-chicken-tikka-masala---rice--be-good-to-yourself-380g;Sainsbury's Chicken Tikka Masala & Rice, Be Good To Yourself 380g;£3.00/unit;£7.89/kg;indian-ready-meals;109;6.8;15.0;2.8;1.9;0.4;2.1;0.22
sainsburys-chicken-tikka-masala---rice--be-good-to-yourself-380g;Sainsbury's Chicken Tikka Masala & Rice, Be Good To Yourself 380g;£3.00/unit;£7.89/kg;lunchtime-snacks;109;6.8;15.0;2.8;1.9;0.4;2.1;0.22
sainsburys-chicken-tikka-masala---rice--be-good-to-yourself-380g;Sainsbury's Chicken Tikka Masala & Rice, Be Good To Yourself 380g;£3.00/unit;£7.89/kg;meals-for-1-ready-meals;109;6.8;15.0;2.8;1.9;0.4;2.1;0.22
sainsburys-chicken-tikka-masala---rice--taste-the-difference-450g;Sainsbury's Chicken Tikka Masala & Rice, Taste the Difference 450g;£3.60/unit;£8.00/kg;indian-ready-meals;641153;8.5;16.6;3.5;5.1;2.2;3.4;0.53
sainsburys-chicken-tikka-masala---rice--taste-the-difference-450g;Sainsbury's Chicken Tikka Masala & Rice, Taste the Difference 450g;£3.60/unit;£8.00/kg;meals-for-1-ready-meals;641153;8.5;16.6;3.5;5.1;2.2;3.4;0.53
sainsburys-chicken-tikka-masala---rice--taste-the-difference-450g;Sainsbury's Chicken Tikka Masala & Rice, Taste the Difference 450g;£3.60/unit;£8.00/kg;taste-the-difference-bistro-ready-meals;641153;8.5;16.6;3.5;5.1;2.2;3.4;0.53
sainsburys-chicken-tikka-masala---rice-400g;Sainsbury's Chicken Tikka Masala & Rice 400g;£1.50/unit;£3.75/kg;frozen-ready-meals;155;6.5;21.9;4.1;4.4;1.2;1.1;0.49
sainsburys-chicken-tikka-masala-400g-1190847-p-44;Sainsbury's Chicken Tikka Masala 400g;£3.30/unit;£8.25/kg;indian-ready-meals;170;10.6;7.5;5.5;10.4;4.1;1.7;0.63
sainsburys-chicken-tikka-with-rice-500g;Sainsbury's Chicken Tikka Masala With Rice 500g;£3.00/unit;£6.00/kg;indian-ready-meals;178;8.1;19.5;4.4;7.2;2.3;1.5;0.60
sainsburys-chicken-tikka-with-rice-500g;Sainsbury's Chicken Tikka Masala With Rice 500g;£3.00/unit;£6.00/kg;meals-for-1-ready-meals;178;8.1;19.5;4.4;7.2;2.3;1.5;0.60
sainsburys-chicken-wings-%28approx-720g-108kg%29;Sainsbury's Chicken Wings (approx. 720g-1.08kg);£2.20/kg;£2.20/kg;chicken;224;21.4;0.5;0.5;15.0;4.3;0.5;0.13
sainsburys-chicken-with-cheese---bacon-sauce-340g;Sainsbury's Chicken With Cheese & Bacon Sauce 340g;£4.00/unit;£11.76/kg;british-ready-meals;166;19.8;3.0;0.8;7.4;4.1;4.3;0.78
sainsburys-chicken-with-cheese---bacon-sauce-340g;Sainsbury's Chicken With Cheese & Bacon Sauce 340g;£4.00/unit;£11.76/kg;meals-for-1-ready-meals;166;19.8;3.0;0.8;7.4;4.1;4.3;0.78
sainsburys-chickpea--tomato---basil-p%C3%A2t%C3%A9--so-organic-170g;Sainsbury's Chickpea, Tomato & Basil Pâté, SO Organic 170g;£2.15/unit;£1.26/100g;deli-meat-alternatives;208;4.2;17.1;1.6;13.3;4.2;1.4;1.02
sainsburys-chickpea--tomato---basil-p%C3%A2t%C3%A9--so-organic-170g;Sainsbury's Chickpea, Tomato & Basil Pâté, SO Organic 170g;£2.15/unit;£1.26/100g;pate;208;4.2;17.1;1.6;13.3;4.2;1.4;1.02
sainsburys-chilli---coconut-prawn-curry---rice-450g;Sainsbury's Chilli & Coconut Prawn Curry & Rice 450g;£3.00/unit;£6.67/kg;meals-for-1-ready-meals;119;4.1;16.6;0.7;3.7;2.2;1.3;0.48
sainsburys-chilli---coconut-prawn-curry---rice-450g;Sainsbury's Chilli & Coconut Prawn Curry & Rice 450g;£3.00/unit;£6.67/kg;oriental-ready-meals;119;4.1;16.6;0.7;3.7;2.2;1.3;0.48
sainsburys-chilli---coriander-king-prawns-150g;Sainsbury's Chilli & Coriander King Prawns 150g;£3.50/unit;£2.33/100g;canapes-snacking;104;17.7;0.5;0.5;3.5;0.4;0.5;0.90
sainsburys-chilli---coriander-king-prawns-150g;Sainsbury's Chilli & Coriander King Prawns 150g;£3.50/unit;£2.33/100g;cooked-fish-seafood;104;17.7;0.5;0.5;3.5;0.4;0.5;0.90
sainsburys-chilli---coriander-king-prawns-150g;Sainsbury's Chilli & Coriander King Prawns 150g;£3.50/unit;£2.33/100g;mfp-cooked-fish-seafood;104;17.7;0.5;0.5;3.5;0.4;0.5;0.90
sainsburys-chilli---coriander-king-prawns-150g;Sainsbury's Chilli & Coriander King Prawns 150g;£3.50/unit;£2.33/100g;mfp-snacking-cooked-sausage;104;17.7;0.5;0.5;3.5;0.4;0.5;0.90
sainsburys-chilli---coriander-king-prawns-150g;Sainsbury's Chilli & Coriander King Prawns 150g;£3.50/unit;£2.33/100g;prawns-shellfish;104;17.7;0.5;0.5;3.5;0.4;0.5;0.90
sainsburys-chilli---coriander-king-prawns-150g;Sainsbury's Chilli & Coriander King Prawns 150g;£3.50/unit;£2.33/100g;snacking-cooked-sausage;104;17.7;0.5;0.5;3.5;0.4;0.5;0.90
sainsburys-chilli-con-carne--basics-400g;Sainsbury's Chilli Con Carne, Basics 400g;£1.00/unit;£2.50/kg;frozen-ready-meals;141;6.4;19.8;2.1;3.3;1.2;3.3;0.35
sainsburys-chilli-con-carne--be-good-to-yourself-400g;Sainsbury's Chilli Con Carne, Be Good To Yourself 400g;£2.40/unit;£6.00/kg;healthier-choice-ready-meals;94;4.9;13.4;2.7;1.8;0.8;2.2;0.41
sainsburys-chilli-con-carne--be-good-to-yourself-400g;Sainsbury's Chilli Con Carne, Be Good To Yourself 400g;£2.40/unit;£6.00/kg;lunchtime-snacks;94;4.9;13.4;2.7;1.8;0.8;2.2;0.41
sainsburys-chilli-con-carne--be-good-to-yourself-400g;Sainsbury's Chilli Con Carne, Be Good To Yourself 400g;£2.40/unit;£6.00/kg;meals-for-1-ready-meals;94;4.9;13.4;2.7;1.8;0.8;2.2;0.41
sainsburys-chilli-con-carne--be-good-to-yourself-400g;Sainsbury's Chilli Con Carne, Be Good To Yourself 400g;£2.40/unit;£6.00/kg;mexican-caribbean-american-ready-meals;94;4.9;13.4;2.7;1.8;0.8;2.2;0.41
sainsburys-chilli-jam--taste-the-difference-320g;Sainsbury's Chilli Jam, Taste the Difference 320g;£1.80/unit;£0.56/100g;chutneys-pickle-relishes;273;0.4;63.7;62.9;1.4;0.6;2.0;0.13
sainsburys-chilli-paste-75g;Sainsbury's Chilli Paste 75g;£1.65/unit;£2.20/100g;afro-caribbean-ingredients;82;1.0;2.9;0.7;5.8;0.5;7.3;1.17
sainsburys-chilli-paste-75g;Sainsbury's Chilli Paste 75g;£1.65/unit;£2.20/100g;asian-ingredients;82;1.0;2.9;0.7;5.8;0.5;7.3;1.17
sainsburys-chilli-paste-75g;Sainsbury's Chilli Paste 75g;£1.65/unit;£2.20/100g;indian-ingredients;82;1.0;2.9;0.7;5.8;0.5;7.3;1.17
sainsburys-chilli-plant;Sainsbury's Chilli Plant;£2.50/unit;£2.50/ea;afro-caribbean-ingredients;27;2.4;2.4;2.4;0.5;0.1;-1;0.03
sainsburys-chilli-plant;Sainsbury's Chilli Plant;£2.50/unit;£2.50/ea;asian-ingredients;27;2.4;2.4;2.4;0.5;0.1;-1;0.03
sainsburys-chilli-plant;Sainsbury's Chilli Plant;£2.50/unit;£2.50/ea;chillies-herbs-ingredients;27;2.4;2.4;2.4;0.5;0.1;-1;0.03
sainsburys-chilli-plant;Sainsbury's Chilli Plant;£2.50/unit;£2.50/ea;fresh-vegetables-world-exotic;27;2.4;2.4;2.4;0.5;0.1;-1;0.03
sainsburys-chilli-plant;Sainsbury's Chilli Plant;£2.50/unit;£2.50/ea;indian-ingredients;27;2.4;2.4;2.4;0.5;0.1;-1;0.03
sainsburys-chilli-with-coriander-rice--taste-the-difference-450g;Sainsbury's Chilli With Coriander Rice, Taste the Difference 450g;£3.30/unit;£7.33/kg;meals-for-1-ready-meals;122;6.5;16.5;2.0;2.8;1.0;2.2;0.44
sainsburys-chilli-with-coriander-rice--taste-the-difference-450g;Sainsbury's Chilli With Coriander Rice, Taste the Difference 450g;£3.30/unit;£7.33/kg;mexican-caribbean-american-ready-meals;122;6.5;16.5;2.0;2.8;1.0;2.2;0.44
sainsburys-chilli-with-coriander-rice--taste-the-difference-450g;Sainsbury's Chilli With Coriander Rice, Taste the Difference 450g;£3.30/unit;£7.33/kg;taste-the-difference-bistro-ready-meals;122;6.5;16.5;2.0;2.8;1.0;2.2;0.44
sainsburys-chillies--basics-150g;Sainsbury's Chillies, Basics 150g;£1.50/unit;£10.00/kg;afro-caribbean-ingredients;27;2.4;2.4;2.4;0.5;0.1;-1;0.03
sainsburys-chillies--basics-150g;Sainsbury's Chillies, Basics 150g;£1.50/unit;£10.00/kg;asian-ingredients;27;2.4;2.4;2.4;0.5;0.1;-1;0.03
sainsburys-chillies--basics-150g;Sainsbury's Chillies, Basics 150g;£1.50/unit;£10.00/kg;chillies-herbs-ingredients;27;2.4;2.4;2.4;0.5;0.1;-1;0.03
sainsburys-chillies--basics-150g;Sainsbury's Chillies, Basics 150g;£1.50/unit;£10.00/kg;fresh-vegetables-world-exotic;27;2.4;2.4;2.4;0.5;0.1;-1;0.03
sainsburys-chillies--basics-150g;Sainsbury's Chillies, Basics 150g;£1.50/unit;£10.00/kg;indian-ingredients;27;2.4;2.4;2.4;0.5;0.1;-1;0.03
sainsburys-chillies--mixed-50g;Sainsbury's Chillies, Mixed 50g;£0.60/unit;£12.00/kg;afro-caribbean-ingredients;27;2.4;2.4;2.4;0.5;0.1;-1;0.03
sainsburys-chillies--mixed-50g;Sainsbury's Chillies, Mixed 50g;£0.60/unit;£12.00/kg;asian-ingredients;27;2.4;2.4;2.4;0.5;0.1;-1;0.03
sainsburys-chillies--mixed-50g;Sainsbury's Chillies, Mixed 50g;£0.60/unit;£12.00/kg;chillies-herbs-ingredients;27;2.4;2.4;2.4;0.5;0.1;-1;0.03
sainsburys-chillies--mixed-50g;Sainsbury's Chillies, Mixed 50g;£0.60/unit;£12.00/kg;fresh-vegetables-world-exotic;27;2.4;2.4;2.4;0.5;0.1;-1;0.03
sainsburys-chillies--mixed-50g;Sainsbury's Chillies, Mixed 50g;£0.60/unit;£12.00/kg;indian-ingredients;27;2.4;2.4;2.4;0.5;0.1;-1;0.03
sainsburys-chinese-chicken-curry---rice--be-good-to-yourself-380g;Sainsbury's Chinese Chicken Curry & Rice, Be Good To Yourself 380g;£3.00/unit;£7.89/kg;healthier-choice-ready-meals;109;6.7;16.0;2.8;1.5;0.5;2.2;0.43
sainsburys-chinese-chicken-curry---rice--be-good-to-yourself-380g;Sainsbury's Chinese Chicken Curry & Rice, Be Good To Yourself 380g;£3.00/unit;£7.89/kg;meals-for-1-ready-meals;109;6.7;16.0;2.8;1.5;0.5;2.2;0.43
sainsburys-chinese-chicken-curry---rice--be-good-to-yourself-380g;Sainsbury's Chinese Chicken Curry & Rice, Be Good To Yourself 380g;£3.00/unit;£7.89/kg;oriental-ready-meals;109;6.7;16.0;2.8;1.5;0.5;2.2;0.43
sainsburys-chinese-chicken-curry---rice-450g;Sainsbury's Chinese Chicken Curry & Rice 450g;£3.00/unit;£6.67/kg;meals-for-1-ready-meals;132;7.7;19.3;1.0;2.4;0.5;1.1;0.43
sainsburys-chinese-chicken-curry---rice-450g;Sainsbury's Chinese Chicken Curry & Rice 450g;£3.00/unit;£6.67/kg;oriental-ready-meals;132;7.7;19.3;1.0;2.4;0.5;1.1;0.43
sainsburys-chinese-leaf-lettuce;Sainsbury's Chinese Leaf Lettuce;£1.20/unit;£1.20/ea;asian-ingredients;12;1.0;1.4;1.4;0.2;0;1.2;
sainsburys-chinese-leaf-lettuce;Sainsbury's Chinese Leaf Lettuce;£1.20/unit;£1.20/ea;fresh-vegetables-stir-fry;12;1.0;1.4;1.4;0.2;0;1.2;
sainsburys-chinese-leaf-lettuce;Sainsbury's Chinese Leaf Lettuce;£1.20/unit;£1.20/ea;fresh-vegetables-world-exotic;12;1.0;1.4;1.4;0.2;0;1.2;
sainsburys-chinese-leaf-lettuce;Sainsbury's Chinese Leaf Lettuce;£1.20/unit;£1.20/ea;lettuce;12;1.0;1.4;1.4;0.2;0;1.2;
sainsburys-chinese-sauce-175ml;Sainsbury's Fresh Chinese Sauce 175ml;£1.00/unit;£0.57/100ml;asian-ingredients;90;1.1;13;7.7;3.8;0.3;0.5;1.4
sainsburys-chinese-sauce-175ml;Sainsbury's Fresh Chinese Sauce 175ml;£1.00/unit;£0.57/100ml;chillies-herbs-ingredients;90;1.1;13;7.7;3.8;0.3;0.5;1.4
sainsburys-chinese-sauce-175ml;Sainsbury's Fresh Chinese Sauce 175ml;£1.00/unit;£0.57/100ml;fresh-vegetables-stir-fry;90;1.1;13;7.7;3.8;0.3;0.5;1.4
sainsburys-chinese-sauce-175ml;Sainsbury's Fresh Chinese Sauce 175ml;£1.00/unit;£0.57/100ml;fresh-vegetables-world-exotic;90;1.1;13;7.7;3.8;0.3;0.5;1.4
sainsburys-chinese-sauce-175ml;Sainsbury's Fresh Chinese Sauce 175ml;£1.00/unit;£0.57/100ml;prepared-stir-fry;90;1.1;13;7.7;3.8;0.3;0.5;1.4
sainsburys-chinese-sauce-175ml;Sainsbury's Fresh Chinese Sauce 175ml;£1.00/unit;£0.57/100ml;prepared-vegetables;90;1.1;13;7.7;3.8;0.3;0.5;1.4
sainsburys-chips--basics-900g;Sainsbury's Chips, Basics 900g;£0.65/unit;£0.72/kg;chips-potatoes;194;3.5;30.7;0.5;5.3;0.6;5.2;0.08
sainsburys-choc---amaretto-cheesecake-slices--taste-the-difference-2x100g;Sainsbury's Chocolate & Amaretto Cheesecake Slices, Taste the Difference 2x100g;£2.50/unit;£1.25/100g;desserts;319;4.9;30.0;20.0;19.0;10.9;0.7;0.47
sainsburys-choc-brownie-tart--taste-the-difference-470g;Sainsbury's Choc Brownie Tart, Taste the Difference 470g;£4.00/unit;£8.51/kg;desserts;434;5.9;45.6;30.4;24.9;15.8;2.3;0.05
sainsburys-choc-chip-shortbread-mini-bites-x16;Sainsbury's Choc Chip Shortbread Mini Bites x16;£1.60/unit;£0.10/ea;cakes-from-our-bakery-12374-44;510;5.9;55.5;23.0;28.7;16.2;2.9;0.57
sainsburys-choc-chip-shortbread-mini-bites-x16;Sainsbury's Choc Chip Shortbread Mini Bites x16;£1.60/unit;£0.10/ea;flapjacks-traybakes-bites;510;5.9;55.5;23.0;28.7;16.2;2.9;0.57
sainsburys-chocolate---caramel-shot-50g;Sainsbury's Chocolate & Caramel Shot 50g;£1.00/unit;£1.85/100g;desserts;405;3.9;36.4;32.6;26.7;16.5;1.7;0.16
sainsburys-chocolate---caramel-spread-400g;Sainsbury's Chocolate & Caramel Spread 400g;£1.25/unit;£0.32/100g;chocolate-sweet-spreads;580;2.5;57.5;56.5;37.5;9.5;1.0;0.14
sainsburys-chocolate---carmamel-pots--taste-the-difference-2x100g;Sainsbury's Chocolate & Caramel Pots, Taste the Difference 2x100g;£3.00/unit;£1.50/100g;desserts;408;3.9;39.0;35.9;25.9;15.4;2.0;0.62
sainsburys-chocolate---honeycomb-cheesecake-slices-2x98g;Sainsbury's Chocolate & Honeycomb Cheesecake Slices 2x98g;£2.00/unit;£1.02/100g;desserts;395;4.6;39.0;24.0;24.3;13.5;1.1;0.40
sainsburys-chocolate---nut-cones-x4-440ml;Sainsbury's Ice Cream Cones, Chocolate & Nut 4x110ml;£1.00/unit;£0.23/100ml;lollies-bars-cones;263;3.4;38.8;22.7;10.3;8.1;1.0;0.10
sainsburys-chocolate---vanilla-ice-cream-900ml;Sainsbury's Chocolate & Vanilla Ice Cream 900ml;£2.00/unit;£0.22/100ml;ice-cream-tubs;188;3.4;28.6;21.7;6.5;5.1;0.6;0.15
sainsburys-chocolate-brownie--taste-the-difference-62g;Sainsbury's Chocolate Brownie, Taste the Difference 62g;£0.80/unit;£1.29/100g;flapjacks-traybakes-bites;449;5.9;50;34;25;15;3.0;0.10
sainsburys-chocolate-brownie-500ml;Sainsbury's Chocolate Brownie Ice Cream 500ml;£2.50/unit;£0.50/100ml;ice-cream-tubs;223;4.2;31.3;23.7;8.6;5.3;2.0;0.15
sainsburys-chocolate-brownie-bites-x16;Sainsbury's Chocolate Brownie Bites x16;£1.60/unit;£0.10/ea;cakes-from-our-bakery-12374-44;406;5.5;55.9;35.2;17.2;6.6;2.6;0.40
sainsburys-chocolate-brownie-bites-x16;Sainsbury's Chocolate Brownie Bites x16;£1.60/unit;£0.10/ea;flapjacks-traybakes-bites;406;5.5;55.9;35.2;17.2;6.6;2.6;0.40
sainsburys-chocolate-brownie-pudding-400g;Sainsbury's Chocolate Brownie Pudding 400g;£2.75/unit;£0.69/100g;desserts;Per 100g nutrition not found
sainsburys-chocolate-cheesecake-425g-%28serves-6%29;Sainsbury's Chocolate Cheesecake 425g (Serves 6);£2.00/unit;£0.47/100g;frozen-cold-desserts;370;6.3;41.7;30.9;19.5;10.6;1.3;0.33
sainsburys-chocolate-chip-muffins-x4-7171272-p-44;Sainsbury's Muffins, Chocolate Chip x4;£1.70/unit;£0.43/ea;cakes-from-our-bakery-12374-44;424;5.0;49.7;30.7;22.5;4.4;1.4;0.36
sainsburys-chocolate-chip-muffins-x4-7171272-p-44;Sainsbury's Muffins, Chocolate Chip x4;£1.70/unit;£0.43/ea;cakes-from-our-bakery;424;5.0;49.7;30.7;22.5;4.4;1.4;0.36
sainsburys-chocolate-chip-muffins-x4;Sainsbury's Muffins, Chocolate Chip x4;£1.00/unit;£0.25/ea;muffins-small-cakes;407;5.0;52;28;19;3.5;1.6;0.41
sainsburys-chocolate-cream-eclairs-2x70g;Sainsbury's Chocolate Cream Eclairs 2x70g;£2.00/unit;£1.43/100g;desserts;1515364;6.4;30.1;17.3;24.1;11.1;0.6;0.14
sainsburys-chocolate-cupcakes-x2;Sainsbury's Chocolate Cupcakes x2;£1.45/unit;£0.73/ea;muffins-small-cakes;492;4.2;54;48;29;11;1.3;0.36
sainsburys-chocolate-custard-pots-4x150g;Sainsbury's Custard Pots, Chocolate Flavour 4x150g;£1.25/unit;£0.21/100g;custard;108;3.0;18.1;12.1;2.5;1.7;0.7;0.11
sainsburys-chocolate-custard-pots-4x150g;Sainsbury's Custard Pots, Chocolate Flavour 4x150g;£1.25/unit;£0.21/100g;dessert-pots;108;3.0;18.1;12.1;2.5;1.7;0.7;0.11
sainsburys-chocolate-custard-pots-4x150g;Sainsbury's Custard Pots, Chocolate Flavour 4x150g;£1.25/unit;£0.21/100g;kids-lunchbox-fruit-desserts;108;3.0;18.1;12.1;2.5;1.7;0.7;0.11
sainsburys-chocolate-doughnuts-2x72g;Sainsbury's Chocolate Doughnuts 2x72g;£1.20/unit;£0.83/100g;desserts;352;6.4;34.5;12.0;20.5;10.0;2.0;0.62
sainsburys-chocolate-fairy-cakes-x12;Sainsbury's Chocolate Fairy Cakes x12;£1.00/unit;£0.08/ea;muffins-small-cakes;430;5.5;48.7;26.9;22.9;2.3;3.2;0.46
sainsburys-chocolate-filled-crepes-x6;Sainsbury's Chocolate Filled Crepes x6;£1.50/unit;£0.78/100g;crumpets-breakfast-muffins-pancakes;449;6.5;63.7;37.6;18.4;5.5;1.3;0.93
sainsburys-chocolate-flavoured-cupcakes-x6;Sainsbury's Chocolate Flavoured Cupcakes x6;£1.30/unit;£0.22/ea;muffins-small-cakes;408;4.0;60.4;43.8;16.4;3.0;1.5;0.44
sainsburys-chocolate-ice-cream--taste-the-difference-500ml;Sainsbury's Belgian Chocolate Ice Cream, Taste the Difference 500ml;£3.25/unit;£0.65/100ml;ice-cream-tubs;230;6.0;21.8;17.2;12.7;6.8;2.0;0.11
sainsburys-chocolate-iced-ring-donuts-x4;Sainsbury's Chocolate Iced Ring Doughnuts x4;£1.00/unit;£0.25/ea;doughnuts-cookies;421;5.4;44.6;15.9;24.1;12.5;2.1;0.28
sainsburys-chocolate-melting-middle-puds-2x135g;Sainsbury's Chocolate Melting Middle Puds 2x135g;£1.75/unit;£0.65/100g;desserts;381;4.2;39.4;25.0;22.4;10.6;2.6;0.20
sainsburys-chocolate-mini-rolls-x14;Sainsbury's Chocolate Mini Rolls x14;£1.60/unit;£0.11/ea;cakes-from-our-bakery-12374-44;456;5.1;57.8;47.9;22.7;14.1;3.1;0.28
sainsburys-chocolate-mousse--basics-6x625g;Sainsbury's Mousse Chocolate, Basics 6x62.5g;£0.45/unit;£0.12/100g;rice-dessert-style-yogurts;136;4.6;18;16;4.6;3.7;2.0;0.25
sainsburys-chocolate-mousse--taste-the-difference-100g;Sainsbury's Mousse Chocolate, Taste the Difference 100g;£1.00/unit;£1.00/100g;desserts;319;5.2;31.0;29.2;19.1;12.3;0.9;0.08
sainsburys-chocolate-mousse--taste-the-difference-100g;Sainsbury's Mousse Chocolate, Taste the Difference 100g;£1.00/unit;£1.00/100g;luxury-yogurts;319;5.2;31.0;29.2;19.1;12.3;0.9;0.08
sainsburys-chocolate-mousse--taste-the-difference-100g;Sainsbury's Mousse Chocolate, Taste the Difference 100g;£1.00/unit;£1.00/100g;rice-dessert-style-yogurts;319;5.2;31.0;29.2;19.1;12.3;0.9;0.08
sainsburys-chocolate-mousse-6x625g;Sainsbury's Mousse Chocolate 6x62.5g;£0.90/unit;£0.24/100g;rice-dessert-style-yogurts;185;5.0;23.8;21.0;7.5;5.8;1.1;0.19
sainsburys-chocolate-muffin-dessert--be-good-to-yourself-100g;Sainsbury's Chocolate Muffin Dessert, Be Good To Yourself 100g;£1.10/unit;£1.10/100g;desserts;153;6.1;26.0;21.5;2.6;1.5;0.8;0.33
sainsburys-chocolate-party-cake-%28-serves-12-%29;Sainsbury's Chocolate Party Cake (Serves 12);£6.00/unit;£6.38/kg;celebration-cakes;393;5.1;54;35;17;2.9;2.2;0.48
sainsburys-chocolate-party-traybake-%28serves-15%29;Sainsbury's Chocolate Party Traybake (Serves 15);£5.00/unit;£6.85/kg;celebration-cakes;458;4.4;55;41;24;10;2.2;0.44
sainsburys-chocolate-profiterole-stack-280g;Sainsbury's Chocolate Profiterole Stack 280g;£2.50/unit;£0.89/100g;desserts;400;5.3;39.8;31.1;23.9;12.0;2.0;0.20
sainsburys-chocolate-sauce--taste-the-difference-260g;Sainsbury's Belgian Chocolate Sauce, Taste the Difference 260g;£2.50/unit;£0.96/100g;sauces-toppings;466;4.3;34.6;29.1;33.5;21.2;4.1;0.07
sainsburys-chocolate-sauce--taste-the-difference-260g;Sainsbury's Belgian Chocolate Sauce, Taste the Difference 260g;£2.50/unit;£0.96/100g;wafers-sauces-toppings;466;4.3;34.6;29.1;33.5;21.2;4.1;0.07
sainsburys-chocolate-sponge--be-good-to-yourself-250g;Sainsbury's Chocolate Sponge, Be Good To Yourself 250g;£1.75/unit;£0.80/100g;desserts;181;4.0;35.7;18.2;2.0;1.1;2.2;0.50
sainsburys-chocolate-sponge-pudding--taste-the-difference-400g;Sainsbury's Chocolate Sponge Pudding, Taste the Difference 400g;£3.75/unit;£0.94/100g;desserts;400;5.3;43.1;33.5;22.4;13.0;2.4;0.39
sainsburys-chocolate-sponge-pudding-120g;Sainsbury's Chocolate Sponge Pudding 120g;£0.65/unit;£0.54/100g;rice-sponge-pudding;326;3.0;39.0;28.3;17.0;5.5;2.5;0.50
sainsburys-chocolate-sponge-puddings-2x110g;Sainsbury's Chocolate Sponge Puddings 2x110g;£1.75/unit;£0.80/100g;desserts;359;5.1;41.2;28.4;18.8;11.5;2.4;0.99
sainsburys-chocolate-sponge-sandwich-195g;Sainsbury's Chocolate Sponge Sandwich 195g;£1.00/unit;£1.00/ea;sponge-slab-loaf-cakes;426;5.2;50.1;29.0;22.3;9.3;2.1;0.58
sainsburys-chocolate-swirl-cheesecake-slices-2x100g;Sainsbury's Chocolate Swirl Cheesecake Slices 2x100g;£2.00/unit;£1.00/100g;desserts;Per 100g nutrition not found
sainsburys-chocolate-swiss-roll--basics;Sainsbury's Chocolate Swiss Roll, Basics 95g;£0.30/unit;£0.30/ea;sponge-slab-loaf-cakes;383;5.3;55.3;32.9;15.1;5.1;2.2;0.50
sainsburys-chocolate-treats-350g;Sainsbury's Chocolate Treats 350g;£3.00/unit;£0.86/100g;chocolate;460;4.0;66.0;53.4;19.3;12.0;3.2;0.36
sainsburys-chocolate-truffle-bar-150g;Sainsbury's Chocolate Truffle Bar 150g;£1.35/unit;£0.90/100g;chocolate;522;6.2;52.2;50.7;31.3;16.8;3.5;0.53
sainsburys-choi-sum-200g;Sainsbury's Choi Sum 200g;£1.50/unit;£7.50/kg;asian-ingredients;13;1.6;2.2;-1;0.2;-1;-1;-1
sainsburys-choi-sum-200g;Sainsbury's Choi Sum 200g;£1.50/unit;£7.50/kg;broccoli-cauliflower-cabbage-greens;13;1.6;2.2;-1;0.2;-1;-1;-1
sainsburys-choi-sum-200g;Sainsbury's Choi Sum 200g;£1.50/unit;£7.50/kg;fresh-vegetables-stir-fry;13;1.6;2.2;-1;0.2;-1;-1;-1
sainsburys-choi-sum-200g;Sainsbury's Choi Sum 200g;£1.50/unit;£7.50/kg;fresh-vegetables-world-exotic;13;1.6;2.2;-1;0.2;-1;-1;-1
sainsburys-cholesterol-lowering-drink-original-6x100g;Sainsbury's Cholesterol Lowering Drink Original 6x100g;£2.30/unit;£0.38/100g;active-health-yogurts-drinks;61;3.2;11.3;10.2;0.5;0.1;0.5;0.01;
sainsburys-cholesterol-lowering-drink-original-6x100g;Sainsbury's Cholesterol Lowering Drink Original 6x100g;£2.30/unit;£0.38/100g;yogurt-drinks;61;3.2;11.3;10.2;0.5;0.1;0.5;0.01;
sainsburys-cholesterol-lowering-drink-strawberry-6x100g;Sainsbury's Cholesterol Lowering Drink Strawberry 6x100g;£2.30/unit;£0.38/100g;active-health-yogurts-drinks;58;3.0;10.9;10.3;0.5;0.1;0.5;0.09;
sainsburys-chopped-basil-50g;Sainsbury's Chopped Basil 50g;£1.50/unit;£3.00/100g;frozen-herbs;36;3.5;2.6;0.5;0.5;0.1;4.5;0.05
sainsburys-chopped-coriander-50g;Sainsbury's Chopped Coriander 50g;£1.50/unit;£3.00/100g;frozen-herbs;34;3.4;0.5;0.5;0.8;0.2;5.7;0.08
sainsburys-chopped-garlic-100g;Sainsbury's Chopped Garlic 100g;£1.50/unit;£1.50/100g;frozen-herbs;94;4.3;16.1;1.4;0.5;0.1;5.6;0.05
sainsburys-chopped-ginger-75g;Sainsbury's Chopped Ginger 75g;£1.50/unit;£2.00/100g;frozen-herbs;34;0.9;6.3;0.9;0.5;0.1;2.3;0.08
sainsburys-chopped-mint-50g;Sainsbury's Chopped Mint 50g;£1.50/unit;£3.00/100g;frozen-herbs;43;4.3;0.8;0.5;0.5;0.1;9.6;0.05
sainsburys-chopped-onion-750g;Sainsbury's Chopped Onion 750g;£1.50/unit;£2.00/kg;frozen-vegetables;41;1.2;7.9;5.6;0.5;0.1;1.4;0.03
sainsburys-chopped-parsley-50g;Sainsbury's Chopped Parsley 50g;£1.50/unit;£3.00/100g;frozen-herbs;41;4.1;3.3;1.0;0.5;0.1;4.1;0.13
sainsburys-chopped-red-chilli-75g;Sainsbury's Chopped Red Chilli 75g;£1.50/unit;£2.00/100g;frozen-herbs;64;2.6;10.7;4.5;0.6;0.1;2.5;0.75
sainsburys-chopped-spinach-1kg;Sainsbury's Chopped Spinach 1kg;£1.50/unit;£1.50/kg;frozen-vegetables;26;3.1;0.5;0.5;0.8;0.1;2.1;0.04
sainsburys-chorizo---butterbean-soup--taste-the-difference-600gr;Sainsbury's Chorizo & Butterbean Soup, Taste the Difference 600g;£2.00/unit;£0.33/100g;fresh-soups;60;2.9;6.5;4.0;2.0;0.6;-1;0.44
sainsburys-chorizo---milano-177g;Sainsbury's Chorizo & Milano Selection 177g;£3.00/unit;£1.69/100g;continental-meats;338;21.0;3.0;1.8;26.7;10.4;1.0;3.58
sainsburys-chorizo---milano-177g;Sainsbury's Chorizo & Milano Selection 177g;£3.00/unit;£1.69/100g;mfp-continental-meats;338;21.0;3.0;1.8;26.7;10.4;1.0;3.58
sainsburys-chorizo-iberico-bellota--taste-the-difference-40g;Sainsbury's Spanish Chorizo Iberico Bellota, Taste the Difference 40g;£1.85/unit;£4.63/100g;continental-meats;469;25.2;0.6;0.5;40.4;15.7;1.0;3.58
sainsburys-chorizo-iberico-bellota--taste-the-difference-40g;Sainsbury's Spanish Chorizo Iberico Bellota, Taste the Difference 40g;£1.85/unit;£4.63/100g;cooked-meats-taste-the-difference;469;25.2;0.6;0.5;40.4;15.7;1.0;3.58
sainsburys-chorizo-iberico-bellota--taste-the-difference-40g;Sainsbury's Spanish Chorizo Iberico Bellota, Taste the Difference 40g;£1.85/unit;£4.63/100g;mfp-continental-meats;469;25.2;0.6;0.5;40.4;15.7;1.0;3.58
sainsburys-chorizo-iberico-bellota--taste-the-difference-40g;Sainsbury's Spanish Chorizo Iberico Bellota, Taste the Difference 40g;£1.85/unit;£4.63/100g;mfp-cooked-meats-snacking-taste-the-difference;469;25.2;0.6;0.5;40.4;15.7;1.0;3.58
sainsburys-chorizo-style-pork-sausages--taste-the-difference-x6-400g;Sainsbury's Chorizo Style Pork Sausages, Taste the Difference x6 400g;£2.80/unit;£7.00/kg;burgers-bbq;241;20.0;4.3;0.8;15.9;5.9;0.5;1.42
sainsburys-chorizo-style-pork-sausages--taste-the-difference-x6-400g;Sainsbury's Chorizo Style Pork Sausages, Taste the Difference x6 400g;£2.80/unit;£7.00/kg;organic-taste-the-difference;241;20.0;4.3;0.8;15.9;5.9;0.5;1.42
sainsburys-christmas-red-shimmer-doughnuts-x-12;Sainsbury's Red Shimmer Doughnuts x 12;£2.50/unit;£2.50/ea;doughnuts-cookies;405;5.1;47.4;19.6;21.4;9.7;1.4;0.22
sainsburys-christmas-red-shimmer-doughnuts-x-12;Sainsbury's Red Shimmer Doughnuts x 12;£2.50/unit;£2.50/ea;easter-treats;405;5.1;47.4;19.6;21.4;9.7;1.4;0.22
sainsburys-christmas-red-shimmer-doughnuts-x-12;Sainsbury's Red Shimmer Doughnuts x 12;£2.50/unit;£2.50/ea;instore-bakery-doughnuts-cookies;405;5.1;47.4;19.6;21.4;9.7;1.4;0.22
sainsburys-christmas-red-shimmer-doughnuts-x4;Sainsbury's Red Shimmer Doughnuts x4;£1.00/unit;£1.00/ea;doughnuts-cookies;405;5.1;47.4;19.6;21.4;9.7;1.4;0.22
sainsburys-christmas-red-shimmer-doughnuts-x4;Sainsbury's Red Shimmer Doughnuts x4;£1.00/unit;£1.00/ea;easter-treats;405;5.1;47.4;19.6;21.4;9.7;1.4;0.22
sainsburys-christmas-red-shimmer-doughnuts-x4;Sainsbury's Red Shimmer Doughnuts x4;£1.00/unit;£1.00/ea;instore-bakery-doughnuts-cookies;405;5.1;47.4;19.6;21.4;9.7;1.4;0.22
sainsburys-chunky-caramel-8x40g;Sainsbury's Chunky Caramel 8x40g;£1.50/unit;£0.47/100g;chocolate;471;4.5;70.0;63.0;19.0;11.0;1.0;0.39
sainsburys-chunky-chocolate-dessert-450g;Sainsbury's Chunky Chocolate Dessert 450g;£3.00/unit;£0.67/100g;desserts;309;4.7;29.2;21.4;19.0;10.3;1.5;0.20
sainsburys-chunky-cod-fish-fingers--taste-the-difference-x8-480g;Sainsbury's Chunky Cod Fish Fingers, Taste the Difference x8 480g;£3.00/unit;£6.25/kg;frozen-fish-seafood;200;15.6;15.1;1.1;8.4;0.6;1.2;0.63
sainsburys-chunky-mixed-vegetables-1kg;Sainsbury's Chunky Mixed Vegetables 1kg;£1.40/unit;£1.40/kg;frozen-vegetables;44;2.9;4.7;2.3;0.8;0.2;3.1;0.01
sainsburys-chunky-oven-chips--taste-the-difference-15kg;Sainsbury's Chunky Oven Chips, Taste the Difference 1.5kg;£2.30/unit;£1.53/kg;chips-potatoes;156;2.0;28.6;0.5;3.2;0.7;2.3;0.45
sainsburys-chunky-salsa-dip-230g;Sainsbury's Salsa Dip 230g;£1.00/unit;£0.43/100g;deli-meat-alternatives;62;1.0;9.9;7.5;1.8;0.2;1.2;0.45
sainsburys-chunky-salsa-dip-230g;Sainsbury's Salsa Dip 230g;£1.00/unit;£0.43/100g;fresh-dips-houmous;62;1.0;9.9;7.5;1.8;0.2;1.2;0.45
sainsburys-cider--basics-2l;Sainsbury's Cider, Basics 2L;£2.05/unit;£1.03/ltr;cider;15738;-1;-1;-1;-1;-1;-1;-1
sainsburys-cider-vinegar-500ml;Sainsbury's Cider Vinegar 500ml;£1.15/unit;£2.30/ltr;vinegar;19;0.5;0.7;0.5;0.5;0.1;0.5;0.01
sainsburys-classic-buttery-mash-side-for-4-800g;Sainsbury's Classic Buttery Mash Side For 4 800g;£2.00/unit;£2.50/kg;british-ready-meals;97;1.8;14.2;0.5;3.4;2.3;1.2;0.33
sainsburys-classic-buttery-mash-side-for-4-800g;Sainsbury's Classic Buttery Mash Side For 4 800g;£2.00/unit;£2.50/kg;coleslaw--olives--salads---dips-30658-44;97;1.8;14.2;0.5;3.4;2.3;1.2;0.33
sainsburys-classic-buttery-mash-side-for-4-800g;Sainsbury's Classic Buttery Mash Side For 4 800g;£2.00/unit;£2.50/kg;potato-vegetable-side-dishes;97;1.8;14.2;0.5;3.4;2.3;1.2;0.33
sainsburys-classic-buttery-mash-side-for-4-800g;Sainsbury's Classic Buttery Mash Side For 4 800g;£2.00/unit;£2.50/kg;prepared-vegetables;97;1.8;14.2;0.5;3.4;2.3;1.2;0.33
sainsburys-classic-buttery-mash-side-for-4-800g;Sainsbury's Classic Buttery Mash Side For 4 800g;£2.00/unit;£2.50/kg;vegetarian-meat-free-ready-meals;97;1.8;14.2;0.5;3.4;2.3;1.2;0.33
sainsburys-classic-chicken-hotpot-450g;Sainsbury's Classic Chicken Hotpot 450g;£3.00/unit;£6.67/kg;british-ready-meals;87;7.6;9.0;1.0;2.1;0.4;0.9;0.35
sainsburys-classic-chicken-hotpot-450g;Sainsbury's Classic Chicken Hotpot 450g;£3.00/unit;£6.67/kg;meals-for-1-ready-meals;87;7.6;9.0;1.0;2.1;0.4;0.9;0.35
sainsburys-classic-cod-in-parsley-sauce-420g;Sainsbury's Classic Cod In Parsley Sauce 420g;£3.50/unit;£8.33/kg;british-ready-meals;87;6.4;8.2;1.6;2.7;1.5;2.0;0.42
sainsburys-classic-cod-in-parsley-sauce-420g;Sainsbury's Classic Cod In Parsley Sauce 420g;£3.50/unit;£8.33/kg;meals-for-1-ready-meals;87;6.4;8.2;1.6;2.7;1.5;2.0;0.42
sainsburys-classic-cola--diet-2l;Sainsbury's Classic Cola Diet 2L;£0.90/unit;£0.05/100ml;cola;1;0.5;0.5;0.5;0.5;0.1;0.5;0.01
sainsburys-classic-cola--diet-2l;Sainsbury's Classic Cola Diet 2L;£0.90/unit;£0.05/100ml;diet-sugar-free-fizzy-drinks;1;0.5;0.5;0.5;0.5;0.1;0.5;0.01
sainsburys-classic-cola-2l;Sainsbury's Classic Cola 2L;£0.90/unit;£0.05/100ml;cola;43;0.5;10.8;10.7;0.5;0.1;0.5;0.01
sainsburys-classic-cottage-pie-15kg-%28-serves-4-%29;Sainsbury's Classic Cottage Pie 1.5kg ( Serves 4 );£6.00/unit;£4.00/kg;british-ready-meals;90;5.6;6.9;0.9;4.1;2.2;1.6;0.45
sainsburys-classic-cumberland-fish-pie-450g;Sainsbury's Classic Cumberland Fish Pie 450g;£2.30/unit;£5.11/kg;british-ready-meals;121;7.4;11.5;0.8;4.7;2.6;1.3;0.64
sainsburys-classic-cumberland-fish-pie-450g;Sainsbury's Classic Cumberland Fish Pie 450g;£2.30/unit;£5.11/kg;meals-for-1-ready-meals;121;7.4;11.5;0.8;4.7;2.6;1.3;0.64
sainsburys-classic-cumberland-pie-450g;Sainsbury's Classic Cumberland Pie 450g;£2.30/unit;£5.11/kg;british-ready-meals;128;5.7;12.2;2.1;5.7;2.9;2.7;0.72
sainsburys-classic-cumberland-pie-450g;Sainsbury's Classic Cumberland Pie 450g;£2.30/unit;£5.11/kg;meals-for-1-ready-meals;128;5.7;12.2;2.1;5.7;2.9;2.7;0.72
sainsburys-classic-diet-lemonade-2l;Sainsbury's Classic Diet Lemonade 2L;£0.95/unit;£0.05/100ml;diet-sugar-free-fizzy-drinks;2;0.5;0.5;0.5;0.5;0.1;0.5;0.02
sainsburys-classic-diet-lemonade-2l;Sainsbury's Classic Diet Lemonade 2L;£0.95/unit;£0.05/100ml;fruit-flavoured;2;0.5;0.5;0.5;0.5;0.1;0.5;0.02
sainsburys-classic-diet-lemonade-2l;Sainsbury's Classic Diet Lemonade 2L;£0.95/unit;£0.05/100ml;lemonade;2;0.5;0.5;0.5;0.5;0.1;0.5;0.02
sainsburys-classic-dip-selection-560g;Sainsbury's Classic Dip Selection 560g;£2.40/unit;£0.43/100g;deli-meat-alternatives;331;1.8;6.9;2.8;32.9;5.3;0.5;1.00
sainsburys-classic-dip-selection-560g;Sainsbury's Classic Dip Selection 560g;£2.40/unit;£0.43/100g;fresh-dips-houmous;331;1.8;6.9;2.8;32.9;5.3;0.5;1.00
sainsburys-classic-fruit-salad-180g;Sainsbury's Classic Fruit Salad 180g;£1.50/unit;£8.33/kg;prepared-fruit;47;0.6;9.9;9.9;0.5;0.1;2.0;0.01
sainsburys-classic-fruit-salad-320g;Sainsbury's Classic Fruit Salad 320g;£2.00/unit;£6.25/kg;prepared-fruit;48;0.6;10.1;10.1;0.5;0.1;2.0;0.03
sainsburys-classic-lemonade-2l;Sainsbury's Classic Lemonade 2L;£0.95/unit;£0.05/100ml;fruit-flavoured;50;0;12.4;12.2;0;0;0;
sainsburys-classic-lemonade-2l;Sainsbury's Classic Lemonade 2L;£0.95/unit;£0.05/100ml;lemonade;50;0;12.4;12.2;0;0;0;
sainsburys-classic-liver---bacon-with-mash-450g;Sainsbury's Classic Liver & Bacon With Mash 450g;£2.30/unit;£5.11/kg;british-ready-meals;112;6.0;10.9;1.3;4.5;2.3;1.8;0.66
sainsburys-classic-liver---bacon-with-mash-450g;Sainsbury's Classic Liver & Bacon With Mash 450g;£2.30/unit;£5.11/kg;meals-for-1-ready-meals;112;6.0;10.9;1.3;4.5;2.3;1.8;0.66
sainsburys-classic-minced-beef-cobbler-450g;Sainsbury's Classic Minced Beef Cobbler 450g;£2.30/unit;£5.11/kg;british-ready-meals;171;8.4;12.7;2.9;8.2;4.4;6.1;0.79
sainsburys-classic-minced-beef-cobbler-450g;Sainsbury's Classic Minced Beef Cobbler 450g;£2.30/unit;£5.11/kg;meals-for-1-ready-meals;171;8.4;12.7;2.9;8.2;4.4;6.1;0.79
sainsburys-classic-minced-lamb-hotpot-450g;Sainsbury's Classic Minced Lamb Hotpot 450g;£2.30/unit;£5.11/kg;british-ready-meals;129;7.3;8.2;3.0;6.7;2.7;3.6;0.60
sainsburys-classic-minced-lamb-hotpot-450g;Sainsbury's Classic Minced Lamb Hotpot 450g;£2.30/unit;£5.11/kg;meals-for-1-ready-meals;129;7.3;8.2;3.0;6.7;2.7;3.6;0.60
sainsburys-classic-roast-lamb-dinner-400g;Sainsbury's Classic Lamb Dinner 400g;£3.50/unit;£8.75/kg;british-ready-meals;107;6.3;11.0;2.7;3.3;1.3;3.9;0.33
sainsburys-classic-roast-lamb-dinner-400g;Sainsbury's Classic Lamb Dinner 400g;£3.50/unit;£8.75/kg;meals-for-1-ready-meals;107;6.3;11.0;2.7;3.3;1.3;3.9;0.33
sainsburys-classic-round-tomatoes-x6;Sainsbury's Classic Round Tomatoes x6;£0.70/unit;£1.75/kg;fresh-salad-tomatoes;20;0.7;3.1;3.1;0.5;0.1;1.0;0.02
sainsburys-classic-round-tomatoes-x6;Sainsbury's Classic Round Tomatoes x6;£0.70/unit;£1.75/kg;fresh-vegetables-tomatoes;20;0.7;3.1;3.1;0.5;0.1;1.0;0.02
sainsburys-classic-sausage---mash-yorkshire-430g;Sainsbury's Classic Sausage & Mash Yorkshire 430g;£3.50/unit;£8.14/kg;british-ready-meals;157;6.6;14.5;2.0;7.5;2.5;2.1;0.65
sainsburys-classic-sausage---mash-yorkshire-430g;Sainsbury's Classic Sausage & Mash Yorkshire 430g;£3.50/unit;£8.14/kg;meals-for-1-ready-meals;157;6.6;14.5;2.0;7.5;2.5;2.1;0.65
sainsburys-classic-shepherds-pie-900g;Sainsbury's Classic Shepherds Pie 900g;£3.80/unit;£4.22/kg;british-ready-meals;95;5.0;10.0;1.3;3.4;1.9;2.2;0.55
sainsburys-classic-side-salad-bowl-220g;Sainsbury's Classic Salad Bowl 220g;£2.00/unit;£0.91/100g;coleslaw--olives--salads---dips-30658-44;95;0.9;2.6;2.4;8.7;0.9;1.1;0.16
sainsburys-classic-side-salad-bowl-220g;Sainsbury's Classic Salad Bowl 220g;£2.00/unit;£0.91/100g;coleslaw-salads;95;0.9;2.6;2.4;8.7;0.9;1.1;0.16
sainsburys-classic-side-salad-bowl-220g;Sainsbury's Classic Salad Bowl 220g;£2.00/unit;£0.91/100g;fresh-salad-prepared-ready-to-eat;95;0.9;2.6;2.4;8.7;0.9;1.1;0.16
sainsburys-classic-side-salad-bowl-220g;Sainsbury's Classic Salad Bowl 220g;£2.00/unit;£0.91/100g;lunchtime-snacks;95;0.9;2.6;2.4;8.7;0.9;1.1;0.16
sainsburys-classic-side-salad-bowl-220g;Sainsbury's Classic Salad Bowl 220g;£2.00/unit;£0.91/100g;prepared-salad-herbs;95;0.9;2.6;2.4;8.7;0.9;1.1;0.16
sainsburys-classic-toad-in-the-hole-180g;Sainsbury's Classic Toad In The Hole 180g;£2.30/unit;£12.78/kg;british-ready-meals;262;13.2;17.9;1.2;15.1;5.6;1.1;0.76
sainsburys-classic-toad-in-the-hole-180g;Sainsbury's Classic Toad In The Hole 180g;£2.30/unit;£12.78/kg;meals-for-1-ready-meals;262;13.2;17.9;1.2;15.1;5.6;1.1;0.76
sainsburys-classis-cottage-pie-900g;Sainsbury's Classis Cottage Pie 900g;£3.80/unit;£4.22/kg;british-ready-meals;90;5.6;6.9;0.9;4.1;2.2;1.6;0.45
sainsburys-clear-honey--so-organic-340g;Sainsbury's Clear Honey, SO Organic 340g;£2.80/unit;£0.82/100g;honey;329;0.5;81.5;80.8;0.5;0.2;0.5;0.03
sainsburys-clementine-juice-1l;Sainsbury's Clementine Juice 1L;£1.40/unit;£0.14/100ml;chilled-fruit-juice;48;0.6;11.0;9.4;0.5;0.1;0.5;0.01
sainsburys-clements-lime-juice-1l;Sainsbury's St Clements & Lime Juice, Not From Concentrate 1L;£1.75/unit;£0.18/100ml;chilled-fruit-juice;35;0.5;7.9;7.3;0.5;0.1;0.5;0.01
sainsburys-closed-cup-chestnut-mushrooms-250g;Sainsbury's Closed Cup Chestnut Mushrooms 250g;£1.00/unit;£4.00/kg;mushrooms;13;1.8;0.4;0.2;0.5;0.1;1.1;
sainsburys-clotted-cream--taste-the-difference-227g;Sainsbury's Clotted Cream, Taste the Difference 227g;£1.95/unit;£0.86/100g;fresh-cream-custard;587;1.6;2.2;2.2;63.5;39.7;0;
sainsburys-clotted-cream-rice-pudding-2x125g;Sainsbury's Clotted Cream Rice Pudding 2x125g;£1.75/unit;£0.70/100g;desserts;246;3.4;23;9.8;16;10;0.5;0.13
sainsburys-cloudy-lemonade-2l;Sainsbury's Cloudy Lemonade 2L;£0.60/unit;£0.03/100ml;fruit-flavoured;57;0.5;13.7;13.7;0.5;0.1;0.5;0.01
sainsburys-cloudy-lemonade-2l;Sainsbury's Cloudy Lemonade 2L;£0.60/unit;£0.03/100ml;lemonade;57;0.5;13.7;13.7;0.5;0.1;0.5;0.01
sainsburys-cloudy-lemonade-no-added-sugar-2l;Sainsbury's Cloudy Lemonade No Added Sugar 2L;£0.60/unit;£0.03/100ml;diet-sugar-free-fizzy-drinks;2;0.5;0.5;0.5;0.5;0.1;0.5;0.01
sainsburys-cloudy-lemonade-no-added-sugar-2l;Sainsbury's Cloudy Lemonade No Added Sugar 2L;£0.60/unit;£0.03/100ml;fruit-flavoured;2;0.5;0.5;0.5;0.5;0.1;0.5;0.01
sainsburys-cloudy-lemonade-no-added-sugar-2l;Sainsbury's Cloudy Lemonade No Added Sugar 2L;£0.60/unit;£0.03/100ml;lemonade;2;0.5;0.5;0.5;0.5;0.1;0.5;0.01
sainsburys-cocktail-beetroot--taste-the-difference-200g;Sainsbury's Cocktail Beetroot, Taste the Difference 200g;£1.50/unit;£0.75/100g;baby-vegetables;75;1.0;15.9;14.7;0.5;0.1;2.3;0.08
sainsburys-cocktail-beetroot--taste-the-difference-200g;Sainsbury's Cocktail Beetroot, Taste the Difference 200g;£1.50/unit;£0.75/100g;dressings-coleslaw-accompaniments;75;1.0;15.9;14.7;0.5;0.1;2.3;0.08
sainsburys-cocktail-beetroot--taste-the-difference-200g;Sainsbury's Cocktail Beetroot, Taste the Difference 200g;£1.50/unit;£0.75/100g;peppers-salad-vegetables;75;1.0;15.9;14.7;0.5;0.1;2.3;0.08
sainsburys-cocktail-beetroot--taste-the-difference-200g;Sainsbury's Cocktail Beetroot, Taste the Difference 200g;£1.50/unit;£0.75/100g;spring-onions-radish-beetroot;75;1.0;15.9;14.7;0.5;0.1;2.3;0.08
sainsburys-cocktail-blinis-135g;Sainsbury's Cocktail Blinis x16 135g;£2.00/unit;£1.48/100g;canapes-snacking;268;5.9;38.0;6.2;9.8;1.2;2.3;1.40
sainsburys-cocktail-blinis-135g;Sainsbury's Cocktail Blinis x16 135g;£2.00/unit;£1.48/100g;cooked-fish-seafood;268;5.9;38.0;6.2;9.8;1.2;2.3;1.40
sainsburys-cocktail-blinis-135g;Sainsbury's Cocktail Blinis x16 135g;£2.00/unit;£1.48/100g;deli-meat-alternatives;268;5.9;38.0;6.2;9.8;1.2;2.3;1.40
sainsburys-cocktail-blinis-135g;Sainsbury's Cocktail Blinis x16 135g;£2.00/unit;£1.48/100g;olives-tapas-antipasti;268;5.9;38.0;6.2;9.8;1.2;2.3;1.40
sainsburys-cocktail-blinis-135g;Sainsbury's Cocktail Blinis x16 135g;£2.00/unit;£1.48/100g;prawns-shellfish;268;5.9;38.0;6.2;9.8;1.2;2.3;1.40
sainsburys-cocktail-sausage-snack-bag-x10-70g;Sainsbury's Pork Cocktail Sausages Mini x10 70g;£0.65/unit;£0.93/100g;lunchtime-snacks;297;13.2;14.1;1.2;20.6;7.0;1.4;1.13
sainsburys-cocktail-sausage-snack-bag-x10-70g;Sainsbury's Pork Cocktail Sausages Mini x10 70g;£0.65/unit;£0.93/100g;mfp-snacking-cooked-sausage;297;13.2;14.1;1.2;20.6;7.0;1.4;1.13
sainsburys-cocktail-sausage-snack-bag-x10-70g;Sainsbury's Pork Cocktail Sausages Mini x10 70g;£0.65/unit;£0.93/100g;sausage-rolls-savouries;297;13.2;14.1;1.2;20.6;7.0;1.4;1.13
sainsburys-cocktail-sausage-snack-bag-x10-70g;Sainsbury's Pork Cocktail Sausages Mini x10 70g;£0.65/unit;£0.93/100g;snacking-cooked-sausage;297;13.2;14.1;1.2;20.6;7.0;1.4;1.13
sainsburys-cocktail-sausages-x40;Sainsbury's Pork Cocktail Sausages x40 400g;£2.30/unit;£0.58/100g;mfp-snacking-cooked-sausage;1248301;10.9;11.5;1.0;23.1;7.9;1.6;1.08
sainsburys-cocktail-sausages-x40;Sainsbury's Pork Cocktail Sausages x40 400g;£2.30/unit;£0.58/100g;sausage-rolls-savouries;1248301;10.9;11.5;1.0;23.1;7.9;1.6;1.08
sainsburys-cocktail-sausages-x40;Sainsbury's Pork Cocktail Sausages x40 400g;£2.30/unit;£0.58/100g;snacking-cooked-sausage;1248301;10.9;11.5;1.0;23.1;7.9;1.6;1.08
sainsburys-cocoa-250g;Sainsbury's Cocoa 250g;£2.00/unit;£0.80/100g;hot-chocolate-milky-drinks;357;19.8;8.7;0.5;20.7;12.5;28.2;0.18
sainsburys-coconut---jam-loaf-cake-236g;Sainsbury's Coconut & Jam Loaf Cake 236g;£1.50/unit;£0.64/100g;sponge-slab-loaf-cakes;424;5.1;49.2;42.0;22.5;4.9;2.1;0.40
sainsburys-coconut-chicken-curry---noodles-450g;Sainsbury's Coconut Chicken Curry & Noodles 450g;£3.00/unit;£6.67/kg;meals-for-1-ready-meals;136;7.2;15.9;1.7;4.4;2.9;2.3;0.64
sainsburys-coconut-chicken-curry---noodles-450g;Sainsbury's Coconut Chicken Curry & Noodles 450g;£3.00/unit;£6.67/kg;oriental-ready-meals;136;7.2;15.9;1.7;4.4;2.9;2.3;0.64
sainsburys-coconut-macaroons-x6;Sainsbury's Coconut Macaroons x6;£1.00/unit;£0.17/ea;continental-cakes;424;4.5;58.0;54.0;18.0;15.5;6.0;0.13
sainsburys-coconut-pieces-100g;Sainsbury's Coconut Pieces 100g;£1.00/unit;£10.00/kg;mango-exotic-fruit-dates-nuts;394;3.3;15.2;6.2;33.5;29.7;9.0;0.05
sainsburys-coconut-pieces-100g;Sainsbury's Coconut Pieces 100g;£1.00/unit;£10.00/kg;prepared-fruit;394;3.3;15.2;6.2;33.5;29.7;9.0;0.05
sainsburys-cod---cheddar-topped-fillets-370g;Sainsbury's Cod & Cheddar Topped Fillets 370g;£3.50/unit;£9.46/kg;fishcakes-breaded-fish;195;15.4;14.6;1.0;8.1;0.6;1.0;0.57
sainsburys-cod---cheddar-topped-fillets-370g;Sainsbury's Cod & Cheddar Topped Fillets 370g;£3.50/unit;£9.46/kg;fuss-free-fish;195;15.4;14.6;1.0;8.1;0.6;1.0;0.57
sainsburys-cod-fillet-fish-fingers-x6-300g;Sainsbury's Cod Fillet Fish Fingers x6 300g;£2.50/unit;£8.33/kg;fishcakes-breaded-fish;218;14.6;19.0;1.3;9.1;0.7;1.1;0.67
sainsburys-cod-fillet-portion-400g;Sainsbury's Cod Fillet Portion 400g;£3.75/unit;£9.38/kg;frozen-fish-seafood;99;22.4;0.5;0.5;1.0;0.2;0.5;0.35
sainsburys-cod-fillets--boneless-260g;Sainsbury's Cod Fillets, Boneless 260g;£3.30/unit;£12.69/kg;filleted-whole-fish;0;0.5;0.5;0.5;0.5;0.1;0.5;0.01
sainsburys-cod-fillets--boneless-260g;Sainsbury's Cod Fillets, Boneless 260g;£3.30/unit;£12.69/kg;great-prices-on-meat---fish;0;0.5;0.5;0.5;0.5;0.1;0.5;0.01
sainsburys-cod-fish-fingers-x12-360g;Sainsbury's Cod Fish Fingers x12 360g;£2.00/unit;£5.56/kg;frozen-fish-seafood;188;13.0;15.9;0.9;7.9;0.9;0.8;0.78
sainsburys-cod-fish-fingers-x30-900g;Sainsbury's Cod Fish Fingers x30 900g;£4.00/unit;£4.44/kg;frozen-fish-seafood;188;13.0;15.9;0.9;7.9;0.9;0.8;0.78
sainsburys-cod-fishcakes--basics-x2-170g;Sainsbury's Cod Fishcakes, Basics x2 170g;£1.00/unit;£5.88/kg;fishcakes-breaded-fish;194;9.6;17.5;1.2;9.2;0.9;1.6;0.49
sainsburys-cod-fishcakes-x2-270g;Sainsbury's Cod Fishcakes x2 270g;£2.00/unit;£7.41/kg;breaded-coated-fish-seafood;191;11.0;19.0;1.7;7.5;0.8;1.7;0.64
sainsburys-cod-fishcakes-x2-270g;Sainsbury's Cod Fishcakes x2 270g;£2.00/unit;£7.41/kg;fishcakes-breaded-fish;191;11.0;19.0;1.7;7.5;0.8;1.7;0.64
sainsburys-cod-in-parsley-sauce-600g;Sainsbury's Cod In Parsley Sauce 600g;£4.00/unit;£6.67/kg;frozen-fish-seafood;108;11.3;2.2;0.9;6.0;3.8;0.2;0.70
sainsburys-cod-steaks-520g;Sainsbury's Cod Steaks 520g;£3.60/unit;£6.92/kg;frozen-fish-seafood;80;18.3;0.5;0.5;0.7;0.1;0.5;0.25
sainsburys-coffee-cake--taste-the-difference-%28-serves-6-%29;Sainsbury's Coffee Cake, Taste the Difference 410g;£2.65/unit;£0.65/100g;sponge-slab-loaf-cakes;422;4.3;51.3;32.9;21.9;7.6;1.5;0.40
sainsburys-coffee-iced-madeira-cake-340g;Sainsbury's Coffee Iced Madeira Cake 340g;£1.00/unit;£0.33/100g;sponge-slab-loaf-cakes;394;4.8;62;40;14;5.7;1.2;0.55
sainsburys-coffee-mousse--taste-the-difference-100g;Sainsbury's Mousse Columbian Coffee, Taste the Difference 100g;£1.00/unit;£1.00/100g;desserts;271;4.8;23.8;22.3;17.3;11.5;0.5;0.10
sainsburys-coffee-mousse--taste-the-difference-100g;Sainsbury's Mousse Columbian Coffee, Taste the Difference 100g;£1.00/unit;£1.00/100g;luxury-yogurts;271;4.8;23.8;22.3;17.3;11.5;0.5;0.10
sainsburys-coffee-mousse--taste-the-difference-100g;Sainsbury's Mousse Columbian Coffee, Taste the Difference 100g;£1.00/unit;£1.00/100g;rice-dessert-style-yogurts;271;4.8;23.8;22.3;17.3;11.5;0.5;0.10
sainsburys-coffee-whitener-500g;Sainsbury's Coffee Whitener 500g;£1.80/unit;£3.60/kg;whiteners;532;0.9;61.1;14.7;31.5;27.7;0.5;1.50
sainsburys-cola--regular-4x2l;Sainsbury's Cola 4x2L;£2.00/unit;£0.03/100ml;cola;30;0.5;7.5;7.4;0.5;0.1;0.5;0.01
sainsburys-cola--regular-4x2l;Sainsbury's Cola 4x2L;£2.00/unit;£0.03/100ml;fizzy-drinks-bigger-multipacks;30;0.5;7.5;7.4;0.5;0.1;0.5;0.01
sainsburys-cola-cans-8x330ml;Sainsbury's Cola 8x330ml;£2.00/unit;£0.08/100ml;cola;43;0;10.8;10.8;0;0;0;
sainsburys-cola-zero-2l;Sainsbury's Cola Zero 2L;£0.55/unit;£0.03/100ml;cola;1;0.5;0.5;0.5;0.5;0.1;0.5;0.02
sainsburys-cola-zero-2l;Sainsbury's Cola Zero 2L;£0.55/unit;£0.03/100ml;diet-sugar-free-fizzy-drinks;1;0.5;0.5;0.5;0.5;0.1;0.5;0.02
sainsburys-coleslaw--basics-500g;Sainsbury's Coleslaw, Basics 500g;£0.50/unit;£0.10/100g;coleslaw--olives--salads---dips-30658-44;110;1.0;3.7;3.3;9.8;0.7;1.6;0.53
sainsburys-coleslaw--basics-500g;Sainsbury's Coleslaw, Basics 500g;£0.50/unit;£0.10/100g;coleslaw-salads;110;1.0;3.7;3.3;9.8;0.7;1.6;0.53
sainsburys-coleslaw--basics-500g;Sainsbury's Coleslaw, Basics 500g;£0.50/unit;£0.10/100g;dressings-coleslaw-accompaniments;110;1.0;3.7;3.3;9.8;0.7;1.6;0.53
sainsburys-coleslaw--basics-500g;Sainsbury's Coleslaw, Basics 500g;£0.50/unit;£0.10/100g;prepared-salad-herbs;110;1.0;3.7;3.3;9.8;0.7;1.6;0.53
sainsburys-coleslaw--taste-the-difference-300g;Sainsbury's Coleslaw, Taste the Difference 300g;£1.00/unit;£0.33/100g;coleslaw--olives--salads---dips-30658-44;238;1.2;6.0;5.4;22.9;2.7;1.6;0.78
sainsburys-coleslaw--taste-the-difference-300g;Sainsbury's Coleslaw, Taste the Difference 300g;£1.00/unit;£0.33/100g;coleslaw-salads;238;1.2;6.0;5.4;22.9;2.7;1.6;0.78
sainsburys-coleslaw--taste-the-difference-300g;Sainsbury's Coleslaw, Taste the Difference 300g;£1.00/unit;£0.33/100g;dressings-coleslaw-accompaniments;238;1.2;6.0;5.4;22.9;2.7;1.6;0.78
sainsburys-coleslaw--taste-the-difference-300g;Sainsbury's Coleslaw, Taste the Difference 300g;£1.00/unit;£0.33/100g;prepared-salad-herbs;238;1.2;6.0;5.4;22.9;2.7;1.6;0.78
sainsburys-coleslaw--taste-the-difference-635g;Sainsbury's Coleslaw, Taste the Difference 635g;£2.00/unit;£0.31/100g;coleslaw--olives--salads---dips-30658-44;238;1.2;6.0;5.4;22.9;2.7;1.6;0.78
sainsburys-coleslaw--taste-the-difference-635g;Sainsbury's Coleslaw, Taste the Difference 635g;£2.00/unit;£0.31/100g;coleslaw-salads;238;1.2;6.0;5.4;22.9;2.7;1.6;0.78
sainsburys-coleslaw--taste-the-difference-635g;Sainsbury's Coleslaw, Taste the Difference 635g;£2.00/unit;£0.31/100g;dressings-coleslaw-accompaniments;238;1.2;6.0;5.4;22.9;2.7;1.6;0.78
sainsburys-coleslaw--taste-the-difference-635g;Sainsbury's Coleslaw, Taste the Difference 635g;£2.00/unit;£0.31/100g;prepared-salad-herbs;238;1.2;6.0;5.4;22.9;2.7;1.6;0.78
sainsburys-comice-pears-%28each%29;Sainsbury's Comice Pears Loose;£2.00/kg;£2.00/kg;apples-pears-rhubarb;40;0.5;10.0;10.0;0.5;0.1;2.2;0.5
sainsburys-condensed-milk-397g;Sainsbury's Condensed Milk 397g;£1.00/unit;£0.25/100g;dessert-milk-cream;325;6.9;56.4;56.4;8.0;5.4;0.0;0.23
sainsburys-conegliano-prosecco--taste-the-difference-375cl;Sainsbury's Conegliano Prosecco, Taste the Difference 37.5cl;£5.75/unit;£11.50/75cl;sparkling-wine;60;-1;-1;-1;-1;-1;-1;-1
sainsburys-conference-pears-%28each%29;Sainsbury's Conference Pears Loose;£2.00/kg;£2.00/kg;apples-pears-rhubarb;40;0.5;10;10;0.5;0.1;2.2;0.5
sainsburys-conference-pears--ripe---ready-x4-%28minimum%29;Sainsbury's Conference Pears, Ripe & Ready x4 (minimum);£2.00/unit;£2.00/ea;apples-pears-rhubarb;40;0.5;10;10;0.5;0.1;2.2;0.5
sainsburys-cooked---peeled-jumbo-king-prawns--taste-the-difference-225g;Sainsbury's Cooked & Peeled Jumbo King Prawns, Taste the Difference 225g;£5.50/unit;£24.44/kg;frozen-fish-seafood;80;17.9;0.1;0.1;0.8;0.4;-1;-1
sainsburys-cooked---peeled-prawns--basics-300g;Sainsbury's Cooked & Peeled Prawns, Basics 300g;£2.30/unit;£7.67/kg;frozen-fish-seafood;66;14.6;0.5;0.5;0.7;0.2;0.5;1.45
sainsburys-cooked-boneless-chicken-breasts-x4-480g;Sainsbury's British Roast Boneless Chicken Breasts x4 480g;£6.00/unit;£1.25/100g;cooked-chicken-turkey;17;2.8;0.5;0.5;0.6;0.2;0.5;0.05
sainsburys-cooked-boneless-chicken-breasts-x4-480g;Sainsbury's British Roast Boneless Chicken Breasts x4 480g;£6.00/unit;£1.25/100g;mfp-cooked-chicken-turkey;17;2.8;0.5;0.5;0.6;0.2;0.5;0.05
sainsburys-cooked-chicken--be-good-to-yourself-100g;Sainsbury's Cooked Chicken Slices, Be Good To Yourself 100g;£2.00/unit;£2.00/100g;cooked-chicken-turkey;106;22.6;0.5;0.5;1.7;0.5;0.5;1.23
sainsburys-cooked-chicken--be-good-to-yourself-100g;Sainsbury's Cooked Chicken Slices, Be Good To Yourself 100g;£2.00/unit;£2.00/100g;mfp-cooked-chicken-turkey;106;22.6;0.5;0.5;1.7;0.5;0.5;1.23
sainsburys-cooked-chicken-bbq-chunks-140g;Sainsbury's Cooked Chicken BBQ Chunks 140g;£3.00/unit;£2.14/100g;cooked-chicken-turkey;132;23.8;6.3;4.9;1.2;0.3;0.5;0.88
sainsburys-cooked-chicken-bbq-chunks-140g;Sainsbury's Cooked Chicken BBQ Chunks 140g;£3.00/unit;£2.14/100g;mfp-cooked-chicken-turkey;132;23.8;6.3;4.9;1.2;0.3;0.5;0.88
sainsburys-cooked-chicken-bbq-chunks-140g;Sainsbury's Cooked Chicken BBQ Chunks 140g;£3.00/unit;£2.14/100g;mfp-snacking-cooked-sausage;132;23.8;6.3;4.9;1.2;0.3;0.5;0.88
sainsburys-cooked-chicken-bbq-chunks-140g;Sainsbury's Cooked Chicken BBQ Chunks 140g;£3.00/unit;£2.14/100g;snacking-cooked-sausage;132;23.8;6.3;4.9;1.2;0.3;0.5;0.88
sainsburys-cooked-chicken-piri-piri-wings-450g;Sainsbury's Cooked Chicken Piri Piri Wings 450g;£3.30/unit;£0.73/100g;cooked-chicken-turkey;199;20.6;3.4;1.4;11.4;2.9;0.5;0.61
sainsburys-cooked-chicken-piri-piri-wings-450g;Sainsbury's Cooked Chicken Piri Piri Wings 450g;£3.30/unit;£0.73/100g;mfp-cooked-chicken-turkey;199;20.6;3.4;1.4;11.4;2.9;0.5;0.61
sainsburys-cooked-chicken-piri-piri-wings-450g;Sainsbury's Cooked Chicken Piri Piri Wings 450g;£3.30/unit;£0.73/100g;mfp-snacking-cooked-sausage;199;20.6;3.4;1.4;11.4;2.9;0.5;0.61
sainsburys-cooked-chicken-piri-piri-wings-450g;Sainsbury's Cooked Chicken Piri Piri Wings 450g;£3.30/unit;£0.73/100g;snacking-cooked-sausage;199;20.6;3.4;1.4;11.4;2.9;0.5;0.61
sainsburys-cooked-chicken-slices--bbq-160g;Sainsbury's Cooked Chicken Slices, BBQ 160g;£3.30/unit;£2.06/100g;cooked-chicken-turkey;131;25.5;3.8;3.1;1.6;0.4;0.5;0.63
sainsburys-cooked-chicken-slices--bbq-160g;Sainsbury's Cooked Chicken Slices, BBQ 160g;£3.30/unit;£2.06/100g;mfp-cooked-chicken-turkey;131;25.5;3.8;3.1;1.6;0.4;0.5;0.63
sainsburys-cooked-chicken-slices--chargrilled-160g;Sainsbury's Cooked Chicken Slices, Chargrilled 160g;£3.30/unit;£2.06/100g;cooked-chicken-turkey;113;23.9;0.5;0.5;1.6;0.5;0.8;0.53
sainsburys-cooked-chicken-slices--chargrilled-160g;Sainsbury's Cooked Chicken Slices, Chargrilled 160g;£3.30/unit;£2.06/100g;mfp-cooked-chicken-turkey;113;23.9;0.5;0.5;1.6;0.5;0.8;0.53
sainsburys-cooked-chicken-slices--chinese-160g;Sainsbury's Cooked Chicken Slices, Chinese 160g;£3.30/unit;£2.06/100g;cooked-chicken-turkey;128;23.8;5.0;4.5;1.4;0.3;0.5;0.71
sainsburys-cooked-chicken-slices--chinese-160g;Sainsbury's Cooked Chicken Slices, Chinese 160g;£3.30/unit;£2.06/100g;mfp-cooked-chicken-turkey;128;23.8;5.0;4.5;1.4;0.3;0.5;0.71
sainsburys-cooked-chicken-slices--garlic---herb-160g;Sainsbury's Cooked Chicken Slices, Garlic & Herb 160g;£3.30/unit;£2.06/100g;cooked-chicken-turkey;125;25.1;0.7;0.7;2.4;0.5;0.5;0.62
sainsburys-cooked-chicken-slices--garlic---herb-160g;Sainsbury's Cooked Chicken Slices, Garlic & Herb 160g;£3.30/unit;£2.06/100g;mfp-cooked-chicken-turkey;125;25.1;0.7;0.7;2.4;0.5;0.5;0.62
sainsburys-cooked-chicken-slices--garlic---herb-160g;Sainsbury's Cooked Chicken Slices, Garlic & Herb 160g;£3.30/unit;£2.06/100g;mfp-snacking-cooked-sausage;125;25.1;0.7;0.7;2.4;0.5;0.5;0.62
sainsburys-cooked-chicken-slices--garlic---herb-160g;Sainsbury's Cooked Chicken Slices, Garlic & Herb 160g;£3.30/unit;£2.06/100g;snacking-cooked-sausage;125;25.1;0.7;0.7;2.4;0.5;0.5;0.62
sainsburys-cooked-chicken-slices--piri-piri-160g;Sainsbury's Cooked Chicken Slices, Piri Piri 160g;£3.30/unit;£2.06/100g;cooked-chicken-turkey;125;25.3;2.0;1.4;1.7;0.5;0.5;0.62
sainsburys-cooked-chicken-slices--piri-piri-160g;Sainsbury's Cooked Chicken Slices, Piri Piri 160g;£3.30/unit;£2.06/100g;mfp-cooked-chicken-turkey;125;25.3;2.0;1.4;1.7;0.5;0.5;0.62
sainsburys-cooked-chicken-slices--piri-piri-160g;Sainsbury's Cooked Chicken Slices, Piri Piri 160g;£3.30/unit;£2.06/100g;mfp-snacking-cooked-sausage;125;25.3;2.0;1.4;1.7;0.5;0.5;0.62
sainsburys-cooked-chicken-slices--piri-piri-160g;Sainsbury's Cooked Chicken Slices, Piri Piri 160g;£3.30/unit;£2.06/100g;snacking-cooked-sausage;125;25.3;2.0;1.4;1.7;0.5;0.5;0.62
sainsburys-cooked-chicken-slices--sweet-chilli-160g;Sainsbury's Cooked Chicken Slices, Sweet Chilli 160g;£3.30/unit;£2.06/100g;cooked-chicken-turkey;127;22.8;5.3;3.9;1.6;0.4;0.5;0.63
sainsburys-cooked-chicken-slices--sweet-chilli-160g;Sainsbury's Cooked Chicken Slices, Sweet Chilli 160g;£3.30/unit;£2.06/100g;mfp-cooked-chicken-turkey;127;22.8;5.3;3.9;1.6;0.4;0.5;0.63
sainsburys-cooked-chicken-slices--tikka-160g;Sainsbury's Cooked Chicken Slices, Tikka 160g;£3.30/unit;£2.06/100g;cooked-chicken-turkey;137;27.9;0.7;0.5;2.5;0.6;0.5;0.57
sainsburys-cooked-chicken-slices--tikka-160g;Sainsbury's Cooked Chicken Slices, Tikka 160g;£3.30/unit;£2.06/100g;mfp-cooked-chicken-turkey;137;27.9;0.7;0.5;2.5;0.6;0.5;0.57
sainsburys-cooked-chicken-slices-125g;Sainsbury's British Cooked Chicken Slices 125g;£1.00/unit;£0.80/100g;cooked-chicken-turkey;104;21.0;2.4;0.9;1.2;0.3;0.5;1.50
sainsburys-cooked-chicken-slices-125g;Sainsbury's British Cooked Chicken Slices 125g;£1.00/unit;£0.80/100g;mfp-cooked-chicken-turkey;104;21.0;2.4;0.9;1.2;0.3;0.5;1.50
sainsburys-cooked-ham--be-good-to-yourself-100g;Sainsbury's Cooked Ham, Be Good To Yourself 100g;£2.00/unit;£2.00/100g;ham-82654-44;98;21.1;0.5;0.5;1.5;0.6;0.5;1.38
sainsburys-cooked-ham--be-good-to-yourself-100g;Sainsbury's Cooked Ham, Be Good To Yourself 100g;£2.00/unit;£2.00/100g;ham;98;21.1;0.5;0.5;1.5;0.6;0.5;1.38
sainsburys-cooked-ham--so-organic-100g;Sainsbury's Cooked Ham, SO Organic 100g;£3.30/unit;£3.30/100g;ham-82654-44;124;21.7;0.5;0.5;4.0;1.4;0.5;2.00
sainsburys-cooked-ham--so-organic-100g;Sainsbury's Cooked Ham, SO Organic 100g;£3.30/unit;£3.30/100g;ham;124;21.7;0.5;0.5;4.0;1.4;0.5;2.00
sainsburys-cooked-ham-240g;Sainsbury's Cooked Ham Slices x14 240g;£3.00/unit;£1.25/100g;ham-82654-44;118;22.3;0.9;0.9;2.8;1.0;0.5;1.63
sainsburys-cooked-ham-240g;Sainsbury's Cooked Ham Slices x14 240g;£3.00/unit;£1.25/100g;ham;118;22.3;0.9;0.9;2.8;1.0;0.5;1.63
sainsburys-cooked-ham-family-size-375g;Sainsbury's Cooked Carvery Ham Slices x12 375g;£4.00/unit;£1.07/100g;ham-82654-44;118;22.3;0.9;0.9;2.8;1.0;0.5;1.63
sainsburys-cooked-ham-family-size-375g;Sainsbury's Cooked Carvery Ham Slices x12 375g;£4.00/unit;£1.07/100g;ham;118;22.3;0.9;0.9;2.8;1.0;0.5;1.63
sainsburys-cooked-mussel-meat-200g;Sainsbury's Cooked Mussel Meat 200g;£2.00/unit;£1.00/100g;prawns-shellfish;104;14;4.3;0.5;3.2;0.6;0.5;1.3
sainsburys-cooked-roast-chicken-breast-fillet-125g;Sainsbury's British Roast Chicken Breast Fillet 125g;£3.00/unit;£2.40/100g;cooked-chicken-turkey;167;28.0;0.5;0.5;5.8;2.0;0.5;0.52
sainsburys-cooked-roast-chicken-breast-fillet-125g;Sainsbury's British Roast Chicken Breast Fillet 125g;£3.00/unit;£2.40/100g;mfp-cooked-chicken-turkey;167;28.0;0.5;0.5;5.8;2.0;0.5;0.52
sainsburys-cooked-roast-chicken-fillets-x2-240g;Sainsbury's Cooked Roast Chicken Fillets x2 240g;£4.00/unit;£1.67/100g;cooked-chicken-turkey;167;28.0;0.5;0.5;5.8;2.0;0.5;0.52
sainsburys-cooked-roast-chicken-fillets-x2-240g;Sainsbury's Cooked Roast Chicken Fillets x2 240g;£4.00/unit;£1.67/100g;mfp-cooked-chicken-turkey;167;28.0;0.5;0.5;5.8;2.0;0.5;0.52
sainsburys-cooked-roast-chicken-legs-x2-300g;Sainsbury's British Roast Chicken Legs x2 300g;£3.30/unit;£1.10/100g;cooked-chicken-turkey;202;23.5;0.5;0.5;11.8;3.3;0.5;0.66
sainsburys-cooked-roast-chicken-legs-x2-300g;Sainsbury's British Roast Chicken Legs x2 300g;£3.30/unit;£1.10/100g;mfp-cooked-chicken-turkey;202;23.5;0.5;0.5;11.8;3.3;0.5;0.66
sainsburys-cooked-roast-chicken-thighs-360g;Sainsbury's British Roast Chicken Thighs 360g;£2.50/unit;£0.69/100g;cooked-chicken-turkey;258;23.4;0.5;0.5;18.0;4.5;0.5;0.64
sainsburys-cooked-roast-chicken-thighs-360g;Sainsbury's British Roast Chicken Thighs 360g;£2.50/unit;£0.69/100g;mfp-cooked-chicken-turkey;258;23.4;0.5;0.5;18.0;4.5;0.5;0.64
sainsburys-cooked-scottish-crab-claws--taste-the-difference-380g;Sainsbury's Cooked Scottish Crab Claws, Taste the Difference 380g;£6.00/unit;£15.79/kg;frozen-fish-seafood;86;20.0;0.5;0.5;0.6;0.3;0.5;0.60
sainsburys-cookie-dough-500ml;Sainsbury's Cookie Dough Ice Cream 500ml;£2.50/unit;£0.50/100ml;ice-cream-tubs;214;3.4;31.1;19.9;8.4;5.4;0.6;0.17
sainsburys-cookie-dough-block-350g;Sainsbury's Cookie Dough Block 350g;£2.00/unit;£0.57/100g;cooking-baking;480;4.7;67.3;31.5;20.9;12.6;1.8;0.26
sainsburys-cooking-apples-%28each%29;Sainsbury's British Bramley Cooking Apples Loose;£1.50/kg;£1.50/kg;apples-pears-rhubarb;33;0.5;8.1;100;0.5;0.1;1.5;0.5
sainsburys-cooking-bacon--basics-1kg;Sainsbury's Cooking Bacon, Basics 1kg;£2.05/unit;£2.05/kg;frozen-pork;235;22.7;0.1;0.1;16.0;6.0;0;3.50
sainsburys-cooking-bacon--basics-670g;Sainsbury's Cooking Bacon, Basics 670g;£1.15/unit;£1.72/kg;bacon;308;27.9;0.5;0.5;21.8;9.0;0.5;5.40
sainsburys-cooks-ingredient-bbq-pulled-pork-110g;Sainsbury's Cooked BBQ Pulled Pork 110g;£2.00/unit;£1.82/100g;cooks-ingredients-85658-44;163;27.2;0.5;0.5;5.9;2.0;0.5;0.48
sainsburys-cooks-ingredient-bbq-pulled-pork-110g;Sainsbury's Cooked BBQ Pulled Pork 110g;£2.00/unit;£1.82/100g;cooks-ingredients;163;27.2;0.5;0.5;5.9;2.0;0.5;0.48
sainsburys-cooks-ingredients-ham-hock-100g;Sainsbury's Shedded British Ham Hock 110g;£2.00/unit;£1.82/100g;continental-meats;147;27.4;0.5;0.5;4.1;1.5;0.5;1.77
sainsburys-cooks-ingredients-ham-hock-100g;Sainsbury's Shedded British Ham Hock 110g;£2.00/unit;£1.82/100g;cooks-ingredients-85658-44;147;27.4;0.5;0.5;4.1;1.5;0.5;1.77
sainsburys-cooks-ingredients-ham-hock-100g;Sainsbury's Shedded British Ham Hock 110g;£2.00/unit;£1.82/100g;cooks-ingredients;147;27.4;0.5;0.5;4.1;1.5;0.5;1.77
sainsburys-cooks-ingredients-ham-hock-100g;Sainsbury's Shedded British Ham Hock 110g;£2.00/unit;£1.82/100g;ham;147;27.4;0.5;0.5;4.1;1.5;0.5;1.77
sainsburys-cooks-ingredients-ham-hock-100g;Sainsbury's Shedded British Ham Hock 110g;£2.00/unit;£1.82/100g;mfp-continental-meats;147;27.4;0.5;0.5;4.1;1.5;0.5;1.77
sainsburys-cooks-ingredients-smoked-bacon-100g;Sainsbury's British Smoked Bacon 100g;£2.00/unit;£2.00/100g;continental-meats;436;42.5;3.6;0.5;28.0;9.3;0.5;3.25
sainsburys-cooks-ingredients-smoked-bacon-100g;Sainsbury's British Smoked Bacon 100g;£2.00/unit;£2.00/100g;cooks-ingredients-85658-44;436;42.5;3.6;0.5;28.0;9.3;0.5;3.25
sainsburys-cooks-ingredients-smoked-bacon-100g;Sainsbury's British Smoked Bacon 100g;£2.00/unit;£2.00/100g;cooks-ingredients;436;42.5;3.6;0.5;28.0;9.3;0.5;3.25
sainsburys-cooks-ingredients-smoked-bacon-100g;Sainsbury's British Smoked Bacon 100g;£2.00/unit;£2.00/100g;mfp-continental-meats;436;42.5;3.6;0.5;28.0;9.3;0.5;3.25
sainsburys-coquina-squash--taste-the-difference;Sainsbury's Coquina Squash, Taste the Difference;£2.00/kg;£2.00/kg;courgette-aubergine-squash;75;0.7;13.6;3.7;1.6;1.0;1.8;0.13
sainsburys-coquina-squash--taste-the-difference;Sainsbury's Coquina Squash, Taste the Difference;£2.00/kg;£2.00/kg;fruit-vegetables-organic-taste-the-difference;75;0.7;13.6;3.7;1.6;1.0;1.8;0.13
sainsburys-coriander---mint-raita-%28cool---refreshing%29-150g;Sainsbury's Coriander & Mint Raita (cool & refreshing) 150g;£1.00/unit;£0.67/100g;indian-ready-meals;87;4.2;8.3;3.8;4.1;0.9;0.5;0.38
sainsburys-coriander---mint-raita-%28cool---refreshing%29-150g;Sainsbury's Coriander & Mint Raita (cool & refreshing) 150g;£1.00/unit;£0.67/100g;vegetarian-meat-free-ready-meals;87;4.2;8.3;3.8;4.1;0.9;0.5;0.38
sainsburys-coriander-paste-75g;Sainsbury's Coriander Paste 75g;£1.60/unit;£2.00/100g;asian-ingredients;125;1.7;11.0;7.0;7.9;0.7;1.5;0.62
sainsburys-coriander-paste-75g;Sainsbury's Coriander Paste 75g;£1.60/unit;£2.00/100g;indian-ingredients;125;1.7;11.0;7.0;7.9;0.7;1.5;0.62
sainsburys-corn-fed-chicken-breast-fillets-%28approx-450-750g%29;Sainsbury's Corn Fed Chicken Breast Fillets (approx. 450-750g);£14.10/kg;£14.10/kg;chicken;137;30.6;0.5;0.5;1.3;0.5;0.5;0.16
sainsburys-corn-fed-chicken-breast-fillets-%28approx-450-750g%29;Sainsbury's Corn Fed Chicken Breast Fillets (approx. 450-750g);£14.10/kg;£14.10/kg;great-prices-on-meat---fish;137;30.6;0.5;0.5;1.3;0.5;0.5;0.16
sainsburys-corn-fed-chicken-thigh---drumsticks-%28approx-500-900g%29;Sainsbury's Corn Fed Chicken Thigh & Drumsticks (approx. 500-900g);£5.80/kg;£5.80/kg;chicken;262;24.4;0.5;0.5;17.9;5.3;0.5;0.22
sainsburys-corn-fed-chicken-thigh---drumsticks-%28approx-500-900g%29;Sainsbury's Corn Fed Chicken Thigh & Drumsticks (approx. 500-900g);£5.80/kg;£5.80/kg;great-prices-on-meat---fish;262;24.4;0.5;0.5;17.9;5.3;0.5;0.22
sainsburys-corn-flakes-750g;Sainsbury's Corn Flakes 750g;£1.45/unit;£0.19/100g;bigger-packs;381;7.3;84.1;7.2;0.9;0.3;3.8;1.05
sainsburys-corned-beef-hash-crispbakes-x2-270g;Sainsbury's Corned Beef Hash Crispbakes x2 270g;£2.00/unit;£7.41/kg;breaded-coated-chicken-turkey-pork;246;10.9;20.2;3.2;13.1;2.7;2.0;0.78
sainsburys-cornish-clotted-cream-scones--taste-the-difference-x4;Sainsbury's Cornish Clotted Cream Scones, Taste the Difference x4;£1.50/unit;£0.38/ea;cakes-scones-fruited-buns;326;9.1;49.8;12.0;9.7;5.7;1.6;1.50
sainsburys-cornish-clotted-cream-scones--taste-the-difference-x4;Sainsbury's Cornish Clotted Cream Scones, Taste the Difference x4;£1.50/unit;£0.38/ea;scones-fruited-buns;326;9.1;49.8;12.0;9.7;5.7;1.6;1.50
sainsburys-cornish-dairy-ice-cream-2l;Sainsbury's Cornish Dairy Ice Cream 2L;£3.00/unit;£0.15/100ml;ice-cream-tubs;170;3.3;21.8;18.9;7.6;4.8;0.8;0.18
sainsburys-cornish-pasties-x4-600g;Sainsbury's Cornish Pasties x4 600g;£2.00/unit;£0.33/100g;slices-pasties;277;7.2;22.7;2.2;16.9;8.0;2.7;0.58
sainsburys-cornish-pasty-150g;Sainsbury's Cornish Pasty 150g;£0.75/unit;£0.50/100g;lunchtime-snacks;277;7.2;22.7;2.2;16.9;8.0;2.7;0.58
sainsburys-cornish-pasty-150g;Sainsbury's Cornish Pasty 150g;£0.75/unit;£0.50/100g;slices-pasties;277;7.2;22.7;2.2;16.9;8.0;2.7;0.58
sainsburys-coronation-chicken-deli-filler--be-good-to-yourself-230g;Sainsbury's Coronation Chicken Deli Filler, Be Good To Yourself 230g;£1.65/unit;£0.72/100g;sandwich-fillers2;149;11.4;10.4;9.6;6.7;1.1;0.9;0.87
sainsburys-coronation-chicken-deli-filler--be-good-to-yourself-230g;Sainsbury's Coronation Chicken Deli Filler, Be Good To Yourself 230g;£1.65/unit;£0.72/100g;sandwich-fillers;149;11.4;10.4;9.6;6.7;1.1;0.9;0.87
sainsburys-coronation-chicken-deli-filler-230g;Sainsbury's Coronation Chicken Deli Filler 230g;£1.65/unit;£0.72/100g;sandwich-fillers2;208;11.6;10.0;9.4;13.3;1.6;1.1;0.63
sainsburys-coronation-chicken-deli-filler-230g;Sainsbury's Coronation Chicken Deli Filler 230g;£1.65/unit;£0.72/100g;sandwich-fillers;208;11.6;10.0;9.4;13.3;1.6;1.1;0.63
sainsburys-coronation-chicken-deli-filler-400g;Sainsbury's Coronation Chicken Deli Filler 400g;£2.00/unit;£0.50/100g;sandwich-fillers2;208;11.6;10.0;9.4;13.3;1.6;1.1;0.63
sainsburys-coronation-chicken-deli-filler-400g;Sainsbury's Coronation Chicken Deli Filler 400g;£2.00/unit;£0.50/100g;sandwich-fillers;208;11.6;10.0;9.4;13.3;1.6;1.1;0.63
sainsburys-coronation-coleslaw-280g;Sainsbury's Coronation Coleslaw 280g;£1.00/unit;£0.36/100g;coleslaw--olives--salads---dips-30658-44;193;1.0;11.4;9.8;15.5;1.3;1.9;0.68
sainsburys-coronation-coleslaw-280g;Sainsbury's Coronation Coleslaw 280g;£1.00/unit;£0.36/100g;coleslaw-salads;193;1.0;11.4;9.8;15.5;1.3;1.9;0.68
sainsburys-coronation-coleslaw-280g;Sainsbury's Coronation Coleslaw 280g;£1.00/unit;£0.36/100g;dressings-coleslaw-accompaniments;193;1.0;11.4;9.8;15.5;1.3;1.9;0.68
sainsburys-coronation-coleslaw-280g;Sainsbury's Coronation Coleslaw 280g;£1.00/unit;£0.36/100g;prepared-salad-herbs;193;1.0;11.4;9.8;15.5;1.3;1.9;0.68
sainsburys-cos-lettuce--mini-red-x2;Sainsbury's Cos Lettuce, Mini Red x2;£1.00/unit;£1.00/ea;lettuce;14;1.2;1.3;1.3;0.5;0.1;1.3;0.02
sainsburys-cos-lettuce;Sainsbury's Cos Lettuce;£1.00/unit;£1.00/ea;lettuce;14;1.2;1.3;1.3;0.5;0.1;1.3;0.02
sainsburys-cosmopolitan-salad-170g;Sainsbury's Cosmopolitan Salad 170g;£2.00/unit;£1.18/100g;fresh-salad-prepared-ready-to-eat;21;1.8;1.4;0.9;0.5;0.1;1.9;0.20
sainsburys-cosmopolitan-salad-170g;Sainsbury's Cosmopolitan Salad 170g;£2.00/unit;£1.18/100g;prepared-salad-herbs;21;1.8;1.4;0.9;0.5;0.1;1.9;0.20
sainsburys-cosmopolitan-salad-80g;Sainsbury's Cosmopolitan Salad 80g;£1.00/unit;£1.25/100g;fresh-salad-prepared-ready-to-eat;21;1.8;1.4;0.9;0.5;0.1;1.9;0.20
sainsburys-cosmopolitan-salad-80g;Sainsbury's Cosmopolitan Salad 80g;£1.00/unit;£1.25/100g;prepared-salad-herbs;21;1.8;1.4;0.9;0.5;0.1;1.9;0.20
sainsburys-cottage-cheese-300g;Sainsbury's Natural Cottage Cheese 300g;£1.40/unit;£4.67/kg;cottage-cheese---healthier-choice;107;11.3;3.8;3.8;5.0;3.3;0.8;0.35
sainsburys-cottage-cheese-300g;Sainsbury's Natural Cottage Cheese 300g;£1.40/unit;£4.67/kg;healthier-choice-special-diet-cheese;107;11.3;3.8;3.8;5.0;3.3;0.8;0.35
sainsburys-cottage-cheese-chive--be-good-to-yourself-300g;Sainsbury's Cottage Cheese Onion & Chive, Be Good To Yourself 300g;£1.40/unit;£4.67/kg;cottage-cheese---healthier-choice;73;11.1;4.1;4.1;1.2;0.7;0.8;0.55
sainsburys-cottage-cheese-chive--be-good-to-yourself-300g;Sainsbury's Cottage Cheese Onion & Chive, Be Good To Yourself 300g;£1.40/unit;£4.67/kg;healthier-choice-special-diet-cheese;73;11.1;4.1;4.1;1.2;0.7;0.8;0.55
sainsburys-cottage-cheese-natural--be-good-to-yourself-300g;Sainsbury's Cottage Cheese Natural, Be Good To Yourself 300g;£1.40/unit;£4.67/kg;cottage-cheese---healthier-choice;72;11.2;3.9;3.9;1.2;0.7;0.6;0.43
sainsburys-cottage-cheese-natural--be-good-to-yourself-300g;Sainsbury's Cottage Cheese Natural, Be Good To Yourself 300g;£1.40/unit;£4.67/kg;healthier-choice-special-diet-cheese;72;11.2;3.9;3.9;1.2;0.7;0.6;0.43
sainsburys-cottage-cheese-pineapple--be-good-to-yourself-300g;Sainsbury's Cottage Cheese Pineapple, Be Good To Yourself 300g;£1.40/unit;£4.67/kg;cottage-cheese---healthier-choice;86;8.1;10.7;10.7;1.1;0.6;0.5;0.48
sainsburys-cottage-cheese-pineapple--be-good-to-yourself-300g;Sainsbury's Cottage Cheese Pineapple, Be Good To Yourself 300g;£1.40/unit;£4.67/kg;healthier-choice-special-diet-cheese;86;8.1;10.7;10.7;1.1;0.6;0.5;0.48
sainsburys-cottage-pie--basics-300g;Sainsbury's Cottage Pie, Basics 300g;£0.80/unit;£2.67/kg;british-ready-meals;79;4.4;7.9;1.1;3.0;1.6;1.5;0.45
sainsburys-cottage-pie--basics-300g;Sainsbury's Cottage Pie, Basics 300g;£0.80/unit;£2.67/kg;meals-for-1-ready-meals;79;4.4;7.9;1.1;3.0;1.6;1.5;0.45
sainsburys-cottage-pie--basics-400g;Sainsbury's Cottage Pie, Basics 400g;£1.00/unit;£2.50/kg;frozen-ready-meals;98;5.3;10.0;0.5;3.9;1.5;0.8;0.65
sainsburys-cottage-pie--be-good-to-yourself-450g;Sainsbury's Cottage Pie, Be Good To Yourself 450g;£2.40/unit;£5.33/kg;british-ready-meals;89;5.1;10.9;1.7;2.4;1.2;1.7;0.40
sainsburys-cottage-pie--be-good-to-yourself-450g;Sainsbury's Cottage Pie, Be Good To Yourself 450g;£2.40/unit;£5.33/kg;healthier-choice-ready-meals;89;5.1;10.9;1.7;2.4;1.2;1.7;0.40
sainsburys-cottage-pie--be-good-to-yourself-450g;Sainsbury's Cottage Pie, Be Good To Yourself 450g;£2.40/unit;£5.33/kg;meals-for-1-ready-meals;89;5.1;10.9;1.7;2.4;1.2;1.7;0.40
sainsburys-cottage-pie--taste-the-difference-400g-6288331-p-44;Sainsbury's Cottage Pie, Taste the Difference 400g;£3.30/unit;£8.25/kg;british-ready-meals;150;9.2;11.6;1.0;6.9;4.1;2.4;0.63
sainsburys-cottage-pie--taste-the-difference-400g-6288331-p-44;Sainsbury's Cottage Pie, Taste the Difference 400g;£3.30/unit;£8.25/kg;meals-for-1-ready-meals;150;9.2;11.6;1.0;6.9;4.1;2.4;0.63
sainsburys-cottage-pie--taste-the-difference-400g-6288331-p-44;Sainsbury's Cottage Pie, Taste the Difference 400g;£3.30/unit;£8.25/kg;taste-the-difference-bistro-ready-meals;150;9.2;11.6;1.0;6.9;4.1;2.4;0.63
sainsburys-cottage-pie--taste-the-difference-800g-7333025-p-44;Sainsbury's Cottage Pie, Taste the Difference 800g;£5.40/unit;£6.75/kg;british-ready-meals;150;9.2;11.6;1.0;6.9;4.1;2.4;0.63
sainsburys-cottage-pie--taste-the-difference-800g-7333025-p-44;Sainsbury's Cottage Pie, Taste the Difference 800g;£5.40/unit;£6.75/kg;taste-the-difference-bistro-ready-meals;150;9.2;11.6;1.0;6.9;4.1;2.4;0.63
sainsburys-country-slices-x6;Sainsbury's Country Slices x6;£1.10/unit;£0.18/ea;slices-pies-tarts;396;3.6;56.2;39.5;17.0;1.4;1.9;0.45
sainsburys-courgettes--basics-1kg;Sainsbury's Courgettes, Basics 1kg;£1.80/unit;£1.80/kg;courgette-aubergine-squash;22;2.0;2.0;1.9;0.5;0.1;1.2;0.01
sainsburys-courgettes-500g;Sainsbury's Courgettes 500g;£1.50/unit;£3.00/kg;courgette-aubergine-squash;22;2.0;2.0;1.9;0.5;0.1;1.2;0.01
sainsburys-cr%C3%A8me-caramel-4x100g;Sainsbury's Crème Caramel 4x100g;£0.75/unit;£0.19/100g;rice-dessert-style-yogurts;110;2.2;22;21;1.6;1.0;0.5;0.20
sainsburys-cr%C3%A8me-fra%C3%AEche-aoc--taste-the-difference-250g;Sainsbury's Crème Fraîche AOC, Taste the Difference 250ml;£1.20/unit;£0.48/100ml;fresh-cream-custard;381;2.4;2.9;2.9;40.0;25.0;0.5;0.08
sainsburys-cr%C3%A8me-fraiche--be-good-to-yourself-300ml;Sainsbury's Crème Fraîche, Be Good To Yourself 300ml;£0.85/unit;£0.28/100ml;fresh-cream-custard;80;5.8;8.7;5.7;2.4;1.5;0.5;0.20
sainsburys-crab-cakes--taste-the-difference-2-300g;Sainsbury's Crab Cakes, Taste the Difference x2 300g;£3.00/unit;£10.00/kg;breaded-coated-fish-seafood;288;11.2;22.1;2.2;16.9;1.2;1.5;1.14
sainsburys-crab-cakes--taste-the-difference-2-300g;Sainsbury's Crab Cakes, Taste the Difference x2 300g;£3.00/unit;£10.00/kg;fishcakes-breaded-fish;288;11.2;22.1;2.2;16.9;1.2;1.5;1.14
sainsburys-cranberries---macadamias-100g;Sainsbury's Cranberries & Macadamias 100g;£2.20/unit;£2.20/100g;snacking-fruit-nuts;478;2.8;51.7;43.8;27.4;4.3;6.7;0.01
sainsburys-cranberry---lime--no-added-sugar-4x330ml;Sainsbury's Cranberry & Lime, No Added Sugar 4x330ml;£2.90/unit;£0.23/100ml;adult-soft-drinks;16;0.5;3.3;3.3;0.5;0.1;0.5;0.01
sainsburys-cranberry---raisin-hot-cross-buns--taste-the-difference-x-4;Sainsbury's Cranberry & Raisin Hot Cross Buns, Taste the Difference x4;£1.70/unit;£0.43/ea;easter-treats;1222290;7.3;52.2;25.9;4.9;1.2;3.7;0.68
sainsburys-cranberry---raisin-hot-cross-buns--taste-the-difference-x-4;Sainsbury's Cranberry & Raisin Hot Cross Buns, Taste the Difference x4;£1.70/unit;£0.43/ea;scones-fruited-buns;1222290;7.3;52.2;25.9;4.9;1.2;3.7;0.68
sainsburys-cranberry---raspberry-juice-drink--no-added-sugar-1l;Sainsbury's Cranberry & Raspberry Juice Drink, No Added Sugar 1L;£1.00/unit;£0.10/100ml;mixers-12333-44;3;0.5;0.5;0.5;0.5;0.1;0.5;0.01
sainsburys-cranberry---raspberry-juice-drink--no-added-sugar-1l;Sainsbury's Cranberry & Raspberry Juice Drink, No Added Sugar 1L;£1.00/unit;£0.10/100ml;mixers;3;0.5;0.5;0.5;0.5;0.1;0.5;0.01
sainsburys-cranberry---raspberry-juice-drink-1l;Sainsbury's Cranberry & Raspberry Juice Drink 1L;£1.00/unit;£0.10/100ml;chilled-fruit-juice;39;0.5;9.6;7.5;0.5;0.1;0.5;0.01
sainsburys-cranberry-juice-drink-1l-1291599-p-44;Sainsbury's Cranberry Juice Drink 1L;£1.00/unit;£0.10/100ml;chilled-fruit-juice;49;0.5;12.2;9.4;0.5;0.1;0.5;0.10
sainsburys-cranberry-juice-drink-1l;Sainsbury's Cranberry Juice Drink 1L;£1.00/unit;£0.10/100ml;mixers-12333-44;49;0.5;11.9;11.9;0.5;0.1;0.5;0.01
sainsburys-cranberry-juice-drink-1l;Sainsbury's Cranberry Juice Drink 1L;£1.00/unit;£0.10/100ml;mixers;49;0.5;11.9;11.9;0.5;0.1;0.5;0.01
sainsburys-cream-horns-2x50g;Sainsbury's Cream Horns 2x50g;£1.20/unit;£1.20/100g;desserts;410;4.8;46.3;18.1;22.6;13.3;1.1;0.55
sainsburys-cream-of-tomato-soup-600g;Sainsbury's Cream Of Tomato Soup 600g;£1.40/unit;£0.23/100g;fresh-soups;52;1.4;6.2;4.8;2.2;0.9;0.8;0.40
sainsburys-creamed-green-cabbage-300g;Sainsbury's Creamed Green Cabbage 300g;£2.00/unit;£6.67/kg;british-ready-meals;60;1.8;1.4;1.2;4.4;2.7;3.7;0.58
sainsburys-creamed-green-cabbage-300g;Sainsbury's Creamed Green Cabbage 300g;£2.00/unit;£6.67/kg;coleslaw--olives--salads---dips-30658-44;60;1.8;1.4;1.2;4.4;2.7;3.7;0.58
sainsburys-creamed-green-cabbage-300g;Sainsbury's Creamed Green Cabbage 300g;£2.00/unit;£6.67/kg;potato-vegetable-side-dishes;60;1.8;1.4;1.2;4.4;2.7;3.7;0.58
sainsburys-creamed-green-cabbage-300g;Sainsbury's Creamed Green Cabbage 300g;£2.00/unit;£6.67/kg;prepared-vegetables;60;1.8;1.4;1.2;4.4;2.7;3.7;0.58
sainsburys-creamed-green-cabbage-300g;Sainsbury's Creamed Green Cabbage 300g;£2.00/unit;£6.67/kg;vegetarian-meat-free-ready-meals;60;1.8;1.4;1.2;4.4;2.7;3.7;0.58
sainsburys-creamed-rice-213g;Sainsbury's Creamed Rice 213g;£0.40/unit;£0.19/100g;rice-sponge-pudding;96;3.1;16.9;10.3;1.7;1.2;0.1;0.10
sainsburys-creamy-chive-dressing-180ml;Sainsbury's Creamy Chive Dressing 180ml;£1.20/unit;£0.67/100ml;dressings-coleslaw-accompaniments;578;1.5;2.6;1.8;62.2;6.0;0.5;1.08
sainsburys-creamy-lemon-souffl%C3%A9s-taste-the-difference-x2-220g;Sainsbury's Creamy Lemon Soufflés Taste the Difference x2 220g;£3.00/unit;£1.36/100g;desserts;330;1.5;20.1;18.7;26.9;15.5;0.5;0.06
sainsburys-creamy-vegetable-soup-600g;Sainsbury's Creamy Vegetable Soup 600g;£1.40/unit;£0.23/100g;fresh-soups;36;0.9;4.8;2.1;1.3;0.6;0.9;0.43
sainsburys-creme-brulee-kit-100g;Sainsbury's Creme Brulee Kit 95g;£1.20/unit;£1.26/100g;dessert-mixes;277;2.5;20.9;14.5;20.2;12.0;0.5;0.10
sainsburys-creme-caramel--basics-4x100g;Sainsbury's Creme Caramel, Basics 4x100g;£0.55/unit;£0.14/100g;rice-dessert-style-yogurts;103;2.4;21;20;0.9;0.6;0.5;0.10
sainsburys-crinkle-cut-beetroot-sweet-vinegar-340g;Sainsbury's Crinkle Cut Beetroot in Sweet Vinegar 340g (200g*);£0.75/unit;£0.38/100g;beetroot;57;1.1;11.4;11.0;0.5;0.1;1.3;0.35
sainsburys-crinkle-cut-beetroot-sweet-vinegar-340g;Sainsbury's Crinkle Cut Beetroot in Sweet Vinegar 340g (200g*);£0.75/unit;£0.38/100g;pickled-food;57;1.1;11.4;11.0;0.5;0.1;1.3;0.35
sainsburys-crinkle-cut-chips-18kg;Sainsbury's Crinkle Cut Chips 1.8kg;£1.80/unit;£1.00/kg;chips-potatoes;180;3.0;30.0;0.9;4.4;0.5;4.4;0.10
sainsburys-crinkle-cut-chips-900g;Sainsbury's Crinkle Cut Chips 900g;£1.00/unit;£1.11/kg;chips-potatoes;180;3.0;30.0;0.9;4.4;0.5;4.4;0.10
sainsburys-crinkle-cut-gherkins-in-sweet-vinegar-340g;Sainsbury's Crinkle Cut Gherkins in Sweet Vinegar 340g (180g*);£0.90/unit;£0.50/100g;pickled-food;40;0.5;9.2;9.1;0.5;0.1;0.5;1.48
sainsburys-crispy-beef-with-sweet-chilli-sauce-250g;Sainsbury's Crispy Chilli Beef 250g;£3.30/unit;£13.20/kg;meals-for-1-ready-meals;333;18.9;30.7;0.9;14.6;1.6;1.5;1.58
sainsburys-crispy-beef-with-sweet-chilli-sauce-250g;Sainsbury's Crispy Chilli Beef 250g;£3.30/unit;£13.20/kg;oriental-ready-meals;333;18.9;30.7;0.9;14.6;1.6;1.5;1.58
sainsburys-crispy-chicken-nuggets-470g;Sainsbury's Crispy Chicken Nuggets 470g;£3.50/unit;£7.45/kg;breaded-coated-chicken-turkey-pork;236;13.9;18.0;0.9;11.7;1.0;1.7;1.07
sainsburys-crispy-chicken-nuggets-470g;Sainsbury's Crispy Chicken Nuggets 470g;£3.50/unit;£7.45/kg;chicken;236;13.9;18.0;0.9;11.7;1.0;1.7;1.07
sainsburys-crispy-chicken-with-lemon-sauce-340g;Sainsbury's Crispy Chicken With Lemon Sauce 340g;£3.30/unit;£9.71/kg;meals-for-1-ready-meals;0;0.0;0.0;0.0;0.0;0.0;0.0;0.00
sainsburys-crispy-chicken-with-lemon-sauce-340g;Sainsbury's Crispy Chicken With Lemon Sauce 340g;£3.30/unit;£9.71/kg;oriental-ready-meals;0;0.0;0.0;0.0;0.0;0.0;0.0;0.00
sainsburys-crispy-chicken-with-sweet-chilli-sauce-340g;Sainsbury's Crispy Chicken With Sweet Chilli Sauce 340g;£3.30/unit;£9.71/kg;meals-for-1-ready-meals;0;0.0;0.0;0.0;0.0;0.0;0.0;0.00
sainsburys-crispy-chicken-with-sweet-chilli-sauce-340g;Sainsbury's Crispy Chicken With Sweet Chilli Sauce 340g;£3.30/unit;£9.71/kg;oriental-ready-meals;0;0.0;0.0;0.0;0.0;0.0;0.0;0.00
sainsburys-crispy-chilli-king-prawns-300g;Sainsbury's Crispy Chilli King Prawns 300g;£3.30/unit;£11.00/kg;meals-for-1-ready-meals;211;6.6;25.7;15.0;8.6;0.9;2.0;1.08
sainsburys-crispy-chilli-king-prawns-300g;Sainsbury's Crispy Chilli King Prawns 300g;£3.30/unit;£11.00/kg;oriental-ready-meals;211;6.6;25.7;15.0;8.6;0.9;2.0;1.08
sainsburys-crispy-coated-mushrooms-with-garlic-mayonnaise-dip-310g;Sainsbury's Crispy Coated Mushrooms With Garlic Mayonnaise Dip 310g;£3.50/unit;£11.29/kg;coleslaw--olives--salads---dips-30658-44;0;0.0;0.0;0.0;0.0;0.0;0.0;0.00
sainsburys-crispy-coated-mushrooms-with-garlic-mayonnaise-dip-310g;Sainsbury's Crispy Coated Mushrooms With Garlic Mayonnaise Dip 310g;£3.50/unit;£11.29/kg;mexican-caribbean-american-ready-meals;0;0.0;0.0;0.0;0.0;0.0;0.0;0.00
sainsburys-crispy-coated-mushrooms-with-garlic-mayonnaise-dip-310g;Sainsbury's Crispy Coated Mushrooms With Garlic Mayonnaise Dip 310g;£3.50/unit;£11.29/kg;party-food-128152-44;0;0.0;0.0;0.0;0.0;0.0;0.0;0.00
sainsburys-crispy-coated-mushrooms-with-garlic-mayonnaise-dip-310g;Sainsbury's Crispy Coated Mushrooms With Garlic Mayonnaise Dip 310g;£3.50/unit;£11.29/kg;potato-vegetable-side-dishes;0;0.0;0.0;0.0;0.0;0.0;0.0;0.00
sainsburys-crispy-coated-mushrooms-with-garlic-mayonnaise-dip-310g;Sainsbury's Crispy Coated Mushrooms With Garlic Mayonnaise Dip 310g;£3.50/unit;£11.29/kg;vegetarian-meat-free-ready-meals;0;0.0;0.0;0.0;0.0;0.0;0.0;0.00
sainsburys-crispy-garlic-mushroom---dip-310g;Sainsbury's Crispy Garlic Mushroom & Dip 310g;£3.00/unit;£9.68/kg;mexican-caribbean-american-ready-meals;0;0.5;0.5;0.5;0.5;0.1;0.5;0.01
sainsburys-crispy-garlic-mushroom---dip-310g;Sainsbury's Crispy Garlic Mushroom & Dip 310g;£3.00/unit;£9.68/kg;potato-vegetable-side-dishes;0;0.5;0.5;0.5;0.5;0.1;0.5;0.01
sainsburys-crispy-garlic-mushrooms-300g;Sainsbury's Crispy Garlic Mushrooms 300g;£1.00/unit;£3.33/kg;frozen-vegetables;167;4.5;20.2;1.2;7.4;0.8;0.6;0.85
sainsburys-crispy-leaf-salad-135g;Sainsbury's Crispy Leaf Salad 135g;£1.00/unit;£0.74/100g;fresh-salad-prepared-ready-to-eat;17;0.9;1.7;1.7;0.4;0.1;1.7;0.00
sainsburys-crispy-leaf-salad-135g;Sainsbury's Crispy Leaf Salad 135g;£1.00/unit;£0.74/100g;prepared-salad-herbs;17;0.9;1.7;1.7;0.4;0.1;1.7;0.00
sainsburys-crispy-leaf-salad-220g;Sainsbury's Crispy Leaf Salad 220g;£1.50/unit;£0.68/100g;fresh-salad-prepared-ready-to-eat;14;0.9;1.7;1.5;0.5;0.1;1.5;0.06
sainsburys-crispy-leaf-salad-220g;Sainsbury's Crispy Leaf Salad 220g;£1.50/unit;£0.68/100g;prepared-salad-herbs;14;0.9;1.7;1.5;0.5;0.1;1.5;0.06
sainsburys-crispy-nuggets-with-bbq-dip-x10-300g;Sainsbury's Crispy Chicken Nuggets With BBQ Dip x10 320g;£3.00/unit;£10.00/kg;mexican-caribbean-american-ready-meals;236;13.9;18.0;0.9;11.7;1.0;1.7;1.07
sainsburys-crispy-nuggets-with-bbq-dip-x10-300g;Sainsbury's Crispy Chicken Nuggets With BBQ Dip x10 320g;£3.00/unit;£10.00/kg;party-food-128152-44;236;13.9;18.0;0.9;11.7;1.0;1.7;1.07
sainsburys-crispy-onion-salad-sprinkle-20g;Sainsbury's Crispy Onion Salad Sprinkle 20g;£0.50/unit;£2.50/100g;dressings-coleslaw-accompaniments;522;9.1;41.9;18.0;33.6;12.9;8.0;1.00
sainsburys-crispy-pork-with-sweet---sour-sauce-350g;Sainsbury's Crispy Pork With Sweet & Sour Sauce 350g;£3.30/unit;£9.43/kg;meals-for-1-ready-meals;133;0.5;30.8;30.2;0.7;0.3;0.5;0.32
sainsburys-crispy-pork-with-sweet---sour-sauce-350g;Sainsbury's Crispy Pork With Sweet & Sour Sauce 350g;£3.30/unit;£9.43/kg;oriental-ready-meals;133;0.5;30.8;30.2;0.7;0.3;0.5;0.32
sainsburys-crispy-potato-slices-400g;Sainsbury's Crispy Potato Slices 400g;£2.00/unit;£5.00/kg;british-ready-meals;190;2.6;21.8;1.1;9.7;0.7;2.4;0.38
sainsburys-crispy-potato-slices-400g;Sainsbury's Crispy Potato Slices 400g;£2.00/unit;£5.00/kg;coleslaw--olives--salads---dips-30658-44;190;2.6;21.8;1.1;9.7;0.7;2.4;0.38
sainsburys-crispy-potato-slices-400g;Sainsbury's Crispy Potato Slices 400g;£2.00/unit;£5.00/kg;potato-vegetable-side-dishes;190;2.6;21.8;1.1;9.7;0.7;2.4;0.38
sainsburys-crispy-potato-slices-400g;Sainsbury's Crispy Potato Slices 400g;£2.00/unit;£5.00/kg;prepared-vegetables;190;2.6;21.8;1.1;9.7;0.7;2.4;0.38
sainsburys-crispy-potato-slices-400g;Sainsbury's Crispy Potato Slices 400g;£2.00/unit;£5.00/kg;vegetarian-meat-free-ready-meals;190;2.6;21.8;1.1;9.7;0.7;2.4;0.38
sainsburys-crispy-seaweed-70g;Sainsbury's Crispy Seaweed 70g;£1.40/unit;£20.00/kg;oriental-ready-meals;607;5.6;5.0;4.5;60.3;3.4;11.1;0.70
sainsburys-crispy-seaweed-70g;Sainsbury's Crispy Seaweed 70g;£1.40/unit;£20.00/kg;potato-vegetable-side-dishes;607;5.6;5.0;4.5;60.3;3.4;11.1;0.70
sainsburys-crispy-sweet---sour-chicken-with-rice-400g;Sainsbury's Crispy Sweet & Sour Chicken With Rice 400g;£3.30/unit;£8.25/kg;meals-for-1-ready-meals;182;7.4;28.3;10.3;3.9;0.4;1.9;0.57
sainsburys-crispy-sweet---sour-chicken-with-rice-400g;Sainsbury's Crispy Sweet & Sour Chicken With Rice 400g;£3.30/unit;£8.25/kg;oriental-ready-meals;182;7.4;28.3;10.3;3.9;0.4;1.9;0.57
sainsburys-croissants-x4--taste-the-difference;Sainsbury's Croissants x4, Taste the Difference;£1.80/unit;£0.45/ea;croissants-brioche-pastries;438;7.7;41.9;5.6;26.1;17.5;2.3;0.97
sainsburys-croissants-x8;Sainsbury's Croissants x8;£1.85/unit;£0.23/ea;croissants-brioche-pastries;420;8.1;42.9;5.9;23.4;15.9;2.6;0.75
sainsburys-crudo-antipasti-selection-120g;Sainsbury's Italian Antipasto Selection 120g;£2.70/unit;£2.25/100g;continental-meats;295;28.0;0.5;0.5;20.2;7.0;0.5;5.73
sainsburys-crudo-antipasti-selection-120g;Sainsbury's Italian Antipasto Selection 120g;£2.70/unit;£2.25/100g;mfp-continental-meats;295;28.0;0.5;0.5;20.2;7.0;0.5;5.73
sainsburys-crudo-antipasti-selection-120g;Sainsbury's Italian Antipasto Selection 120g;£2.70/unit;£2.25/100g;olives-tapas-antipasti;295;28.0;0.5;0.5;20.2;7.0;0.5;5.73
sainsburys-crumpets--taste-the-difference-x6;Sainsbury's Crumpets, Taste the Difference x6;£0.85/unit;£0.14/ea;crumpets-breakfast-muffins-pancakes;178;6.3;34.9;1.8;0.9;0.2;2.4;1.02
sainsburys-crumpets-x8;Sainsbury's Crumpets x8;£0.65/unit;£0.08/ea;crumpets-breakfast-muffins-pancakes;212;6.6;42.6;3.9;1.1;0.2;2.5;1.12
sainsburys-crunchy-salad--basics-200g;Sainsbury's Crunchy Salad, Basics 200g;£0.75/unit;£0.38/100g;fresh-salad-prepared-ready-to-eat;25;1.3;3.4;0.5;0.5;0.1;2.2;0.18
sainsburys-crunchy-salad--basics-200g;Sainsbury's Crunchy Salad, Basics 200g;£0.75/unit;£0.38/100g;prepared-salad-herbs;25;1.3;3.4;0.5;0.5;0.1;2.2;0.18
sainsburys-crushed-pineapple--in-natural-juice-432g;Sainsbury's Crushed Pineapple, in Natural Juice 425g;£0.65/unit;£1.53/kg;dessert-fruit;55;0.5;14;11;0.5;0.1;0.5;0.02
sainsburys-crustles-tom-bas--mozarlla-quiche150g;Sainsbury's Crustless Tomato Basil & Mozzarella Quiche150g;£1.20/unit;£0.80/100g;lunchtime-snacks;236;8.8;14.9;2.1;15.4;7.8;1.4;0.73
sainsburys-crustles-tom-bas--mozarlla-quiche150g;Sainsbury's Crustless Tomato Basil & Mozzarella Quiche150g;£1.20/unit;£0.80/100g;quiche;236;8.8;14.9;2.1;15.4;7.8;1.4;0.73
sainsburys-crustless-quiche-lorraine-150g;Sainsbury's Crustless Quiche Lorraine 150g;£1.20/unit;£0.80/100g;lunchtime-snacks;246;10.5;14.2;2.2;16.1;7.5;0.9;0.64
sainsburys-crustless-quiche-lorraine-150g;Sainsbury's Crustless Quiche Lorraine 150g;£1.20/unit;£0.80/100g;quiche;246;10.5;14.2;2.2;16.1;7.5;0.9;0.64
sainsburys-crustless-quiche-lorraine-340g;Sainsbury's Crustless Quiche Lorraine 340g;£2.40/unit;£0.71/100g;lunchtime-snacks;259;12.1;18.1;1.4;15.1;8.1;0.9;0.62
sainsburys-crustless-quiche-lorraine-340g;Sainsbury's Crustless Quiche Lorraine 340g;£2.40/unit;£0.71/100g;quiche;259;12.1;18.1;1.4;15.1;8.1;0.9;0.62
sainsburys-crustless-tomato---mozzella-quiche-340g;Sainsbury's Crustless Tomato & Mozzella Quiche 340g;£2.40/unit;£0.71/100g;deli-meat-alternatives;243;7.7;18.4;2.5;15.1;7.1;1.2;0.44
sainsburys-crustless-tomato---mozzella-quiche-340g;Sainsbury's Crustless Tomato & Mozzella Quiche 340g;£2.40/unit;£0.71/100g;lunchtime-snacks;243;7.7;18.4;2.5;15.1;7.1;1.2;0.44
sainsburys-crustless-tomato---mozzella-quiche-340g;Sainsbury's Crustless Tomato & Mozzella Quiche 340g;£2.40/unit;£0.71/100g;quiche;243;7.7;18.4;2.5;15.1;7.1;1.2;0.44
sainsburys-crusty-bake-snack-pork-pie-x4-260g;Sainsbury's Crusty Bake Snack Pork Pie x4 260g;£1.90/unit;£0.73/100g;hot-cold-pies;1531367;10.1;27.2;1.3;23.9;9.4;1.6;1.08
sainsburys-crusty-bake-snack-pork-pie-x4-260g;Sainsbury's Crusty Bake Snack Pork Pie x4 260g;£1.90/unit;£0.73/100g;sausage-rolls-savouries;1531367;10.1;27.2;1.3;23.9;9.4;1.6;1.08
sainsburys-crusty-bake-snack-pork-pies-x2-130g;Sainsbury's Crusty Bake Snack Pork Pies x2 130g;£1.00/unit;£0.77/100g;hot-cold-pies;1531367;10.1;27.2;1.3;23.9;9.4;1.6;1.08
sainsburys-crusty-bake-snack-pork-pies-x2-130g;Sainsbury's Crusty Bake Snack Pork Pies x2 130g;£1.00/unit;£0.77/100g;lunchtime-snacks;1531367;10.1;27.2;1.3;23.9;9.4;1.6;1.08
sainsburys-crusty-bake-snack-pork-pies-x2-130g;Sainsbury's Crusty Bake Snack Pork Pies x2 130g;£1.00/unit;£0.77/100g;sausage-rolls-savouries;1531367;10.1;27.2;1.3;23.9;9.4;1.6;1.08
sainsburys-cucumber-portion;Sainsbury's Cucumber Portion;£0.35/unit;£0.35/ea;cucumber-celery;11;0.7;1.4;1.3;0.5;0.1;0.6;0.01
sainsburys-cucumber-portion;Sainsbury's Cucumber Portion;£0.35/unit;£0.35/ea;peppers-salad-vegetables;11;0.7;1.4;1.3;0.5;0.1;0.6;0.01
sainsburys-cumberland-pork-sausages--taste-the-difference-x6-400g;Sainsbury's Cumberland Pork Sausages, Taste the Difference x6 400g;£2.80/unit;£7.00/kg;burgers-bbq;266;17.1;3.8;0.5;20.1;7.1;0.7;1.48
sainsburys-cumberland-pork-sausages--taste-the-difference-x6-400g;Sainsbury's Cumberland Pork Sausages, Taste the Difference x6 400g;£2.80/unit;£7.00/kg;organic-taste-the-difference;266;17.1;3.8;0.5;20.1;7.1;0.7;1.48
sainsburys-cumberland-pork-sausages--taste-the-difference-x6-400g;Sainsbury's Cumberland Pork Sausages, Taste the Difference x6 400g;£2.80/unit;£7.00/kg;sausages;266;17.1;3.8;0.5;20.1;7.1;0.7;1.48
sainsburys-cumberland-sausages-x8-454g;Sainsbury's Cumberland Pork Sausages x8 454g;£1.10/unit;£2.42/kg;great-prices-on-meat---fish;259;13.3;10.8;2.0;17.7;6.4;1.4;1.48
sainsburys-cumberland-sausages-x8-454g;Sainsbury's Cumberland Pork Sausages x8 454g;£1.10/unit;£2.42/kg;sausages;259;13.3;10.8;2.0;17.7;6.4;1.4;1.48
sainsburys-curly-fries-750g;Sainsbury's Curly Fries 750g;£1.50/unit;£2.00/kg;chips-potatoes;229;3.4;29;0.9;11;1.2;3.1;0.49
sainsburys-curly-leaf-parsley-large-pot;Sainsbury's Fresh Living Curly Leaf Parsley Large Pot;£2.00/unit;£2.00/ea;chillies-herbs-ingredients;51;3.0;6.3;-1;0.8;-1;-1;-1
sainsburys-curly-leaf-parsley-large-pot;Sainsbury's Fresh Living Curly Leaf Parsley Large Pot;£2.00/unit;£2.00/ea;fresh-pot-herbs;51;3.0;6.3;-1;0.8;-1;-1;-1
sainsburys-curly-leaf-parsley-large-pot;Sainsbury's Fresh Living Curly Leaf Parsley Large Pot;£2.00/unit;£2.00/ea;mediterranean-ingredients;51;3.0;6.3;-1;0.8;-1;-1;-1
sainsburys-custard--be-good-to-yourself-500g;Sainsbury's Custard, Be Good To Yourself 500g;£1.50/unit;£0.30/100g;desserts;64;3.0;9.6;3.5;1.5;1.0;0.5;0.09
sainsburys-custard--be-good-to-yourself-500g;Sainsbury's Custard, Be Good To Yourself 500g;£1.50/unit;£0.30/100g;fresh-cream-custard;64;3.0;9.6;3.5;1.5;1.0;0.5;0.09
sainsburys-custard-500g;Sainsbury's Custard 500g;£1.50/unit;£0.30/100g;desserts;119;2.6;14.4;10.0;5.7;3.8;0.5;0.07
sainsburys-custard-500g;Sainsbury's Custard 500g;£1.50/unit;£0.30/100g;fresh-cream-custard;119;2.6;14.4;10.0;5.7;3.8;0.5;0.07
sainsburys-custard-doughnuts-x2;Sainsbury's Custard Doughnuts x2;£1.20/unit;£0.60/ea;desserts;268;5.2;34.9;12.4;11.6;4.4;1.7;0.68
sainsburys-dandelion---burdock-diet-x6-330ml;Sainsbury's Dandelion & Burdock Diet x6 330ml;£1.50/unit;£0.08/100ml;diet-sugar-free-fizzy-drinks;2;0.5;0.5;0.5;0.5;0.1;0.5;0.01
sainsburys-dandelion---burdock-diet-x6-330ml;Sainsbury's Dandelion & Burdock Diet x6 330ml;£1.50/unit;£0.08/100ml;traditional;2;0.5;0.5;0.5;0.5;0.1;0.5;0.01
sainsburys-danish-apple-trellis-x2;Sainsbury's Danish Apple Trellis x2;£1.20/unit;£0.60/ea;cakes-from-our-bakery-12374-44;358;6.4;41.1;9.0;18.2;7.1;2.0;0.48
sainsburys-danish-apple-trellis-x2;Sainsbury's Danish Apple Trellis x2;£1.20/unit;£0.60/ea;croissants-brioche-pastries;358;6.4;41.1;9.0;18.2;7.1;2.0;0.48
sainsburys-danish-cinnamon-whirl-x2;Sainsbury's Danish Cinnamon Whirl x2;£1.20/unit;£0.60/ea;cakes-from-our-bakery-12374-44;463;5.1;45.5;13.4;28.6;11.7;1.7;0.48
sainsburys-danish-cinnamon-whirl-x2;Sainsbury's Danish Cinnamon Whirl x2;£1.20/unit;£0.60/ea;croissants-brioche-pastries;463;5.1;45.5;13.4;28.6;11.7;1.7;0.48
sainsburys-danish-maple-pecan-twists-x2;Sainsbury's Danish Maple Pecan Twists x2;£1.20/unit;£0.60/ea;cakes-from-our-bakery-12374-44;499;5.3;39.4;12.8;35.2;12.7;1.7;0.43
sainsburys-danish-maple-pecan-twists-x2;Sainsbury's Danish Maple Pecan Twists x2;£1.20/unit;£0.60/ea;croissants-brioche-pastries;499;5.3;39.4;12.8;35.2;12.7;1.7;0.43
sainsburys-danish-raisin-whirls-x2;Sainsbury's Danish Raisin Whirls x2;£1.20/unit;£0.60/ea;cakes-from-our-bakery-12374-44;423;5.0;48.9;20.8;22.5;9.6;2.2;0.33
sainsburys-danish-raisin-whirls-x2;Sainsbury's Danish Raisin Whirls x2;£1.20/unit;£0.60/ea;croissants-brioche-pastries;423;5.0;48.9;20.8;22.5;9.6;2.2;0.33
sainsburys-dark-choc-ices-x8-560ml;Sainsbury's Choc Ices, Dark x8 560ml;£1.00/unit;£0.18/100ml;lollies-bars-cones;354;2.9;30.8;26.0;24.1;20.6;1.2;0.14
sainsburys-dark-indulgence-stick-x4-480ml;Sainsbury's Indulgence Ice Cream, Dark Chocolate 4x120ml;£2.00/unit;£0.42/100ml;lollies-bars-cones;322;3.2;28.4;26.3;21.3;13.4;1.8;0.12
sainsburys-dark-rum--superior-35cl;Sainsbury's Superior Dark Rum 35cl;£6.50/unit;£18.57/ltr;rum;207;-1;0.5;-1;-1;-1;-1;0.01
sainsburys-dark-rum--superior-70cl;Sainsbury's Superior Dark Rum 70cl;£11.50/unit;£16.43/ltr;rum;207;-1;0.5;-1;-1;-1;-1;0.01
sainsburys-dark-sweet-cherries-480g;Sainsbury's Dark Sweet Cherries 480g;£2.20/unit;£0.46/100g;desserts-fruit;52;0.9;11.5;11.5;0.5;0.1;0.9;0.01
sainsburys-dark-sweet-cherries-480g;Sainsbury's Dark Sweet Cherries 480g;£2.20/unit;£0.46/100g;frozen-fruit;52;0.9;11.5;11.5;0.5;0.1;0.9;0.01
sainsburys-dates--ready-to-eat-250g;Sainsbury's Dates 250g;£2.00/unit;£0.80/100g;dessert-fruit;295;3.3;68.0;68.0;0.5;0.1;4.0;0.03
sainsburys-dates--ready-to-eat-250g;Sainsbury's Dates 250g;£2.00/unit;£0.80/100g;snacking-fruit-nuts;295;3.3;68.0;68.0;0.5;0.1;4.0;0.03
sainsburys-decorate-your-own-cake-%28-serves-8-%29;Sainsbury's Decorate Your Own Cake (Serves 8);£4.00/unit;£7.72/kg;celebration-cakes;418;3.1;65;53;16;7.6;1.7;0.32
sainsburys-decorate-your-own-gingerbread-x5-tub;Sainsbury's 'Decorate Your Own' Gingerbread x5;£1.60/unit;£0.32/ea;cakes-from-our-bakery-12374-44;436;5.0;74.1;51.3;12.7;5.9;2.8;0.47
sainsburys-deep---loaded-cheese-feast-10-pizza-485g;Sainsbury's Deep & Loaded Cheese Feast 10'' Pizza 475g;£2.20/unit;£4.63/kg;pizza;259;12.3;31.9;2.2;8.5;4.1;2.7;1.17
sainsburys-deep---loaded-cheese-feast-10-pizza-485g;Sainsbury's Deep & Loaded Cheese Feast 10'' Pizza 475g;£2.20/unit;£4.63/kg;vegetarian-meat-free-pizza-pasta;259;12.3;31.9;2.2;8.5;4.1;2.7;1.17
sainsburys-deep---loaded-chilli-beef-10-pizza-488g;Sainsbury's Deep & Loaded Chilli Beef 10'' Pizza 482g;£2.20/unit;£4.56/kg;pizza;238;10.7;31.6;1.7;6.9;2.7;3.4;0.98
sainsburys-deep---loaded-ham---pineapple-10-pizza-515g;Sainsbury's Deep & Loaded Ham & Pineapple 10'' Pizza 500g;£2.20/unit;£4.40/kg;pizza;234;10.5;29.4;2.6;7.6;3.0;3.1;1.10
sainsburys-deep---loaded-pepperoni-10-pizza-460g;Sainsbury's Deep & Loaded Pepperoni 10'' Pizza 454g;£2.20/unit;£4.85/kg;pizza;268;11.7;33.7;2.3;9.0;3.6;2.9;1.13
sainsburys-deep-dish-cheese-pizza-x2-279g;Sainsbury's Deep Dish Cheese Pizza x2 279g;£1.60/unit;£5.73/kg;frozen-pizza-garlic-bread;280;9.7;38.5;4.4;9.2;4.4;2.4;1.25
sainsburys-deep-dish-pepperoni-pizza-x2-289g;Sainsbury's Deep Dish Pepperoni Pizza x2 289g;£1.60/unit;£5.54/kg;frozen-pizza-garlic-bread;315;10.8;35.6;3.6;13.9;5.9;2.1;1.55
sainsburys-deep-filled-mince-pies-x6;Sainsbury's Deep Filled Mince Pies x6;£1.30/unit;£0.22/ea;slices-pies-tarts;389;4.0;56.8;26.7;15.8;6.7;1.8;0.28
sainsburys-deep-filled-pork-sausage-rolls--taste-the-difference-x2-230g;Sainsbury's Pork Sausage Rolls Deep Filled, Taste the Difference x2 230g;£2.00/unit;£0.87/100g;lunchtime-snacks;1594384;10.6;20.2;1.0;28.4;12.1;2.4;0.88
sainsburys-deep-filled-pork-sausage-rolls--taste-the-difference-x2-230g;Sainsbury's Pork Sausage Rolls Deep Filled, Taste the Difference x2 230g;£2.00/unit;£0.87/100g;sausage-rolls-savouries;1594384;10.6;20.2;1.0;28.4;12.1;2.4;0.88
sainsburys-deep-filled-pork-sausage-rolls--taste-the-difference-x2-230g;Sainsbury's Pork Sausage Rolls Deep Filled, Taste the Difference x2 230g;£2.00/unit;£0.87/100g;slices-pasties;1594384;10.6;20.2;1.0;28.4;12.1;2.4;0.88
sainsburys-deep-pan-bbq-chicken-pizza-405g;Sainsbury's Deep Pan BBQ Chicken Pizza 405g;£1.60/unit;£3.95/kg;frozen-pizza-garlic-bread;221;9.8;32.9;4.2;5.2;2.2;1.6;0.70
sainsburys-deep-pan-margherita-pizza-404g;Sainsbury's Deep Pan Margherita Pizza 404g;£1.60/unit;£3.96/kg;frozen-pizza-garlic-bread;254;11.9;31.8;3.5;8.2;4.4;2.9;0.88
sainsburys-deep-pan-meat-feast-pizza-390g;Sainsbury's Deep Pan Meat Feast Pizza 390g;£1.60/unit;£4.10/kg;frozen-pizza-garlic-bread;258;8.9;33.7;5.5;9.4;4.4;1.7;1.10
sainsburys-deep-pan-pepperoni-pizza-390g;Sainsbury's Deep Pan Pepperoni Pizza 390g;£1.60/unit;£4.10/kg;frozen-pizza-garlic-bread;273;11.6;32.1;3.7;10.3;4.3;2.9;1.15
sainsburys-deglet-nour-dates-227g;Sainsbury's Deglet Nour Dates 227g;£1.50/unit;£6.61/kg;mango-exotic-fruit-dates-nuts;266;1.9;63.9;59.1;0.3;0.2;7.1;
sainsburys-deglet-nour-dates-227g;Sainsbury's Deglet Nour Dates 227g;£1.50/unit;£6.61/kg;new-in-season;266;1.9;63.9;59.1;0.3;0.2;7.1;
sainsburys-deli-filler-egg-mayonnaise-sandwich-400g;Sainsbury's Egg Mayo Deli Filler 400g;£2.00/unit;£0.50/100g;deli-meat-alternatives;180;10.3;3.9;1.0;13.7;1.3;0.5;1.08
sainsburys-deli-filler-egg-mayonnaise-sandwich-400g;Sainsbury's Egg Mayo Deli Filler 400g;£2.00/unit;£0.50/100g;sandwich-fillers2;180;10.3;3.9;1.0;13.7;1.3;0.5;1.08
sainsburys-deli-filler-egg-mayonnaise-sandwich-400g;Sainsbury's Egg Mayo Deli Filler 400g;£2.00/unit;£0.50/100g;sandwich-fillers;180;10.3;3.9;1.0;13.7;1.3;0.5;1.08
sainsburys-deli-filler-tuna---sweetcorn-sandwich-filler-400g;Sainsbury's Tuna & Sweetcorn Deli Filler 400g;£2.00/unit;£0.50/100g;sandwich-fillers2;188;10.2;5.0;2.7;13.9;1.1;1.0;0.81
sainsburys-deli-filler-tuna---sweetcorn-sandwich-filler-400g;Sainsbury's Tuna & Sweetcorn Deli Filler 400g;£2.00/unit;£0.50/100g;sandwich-fillers;188;10.2;5.0;2.7;13.9;1.1;1.0;0.81
sainsburys-deli-style-coleslaw---potato-salad--twinpack-500g;Sainsbury's Deli-Style Coleslaw & Potato Salad, Twinpack 500g;£1.40/unit;£0.28/100g;coleslaw--olives--salads---dips-30658-44;181;0.8;5.4;4.5;17.0;1.9;1.5;0.75
sainsburys-deli-style-coleslaw---potato-salad--twinpack-500g;Sainsbury's Deli-Style Coleslaw & Potato Salad, Twinpack 500g;£1.40/unit;£0.28/100g;coleslaw-salads;181;0.8;5.4;4.5;17.0;1.9;1.5;0.75
sainsburys-deli-style-coleslaw---potato-salad--twinpack-500g;Sainsbury's Deli-Style Coleslaw & Potato Salad, Twinpack 500g;£1.40/unit;£0.28/100g;dressings-coleslaw-accompaniments;181;0.8;5.4;4.5;17.0;1.9;1.5;0.75
sainsburys-deli-style-coleslaw---potato-salad--twinpack-500g;Sainsbury's Deli-Style Coleslaw & Potato Salad, Twinpack 500g;£1.40/unit;£0.28/100g;prepared-salad-herbs;181;0.8;5.4;4.5;17.0;1.9;1.5;0.75
sainsburys-deli-style-coleslaw--be-good-to-yourself-300g;Sainsbury's Deli-Style Coleslaw, Be Good To Yourself 300g;£0.70/unit;£0.23/100g;coleslaw--olives--salads---dips-30658-44;103;1.1;5.0;4.3;8.4;0.7;1.7;0.58
sainsburys-deli-style-coleslaw--be-good-to-yourself-300g;Sainsbury's Deli-Style Coleslaw, Be Good To Yourself 300g;£0.70/unit;£0.23/100g;coleslaw-salads;103;1.1;5.0;4.3;8.4;0.7;1.7;0.58
sainsburys-deli-style-coleslaw--be-good-to-yourself-300g;Sainsbury's Deli-Style Coleslaw, Be Good To Yourself 300g;£0.70/unit;£0.23/100g;dressings-coleslaw-accompaniments;103;1.1;5.0;4.3;8.4;0.7;1.7;0.58
sainsburys-deli-style-coleslaw--be-good-to-yourself-300g;Sainsbury's Deli-Style Coleslaw, Be Good To Yourself 300g;£0.70/unit;£0.23/100g;prepared-salad-herbs;103;1.1;5.0;4.3;8.4;0.7;1.7;0.58
sainsburys-deli-style-coleslaw--be-good-to-yourself-600g;Sainsbury's Deli-Style Coleslaw, Be Good To Yourself 600g;£1.10/unit;£0.18/100g;coleslaw--olives--salads---dips-30658-44;103;1.1;5.0;4.3;8.4;0.7;1.7;0.58
sainsburys-deli-style-coleslaw--be-good-to-yourself-600g;Sainsbury's Deli-Style Coleslaw, Be Good To Yourself 600g;£1.10/unit;£0.18/100g;coleslaw-salads;103;1.1;5.0;4.3;8.4;0.7;1.7;0.58
sainsburys-deli-style-coleslaw--be-good-to-yourself-600g;Sainsbury's Deli-Style Coleslaw, Be Good To Yourself 600g;£1.10/unit;£0.18/100g;dressings-coleslaw-accompaniments;103;1.1;5.0;4.3;8.4;0.7;1.7;0.58
sainsburys-deli-style-coleslaw--be-good-to-yourself-600g;Sainsbury's Deli-Style Coleslaw, Be Good To Yourself 600g;£1.10/unit;£0.18/100g;prepared-salad-herbs;103;1.1;5.0;4.3;8.4;0.7;1.7;0.58
sainsburys-deli-style-coleslaw-180g;Sainsbury's Deli-Style Coleslaw 180g;£0.50/unit;£0.28/100g;coleslaw--olives--salads---dips-30658-44;181;0.8;5.4;4.5;17.0;1.9;1.5;0.75
sainsburys-deli-style-coleslaw-180g;Sainsbury's Deli-Style Coleslaw 180g;£0.50/unit;£0.28/100g;coleslaw-salads;181;0.8;5.4;4.5;17.0;1.9;1.5;0.75
sainsburys-deli-style-coleslaw-180g;Sainsbury's Deli-Style Coleslaw 180g;£0.50/unit;£0.28/100g;dressings-coleslaw-accompaniments;181;0.8;5.4;4.5;17.0;1.9;1.5;0.75
sainsburys-deli-style-coleslaw-180g;Sainsbury's Deli-Style Coleslaw 180g;£0.50/unit;£0.28/100g;prepared-salad-herbs;181;0.8;5.4;4.5;17.0;1.9;1.5;0.75
sainsburys-deli-style-coleslaw-300g;Sainsbury's Deli-Style Coleslaw 300g;£0.70/unit;£0.23/100g;coleslaw--olives--salads---dips-30658-44;181;0.8;5.4;4.5;17.0;1.9;1.5;0.75
sainsburys-deli-style-coleslaw-300g;Sainsbury's Deli-Style Coleslaw 300g;£0.70/unit;£0.23/100g;coleslaw-salads;181;0.8;5.4;4.5;17.0;1.9;1.5;0.75
sainsburys-deli-style-coleslaw-300g;Sainsbury's Deli-Style Coleslaw 300g;£0.70/unit;£0.23/100g;dressings-coleslaw-accompaniments;181;0.8;5.4;4.5;17.0;1.9;1.5;0.75
sainsburys-deli-style-coleslaw-300g;Sainsbury's Deli-Style Coleslaw 300g;£0.70/unit;£0.23/100g;prepared-salad-herbs;181;0.8;5.4;4.5;17.0;1.9;1.5;0.75
sainsburys-deli-style-coleslaw-600g;Sainsbury's Deli-Style Coleslaw 600g;£1.10/unit;£0.18/100g;coleslaw-salads;181;0.8;5.4;4.5;17.0;1.9;1.5;0.75
sainsburys-deli-style-coleslaw-600g;Sainsbury's Deli-Style Coleslaw 600g;£1.10/unit;£0.18/100g;dressings-coleslaw-accompaniments;181;0.8;5.4;4.5;17.0;1.9;1.5;0.75
sainsburys-deli-style-coleslaw-600g;Sainsbury's Deli-Style Coleslaw 600g;£1.10/unit;£0.18/100g;prepared-salad-herbs;181;0.8;5.4;4.5;17.0;1.9;1.5;0.75
sainsburys-desiree-25kg;Sainsbury's Desiree Potatoes 2.5kg;£2.00/unit;£0.80/kg;potatoes;81;1.8;17.5;0.8;0.5;0.1;1.6;100;0.01
sainsburys-dessert-pastry-block-500g;Sainsbury's Dessert Pastry Block 500g;£1.00/unit;£0.20/100g;cooking-baking;498;5.3;55.6;15.2;28.0;11.1;1.2;0.44
sainsburys-dessert-pear-bag-x6-%28minimum%29;Sainsbury's Dessert Pear Bag x6 (minimum);£1.00/unit;£0.17/ea;apples-pears-rhubarb;40;0.5;10;10;0.5;0.1;2.2;0.5
sainsburys-dewlays-dairy-lancashire-250g;Sainsbury's Dewlay's Dairy Lancashire 250g;£2.00/unit;£8.00/kg;cheddar-british-regional-cheese;371;22.8;0.5;0.5;31.0;19.4;0.5;1.48
sainsburys-dhudi;Sainsbury's Dhudi (each);£1.30/unit;£1.30/ea;courgette-aubergine-squash;22;0.5;3.5;3.3;0.5;0.1;1.8;0.08
sainsburys-dhudi;Sainsbury's Dhudi (each);£1.30/unit;£1.30/ea;fresh-vegetables-world-exotic;22;0.5;3.5;3.3;0.5;0.1;1.8;0.08
sainsburys-dhudi;Sainsbury's Dhudi (each);£1.30/unit;£1.30/ea;indian-ingredients;22;0.5;3.5;3.3;0.5;0.1;1.8;0.08
sainsburys-diane-sauce-150g;Sainsbury's Diane Sauce 150g;£1.00/unit;£0.67/100g;stock---gravy;123;3.2;4.3;0.8;10.2;6.5;0.5;0.75
sainsburys-diced-beef--basics-450g;Sainsbury's Diced Beef, Basics 450g;£3.20/unit;£7.11/kg;beef;236;36.5;1.2;0.5;9.5;4.1;0.5;0.25
sainsburys-diced-beef--so-organic-450g;Sainsbury's Diced Beef, SO Organic 450g;£4.50/unit;£10.00/kg;beef;196;31.6;1.8;0.5;6.9;2.9;0.5;0.28
sainsburys-diced-beef-500g;Sainsbury's Diced Beef 500g;£3.50/unit;£7.00/kg;frozen-beef;179;28.6;0.5;0.5;6.8;3.0;0.5;0.33
sainsburys-diced-chorizo-150g;Sainsbury's Spanish Diced Chorizo 150g;£2.55/unit;£1.70/100g;continental-meats;338;21.0;3.0;1.8;26.7;10.4;1.0;3.58
sainsburys-diced-chorizo-150g;Sainsbury's Spanish Diced Chorizo 150g;£2.55/unit;£1.70/100g;cooks-ingredients-85658-44;338;21.0;3.0;1.8;26.7;10.4;1.0;3.58
sainsburys-diced-chorizo-150g;Sainsbury's Spanish Diced Chorizo 150g;£2.55/unit;£1.70/100g;cooks-ingredients;338;21.0;3.0;1.8;26.7;10.4;1.0;3.58
sainsburys-diced-chorizo-150g;Sainsbury's Spanish Diced Chorizo 150g;£2.55/unit;£1.70/100g;snacking-cooked-sausage;338;21.0;3.0;1.8;26.7;10.4;1.0;3.58
sainsburys-diced-cooking-bacon--basics-200g;Sainsbury's Diced Cooking Bacon, Basics 200g;£1.15/unit;£5.75/kg;bacon;165;24.2;0.7;0.7;7.3;2.7;0.5;4.72
sainsburys-diced-lamb-450g;Sainsbury's Diced Lamb 450g;£5.50/unit;£12.22/kg;great-prices-on-meat---fish;232;32.9;0.5;0.5;10.8;5.1;0.5;0.15
sainsburys-diced-lamb-450g;Sainsbury's Diced Lamb 450g;£5.50/unit;£12.22/kg;lamb;232;32.9;0.5;0.5;10.8;5.1;0.5;0.15
sainsburys-diced-onions-300g;Sainsbury's Diced Onions 300g;£0.60/unit;£2.00/kg;onions-leeks-garlic;42;1.3;7.8;5.5;0.5;0.1;1.8;0.01
sainsburys-diced-onions-300g;Sainsbury's Diced Onions 300g;£0.60/unit;£2.00/kg;prepared-vegetables;42;1.3;7.8;5.5;0.5;0.1;1.8;0.01
sainsburys-diced-pork--so-organic-300g;Sainsbury's British Diced Pork, SO Organic 300g;£4.00/unit;£13.33/kg;pork;172;34.3;0.7;0.5;3.5;1.1;0.5;0.14
sainsburys-diced-pork-leg-460g;Sainsbury's British Extra Lean Diced Pork Leg 460g;£4.00/unit;£8.70/kg;pork;726172;34.3;0.7;0.5;3.5;1.1;0.5;0.14
sainsburys-diced-turkey-breast-250g;Sainsbury's British Diced Turkey Breast 250g;£2.20/unit;£8.80/kg;turkey;152;32.2;0.5;0.5;2.4;0.5;0.7;0.15
sainsburys-diced-turkey-breast-500g;Sainsbury's British Diced Turkey Breast 500g;£4.00/unit;£8.00/kg;turkey;152;32.2;0.5;0.5;2.4;0.5;0.7;0.15
sainsburys-diced-turkey-thigh-500g;Sainsbury's Diced Turkey Thigh 500g;£2.80/unit;£5.60/kg;turkey;224;33.2;0.8;0.5;9.7;3.0;0.5;0.40
sainsburys-diet-cloudy-lemonade--6x330ml;Sainsbury's Diet Cloudy Lemonade, 6x330ml;£1.50/unit;£0.08/100ml;diet-sugar-free-fizzy-drinks;3;0;0.4;0.2;0;0;0;
sainsburys-diet-cloudy-lemonade--6x330ml;Sainsbury's Diet Cloudy Lemonade, 6x330ml;£1.50/unit;£0.08/100ml;fruit-flavoured;3;0;0.4;0.2;0;0;0;
sainsburys-diet-cloudy-lemonade--6x330ml;Sainsbury's Diet Cloudy Lemonade, 6x330ml;£1.50/unit;£0.08/100ml;lemonade;3;0;0.4;0.2;0;0;0;
sainsburys-diet-cola--basics-2l;Sainsbury's Diet Cola, Basics 2L;£0.20/unit;£0.01/100ml;cola;1;0.5;0.5;0.5;0.5;0.1;0.5;0.01
sainsburys-diet-cola--basics-2l;Sainsbury's Diet Cola, Basics 2L;£0.20/unit;£0.01/100ml;diet-sugar-free-fizzy-drinks;1;0.5;0.5;0.5;0.5;0.1;0.5;0.01
sainsburys-diet-cola-2l;Sainsbury's Diet Cola 2L;£0.55/unit;£0.03/100ml;cola;1;0.5;0.5;0.5;0.5;0.1;0.5;0.01
sainsburys-diet-cola-2l;Sainsbury's Diet Cola 2L;£0.55/unit;£0.03/100ml;diet-sugar-free-fizzy-drinks;1;0.5;0.5;0.5;0.5;0.1;0.5;0.01
sainsburys-diet-cola-4x2l;Sainsbury's Diet Cola 4x2L;£2.00/unit;£0.03/100ml;cola;1;0.5;0.5;0.5;0.5;0.1;0.5;0.01
sainsburys-diet-cola-4x2l;Sainsbury's Diet Cola 4x2L;£2.00/unit;£0.03/100ml;diet-sugar-free-fizzy-drinks;1;0.5;0.5;0.5;0.5;0.1;0.5;0.01
sainsburys-diet-cola-4x2l;Sainsbury's Diet Cola 4x2L;£2.00/unit;£0.03/100ml;fizzy-drinks-bigger-multipacks;1;0.5;0.5;0.5;0.5;0.1;0.5;0.01
sainsburys-diet-cola-cans-8x330ml;Sainsbury's Diet Cola 8x330ml;£2.00/unit;£0.08/100ml;cola;1;0;0.1;0;0;0;0;
sainsburys-diet-cola-cans-8x330ml;Sainsbury's Diet Cola 8x330ml;£2.00/unit;£0.08/100ml;diet-sugar-free-fizzy-drinks;1;0;0.1;0;0;0;0;
sainsburys-diet-cream-soda--no-added-sugar-2l;Sainsbury's Diet Cream Soda, No Added Sugar 2L;£0.60/unit;£0.03/100ml;diet-sugar-free-fizzy-drinks;1;0.5;0.5;0.5;0.5;0.1;0.5;0.01
sainsburys-diet-cream-soda--no-added-sugar-2l;Sainsbury's Diet Cream Soda, No Added Sugar 2L;£0.60/unit;£0.03/100ml;traditional;1;0.5;0.5;0.5;0.5;0.1;0.5;0.01
sainsburys-diet-cream-soda--no-added-sugar-6x330ml;Sainsbury's Diet Cream Soda, No Added Sugar 6x330ml;£1.50/unit;£0.08/100ml;diet-sugar-free-fizzy-drinks;2;0;0;0;0;0;0;
sainsburys-diet-cream-soda--no-added-sugar-6x330ml;Sainsbury's Diet Cream Soda, No Added Sugar 6x330ml;£1.50/unit;£0.08/100ml;traditional;2;0;0;0;0;0;0;
sainsburys-diet-dandelion---burdock--no-added-sugar-2l;Sainsbury's Diet Dandelion & Burdock, No Added Sugar 2L;£0.60/unit;£0.03/100ml;diet-sugar-free-fizzy-drinks;2;0.5;0.5;0.5;0.5;0.1;0.5;0.01
sainsburys-diet-dandelion---burdock--no-added-sugar-2l;Sainsbury's Diet Dandelion & Burdock, No Added Sugar 2L;£0.60/unit;£0.03/100ml;traditional;2;0.5;0.5;0.5;0.5;0.1;0.5;0.01
sainsburys-diet-dry-ginger-ale-1l;Sainsbury's Dry Ginger Ale, Diet 1L;£0.50/unit;£0.05/100ml;mixers-12333-44;2;0.5;0.5;0.5;0.5;0.1;0.5;0.01
sainsburys-diet-dry-ginger-ale-1l;Sainsbury's Dry Ginger Ale, Diet 1L;£0.50/unit;£0.05/100ml;mixers;2;0.5;0.5;0.5;0.5;0.1;0.5;0.01
sainsburys-diet-dry-ginger-ale-6x250ml;Sainsbury's Dry Ginger Ale, Diet 6x250ml;£2.10/unit;£0.14/100ml;mixers-12333-44;2;0.5;0.5;0.5;0.5;0.1;0.5;0.01
sainsburys-diet-dry-ginger-ale-6x250ml;Sainsbury's Dry Ginger Ale, Diet 6x250ml;£2.10/unit;£0.14/100ml;mixers;2;0.5;0.5;0.5;0.5;0.1;0.5;0.01
sainsburys-diet-ginger-beer--no-added-sugar-2l;Sainsbury's Diet Ginger Beer, No Added Sugar 2L;£0.60/unit;£0.03/100ml;diet-sugar-free-fizzy-drinks;1;0.5;0.5;0.5;0.5;0.1;0.5;0.01
sainsburys-diet-ginger-beer--no-added-sugar-2l;Sainsbury's Diet Ginger Beer, No Added Sugar 2L;£0.60/unit;£0.03/100ml;traditional;1;0.5;0.5;0.5;0.5;0.1;0.5;0.01
sainsburys-diet-lemon---lime--no-added-sugar-2l;Sainsbury's Diet Lemon & Lime, No Added Sugar 2L;£0.60/unit;£0.03/100ml;diet-sugar-free-fizzy-drinks;2;0.5;0.5;0.5;0.5;0.1;0.5;0.03
sainsburys-diet-lemon---lime--no-added-sugar-2l;Sainsbury's Diet Lemon & Lime, No Added Sugar 2L;£0.60/unit;£0.03/100ml;fruit-flavoured;2;0.5;0.5;0.5;0.5;0.1;0.5;0.03
sainsburys-diet-lemon---lime--no-added-sugar-2l;Sainsbury's Diet Lemon & Lime, No Added Sugar 2L;£0.60/unit;£0.03/100ml;lemonade;2;0.5;0.5;0.5;0.5;0.1;0.5;0.03
sainsburys-diet-lemon---lime-6x330ml;Sainsbury's Diet Lemon & Lime 6x330ml;£1.50/unit;£0.08/100ml;diet-sugar-free-fizzy-drinks;2;0.5;0.5;0.5;0.5;0.1;0.5;0.03
sainsburys-diet-lemon---lime-6x330ml;Sainsbury's Diet Lemon & Lime 6x330ml;£1.50/unit;£0.08/100ml;fruit-flavoured;2;0.5;0.5;0.5;0.5;0.1;0.5;0.03
sainsburys-diet-lemon---lime-6x330ml;Sainsbury's Diet Lemon & Lime 6x330ml;£1.50/unit;£0.08/100ml;lemonade;2;0.5;0.5;0.5;0.5;0.1;0.5;0.03
sainsburys-diet-lemonade--basics-2l;Sainsbury's Diet Lemonade, Basics 2L;£0.20/unit;£0.01/100ml;diet-sugar-free-fizzy-drinks;1;0.5;0.5;0.5;0.5;0.1;0.5;0.01
sainsburys-diet-lemonade--basics-2l;Sainsbury's Diet Lemonade, Basics 2L;£0.20/unit;£0.01/100ml;fruit-flavoured;1;0.5;0.5;0.5;0.5;0.1;0.5;0.01
sainsburys-diet-lemonade--basics-2l;Sainsbury's Diet Lemonade, Basics 2L;£0.20/unit;£0.01/100ml;lemonade;1;0.5;0.5;0.5;0.5;0.1;0.5;0.01
sainsburys-diet-lemonade-2l;Sainsbury's Diet Lemonade 2L;£0.60/unit;£0.03/100ml;diet-sugar-free-fizzy-drinks;1;0.5;0.5;0.5;0.5;0.1;0.5;0.03
sainsburys-diet-lemonade-2l;Sainsbury's Diet Lemonade 2L;£0.60/unit;£0.03/100ml;fruit-flavoured;1;0.5;0.5;0.5;0.5;0.1;0.5;0.03
sainsburys-diet-lemonade-2l;Sainsbury's Diet Lemonade 2L;£0.60/unit;£0.03/100ml;lemonade;1;0.5;0.5;0.5;0.5;0.1;0.5;0.03
sainsburys-diet-lemonade-6x330ml;Sainsbury's Diet Lemonade 6x330ml;£1.50/unit;£0.08/100ml;diet-sugar-free-fizzy-drinks;1;0;0;0;0;0;0;
sainsburys-diet-lemonade-6x330ml;Sainsbury's Diet Lemonade 6x330ml;£1.50/unit;£0.08/100ml;fruit-flavoured;1;0;0;0;0;0;0;
sainsburys-diet-lemonade-6x330ml;Sainsbury's Diet Lemonade 6x330ml;£1.50/unit;£0.08/100ml;lemonade;1;0;0;0;0;0;0;
sainsburys-diet-tonic-water--basics-1l;Sainsbury's Diet Tonic Water, Basics 1L;£0.45/unit;£0.05/100ml;mixers-12333-44;2;0.5;0.5;0.5;0.5;0.1;0.5;0.05
sainsburys-diet-tonic-water--basics-1l;Sainsbury's Diet Tonic Water, Basics 1L;£0.45/unit;£0.05/100ml;mixers;2;0.5;0.5;0.5;0.5;0.1;0.5;0.05
sainsburys-diet-tonic-water-6x250ml;Sainsbury's Diet Indian Tonic 6x250ml;£2.10/unit;£0.14/100ml;mixers-12333-44;1;0.5;0.5;0.5;0.5;0.1;0.5;0.05
sainsburys-diet-tonic-water-6x250ml;Sainsbury's Diet Indian Tonic 6x250ml;£2.10/unit;£0.14/100ml;mixers;1;0.5;0.5;0.5;0.5;0.1;0.5;0.05
sainsburys-dip-selection--basics-500g;Sainsbury's Dip Selection, Basics 500g;£1.15/unit;£0.23/100g;fresh-dips-houmous;306;4.4;5.3;1.6;29.6;5.6;0.5;0.83
sainsburys-distilled-vinegar-568ml;Sainsbury's Distilled Vinegar 568ml;£0.50/unit;£0.88/ltr;vinegar;18;0.5;0.5;0.5;0.5;0.1;0.5;0.01
sainsburys-double-beef-rib-660g;Sainsbury's Double Beef Rib with Red Wine Sauce 660g;£5.00/unit;£7.58/kg;frozen-beef;186;18.1;1.7;1.2;11.9;5.6;0.5;0.45
sainsburys-double-chocolate-chip-cookies-x20;Sainsbury's Double Chocolate Chip Cookies x20;£1.60/unit;£0.08/ea;cakes-from-our-bakery-12374-44;466;6.1;58.5;33.6;22.5;10.5;2.5;0.45
sainsburys-double-chocolate-chip-cookies-x20;Sainsbury's Double Chocolate Chip Cookies x20;£1.60/unit;£0.08/ea;doughnuts-cookies;466;6.1;58.5;33.6;22.5;10.5;2.5;0.45
sainsburys-double-chocolate-chip-muffins-x4;Sainsbury's Muffins, Double Chocolate Chip x4;£1.00/unit;£0.25/ea;muffins-small-cakes;422;5.5;50.4;32.7;21.7;3.9;1.6;0.60
sainsburys-double-chocolate-g%C3%A2teau-350g-%28serves-5%29;Sainsbury's Double Chocolate Gateau 350g (Serves 5);£1.50/unit;£0.43/100g;frozen-cold-desserts;256;5.0;34.8;25.8;9.9;5.9;3.8;0.33
sainsburys-double-chocolate-sundae--taste-the-difference-127g;Sainsbury's Double Chocolate Sundae, Taste the Difference 127g;£1.50/unit;£1.18/100g;desserts;381;4.2;23.2;17.7;29.9;18.6;1.3;0.13
sainsburys-double-cream--so-organic-300ml;Sainsbury's Double Cream, SO Organic 300ml;£1.20/unit;£0.40/100ml;fresh-cream-custard;467;1.5;1.6;1.6;50.5;31.4;0.5;0.53
sainsburys-double-cream-150ml;Sainsbury's British Double Cream 150ml;£0.60/unit;£0.40/100ml;fresh-cream-custard;439;1.5;1.5;1.5;47.5;29.7;0.5;0.05
sainsburys-double-cream-300ml;Sainsbury's Double Cream 300ml;£0.85/unit;£0.28/100ml;fresh-cream-custard;439;1.5;1.5;1.5;47.5;29.7;0.5;0.05
sainsburys-double-cream-600ml;Sainsbury's Double Cream 600ml;£1.60/unit;£0.27/100ml;fresh-cream-custard;439;1.5;1.5;1.5;47.5;29.7;0.5;0.06
sainsburys-double-gloucester---chive-200g;Sainsbury's Double Gloucester & Chive 200g;£2.00/unit;£10.00/kg;cheddar-british-regional-cheese;389;25.4;0.5;0.5;31.8;20.7;0.5;1.80
sainsburys-double-gloucester-250g;Sainsbury's Double Gloucester 250g;£2.00/unit;£8.00/kg;cheddar-british-regional-cheese;404;24.4;0.5;0.5;34.0;21.3;0.5;1.93
sainsburys-double-pepperoni-stuffed-crust-pizza-10;Sainsbury's Stuffed Crust Double Pepperoni Pizza 410" 80g;£3.50/unit;£7.29/kg;pizza;303;13.6;30.2;4.6;13.6;6.0;2.7;1.30
sainsburys-dried-figs--ready-to-eat-250g;Sainsbury's Dried Figs 250g;£1.60/unit;£0.64/100g;dessert-fruit;234;3.3;48.4;48.4;1.5;0.5;6.9;0.14
sainsburys-dried-figs--ready-to-eat-250g;Sainsbury's Dried Figs 250g;£1.60/unit;£0.64/100g;snacking-fruit-nuts;234;3.3;48.4;48.4;1.5;0.5;6.9;0.14
sainsburys-dried-prunes--californian--ready-to-eat-250g;Sainsbury's Dried Prunes 250g;£1.50/unit;£0.60/100g;dessert-fruit;160;2.5;33.8;33.8;0.5;0.1;5.7;0.03
sainsburys-dried-prunes--californian--ready-to-eat-250g;Sainsbury's Dried Prunes 250g;£1.50/unit;£0.60/100g;snacking-fruit-nuts;160;2.5;33.8;33.8;0.5;0.1;5.7;0.03
sainsburys-dried-prunes--ready-to-eat-500g;Sainsbury's Dried Prunes 500g;£2.00/unit;£0.40/100g;dessert-fruit;160;2.5;33.8;33.8;0.5;0.1;5.7;0.03
sainsburys-dried-prunes--ready-to-eat-500g;Sainsbury's Dried Prunes 500g;£2.00/unit;£0.40/100g;snacking-fruit-nuts;160;2.5;33.8;33.8;0.5;0.1;5.7;0.03
sainsburys-drinking-chocolate-300g;Sainsbury's Drinking Chocolate 300g;£1.60/unit;£0.53/100g;hot-chocolate-milky-drinks;84;4.1;11.8;11.8;2.3;1.4;0.5;0.10
sainsburys-dry-cure-oak-smoked-pancetta--taste-the-difference-180g;Sainsbury's Dry Cure Oak Smoked Pancetta, Taste the Difference 180g;£2.50/unit;£13.89/kg;bacon;425;31.0;1.0;0.5;32.9;14.9;0.6;4.95
sainsburys-dry-cure-oak-smoked-pancetta--taste-the-difference-180g;Sainsbury's Dry Cure Oak Smoked Pancetta, Taste the Difference 180g;£2.50/unit;£13.89/kg;continental-meats;425;31.0;1.0;0.5;32.9;14.9;0.6;4.95
sainsburys-dry-cure-oak-smoked-pancetta--taste-the-difference-180g;Sainsbury's Dry Cure Oak Smoked Pancetta, Taste the Difference 180g;£2.50/unit;£13.89/kg;cooks-ingredients-85658-44;425;31.0;1.0;0.5;32.9;14.9;0.6;4.95
sainsburys-dry-cure-oak-smoked-pancetta--taste-the-difference-180g;Sainsbury's Dry Cure Oak Smoked Pancetta, Taste the Difference 180g;£2.50/unit;£13.89/kg;cooks-ingredients;425;31.0;1.0;0.5;32.9;14.9;0.6;4.95
sainsburys-dry-cure-unsmoked-gammon-joint--taste-the-difference;Sainsbury's Dry Cure Unsmoked Gammon Joint, Taste the Difference (approx. 825g);£12.00/kg;£12.00/kg;gammon;218;28.5;0.8;0.5;11.0;3.9;0.7;2.58
sainsburys-dry-cure-unsmoked-gammon-joint--taste-the-difference;Sainsbury's Dry Cure Unsmoked Gammon Joint, Taste the Difference (approx. 825g);£12.00/kg;£12.00/kg;organic-taste-the-difference;218;28.5;0.8;0.5;11.0;3.9;0.7;2.58
sainsburys-dry-london-gin-15l;Sainsbury's Dry London Gin 1.5L;£22.50/unit;£15.00/ltr;gin;862206;-1;-1;-1;-1;-1;-1;-1
sainsburys-dry-london-gin-35cl;Sainsbury's Dry London Gin 35cl;£6.50/unit;£18.57/ltr;gin;862206;-1;-1;-1;-1;-1;-1;-1
sainsburys-duck---orange-p%C3%A2t%C3%A9-170g;Sainsbury's Duck & Orange Pâté 170g;£1.40/unit;£0.82/100g;mfp-pate;380;7.9;6.5;4.3;35.8;12.3;0.5;1.80
sainsburys-duck---orange-p%C3%A2t%C3%A9-170g;Sainsbury's Duck & Orange Pâté 170g;£1.40/unit;£0.82/100g;pate;380;7.9;6.5;4.3;35.8;12.3;0.5;1.80
sainsburys-duck--crispy-peking-800g;Sainsbury's Duck, Crispy Peking 800g;£9.00/unit;£11.25/kg;oriental-ready-meals;220;17.5;14.8;5.9;9.9;2.8;0.7;0.95
sainsburys-duck-breast-fillets-375g;Sainsbury's Duck Breast Fillets 375g;£5.00/unit;£13.34/kg;duck-game;196;26.9;0.5;0.5;9.7;2.4;0.5;0.29
sainsburys-duck-breast-joint-plum-stuffing-500g;Sainsbury's Duck Breast Joint Plum Stuffing 500g;£7.00/unit;£14.00/kg;duck-game;12;49;2;1;20;22;0;6
sainsburys-duck-breast-joint-plum-stuffing-500g;Sainsbury's Duck Breast Joint Plum Stuffing 500g;£7.00/unit;£14.00/kg;prepared-joints;12;49;2;1;20;22;0;6
sainsburys-duck-breast-plum-sauce-320g;Sainsbury's Duck Breast Plum Sauce 320g;£5.00/unit;£15.63/kg;duck-game;210;19.6;7.4;6.8;11.2;3.0;0.5;0.42
sainsburys-duck-breast-plum-sauce-320g;Sainsbury's Duck Breast Plum Sauce 320g;£5.00/unit;£15.63/kg;prepared-joints;210;19.6;7.4;6.8;11.2;3.0;0.5;0.42
sainsburys-duck-in-plum-sauce-350g;Sainsbury's Duck In Plum Sauce 350g;£3.30/unit;£9.43/kg;meals-for-1-ready-meals;145;8.0;21.2;15.9;2.9;0.7;1.3;0.44
sainsburys-duck-in-plum-sauce-350g;Sainsbury's Duck In Plum Sauce 350g;£3.30/unit;£9.43/kg;oriental-ready-meals;145;8.0;21.2;15.9;2.9;0.7;1.3;0.44
sainsburys-duck-in-plum-sauce-with-egg-fried-rice-450g;Sainsbury's Duck In Plum Sauce With Egg Fried Rice 450g;£3.00/unit;£6.67/kg;lunchtime-snacks;170;6.1;24.5;11.1;4.8;0.8;2.0;0.55
sainsburys-duck-in-plum-sauce-with-egg-fried-rice-450g;Sainsbury's Duck In Plum Sauce With Egg Fried Rice 450g;£3.00/unit;£6.67/kg;meals-for-1-ready-meals;170;6.1;24.5;11.1;4.8;0.8;2.0;0.55
sainsburys-duck-in-plum-sauce-with-egg-fried-rice-450g;Sainsbury's Duck In Plum Sauce With Egg Fried Rice 450g;£3.00/unit;£6.67/kg;oriental-ready-meals;170;6.1;24.5;11.1;4.8;0.8;2.0;0.55
sainsburys-duck-legs-430g;Sainsbury's Duck Legs 430g;£4.00/unit;£9.30/kg;duck-game;246;29.3;0.5;0.5;14.3;4.2;0.5;0.48
sainsburys-duck-liver-pate-with-port--taste-the-difference-150g;Sainsbury's Duck Liver Pate With Port, Taste the Difference 150g;£2.15/unit;£1.43/100g;mfp-pate;238;8.2;8.3;4.4;18.8;6.3;1.3;1.05
sainsburys-duck-liver-pate-with-port--taste-the-difference-150g;Sainsbury's Duck Liver Pate With Port, Taste the Difference 150g;£2.15/unit;£1.43/100g;pate;238;8.2;8.3;4.4;18.8;6.3;1.3;1.05
sainsburys-duck-spring-rolls-x10-250g;Sainsbury's Duck Spring Rolls x10 250g;£3.00/unit;£12.00/kg;oriental-ready-meals;280;6.6;28.5;4.5;15.1;2.3;1.6;0.74
sainsburys-duck-spring-rolls-x10-250g;Sainsbury's Duck Spring Rolls x10 250g;£3.00/unit;£12.00/kg;party-food-128152-44;280;6.6;28.5;4.5;15.1;2.3;1.6;0.74
sainsburys-duck-spring-rolls-x6;Sainsbury's Duck Spring Rolls x6;£2.00/unit;£13.33/kg;oriental-ready-meals;280;6.6;28.5;4.5;15.1;2.3;1.6;0.74
sainsburys-duo-chocolate-swirl-spread-400g;Sainsbury's Duo Chocolate Swirl Spread 400g;£1.25/unit;£0.32/100g;chocolate-sweet-spreads;570;5.5;54.0;53.5;36.5;9.0;1.5;0.18
sainsburys-easter-bunny-net-84g;Sainsbury's Easter Bunny Net 84g;£1.00/unit;£1.19/100g;chocolate;560;5.1;59.6;55.9;32.9;20.7;2.4;0.18
sainsburys-easy-peeler-%28each%29;Sainsbury's Easy Peeler Loose;£3.00/kg;£3.00/kg;citrus-fruit;42;0.9;8.7;8.7;0.5;0.1;1.2;0.01
sainsburys-easy-peelers-box--taste-the-difference-1kg;Sainsbury's Easy Peelers Box, Taste the Difference 1kg;£3.00/unit;£3.00/kg;citrus-fruit;42;0.9;8.7;8.7;0.5;0.1;1.2;0.01
sainsburys-easy-peelers-box--taste-the-difference-1kg;Sainsbury's Easy Peelers Box, Taste the Difference 1kg;£3.00/unit;£3.00/kg;fruit-vegetables-organic-taste-the-difference;42;0.9;8.7;8.7;0.5;0.1;1.2;0.01
sainsburys-easy-peelers-mini-x10-%28minimum%29;Sainsbury's Easy Peelers Mini x10 (minimum);£1.50/unit;£1.50/ea;citrus-fruit;42;0.9;8.7;8.7;0.5;0.1;1.2;0.01
sainsburys-easy-peelers-x6-%28minimum%29;Sainsbury's Easy Peelers x6 (minimum);£1.75/unit;£1.75/ea;citrus-fruit;42;0.9;8.7;8.7;0.5;0.1;1.2;0.01
sainsburys-eccles-cakes-x2;Sainsbury's Eccles Cakes x2;£1.20/unit;£0.60/ea;cakes-from-our-bakery-12374-44;387;4.4;48.4;22.1;19.1;8.3;2.1;0.43
sainsburys-eccles-cakes-x2;Sainsbury's Eccles Cakes x2;£1.20/unit;£0.60/ea;croissants-brioche-pastries;387;4.4;48.4;22.1;19.1;8.3;2.1;0.43
sainsburys-echalion-shallots-400g;Sainsbury's Eschalion Shallots 400g;£1.50/unit;£3.75/kg;baby-vegetables;24;1.5;3.3;3.3;0.2;0;1.4;
sainsburys-echalion-shallots-400g;Sainsbury's Eschalion Shallots 400g;£1.50/unit;£3.75/kg;onions-leeks-garlic;24;1.5;3.3;3.3;0.2;0;1.4;
sainsburys-edam-slices-250g;Sainsbury's Edam Slices 250g;£2.00/unit;£8.00/kg;sliced-grated-cheese;312;24.0;0.5;0.5;24.0;17.0;0.5;2.50
sainsburys-edam-slices-400g;Sainsbury's Edam Slices 400g;£2.50/unit;£6.25/kg;sliced-grated-cheese;312;24.0;0.5;0.5;24.0;17.0;0.5;2.50
sainsburys-edamame---butter-bean-salad--taste-the-difference-185g;Sainsbury's Edamame & Butter Bean Salad, Taste the Difference 185g;£2.00/unit;£1.08/100g;coleslaw--olives--salads---dips-30658-44;121;6.5;11.0;5.2;4.9;0.7;3.5;0.38
sainsburys-edamame---butter-bean-salad--taste-the-difference-185g;Sainsbury's Edamame & Butter Bean Salad, Taste the Difference 185g;£2.00/unit;£1.08/100g;coleslaw-salads;121;6.5;11.0;5.2;4.9;0.7;3.5;0.38
sainsburys-edamame---butter-bean-salad--taste-the-difference-185g;Sainsbury's Edamame & Butter Bean Salad, Taste the Difference 185g;£2.00/unit;£1.08/100g;dressings-coleslaw-accompaniments;121;6.5;11.0;5.2;4.9;0.7;3.5;0.38
sainsburys-edamame---butter-bean-salad--taste-the-difference-185g;Sainsbury's Edamame & Butter Bean Salad, Taste the Difference 185g;£2.00/unit;£1.08/100g;fresh-salad-prepared-ready-to-eat;121;6.5;11.0;5.2;4.9;0.7;3.5;0.38
sainsburys-edamame---butter-bean-salad--taste-the-difference-185g;Sainsbury's Edamame & Butter Bean Salad, Taste the Difference 185g;£2.00/unit;£1.08/100g;lunchtime-snacks;121;6.5;11.0;5.2;4.9;0.7;3.5;0.38
sainsburys-edamame---butter-bean-salad--taste-the-difference-185g;Sainsbury's Edamame & Butter Bean Salad, Taste the Difference 185g;£2.00/unit;£1.08/100g;prepared-salad-herbs;121;6.5;11.0;5.2;4.9;0.7;3.5;0.38
sainsburys-edamame---mint-dip-170g;Sainsbury's Edamame & Mint Dip 170g;£1.40/unit;£0.82/100g;deli-meat-alternatives;141;5.1;9.8;4.9;8.3;1.9;3.1;0.58
sainsburys-edamame---mint-dip-170g;Sainsbury's Edamame & Mint Dip 170g;£1.40/unit;£0.82/100g;fresh-dips-houmous;141;5.1;9.8;4.9;8.3;1.9;3.1;0.58
sainsburys-edamame-stir-fry-300g;Sainsbury's Edamame Stir Fry 300g;£1.50/unit;£0.50/100g;asian-ingredients;100;3.6;5.3;3.4;6.6;0.6;2.5;0.09
sainsburys-edamame-stir-fry-300g;Sainsbury's Edamame Stir Fry 300g;£1.50/unit;£0.50/100g;fresh-vegetables-stir-fry;100;3.6;5.3;3.4;6.6;0.6;2.5;0.09
sainsburys-edamame-stir-fry-300g;Sainsbury's Edamame Stir Fry 300g;£1.50/unit;£0.50/100g;fresh-vegetables-world-exotic;100;3.6;5.3;3.4;6.6;0.6;2.5;0.09
sainsburys-edamame-stir-fry-300g;Sainsbury's Edamame Stir Fry 300g;£1.50/unit;£0.50/100g;prepared-stir-fry;100;3.6;5.3;3.4;6.6;0.6;2.5;0.09
sainsburys-edamame-stir-fry-300g;Sainsbury's Edamame Stir Fry 300g;£1.50/unit;£0.50/100g;prepared-vegetables;100;3.6;5.3;3.4;6.6;0.6;2.5;0.09
sainsburys-egg---bacon-deli-filler-230g;Sainsbury's Egg & Bacon Deli Filler 230g;£1.65/unit;£0.72/100g;sandwich-fillers2;194;12.8;2.8;0.8;14.6;2.2;0.5;1.05
sainsburys-egg---bacon-deli-filler-230g;Sainsbury's Egg & Bacon Deli Filler 230g;£1.65/unit;£0.72/100g;sandwich-fillers;194;12.8;2.8;0.8;14.6;2.2;0.5;1.05
sainsburys-egg-bites--basics-x12-240g;Sainsbury's Egg Bites, Basics x12 240g;£0.90/unit;£0.38/100g;sausage-rolls-savouries;1217292;8.9;25.2;1.1;16.9;4.6;1.5;0.60
sainsburys-egg-bites-x12-240g;Sainsbury's Egg Bites x12 240g;£1.20/unit;£0.50/100g;sausage-rolls-savouries;1190285;9.1;21.8;0.6;17.7;5.0;1.3;0.86
sainsburys-egg-bites-x4-80g;Sainsbury's Egg Bites x4 80g;£0.70/unit;£0.88/100g;lunchtime-snacks;281;9.5;20.5;0.6;17.6;5.0;1.2;0.83
sainsburys-egg-bites-x4-80g;Sainsbury's Egg Bites x4 80g;£0.70/unit;£0.88/100g;sausage-rolls-savouries;281;9.5;20.5;0.6;17.6;5.0;1.2;0.83
sainsburys-egg-bites-x6-120g;Sainsbury's Egg Bites x6 120g;£0.80/unit;£0.67/100g;sausage-rolls-savouries;1190285;9.1;21.8;0.6;17.7;5.0;1.3;0.86
sainsburys-egg-fried-rice-250g;Sainsbury's Egg Fried Rice 250g;£1.50/unit;£6.00/kg;oriental-ready-meals;177;4.5;23.8;0.5;6.5;0.8;2.9;0.51
sainsburys-egg-fried-rice-250g;Sainsbury's Egg Fried Rice 250g;£1.50/unit;£6.00/kg;vegetarian-meat-free-ready-meals;177;4.5;23.8;0.5;6.5;0.8;2.9;0.51
sainsburys-egg-fried-rice-500g;Sainsbury's Egg Fried Rice 500g;£2.00/unit;£4.00/kg;oriental-ready-meals;177;4.5;23.8;0.5;6.5;0.8;2.9;0.51
sainsburys-egg-fried-rice-500g;Sainsbury's Egg Fried Rice 500g;£2.00/unit;£4.00/kg;vegetarian-meat-free-ready-meals;177;4.5;23.8;0.5;6.5;0.8;2.9;0.51
sainsburys-egg-mayonnaise-deli-filler--be-good-to-yourself-230g;Sainsbury's Egg Mayo Deli Filler, Be Good To Yourself 230g;£1.65/unit;£0.72/100g;deli-meat-alternatives;113;10.2;3.4;0.8;6.5;0.7;0.5;0.65
sainsburys-egg-mayonnaise-deli-filler--be-good-to-yourself-230g;Sainsbury's Egg Mayo Deli Filler, Be Good To Yourself 230g;£1.65/unit;£0.72/100g;sandwich-fillers2;113;10.2;3.4;0.8;6.5;0.7;0.5;0.65
sainsburys-egg-mayonnaise-deli-filler--be-good-to-yourself-230g;Sainsbury's Egg Mayo Deli Filler, Be Good To Yourself 230g;£1.65/unit;£0.72/100g;sandwich-fillers;113;10.2;3.4;0.8;6.5;0.7;0.5;0.65
sainsburys-egg-mayonnaise-deli-filler-230g;Sainsbury's Egg Mayo Deli Filler 230g;£1.65/unit;£0.72/100g;deli-meat-alternatives;180;10.3;3.9;1.0;13.7;1.3;0.5;1.08
sainsburys-egg-mayonnaise-deli-filler-230g;Sainsbury's Egg Mayo Deli Filler 230g;£1.65/unit;£0.72/100g;sandwich-fillers2;180;10.3;3.9;1.0;13.7;1.3;0.5;1.08
sainsburys-egg-mayonnaise-deli-filler-230g;Sainsbury's Egg Mayo Deli Filler 230g;£1.65/unit;£0.72/100g;sandwich-fillers;180;10.3;3.9;1.0;13.7;1.3;0.5;1.08
sainsburys-emmental-slices-250g;Sainsbury's Emmental Slices 250g;£1.80/unit;£7.20/kg;sliced-grated-cheese;388;30.5;0.5;0.5;29.5;21.0;0.5;0.75
sainsburys-energy-drink--orange-1l;Sainsbury's Energy Drink, Orange 1L;£1.00/unit;£0.10/100ml;energy-drinks;67;0.5;16.5;15.9;0.5;0.1;0.5;0.01
sainsburys-english-apple---william-pear-1l;Sainsbury's English Apple & William Pear Juice, Not From Concentrate 1L;£1.40/unit;£0.14/100ml;chilled-fruit-juice;46;0.5;10.6;10.6;0.5;0.1;0.5;0.01
sainsburys-english-apples--so-organic-x5-%28minimum%29;Sainsbury's English Apples, SO Organic x5 (minimum);£2.50/unit;£2.50/ea;apples-pears-rhubarb;47;0.5;11.8;11.8;0.5;0.1;1.8;0.5
sainsburys-english-apples--so-organic-x5-%28minimum%29;Sainsbury's English Apples, SO Organic x5 (minimum);£2.50/unit;£2.50/ea;fruit-vegetables-organic-taste-the-difference;47;0.5;11.8;11.8;0.5;0.1;1.8;0.5
sainsburys-english-butter--salted-250g;Sainsbury's English Butter, Salted 250g;£0.95/unit;£3.80/kg;butter;737;0.6;0.8;0.7;81;49;0.5;1.6
sainsburys-english-butter--slightly-salted-250g;Sainsbury's English Butter, Slightly Salted 250g;£0.95/unit;£3.80/kg;butter;742;0.7;0.7;0.6;81.8;51.0;0.5;1.10
sainsburys-english-butter--slightly-salted-250g;Sainsbury's English Butter, Slightly Salted 250g;£0.95/unit;£3.80/kg;cooking-baking;742;0.7;0.7;0.6;81.8;51.0;0.5;1.10
sainsburys-english-butter--unsalted-250g;Sainsbury's English Butter, Unsalted 250g;£0.95/unit;£3.80/kg;butter;751;0.6;0.6;0.6;82.9;49.3;0.5;0.02
sainsburys-english-butter--unsalted-250g;Sainsbury's English Butter, Unsalted 250g;£0.95/unit;£3.80/kg;cooking-baking;751;0.6;0.6;0.6;82.9;49.3;0.5;0.02
sainsburys-english-elderflower-cordial--taste-the-difference-500ml;Sainsbury's English Elderflower Cordial, Taste the Difference 500ml;£2.00/unit;£0.40/100ml;mixers-cordials;30;0.5;7.5;7.5;0.5;0.1;0.5;0.04
sainsburys-english-elderflower-cordial--taste-the-difference-500ml;Sainsbury's English Elderflower Cordial, Taste the Difference 500ml;£2.00/unit;£0.40/100ml;squash-cordials-cordials;30;0.5;7.5;7.5;0.5;0.1;0.5;0.04
sainsburys-english-elderflower-presse--sparkling--taste-the-difference-750ml;Sainsbury's English Elderflower Presse, Sparkling, Taste the Difference 750ml;£1.90/unit;£0.25/100ml;adult-soft-drinks;33;0.5;8.1;8.1;0.5;0.1;0.5;0.01
sainsburys-english-salted-butter-500g;Sainsbury's English Butter, Salted 500g;£1.80/unit;£3.60/kg;butter;737;0.6;0.8;0.7;81;49;0.5;1.6
sainsburys-english-set-honey--taste-the-difference-340g;Sainsbury's English Set Honey, Taste the Difference 340g;£2.80/unit;£0.82/100g;honey;329;0.5;82;81;0.5;0.2;0.5;0.03
sainsburys-english-vintage-reserve-cheddar--taste-the-difference-250g;Sainsbury's English Vintage Reserve Cheddar, Taste the Difference 250g;£2.75/unit;£11.00/kg;cheddar-british-regional-cheese;410;25.0;0.5;0.5;34.4;21.7;-1;1.68
sainsburys-english-vintage-reserve-cheddar--taste-the-difference-250g;Sainsbury's English Vintage Reserve Cheddar, Taste the Difference 250g;£2.75/unit;£11.00/kg;cheeseboard-delights;410;25.0;0.5;0.5;34.4;21.7;-1;1.68
sainsburys-english-vintage-reserve-cheddar--taste-the-difference-250g;Sainsbury's English Vintage Reserve Cheddar, Taste the Difference 250g;£2.75/unit;£11.00/kg;organic-taste-the-difference-cheese;410;25.0;0.5;0.5;34.4;21.7;-1;1.68
sainsburys-equador-dark-chocolate--taste-the-difference-100g;Sainsbury's Equador Dark Chocolate, Taste the Difference 100g;£1.40/unit;£1.40/100g;chocolate;571;7.9;29.5;24.7;44.3;27.8;11.5;
sainsburys-eric---friends-small-bananas--fairtrade-x8;Sainsbury's Small Bananas, Fairtrade x8;£1.05/unit;£0.13/ea;bananas-grapes;100;1.2;23;21;0.5;0.1;1.1;0.00
sainsburys-eric---friends-small-bananas--fairtrade-x8;Sainsbury's Small Bananas, Fairtrade x8;£1.05/unit;£0.13/ea;fruit-veg-fairtrade;100;1.2;23;21;0.5;0.1;1.1;0.00
sainsburys-eton-mess--taste-the-difference-459g;Sainsbury's Eton Mess, Taste the Difference 459g;£4.00/unit;£0.87/100g;frozen-cold-desserts;274;2.5;25.7;23.8;17.5;11.6;1.9;0.10
sainsburys-etruscan-pepperoni-12-pizza--taste-the-difference;Sainsbury's Etruscan Pepperoni Pizza, Taste the Difference 12'' 515g;£5.00/unit;£9.71/kg;pizza;283;14.0;32.4;2.6;10.3;4.7;2.1;1.02
sainsburys-evaporated-milk-170g;Sainsbury's Evaporated Milk 170g;£0.55/unit;£0.32/100g;dessert-milk-cream;161;8.4;11.7;11.7;9.0;5.7;0.0;0.50
sainsburys-evaporated-milk-410g;Sainsbury's Evaporated Milk 410g;£0.65/unit;£0.16/100g;dessert-milk-cream;161;8.4;11.7;11.7;9.0;5.7;0.0;0.50
sainsburys-everyday-classic-salad-bowl-335g;Sainsbury's Everyday Classic Salad Bowl 335g;£3.00/unit;£0.90/100g;coleslaw--olives--salads---dips-30658-44;21;1.1;2.7;2.3;0.5;0.1;1.4;0.10
sainsburys-everyday-classic-salad-bowl-335g;Sainsbury's Everyday Classic Salad Bowl 335g;£3.00/unit;£0.90/100g;coleslaw-salads;21;1.1;2.7;2.3;0.5;0.1;1.4;0.10
sainsburys-everyday-classic-salad-bowl-335g;Sainsbury's Everyday Classic Salad Bowl 335g;£3.00/unit;£0.90/100g;fresh-salad-prepared-ready-to-eat;21;1.1;2.7;2.3;0.5;0.1;1.4;0.10
sainsburys-everyday-classic-salad-bowl-335g;Sainsbury's Everyday Classic Salad Bowl 335g;£3.00/unit;£0.90/100g;lunchtime-snacks;21;1.1;2.7;2.3;0.5;0.1;1.4;0.10
sainsburys-everyday-classic-salad-bowl-335g;Sainsbury's Everyday Classic Salad Bowl 335g;£3.00/unit;£0.90/100g;prepared-salad-herbs;21;1.1;2.7;2.3;0.5;0.1;1.4;0.10
sainsburys-exotic-fruit-salad-190g;Sainsbury's Exotic Fruit Salad 190g;£1.50/unit;£7.89/kg;prepared-fruit;45;0.7;9.2;9.0;0.5;0.1;1.7;0.01
sainsburys-exotic-fruit-salad-320g;Sainsbury's Exotic Fruit Salad 320g;£2.00/unit;£6.25/kg;prepared-fruit;43;0.6;9.0;8.9;0.5;0.1;1.6;0.03
sainsburys-express-porridge-pot-apple---cinnamon-64g;Sainsbury's Express Porridge Pot Apple & Cinnamon 64g;£0.90/unit;£1.41/100g;on-the-go;373;13.7;64.4;25.8;5.2;0.9;6.9;0.23
sainsburys-express-pot-blueberry---raspberry-64g;Sainsbury's Express Porridge Pot Blueberry & Raspberry 64g;£0.90/unit;£1.41/100g;on-the-go;372;11.1;67.2;25.8;5.3;0.9;5.7;0.21
sainsburys-extra-fine-beans-200g;Sainsbury's Extra Fine Beans 200g;£1.50/unit;£7.50/kg;peas-beans-sweetcorn-asparagus;31;1.9;3.1;2.3;0.5;0.1;3.4;
sainsburys-extra-large-cauliflower-332545-p-44;Sainsbury's Cauliflower, Extra Large;£1.90/unit;£1.90/ea;broccoli-cauliflower-cabbage-greens;34;2.5;4.2;2.8;0.5;0.2;1.8;0.02
sainsburys-extra-large-cauliflower-332545-p-44;Sainsbury's Cauliflower, Extra Large;£1.90/unit;£1.90/ea;new-in-season;34;2.5;4.2;2.8;0.5;0.2;1.8;0.02
sainsburys-extra-lean-beef-stir-fry-450g;Sainsbury's Extra Lean Beef Stir Fry 450g;£4.00/unit;£8.89/kg;beef;172;33.1;0.5;0.5;4.4;1.3;0.5;0.22
sainsburys-extra-lean-beef-stir-fry-450g;Sainsbury's Extra Lean Beef Stir Fry 450g;£4.00/unit;£8.89/kg;great-prices-on-meat---fish;172;33.1;0.5;0.5;4.4;1.3;0.5;0.22
sainsburys-extra-lean-british-pork-mince--be-good-to-yourself-500g;Sainsbury's British Pork Mince 5% Fat 500g;£4.00/unit;£8.00/kg;pork;152;26;0.5;0.5;5.0;1.7;0.5;0.13
sainsburys-extra-lean-casserole-beef-steak-450g;Sainsbury's Extra Lean Casserole Beef Steak 450g;£4.00/unit;£8.89/kg;beef;168;30.1;1.8;0.5;4.4;1.8;0.5;0.24
sainsburys-extra-lean-diced-lamb-450g;Sainsbury's Extra Lean Diced Lamb 450g;£6.50/unit;£14.44/kg;lamb;197;35.9;0.5;0.5;5.9;2.7;0.5;0.15
sainsburys-extra-mature-canadian-cheddar-cheese-400g;Sainsbury's Extra Mature Canadian Cheddar Cheese 400g;£3.50/unit;£8.75/kg;cheddar-british-regional-cheese;1725416;25.4;0.5;0.5;34.9;21.7;0.5;1.81
sainsburys-extra-thick-double-cream-300ml;Sainsbury's Extra Thick Double Cream 300ml;£1.20/unit;£0.40/100ml;fresh-cream-custard;439;1.5;1.5;1.5;47.5;29.7;0.5;0.05
sainsburys-fab-creamy-vanilla-yogurts-4x125g;Sainsbury's Fab Creamy Vanilla Yogurts 4x125g;£1.85/unit;£0.37/100g;corners-everyday-yogurts;124;4.1;18.1;17.9;3.9;2.7;0.5;0.13
sainsburys-fab-creamy-vanilla-yogurts-4x125g;Sainsbury's Fab Creamy Vanilla Yogurts 4x125g;£1.85/unit;£0.37/100g;diet-low-fat-yogurts;124;4.1;18.1;17.9;3.9;2.7;0.5;0.13
sainsburys-fab-fruity-blackcurrent-yogurt-150g;Sainsbury's Fab Fruity Blackcurrant Yogurt 150g;£0.55/unit;£0.37/100g;corners-everyday-yogurts;93;4.1;16;15;1.2;0.8;0.5;0.13
sainsburys-fab-fruity-blackcurrent-yogurt-150g;Sainsbury's Fab Fruity Blackcurrant Yogurt 150g;£0.55/unit;£0.37/100g;diet-low-fat-yogurts;93;4.1;16;15;1.2;0.8;0.5;0.13
sainsburys-fab-fruity-cherry---blkcr-yogs-4x125g;Sainsbury's Fab Fruity Low Fat Cherry & Blackcurrant Yogurt 4x125g;£1.85/unit;£0.37/100g;corners-everyday-yogurts;93;4.1;16.2;15.4;1.2;0.8;0.5;0.13
sainsburys-fab-fruity-cherry---blkcr-yogs-4x125g;Sainsbury's Fab Fruity Low Fat Cherry & Blackcurrant Yogurt 4x125g;£1.85/unit;£0.37/100g;diet-low-fat-yogurts;93;4.1;16.2;15.4;1.2;0.8;0.5;0.13
sainsburys-fab-fruity-low-fat-cherry-yogurt-450g;Sainsbury's Fab Fruity Low Fat Cherry Yogurt 450g;£1.00/unit;£0.22/100g;big-pots-pouring-yogurts;98;4.3;17.5;16.9;1.1;0.7;0.5;0.15
sainsburys-fab-fruity-low-fat-cherry-yogurt-450g;Sainsbury's Fab Fruity Low Fat Cherry Yogurt 450g;£1.00/unit;£0.22/100g;diet-low-fat-yogurts;98;4.3;17.5;16.9;1.1;0.7;0.5;0.15
sainsburys-fab-fruity-low-fat-raspberry---elderflower-yogurt-450g;Sainsbury's Fab Fruity Low Fat Raspberry & Elderflower Yogurt 450g;£1.00/unit;£0.22/100g;big-pots-pouring-yogurts;95;4.4;16.1;16.0;1.3;0.9;0.5;0.15
sainsburys-fab-fruity-low-fat-raspberry---elderflower-yogurt-450g;Sainsbury's Fab Fruity Low Fat Raspberry & Elderflower Yogurt 450g;£1.00/unit;£0.22/100g;diet-low-fat-yogurts;95;4.4;16.1;16.0;1.3;0.9;0.5;0.15
sainsburys-fab-fruity-low-fat-strwberry-yogurt-450g;Sainsbury's Fab Fruity Low Fat Strwberry Yogurt 450g;£1.00/unit;£0.22/100g;big-pots-pouring-yogurts;87;4.7;14.1;13.4;1.2;0.8;0.5;0.15
sainsburys-fab-fruity-low-fat-strwberry-yogurt-450g;Sainsbury's Fab Fruity Low Fat Strwberry Yogurt 450g;£1.00/unit;£0.22/100g;diet-low-fat-yogurts;87;4.7;14.1;13.4;1.2;0.8;0.5;0.15
sainsburys-fab-fruity-strawberry---rhubrb-4x125g;Sainsbury's Fab Fruity Low Fat Strawberry & Rhubarb Yogurt 4x125g;£1.85/unit;£0.37/100g;corners-everyday-yogurts;86;4.7;14.1;13.9;1.2;0.8;0.5;0.13
sainsburys-fab-fruity-strawberry---rhubrb-4x125g;Sainsbury's Fab Fruity Low Fat Strawberry & Rhubarb Yogurt 4x125g;£1.85/unit;£0.37/100g;diet-low-fat-yogurts;86;4.7;14.1;13.9;1.2;0.8;0.5;0.13
sainsburys-fabulously-fruity-apricot--pineapple--mango---peach-4x125g;Sainsbury's Fab Fruity Mango & Passionfruit, Peach & Nectarine Yogurt 4x125g;£1.85/unit;£0.37/100g;corners-everyday-yogurts;88;4.4;14.6;13.4;1.2;0.8;0.5;0.18
sainsburys-fabulously-fruity-apricot--pineapple--mango---peach-4x125g;Sainsbury's Fab Fruity Mango & Passionfruit, Peach & Nectarine Yogurt 4x125g;£1.85/unit;£0.37/100g;diet-low-fat-yogurts;88;4.4;14.6;13.4;1.2;0.8;0.5;0.18
sainsburys-fabulously-fruity-peach---nectarine-150g;Sainsbury's Fab Fruity Peach & Nectarine Yogurt 150g;£0.55/unit;£0.37/100g;corners-everyday-yogurts;93;4.7;16;16;1.0;0.7;0.5;0.18
sainsburys-fabulously-fruity-peach---nectarine-150g;Sainsbury's Fab Fruity Peach & Nectarine Yogurt 150g;£0.55/unit;£0.37/100g;diet-low-fat-yogurts;93;4.7;16;16;1.0;0.7;0.5;0.18
sainsburys-fairtrade-bananas--so-organic;Sainsbury's Fairtrade Bananas, SO Organic;£1.20/kg;£1.20/kg;bananas-grapes;107;1.2;23.2;20.9;0.5;0.1;3.1;0.01
sainsburys-fairtrade-bananas--so-organic;Sainsbury's Fairtrade Bananas, SO Organic;£1.20/kg;£1.20/kg;fruit-veg-fairtrade;107;1.2;23.2;20.9;0.5;0.1;3.1;0.01
sainsburys-fairtrade-bananas--so-organic;Sainsbury's Fairtrade Bananas, SO Organic;£1.20/kg;£1.20/kg;fruit-vegetables-organic-taste-the-difference;107;1.2;23.2;20.9;0.5;0.1;3.1;0.01
sainsburys-fairtrade-bananas-x5;Sainsbury's Fairtrade Bananas x5;£0.80/unit;£0.16/ea;bananas-grapes;95;1.2;23.2;-1;0.3;-1;1.1;
sainsburys-fairtrade-bananas-x5;Sainsbury's Fairtrade Bananas x5;£0.80/unit;£0.16/ea;fruit-veg-fairtrade;95;1.2;23.2;-1;0.3;-1;1.1;
sainsburys-fairtrade-bananas-x8;Sainsbury's Fairtrade Bananas x8;£1.25/unit;£0.16/ea;bananas-grapes;103;1.2;23.2;20.9;0.3;0.1;1.1;
sainsburys-fairtrade-bananas-x8;Sainsbury's Fairtrade Bananas x8;£1.25/unit;£0.16/ea;fruit-veg-fairtrade;103;1.2;23.2;20.9;0.3;0.1;1.1;
sainsburys-fairtrade-cashew-nuts-300g-7620988-p-44;Sainsbury's Fairtrade Cashew Nuts 300g;£4.50/unit;£1.50/100g;snacking-fruit-nuts;598;21.4;11.4;5.9;49.3;9.7;11.7;
sainsburys-fairtrade-caster-sugar-1kg-7713049-p-44;Sainsbury's Fairtrade White Caster Sugar 1kg;£1.50/unit;£1.50/kg;tea-coffee-sugar;400;0.5;99.9;99.9;0.5;0.1;0.5;0.01
sainsburys-fairtrade-demerara-cane-sugar-1kg;Sainsbury's Fairtrade Demerara Cane Sugar 1kg;£1.90/unit;£1.90/kg;tea-coffee-sugar;397;0.5;99.3;99.3;0.5;0.1;0.5;0.01
sainsburys-fairtrade-demerara-cane-sugar-2kg;Sainsbury's Fairtrade Demerara Cane Sugar 2kg;£3.50/unit;£1.75/kg;tea-coffee-sugar;397;0.5;99.3;99.3;0.5;0.1;0.5;0.01
sainsburys-fairtrade-demerara-cane-sugar-500g;Sainsbury's Fairtrade Demerara Cane Sugar 500g;£1.25/unit;£2.50/kg;tea-coffee-sugar;397;0.5;99.3;99.3;0.5;0.1;0.5;0.01
sainsburys-fairtrade-fine-beans-200g;Sainsbury's Fairtrade Fine Beans 200g;£1.50/unit;£7.50/kg;fruit-veg-fairtrade;29;1.9;3.2;2.3;0.5;0.1;2.2;0.00
sainsburys-fairtrade-fine-beans-200g;Sainsbury's Fairtrade Fine Beans 200g;£1.50/unit;£7.50/kg;peas-beans-sweetcorn-asparagus;29;1.9;3.2;2.3;0.5;0.1;2.2;0.00
sainsburys-fairtrade-golden-granulated-sugar-1kg;Sainsbury's Fairtrade Golden Granulated Sugar 1kg;£1.70/unit;£1.70/kg;tea-coffee-sugar;399;0.5;99.7;99.7;0.5;0.1;0.5;0.01
sainsburys-fairtrade-granulated-sugar-1kg-7713027-p-44;Sainsbury's Fairtrade White Granulated Sugar 1kg;£0.90/unit;£0.90/kg;tea-coffee-sugar;400;0.5;99.9;99.9;0.5;0.1;0.5;0.01
sainsburys-fairtrade-hot-chocolate--basics-500g;Sainsbury's Fairtrade Hot Chocolate, Basics 500g;£1.10/unit;£0.22/100g;hot-chocolate-milky-drinks;53;1.1;11.0;10.8;0.5;0.3;0.5;0.10
sainsburys-fairtrade-light-soft-brown-sugar-1kg-7713046-p-44;Sainsbury's Fairtrade Light Brown Soft Sugar 1kg;£2.50/unit;£2.50/kg;tea-coffee-sugar;385;0.5;96.0;96.0;0.5;0.1;0.5;0.01
sainsburys-fairtrade-light-soft-brown-sugar-500g;Sainsbury's Fairtrade Light Soft Brown Sugar 500g;£1.35/unit;£2.70/kg;tea-coffee-sugar;385;0.5;96.0;96.0;0.5;0.1;0.5;0.01
sainsburys-fairtrade-moscato--taste-the-difference-187cl;Sainsbury's Fairtrade Moscato, Taste the Difference 18.7cl;£2.50/unit;£10.03/75cl;low-alcohol-wine;111;0.5;18.0;-1;0.5;-1;-1;-1
sainsburys-fairtrade-moscato--taste-the-difference-187cl;Sainsbury's Fairtrade Moscato, Taste the Difference 18.7cl;£2.50/unit;£10.03/75cl;rose-wine;111;0.5;18.0;-1;0.5;-1;-1;-1
sainsburys-fairtrade-organic-cane-sugar-500g;Sainsbury's Fairtrade Cane Sugar, SO Organic 500g;£1.05/unit;£2.10/kg;tea-coffee-sugar;399;0.5;99.7;99.7;0.5;0.1;0.5;0.01
sainsburys-fairtrade-pineapple-50g;Sainsbury's Pineapples 50g;£1.00/unit;£2.00/100g;dessert-fruit;331;1.6;79.6;69.7;0.5;0.1;2.2;0.02
sainsburys-fairtrade-pineapple-50g;Sainsbury's Pineapples 50g;£1.00/unit;£2.00/100g;snacking-fruit-nuts;331;1.6;79.6;69.7;0.5;0.1;2.2;0.02
sainsburys-fairtrade-pineapple;Sainsbury's Pineapple, Fairtrade (each);£1.75/unit;£1.75/ea;fruit-veg-fairtrade;40;0.4;10.1;10.1;0.2;0.0;1.2;-1
sainsburys-fairtrade-pineapple;Sainsbury's Pineapple, Fairtrade (each);£1.75/unit;£1.75/ea;melon-pineapple-kiwi;40;0.4;10.1;10.1;0.2;0.0;1.2;-1
sainsburys-fairtrade-ros%C3%A9-moscato--taste-the-difference-75cl-7543630-p-44;Sainsbury's Fairtrade Rosé Moscato, Taste the Difference 75cl;£5.00/unit;£5.00/75cl;buyer-recommends;111;0.0;18.0;-1;0.0;-1;-1;-1
sainsburys-fairtrade-ros%C3%A9-moscato--taste-the-difference-75cl-7543630-p-44;Sainsbury's Fairtrade Rosé Moscato, Taste the Difference 75cl;£5.00/unit;£5.00/75cl;low-alcohol-wine;111;0.0;18.0;-1;0.0;-1;-1;-1
sainsburys-fairtrade-ros%C3%A9-moscato--taste-the-difference-75cl-7543630-p-44;Sainsbury's Fairtrade Rosé Moscato, Taste the Difference 75cl;£5.00/unit;£5.00/75cl;sparkling-wine;111;0.0;18.0;-1;0.0;-1;-1;-1
sainsburys-fairtrade-smooth-dark-chocolate-400g;Sainsbury's Fairtrade Smooth Dark Chocolate 400g;£2.50/unit;£0.63/100g;chocolate;2201529;5.7;47.8;44.2;33.1;20.8;8.3;0.01
sainsburys-fairtrade-smooth-milk-chocolate-400g;Sainsbury's Fairtrade Smooth Milk Chocolate 400g;£2.50/unit;£0.63/100g;chocolate;2244538;8.4;52.8;51.7;31.9;20.2;2.9;0.20
sainsburys-fairy-cakes--from-our-bakery-x6-139g;Sainsbury's Fairy Cakes, From Our Bakery x6 139g;£1.00/unit;£0.17/ea;cakes-from-our-bakery-12374-44;503;2.8;56.7;42.7;29.1;9.3;1.6;0.35
sainsburys-fajita-chicken-pizza-12-quot%3B;Sainsbury's Spicy Chicken Fajita Pizza 12'' 575g;£3.50/unit;£6.09/kg;pizza;253;11.7;28.8;4.4;9.5;3.0;2.7;1.13
sainsburys-falafel-240g;Sainsbury's Falafel 240g;£1.80/unit;£7.50/kg;meat-free-vegetarian;246;8.6;19.3;0.8;11.9;0.8;13.8;0.72
sainsburys-falafel-x12-200g;Sainsbury's Falafel x12 200g;£2.50/unit;£1.25/100g;deli-meat-alternatives;294;7.7;21.2;2.5;18.1;1.5;7.8;1.38
sainsburys-falafel-x12-200g;Sainsbury's Falafel x12 200g;£2.50/unit;£1.25/100g;olives-tapas-antipasti;294;7.7;21.2;2.5;18.1;1.5;7.8;1.38
sainsburys-family-apple-bag-x8-%28minimum--variety---size-will-vary%29;Sainsbury's Family Apple Bag x8 (minimum, variety & size will vary);£1.50/unit;£1.50/ea;apples-pears-rhubarb;47;0.5;11.8;11.8;0.5;0.1;1.8;0.5
sainsburys-family-beef-lasagne-15kg-%28-serves-4-%29;Sainsbury's Family Beef Lasagne 1.5kg ( Serves 4 );£6.00/unit;£4.00/kg;italian-ready-meals;148;7.8;6.8;4.0;8.6;4.1;6.7;0.53
sainsburys-family-pack-tomatoes--so-organic-400g;Sainsbury's Family Pack Tomatoes, SO Organic 400g;£1.75/unit;£4.38/kg;fresh-salad-tomatoes;20;0.7;3.1;3.1;0.5;0.1;1.0;0.02
sainsburys-family-pack-tomatoes--so-organic-400g;Sainsbury's Family Pack Tomatoes, SO Organic 400g;£1.75/unit;£4.38/kg;fresh-vegetables-tomatoes;20;0.7;3.1;3.1;0.5;0.1;1.0;0.02
sainsburys-family-pack-tomatoes--so-organic-400g;Sainsbury's Family Pack Tomatoes, SO Organic 400g;£1.75/unit;£4.38/kg;fruit-vegetables-organic-taste-the-difference;20;0.7;3.1;3.1;0.5;0.1;1.0;0.02
sainsburys-family-penne-bolognese-bake-15kg-%28-serves-4-%29;Sainsbury's Family Penne Bolognese Bake 1.5kg ( Serves 4 );£6.00/unit;£4.00/kg;italian-ready-meals;172;7.4;9.2;3.6;10.0;4.5;8.0;0.50
sainsburys-family-rice-pudding-500g;Sainsbury's Family Rice Pudding 500g;£2.75/unit;£0.55/100g;desserts;194;3.2;20;8.0;11;6.8;0.5;0.09
sainsburys-family-sausage-pasta-bake-15kg-%28-serves-4-%29;Sainsbury's Family Sausage Pasta Bake 1.5kg ( Serves 4 );£6.00/unit;£4.00/kg;italian-ready-meals;144;4.8;19.8;3.6;4.6;1.4;1.9;0.43
sainsburys-farmhouse-butter--taste-the-difference-250g;Sainsbury's Farmhouse Butter, Taste the Difference 250g;£1.70/unit;£6.80/kg;butter;753;0.5;0.5;0.5;83.2;53.1;0.5;2.13
sainsburys-farmhouse-cheese-scone-x4--taste-the-difference;Sainsbury's Farmhouse Cheese Scone x4, Taste the Difference;£1.50/unit;£0.38/ea;cakes-scones-fruited-buns;336;11.6;35.1;2.6;16.0;9.6;2.5;1.75
sainsburys-farmhouse-cheese-scone-x4--taste-the-difference;Sainsbury's Farmhouse Cheese Scone x4, Taste the Difference;£1.50/unit;£0.38/ea;scones-fruited-buns;336;11.6;35.1;2.6;16.0;9.6;2.5;1.75
sainsburys-farmhouse-mature-cheddar--so-organic-270g;Sainsbury's Farmhouse Mature Cheddar, SO Organic 270g;£2.75/unit;£10.19/kg;cheddar-british-regional-cheese;410;25.0;0.5;0.5;34.4;21.7;0.5;1.80
sainsburys-farmhouse-mature-cheddar--so-organic-270g;Sainsbury's Farmhouse Mature Cheddar, SO Organic 270g;£2.75/unit;£10.19/kg;cheeseboard-delights;410;25.0;0.5;0.5;34.4;21.7;0.5;1.80
sainsburys-farmhouse-mature-cheddar--so-organic-270g;Sainsbury's Farmhouse Mature Cheddar, SO Organic 270g;£2.75/unit;£10.19/kg;organic-taste-the-difference-cheese;410;25.0;0.5;0.5;34.4;21.7;0.5;1.80
sainsburys-farmhouse-p%C3%A2t%C3%A9-with-mushrooms-170g;Sainsbury's Farmhouse Pâté with Mushrooms 170g;£1.30/unit;£0.76/100g;mfp-pate;252;11.3;1.2;1.1;22.5;8.3;0.5;1.73
sainsburys-farmhouse-p%C3%A2t%C3%A9-with-mushrooms-170g;Sainsbury's Farmhouse Pâté with Mushrooms 170g;£1.30/unit;£0.76/100g;pate;252;11.3;1.2;1.1;22.5;8.3;0.5;1.73
sainsburys-farmhouse-toffee-ice-cream--taste-the-difference-500ml;Sainsbury's Farmhouse Toffee Ice Cream, Taste the Difference 500ml;£3.25/unit;£0.65/100ml;ice-cream-tubs;295;3.2;28.3;25.8;18.6;12.3;0.6;0.40
sainsburys-fat-free-fromage-frais--be-good-to-yourself-200g;Sainsbury's Fat Free Fromage Frais, Be Good To Yourself 200g;£0.55/unit;£0.28/100g;corners-everyday-yogurts;50;8.0;4.2;4.2;0.5;0.1;0.5;0.09
sainsburys-fat-free-fromage-frais--be-good-to-yourself-200g;Sainsbury's Fat Free Fromage Frais, Be Good To Yourself 200g;£0.55/unit;£0.28/100g;diet-low-fat-yogurts;50;8.0;4.2;4.2;0.5;0.1;0.5;0.09
sainsburys-favourite-cheese-selection-470g;Sainsbury's Favourite Cheese Selection 456g;£5.50/unit;£12.06/kg;cheddar-british-regional-cheese;364;16.7;16.3;10.3;25.6;17.9;0.6;1.00
sainsburys-favourites-chinese-takeaway-for-2-120kg;Sainsbury's Favourites Chinese Takeaway For 2 1.2kg;£7.50/unit;£6.25/kg;oriental-ready-meals;177;4.5;23.8;0.5;6.5;0.8;2.9;0.51
sainsburys-felino-salami--taste-the-difference-70g;Sainsbury's Italian Felino Salami, Taste the Difference 70g;£3.00/unit;£4.29/100g;continental-meats;411;29.5;1.0;0.5;32.0;12.0;0.5;4.40
sainsburys-felino-salami--taste-the-difference-70g;Sainsbury's Italian Felino Salami, Taste the Difference 70g;£3.00/unit;£4.29/100g;cooked-meats-taste-the-difference;411;29.5;1.0;0.5;32.0;12.0;0.5;4.40
sainsburys-felino-salami--taste-the-difference-70g;Sainsbury's Italian Felino Salami, Taste the Difference 70g;£3.00/unit;£4.29/100g;mfp-continental-meats;411;29.5;1.0;0.5;32.0;12.0;0.5;4.40
sainsburys-felino-salami--taste-the-difference-70g;Sainsbury's Italian Felino Salami, Taste the Difference 70g;£3.00/unit;£4.29/100g;mfp-cooked-meats-snacking-taste-the-difference;411;29.5;1.0;0.5;32.0;12.0;0.5;4.40
sainsburys-feta---spinach-parcels-x4;Sainsbury's Feta & Spinach Parcels x4;£2.50/unit;£3.47/100g;deli-meat-alternatives;307;5.8;23.8;2.6;20.6;5.5;1.8;0.76
sainsburys-feta---spinach-parcels-x4;Sainsbury's Feta & Spinach Parcels x4;£2.50/unit;£3.47/100g;olives-tapas-antipasti;307;5.8;23.8;2.6;20.6;5.5;1.8;0.76
sainsburys-feta-cheese--so-organic-200g;Sainsbury's Feta Cheese, SO Organic 200g;£1.85/unit;£9.25/kg;cheeseboard-delights;267;16.5;0.7;0.7;22.0;16.0;0.5;3.00
sainsburys-feta-cheese--so-organic-200g;Sainsbury's Feta Cheese, SO Organic 200g;£1.85/unit;£9.25/kg;organic-taste-the-difference-cheese;267;16.5;0.7;0.7;22.0;16.0;0.5;3.00
sainsburys-feta-stuffed-halkidiki-olives--taste-the-difference-130g;Sainsbury's Feta Stuffed Halkidiki Olives, Taste the Difference 130g;£2.60/unit;£2.00/100g;deli-meat-alternatives;163;1.9;1.4;0.5;16.1;3.0;2.4;3.06
sainsburys-feta-stuffed-halkidiki-olives--taste-the-difference-130g;Sainsbury's Feta Stuffed Halkidiki Olives, Taste the Difference 130g;£2.60/unit;£2.00/100g;olives-tapas-antipasti;163;1.9;1.4;0.5;16.1;3.0;2.4;3.06
sainsburys-fiery-ginger-beer-2l;Sainsbury's Fiery Ginger Beer 2L;£0.60/unit;£0.03/100ml;traditional;57;0.5;13.9;13.9;0.5;0.1;0.5;0.01
sainsburys-figs-140g;Sainsbury's Figs 140g;£2.50/unit;£17.86/kg;mango-exotic-fruit-dates-nuts;235;3.3;48.6;48.6;1.5;-1;6.9;-1
sainsburys-filtered-semi-skimmed-milk-2l;Sainsbury's British Filtered Semi-skimmed Milk 2L;£1.50/unit;£0.75/ltr;drinks-fresh-milk;46;3.1;4.8;4.8;1.6;1.0;0.5;0.14
sainsburys-filtered-semi-skimmed-milk-2l;Sainsbury's British Filtered Semi-skimmed Milk 2L;£1.50/unit;£0.75/ltr;fresh-milk;46;3.1;4.8;4.8;1.6;1.0;0.5;0.14
sainsburys-fine-beans---carrots-270g;Sainsbury's Fine Beans & Carrots 270g;£2.00/unit;£7.41/kg;baby-vegetables;42;1.4;7.2;4.5;0.5;0.1;2.6;0.13
sainsburys-fine-beans---carrots-270g;Sainsbury's Fine Beans & Carrots 270g;£2.00/unit;£7.41/kg;peas-beans-sweetcorn-asparagus;42;1.4;7.2;4.5;0.5;0.1;2.6;0.13
sainsburys-fine-beans---carrots-270g;Sainsbury's Fine Beans & Carrots 270g;£2.00/unit;£7.41/kg;prepared-vegetables;42;1.4;7.2;4.5;0.5;0.1;2.6;0.13
sainsburys-fine-beans---tenderstem-200g;Sainsbury's Fine Beans & Tenderstem Broccoli 200g;£2.00/unit;£10.00/kg;fresh-vegetables-stir-fry;41;3.8;4.5;2.2;0.5;0.1;2.3;0.13
sainsburys-fine-beans---tenderstem-200g;Sainsbury's Fine Beans & Tenderstem Broccoli 200g;£2.00/unit;£10.00/kg;peas-beans-sweetcorn-asparagus;41;3.8;4.5;2.2;0.5;0.1;2.3;0.13
sainsburys-fine-beans---tenderstem-200g;Sainsbury's Fine Beans & Tenderstem Broccoli 200g;£2.00/unit;£10.00/kg;prepared-vegetables;41;3.8;4.5;2.2;0.5;0.1;2.3;0.13
sainsburys-finely-chopped-green-olives-90g;Sainsbury's Finely Chopped Green Olives 90g;£1.29/unit;£1.43/100g;olives-antipasti;213;1.1;0.5;0.5;22.1;3.5;4.6;2.50
sainsburys-finely-chopped-vegetables-700g;Sainsbury's Finely Chopped Vegetables 700g;£1.50/unit;£2.14/kg;frozen-vegetables;89;1.0;5.9;5.0;6.4;0.9;2.0;0.11
sainsburys-finely-sliced-ham--be-good-to-yourself-100g;Sainsbury's Ham Finely Sliced, Be Good To Yourself 100g;£2.00/unit;£2.00/100g;ham-82654-44;98;21.1;0.5;0.5;1.5;0.6;0.5;1.38
sainsburys-finely-sliced-ham--be-good-to-yourself-100g;Sainsbury's Ham Finely Sliced, Be Good To Yourself 100g;£2.00/unit;£2.00/100g;ham;98;21.1;0.5;0.5;1.5;0.6;0.5;1.38
sainsburys-finely-sliced-ham--taste-the-difference-240g;Sainsbury's Finely Sliced Ham, Taste the Difference 240g;£4.00/unit;£1.67/100g;cooked-meats-taste-the-difference;122;25.9;0.6;0.6;1.8;0.6;0.5;2.68
sainsburys-finely-sliced-ham--taste-the-difference-240g;Sainsbury's Finely Sliced Ham, Taste the Difference 240g;£4.00/unit;£1.67/100g;ham-82654-44;122;25.9;0.6;0.6;1.8;0.6;0.5;2.68
sainsburys-finely-sliced-ham--taste-the-difference-240g;Sainsbury's Finely Sliced Ham, Taste the Difference 240g;£4.00/unit;£1.67/100g;ham;122;25.9;0.6;0.6;1.8;0.6;0.5;2.68
sainsburys-finely-sliced-ham--taste-the-difference-240g;Sainsbury's Finely Sliced Ham, Taste the Difference 240g;£4.00/unit;£1.67/100g;mfp-cooked-meats-snacking-taste-the-difference;122;25.9;0.6;0.6;1.8;0.6;0.5;2.68
sainsburys-finger-chillies-80g;Sainsbury's Finger Chillies 80g;£0.90/unit;£11.25/kg;afro-caribbean-ingredients;23;2.9;0.7;0.7;0.6;0.1;-1;0.02
sainsburys-finger-chillies-80g;Sainsbury's Finger Chillies 80g;£0.90/unit;£11.25/kg;asian-ingredients;23;2.9;0.7;0.7;0.6;0.1;-1;0.02
sainsburys-finger-chillies-80g;Sainsbury's Finger Chillies 80g;£0.90/unit;£11.25/kg;chillies-herbs-ingredients;23;2.9;0.7;0.7;0.6;0.1;-1;0.02
sainsburys-finger-chillies-80g;Sainsbury's Finger Chillies 80g;£0.90/unit;£11.25/kg;fresh-vegetables-world-exotic;23;2.9;0.7;0.7;0.6;0.1;-1;0.02
sainsburys-finger-chillies-80g;Sainsbury's Finger Chillies 80g;£0.90/unit;£11.25/kg;indian-ingredients;23;2.9;0.7;0.7;0.6;0.1;-1;0.02
sainsburys-finger-rolls-x6;Sainsbury's Finger Rolls x6;£0.70/unit;£0.12/ea;rolls;251;8.1;46.2;4.2;3.2;0.6;2.3;0.90
sainsburys-finocchiona--taste-the-difference-70g;Sainsbury's Italian Finocchiona Salami, Taste the Difference 70g;£3.00/unit;£4.29/100g;continental-meats;380;22.2;1.2;0.5;31.8;11.9;0.5;3.50
sainsburys-finocchiona--taste-the-difference-70g;Sainsbury's Italian Finocchiona Salami, Taste the Difference 70g;£3.00/unit;£4.29/100g;cooked-meats-taste-the-difference;380;22.2;1.2;0.5;31.8;11.9;0.5;3.50
sainsburys-finocchiona--taste-the-difference-70g;Sainsbury's Italian Finocchiona Salami, Taste the Difference 70g;£3.00/unit;£4.29/100g;mfp-continental-meats;380;22.2;1.2;0.5;31.8;11.9;0.5;3.50
sainsburys-finocchiona--taste-the-difference-70g;Sainsbury's Italian Finocchiona Salami, Taste the Difference 70g;£3.00/unit;£4.29/100g;mfp-cooked-meats-snacking-taste-the-difference;380;22.2;1.2;0.5;31.8;11.9;0.5;3.50
sainsburys-firecracker-king-prawns---rice-380g;Sainsbury's Firecracker King Prawns & Rice 380g;£3.60/unit;£9.47/kg;meals-for-1-ready-meals;95;3.1;15.5;4.9;1.9;0.2;1.7;0.55
sainsburys-firecracker-king-prawns---rice-380g;Sainsbury's Firecracker King Prawns & Rice 380g;£3.60/unit;£9.47/kg;oriental-ready-meals;95;3.1;15.5;4.9;1.9;0.2;1.7;0.55
sainsburys-fish---chips-350g;Sainsbury's Fish & Chips 350g;£2.30/unit;£6.57/kg;british-ready-meals;208;9.1;24.9;1.0;7.4;0.7;2.7;0.30
sainsburys-fish---chips-350g;Sainsbury's Fish & Chips 350g;£2.30/unit;£6.57/kg;meals-for-1-ready-meals;208;9.1;24.9;1.0;7.4;0.7;2.7;0.30
sainsburys-fish-fingers--basics-x10-250g;Sainsbury's Fish Fingers, Basics x10 250g;£0.65/unit;£2.60/kg;frozen-fish-seafood;206;13.1;18.0;0.9;8.8;1.0;1.0;0.71
sainsburys-fish-pie--be-good-to-yourself-450g;Sainsbury's Fish Pie, Be Good To Yourself 450g;£2.40/unit;£5.33/kg;british-ready-meals;90;6.7;10.2;0.9;2.1;0.9;1.6;0.44
sainsburys-fish-pie--be-good-to-yourself-450g;Sainsbury's Fish Pie, Be Good To Yourself 450g;£2.40/unit;£5.33/kg;healthier-choice-ready-meals;90;6.7;10.2;0.9;2.1;0.9;1.6;0.44
sainsburys-fish-pie--be-good-to-yourself-450g;Sainsbury's Fish Pie, Be Good To Yourself 450g;£2.40/unit;£5.33/kg;meals-for-1-ready-meals;90;6.7;10.2;0.9;2.1;0.9;1.6;0.44
sainsburys-fish-pie--taste-the-difference-800g-7333055-p-44;Sainsbury's Fish Pie, Taste the Difference 800g;£5.40/unit;£6.75/kg;british-ready-meals;111;8.0;10;0.7;4.1;2.3;0.5;0.62
sainsburys-fish-pie--taste-the-difference-800g-7333055-p-44;Sainsbury's Fish Pie, Taste the Difference 800g;£5.40/unit;£6.75/kg;taste-the-difference-bistro-ready-meals;111;8.0;10;0.7;4.1;2.3;0.5;0.62
sainsburys-fish-pie-mix--basics-350g;Sainsbury's Fish Pie Mix, Basics 350g;£2.00/unit;£5.71/kg;frozen-fish-seafood;88;19.6;0.5;0.5;0.9;0.2;0.5;0.86
sainsburys-fishcakes--basics-x10-500g;Sainsbury's Fishcakes, Basics x10 500g;£1.40/unit;£2.80/kg;frozen-fish-seafood;209;9.3;20.4;2.0;9.7;0.7;1.5;0.67
sainsburys-fishermans-pie--basics-300g;Sainsbury's Fish Pie, Basics 300g;£0.80/unit;£2.67/kg;british-ready-meals;89;3.3;11.5;1.1;2.8;1.3;2.1;0.58
sainsburys-fishermans-pie--basics-300g;Sainsbury's Fish Pie, Basics 300g;£0.80/unit;£2.67/kg;meals-for-1-ready-meals;89;3.3;11.5;1.1;2.8;1.3;2.1;0.58
sainsburys-flame-baked-garlic---coriander-naans-x2-260g;Sainsbury's Flame Baked Garlic & Coriander Naans x2 260g;£0.80/unit;£0.31/100g;naan-ciabatta-breads-of-the-world;279;7.1;47.5;1.6;6.1;1.1;2.4;0.80
sainsburys-flamebaked-plain-naans--large-x2-260g;Sainsbury's Flamebaked Plain Naans, Large x2 260g;£0.70/unit;£0.27/100g;naan-ciabatta-breads-of-the-world;299;7.8;48.0;1.8;7.8;1.5;2.5;0.98
sainsburys-flan-case-200g;Sainsbury's Flan Case 200g;£0.90/unit;£4.50/kg;meringues-bases;328;6.7;62.8;31.4;4.9;0.8;3.1;1.37
sainsburys-flan-case-96g;Sainsbury's Flan Case 96g;£0.70/unit;£7.29/kg;meringues-bases;328;6.7;62.8;31.4;4.9;0.8;3.1;1.37
sainsburys-flapjack-bites-x18;Sainsbury's Flapjack Bites x18;£1.60/unit;£0.09/ea;cakes-from-our-bakery-12374-44;435;5.3;56.0;31.5;20.0;9.7;4.8;0.55
sainsburys-flapjacks-x3;Sainsbury's Flapjacks x3;£1.00/unit;£0.33/ea;cakes-from-our-bakery-12374-44;435;5.3;56.0;31.5;20.0;9.7;4.8;0.55
sainsburys-flat-mushroom--so-organic-250g;Sainsbury's Flat Mushroom, SO Organic 250g;£1.60/unit;£6.40/kg;fruit-vegetables-organic-taste-the-difference;16;1.8;0.5;0.5;0.5;0.1;1.1;0.5
sainsburys-flat-mushroom--so-organic-250g;Sainsbury's Flat Mushroom, SO Organic 250g;£1.60/unit;£6.40/kg;mushrooms;16;1.8;0.5;0.5;0.5;0.1;1.1;0.5
sainsburys-florida-salad-300g;Sainsbury's Florida Salad 300g;£1.00/unit;£0.33/100g;coleslaw-salads;142;0.8;8.7;8.7;11.2;0.9;1.4;0.43
sainsburys-florida-salad-300g;Sainsbury's Florida Salad 300g;£1.00/unit;£0.33/100g;dressings-coleslaw-accompaniments;142;0.8;8.7;8.7;11.2;0.9;1.4;0.43
sainsburys-florida-salad-300g;Sainsbury's Florida Salad 300g;£1.00/unit;£0.33/100g;prepared-salad-herbs;142;0.8;8.7;8.7;11.2;0.9;1.4;0.43
sainsburys-floury-batch-rolls--white-x6;Sainsbury's Floury Batch Rolls, White x6;£0.90/unit;£0.15/ea;rolls;251;8.1;46;4.2;3.2;0.6;2.3;0.90
sainsburys-floury-batch-rolls--wholemeal-x6;Sainsbury's Floury Batch Rolls, Wholemeal x6;£0.90/unit;£0.15/ea;rolls;212;9.4;35;4.5;2.1;0.6;6.8;0.88
sainsburys-flower-sprouts-160g;Sainsbury's Flower Sprouts 160g;£1.50/unit;£9.38/kg;broccoli-cauliflower-cabbage-greens;50;3.5;3.9;2.9;1.4;0.3;4.1;0.02
sainsburys-football-crazy-cake-%28-serves-12-%29;Sainsbury's Football Crazy Cake (Serves 12);£7.00/unit;£9.33/kg;celebration-cakes;406;2.5;72;44;12;2.8;1.5;0.25
sainsburys-fos-2-crusty-bake-pork-pies-130g;Sainsbury's Crusty Bake Pork Pies x2 130g;£1.20/unit;£0.92/100g;hot-cold-pies;1531367;10.1;27.2;1.3;23.9;9.4;1.6;1.08
sainsburys-fos-2-crusty-bake-pork-pies-130g;Sainsbury's Crusty Bake Pork Pies x2 130g;£1.20/unit;£0.92/100g;lunchtime-snacks;1531367;10.1;27.2;1.3;23.9;9.4;1.6;1.08
sainsburys-fos-2-crusty-bake-pork-pies-130g;Sainsbury's Crusty Bake Pork Pies x2 130g;£1.20/unit;£0.92/100g;sausage-rolls-savouries;1531367;10.1;27.2;1.3;23.9;9.4;1.6;1.08
sainsburys-four-bean-salad-225g;Sainsbury's Four Bean Salad 225g;£1.50/unit;£0.67/100g;coleslaw--olives--salads---dips-30658-44;107;6.6;11.5;1.0;2.8;0.4;4.8;0.25
sainsburys-four-bean-salad-225g;Sainsbury's Four Bean Salad 225g;£1.50/unit;£0.67/100g;coleslaw-salads;107;6.6;11.5;1.0;2.8;0.4;4.8;0.25
sainsburys-four-bean-salad-225g;Sainsbury's Four Bean Salad 225g;£1.50/unit;£0.67/100g;dressings-coleslaw-accompaniments;107;6.6;11.5;1.0;2.8;0.4;4.8;0.25
sainsburys-four-bean-salad-225g;Sainsbury's Four Bean Salad 225g;£1.50/unit;£0.67/100g;fresh-salad-prepared-ready-to-eat;107;6.6;11.5;1.0;2.8;0.4;4.8;0.25
sainsburys-four-bean-salad-225g;Sainsbury's Four Bean Salad 225g;£1.50/unit;£0.67/100g;lunchtime-snacks;107;6.6;11.5;1.0;2.8;0.4;4.8;0.25
sainsburys-four-bean-salad-225g;Sainsbury's Four Bean Salad 225g;£1.50/unit;£0.67/100g;prepared-salad-herbs;107;6.6;11.5;1.0;2.8;0.4;4.8;0.25
sainsburys-frangipanes;Sainsbury's Frangipanes;£1.00/unit;£0.33/ea;continental-cakes;444;4.5;58.3;33.4;21.1;9.9;1.4;0.33
sainsburys-frankfurters-x10-350g;Sainsbury's Frankfurters x10 350g;£2.00/unit;£0.57/100g;mfp-snacking-cooked-sausage;285;14.0;0.5;0.5;25.2;9.2;1.0;2.23
sainsburys-frankfurters-x10-350g;Sainsbury's Frankfurters x10 350g;£2.00/unit;£0.57/100g;snacking-cooked-sausage;285;14.0;0.5;0.5;25.2;9.2;1.0;2.23
sainsburys-free-from-vegetable-fat-spread-500g;Sainsbury's Freefrom Vegetable Fat Spread 500g;£1.40/unit;£2.80/kg;spreads;603;0;0;0;67.0;17.0;0;1.40
sainsburys-free-range-egg-custard-tarts-2x85g;Sainsbury's Free Range Egg Custard Tarts 2x85g;£0.70/unit;£0.41/100g;desserts;1146273;6.3;35.0;13.8;11.8;5.3;0.9;0.14
sainsburys-free-range-egg-custard-tarts-x4;Sainsbury's Free Range Egg Custard Tarts x4;£1.20/unit;£0.30/ea;desserts;1146273;6.3;35.0;13.8;11.8;5.3;0.9;0.14
sainsburys-free-range-egg-mayonnaise-deli-filler-230g;Sainsbury's Free Range Egg Mayo Deli Filler 230g;£1.65/unit;£0.72/100g;deli-meat-alternatives;167;10.9;2.7;0.8;12.4;1.1;0.5;0.85
sainsburys-free-range-egg-mayonnaise-deli-filler-230g;Sainsbury's Free Range Egg Mayo Deli Filler 230g;£1.65/unit;£0.72/100g;sandwich-fillers2;167;10.9;2.7;0.8;12.4;1.1;0.5;0.85
sainsburys-free-range-egg-mayonnaise-deli-filler-230g;Sainsbury's Free Range Egg Mayo Deli Filler 230g;£1.65/unit;£0.72/100g;sandwich-fillers;167;10.9;2.7;0.8;12.4;1.1;0.5;0.85
sainsburys-free-range-fresh-egg-noodles-410g;Sainsbury's Free Range Fresh Egg Noodles 410g;£1.20/unit;£0.29/100g;asian-ingredients;166;5.0;28.0;0.5;3.4;0.4;1.8;0.19
sainsburys-free-range-fresh-egg-noodles-410g;Sainsbury's Free Range Fresh Egg Noodles 410g;£1.20/unit;£0.29/100g;fresh-vegetables-stir-fry;166;5.0;28.0;0.5;3.4;0.4;1.8;0.19
sainsburys-free-range-fresh-egg-noodles-410g;Sainsbury's Free Range Fresh Egg Noodles 410g;£1.20/unit;£0.29/100g;fresh-vegetables-world-exotic;166;5.0;28.0;0.5;3.4;0.4;1.8;0.19
sainsburys-free-range-fresh-egg-noodles-410g;Sainsbury's Free Range Fresh Egg Noodles 410g;£1.20/unit;£0.29/100g;prepared-stir-fry;166;5.0;28.0;0.5;3.4;0.4;1.8;0.19
sainsburys-free-range-fresh-egg-noodles-410g;Sainsbury's Free Range Fresh Egg Noodles 410g;£1.20/unit;£0.29/100g;prepared-vegetables;166;5.0;28.0;0.5;3.4;0.4;1.8;0.19
sainsburys-free-range-large-eggs-x12;Sainsbury's Free Range Large Eggs x12;£2.75/unit;£0.23/ea;eggs;143;14.1;0.5;0.5;9.6;2.7;0.5;0.38
sainsburys-free-range-mixed-weight-eggs-x6;Sainsbury's Free Range Mixed Weight Eggs x6;£0.85/unit;£0.14/ea;eggs;143;14.1;0.5;0.5;9.6;2.7;0.5;0.38
sainsburys-free-range-turkey-lean-mince-500g;Sainsbury's British Free Range Turkey Mince 3% Fat 500g;£3.50/unit;£7.00/kg;turkey;121;23.1;0.5;0.5;3.0;1.2;0.6;0.22
sainsburys-free-range-turkey-steaks-250g;Sainsbury's Free Range Turkey Steaks 250g;£3.50/unit;£14.00/kg;turkey;147;31.9;0.5;0.5;2.1;0.5;0.5;0.18
sainsburys-free-range-woodland-eggs-rich-in-omega-3-x6;Sainsbury's Free Range Woodland Eggs Rich In Omega 3 x6;£1.80/unit;£0.30/ea;eggs;143;14.1;0.5;0.5;9.6;2.7;0.5;0.38
sainsburys-free-range-woodland-large-eggs--so-organic-x6;Sainsbury's Free Range Woodland Large Eggs, SO Organic x6;£2.15/unit;£0.36/ea;eggs;143;14.1;0.5;0.5;9.6;2.7;0.5;0.38
sainsburys-free-range-woodland-large-eggs--so-organic-x6;Sainsbury's Free Range Woodland Large Eggs, SO Organic x6;£2.15/unit;£0.36/ea;organic-milk;143;14.1;0.5;0.5;9.6;2.7;0.5;0.38
sainsburys-free-range-woodland-large-eggs-x6;Sainsbury's Free Range Woodland Large Eggs x6;£1.65/unit;£0.28/ea;eggs;143;14.1;0.5;0.5;9.6;2.7;0.5;0.38
sainsburys-free-range-woodland-medium-eggs--so-organic-x6;Sainsbury's Free Range Woodland Medium Eggs, SO Organic x6;£1.90/unit;£0.32/ea;eggs;143;14.1;0.5;0.5;9.6;2.7;0.5;0.38
sainsburys-free-range-woodland-medium-eggs--so-organic-x6;Sainsbury's Free Range Woodland Medium Eggs, SO Organic x6;£1.90/unit;£0.32/ea;organic-milk;143;14.1;0.5;0.5;9.6;2.7;0.5;0.38
sainsburys-free-range-woodland-medium-eggs-x12;Sainsbury's Free Range Woodland Medium Eggs x12;£2.30/unit;£0.19/ea;eggs;143;14.1;0.5;0.5;9.6;2.7;0.5;0.38
sainsburys-free-range-woodland-medium-eggs-x6;Sainsbury's Free Range Woodland Medium Eggs x6;£1.25/unit;£0.21/ea;eggs;143;14.1;0.5;0.5;9.6;2.7;0.5;0.38
sainsburys-free-range-woodland-very-large-eggs-x6;Sainsbury's Free Range Woodland Very Large Eggs x6;£1.80/unit;£0.30/ea;eggs;143;14.1;0.5;0.5;9.6;2.7;0.5;0.38
sainsburys-freedom-food-endorsed-british-corn-fed-chicken-breast--skin-on-%28approx-310g%29;Sainsbury's British Freedom Food Corn Fed Chicken Breast, Skin On (approx. 310g);£14.10/kg;£14.10/kg;chicken;184;27.2;0.5;0.5;8.1;2.5;0.5;0.15
sainsburys-freedom-food-veal-mince--taste-the-difference-500g;Sainsbury's Freedom Food Veal Mince, Taste the Difference 500g;£4.50/unit;£9.00/kg;beef;224;25.9;0.5;0.5;13.3;5.4;0.5;0.23
sainsburys-freedom-food-veal-mince--taste-the-difference-500g;Sainsbury's Freedom Food Veal Mince, Taste the Difference 500g;£4.50/unit;£9.00/kg;organic-taste-the-difference;224;25.9;0.5;0.5;13.3;5.4;0.5;0.23
sainsburys-freefrom-beef-lasagne-400g;Sainsbury's Freefrom Beef Lasagne 400g;£3.00/unit;£7.50/kg;frozen-freefrom;170;7.9;18.0;4.0;7.2;4.1;1.0;0.51
sainsburys-freefrom-beef-lasagne-400g;Sainsbury's Freefrom Beef Lasagne 400g;£3.00/unit;£7.50/kg;frozen-ready-meals;170;7.9;18.0;4.0;7.2;4.1;1.0;0.51
sainsburys-freefrom-chicken-nuggets-425g;Sainsbury's Freefrom Chicken Nuggets 425g;£3.75/unit;£8.82/kg;frozen-chicken;258;21.4;17.5;1.1;11.1;1.3;1.0;1.10
sainsburys-freefrom-chicken-nuggets-425g;Sainsbury's Freefrom Chicken Nuggets 425g;£3.75/unit;£8.82/kg;frozen-freefrom;258;21.4;17.5;1.1;11.1;1.3;1.0;1.10
sainsburys-freefrom-chicken-steaks-x4-380g;Sainsbury's Freefrom Chicken Steaks x4 380g;£3.75/unit;£9.87/kg;frozen-chicken;272;25.4;17.5;1.2;10.9;1.3;1.3;1.23
sainsburys-freefrom-chicken-steaks-x4-380g;Sainsbury's Freefrom Chicken Steaks x4 380g;£3.75/unit;£9.87/kg;frozen-freefrom;272;25.4;17.5;1.2;10.9;1.3;1.3;1.23
sainsburys-freefrom-mini-choc-logs-220g;Sainsbury's Freefrom Mini Chocolate Logs x5 220g;£2.49/unit;£1.13/100g;cake-bars-mini-rolls;450;5.6;51;40;24;6.5;3.0;0.20
sainsburys-freefrom-pork-sausages-x10-454g;Sainsbury's Freefrom Pork Sausages x10 454g;£2.00/unit;£4.41/kg;frozen-burgers-sausages;260;13.8;9.3;0.9;18.5;6.5;0.6;1.25
sainsburys-freefrom-pork-sausages-x10-454g;Sainsbury's Freefrom Pork Sausages x10 454g;£2.00/unit;£4.41/kg;frozen-freefrom;260;13.8;9.3;0.9;18.5;6.5;0.6;1.25
sainsburys-french-camembert-cheese--taste-the-difference-250g;Sainsbury's French Camembert Cheese, Taste the Difference 250g;£2.35/unit;£9.40/kg;cheeseboard-delights;1285310;18.0;1.0;0.5;26.0;19.4;0.5;1.60
sainsburys-french-camembert-cheese--taste-the-difference-250g;Sainsbury's French Camembert Cheese, Taste the Difference 250g;£2.35/unit;£9.40/kg;organic-taste-the-difference-cheese;1285310;18.0;1.0;0.5;26.0;19.4;0.5;1.60
sainsburys-french-charcuterie-selection-80g;Sainsbury's French Charcuterie Selection 80g;£2.50/unit;£3.13/100g;continental-meats;406;27.2;0.5;0.5;32.9;12.7;0.5;5.50
sainsburys-french-charcuterie-selection-80g;Sainsbury's French Charcuterie Selection 80g;£2.50/unit;£3.13/100g;mfp-continental-meats;406;27.2;0.5;0.5;32.9;12.7;0.5;5.50
sainsburys-french-charcuterie-selection-80g;Sainsbury's French Charcuterie Selection 80g;£2.50/unit;£3.13/100g;olives-tapas-antipasti;406;27.2;0.5;0.5;32.9;12.7;0.5;5.50
sainsburys-french-chevre-blanc-goats-cheese-100g;Sainsbury's French Chevre Blanc Goats Cheese 100g;£1.70/unit;£17.00/kg;healthier-choice-special-diet-cheese;295;21.0;1.0;1.0;23.0;16.3;0.5;1.50
sainsburys-french-fries-18kg;Sainsbury's French Fries 1.8kg;£1.80/unit;£1.00/kg;chips-potatoes;247;3.2;39.3;0.5;7.7;1.0;3.7;0.18
sainsburys-french-fries-900g;Sainsbury's French Fries 900g;£1.00/unit;£1.11/kg;chips-potatoes;247;3.2;39.3;0.5;7.7;1.0;3.7;0.18
sainsburys-french-garlic-sausage-slices-x10-100g;Sainsbury's French Garlic Sausage Slices x14 100g;£2.00/unit;£2.00/100g;continental-meats;202;16.4;0.5;0.5;14.8;5.7;0.6;2.03
sainsburys-french-garlic-sausage-slices-x10-100g;Sainsbury's French Garlic Sausage Slices x14 100g;£2.00/unit;£2.00/100g;mfp-continental-meats;202;16.4;0.5;0.5;14.8;5.7;0.6;2.03
sainsburys-french-goats-cheese--mild-150g;Sainsbury's French Goats Cheese, Mild 150g;£1.85/unit;£12.33/kg;healthier-choice-special-diet-cheese;158;9.5;3.0;3.0;12.0;8.0;0.5;1.25
sainsburys-french-onion-soup-600g;Sainsbury's French Onion Soup 600g;£1.40/unit;£0.23/100g;fresh-soups;42;1.3;6.4;4.4;1.1;0.4;0.5;0.50
sainsburys-french-set-yogurts-4x125g;Sainsbury's French Set Yogurt 4x125g;£0.80/unit;£0.16/100g;corners-everyday-yogurts;88;3.4;11.8;11.8;3.0;2.0;0.0;0.10
sainsburys-french-sparkling-cider--taste-the-difference-50cl;Sainsbury's French Sparkling Cider, Taste the Difference 50cl;£1.90/unit;£3.80/ltr;cider;-1;-1;-1;-1;0.5;0.1;0.5;0.01
sainsburys-french-style-dressing--be-good-to-yourself-180ml;Sainsbury's French Style Dressing, Be Good To Yourself 180ml;£1.20/unit;£0.67/100ml;dressings-coleslaw-accompaniments;76;0.7;12.6;8.9;2.5;0.3;0.5;1.33
sainsburys-french-style-dressing-180ml;Sainsbury's French Style Dressing 180ml;£1.20/unit;£0.67/100ml;dressings-coleslaw-accompaniments;368;1.0;10.0;7.7;35.8;2.4;0.7;1.48
sainsburys-fresh-apple-juice-175l;Sainsbury's 100% Apple Juice, Not From Concentrate 1.75L;£2.30/unit;£0.13/100ml;chilled-fruit-juice;42;0.5;9.8;9.8;0.5;0.1;0.5;0.01
sainsburys-fresh-banana-flavoured-milk-1l;Sainsbury's Banana Milkshake 1L;£1.20/unit;£1.20/ltr;drinks-fresh-milk;66;3.6;10.5;9.3;1.0;0.7;0.5;0.10
sainsburys-fresh-banana-flavoured-milk-1l;Sainsbury's Banana Milkshake 1L;£1.20/unit;£1.20/ltr;flavoured-milk-92153-44;66;3.6;10.5;9.3;1.0;0.7;0.5;0.10
sainsburys-fresh-banana-flavoured-milk-1l;Sainsbury's Banana Milkshake 1L;£1.20/unit;£1.20/ltr;flavoured-milk;66;3.6;10.5;9.3;1.0;0.7;0.5;0.10
sainsburys-fresh-chocolate-flavoured-milk-1l;Sainsbury's Chocolate Milkshake 1L;£1.20/unit;£1.20/ltr;drinks-fresh-milk;72;3.8;10.7;9.4;1.4;1.0;0.5;0.10
sainsburys-fresh-chocolate-flavoured-milk-1l;Sainsbury's Chocolate Milkshake 1L;£1.20/unit;£1.20/ltr;flavoured-milk-92153-44;72;3.8;10.7;9.4;1.4;1.0;0.5;0.10
sainsburys-fresh-chocolate-flavoured-milk-1l;Sainsbury's Chocolate Milkshake 1L;£1.20/unit;£1.20/ltr;flavoured-milk;72;3.8;10.7;9.4;1.4;1.0;0.5;0.10
sainsburys-fresh-cream-belgian-chocolate-eclairs-4x35g;Sainsbury's Fresh Cream Belgian Chocolate Eclairs 4x35g;£1.40/unit;£1.00/100g;desserts;383;6.3;29.8;20.2;26.1;11.7;1.8;0.14
sainsburys-fresh-cream-cake-selection-x4-225g;Sainsbury's Fresh Cream Cake Selection x4 225g;£2.00/unit;£0.78/100g;desserts;268;5.2;34.9;12.4;11.6;4.4;1.7;0.68
sainsburys-fresh-cream-cake-selection-x6;Sainsbury's Fresh Cream Cake Selection x6;£3.00/unit;£0.90/100g;desserts;354;5.9;47.8;20.2;15.2;9.6;1.2;0.60
sainsburys-fresh-cream-jam-doughnuts-2x73g;Sainsbury's Fresh Cream Jam Doughnuts 2x73g;£1.20/unit;£0.60/ea;desserts;321;6.0;40.3;13.2;14.8;6.6;1.4;0.78
sainsburys-fresh-cream-slices-2x70g;Sainsbury's Fresh Cream Slices 2x70g;£1.20/unit;£0.86/100g;desserts;391;3.6;48.5;28.3;20.1;11.3;0.9;0.27
sainsburys-fresh-cream-strawberry-scones-x2-64g;Sainsbury's Fresh Cream Strawberry Scones x2 64g;£1.20/unit;£0.94/100g;desserts;354;5.9;47.8;20.2;15.2;9.6;1.2;0.60
sainsburys-fresh-custard--be-good-to-yourself-300g;Sainsbury's Fresh Custard, Be Good To Yourself 300g;£1.10/unit;£0.37/100g;fresh-cream-custard;64;3.0;9.6;3.5;1.5;1.0;0.0;
sainsburys-fresh-custard-300g;Sainsbury's Fresh Custard 300g;£1.10/unit;£0.37/100g;fresh-cream-custard;119;2.6;14.4;10.0;5.7;3.8;0.0;
sainsburys-fresh-custard-slices-x2-180g;Sainsbury's Fresh Custard Slices x2 180g;£1.20/unit;£0.67/100g;desserts;300;3.3;38.9;23.5;14.4;8.0;0.6;0.27
sainsburys-fresh-egg-fusilli-500g;Sainsbury's Fresh Egg Fusilli 500g;£1.65/unit;£3.30/kg;fresh-pasta-sauces;151;6.3;26.9;0.5;1.6;0.4;1.9;0.03
sainsburys-fresh-egg-fusilli-500g;Sainsbury's Fresh Egg Fusilli 500g;£1.65/unit;£3.30/kg;vegetarian-meat-free-pizza-pasta;151;6.3;26.9;0.5;1.6;0.4;1.9;0.03
sainsburys-fresh-egg-lasagne-sheets-250g;Sainsbury's Fresh Egg Lasagne Sheets 250g;£1.30/unit;£5.20/kg;fresh-pasta-sauces;173;6.3;31.8;0.8;1.8;0.4;2.4;0.02
sainsburys-fresh-egg-lasagne-sheets-250g;Sainsbury's Fresh Egg Lasagne Sheets 250g;£1.30/unit;£5.20/kg;vegetarian-meat-free-pizza-pasta;173;6.3;31.8;0.8;1.8;0.4;2.4;0.02
sainsburys-fresh-egg-penne-250g;Sainsbury's Fresh Egg Penne 250g;£1.20/unit;£4.80/kg;fresh-pasta-sauces;151;6.3;26.9;0.5;1.6;0.4;1.9;0.03
sainsburys-fresh-flat-leaf-parsley-100g;Sainsbury's Fresh Packed Flat Leaf Parsley 100g;£1.25/unit;£0.13/10g;chillies-herbs-ingredients;51;3.0;6.3;0.9;0.8;0.1;3.3;0.15
sainsburys-fresh-flat-leaf-parsley-100g;Sainsbury's Fresh Packed Flat Leaf Parsley 100g;£1.25/unit;£0.13/10g;fresh-pot-herbs;51;3.0;6.3;0.9;0.8;0.1;3.3;0.15
sainsburys-fresh-flat-leaf-parsley-100g;Sainsbury's Fresh Packed Flat Leaf Parsley 100g;£1.25/unit;£0.13/10g;mediterranean-ingredients;51;3.0;6.3;0.9;0.8;0.1;3.3;0.15
sainsburys-fresh-for-longer-white-bread--medium-800g;Sainsbury's Fresh For Longer White Bread, Medium Sliced 800g;£0.55/unit;£0.07/100g;white-bread;241;7.4;45.3;4.4;2.7;0.5;3.0;0.94
sainsburys-fresh-for-longer-wholemeal-bread--medium-800g;Sainsbury's Fresh For Longer Wholemeal Bread, Medium Sliced 800g;£0.55/unit;£0.07/100g;wholemeal-brown-bread;234;10.5;38.3;4.0;2.8;0.5;6.6;0.90
sainsburys-fresh-galangal-100g;Sainsbury's Fresh Galangal 100g;£2.00/unit;£20.00/kg;asian-ingredients;11;0.5;1.8;1.2;0.5;0.1;0.5;0.22
sainsburys-fresh-galangal-100g;Sainsbury's Fresh Galangal 100g;£2.00/unit;£20.00/kg;chillies-herbs-ingredients;11;0.5;1.8;1.2;0.5;0.1;0.5;0.22
sainsburys-fresh-galangal-100g;Sainsbury's Fresh Galangal 100g;£2.00/unit;£20.00/kg;fresh-vegetables-world-exotic;11;0.5;1.8;1.2;0.5;0.1;0.5;0.22
sainsburys-fresh-galangal-100g;Sainsbury's Fresh Galangal 100g;£2.00/unit;£20.00/kg;indian-ingredients;11;0.5;1.8;1.2;0.5;0.1;0.5;0.22
sainsburys-fresh-gnocchi-500g;Sainsbury's Fresh Gnocchi 500g;£1.65/unit;£3.30/kg;fresh-pasta-sauces;155;3.8;33.6;0.5;0.5;0.1;1.4;1.00
sainsburys-fresh-gnocchi-500g;Sainsbury's Fresh Gnocchi 500g;£1.65/unit;£3.30/kg;vegetarian-meat-free-pizza-pasta;155;3.8;33.6;0.5;0.5;0.1;1.4;1.00
sainsburys-fresh-grated-parmigiano-60g;Sainsbury's Fresh Grated Parmigiano 60g;£1.60/unit;£26.67/kg;sliced-grated-cheese;388;33.0;0.0;0.0;28.4;20.9;0.0;0.65
sainsburys-fresh-living-basil-pot;Sainsbury's Fresh Living Basil Pot;£1.25/unit;£1.25/ea;asian-ingredients;40;2.5;4.3;-1;0.6;-1;-1;-1
sainsburys-fresh-living-basil-pot;Sainsbury's Fresh Living Basil Pot;£1.25/unit;£1.25/ea;chillies-herbs-ingredients;40;2.5;4.3;-1;0.6;-1;-1;-1
sainsburys-fresh-living-basil-pot;Sainsbury's Fresh Living Basil Pot;£1.25/unit;£1.25/ea;fresh-pot-herbs;40;2.5;4.3;-1;0.6;-1;-1;-1
sainsburys-fresh-living-basil-pot;Sainsbury's Fresh Living Basil Pot;£1.25/unit;£1.25/ea;mediterranean-ingredients;40;2.5;4.3;-1;0.6;-1;-1;-1
sainsburys-fresh-living-coriander-pot;Sainsbury's Fresh Living Coriander Pot;£1.25/unit;£1.25/ea;asian-ingredients;33;2.1;3.7;-1;0.5;-1;-1;-1
sainsburys-fresh-living-coriander-pot;Sainsbury's Fresh Living Coriander Pot;£1.25/unit;£1.25/ea;chillies-herbs-ingredients;33;2.1;3.7;-1;0.5;-1;-1;-1
sainsburys-fresh-living-coriander-pot;Sainsbury's Fresh Living Coriander Pot;£1.25/unit;£1.25/ea;fresh-pot-herbs;33;2.1;3.7;-1;0.5;-1;-1;-1
sainsburys-fresh-living-coriander-pot;Sainsbury's Fresh Living Coriander Pot;£1.25/unit;£1.25/ea;indian-ingredients;33;2.1;3.7;-1;0.5;-1;-1;-1
sainsburys-fresh-living-coriander-pot;Sainsbury's Fresh Living Coriander Pot;£1.25/unit;£1.25/ea;mediterranean-ingredients;33;2.1;3.7;-1;0.5;-1;-1;-1
sainsburys-fresh-living-curly-parsley-pot;Sainsbury's Fresh Living Curly Parsley Pot;£1.25/unit;£1.25/ea;chillies-herbs-ingredients;51;3.0;6.3;-1;0.8;-1;-1;-1
sainsburys-fresh-living-curly-parsley-pot;Sainsbury's Fresh Living Curly Parsley Pot;£1.25/unit;£1.25/ea;fresh-pot-herbs;51;3.0;6.3;-1;0.8;-1;-1;-1
sainsburys-fresh-living-curly-parsley-pot;Sainsbury's Fresh Living Curly Parsley Pot;£1.25/unit;£1.25/ea;mediterranean-ingredients;51;3.0;6.3;-1;0.8;-1;-1;-1
sainsburys-fresh-living-flat-leaf-parsley-pot-240g;Sainsbury's Fresh Living Flat Leaf Parsley Pot 240g;£1.25/unit;£1.25/ea;chillies-herbs-ingredients;51;3.0;6.3;-1;0.8;-1;-1;-1
sainsburys-fresh-living-flat-leaf-parsley-pot-240g;Sainsbury's Fresh Living Flat Leaf Parsley Pot 240g;£1.25/unit;£1.25/ea;fresh-pot-herbs;51;3.0;6.3;-1;0.8;-1;-1;-1
sainsburys-fresh-living-flat-leaf-parsley-pot-240g;Sainsbury's Fresh Living Flat Leaf Parsley Pot 240g;£1.25/unit;£1.25/ea;mediterranean-ingredients;51;3.0;6.3;-1;0.8;-1;-1;-1
sainsburys-fresh-living-greek-basil-pot;Sainsbury's Fresh Living Greek Basil Pot;£1.50/unit;£1.50/ea;chillies-herbs-ingredients;33;2.5;4.3;-1;0.6;-1;-1;-1
sainsburys-fresh-living-greek-basil-pot;Sainsbury's Fresh Living Greek Basil Pot;£1.50/unit;£1.50/ea;fresh-pot-herbs;33;2.5;4.3;-1;0.6;-1;-1;-1
sainsburys-fresh-living-greek-basil-pot;Sainsbury's Fresh Living Greek Basil Pot;£1.50/unit;£1.50/ea;mediterranean-ingredients;33;2.5;4.3;-1;0.6;-1;-1;-1
sainsburys-fresh-living-mint-pot;Sainsbury's Fresh Living Mint Pot;£1.75/unit;£1.75/ea;chillies-herbs-ingredients;38;3.3;1.1;-1;0.7;-1;-1;-1
sainsburys-fresh-living-mint-pot;Sainsbury's Fresh Living Mint Pot;£1.75/unit;£1.75/ea;fresh-pot-herbs;38;3.3;1.1;-1;0.7;-1;-1;-1
sainsburys-fresh-living-mint-pot;Sainsbury's Fresh Living Mint Pot;£1.75/unit;£1.75/ea;indian-ingredients;38;3.3;1.1;-1;0.7;-1;-1;-1
sainsburys-fresh-living-mint-pot;Sainsbury's Fresh Living Mint Pot;£1.75/unit;£1.75/ea;mediterranean-ingredients;38;3.3;1.1;-1;0.7;-1;-1;-1
sainsburys-fresh-living-thyme-pot;Sainsbury's Fresh Living Thyme Pot;£1.25/unit;£1.25/ea;afro-caribbean-ingredients;136;5.6;24.5;-1;1.7;-1;-1;-1
sainsburys-fresh-living-thyme-pot;Sainsbury's Fresh Living Thyme Pot;£1.25/unit;£1.25/ea;chillies-herbs-ingredients;136;5.6;24.5;-1;1.7;-1;-1;-1
sainsburys-fresh-living-thyme-pot;Sainsbury's Fresh Living Thyme Pot;£1.25/unit;£1.25/ea;fresh-pot-herbs;136;5.6;24.5;-1;1.7;-1;-1;-1
sainsburys-fresh-living-thyme-pot;Sainsbury's Fresh Living Thyme Pot;£1.25/unit;£1.25/ea;mediterranean-ingredients;136;5.6;24.5;-1;1.7;-1;-1;-1
sainsburys-fresh-mint---lamb-chipolatas-taste-the-difference-x10-300g;Sainsbury's Lamb & Mint Chipolata Sausages, Taste the Difference x10 300g;£2.80/unit;£9.33/kg;lamb;219;20.6;7.6;3.1;11.6;5.3;0.8;1.45
sainsburys-fresh-mint---lamb-chipolatas-taste-the-difference-x10-300g;Sainsbury's Lamb & Mint Chipolata Sausages, Taste the Difference x10 300g;£2.80/unit;£9.33/kg;organic-taste-the-difference;219;20.6;7.6;3.1;11.6;5.3;0.8;1.45
sainsburys-fresh-mint---lamb-chipolatas-taste-the-difference-x10-300g;Sainsbury's Lamb & Mint Chipolata Sausages, Taste the Difference x10 300g;£2.80/unit;£9.33/kg;sausages;219;20.6;7.6;3.1;11.6;5.3;0.8;1.45
sainsburys-fresh-orange-juice--so-organic-1l;Sainsbury's Freshly Squeezed Orange Juice, SO Organic 1L;£2.25/unit;£0.23/100ml;chilled-fruit-juice;45;0.6;10.0;10.0;0.5;0.1;0.5;0.01
sainsburys-fresh-orange-juice-smooth-175l;Sainsbury's 100% Pure Squeezed Smooth Orange Juice, Not From Concentrate 1.75L;£2.30/unit;£0.13/100ml;chilled-fruit-juice;44;0.6;10.0;10.0;0.5;0.1;0.5;0.01
sainsburys-fresh-penne-pasta-500g;Sainsbury's Fresh Egg Penne 500g;£1.65/unit;£3.30/kg;fresh-pasta-sauces;151;6.3;26.9;0.5;1.6;0.4;1.9;0.03
sainsburys-fresh-penne-pasta-500g;Sainsbury's Fresh Egg Penne 500g;£1.65/unit;£3.30/kg;vegetarian-meat-free-pizza-pasta;151;6.3;26.9;0.5;1.6;0.4;1.9;0.03
sainsburys-fresh-salad-cress-20g;Sainsbury's Fresh Salad Cress 20g;£0.25/unit;£0.13/10g;fresh-pot-herbs;37;3.8;4.8;-1;0.3;-1;-1;-1
sainsburys-fresh-salad-cress-20g;Sainsbury's Fresh Salad Cress 20g;£0.25/unit;£0.13/10g;lettuce;37;3.8;4.8;-1;0.3;-1;-1;-1
sainsburys-fresh-salad-cress-20g;Sainsbury's Fresh Salad Cress 20g;£0.25/unit;£0.13/10g;mediterranean-ingredients;37;3.8;4.8;-1;0.3;-1;-1;-1
sainsburys-fresh-spaghetti-500g;Sainsbury's Fresh Egg Spaghetti 500g;£1.65/unit;£3.30/kg;fresh-pasta-sauces;142;5.2;27.3;0.3;1.3;0.4;0.2;0.23
sainsburys-fresh-spaghetti-500g;Sainsbury's Fresh Egg Spaghetti 500g;£1.65/unit;£3.30/kg;vegetarian-meat-free-pizza-pasta;142;5.2;27.3;0.3;1.3;0.4;0.2;0.23
sainsburys-fresh-strawberry-flavoured-milk-1l;Sainsbury's Strawberry Milkshake 1L;£1.20/unit;£1.20/ltr;drinks-fresh-milk;69;4.0;10.6;10.6;1.1;0.7;0.5;0.13
sainsburys-fresh-strawberry-flavoured-milk-1l;Sainsbury's Strawberry Milkshake 1L;£1.20/unit;£1.20/ltr;flavoured-milk-92153-44;69;4.0;10.6;10.6;1.1;0.7;0.5;0.13
sainsburys-fresh-strawberry-flavoured-milk-1l;Sainsbury's Strawberry Milkshake 1L;£1.20/unit;£1.20/ltr;flavoured-milk;69;4.0;10.6;10.6;1.1;0.7;0.5;0.13
sainsburys-fresh-tomato---mascarpone-sauce-350g;Sainsbury's Tomato & Mascarpone Sauce 350g;£1.40/unit;£0.40/100g;fresh-pasta-sauces;73;1.5;5.7;3.4;4.7;2.5;0.7;0.70
sainsburys-fresh-tomato---mascarpone-sauce-350g;Sainsbury's Tomato & Mascarpone Sauce 350g;£1.40/unit;£0.40/100g;vegetarian-meat-free-pizza-pasta;73;1.5;5.7;3.4;4.7;2.5;0.7;0.70
sainsburys-fresh-turmeric-100g;Sainsbury's Fresh Turmeric 100g;£1.50/unit;£15.00/kg;chillies-herbs-ingredients;40;0.5;7.7;1.0;0.5;1.0;2.5;0.25
sainsburys-fresh-turmeric-100g;Sainsbury's Fresh Turmeric 100g;£1.50/unit;£15.00/kg;fresh-vegetables-world-exotic;40;0.5;7.7;1.0;0.5;1.0;2.5;0.25
sainsburys-fresh-turmeric-100g;Sainsbury's Fresh Turmeric 100g;£1.50/unit;£15.00/kg;indian-ingredients;40;0.5;7.7;1.0;0.5;1.0;2.5;0.25
sainsburys-freshly-squeezed-orange-juice-with-bits--taste-the-difference-1l;Sainsbury's Freshly Squeezed Orange Juice with Bits, Taste the Difference 1L;£2.50/unit;£0.25/100ml;chilled-fruit-juice;53;0.7;11.4;9.2;0.5;0.1;0.5;0.03
sainsburys-freshly-squeezed-orange-juice-with-bits--taste-the-difference-500ml;Sainsbury's Freshly Squeezed Orange Juice with Bits, Taste the Difference 500ml;£1.70/unit;£0.34/100ml;chilled-fruit-juice;53;0.7;11.4;9.2;0.5;0.1;0.5;0.03
sainsburys-fromage-frais--basics-6x50g;Sainsbury's Fromage Frais, Basics 6x50g;£0.45/unit;£0.15/100g;corners-everyday-yogurts;87;4.9;13;12;1.5;1.0;0.5;0.09
sainsburys-fromage-frais--basics-6x50g;Sainsbury's Fromage Frais, Basics 6x50g;£0.45/unit;£0.15/100g;diet-low-fat-yogurts;87;4.9;13;12;1.5;1.0;0.5;0.09
sainsburys-frosted-flakes-cereal-750g;Sainsbury's Frosted Flakes Cereal 750g;£1.95/unit;£0.26/100g;bigger-packs;381;4.9;88;37;0.6;0.2;2.0;0.55
sainsburys-frozen-chicken-drumsticks-2kg;Sainsbury's Chicken Drumsticks 2kg;£4.95/unit;£2.48/kg;frozen-chicken;175;26.1;0.5;0.5;7.8;2.1;0.5;0.13
sainsburys-frozen-chicken-fillets-pieces-500g;Sainsbury's Chicken Fillets Pieces 500g;£3.30/unit;£6.60/kg;frozen-chicken;137;27.7;0.5;0.5;2.5;0.1;0.5;0.12
sainsburys-frozen-chicken-thighs-2kg;Sainsbury's Chicken Thighs 2kg;£4.95/unit;£2.48/kg;frozen-chicken;226;25.2;0.5;0.5;13.9;3.7;0.5;0.13
sainsburys-frozen-pork-chops--basics-800g;Sainsbury's Frozen Pork Chops, Basics 800g;£2.55/unit;£3.19/kg;frozen-pork;261;31.5;0.5;0.5;14.8;5.5;0.5;0.25
sainsburys-frozen-raspberries-350g;Sainsbury's Frozen Raspberries 350g;£2.20/unit;£0.63/100g;desserts-fruit;32;1.4;4.6;4.6;0.5;0.1;2.5;0.01
sainsburys-frozen-raspberries-350g;Sainsbury's Frozen Raspberries 350g;£2.20/unit;£0.63/100g;frozen-fruit;32;1.4;4.6;4.6;0.5;0.1;2.5;0.01
sainsburys-fruit---honey-seed-mix-30g;Sainsbury's Fruit & Honey Seed Mix 30g;£0.50/unit;£1.67/100g;dressings-coleslaw-accompaniments;374;10.7;44.8;37.1;15.7;2.3;5.3;0.02
sainsburys-fruit-cocktail--basics-1l;Sainsbury's Fruit Cocktail Juice Drink, Basics 1L;£0.80/unit;£0.08/100ml;chilled-fruit-juice;38;0.5;9.3;7.4;0.5;0.1;0.5;0.01
sainsburys-fruit-cocktail-drink-2l;Sainsbury's Fruit Cocktail Juice Drink 2L;£1.40/unit;£0.07/100ml;chilled-fruit-juice;42;0.5;10.3;9.2;0.5;0.1;0.5;0.01
sainsburys-fruit-cocktail-in-fruit-juice-227g;Sainsbury's Fruit Cocktail In Fruit Juice 227g;£0.65/unit;£2.86/kg;dessert-fruit;47;0.5;10.8;9.7;0.5;0.1;0.9;0.02
sainsburys-fruit-cocktail-in-fruit-juice-411g;Sainsbury's Fruit Cocktail In Fruit Juice 411g;£1.00/unit;£2.43/kg;dessert-fruit;47;0.5;10.8;9.7;0.5;0.1;0.9;0.02
sainsburys-fruit-cocktail-juice-drink-2l;Sainsbury's Fruit Cocktail Juice Drink, Reduced Sugar 2L;£1.40/unit;£0.07/100ml;chilled-fruit-juice;29;0.5;7.0;6.2;0.5;0.1;0.5;0.01
sainsburys-fruit-cocktail-trifle--basics-600g;Sainsbury's Fruit Cocktail Trifle, Basics 600g;£1.35/unit;£0.23/100g;desserts;149;1.7;21.0;17.1;6.3;4.0;0.8;0.21
sainsburys-fruit-dairy-splits-x6-438ml;Sainsbury's Fruit Juice Ice Cream Splits 6x73ml;£1.30/unit;£0.30/100ml;lollies-bars-cones;143;2.0;24.0;22.5;4.3;2.9;0.5;0.28
sainsburys-fruit-flapjacks-x5-175g;Sainsbury's Fruit Flapjacks x5 175g;£1.00/unit;£0.20/ea;flapjacks-traybakes-bites;435;5.3;59;38;19;9.2;3.4;0.45
sainsburys-fruit-fool-mango---passionfruit-114g;Sainsbury's Fruit Fool Mango & Passionfruit 114g;£0.70/unit;£0.61/100g;luxury-yogurts;172;3.4;9.5;9.5;13.3;9.2;0.5;0.10
sainsburys-fruit-fool-mango---passionfruit-114g;Sainsbury's Fruit Fool Mango & Passionfruit 114g;£0.70/unit;£0.61/100g;rice-dessert-style-yogurts;172;3.4;9.5;9.5;13.3;9.2;0.5;0.10
sainsburys-fruit-fool-strawberry---cream-114g;Sainsbury's Fruit Fool Strawberry & Cream 114g;£0.70/unit;£0.61/100g;rice-dessert-style-yogurts;172;2.9;13.4;11.9;11.7;8.1;0.5;0.08
sainsburys-fruit-juice-lollies-8x73ml;Sainsbury's Fruit Juice Lollies 8x73ml;£1.30/unit;£0.22/100ml;lollies-bars-cones;88;0.5;21.5;19.4;0.5;0.1;0.5;0.01
sainsburys-fruit-loaf-388g;Sainsbury's Fruit Loaf 388g;£0.95/unit;£0.24/100g;cakes-scones-fruited-buns;287;7.7;51.2;19.5;5.1;0.9;2.7;0.36
sainsburys-fruit-loaf-388g;Sainsbury's Fruit Loaf 388g;£0.95/unit;£0.24/100g;scones-fruited-buns;287;7.7;51.2;19.5;5.1;0.9;2.7;0.36
sainsburys-fruit-nut-medley-35g;Sainsbury's Fruit & Nut Medley 35g;£2.50/unit;£1.00/100g;snacking-fruit-nuts;465;8.8;42.3;37.9;28.0;4.5;4.3;0.01
sainsburys-fruit-spirals-x5-350ml;Sainsbury's Fruit Spirals x5 350ml;£1.30/unit;£0.37/100ml;lollies-bars-cones;83;0.5;20.3;19.6;0.5;0.1;0.5;0.08
sainsburys-fruity-cous-cous-200g;Sainsbury's Fruity Cous Cous 200g;£1.50/unit;£0.75/100g;coleslaw--olives--salads---dips-30658-44;194;4.4;33.2;9.5;4.5;0.4;1.7;0.28
sainsburys-fruity-cous-cous-200g;Sainsbury's Fruity Cous Cous 200g;£1.50/unit;£0.75/100g;coleslaw-salads;194;4.4;33.2;9.5;4.5;0.4;1.7;0.28
sainsburys-fruity-cous-cous-200g;Sainsbury's Fruity Cous Cous 200g;£1.50/unit;£0.75/100g;dressings-coleslaw-accompaniments;194;4.4;33.2;9.5;4.5;0.4;1.7;0.28
sainsburys-fruity-cous-cous-200g;Sainsbury's Fruity Cous Cous 200g;£1.50/unit;£0.75/100g;lunchtime-snacks;194;4.4;33.2;9.5;4.5;0.4;1.7;0.28
sainsburys-fruity-cous-cous-200g;Sainsbury's Fruity Cous Cous 200g;£1.50/unit;£0.75/100g;prepared-salad-herbs;194;4.4;33.2;9.5;4.5;0.4;1.7;0.28
sainsburys-fruity-hot-cross-buns--taste-the-difference-x4-280g;Sainsbury's Fruity Hot Cross Buns, Taste the Difference x4 280g;£1.70/unit;£0.43/ea;cakes-scones-fruited-buns;298;7.6;54.2;25.7;5.0;1.3;2.7;0.65
sainsburys-fruity-hot-cross-buns--taste-the-difference-x4-280g;Sainsbury's Fruity Hot Cross Buns, Taste the Difference x4 280g;£1.70/unit;£0.43/ea;easter-treats;298;7.6;54.2;25.7;5.0;1.3;2.7;0.65
sainsburys-fruity-hot-cross-buns--taste-the-difference-x4-280g;Sainsbury's Fruity Hot Cross Buns, Taste the Difference x4 280g;£1.70/unit;£0.43/ea;scones-fruited-buns;298;7.6;54.2;25.7;5.0;1.3;2.7;0.65
sainsburys-fudge-mousse--taste-the-difference-100g;Sainsbury's Mousse West Country Fudge, Taste the Difference 100g;£1.00/unit;£1.00/100g;desserts;290;4.6;23.2;23.2;19.8;13.3;0.5;0.15
sainsburys-fudge-mousse--taste-the-difference-100g;Sainsbury's Mousse West Country Fudge, Taste the Difference 100g;£1.00/unit;£1.00/100g;luxury-yogurts;290;4.6;23.2;23.2;19.8;13.3;0.5;0.15
sainsburys-fudge-mousse--taste-the-difference-100g;Sainsbury's Mousse West Country Fudge, Taste the Difference 100g;£1.00/unit;£1.00/100g;rice-dessert-style-yogurts;290;4.6;23.2;23.2;19.8;13.3;0.5;0.15
sainsburys-fudge-yogurt--taste-the-difference-150g;Sainsbury's West Country Creamy Fudge Yogurt, Taste the Difference 150g;£0.75/unit;£0.50/100g;luxury-yogurts;154;3.0;17.8;17.6;7.8;5.1;0.8;0.15
sainsburys-full-flavour-cheddar--basics-1kg;Sainsbury's Full Flavour Cheddar, Basics 1kg;£4.80/unit;£4.80/kg;cheddar-british-regional-cheese;390;25.5;0.5;0.5;32.0;20.8;0.5;1.80
sainsburys-full-flavour-cheddar--basics-300g;Sainsbury's Full Flavour Cheddar, Basics 300g;£2.00/unit;£6.67/kg;cheddar-british-regional-cheese;390;25.5;0.5;0.5;32.0;20.8;0.5;1.80
sainsburys-full-flavour-cheddar--basics-625g;Sainsbury's Full Flavour Cheddar, Basics 625g;£4.00/unit;£6.40/kg;cheddar-british-regional-cheese;390;25.5;0.5;0.5;32.0;20.8;0.5;1.80
sainsburys-galia-melon-%28each%29;Sainsbury's Galia Melon (each);£2.00/unit;£2.00/ea;melon-pineapple-kiwi;24;0.5;5.6;5.6;0.1;0.0;0;
sainsburys-gammon-dinner-400g;Sainsbury's Gammon Dinner 400g;£1.75/unit;£4.38/kg;frozen-ready-meals;79;4.5;9.1;1.6;2.4;1.2;1.7;0.55
sainsburys-gammon-joint-with-muscovado---orange-glaze-13kg;Sainsbury's Gammon Joint With Muscovado & Orange Glaze 1.3kg;£10.00/unit;£7.69/kg;gammon;151;27.2;3.5;3.5;3.1;1.1;0.5;2.38
sainsburys-garden-peas--basics-12kg;Sainsbury's Garden Peas, Basics 1.2kg;£1.40/unit;£1.17/kg;frozen-vegetables;79;5.9;9.0;2.6;0.9;0.2;5.5;0.01
sainsburys-garden-peas--taste-the-difference-750g;Sainsbury's Garden Peas, Taste the Difference 750g;£2.00/unit;£2.67/kg;frozen-vegetables;79;5.9;9.0;2.6;0.9;0.2;5.5;0.01
sainsburys-garden-vegetables-240g;Sainsbury's Garden Vegetables 240g;£1.50/unit;£6.25/kg;prepared-vegetables;28;2.1;2.5;2.3;0.6;0.1;1.9;0.25
sainsburys-garlic---cheese-pizza-bread-275g;Sainsbury's Garlic & Cheese Pizza Bread 275g;£1.70/unit;£0.62/100g;garlic-bread;298;10.0;41.0;2.6;10.0;5.2;1.8;1.05
sainsburys-garlic---cheese-pizza-bread-275g;Sainsbury's Garlic & Cheese Pizza Bread 275g;£1.70/unit;£0.62/100g;vegetarian-meat-free-pizza-pasta;298;10.0;41.0;2.6;10.0;5.2;1.8;1.05
sainsburys-garlic---cheese-slices-x8-250g;Sainsbury's Garlic & Cheese Slices x8 250g;£1.40/unit;£0.56/100g;garlic-bread;340;9.5;35.9;1.8;17.0;8.3;2.8;1.07
sainsburys-garlic---cheese-slices-x8-250g;Sainsbury's Garlic & Cheese Slices x8 250g;£1.40/unit;£0.56/100g;vegetarian-meat-free-pizza-pasta;340;9.5;35.9;1.8;17.0;8.3;2.8;1.07
sainsburys-garlic---chilli-chicken-%28medium---spicy%29-400g;Sainsbury's Garlic & Chilli Chicken (medium & spicy) 400g;£3.30/unit;£8.25/kg;indian-ready-meals;121;11.9;5.5;3.0;5.2;0.4;2.0;0.61
sainsburys-garlic---coriander-large-naan-bread--taste-the-difference;Sainsbury's Garlic & Coriander Large Naan Bread, Taste the Difference;£1.70/unit;£0.85/ea;naan-ciabatta-breads-of-the-world;299;7.4;44.9;1.5;9.3;2.9;2.8;0.83
sainsburys-garlic---coriander-naan-130g;Sainsbury's Garlic & Coriander Naan 130g;£0.50/unit;£0.38/100g;indian-ready-meals;266;8.3;47.5;2.3;4.1;0.3;2.8;0.76
sainsburys-garlic---coriander-naan-130g;Sainsbury's Garlic & Coriander Naan 130g;£0.50/unit;£0.38/100g;vegetarian-meat-free-ready-meals;266;8.3;47.5;2.3;4.1;0.3;2.8;0.76
sainsburys-garlic---coriander-naan-260g;Sainsbury's Garlic & Coriander Naan 260g;£0.75/unit;£0.29/100g;indian-ready-meals;270;8.5;48.9;2.5;3.8;0.3;3.0;0.84
sainsburys-garlic---coriander-naan-260g;Sainsbury's Garlic & Coriander Naan 260g;£0.75/unit;£0.29/100g;vegetarian-meat-free-ready-meals;270;8.5;48.9;2.5;3.8;0.3;3.0;0.84
sainsburys-garlic---coriander-naan-bread-x2--taste-the-difference;Sainsbury's Garlic & Coriander Naan Bread x2, Taste the Difference;£1.75/unit;£0.63/100g;indian-ready-meals;313;7.0;44;1.3;12;2.6;2.9;0.65
sainsburys-garlic---coriander-naan-bread-x2--taste-the-difference;Sainsbury's Garlic & Coriander Naan Bread x2, Taste the Difference;£1.75/unit;£0.63/100g;taste-the-difference-bistro-ready-meals;313;7.0;44;1.3;12;2.6;2.9;0.65
sainsburys-garlic---coriander-naan-bread-x2--taste-the-difference;Sainsbury's Garlic & Coriander Naan Bread x2, Taste the Difference;£1.75/unit;£0.63/100g;vegetarian-meat-free-ready-meals;313;7.0;44;1.3;12;2.6;2.9;0.65
sainsburys-garlic---coriander-pitta-x6;Sainsbury's Garlic & Coriander Pitta x6;£0.80/unit;£0.13/ea;wraps-bagels-pittas;256;9.6;50.0;4.8;1.2;0.2;3.3;0.90
sainsburys-garlic---herb-croutons-100g;Sainsbury's Garlic & Herb Croutons 100g;£1.20/unit;£1.20/100g;dressings-coleslaw-accompaniments;431;12.0;65.0;4.7;12.7;1.8;4.2;1.42
sainsburys-garlic---herb-croutons-100g;Sainsbury's Garlic & Herb Croutons 100g;£1.20/unit;£1.20/100g;fresh-soups;431;12.0;65.0;4.7;12.7;1.8;4.2;1.42
sainsburys-garlic---herb-tear-n-share-300g;Sainsbury's Garlic & Herb Tear 'N' Share 300g;£2.00/unit;£0.67/100g;garlic-bread;356;9.1;40.0;1.8;17.2;6.6;2.3;0.85
sainsburys-garlic---herb-tear-n-share-300g;Sainsbury's Garlic & Herb Tear 'N' Share 300g;£2.00/unit;£0.67/100g;vegetarian-meat-free-pizza-pasta;356;9.1;40.0;1.8;17.2;6.6;2.3;0.85
sainsburys-garlic---herb-tear-n-share-400g;Sainsbury's Garlic & Herb Tear 'N' Share 400g;£2.50/unit;£6.25/kg;garlic-bread;356;9.1;40.0;1.8;17.2;6.6;2.3;0.85
sainsburys-garlic---herb-tear-n-share-400g;Sainsbury's Garlic & Herb Tear 'N' Share 400g;£2.50/unit;£6.25/kg;vegetarian-meat-free-pizza-pasta;356;9.1;40.0;1.8;17.2;6.6;2.3;0.85
sainsburys-garlic---parsley-flatbread;Sainsbury's Garlic & Parsley Flatbread;£1.30/unit;£0.62/100g;naan-ciabatta-breads-of-the-world;311;9.5;46.5;2.9;9.0;2.7;3.1;0.73
sainsburys-garlic---parsley-king-prawns-150g;Sainsbury's Garlic & Parsley King Prawns 150g;£3.50/unit;£2.33/100g;fuss-free-fish;96;17.2;0.5;0.5;2.8;0.3;0.5;1.00
sainsburys-garlic---parsley-king-prawns-150g;Sainsbury's Garlic & Parsley King Prawns 150g;£3.50/unit;£2.33/100g;prawns-shellfish;96;17.2;0.5;0.5;2.8;0.3;0.5;1.00
sainsburys-garlic--basics-x2;Sainsbury's Garlic, Basics x2;£0.35/unit;£0.35/ea;afro-caribbean-ingredients;110;7.9;15;1.5;0.6;0.1;4.1;0.5
sainsburys-garlic--basics-x2;Sainsbury's Garlic, Basics x2;£0.35/unit;£0.35/ea;asian-ingredients;110;7.9;15;1.5;0.6;0.1;4.1;0.5
sainsburys-garlic--basics-x2;Sainsbury's Garlic, Basics x2;£0.35/unit;£0.35/ea;chillies-herbs-ingredients;110;7.9;15;1.5;0.6;0.1;4.1;0.5
sainsburys-garlic--basics-x2;Sainsbury's Garlic, Basics x2;£0.35/unit;£0.35/ea;fresh-vegetables-world-exotic;110;7.9;15;1.5;0.6;0.1;4.1;0.5
sainsburys-garlic--basics-x2;Sainsbury's Garlic, Basics x2;£0.35/unit;£0.35/ea;indian-ingredients;110;7.9;15;1.5;0.6;0.1;4.1;0.5
sainsburys-garlic--basics-x2;Sainsbury's Garlic, Basics x2;£0.35/unit;£0.35/ea;mediterranean-ingredients;110;7.9;15;1.5;0.6;0.1;4.1;0.5
sainsburys-garlic--basics-x2;Sainsbury's Garlic, Basics x2;£0.35/unit;£0.35/ea;onions-leeks-garlic;110;7.9;15;1.5;0.6;0.1;4.1;0.5
sainsburys-garlic--large-single;Sainsbury's Garlic, Large (each);£0.55/unit;£0.55/ea;afro-caribbean-ingredients;104;7.9;14.8;1.5;0.6;0.1;4.1;0.01
sainsburys-garlic--large-single;Sainsbury's Garlic, Large (each);£0.55/unit;£0.55/ea;asian-ingredients;104;7.9;14.8;1.5;0.6;0.1;4.1;0.01
sainsburys-garlic--large-single;Sainsbury's Garlic, Large (each);£0.55/unit;£0.55/ea;indian-ingredients;104;7.9;14.8;1.5;0.6;0.1;4.1;0.01
sainsburys-garlic--large-single;Sainsbury's Garlic, Large (each);£0.55/unit;£0.55/ea;mediterranean-ingredients;104;7.9;14.8;1.5;0.6;0.1;4.1;0.01
sainsburys-garlic--large-single;Sainsbury's Garlic, Large (each);£0.55/unit;£0.55/ea;onions-leeks-garlic;104;7.9;14.8;1.5;0.6;0.1;4.1;0.01
sainsburys-garlic--so-organic-x3;Sainsbury's Garlic, SO Organic x3;£0.90/unit;£0.90/ea;afro-caribbean-ingredients;104;7.9;14.8;1.5;0.6;0.1;4.1;0.01
sainsburys-garlic--so-organic-x3;Sainsbury's Garlic, SO Organic x3;£0.90/unit;£0.90/ea;asian-ingredients;104;7.9;14.8;1.5;0.6;0.1;4.1;0.01
sainsburys-garlic--so-organic-x3;Sainsbury's Garlic, SO Organic x3;£0.90/unit;£0.90/ea;chillies-herbs-ingredients;104;7.9;14.8;1.5;0.6;0.1;4.1;0.01
sainsburys-garlic--so-organic-x3;Sainsbury's Garlic, SO Organic x3;£0.90/unit;£0.90/ea;fresh-vegetables-world-exotic;104;7.9;14.8;1.5;0.6;0.1;4.1;0.01
sainsburys-garlic--so-organic-x3;Sainsbury's Garlic, SO Organic x3;£0.90/unit;£0.90/ea;fruit-vegetables-organic-taste-the-difference;104;7.9;14.8;1.5;0.6;0.1;4.1;0.01
sainsburys-garlic--so-organic-x3;Sainsbury's Garlic, SO Organic x3;£0.90/unit;£0.90/ea;indian-ingredients;104;7.9;14.8;1.5;0.6;0.1;4.1;0.01
sainsburys-garlic--so-organic-x3;Sainsbury's Garlic, SO Organic x3;£0.90/unit;£0.90/ea;mediterranean-ingredients;104;7.9;14.8;1.5;0.6;0.1;4.1;0.01
sainsburys-garlic--so-organic-x3;Sainsbury's Garlic, SO Organic x3;£0.90/unit;£0.90/ea;onions-leeks-garlic;104;7.9;14.8;1.5;0.6;0.1;4.1;0.01
sainsburys-garlic-baguette--basics-x2-340g;Sainsbury's Garlic Baguette, Basics x2 340g;£0.70/unit;£0.21/100g;garlic-bread;347;7.9;44.5;3.0;14.9;4.8;1.6;0.93
sainsburys-garlic-baguette--basics-x2-340g;Sainsbury's Garlic Baguette, Basics x2 340g;£0.70/unit;£0.21/100g;vegetarian-meat-free-pizza-pasta;347;7.9;44.5;3.0;14.9;4.8;1.6;0.93
sainsburys-garlic-baguette--be-good-to-yourself--twin-pack-420g;Sainsbury's Garlic Baguette, Be Good To Yourself, Twin Pack 420g;£1.00/unit;£0.24/100g;garlic-bread;280;8.3;47.0;2.8;6.1;2.2;1.9;0.93
sainsburys-garlic-baguette--be-good-to-yourself--twin-pack-420g;Sainsbury's Garlic Baguette, Be Good To Yourself, Twin Pack 420g;£1.00/unit;£0.24/100g;healthier-choice-ready-meals;280;8.3;47.0;2.8;6.1;2.2;1.9;0.93
sainsburys-garlic-baguette--be-good-to-yourself--twin-pack-420g;Sainsbury's Garlic Baguette, Be Good To Yourself, Twin Pack 420g;£1.00/unit;£0.24/100g;vegetarian-meat-free-pizza-pasta;280;8.3;47.0;2.8;6.1;2.2;1.9;0.93
sainsburys-garlic-baguette--be-good-to-yourself--twin-pack-420g;Sainsbury's Garlic Baguette, Be Good To Yourself, Twin Pack 420g;£1.00/unit;£0.24/100g;vegetarian-ready-meals;280;8.3;47.0;2.8;6.1;2.2;1.9;0.93
sainsburys-garlic-baguette--extra-strong-x2-420g;Sainsbury's Garlic Baguette, Extra Strong x2 420g;£1.60/unit;£0.38/100g;garlic-bread;323;8.2;45.9;3.0;11.5;6.9;1.5;1.05
sainsburys-garlic-baguette--extra-strong-x2-420g;Sainsbury's Garlic Baguette, Extra Strong x2 420g;£1.60/unit;£0.38/100g;vegetarian-meat-free-pizza-pasta;323;8.2;45.9;3.0;11.5;6.9;1.5;1.05
sainsburys-garlic-baguette-210g;Sainsbury's Garlic Baguette 210g;£0.80/unit;£0.38/100g;garlic-bread;374;7.3;45.6;2.2;17.4;10.7;3.0;0.95
sainsburys-garlic-baguette-210g;Sainsbury's Garlic Baguette 210g;£0.80/unit;£0.38/100g;vegetarian-meat-free-pizza-pasta;374;7.3;45.6;2.2;17.4;10.7;3.0;0.95
sainsburys-garlic-baguette-x2-420g;Sainsbury's Garlic Baguette x2 420g;£1.00/unit;£0.24/100g;garlic-bread;374;7.3;45.6;2.2;17.4;10.7;3.0;0.95
sainsburys-garlic-baguette-x2-420g;Sainsbury's Garlic Baguette x2 420g;£1.00/unit;£0.24/100g;vegetarian-meat-free-pizza-pasta;374;7.3;45.6;2.2;17.4;10.7;3.0;0.95
sainsburys-garlic-baguettes--be-good-to-yourself-x2-320g;Sainsbury's Garlic Baguettes, Be Good To Yourself x2 320g;£1.00/unit;£3.13/kg;frozen-pizza-garlic-bread;268;7.4;37.3;3.5;9.2;2.5;3.4;1.18
sainsburys-garlic-baguettes-x2-310g;Sainsbury's Garlic Baguettes x2 310g;£1.00/unit;£3.23/kg;frozen-pizza-garlic-bread;336;6.9;40.0;1.8;16.0;9.9;2.4;0.94
sainsburys-garlic-bread--basics-150g;Sainsbury's Garlic Bagutte, Basics 150g;£0.40/unit;£2.67/kg;frozen-pizza-garlic-bread;358;7.2;41.0;2.8;18.0;5.2;1.7;1.00
sainsburys-garlic-bread-slices--be-good-to-yourself-x9-270g;Sainsbury's Garlic Bread Slices, Be Good To Yourself x9 270g;£1.40/unit;£0.52/100g;garlic-bread;285;7.2;45.5;2.1;7.7;2.3;2.6;0.74
sainsburys-garlic-bread-slices--be-good-to-yourself-x9-270g;Sainsbury's Garlic Bread Slices, Be Good To Yourself x9 270g;£1.40/unit;£0.52/100g;healthier-choice-ready-meals;285;7.2;45.5;2.1;7.7;2.3;2.6;0.74
sainsburys-garlic-bread-slices--be-good-to-yourself-x9-270g;Sainsbury's Garlic Bread Slices, Be Good To Yourself x9 270g;£1.40/unit;£0.52/100g;vegetarian-meat-free-pizza-pasta;285;7.2;45.5;2.1;7.7;2.3;2.6;0.74
sainsburys-garlic-bread-slices-x10-260g;Sainsbury's Garlic Bread Slices x10 260g;£1.10/unit;£4.23/kg;frozen-pizza-garlic-bread;362;5.6;36.9;0.5;20.7;12.2;2.7;0.84
sainsburys-garlic-butterfly-prawns-x10-150g;Sainsbury's Garlic Butterfly Prawns x10 150g;£3.00/unit;£20.00/kg;party-food-128152-44;332;8.4;31.3;5.5;19.2;9.9;0.5;0.71
sainsburys-garlic-ciabatta-260g;Sainsbury's Garlic Ciabatta 260g;£1.40/unit;£0.54/100g;garlic-bread;320;8.3;40.2;2.0;13.5;8.3;2.1;0.78
sainsburys-garlic-ciabatta-260g;Sainsbury's Garlic Ciabatta 260g;£1.40/unit;£0.54/100g;vegetarian-meat-free-pizza-pasta;320;8.3;40.2;2.0;13.5;8.3;2.1;0.78
sainsburys-garlic-fillet-kievs-400g;Sainsbury's Garlic Fillet Kievs 400g;£4.00/unit;£10.00/kg;breaded-coated-chicken-turkey-pork;198;20.2;9.1;0.5;8.7;2.7;1.3;0.45
sainsburys-garlic-fillet-kievs-400g;Sainsbury's Garlic Fillet Kievs 400g;£4.00/unit;£10.00/kg;chicken;198;20.2;9.1;0.5;8.7;2.7;1.3;0.45
sainsburys-garlic-flatbread--taste-the-difference-195g;Sainsbury's Garlic Flatbread, Taste the Difference 195g;£2.20/unit;£1.13/100g;garlic-bread;325;9.3;45.7;5.8;11.1;1.7;2.8;0.98
sainsburys-garlic-flatbread--taste-the-difference-195g;Sainsbury's Garlic Flatbread, Taste the Difference 195g;£2.20/unit;£1.13/100g;taste-the-difference-bistro-ready-meals;325;9.3;45.7;5.8;11.1;1.7;2.8;0.98
sainsburys-garlic-flatbread--taste-the-difference-195g;Sainsbury's Garlic Flatbread, Taste the Difference 195g;£2.20/unit;£1.13/100g;vegetarian-meat-free-pizza-pasta;325;9.3;45.7;5.8;11.1;1.7;2.8;0.98
sainsburys-garlic-paste-75g;Sainsbury's Garlic Paste 75g;£1.59/unit;£1.87/100g;asian-ingredients;115;3.1;16.6;4.5;3.5;0.3;2.2;1.58
sainsburys-garlic-paste-75g;Sainsbury's Garlic Paste 75g;£1.59/unit;£1.87/100g;mediterranean-ingredients;115;3.1;16.6;4.5;3.5;0.3;2.2;1.58
sainsburys-garlic-pizza-bread-235g;Sainsbury's Garlic Pizza Bread 235g;£1.70/unit;£0.72/100g;garlic-bread;297;9.3;44.5;2.7;8.5;4.3;2.6;1.02
sainsburys-garlic-pizza-bread-235g;Sainsbury's Garlic Pizza Bread 235g;£1.70/unit;£0.72/100g;vegetarian-meat-free-pizza-pasta;297;9.3;44.5;2.7;8.5;4.3;2.6;1.02
sainsburys-garlic-slices-x9-270g;Sainsbury's Garlic Slices x9 270g;£1.40/unit;£0.52/100g;garlic-bread;341;6.4;40.3;2.0;16.6;9.3;2.4;0.80
sainsburys-garlic-slices-x9-270g;Sainsbury's Garlic Slices x9 270g;£1.40/unit;£0.52/100g;vegetarian-meat-free-pizza-pasta;341;6.4;40.3;2.0;16.6;9.3;2.4;0.80
sainsburys-garlic-stuffed-greek-olives--taste-the-difference-285g-%28160g*%29;Sainsbury's Garlic Stuffed Greek Olives, Taste the Difference 285g (160g*);£2.50/unit;£1.56/100g;olives-antipasti;131;1.4;0.4;0.0;13.1;1.9;3.2;3.18
sainsburys-garlic-x4;Sainsbury's Garlic x4;£1.10/unit;£1.10/ea;afro-caribbean-ingredients;104;7.9;14.8;1.5;0.6;0.1;4.1;0.01
sainsburys-garlic-x4;Sainsbury's Garlic x4;£1.10/unit;£1.10/ea;asian-ingredients;104;7.9;14.8;1.5;0.6;0.1;4.1;0.01
sainsburys-garlic-x4;Sainsbury's Garlic x4;£1.10/unit;£1.10/ea;chillies-herbs-ingredients;104;7.9;14.8;1.5;0.6;0.1;4.1;0.01
sainsburys-garlic-x4;Sainsbury's Garlic x4;£1.10/unit;£1.10/ea;fresh-vegetables-world-exotic;104;7.9;14.8;1.5;0.6;0.1;4.1;0.01
sainsburys-garlic-x4;Sainsbury's Garlic x4;£1.10/unit;£1.10/ea;indian-ingredients;104;7.9;14.8;1.5;0.6;0.1;4.1;0.01
sainsburys-garlic-x4;Sainsbury's Garlic x4;£1.10/unit;£1.10/ea;mediterranean-ingredients;104;7.9;14.8;1.5;0.6;0.1;4.1;0.01
sainsburys-garlic-x4;Sainsbury's Garlic x4;£1.10/unit;£1.10/ea;onions-leeks-garlic;104;7.9;14.8;1.5;0.6;0.1;4.1;0.01
sainsburys-garlic;Sainsbury's Garlic (each);£0.30/unit;£0.30/ea;afro-caribbean-ingredients;104;7.9;14.8;1.5;0.6;0.1;4.1;0.01
sainsburys-garlic;Sainsbury's Garlic (each);£0.30/unit;£0.30/ea;asian-ingredients;104;7.9;14.8;1.5;0.6;0.1;4.1;0.01
sainsburys-garlic;Sainsbury's Garlic (each);£0.30/unit;£0.30/ea;chillies-herbs-ingredients;104;7.9;14.8;1.5;0.6;0.1;4.1;0.01
sainsburys-garlic;Sainsbury's Garlic (each);£0.30/unit;£0.30/ea;fresh-vegetables-world-exotic;104;7.9;14.8;1.5;0.6;0.1;4.1;0.01
sainsburys-garlic;Sainsbury's Garlic (each);£0.30/unit;£0.30/ea;indian-ingredients;104;7.9;14.8;1.5;0.6;0.1;4.1;0.01
sainsburys-garlic;Sainsbury's Garlic (each);£0.30/unit;£0.30/ea;mediterranean-ingredients;104;7.9;14.8;1.5;0.6;0.1;4.1;0.01
sainsburys-garlic;Sainsbury's Garlic (each);£0.30/unit;£0.30/ea;onions-leeks-garlic;104;7.9;14.8;1.5;0.6;0.1;4.1;0.01
sainsburys-genoa-cake-305g;Sainsbury's Genoa Cake 305g;£1.30/unit;£0.43/100g;sponge-slab-loaf-cakes;350;4.2;61;50;9.3;5.4;2.0;0.30
sainsburys-german-brunswick-ham-wafer-thin-slices-x10-125g;Sainsbury's German Brunswick Ham Wafer Thin Slices x10 125g;£2.00/unit;£1.60/100g;continental-meats;158;21.2;0.6;0.6;7.8;3.2;0.5;2.00
sainsburys-german-brunswick-ham-wafer-thin-slices-x10-125g;Sainsbury's German Brunswick Ham Wafer Thin Slices x10 125g;£2.00/unit;£1.60/100g;mfp-continental-meats;158;21.2;0.6;0.6;7.8;3.2;0.5;2.00
sainsburys-german-pepper-salami-slices-140g;Sainsbury's German Black Pepper Salami Slices 140g;£1.70/unit;£1.21/100g;continental-meats;340;25.1;1.0;1.0;26.0;10.7;0.7;4.00
sainsburys-german-pepper-salami-slices-140g;Sainsbury's German Black Pepper Salami Slices 140g;£1.70/unit;£1.21/100g;mfp-continental-meats;340;25.1;1.0;1.0;26.0;10.7;0.7;4.00
sainsburys-german-salami-150g;Sainsbury's German Salami Slices 150g;£1.25/unit;£0.83/100g;continental-meats;310;20.0;1.0;1.0;25.0;10.3;0.5;3.75
sainsburys-german-salami-150g;Sainsbury's German Salami Slices 150g;£1.25/unit;£0.83/100g;mfp-continental-meats;310;20.0;1.0;1.0;25.0;10.3;0.5;3.75
sainsburys-german-salami-selection-slices-100g;Sainsbury's German Salami Selection Slices x30 100g;£1.60/unit;£1.60/100g;continental-meats;330;20.3;1.0;1.0;27.0;11.1;0.7;4.00
sainsburys-german-salami-selection-slices-100g;Sainsbury's German Salami Selection Slices x30 100g;£1.60/unit;£1.60/100g;mfp-continental-meats;330;20.3;1.0;1.0;27.0;11.1;0.7;4.00
sainsburys-german-salami-selection-slices-100g;Sainsbury's German Salami Selection Slices x30 100g;£1.60/unit;£1.60/100g;olives-tapas-antipasti;330;20.3;1.0;1.0;27.0;11.1;0.7;4.00
sainsburys-german-sausage-selection-slices-100g;Sainsbury's German Sausage Selection Slices x30 100g;£1.50/unit;£1.50/100g;continental-meats;251;13.1;0.5;0.5;21.9;9.0;0.5;3.00
sainsburys-german-sausage-selection-slices-100g;Sainsbury's German Sausage Selection Slices x30 100g;£1.50/unit;£1.50/100g;mfp-continental-meats;251;13.1;0.5;0.5;21.9;9.0;0.5;3.00
sainsburys-german-sausage-selection-slices-100g;Sainsbury's German Sausage Selection Slices x30 100g;£1.50/unit;£1.50/100g;olives-tapas-antipasti;251;13.1;0.5;0.5;21.9;9.0;0.5;3.00
sainsburys-gevrik-goats-cheese-70g;Sainsbury's Gevrik Goats Cheese 70g;£1.20/unit;£17.14/kg;healthier-choice-special-diet-cheese;350;18.4;0.5;0.5;30.4;20.1;0.5;1.19
sainsburys-gherkins-in-sweet-vinegar-340g;Sainsbury's Gherkins in Sweet Vinegar 340g (180g*);£0.90/unit;£0.50/100g;pickled-food;26;0.5;5.6;5.5;0.5;0.1;0.5;1.17
sainsburys-giant-chocolate-cupcake-695g;Sainsbury's Giant Chocolate Cupcake 695g;£6.00/unit;£8.63/kg;muffins-small-cakes;423;4.4;52.5;32.3;21.2;5.3;2.2;0.49
sainsburys-giant-pineapple-%28each%29;Sainsbury's Giant Pineapple (each);£2.00/unit;£2.00/ea;melon-pineapple-kiwi;46;0.4;10.1;10.1;0.2;0;1.2;
sainsburys-gigantes-beans-220g;Sainsbury's Gigantes Beans 220g;£2.30/unit;£1.05/100g;olives-antipasti;154;5.8;12.5;4.2;7.5;1.1;6.6;0.69
sainsburys-gin---diet-tonic-250ml;Sainsbury's Gin & Diet Tonic 250ml;£1.50/unit;£6.00/ltr;pre-mixed-spirits;35;0;0;-1;0;-1;-1;-1
sainsburys-ginger-ale--dry-1l;Sainsbury's Dry Ginger Ale 1L;£0.50/unit;£0.05/100ml;mixers-12333-44;38;0.5;9.0;9.0;0.5;0.1;0.5;0.01
sainsburys-ginger-ale--dry-1l;Sainsbury's Dry Ginger Ale 1L;£0.50/unit;£0.05/100ml;mixers;38;0.5;9.0;9.0;0.5;0.1;0.5;0.01
sainsburys-ginger-beer--diet-x6-330ml;Sainsbury's Ginger Beer, Diet x6 330ml;£1.50/unit;£0.08/100ml;diet-sugar-free-fizzy-drinks;1;0.5;0.5;0.5;0.5;0.1;0.5;0.01
sainsburys-ginger-beer--diet-x6-330ml;Sainsbury's Ginger Beer, Diet x6 330ml;£1.50/unit;£0.08/100ml;traditional;1;0.5;0.5;0.5;0.5;0.1;0.5;0.01
sainsburys-ginger-beer-x6-330ml;Sainsbury's Ginger Beer x6 330ml;£1.50/unit;£0.08/100ml;traditional;57;0.5;13.9;13.9;0.5;0.1;0.5;0.01
sainsburys-ginger-lemonade-juice-drink-1l-7654876-p-44;Sainsbury's Ginger Lemonade Juice Drink 1L;£1.60/unit;£0.16/100ml;chilled-fruit-juice;46;0.5;11.0;10.5;0.5;0.1;0.5;0.01
sainsburys-ginger-loaf-cake-236g;Sainsbury's Ginger Loaf Cake 236g;£1.50/unit;£0.64/100g;sponge-slab-loaf-cakes;392;4.1;64.7;51.7;12.4;1.1;2.5;0.40
sainsburys-ginger-paste-80g;Sainsbury's Ginger Paste 80g;£1.60/unit;£2.00/100g;afro-caribbean-ingredients;48;0.6;3.5;0.5;3.0;0.2;2.5;1.17
sainsburys-ginger-paste-80g;Sainsbury's Ginger Paste 80g;£1.60/unit;£2.00/100g;asian-ingredients;48;0.6;3.5;0.5;3.0;0.2;2.5;1.17
sainsburys-ginger-paste-80g;Sainsbury's Ginger Paste 80g;£1.60/unit;£2.00/100g;indian-ingredients;48;0.6;3.5;0.5;3.0;0.2;2.5;1.17
sainsburys-gingerbread-dough-block-350g;Sainsbury's Gingerbread Dough Block 350g;£2.00/unit;£0.57/100g;cooking-baking;397;6.9;69.1;20.0;10.0;6.1;1.3;0.43
sainsburys-glace-cherries-200g;Sainsbury's Glace Cherries 200g;£1.40/unit;£7.00/kg;cocktail-ingredients;326;0.5;80.5;61.2;0.5;0.1;0.5;0.02
sainsburys-glamorgan-sausages-x6-300g;Sainsbury's Glamorgan Sausages x6 300g;£1.80/unit;£6.00/kg;meat-free-vegetarian;210;7.5;18.4;3.7;11.0;3.4;3.6;0.90
sainsburys-glen-ample-raspberry-west-country-yogurt--taste-the-difference-150g;Sainsbury's West Country Glen Ample Raspberry Yogurt, Taste the Difference 150g;£0.75/unit;£0.50/100g;luxury-yogurts;128;2.7;13.2;11.7;7.0;4.3;0.5;0.10
sainsburys-goats-cheese---spinach-quiche--taste-the-difference-170g;Sainsbury's Goats Cheese & Spinach Quiche, Taste the Difference 170g;£1.90/unit;£1.12/100g;deli-meat-alternatives;253;6.4;19.3;2.1;16.4;9.2;1.4;0.70
sainsburys-goats-cheese---spinach-quiche--taste-the-difference-170g;Sainsbury's Goats Cheese & Spinach Quiche, Taste the Difference 170g;£1.90/unit;£1.12/100g;lunchtime-snacks;253;6.4;19.3;2.1;16.4;9.2;1.4;0.70
sainsburys-goats-cheese---spinach-quiche--taste-the-difference-170g;Sainsbury's Goats Cheese & Spinach Quiche, Taste the Difference 170g;£1.90/unit;£1.12/100g;quiche;253;6.4;19.3;2.1;16.4;9.2;1.4;0.70
sainsburys-goats-cheese--taste-the-difference-120g;Sainsbury's Goats' Cheese, Taste the Difference 120g;£1.70/unit;£14.17/kg;cheeseboard-delights;295;21.0;1.0;1.0;23.0;16.3;0.5;1.50
sainsburys-goats-cheese--taste-the-difference-120g;Sainsbury's Goats' Cheese, Taste the Difference 120g;£1.70/unit;£14.17/kg;healthier-choice-special-diet-cheese;295;21.0;1.0;1.0;23.0;16.3;0.5;1.50
sainsburys-goats-cheese--taste-the-difference-120g;Sainsbury's Goats' Cheese, Taste the Difference 120g;£1.70/unit;£14.17/kg;organic-taste-the-difference-cheese;295;21.0;1.0;1.0;23.0;16.3;0.5;1.50
sainsburys-goats-milk-camembert--taste-the-difference-180g;Sainsbury's Goats' Milk Camembert, Taste the Difference 180g;£2.80/unit;£15.56/kg;cheeseboard-delights;289;20.0;0.5;0.5;23.0;16.5;0.5;1.75
sainsburys-goats-milk-camembert--taste-the-difference-180g;Sainsbury's Goats' Milk Camembert, Taste the Difference 180g;£2.80/unit;£15.56/kg;healthier-choice-special-diet-cheese;289;20.0;0.5;0.5;23.0;16.5;0.5;1.75
sainsburys-goats-milk-camembert--taste-the-difference-180g;Sainsbury's Goats' Milk Camembert, Taste the Difference 180g;£2.80/unit;£15.56/kg;organic-taste-the-difference-cheese;289;20.0;0.5;0.5;23.0;16.5;0.5;1.75
sainsburys-golden-delicious-apples-x5-%28minimum%29;Sainsbury's Golden Delicious Apples x5 (minimum);£1.50/unit;£1.50/ea;apples-pears-rhubarb;47;0.4;11.8;11.8;0.1;0;1.8;
sainsburys-golden-yolked-free-range-eggs--taste-the-difference-x6;Sainsbury's Golden Yolked Free Range Eggs, Taste the Difference x6;£2.10/unit;£0.35/ea;eggs;147;12.5;0;0;10.8;3.1;0.0;0.35
sainsburys-goose-fat-200g;Sainsbury's Goose Fat 200g;£2.50/unit;£12.50/kg;duck-game;898;0.5;0.5;0.5;99.8;28.4;0.5;0.01
sainsburys-goose-fat-295g;Sainsbury's Goose Fat 295g;£3.50/unit;£1.19/100g;oils;897;0.5;0.7;0.5;99.3;28.7;0.5;0.01
sainsburys-gooseberry-fool-113g;Sainsbury's Fruit Fool Careless Gooseberry 113g;£0.70/unit;£0.61/100g;rice-dessert-style-yogurts;173;2.7;17.1;15.4;10.2;6.6;1.2;0.10
sainsburys-gorgonzola-dolce--taste-the-difference-200g;Sainsbury's Gorgonzola Dolce, Taste the Difference 200g;£2.00/unit;£10.00/kg;cheeseboard-delights;313;18.8;0.8;0.5;26.1;18.9;-1;2.15
sainsburys-gorgonzola-dolce--taste-the-difference-200g;Sainsbury's Gorgonzola Dolce, Taste the Difference 200g;£2.00/unit;£10.00/kg;organic-taste-the-difference-cheese;313;18.8;0.8;0.5;26.1;18.9;-1;2.15
sainsburys-gouda-slices-250g;Sainsbury's Gouda Slices 250g;£2.00/unit;£8.00/kg;sliced-grated-cheese;370;25.0;0.5;0.5;30.0;18.3;0.5;2.00
sainsburys-grana-padano-riserva--taste-the-difference-150g;Sainsbury's Grana Padano Riserva, Taste the Difference 150g;£2.75/unit;£18.33/kg;organic-taste-the-difference-cheese;388;33.0;0.5;0.5;28.4;17.7;0.5;1.50
sainsburys-granny-smith-apples-x5-%28minimum%29;Sainsbury's Granny Smith Apples x5 (minimum);£1.50/unit;£1.50/ea;apples-pears-rhubarb;47;0.4;11.8;11.8;0.1;0;1.8;
sainsburys-granola--so-organic-1kg;Sainsbury's Granola, SO Organic 1kg;£2.70/unit;£0.27/100g;bigger-packs;419;7.8;66.2;22.4;12.2;4.3;6.7;
sainsburys-granola-slices--taste-the-difference-x4;Sainsbury's Granola Slices, Taste the Difference x4;£1.00/unit;£0.25/ea;doughnuts-cookies;448;6.1;52.3;31.4;22.5;10.7;6.1;0.30
sainsburys-grape---elderflower-presse--taste-the-difference-750ml;Sainsbury's Grape & Elderflower Presse, Taste the Difference 750ml;£1.90/unit;£0.25/100ml;adult-soft-drinks;36;0.5;8.4;8.4;0.5;0.1;0.5;0.01
sainsburys-grape-bag-80g;Sainsbury's Grape Bag 80g;£0.65/unit;£8.13/kg;bananas-grapes;66;0.5;15.4;15.4;0.5;0.1;1.0;0.01
sainsburys-grape-bag-80g;Sainsbury's Grape Bag 80g;£0.65/unit;£8.13/kg;prepared-fruit;66;0.5;15.4;15.4;0.5;0.1;1.0;0.01
sainsburys-grapefruit---pink-guava-cordial--taste-the-difference-500ml;Sainsbury's Pink Grapefruit & Guava Cordial, Taste the Difference 500ml;£2.00/unit;£0.40/100ml;mixers-cordials;30;0.5;7.3;6.6;0.5;0.1;0.5;0.01
sainsburys-grapefruit---pink-guava-cordial--taste-the-difference-500ml;Sainsbury's Pink Grapefruit & Guava Cordial, Taste the Difference 500ml;£2.00/unit;£0.40/100ml;squash-cordials-cordials;30;0.5;7.3;6.6;0.5;0.1;0.5;0.01
sainsburys-grapefruit-segments--in-light-syrup-540g;Sainsbury's Grapefruit Segments, In Light Syrup 540g;£0.65/unit;£1.21/kg;dessert-fruit;63;0.5;14.7;12.7;0.5;0.1;0.5;0.03
sainsburys-grapefruit-segments-in-juice--unsweetened-539g;Sainsbury's Grapefruit Segments In Juice, Unsweetened 539g;£0.65/unit;£1.21/kg;dessert-fruit;40;0.5;9.3;6.9;0.5;0.1;0.5;0.03
sainsburys-grapes--basics-500g-%28green-or-red--colour-may-vary-due-to-supply%29;Sainsbury's Grapes, Basics 500g (green or red, colour may vary due to supply);£1.25/unit;£2.50/kg;bananas-grapes;60;0.4;15.4;15.4;0.1;-1;0.7;-1
sainsburys-grapes--so-organic-400g-%28red-or-black--colour-may-vary-due-to-supply%29;Sainsbury's Grapes, SO Organic 400g (red or black, colour may vary due to supply);£2.50/unit;£6.25/kg;bananas-grapes;66;0.4;15.4;15.4;0.1;0;0.7;-1
sainsburys-grapes--so-organic-400g-%28red-or-black--colour-may-vary-due-to-supply%29;Sainsbury's Grapes, SO Organic 400g (red or black, colour may vary due to supply);£2.50/unit;£6.25/kg;fruit-vegetables-organic-taste-the-difference;66;0.4;15.4;15.4;0.1;0;0.7;-1
sainsburys-grapeseed-oil-500ml;Sainsbury's Grapeseed Oil 500ml;£2.30/unit;£0.46/100ml;oils;3419832;0.5;0.5;0.5;92.4;10.4;0.5;0.01
sainsburys-grated-cheddar--so-organic-200g;Sainsbury's Grated Cheddar, SO Organic 200g;£1.85/unit;£9.25/kg;cheddar-british-regional-cheese;412;25.0;0.6;0.5;34.4;21.7;0.5;1.75
sainsburys-grated-cheddar--so-organic-200g;Sainsbury's Grated Cheddar, SO Organic 200g;£1.85/unit;£9.25/kg;organic-taste-the-difference-cheese;412;25.0;0.6;0.5;34.4;21.7;0.5;1.75
sainsburys-grated-cheddar--so-organic-200g;Sainsbury's Grated Cheddar, SO Organic 200g;£1.85/unit;£9.25/kg;sliced-grated-cheese;412;25.0;0.6;0.5;34.4;21.7;0.5;1.75
sainsburys-grated-emmental-200g;Sainsbury's Grated Emmental 200g;£1.80/unit;£9.00/kg;sliced-grated-cheese;388;30.5;0.5;0.5;29.5;21.0;0.5;1.00
sainsburys-grated-grana-padano-125g;Sainsbury's Grated Grana Padano 125g;£1.85/unit;£14.80/kg;sliced-grated-cheese;384;33.0;0.5;0.5;28.0;17.7;0.5;1.50
sainsburys-grated-italian-cheese--basics-80g;Sainsbury's Grated Hard Cheese, Basics 80g;£1.00/unit;£12.50/kg;sliced-grated-cheese;459;46.2;2.2;2.1;29.0;20.9;2.4;2.50
sainsburys-grated-mozzarella--basics-200g;Sainsbury's Grated Mozzarella, Basics 200g;£1.20/unit;£6.00/kg;sliced-grated-cheese;337;26;2.5;0.7;25;18;0.5;1.1
sainsburys-grated-mozzarella-250g;Sainsbury's Grated Mozzarella 250g;£2.00/unit;£8.00/kg;sliced-grated-cheese;294;25.3;0.9;0.5;21.0;13.3;0.5;1.61
sainsburys-grated-mozzarella-500g;Sainsbury's Grated Mozzarella 500g;£3.50/unit;£7.00/kg;sliced-grated-cheese;294;25.3;0.9;0.5;21.0;13.3;0.5;1.61
sainsburys-grated-parmesan--taste-the-difference-60g;Sainsbury's Grated Parmesan, Taste the Difference 60g;£1.75/unit;£29.17/kg;organic-taste-the-difference-cheese;388;33.0;0.5;0.5;28.4;18.7;0.5;1.63
sainsburys-grated-parmesan-120g;Sainsbury's Grated Parmesan 120g;£2.50/unit;£20.83/kg;sliced-grated-cheese;388;33.0;0.0;0.0;28.4;20.9;0.0;0.65
sainsburys-greco-di-tufo--taste-the-difference-75cl;Sainsbury's Greco Di Tufo, Taste The Difference 75cl;£10.50/unit;£10.50/75cl;buyer-recommends;-1;-1;-1;-1;-1;-1;-1;-1
sainsburys-greek-feta-stuffed-olives--taste-the-difference-275g-%28160g*%29;Sainsbury's Greek Feta Stuffed Olives, Taste the Difference 275g (160g*);£2.50/unit;£1.56/100g;olives-antipasti;207;2.4;1.2;0.5;20.9;3.9;2.4;2.42
sainsburys-greek-kalamata-extra-virgin-olive-oil--taste-the-difference-500ml;Sainsbury's Greek Kalamata Extra Virgin Olive Oil, Taste the Difference 500ml;£5.75/unit;£1.15/100ml;oils;823;0.0;0.0;0.0;91.4;13.3;0.0;0.00
sainsburys-greek-kalamata-olives-345g;Sainsbury's Greek Kalamata Olives 345g (205g*);£2.00/unit;£0.98/100g;olives-antipasti;305;2.7;0.5;0.5;31.7;3.8;3.8;3.05
sainsburys-greek-kalamata-olives-oregano--taste-the-difference-300g;Sainsbury's Greek Kalamata Olives Oregano, Taste the Difference 300g (181g*);£2.50/unit;£1.38/100g;olives-antipasti;227;1.7;0.7;0.0;23.1;2.8;4.7;3.38
sainsburys-greek-olive-oil--extra-virgin-500ml;Sainsbury's Greek Olive Oil, Extra Virgin 500ml;£2.90/unit;£0.58/100ml;oils;823;0;0;0;91.4;13.1;0;
sainsburys-greek-olives--basil---garlic-cracked--taste-the-difference-300g;Sainsbury's Greek Olives, Basil & Garlic Cracked, Taste the Difference 300g (189g*);£2.50/unit;£1.32/100g;olives-antipasti;152;1.3;0.3;0.0;15.3;2.6;3.9;5.20
sainsburys-greek-pitted-kalamata-olives-335g;Sainsbury's Greek Pitted Kalamata Olives 335g (180g*);£2.00/unit;£1.11/100g;olives-antipasti;205;1.6;0.5;0.5;21.4;2.7;3.2;3.18
sainsburys-greek-salad--taste-the-difference-165g;Sainsbury's Greek Salad Bowl, Taste the Difference 165g;£2.50/unit;£1.52/100g;coleslaw-salads;105;3.1;5.0;3.3;7.8;2.4;1.4;1.06
sainsburys-greek-salad--taste-the-difference-165g;Sainsbury's Greek Salad Bowl, Taste the Difference 165g;£2.50/unit;£1.52/100g;fresh-salad-prepared-ready-to-eat;105;3.1;5.0;3.3;7.8;2.4;1.4;1.06
sainsburys-greek-salad--taste-the-difference-165g;Sainsbury's Greek Salad Bowl, Taste the Difference 165g;£2.50/unit;£1.52/100g;fruit-vegetables-organic-taste-the-difference;105;3.1;5.0;3.3;7.8;2.4;1.4;1.06
sainsburys-greek-salad--taste-the-difference-165g;Sainsbury's Greek Salad Bowl, Taste the Difference 165g;£2.50/unit;£1.52/100g;lunchtime-snacks;105;3.1;5.0;3.3;7.8;2.4;1.4;1.06
sainsburys-greek-salad--taste-the-difference-165g;Sainsbury's Greek Salad Bowl, Taste the Difference 165g;£2.50/unit;£1.52/100g;prepared-salad-herbs;105;3.1;5.0;3.3;7.8;2.4;1.4;1.06
sainsburys-greek-style-cheese--be-good-to-yourself-200g;Sainsbury's Greek Style Cheese, Be Good To Yourself 200g;£1.60/unit;£8.00/kg;cottage-cheese---healthier-choice;182;18.5;1.0;1.0;11.5;8.5;-1;1.90
sainsburys-greek-style-fat-free-yogurt-500g;Sainsbury's Greek Style Fat Free Natural Yogurt 500g;£1.20/unit;£0.24/100g;big-pots-pouring-yogurts;54;7.3;5.2;5.2;0.5;0.3;0.5;0.18
sainsburys-greek-style-fat-free-yogurt-500g;Sainsbury's Greek Style Fat Free Natural Yogurt 500g;£1.20/unit;£0.24/100g;diet-low-fat-yogurts;54;7.3;5.2;5.2;0.5;0.3;0.5;0.18
sainsburys-greek-style-fat-free-yogurt-500g;Sainsbury's Greek Style Fat Free Natural Yogurt 500g;£1.20/unit;£0.24/100g;natural-greek-yogurts;54;7.3;5.2;5.2;0.5;0.3;0.5;0.18
sainsburys-greek-style-natural-yogurt-200g;Sainsbury's Greek Style Natural Yogurt 200g;£0.50/unit;£0.25/100g;big-pots-pouring-yogurts;120;4.1;5.3;5.1;9.2;6.0;0.5;0.15
sainsburys-greek-style-natural-yogurt-200g;Sainsbury's Greek Style Natural Yogurt 200g;£0.50/unit;£0.25/100g;natural-greek-yogurts;120;4.1;5.3;5.1;9.2;6.0;0.5;0.15
sainsburys-greek-style-orange---mango-yog-4x125g;Sainsbury's Greek Style Yogurt, Orange & Mango 4x125g;£1.40/unit;£0.28/100g;corners-everyday-yogurts;134;3.6;13;12;7.5;5.3;0.5;0.13
sainsburys-greek-style-orange---mango-yog-4x125g;Sainsbury's Greek Style Yogurt, Orange & Mango 4x125g;£1.40/unit;£0.28/100g;natural-greek-yogurts;134;3.6;13;12;7.5;5.3;0.5;0.13
sainsburys-greek-style-yogurt---honey-4x125g;Sainsbury's Greek Style Yogurt, With Honey 4x125g;£1.40/unit;£0.28/100g;corners-everyday-yogurts;149;3.8;14.2;14.2;8.4;5.9;0.5;0.13
sainsburys-greek-style-yogurt---honey-4x125g;Sainsbury's Greek Style Yogurt, With Honey 4x125g;£1.40/unit;£0.28/100g;natural-greek-yogurts;149;3.8;14.2;14.2;8.4;5.9;0.5;0.13
sainsburys-green-beans--basics-200g;Sainsbury's Green Beans, Basics 200g;£0.95/unit;£4.75/kg;peas-beans-sweetcorn-asparagus;29;1.9;3.2;2.3;0.5;0.1;2.2;0.00
sainsburys-green-cabbage-%28each%29;Sainsbury's Green Cabbage (each);£0.80/unit;£0.80/ea;broccoli-cauliflower-cabbage-greens;32;2.4;3.9;3.9;0.5;0.1;2.7;0.02
sainsburys-green-cabbage-%28each%29;Sainsbury's Green Cabbage (each);£0.80/unit;£0.80/ea;new-in-season;32;2.4;3.9;3.9;0.5;0.1;2.7;0.02
sainsburys-green-chilli-peppers-310g-%28150g*%29;Sainsbury's Green Chilli Peppers 310g (150g*);£1.50/unit;£0.48/100g;olives-antipasti;23;0.6;0.9;0.5;0.5;0.1;6.0;4.99
sainsburys-green-chillies-50g;Sainsbury's Green Chillies 50g;£0.60/unit;£12.00/kg;afro-caribbean-ingredients;23;2.9;0.7;0.7;0.6;0.1;-1;0.02
sainsburys-green-chillies-50g;Sainsbury's Green Chillies 50g;£0.60/unit;£12.00/kg;asian-ingredients;23;2.9;0.7;0.7;0.6;0.1;-1;0.02
sainsburys-green-chillies-50g;Sainsbury's Green Chillies 50g;£0.60/unit;£12.00/kg;chillies-herbs-ingredients;23;2.9;0.7;0.7;0.6;0.1;-1;0.02
sainsburys-green-chillies-50g;Sainsbury's Green Chillies 50g;£0.60/unit;£12.00/kg;fresh-vegetables-world-exotic;23;2.9;0.7;0.7;0.6;0.1;-1;0.02
sainsburys-green-chillies-50g;Sainsbury's Green Chillies 50g;£0.60/unit;£12.00/kg;indian-ingredients;23;2.9;0.7;0.7;0.6;0.1;-1;0.02
sainsburys-green-jalapeno-peppers-x10-250g;Sainsbury's Green Jalapeno Peppers x10 250g;£3.00/unit;£12.00/kg;party-food-128152-44;320;10.4;19.1;7.1;22.0;9.3;2.0;1.27
sainsburys-green-olive-tapenade-with-herbs-100g;Sainsbury's Green Olive Tapenade With Herbs 100g;£1.50/unit;£1.50/100g;olives-antipasti;265;1.1;1.1;0.5;27.8;4.0;3.2;3.68
sainsburys-green-olives--organic-290g;Sainsbury's Green Olives, SO Organic 290g (165g*);£1.70/unit;£1.03/100g;olives-antipasti;127;1.3;1.7;0.5;11.2;1.9;7.0;2.25
sainsburys-green-olives-with-sweet-pepper---basil-180g;Sainsbury's Queen Olives with Sweet Pepper & Basil 180g;£2.30/unit;£1.28/100g;deli-meat-alternatives;166;1.6;0.9;0.7;16.4;2.0;4.3;2.68
sainsburys-green-olives-with-sweet-pepper---basil-180g;Sainsbury's Queen Olives with Sweet Pepper & Basil 180g;£2.30/unit;£1.28/100g;olives-tapas-antipasti;166;1.6;0.9;0.7;16.4;2.0;4.3;2.68
sainsburys-green-pitted-olives--basics-90g;Sainsbury's Green Pitted Olives, Basics 90g;£1.10/unit;£1.22/100g;cocktail-ingredients;121;1.3;7.7;0.5;8.6;1.3;3.7;3.45
sainsburys-green-pitted-olives--basics-90g;Sainsbury's Green Pitted Olives, Basics 90g;£1.10/unit;£1.22/100g;deli-meat-alternatives;121;1.3;7.7;0.5;8.6;1.3;3.7;3.45
sainsburys-green-pitted-olives--basics-90g;Sainsbury's Green Pitted Olives, Basics 90g;£1.10/unit;£1.22/100g;olives-tapas-antipasti;121;1.3;7.7;0.5;8.6;1.3;3.7;3.45
sainsburys-green-thai-chicken-soup-600g;Sainsbury's Thai Green Chicken Soup 600g;£1.40/unit;£0.23/100g;fresh-soups;68;2.4;5.6;2.1;3.8;3.1;1.0;0.43
sainsburys-green-thai-paste-180g;Sainsbury's Thai Green Curry Paste 180g;£1.50/unit;£0.83/100g;cooking-pastes;132;1.4;12.0;4.7;8.3;3.1;1.8;1.75
sainsburys-green-vegetable-medley-200g;Sainsbury's Asparagus, Sugar Snaps & Tenderstem Broccoli 200g;£2.00/unit;£10.00/kg;fresh-vegetables-stir-fry;50;3.3;7.1;3.7;0.5;0.1;2.6;0.13
sainsburys-green-vegetable-medley-200g;Sainsbury's Asparagus, Sugar Snaps & Tenderstem Broccoli 200g;£2.00/unit;£10.00/kg;peas-beans-sweetcorn-asparagus;50;3.3;7.1;3.7;0.5;0.1;2.6;0.13
sainsburys-green-vegetable-medley-200g;Sainsbury's Asparagus, Sugar Snaps & Tenderstem Broccoli 200g;£2.00/unit;£10.00/kg;prepared-vegetables;50;3.3;7.1;3.7;0.5;0.1;2.6;0.13
sainsburys-green-vegetable-primavera-soup--taste-the-difference-600gr;Sainsbury's Green Vegetable Primavera Soup, Taste the Difference 600g;£2.00/unit;£0.33/100g;fresh-soups;46;2.7;6.1;2.2;0.7;0.4;2.3;0.38
sainsburys-green-vegetable-risotto-kiev-300g;Sainsbury's Green Vegetable Risotto Kiev 300g;£2.30/unit;£7.67/kg;deli-meat-alternatives;234;6.3;25.1;1.1;11.2;3.4;3.8;0.58
sainsburys-green-vegetable-risotto-kiev-300g;Sainsbury's Green Vegetable Risotto Kiev 300g;£2.30/unit;£7.67/kg;healthier-choice-ready-meals;234;6.3;25.1;1.1;11.2;3.4;3.8;0.58
sainsburys-green-vegetable-risotto-kiev-300g;Sainsbury's Green Vegetable Risotto Kiev 300g;£2.30/unit;£7.67/kg;mediterranean-other-cuisine-ready-meals;234;6.3;25.1;1.1;11.2;3.4;3.8;0.58
sainsburys-green-vegetable-risotto-kiev-300g;Sainsbury's Green Vegetable Risotto Kiev 300g;£2.30/unit;£7.67/kg;potato-vegetable-side-dishes;234;6.3;25.1;1.1;11.2;3.4;3.8;0.58
sainsburys-green-vegetable-risotto-kiev-300g;Sainsbury's Green Vegetable Risotto Kiev 300g;£2.30/unit;£7.67/kg;vegetarian-ready-meals;234;6.3;25.1;1.1;11.2;3.4;3.8;0.58
sainsburys-green-vegetable-selection--taste-the-difference-200g;Sainsbury's Green Vegetable Selection, Taste the Difference 200g;£2.40/unit;£12.00/kg;potato-vegetable-side-dishes;81;4.2;3.0;2.0;4.7;2.7;4.6;0.14
sainsburys-green-vegetable-selection--taste-the-difference-200g;Sainsbury's Green Vegetable Selection, Taste the Difference 200g;£2.40/unit;£12.00/kg;prepared-vegetables;81;4.2;3.0;2.0;4.7;2.7;4.6;0.14
sainsburys-green-vegetable-selection--taste-the-difference-200g;Sainsbury's Green Vegetable Selection, Taste the Difference 200g;£2.40/unit;£12.00/kg;taste-the-difference-bistro-ready-meals;81;4.2;3.0;2.0;4.7;2.7;4.6;0.14
sainsburys-green-vegetable-selection-450g;Sainsbury's Green Vegetable Selection 450g;£2.50/unit;£5.56/kg;british-ready-meals;58;2.6;4.7;2.4;2.1;1.1;5.0;0.15
sainsburys-green-vegetable-selection-450g;Sainsbury's Green Vegetable Selection 450g;£2.50/unit;£5.56/kg;potato-vegetable-side-dishes;58;2.6;4.7;2.4;2.1;1.1;5.0;0.15
sainsburys-green-vegetable-selection-450g;Sainsbury's Green Vegetable Selection 450g;£2.50/unit;£5.56/kg;vegetarian-ready-meals;58;2.6;4.7;2.4;2.1;1.1;5.0;0.15
sainsburys-green-vegetable-selection-with-mint-butter-260g;Sainsbury's Green Vegetable Selection With Mint Butter 260g;£2.00/unit;£7.69/kg;british-ready-meals;58;2.6;4.7;2.4;2.1;1.1;5.0;0.15
sainsburys-green-vegetable-selection-with-mint-butter-260g;Sainsbury's Green Vegetable Selection With Mint Butter 260g;£2.00/unit;£7.69/kg;coleslaw--olives--salads---dips-30658-44;58;2.6;4.7;2.4;2.1;1.1;5.0;0.15
sainsburys-green-vegetable-selection-with-mint-butter-260g;Sainsbury's Green Vegetable Selection With Mint Butter 260g;£2.00/unit;£7.69/kg;potato-vegetable-side-dishes;58;2.6;4.7;2.4;2.1;1.1;5.0;0.15
sainsburys-green-vegetable-selection-with-mint-butter-260g;Sainsbury's Green Vegetable Selection With Mint Butter 260g;£2.00/unit;£7.69/kg;prepared-vegetables;58;2.6;4.7;2.4;2.1;1.1;5.0;0.15
sainsburys-green-vegetable-selection-with-mint-butter-260g;Sainsbury's Green Vegetable Selection With Mint Butter 260g;£2.00/unit;£7.69/kg;vegetarian-meat-free-ready-meals;58;2.6;4.7;2.4;2.1;1.1;5.0;0.15
sainsburys-green-vegetables-with-mint-butter-450g;Sainsbury's Green Vegetables With Mint Butter 450g;£2.50/unit;£5.56/kg;prepared-vegetables;24158;2.6;4.7;2.4;2.1;1.1;5.0;0.15
sainsburys-greens-500g;Sainsbury's Greens 500g;£1.00/unit;£2.00/kg;broccoli-cauliflower-cabbage-greens;33;3.0;3.1;2.7;1.0;0.1;3.4;
sainsburys-grilled-whole-artichokes-180g;Sainsbury's Italian Grilled Artichokes 180g;£3.25/unit;£1.81/100g;olives-tapas-antipasti;168;2.7;3.1;1.8;15.3;1.7;3.9;2.38
sainsburys-groundnut-oil-500ml;Sainsbury's Groundnut Oil 500ml;£1.65/unit;£0.33/100ml;oils;3382823;0.5;0.5;0.5;91.4;15.7;0.5;0.01
sainsburys-gruyere---garlic-fougasse--taste-the-difference-295g;Sainsbury's Gruyere & Garlic Fougasse, Taste the Difference 295g;£2.20/unit;£0.75/100g;garlic-bread;294;9.5;42.6;2.0;8.9;4.0;2.9;1.00
sainsburys-gruyere---garlic-fougasse--taste-the-difference-295g;Sainsbury's Gruyere & Garlic Fougasse, Taste the Difference 295g;£2.20/unit;£0.75/100g;taste-the-difference-bistro-ready-meals;294;9.5;42.6;2.0;8.9;4.0;2.9;1.00
sainsburys-gruyere---garlic-fougasse--taste-the-difference-295g;Sainsbury's Gruyere & Garlic Fougasse, Taste the Difference 295g;£2.20/unit;£0.75/100g;vegetarian-meat-free-pizza-pasta;294;9.5;42.6;2.0;8.9;4.0;2.9;1.00
sainsburys-gruyere-cheese---red-onion-focaccia--taste-the-difference;Sainsbury's Gruyere Cheese & Red Onion Focaccia, Taste the Difference;£1.65/unit;£0.83/100g;naan-ciabatta-breads-of-the-world;296;12.8;34.0;2.2;11.1;3.5;4.6;0.90
sainsburys-guacamole-170g;Sainsbury's Guacamole 170g;£1.70/unit;£1.00/100g;deli-meat-alternatives;212;1.5;4.2;2.9;20.2;7.4;3.7;0.50
sainsburys-guacamole-170g;Sainsbury's Guacamole 170g;£1.70/unit;£1.00/100g;fresh-dips-houmous;212;1.5;4.2;2.9;20.2;7.4;3.7;0.50
sainsburys-haddock---prawn-gratin--taste-the-difference-400g-7583051-p-44;Sainsbury's Haddock & Prawn Dauphinoise Taste the Difference 400g;£3.30/unit;£8.25/kg;british-ready-meals;153;9.0;12.7;2.9;7.1;3.0;1.3;0.58
sainsburys-haddock---prawn-gratin--taste-the-difference-400g-7583051-p-44;Sainsbury's Haddock & Prawn Dauphinoise Taste the Difference 400g;£3.30/unit;£8.25/kg;meals-for-1-ready-meals;153;9.0;12.7;2.9;7.1;3.0;1.3;0.58
sainsburys-haddock---prawn-gratin--taste-the-difference-400g-7583051-p-44;Sainsbury's Haddock & Prawn Dauphinoise Taste the Difference 400g;£3.30/unit;£8.25/kg;taste-the-difference-bistro-ready-meals;153;9.0;12.7;2.9;7.1;3.0;1.3;0.58
sainsburys-haddock-fillet-portion-400g;Sainsbury's Haddock Fillet Portion 400g;£4.50/unit;£11.25/kg;frozen-fish-seafood;105;24.1;0.5;0.5;0.9;0.2;0.5;0.38
sainsburys-haddock-fishcakes-x2-270g;Sainsbury's Haddock Fishcakes x2 270g;£2.00/unit;£7.41/kg;breaded-coated-fish-seafood;188;10.8;18.7;1.7;7.4;0.8;1.5;0.76
sainsburys-haddock-fishcakes-x2-270g;Sainsbury's Haddock Fishcakes x2 270g;£2.00/unit;£7.41/kg;fishcakes-breaded-fish;188;10.8;18.7;1.7;7.4;0.8;1.5;0.76
sainsburys-haddock-fishcakes-x2-270g;Sainsbury's Haddock Fishcakes x2 270g;£2.00/unit;£7.41/kg;fuss-free-fish-135654-44;188;10.8;18.7;1.7;7.4;0.8;1.5;0.76
sainsburys-haddock-loins--taste-the-difference-266g;Sainsbury's Haddock Loins, Taste the Difference 266g;£3.75/unit;£14.10/kg;frozen-fish-seafood;105;24.1;0.5;0.5;0.9;0.2;0.5;0.38
sainsburys-haddock-skinless---boneless-fillets-%28approx-325g%29;Sainsbury's Haddock Fillets, Skinless & Boneless (approx. 325g);£16.00/kg;£16.00/kg;filleted-whole-fish;0;0.5;0.5;0.5;0.5;0.1;0.5;0.01
sainsburys-half-aromatic-duck-with-pancakes---hoi-sin-sauce-550g;Sainsbury's Half Aromatic Duck With Pancakes & Hoi Sin Sauce 500g;£7.00/unit;£14.00/kg;duck-game;265;18.8;23.0;11.4;10.7;2.7;0.8;0.95
sainsburys-half-aromatic-duck-with-pancakes---hoi-sin-sauce-550g;Sainsbury's Half Aromatic Duck With Pancakes & Hoi Sin Sauce 500g;£7.00/unit;£14.00/kg;prepared-joints;265;18.8;23.0;11.4;10.7;2.7;0.8;0.95
sainsburys-half-fat-burgers--butchers-choice-x4-454g;Sainsbury's Half Fat Burgers, Butcher's Choice x4 454g;£3.00/unit;£6.61/kg;beef;197;22.4;3.5;0.5;10.2;4.2;0.5;0.75
sainsburys-half-leg-lamb-1kg;Sainsbury's Half Leg Lamb 1kg;£8.50/unit;£8.50/kg;frozen-lamb;240;28.1;0.5;0.5;14.2;5.7;0.5;0.15
sainsburys-halloween-mega-chocolate-traybake;Sainsbury's Mega Chocolate Traybake;£10.00/unit;£5.92/kg;celebration-cakes;426;4.4;52;41;22;8.6;2.3;0.50
sainsburys-ham---mushroom-pasta-melt-800g;Sainsbury's Ham & Mushroom Pasta Melt 800g;£4.00/unit;£5.00/kg;italian-ready-meals;177;7.3;18.3;3.1;7.8;2.4;2.0;0.55
sainsburys-ham---mushroom-stonebaked-pizza-427g;Sainsbury's Stonebaked Ham & Mushroom Pizza 427g;£2.60/unit;£6.09/kg;frozen-pizza-garlic-bread;248;11.5;28.2;2.6;9.4;4.3;2.7;1.11
sainsburys-ham---mushroom-tagliatelle--be-good-to-yourself-400g;Sainsbury's Ham & Mushroom Tagliatelle, Be Good To Yourself 400g;£2.40/unit;£6.00/kg;healthier-choice-ready-meals;86;4.3;13.5;1.1;1.3;0.5;1.5;0.38
sainsburys-ham---mushroom-tagliatelle--be-good-to-yourself-400g;Sainsbury's Ham & Mushroom Tagliatelle, Be Good To Yourself 400g;£2.40/unit;£6.00/kg;italian-ready-meals;86;4.3;13.5;1.1;1.3;0.5;1.5;0.38
sainsburys-ham---mushroom-tagliatelle--be-good-to-yourself-400g;Sainsbury's Ham & Mushroom Tagliatelle, Be Good To Yourself 400g;£2.40/unit;£6.00/kg;lunchtime-snacks;86;4.3;13.5;1.1;1.3;0.5;1.5;0.38
sainsburys-ham---mushroom-tagliatelle--be-good-to-yourself-400g;Sainsbury's Ham & Mushroom Tagliatelle, Be Good To Yourself 400g;£2.40/unit;£6.00/kg;meals-for-1-ready-meals;86;4.3;13.5;1.1;1.3;0.5;1.5;0.38
sainsburys-ham---mushroom-tagliatelle-430g;Sainsbury's Ham & Mushroom Tagliatelle 430g;£2.30/unit;£5.35/kg;italian-ready-meals;136;6.6;11.9;1.8;5.7;2.9;5.4;0.50
sainsburys-ham---mushroom-tagliatelle-430g;Sainsbury's Ham & Mushroom Tagliatelle 430g;£2.30/unit;£5.35/kg;meals-for-1-ready-meals;136;6.6;11.9;1.8;5.7;2.9;5.4;0.50
sainsburys-ham--mushroom---mascarpone-12-pizza--taste-the-difference-520g;Sainsbury's Ham, Mushroom & Mascarpone Pizza, Taste the Difference 12'' 525g;£5.00/unit;£9.52/kg;pizza;244;11.9;31.6;2.5;7.2;3.8;2.4;0.83
sainsburys-ham-hock---sweet-potato-mash--be-good-to-yourself-400g;Sainsbury's Ham Hock & Sweet Potato Mash, Be Good To Yourself 400g;£3.00/unit;£7.50/kg;healthier-choice-ready-meals;77;4.8;9.1;2.2;2.0;0.7;2.1;0.38
sainsburys-ham-hock---sweet-potato-mash--be-good-to-yourself-400g;Sainsbury's Ham Hock & Sweet Potato Mash, Be Good To Yourself 400g;£3.00/unit;£7.50/kg;lunchtime-snacks;77;4.8;9.1;2.2;2.0;0.7;2.1;0.38
sainsburys-ham-hock---sweet-potato-mash--be-good-to-yourself-400g;Sainsbury's Ham Hock & Sweet Potato Mash, Be Good To Yourself 400g;£3.00/unit;£7.50/kg;meals-for-1-ready-meals;77;4.8;9.1;2.2;2.0;0.7;2.1;0.38
sainsburys-ham-hock--red-onion---goats-cheese-12-pizza--taste-the-difference;Sainsbury's Ham Hock, Red Onion & Goats' Cheese Pizza, Taste the Difference 12'' 480g;£5.00/unit;£10.42/kg;pizza;275;13.4;36.2;1.6;8.1;3.4;1.8;1.23
sainsburys-ham-hock-crispbakes-x2-300g;Sainsbury's Ham Hock Crispbakes x2 300g;£2.25/unit;£7.50/kg;breaded-coated-chicken-turkey-pork;211;10.9;17.9;1.3;10.3;2.0;1.7;0.78
sainsburys-ham-hocks-in-honey---mustard-x2-670g;Sainsbury's Ham Hocks In Honey & Mustard x2 670g;£5.00/unit;£7.46/kg;frozen-pork;142;18.3;1.3;1.2;7.0;2.9;0.5;1.23
sainsburys-hand-crimped-cornish-pasty--taste-the-difference-200g;Sainsbury's Hand Crimped Cornish Pasty, Taste the Difference 200g;£1.50/unit;£0.75/100g;lunchtime-snacks;260;8.3;23.7;1.7;14.4;6.7;1.2;0.88
sainsburys-hand-crimped-cornish-pasty--taste-the-difference-200g;Sainsbury's Hand Crimped Cornish Pasty, Taste the Difference 200g;£1.50/unit;£0.75/100g;slices-pasties;260;8.3;23.7;1.7;14.4;6.7;1.2;0.88
sainsburys-handbag---shoe-cake-792g;Sainsbury's Handbag & Shoe Madeira Cake 792g;£9.00/unit;£11.39/kg;celebration-cakes;454;2.3;65.4;53.0;20.2;4.1;0.8;0.35
sainsburys-happy-birthday-madeira-cake-1260g;Sainsbury's Happy Birthday Madeira Cake 1260g;£10.00/unit;£7.94/kg;celebration-cakes;399;2.6;69;48;12;2.6;0.9;0.44
sainsburys-harissa-paste-75g;Sainsbury's Harissa Paste 75g;£0.80/unit;£1.00/100g;mediterranean-ingredients;127;2.2;6.9;6.1;8.7;0.7;6.1;1.45
sainsburys-harrissa-lamb-koftas-152g;Sainsbury's Harrissa Lamb & Chicken Koftas 152g;£2.50/unit;£1.64/100g;olives-tapas-antipasti;259;18.7;8.9;2.3;15.9;3.6;2.3;0.95
sainsburys-hash-browns-700g;Sainsbury's Hash Browns 700g;£1.00/unit;£1.43/kg;chips-potatoes;189;2.4;22.2;0.5;9.3;1.1;3.2;0.36
sainsburys-hazelnut-chocolate-spread-400g;Sainsbury's Hazelnut Chocolate Spread 400g;£1.25/unit;£0.32/100g;chocolate-sweet-spreads;556;6.2;55.0;55.0;34.0;6.8;2.8;0.12
sainsburys-hazelnut-cooking-oil-250ml;Sainsbury's Hazelnut Cooking Oil 250ml;£3.90/unit;£1.56/100ml;oils;822;0;0;0;91.3;7.1;0;
sainsburys-hazelnut-yogurt--taste-the-difference-150g;Sainsbury's Hazelnut Yogurt, Taste the Difference 150g;£0.75/unit;£0.50/100g;luxury-yogurts;169;3.4;16.5;15.7;9.9;5.5;0.5;0.08
sainsburys-hazelnut-yogurt-150g;Sainsbury's Fab Creamy Hazelnut Yogurt 150g;£0.55/unit;£0.37/100g;corners-everyday-yogurts;130;4.4;15;15;5.6;2.4;0.5;0.10
sainsburys-hazelnut-yogurt-150g;Sainsbury's Fab Creamy Hazelnut Yogurt 150g;£0.55/unit;£0.37/100g;diet-low-fat-yogurts;130;4.4;15;15;5.6;2.4;0.5;0.10
sainsburys-heritage-baby-parsnips--taste-the-difference-230g-526937-p-44;Sainsbury's Heritage Baby Parsnips, Taste the Difference 230g;£1.60/unit;£6.96/kg;carrots-root-vegetables;72;1.8;11.4;5.4;1.1;0.2;4.6;0.03
sainsburys-heritage-baby-parsnips--taste-the-difference-230g-526937-p-44;Sainsbury's Heritage Baby Parsnips, Taste the Difference 230g;£1.60/unit;£6.96/kg;fruit-vegetables-organic-taste-the-difference;72;1.8;11.4;5.4;1.1;0.2;4.6;0.03
sainsburys-heritage-potatoes--taste-the-difference-15kg;Sainsbury's Roasting Potatoes, Taste the Difference 1.5kg;£2.00/unit;£1.33/kg;fruit-vegetables-organic-taste-the-difference;73;1.8;15.4;0.6;0.1;0;1.5;100;
sainsburys-heritage-potatoes--taste-the-difference-15kg;Sainsbury's Roasting Potatoes, Taste the Difference 1.5kg;£2.00/unit;£1.33/kg;potatoes;73;1.8;15.4;0.6;0.1;0;1.5;100;
sainsburys-hickory-chicken-wing-800g;Sainsbury's Hickory Chicken Wing 800g;£3.50/unit;£4.38/kg;frozen-chicken;253;23.8;4.4;2.8;15.4;4.1;0.8;0.77
sainsburys-hoisin-slow-cooked-duck-noodles-380g;Sainsbury's Hoisin Slow Cooked Duck Noodles 380g;£3.60/unit;£9.47/kg;meals-for-1-ready-meals;133;7.0;11.8;4.5;5.3;0.7;5.4;0.53
sainsburys-hoisin-slow-cooked-duck-noodles-380g;Sainsbury's Hoisin Slow Cooked Duck Noodles 380g;£3.60/unit;£9.47/kg;oriental-ready-meals;133;7.0;11.8;4.5;5.3;0.7;5.4;0.53
sainsburys-hoisin-stir-fry-sauce-175ml;Sainsbury's Hoisin Stir Fry Sauce 175ml;£1.00/unit;£0.57/100ml;asian-ingredients;103;1.0;21.4;17.5;1.4;0.2;0.6;1.40
sainsburys-hoisin-stir-fry-sauce-175ml;Sainsbury's Hoisin Stir Fry Sauce 175ml;£1.00/unit;£0.57/100ml;chillies-herbs-ingredients;103;1.0;21.4;17.5;1.4;0.2;0.6;1.40
sainsburys-hoisin-stir-fry-sauce-175ml;Sainsbury's Hoisin Stir Fry Sauce 175ml;£1.00/unit;£0.57/100ml;fresh-vegetables-stir-fry;103;1.0;21.4;17.5;1.4;0.2;0.6;1.40
sainsburys-hoisin-stir-fry-sauce-175ml;Sainsbury's Hoisin Stir Fry Sauce 175ml;£1.00/unit;£0.57/100ml;prepared-stir-fry;103;1.0;21.4;17.5;1.4;0.2;0.6;1.40
sainsburys-hollandaise-sauce-125g;Sainsbury's Hollandaise Sauce 125g;£1.50/unit;£1.20/100g;stock---gravy;259;1.7;5.0;0.9;25.7;16.6;0.5;0.78
sainsburys-homestyle-straight-cut-chips-15-kg;Sainsbury's Homestyle Straight Cut Chips 1.5 Kg;£2.00/unit;£1.33/kg;chips-potatoes;163;2.6;26.6;0.5;4.4;0.5;3.5;0.33
sainsburys-honey---mustard-chicken-pasta-350g;Sainsbury's Honey & Mustard Chicken Pasta Salad 350g;£3.20/unit;£0.84/100g;coleslaw-salads;179;7.3;18.4;3.9;8.1;1.0;1.5;0.50
sainsburys-honey---mustard-chicken-pasta-350g;Sainsbury's Honey & Mustard Chicken Pasta Salad 350g;£3.20/unit;£0.84/100g;lunchtime-snacks;179;7.3;18.4;3.9;8.1;1.0;1.5;0.50
sainsburys-honey---mustard-chicken-pasta-350g;Sainsbury's Honey & Mustard Chicken Pasta Salad 350g;£3.20/unit;£0.84/100g;prepared-salad-herbs;179;7.3;18.4;3.9;8.1;1.0;1.5;0.50
sainsburys-honey---mustard-dressing-180ml;Sainsbury's Honey & Mustard Dressing 180ml;£1.20/unit;£0.67/100ml;dressings-coleslaw-accompaniments;577;1.3;7.9;7.9;59.7;4.3;1.5;1.10
sainsburys-honey---sunflower-seed-bloomer--taste-the-difference-400g;Sainsbury's Honey & Sunflower Seed Bloomer, Taste the Difference 400g;£1.15/unit;£0.29/100g;seeded-grains-bread;255;9.7;42.3;6.8;3.4;0.3;8.6;0.93
sainsburys-honey---sunflower-seed-bloomer--taste-the-difference-400g;Sainsbury's Honey & Sunflower Seed Bloomer, Taste the Difference 400g;£1.15/unit;£0.29/100g;small-loaves;255;9.7;42.3;6.8;3.4;0.3;8.6;0.93
sainsburys-honey--basics-340g;Sainsbury's Honey, Basics 340g;£1.00/unit;£0.29/100g;honey;329;0.5;81.5;80.8;0.5;0.2;0.5;0.03
sainsburys-honey--clear-340g;Sainsbury's Honey, Clear 340g;£1.50/unit;£0.44/100g;honey;329;0.5;81.5;80.8;0.5;0.2;0.5;0.03
sainsburys-honey--set-340g;Sainsbury's Honey, Set 340g;£1.50/unit;£0.44/100g;honey;329;0.5;81.5;80.8;0.5;0.2;0.5;0.03
sainsburys-honey--squeezy-340g;Sainsbury's Runny Honey 340g;£1.70/unit;£0.50/100g;honey;329;0.5;81.5;80.8;0.5;0.2;0.5;0.03
sainsburys-honey-glazed-gammon-joint-800g;Sainsbury's Honey Glazed Gammon Joint 800g;£5.00/unit;£6.25/kg;frozen-pork;6;46;1;4;2;3;0;39
sainsburys-honey-mustard-glaze-marinade-200g;Sainsbury's Honey Mustard Glaze Marinade 200g;£2.00/unit;£1.00/100g;stock---gravy;1015241;2.8;38.6;38.6;7.8;0.9;2.8;1.50
sainsburys-honey-nut-cornflakes-750g;Sainsbury's Honey Nut Cornflakes 750g;£1.95/unit;£0.26/100g;bigger-packs;403;6.9;82.3;36.3;4.5;0.7;2.8;0.76
sainsburys-honey-roast-air-dried-lean-ham-finely-sliced--taste-the-difference-120g;Sainsbury's Honey Roast Ham Air Dried Lean Finely Sliced, Taste the Difference 120g;£3.00/unit;£2.50/100g;cooked-meats-taste-the-difference;140;28.0;0.8;0.8;2.8;0.9;0.5;2.78
sainsburys-honey-roast-air-dried-lean-ham-finely-sliced--taste-the-difference-120g;Sainsbury's Honey Roast Ham Air Dried Lean Finely Sliced, Taste the Difference 120g;£3.00/unit;£2.50/100g;ham-82654-44;140;28.0;0.8;0.8;2.8;0.9;0.5;2.78
sainsburys-honey-roast-air-dried-lean-ham-finely-sliced--taste-the-difference-120g;Sainsbury's Honey Roast Ham Air Dried Lean Finely Sliced, Taste the Difference 120g;£3.00/unit;£2.50/100g;ham;140;28.0;0.8;0.8;2.8;0.9;0.5;2.78
sainsburys-honey-roast-air-dried-lean-ham-finely-sliced--taste-the-difference-120g;Sainsbury's Honey Roast Ham Air Dried Lean Finely Sliced, Taste the Difference 120g;£3.00/unit;£2.50/100g;mfp-cooked-meats-snacking-taste-the-difference;140;28.0;0.8;0.8;2.8;0.9;0.5;2.78
sainsburys-honey-roast-ham--taste-the-difference-240g;Sainsbury's Honey Roast Ham, Taste the Difference 240g;£4.00/unit;£1.67/100g;cooked-meats-taste-the-difference;140;28.0;0.8;0.8;2.8;0.9;0.5;2.78
sainsburys-honey-roast-ham--taste-the-difference-240g;Sainsbury's Honey Roast Ham, Taste the Difference 240g;£4.00/unit;£1.67/100g;ham-82654-44;140;28.0;0.8;0.8;2.8;0.9;0.5;2.78
sainsburys-honey-roast-ham--taste-the-difference-240g;Sainsbury's Honey Roast Ham, Taste the Difference 240g;£4.00/unit;£1.67/100g;ham;140;28.0;0.8;0.8;2.8;0.9;0.5;2.78
sainsburys-honey-roast-ham--taste-the-difference-240g;Sainsbury's Honey Roast Ham, Taste the Difference 240g;£4.00/unit;£1.67/100g;mfp-cooked-meats-snacking-taste-the-difference;140;28.0;0.8;0.8;2.8;0.9;0.5;2.78
sainsburys-honey-roast-ham-240g;Sainsbury's Honey Roast Ham Slices x14 240g;£3.00/unit;£1.25/100g;ham-82654-44;120;22.3;1.4;1.4;2.8;1.0;0.5;1.63
sainsburys-honey-roast-ham-240g;Sainsbury's Honey Roast Ham Slices x14 240g;£3.00/unit;£1.25/100g;ham;120;22.3;1.4;1.4;2.8;1.0;0.5;1.63
sainsburys-honey-roast-ham-chunks-110g;Sainsbury's Honey Roast Ham Chunks 110g;£2.00/unit;£1.82/100g;ham-82654-44;145;25.8;3.1;3.1;3.3;1.4;0.5;1.63
sainsburys-honey-roast-ham-chunks-110g;Sainsbury's Honey Roast Ham Chunks 110g;£2.00/unit;£1.82/100g;ham;145;25.8;3.1;3.1;3.3;1.4;0.5;1.63
sainsburys-honey-roast-ham-family-size-375g;Sainsbury's Honey Roast Ham Slices x12 375g;£4.00/unit;£1.07/100g;ham-82654-44;120;22.3;1.4;1.4;2.8;1.0;0.5;1.63
sainsburys-honey-roast-ham-family-size-375g;Sainsbury's Honey Roast Ham Slices x12 375g;£4.00/unit;£1.07/100g;ham;120;22.3;1.4;1.4;2.8;1.0;0.5;1.63
sainsburys-honey-roast-salmon-flakes-120g;Sainsbury's Honey Roast Salmon Flakes 120g;£3.75/unit;£3.13/100g;canapes-snacking;192;25.4;2.0;0.8;9.0;1.6;0.6;1.08
sainsburys-honey-roast-salmon-flakes-120g;Sainsbury's Honey Roast Salmon Flakes 120g;£3.75/unit;£3.13/100g;cooked-fish-seafood;192;25.4;2.0;0.8;9.0;1.6;0.6;1.08
sainsburys-honey-roast-salmon-flakes-120g;Sainsbury's Honey Roast Salmon Flakes 120g;£3.75/unit;£3.13/100g;mfp-cooked-fish-seafood;192;25.4;2.0;0.8;9.0;1.6;0.6;1.08
sainsburys-honey-roast-salmon-portions-180g;Sainsbury's Honey Roast Salmon Portions 180g;£4.50/unit;£2.50/100g;canapes-snacking;275;24.3;4.8;1.7;17.3;4.2;1.2;0.93
sainsburys-honey-roast-salmon-portions-180g;Sainsbury's Honey Roast Salmon Portions 180g;£4.50/unit;£2.50/100g;cooked-fish-seafood;275;24.3;4.8;1.7;17.3;4.2;1.2;0.93
sainsburys-honey-roast-salmon-portions-180g;Sainsbury's Honey Roast Salmon Portions 180g;£4.50/unit;£2.50/100g;mfp-cooked-fish-seafood;275;24.3;4.8;1.7;17.3;4.2;1.2;0.93
sainsburys-honey-roast-thick-cut-ham-120g;Sainsbury's Honey Roast Thick Cut Ham 120g;£2.00/unit;£1.67/100g;ham-82654-44;129;23.3;2.0;2.0;3.1;1.1;0.5;1.63
sainsburys-honey-roast-thick-cut-ham-120g;Sainsbury's Honey Roast Thick Cut Ham 120g;£2.00/unit;£1.67/100g;ham;129;23.3;2.0;2.0;3.1;1.1;0.5;1.63
sainsburys-honey-roast-wiltshire-cured-ham--taste-the-difference-120g;Sainsbury's British Honey Roast Wiltshire Cure Ham, Taste the Difference 120g;£3.00/unit;£2.50/100g;cooked-meats-taste-the-difference;136;23.4;0.5;0.5;4.6;1.5;0.5;2.50
sainsburys-honey-roast-wiltshire-cured-ham--taste-the-difference-120g;Sainsbury's British Honey Roast Wiltshire Cure Ham, Taste the Difference 120g;£3.00/unit;£2.50/100g;ham-82654-44;136;23.4;0.5;0.5;4.6;1.5;0.5;2.50
sainsburys-honey-roast-wiltshire-cured-ham--taste-the-difference-120g;Sainsbury's British Honey Roast Wiltshire Cure Ham, Taste the Difference 120g;£3.00/unit;£2.50/100g;ham;136;23.4;0.5;0.5;4.6;1.5;0.5;2.50
sainsburys-honey-roast-wiltshire-cured-ham--taste-the-difference-120g;Sainsbury's British Honey Roast Wiltshire Cure Ham, Taste the Difference 120g;£3.00/unit;£2.50/100g;mfp-cooked-meats-snacking-taste-the-difference;136;23.4;0.5;0.5;4.6;1.5;0.5;2.50
sainsburys-hot---spicy-chicken-fajita-450g;Sainsbury's Hot & Spicy Chicken Fajita 450g;£3.00/unit;£6.67/kg;mexican-caribbean-american-ready-meals;173;9.3;18.3;4.1;6.6;1.6;1.9;0.60
sainsburys-hot---spicy-chicken-fillet-325g;Sainsbury's Hot & Spicy Breaded Chicken Fillet 325g;£3.00/unit;£9.23/kg;breaded-coated-chicken-turkey-pork;201;21.5;11.3;0.5;7.5;0.7;1.0;0.54
sainsburys-hot---spicy-chicken-fillet-325g;Sainsbury's Hot & Spicy Breaded Chicken Fillet 325g;£3.00/unit;£9.23/kg;chicken;201;21.5;11.3;0.5;7.5;0.7;1.0;0.54
sainsburys-hot---spicy-chicken-wings-1kg;Sainsbury's Hot & Spicy Chicken Wings 1kg;£3.25/unit;£3.25/kg;chicken;273;17.3;14.5;0.9;16.0;2.6;0.9;0.81
sainsburys-hot---spicy-houmous-200g;Sainsbury's Hot & Spicy Houmous 200g;£1.00/unit;£0.50/100g;deli-meat-alternatives;277;6.2;9.6;1.5;22.0;2.0;8.1;0.81
sainsburys-hot---spicy-houmous-200g;Sainsbury's Hot & Spicy Houmous 200g;£1.00/unit;£0.50/100g;fresh-dips-houmous;277;6.2;9.6;1.5;22.0;2.0;8.1;0.81
sainsburys-hot---spicy-stir-fry-300g;Sainsbury's Hot & Spicy Stir Fry 300g;£1.70/unit;£1.00/100g;asian-ingredients;57;1.2;4.9;3.3;3.1;0.3;2.2;0.04
sainsburys-hot---spicy-stir-fry-300g;Sainsbury's Hot & Spicy Stir Fry 300g;£1.70/unit;£1.00/100g;fresh-vegetables-stir-fry;57;1.2;4.9;3.3;3.1;0.3;2.2;0.04
sainsburys-hot---spicy-stir-fry-300g;Sainsbury's Hot & Spicy Stir Fry 300g;£1.70/unit;£1.00/100g;prepared-stir-fry;57;1.2;4.9;3.3;3.1;0.3;2.2;0.04
sainsburys-hot---spicy-stir-fry-300g;Sainsbury's Hot & Spicy Stir Fry 300g;£1.70/unit;£1.00/100g;prepared-vegetables;57;1.2;4.9;3.3;3.1;0.3;2.2;0.04
sainsburys-hot-cherry-pepper-stuffed-goats-cheese--taste-the-difference-290g;Sainsbury's Hot Cherry Pepper Stuffed Goat's Cheese, Taste the Difference 290g;£3.50/unit;£1.21/100g;olives-antipasti;175;4.9;22.4;12.2;6.2;1.0;-1;0.43
sainsburys-hot-chicken-vindaloo-%28hot---fiery%29-400g;Sainsbury's Hot Chicken Vindaloo (hot & fiery) 400g;£3.30/unit;£8.25/kg;indian-ready-meals;119;10.6;7.9;4.9;4.6;0.5;1.9;0.66
sainsburys-hot-chocolate-fudge-cake-730g;Sainsbury's Hot Chocolate Fudge Cake 730g;£4.00/unit;£0.54/100g;desserts;385;5.4;49.5;34.1;17.3;6.9;4.7;0.52
sainsburys-hot-chocolate-fudge-pudding-225g;Sainsbury's Hot Chocolate Fudge Pudding 225g;£3.00/unit;£1.33/100g;desserts;395;5.1;54.1;38.3;17.0;7.0;2.8;0.64
sainsburys-hot-cross-buns--be-good-to-yourself-x6;Sainsbury's Hot Cross Buns, Be Good To Yourself x6;£1.30/unit;£0.22/ea;cakes-scones-fruited-buns;267;6.3;52.7;20.1;2.7;0.7;3.5;0.39
sainsburys-hot-cross-buns--be-good-to-yourself-x6;Sainsbury's Hot Cross Buns, Be Good To Yourself x6;£1.30/unit;£0.22/ea;easter-treats;267;6.3;52.7;20.1;2.7;0.7;3.5;0.39
sainsburys-hot-cross-buns--be-good-to-yourself-x6;Sainsbury's Hot Cross Buns, Be Good To Yourself x6;£1.30/unit;£0.22/ea;scones-fruited-buns;267;6.3;52.7;20.1;2.7;0.7;3.5;0.39
sainsburys-hot-cross-buns-x6;Sainsbury's Hot Cross Buns x6;£1.30/unit;£0.22/ea;cakes-scones-fruited-buns;289;6.6;52.5;20.1;5.1;1.2;3.5;0.44
sainsburys-hot-cross-buns-x6;Sainsbury's Hot Cross Buns x6;£1.30/unit;£0.22/ea;easter-treats;289;6.6;52.5;20.1;5.1;1.2;3.5;0.44
sainsburys-hot-cross-buns-x6;Sainsbury's Hot Cross Buns x6;£1.30/unit;£0.22/ea;scones-fruited-buns;289;6.6;52.5;20.1;5.1;1.2;3.5;0.44
sainsburys-hot-dogs-x6-600g;Sainsbury's Hot Dogs x6 600g;£3.50/unit;£5.83/kg;sausages;289;14.7;3.8;1.1;23.5;8.5;1.6;1.50
sainsburys-hot-smoked--honey-flavoured-smoked-mackerel-%28approx-220g%29;Sainsbury's British Hot Smoked Honey Mackerel Fillets (approx. 220g);£15.75/kg;£1.58/100g;canapes-snacking;248;21.7;1.5;1.1;17.1;4.0;0.6;2.80
sainsburys-hot-smoked--honey-flavoured-smoked-mackerel-%28approx-220g%29;Sainsbury's British Hot Smoked Honey Mackerel Fillets (approx. 220g);£15.75/kg;£1.58/100g;cooked-fish-seafood;248;21.7;1.5;1.1;17.1;4.0;0.6;2.80
sainsburys-hot-smoked--honey-flavoured-smoked-mackerel-%28approx-220g%29;Sainsbury's British Hot Smoked Honey Mackerel Fillets (approx. 220g);£15.75/kg;£1.58/100g;mfp-cooked-fish-seafood;248;21.7;1.5;1.1;17.1;4.0;0.6;2.80
sainsburys-hot-smoked--honey-flavoured-smoked-mackerel-%28approx-220g%29;Sainsbury's British Hot Smoked Honey Mackerel Fillets (approx. 220g);£15.75/kg;£1.58/100g;smoked-fish;248;21.7;1.5;1.1;17.1;4.0;0.6;2.80
sainsburys-hot-smoked--peppered-mackerel-fillets-x2-%28approx-250g%29;Sainsbury's British Hot Smoked Peppered Mackerel Fillets x2 (approx. 250g);£10.00/kg;£1.00/100g;canapes-snacking;316;20.1;0.5;0.5;25.9;5.8;0.5;2.25
sainsburys-hot-smoked--peppered-mackerel-fillets-x2-%28approx-250g%29;Sainsbury's British Hot Smoked Peppered Mackerel Fillets x2 (approx. 250g);£10.00/kg;£1.00/100g;cooked-fish-seafood;316;20.1;0.5;0.5;25.9;5.8;0.5;2.25
sainsburys-hot-smoked--peppered-mackerel-fillets-x2-%28approx-250g%29;Sainsbury's British Hot Smoked Peppered Mackerel Fillets x2 (approx. 250g);£10.00/kg;£1.00/100g;mfp-cooked-fish-seafood;316;20.1;0.5;0.5;25.9;5.8;0.5;2.25
sainsburys-hot-smoked--peppered-mackerel-fillets-x2-%28approx-250g%29;Sainsbury's British Hot Smoked Peppered Mackerel Fillets x2 (approx. 250g);£10.00/kg;£1.00/100g;smoked-fish;316;20.1;0.5;0.5;25.9;5.8;0.5;2.25
sainsburys-hot-smoked-mackerel-fillets-%28approx-250g%29;Sainsbury's British Hot Smoked Mackerel Fillets (approx. 250g);£11.15/kg;£1.12/100g;canapes-snacking;224;22.5;0.5;0.5;14.6;4.1;0.5;2.25
sainsburys-hot-smoked-mackerel-fillets-%28approx-250g%29;Sainsbury's British Hot Smoked Mackerel Fillets (approx. 250g);£11.15/kg;£1.12/100g;cooked-fish-seafood;224;22.5;0.5;0.5;14.6;4.1;0.5;2.25
sainsburys-hot-smoked-mackerel-fillets-%28approx-250g%29;Sainsbury's British Hot Smoked Mackerel Fillets (approx. 250g);£11.15/kg;£1.12/100g;mfp-cooked-fish-seafood;224;22.5;0.5;0.5;14.6;4.1;0.5;2.25
sainsburys-hot-smoked-mackerel-fillets-%28approx-250g%29;Sainsbury's British Hot Smoked Mackerel Fillets (approx. 250g);£11.15/kg;£1.12/100g;smoked-fish;224;22.5;0.5;0.5;14.6;4.1;0.5;2.25
sainsburys-hot-smoked-sweet-chilli-salmon-180g;Sainsbury's Salmon Fillets, Sweet Chilli 180g;£4.50/unit;£2.50/100g;cooked-fish-seafood;256;25.3;4.2;4.2;15.2;2.5;0.6;1.05
sainsburys-hot-smoked-sweet-chilli-salmon-180g;Sainsbury's Salmon Fillets, Sweet Chilli 180g;£4.50/unit;£2.50/100g;mfp-cooked-fish-seafood;256;25.3;4.2;4.2;15.2;2.5;0.6;1.05
sainsburys-houmous--basics-200g;Sainsbury's Houmous, Basics 200g;£0.85/unit;£0.43/100g;deli-meat-alternatives;305;5.7;9.1;0.8;25.9;2.6;6.3;0.92
sainsburys-houmous--basics-200g;Sainsbury's Houmous, Basics 200g;£0.85/unit;£0.43/100g;fresh-dips-houmous;305;5.7;9.1;0.8;25.9;2.6;6.3;0.92
sainsburys-houmous--be-good-to-yourself-230g;Sainsbury's Houmous, Be Good To Yourself 230g;£1.00/unit;£0.43/100g;deli-meat-alternatives;180;6.4;11.0;0.5;10.5;1.2;8.4;0.61
sainsburys-houmous--be-good-to-yourself-230g;Sainsbury's Houmous, Be Good To Yourself 230g;£1.00/unit;£0.43/100g;fresh-dips-houmous;180;6.4;11.0;0.5;10.5;1.2;8.4;0.61
sainsburys-houmous--so-organic-200g;Sainsbury's Houmous, SO Organic 200g;£1.20/unit;£0.60/100g;deli-meat-alternatives;314;6.7;8.5;0.5;27.0;3.6;5.0;1.06
sainsburys-houmous--so-organic-200g;Sainsbury's Houmous, SO Organic 200g;£1.20/unit;£0.60/100g;fresh-dips-houmous;314;6.7;8.5;0.5;27.0;3.6;5.0;1.06
sainsburys-houmous-230g;Sainsbury's Houmous 230g;£1.00/unit;£0.43/100g;deli-meat-alternatives;278;6.7;10.6;0.7;22.0;2.7;5.3;0.63
sainsburys-houmous-230g;Sainsbury's Houmous 230g;£1.00/unit;£0.43/100g;fresh-dips-houmous;278;6.7;10.6;0.7;22.0;2.7;5.3;0.63
sainsburys-house-dessert-wine-beerenauslese-375cl;Sainsbury's House Dessert Wine 37.5cl;£4.00/unit;£4.00/37.5cl;buyer-recommends;-1;-1;-1;-1;-1;-1;-1;-1
sainsburys-house-dessert-wine-beerenauslese-375cl;Sainsbury's House Dessert Wine 37.5cl;£4.00/unit;£4.00/37.5cl;dessert-wine;-1;-1;-1;-1;-1;-1;-1;-1
sainsburys-house-pinot-grigio-75cl;Sainsbury's House Pinot Grigio 75cl;£4.50/unit;£4.50/75cl;buyer-recommends;-1;-1;-1;-1;-1;-1;-1;-1
sainsburys-house-pinot-grigio-blush-75cl;Sainsbury's House Pinot Grigio Blush 75cl;£4.50/unit;£4.50/75cl;buyer-recommends;-1;-1;-1;-1;-1;-1;-1;-1
sainsburys-house-pinot-grigio-blush-75cl;Sainsbury's House Pinot Grigio Blush 75cl;£4.50/unit;£4.50/75cl;rose-wine;-1;-1;-1;-1;-1;-1;-1;-1
sainsburys-hugo-the-hedgehog-cake-%28-serves-14-%29;Sainsbury's Hugo The Hedgehog Cake (Serves 14);£9.00/unit;£10.00/kg;celebration-cakes;437;4.2;54;39;22;9.0;2.4;0.26
sainsburys-hungarian-beef-goulash-meal-soup-400g;Sainsbury's Hungarian Beef Goulash Meal Soup 400g;£1.40/unit;£0.35/100g;fresh-soups;50;3.1;4.4;4.1;1.9;0.5;1.4;0.42
sainsburys-hungarian-beef-goulash-meal-soup-400g;Sainsbury's Hungarian Beef Goulash Meal Soup 400g;£1.40/unit;£0.35/100g;lunchtime-snacks;50;3.1;4.4;4.1;1.9;0.5;1.4;0.42
sainsburys-iberico--taste-the-difference-170g;Sainsbury's Iberico, Taste the Difference 170g;£2.75/unit;£16.18/kg;organic-taste-the-difference-cheese;443;25.4;2.2;0.5;37.0;25.5;0.5;1.68
sainsburys-iberico-bellota-paleta--taste-the-difference-40g;Sainsbury's Spanish Paleta Iberico Bellota, Taste the Difference 40g;£4.00/unit;£10.00/100g;continental-meats;383;29.5;0.5;0.5;29.4;10.3;0.5;5.50
sainsburys-iberico-bellota-paleta--taste-the-difference-40g;Sainsbury's Spanish Paleta Iberico Bellota, Taste the Difference 40g;£4.00/unit;£10.00/100g;cooked-meats-taste-the-difference;383;29.5;0.5;0.5;29.4;10.3;0.5;5.50
sainsburys-iberico-bellota-paleta--taste-the-difference-40g;Sainsbury's Spanish Paleta Iberico Bellota, Taste the Difference 40g;£4.00/unit;£10.00/100g;mfp-cooked-meats-snacking-taste-the-difference;383;29.5;0.5;0.5;29.4;10.3;0.5;5.50
sainsburys-iberico-bellota-selection--taste-the-difference-90g;Sainsbury's Spanish Iberico Bellota Tapas Selection, Taste the Difference 90g;£5.00/unit;£5.56/100g;continental-meats;1287309;29.7;0.5;0.5;20.9;7.3;1.0;3.7
sainsburys-iberico-bellota-selection--taste-the-difference-90g;Sainsbury's Spanish Iberico Bellota Tapas Selection, Taste the Difference 90g;£5.00/unit;£5.56/100g;cooked-meats-taste-the-difference;1287309;29.7;0.5;0.5;20.9;7.3;1.0;3.7
sainsburys-iberico-bellota-selection--taste-the-difference-90g;Sainsbury's Spanish Iberico Bellota Tapas Selection, Taste the Difference 90g;£5.00/unit;£5.56/100g;mfp-cooked-meats-snacking-taste-the-difference;1287309;29.7;0.5;0.5;20.9;7.3;1.0;3.7
sainsburys-iberico-bellota-selection--taste-the-difference-90g;Sainsbury's Spanish Iberico Bellota Tapas Selection, Taste the Difference 90g;£5.00/unit;£5.56/100g;olives-tapas-antipasti;1287309;29.7;0.5;0.5;20.9;7.3;1.0;3.7
sainsburys-ice-cream-roll-250ml;Sainsbury's Ice Cream Roll 250ml;£1.00/unit;£0.40/100g;ice-cream-desserts;212;3.5;38.3;27.2;4.9;2.8;0.7;0.25
sainsburys-ice-lollies-variety-pack-1060ml;Sainsbury's Ice Lollies Assorted 20x53ml;£2.50/unit;£0.24/100ml;lollies-bars-cones;69;0;17.2;16.3;0;0;0.1;
sainsburys-iceberg-lettuce--basics;Sainsbury's Iceberg Lettuce, Basics;£0.55/unit;£0.55/ea;lettuce;6015;0.7;1.9;1.9;0.5;0.1;0.6;0.1
sainsburys-iceberg-lettuce-200g;Sainsbury's Iceberg Lettuce 200g;£1.00/unit;£0.50/100g;fresh-salad-prepared-ready-to-eat;16;0.7;1.9;1.9;0.5;0.1;1.4;0.05
sainsburys-iceberg-lettuce-200g;Sainsbury's Iceberg Lettuce 200g;£1.00/unit;£0.50/100g;lettuce;16;0.7;1.9;1.9;0.5;0.1;1.4;0.05
sainsburys-iceberg-lettuce-200g;Sainsbury's Iceberg Lettuce 200g;£1.00/unit;£0.50/100g;prepared-salad-herbs;16;0.7;1.9;1.9;0.5;0.1;1.4;0.05
sainsburys-iceberg-lettuce;Sainsbury's Iceberg Lettuce;£0.60/unit;£0.60/ea;lettuce;14;0.7;1.9;1.9;0.3;0.0;0.6;0.00
sainsburys-iceberg-twin-pack-160g;Sainsbury's Iceberg Twin Pack 160g;£1.00/unit;£0.63/100g;fresh-salad-prepared-ready-to-eat;16;0.7;1.9;1.9;0.5;0.1;1.4;0.05
sainsburys-iceberg-twin-pack-160g;Sainsbury's Iceberg Twin Pack 160g;£1.00/unit;£0.63/100g;lettuce;16;0.7;1.9;1.9;0.5;0.1;1.4;0.05
sainsburys-iceberg-twin-pack-160g;Sainsbury's Iceberg Twin Pack 160g;£1.00/unit;£0.63/100g;prepared-salad-herbs;16;0.7;1.9;1.9;0.5;0.1;1.4;0.05
sainsburys-iced-buns-x6;Sainsbury's Iced Buns x6;£1.00/unit;£0.17/ea;cakes-scones-fruited-buns;330;6.7;53.4;20.3;9.3;3.5;2.8;0.43
sainsburys-iced-buns-x6;Sainsbury's Iced Buns x6;£1.00/unit;£0.17/ea;scones-fruited-buns;330;6.7;53.4;20.3;9.3;3.5;2.8;0.43
sainsburys-iced-fairy-cakes-x6;Sainsbury's Iced Fairy Cakes x6;£1.45/unit;£0.24/ea;muffins-small-cakes;463;5.5;53.4;33.0;24.9;8.1;1.8;0.47
sainsburys-iced-madeira-cake;Sainsbury's Iced Madeira Cake;£1.00/unit;£0.34/100g;sponge-slab-loaf-cakes;396;3.7;61.3;41.2;14.9;9.1;1.0;0.58
sainsburys-india-pale-ale--taste-the-difference-500ml;Sainsbury's India Pale Ale, Taste the Difference 500ml;£1.90/unit;£3.80/ltr;ale-stout;51;0.5;4.4;-1;0.5;0.1;0.5;0.01
sainsburys-indian-lentil-quarter-pounder-454g-7718227-p-44;Sainsbury's Indian Lentil Quarter Pounder 454g;£1.80/unit;£3.96/kg;meat-free-vegetarian;196;4.2;18.9;6.6;10.5;1.1;4.5;0.67
sainsburys-indian-meal-box-south-indian-jalfrezi--taste-the-difference-1184g;Sainsbury's Indian Meal Box South Indian Jalfrezi, Taste the Difference 1.184g;£9.00/unit;£7.56/kg;indian-ready-meals;147;7.6;17.3;2.3;4.5;0.9;3.0;0.58
sainsburys-indian-meal-box-south-indian-jalfrezi--taste-the-difference-1184g;Sainsbury's Indian Meal Box South Indian Jalfrezi, Taste the Difference 1.184g;£9.00/unit;£7.56/kg;taste-the-difference-bistro-ready-meals;147;7.6;17.3;2.3;4.5;0.9;3.0;0.58
sainsburys-indian-meal-for-4-259kg;Sainsbury's Indian Meal For 4, 2.59kg;£14.00/unit;£5.41/kg;indian-ready-meals;164;3.4;32.4;0.5;1.8;0.1;2.2;0.40
sainsburys-indian-snack-selection-%28warm---aromatic%29-288g;Sainsbury's Indian Snack Selection (warm & aromatic) 288g;£2.20/unit;£7.64/kg;deli-meat-alternatives;215;6.2;23.6;2.6;9.5;0.7;5.1;0.78
sainsburys-indian-snack-selection-%28warm---aromatic%29-288g;Sainsbury's Indian Snack Selection (warm & aromatic) 288g;£2.20/unit;£7.64/kg;indian-ready-meals;215;6.2;23.6;2.6;9.5;0.7;5.1;0.78
sainsburys-indian-snack-selection-%28warm---aromatic%29-288g;Sainsbury's Indian Snack Selection (warm & aromatic) 288g;£2.20/unit;£7.64/kg;vegetarian-meat-free-ready-meals;215;6.2;23.6;2.6;9.5;0.7;5.1;0.78
sainsburys-indian-tonic-water-1l;Sainsbury's Indian Tonic Water 1L;£0.50/unit;£0.05/100ml;mixers-12333-44;31;0.5;7.4;7.4;0.5;0.1;0.5;0.05
sainsburys-indian-tonic-water-1l;Sainsbury's Indian Tonic Water 1L;£0.50/unit;£0.05/100ml;mixers;31;0.5;7.4;7.4;0.5;0.1;0.5;0.05
sainsburys-indulgence-ice-creams--chocolate---hazelnut-praline-x3-240ml;Sainsbury's Indulgence Ice Cream, Chocolate & Hazelnut Praline 3x80ml;£2.50/unit;£1.04/100ml;lollies-bars-cones;387;5.0;35.7;27.8;24.7;13.4;0.8;0.17
sainsburys-indulgence-ice-creams--chocolate-brownie-x3-240ml;Sainsbury's Indulgence Ice Cream, Chocolate Brownie 3x80ml;£2.50/unit;£1.04/100ml;lollies-bars-cones;360;4.8;39.3;31.6;20.1;12.5;1.6;0.14
sainsburys-instant-custard--basics-385g;Sainsbury's Custard, Basics 385g;£0.20/unit;£0.05/100g;custard;73;2.7;13.8;9.4;0.8;0.4;0;
sainsburys-instant-custard--basics-68g;Sainsbury's Instant Custard Powder, Basics 68g;£0.20/unit;£0.29/100g;custard;59;0.5;11.0;6.9;1.5;1.1;0.5;0.05
sainsburys-instant-custard-72g;Sainsbury's Instant Custard 72g;£0.40/unit;£0.56/100g;custard;63;0.6;10.9;6.7;1.9;1.4;0.2;
sainsburys-instant-custard-no-added-sugar-72g;Sainsbury's Instant Custard Power No Added Sugar 72g;£0.40/unit;£0.56/100g;custard;60;0.8;10.4;4.2;1.6;1.3;0.5;0.15
sainsburys-instore-bakery-blueberry-muffins-x4;Sainsbury's Muffins, Blueberry x4;£1.70/unit;£0.43/ea;cakes-from-our-bakery-12374-44;1567374;4.9;46.6;26.8;18.5;1.6;1.0;0.38
sainsburys-instore-bakery-blueberry-muffins-x4;Sainsbury's Muffins, Blueberry x4;£1.70/unit;£0.43/ea;cakes-from-our-bakery;1567374;4.9;46.6;26.8;18.5;1.6;1.0;0.38
sainsburys-instore-bakery-meringues-nests-x8;Sainsbury's Instore Bakery Meringues Nests x8;£1.25/unit;£0.16/ea;cakes-from-our-bakery-12374-44;1678395;4.6;93.9;93.9;0.5;0.1;0.5;0.18
sainsburys-irish-county-cream-70cl;Sainsbury's Irish County Cream Liqueur 70cl;£7.00/unit;£10.00/ltr;liqueurs-other-spirits;318;3.5;24.0;24.0;12.8;8.0;-1;0.27
sainsburys-irish-cream-liqueur--taste-the-difference-35cl;Sainsbury's Irish Cream Liqueur, Taste the Difference 35cl;£6.50/unit;£18.57/ltr;liqueurs-other-spirits;304;3.9;21.6;20.8;12.1;7.6;0.5;0.25
sainsburys-irish-recipe-pork-sausages-454g;Sainsbury's Irish Recipe Pork Sausages x8 454g;£1.10/unit;£2.42/kg;great-prices-on-meat---fish;327;9.7;12.6;1.6;25.5;9.8;4.4;1.50
sainsburys-irish-recipe-pork-sausages-454g;Sainsbury's Irish Recipe Pork Sausages x8 454g;£1.10/unit;£2.42/kg;sausages;327;9.7;12.6;1.6;25.5;9.8;4.4;1.50
sainsburys-island-fruit-mix-250g;Sainsbury's Island Fruit Mix 250g;£3.30/unit;£1.32/100g;dessert-fruit;275;2.3;63.9;61.8;0.5;0.1;3.1;0.26
sainsburys-island-fruit-mix-250g;Sainsbury's Island Fruit Mix 250g;£3.30/unit;£1.32/100g;snacking-fruit-nuts;275;2.3;63.9;61.8;0.5;0.1;3.1;0.26
sainsburys-isle-of-skye-smoked-salmon-p%C3%A2t%C3%A9--taste-the-difference-115g;Sainsbury's Smoked Salmon Pâté, Taste the Difference 115g;£1.65/unit;£1.43/100g;cooked-meats-taste-the-difference;217;14.9;4.7;1.3;15.3;3.6;0.5;1.98
sainsburys-isle-of-skye-smoked-salmon-p%C3%A2t%C3%A9--taste-the-difference-115g;Sainsbury's Smoked Salmon Pâté, Taste the Difference 115g;£1.65/unit;£1.43/100g;mfp-cooked-meats-snacking-taste-the-difference;217;14.9;4.7;1.3;15.3;3.6;0.5;1.98
sainsburys-isle-of-skye-smoked-salmon-p%C3%A2t%C3%A9--taste-the-difference-115g;Sainsbury's Smoked Salmon Pâté, Taste the Difference 115g;£1.65/unit;£1.43/100g;mfp-pate;217;14.9;4.7;1.3;15.3;3.6;0.5;1.98
sainsburys-isle-of-skye-smoked-salmon-p%C3%A2t%C3%A9--taste-the-difference-115g;Sainsbury's Smoked Salmon Pâté, Taste the Difference 115g;£1.65/unit;£1.43/100g;organic-taste-the-difference;217;14.9;4.7;1.3;15.3;3.6;0.5;1.98
sainsburys-isle-of-skye-smoked-salmon-p%C3%A2t%C3%A9--taste-the-difference-115g;Sainsbury's Smoked Salmon Pâté, Taste the Difference 115g;£1.65/unit;£1.43/100g;pate;217;14.9;4.7;1.3;15.3;3.6;0.5;1.98
sainsburys-isle-of-skye-smoked-salmon-p%C3%A2t%C3%A9--taste-the-difference-115g;Sainsbury's Smoked Salmon Pâté, Taste the Difference 115g;£1.65/unit;£1.43/100g;smoked-fish;217;14.9;4.7;1.3;15.3;3.6;0.5;1.98
sainsburys-italian-antipasti-platter-180g;Sainsbury's Italian Antipasti Platter 180g;£4.00/unit;£2.22/100g;continental-meats;295;28.0;0.5;0.5;-1;-1;-1;-1
sainsburys-italian-antipasti-platter-180g;Sainsbury's Italian Antipasti Platter 180g;£4.00/unit;£2.22/100g;mfp-continental-meats;295;28.0;0.5;0.5;-1;-1;-1;-1
sainsburys-italian-antipasti-platter-180g;Sainsbury's Italian Antipasti Platter 180g;£4.00/unit;£2.22/100g;olives-tapas-antipasti;295;28.0;0.5;0.5;-1;-1;-1;-1
sainsburys-italian-antipasto-selection-62g;Sainsbury's Italian Antipasto Selection 62g;£2.00/unit;£3.23/100g;continental-meats;398;26.9;1.0;0.5;31.8;12.0;0.5;3.80
sainsburys-italian-antipasto-selection-62g;Sainsbury's Italian Antipasto Selection 62g;£2.00/unit;£3.23/100g;mfp-continental-meats;398;26.9;1.0;0.5;31.8;12.0;0.5;3.80
sainsburys-italian-antipasto-selection-62g;Sainsbury's Italian Antipasto Selection 62g;£2.00/unit;£3.23/100g;olives-tapas-antipasti;398;26.9;1.0;0.5;31.8;12.0;0.5;3.80
sainsburys-italian-artichoke-antipasto-280g;Sainsbury's Italian Artichoke Antipasto 280g (180g*);£2.00/unit;£1.11/100g;olives-antipasti;202;2.8;12.5;5.1;14.6;1.5;4.8;0.28
sainsburys-italian-cooked-ham-100g;Sainsbury's Italian Prosciutto Cotto Slices 100g;£2.00/unit;£2.00/100g;continental-meats;159;19.7;0.5;0.5;8.9;3.2;0.5;1.93
sainsburys-italian-cooked-ham-100g;Sainsbury's Italian Prosciutto Cotto Slices 100g;£2.00/unit;£2.00/100g;mfp-continental-meats;159;19.7;0.5;0.5;8.9;3.2;0.5;1.93
sainsburys-italian-cubetti-di-pancetta-206g;Sainsbury's Italian Cubetti Di Pancetta 206g;£2.45/unit;£1.19/100g;bacon;356;17.4;0.5;0.5;31.7;11.7;0.5;3.73
sainsburys-italian-cubetti-di-pancetta-206g;Sainsbury's Italian Cubetti Di Pancetta 206g;£2.45/unit;£1.19/100g;continental-meats;356;17.4;0.5;0.5;31.7;11.7;0.5;3.73
sainsburys-italian-cubetti-di-pancetta-206g;Sainsbury's Italian Cubetti Di Pancetta 206g;£2.45/unit;£1.19/100g;cooks-ingredients-85658-44;356;17.4;0.5;0.5;31.7;11.7;0.5;3.73
sainsburys-italian-cubetti-di-pancetta-206g;Sainsbury's Italian Cubetti Di Pancetta 206g;£2.45/unit;£1.19/100g;cooks-ingredients;356;17.4;0.5;0.5;31.7;11.7;0.5;3.73
sainsburys-italian-cubetti-di-pancetta-206g;Sainsbury's Italian Cubetti Di Pancetta 206g;£2.45/unit;£1.19/100g;mfp-continental-meats;356;17.4;0.5;0.5;31.7;11.7;0.5;3.73
sainsburys-italian-gemelli-pasta-500g;Sainsbury's Fresh Egg Gemelli Pasta 500g;£1.65/unit;£3.30/kg;fresh-pasta-sauces;193;7.5;36.0;1.0;1.8;0.6;1.3;0.02
sainsburys-italian-gemelli-pasta-500g;Sainsbury's Fresh Egg Gemelli Pasta 500g;£1.65/unit;£3.30/kg;vegetarian-meat-free-pizza-pasta;193;7.5;36.0;1.0;1.8;0.6;1.3;0.02
sainsburys-italian-macaroni---bacon-melt-main-for-4-14kg;Sainsbury's Italian Macaroni & Bacon Melt Main For 4 1.4kg;£6.00/unit;£4.29/kg;italian-ready-meals;171;8.0;14.3;1.4;8.2;4.6;3.9;0.58
sainsburys-italian-macaroni-500g;Sainsbury's Fresh Egg Macaroni 500g;£1.65/unit;£3.30/kg;fresh-pasta-sauces;193;7.5;36.0;1.0;1.8;0.6;1.3;0.02
sainsburys-italian-macaroni-500g;Sainsbury's Fresh Egg Macaroni 500g;£1.65/unit;£3.30/kg;vegetarian-meat-free-pizza-pasta;193;7.5;36.0;1.0;1.8;0.6;1.3;0.02
sainsburys-italian-milano-salami-slices-86g;Sainsbury's Italian Milano Salami Slices 86g;£2.00/unit;£2.33/100g;continental-meats;398;26.9;1.0;0.5;31.8;12.0;0.5;3.80
sainsburys-italian-milano-salami-slices-86g;Sainsbury's Italian Milano Salami Slices 86g;£2.00/unit;£2.33/100g;mfp-continental-meats;398;26.9;1.0;0.5;31.8;12.0;0.5;3.80
sainsburys-italian-mixed-mushroom-antipasto-280g;Sainsbury's Italian Mixed Mushroom Antipasto 280g (160g*);£2.30/unit;£1.44/100g;olives-antipasti;94;3.2;0.6;0.5;8.0;1.0;3.7;1.60
sainsburys-italian-olive-oil--extra-virgin-500ml;Sainsbury's Italian Olive Oil, Extra Virgin 500ml;£2.90/unit;£0.58/100ml;oils;823;0;0;0;91.4;13.1;0;
sainsburys-italian-parma-ham-24-month-matured--taste-the-difference-70g;Sainsbury's Italian Parma Ham 24 Month Matured, Taste the Difference 70g;£3.50/unit;£5.00/100g;continental-meats;241;26.5;0.5;0.5;15.0;5.8;0.5;4.60
sainsburys-italian-parma-ham-24-month-matured--taste-the-difference-70g;Sainsbury's Italian Parma Ham 24 Month Matured, Taste the Difference 70g;£3.50/unit;£5.00/100g;mfp-continental-meats;241;26.5;0.5;0.5;15.0;5.8;0.5;4.60
sainsburys-italian-prosciutto-crudo-slices-70g;Sainsbury's Italian Prosciutto Crudo Slices 70g;£1.75/unit;£2.50/100g;continental-meats;295;28.0;0.5;0.5;20.2;7.0;0.5;5.73
sainsburys-italian-prosciutto-crudo-slices-70g;Sainsbury's Italian Prosciutto Crudo Slices 70g;£1.75/unit;£2.50/100g;mfp-continental-meats;295;28.0;0.5;0.5;20.2;7.0;0.5;5.73
sainsburys-italian-salad-sprinkle-25g;Sainsbury's Italian Salad Sprinkle 25g;£0.50/unit;£2.00/100g;dressings-coleslaw-accompaniments;457;17.2;29.2;13.8;27.8;3.5;10.5;2.00
sainsburys-italian-salsa-al-pesto-150g;Sainsbury's Fresh Green Pesto 150g;£2.00/unit;£1.33/100g;fresh-pasta-sauces;403;9.6;3.7;0.5;38.6;9.0;1.3;1.25
sainsburys-italian-salsa-al-pesto-150g;Sainsbury's Fresh Green Pesto 150g;£2.00/unit;£1.33/100g;vegetarian-meat-free-pizza-pasta;403;9.6;3.7;0.5;38.6;9.0;1.3;1.25
sainsburys-italian-smoked-pancetta-105g;Sainsbury's Italian Smoked Pancetta 105g;£2.00/unit;£1.90/100g;bacon;356;19.5;0.5;0.5;30.8;12.0;0.5;2.85
sainsburys-italian-smoked-pancetta-105g;Sainsbury's Italian Smoked Pancetta 105g;£2.00/unit;£1.90/100g;continental-meats;356;19.5;0.5;0.5;30.8;12.0;0.5;2.85
sainsburys-italian-smoked-pancetta-105g;Sainsbury's Italian Smoked Pancetta 105g;£2.00/unit;£1.90/100g;cooks-ingredients-85658-44;356;19.5;0.5;0.5;30.8;12.0;0.5;2.85
sainsburys-italian-smoked-pancetta-105g;Sainsbury's Italian Smoked Pancetta 105g;£2.00/unit;£1.90/100g;cooks-ingredients;356;19.5;0.5;0.5;30.8;12.0;0.5;2.85
sainsburys-italian-smoked-pancetta-105g;Sainsbury's Italian Smoked Pancetta 105g;£2.00/unit;£1.90/100g;mfp-continental-meats;356;19.5;0.5;0.5;30.8;12.0;0.5;2.85
sainsburys-italian-style-balsamic-dressing-180ml;Sainsbury's Italian Style Balsamic Dressing 180ml;£1.20/unit;£0.67/100ml;dressings-coleslaw-accompaniments;268;0.6;20.9;20.3;20.1;1.9;0.5;1.30
sainsburys-italian-style-ciabatta-croutons-100g;Sainsbury's Italian Style Ciabatta Croutons 100g;£1.20/unit;£1.20/100g;dressings-coleslaw-accompaniments;451;12.1;63.7;2.7;15.4;2.3;4.9;1.24
sainsburys-italian-style-ciabatta-croutons-100g;Sainsbury's Italian Style Ciabatta Croutons 100g;£1.20/unit;£1.20/100g;fresh-soups;451;12.1;63.7;2.7;15.4;2.3;4.9;1.24
sainsburys-italian-style-salad-100g;Sainsbury's Italian Style Salad 100g;£1.50/unit;£1.50/100g;fresh-salad-prepared-ready-to-eat;22;2.5;1.0;0.5;0.5;0.1;1.8;0.15
sainsburys-italian-style-salad-100g;Sainsbury's Italian Style Salad 100g;£1.50/unit;£1.50/100g;prepared-salad-herbs;22;2.5;1.0;0.5;0.5;0.1;1.8;0.15
sainsburys-italian-style-salad-170g;Sainsbury's Italian Style Salad 170g;£2.00/unit;£1.18/100g;fresh-salad-prepared-ready-to-eat;22;2.5;1.0;0.5;0.5;0.1;1.8;0.15
sainsburys-italian-style-salad-170g;Sainsbury's Italian Style Salad 170g;£2.00/unit;£1.18/100g;prepared-salad-herbs;22;2.5;1.0;0.5;0.5;0.1;1.8;0.15
sainsburys-italian-style-salad-45g;Sainsbury's Italian Style Salad 45g;£1.00/unit;£2.22/100g;fresh-salad-prepared-ready-to-eat;22;2.5;1.0;0.5;0.5;0.1;1.8;0.15
sainsburys-italian-style-salad-45g;Sainsbury's Italian Style Salad 45g;£1.00/unit;£2.22/100g;prepared-salad-herbs;22;2.5;1.0;0.5;0.5;0.1;1.8;0.15
sainsburys-italian-style-salad-bowl-275g;Sainsbury's Italian Style Salad Bowl 275g;£3.00/unit;£1.09/100g;coleslaw-salads;31;1.4;4.2;3.0;0.5;0.1;1.9;0.25
sainsburys-italian-style-salad-bowl-275g;Sainsbury's Italian Style Salad Bowl 275g;£3.00/unit;£1.09/100g;fresh-salad-prepared-ready-to-eat;31;1.4;4.2;3.0;0.5;0.1;1.9;0.25
sainsburys-italian-style-salad-bowl-275g;Sainsbury's Italian Style Salad Bowl 275g;£3.00/unit;£1.09/100g;lunchtime-snacks;31;1.4;4.2;3.0;0.5;0.1;1.9;0.25
sainsburys-italian-style-salad-bowl-275g;Sainsbury's Italian Style Salad Bowl 275g;£3.00/unit;£1.09/100g;prepared-salad-herbs;31;1.4;4.2;3.0;0.5;0.1;1.9;0.25
sainsburys-jalepeno-chillies-80g;Sainsbury's Jalapeno Chillies 80g;£1.00/unit;£12.50/kg;afro-caribbean-ingredients;23;2.9;0.7;0.7;0.6;0.1;1.5;0.02
sainsburys-jalepeno-chillies-80g;Sainsbury's Jalapeno Chillies 80g;£1.00/unit;£12.50/kg;asian-ingredients;23;2.9;0.7;0.7;0.6;0.1;1.5;0.02
sainsburys-jalepeno-chillies-80g;Sainsbury's Jalapeno Chillies 80g;£1.00/unit;£12.50/kg;chillies-herbs-ingredients;23;2.9;0.7;0.7;0.6;0.1;1.5;0.02
sainsburys-jalepeno-chillies-80g;Sainsbury's Jalapeno Chillies 80g;£1.00/unit;£12.50/kg;fresh-vegetables-world-exotic;23;2.9;0.7;0.7;0.6;0.1;1.5;0.02
sainsburys-jalepeno-chillies-80g;Sainsbury's Jalapeno Chillies 80g;£1.00/unit;£12.50/kg;indian-ingredients;23;2.9;0.7;0.7;0.6;0.1;1.5;0.02
sainsburys-jalepeno-coleslaw-280g;Sainsbury's Jalepeno Coleslaw 280g;£1.00/unit;£0.36/100g;coleslaw--olives--salads---dips-30658-44;190;0.9;5.6;5.2;17.9;2.2;1.6;0.78
sainsburys-jalepeno-coleslaw-280g;Sainsbury's Jalepeno Coleslaw 280g;£1.00/unit;£0.36/100g;coleslaw-salads;190;0.9;5.6;5.2;17.9;2.2;1.6;0.78
sainsburys-jalepeno-coleslaw-280g;Sainsbury's Jalepeno Coleslaw 280g;£1.00/unit;£0.36/100g;dressings-coleslaw-accompaniments;190;0.9;5.6;5.2;17.9;2.2;1.6;0.78
sainsburys-jalepeno-coleslaw-280g;Sainsbury's Jalepeno Coleslaw 280g;£1.00/unit;£0.36/100g;prepared-salad-herbs;190;0.9;5.6;5.2;17.9;2.2;1.6;0.78
sainsburys-jam---coconut-square-slices-x9;Sainsbury's Jam & Coconut Square Slices x2;£1.80/unit;£0.90/ea;flapjacks-traybakes-bites;435;4.3;49.5;40.3;23.6;16.8;3.9;0.20
sainsburys-jam---vanilla-mini-rolls--basics-x6;Sainsbury's Jam & Vanilla Mini Rolls, Basics x6;£0.55/unit;£0.09/ea;cake-bars-mini-rolls;390;4.4;67;41;12;5.6;0.5;0.51
sainsburys-jam-tarts-x6;Sainsbury's Jam Tarts x6;£0.75/unit;£0.13/ea;slices-pies-tarts;399;3.3;66.7;35.0;12.7;5.3;2.1;0.02
sainsburys-jamaican-jerk-chicken-soup--taste-the-difference-600g;Sainsbury's Jamaican Jerk Chicken Soup, Taste the Difference 600g;£2.00/unit;£0.33/100g;fresh-soups;26062;3.6;7.3;4.6;1.4;0.3;2.8;0.33
sainsburys-jambalaya--be-good-to-yourself-400g;Sainsbury's Jambalaya, Be Good To Yourself 400g;£3.00/unit;£7.50/kg;healthier-choice-ready-meals;103;6.6;14.6;3.5;1.7;0.2;1.6;0.42
sainsburys-jambalaya--be-good-to-yourself-400g;Sainsbury's Jambalaya, Be Good To Yourself 400g;£3.00/unit;£7.50/kg;lunchtime-snacks;103;6.6;14.6;3.5;1.7;0.2;1.6;0.42
sainsburys-jambalaya--be-good-to-yourself-400g;Sainsbury's Jambalaya, Be Good To Yourself 400g;£3.00/unit;£7.50/kg;meals-for-1-ready-meals;103;6.6;14.6;3.5;1.7;0.2;1.6;0.42
sainsburys-jambalaya--be-good-to-yourself-400g;Sainsbury's Jambalaya, Be Good To Yourself 400g;£3.00/unit;£7.50/kg;mexican-caribbean-american-ready-meals;103;6.6;14.6;3.5;1.7;0.2;1.6;0.42
sainsburys-jamon-de-teruel--taste-the-difference-70g;Sainsbury's Spanish Jamon De Teruel, Taste the Difference 70g;£3.00/unit;£4.29/100g;continental-meats;304;29.4;0.5;0.5;20.5;7.6;0.5;4.25
sainsburys-jamon-de-teruel--taste-the-difference-70g;Sainsbury's Spanish Jamon De Teruel, Taste the Difference 70g;£3.00/unit;£4.29/100g;cooked-meats-taste-the-difference;304;29.4;0.5;0.5;20.5;7.6;0.5;4.25
sainsburys-jamon-de-teruel--taste-the-difference-70g;Sainsbury's Spanish Jamon De Teruel, Taste the Difference 70g;£3.00/unit;£4.29/100g;mfp-cooked-meats-snacking-taste-the-difference;304;29.4;0.5;0.5;20.5;7.6;0.5;4.25
sainsburys-japanese-style-stir-fry-sauce-175ml;Sainsbury's Katsu Curry Stir Fry Sauce 175ml;£1.00/unit;£0.57/100ml;asian-ingredients;102;1.2;16.4;11.1;3.3;0.4;1.0;1.23
sainsburys-japanese-style-stir-fry-sauce-175ml;Sainsbury's Katsu Curry Stir Fry Sauce 175ml;£1.00/unit;£0.57/100ml;chillies-herbs-ingredients;102;1.2;16.4;11.1;3.3;0.4;1.0;1.23
sainsburys-japanese-style-stir-fry-sauce-175ml;Sainsbury's Katsu Curry Stir Fry Sauce 175ml;£1.00/unit;£0.57/100ml;fresh-vegetables-stir-fry;102;1.2;16.4;11.1;3.3;0.4;1.0;1.23
sainsburys-japanese-style-stir-fry-sauce-175ml;Sainsbury's Katsu Curry Stir Fry Sauce 175ml;£1.00/unit;£0.57/100ml;prepared-stir-fry;102;1.2;16.4;11.1;3.3;0.4;1.0;1.23
sainsburys-japanese-style-stir-fry-sauce-175ml;Sainsbury's Katsu Curry Stir Fry Sauce 175ml;£1.00/unit;£0.57/100ml;prepared-vegetables;102;1.2;16.4;11.1;3.3;0.4;1.0;1.23
sainsburys-jazz-apples-%28each%29;Sainsbury's Jazz Apples Loose;£2.75/kg;£2.75/kg;apples-pears-rhubarb;47;0.4;11.8;11.8;0.1;0.0;1.8;
sainsburys-jazz-apples-x4-%28minimum%29;Sainsbury's Jazz Apples x4 (minimum);£2.00/unit;£2.00/ea;apples-pears-rhubarb;47;0.4;11.8;11.8;0.1;0.0;1.8;
sainsburys-jazz-apples-x6-%28minimum%29;Sainsbury's Jazz Apples x6 (minimum);£2.25/unit;£2.25/ea;apples-pears-rhubarb;47;0.4;11.8;11.8;0.1;0.1;1.8;0.1
sainsburys-jerk-chicken---cherrybell-peppers-12-pizza--taste-the-difference;Sainsbury's Jerk Chicken & CherryBell Peppers Pizza, Taste the Difference 12'' 520g;£5.00/unit;£9.62/kg;pizza;242;12.4;29.5;4.5;7.8;2.3;2.3;1.27
sainsburys-jersey-butter--taste-the-difference-250g;Sainsbury's Jersey Butter, Taste the Difference 250g;£1.70/unit;£6.80/kg;butter;718;0.7;1.6;0.8;78.8;53.5;0.5;1.60
sainsburys-jersey-double-cream--taste-the-difference-284ml;Sainsbury's Jersey Double Cream, Taste the Difference 284ml;£1.35/unit;£0.48/100ml;fresh-cream-custard;449;1.7;2.6;2.6;48.0;29.7;0.5;0.09
sainsburys-jersey-milk--taste-the-difference-750ml;Sainsbury's Jersey Milk, Taste the Difference 750ml;£0.75/unit;£1.00/ltr;drinks-fresh-milk;79;4.0;4.6;4.6;5.0;3.2;0.5;0.13
sainsburys-jersey-milk--taste-the-difference-750ml;Sainsbury's Jersey Milk, Taste the Difference 750ml;£0.75/unit;£1.00/ltr;fresh-milk;79;4.0;4.6;4.6;5.0;3.2;0.5;0.13
sainsburys-jerusalem-artichokes-350g-167512-p-44;Sainsbury's Jerusalem Artichokes 350g;£1.50/unit;£4.29/kg;fresh-vegetables-world-exotic;81;2.0;17.4;9.6;0.5;0.1;1.6;0.01
sainsburys-jubilee-bramley-apple-tart-425g;Sainsbury's Jubilee Bramley Apple Tart 425g;£2.75/unit;£0.65/100g;desserts;345;4.9;39.5;21.2;18.1;7.0;2.5;0.33
sainsburys-jumbo-chocolate-swiss-roll;Sainsbury's Jumbo Chocolate Swiss Roll;£1.00/unit;£1.00/ea;sponge-slab-loaf-cakes;411;4.3;53.8;34.5;19.4;6.6;2.0;0.48
sainsburys-jumbo-frankfurters-x4-300g;Sainsbury's Jumbo Frankfurters x4 300g;£2.00/unit;£0.67/100g;mfp-snacking-cooked-sausage;285;14.0;0.5;0.5;25.2;9.2;1.0;2.23
sainsburys-jumbo-frankfurters-x4-300g;Sainsbury's Jumbo Frankfurters x4 300g;£2.00/unit;£0.67/100g;snacking-cooked-sausage;285;14.0;0.5;0.5;25.2;9.2;1.0;2.23
sainsburys-jumbo-king-prawns--taste-the-difference-175g;Sainsbury's Jumbo King Prawns, Taste the Difference 175g;£4.50/unit;£2.57/100g;canapes-snacking;62;14.1;0.5;0.5;0.5;0.1;0.5;1.50
sainsburys-jumbo-king-prawns--taste-the-difference-175g;Sainsbury's Jumbo King Prawns, Taste the Difference 175g;£4.50/unit;£2.57/100g;cooked-fish-seafood;62;14.1;0.5;0.5;0.5;0.1;0.5;1.50
sainsburys-jumbo-king-prawns--taste-the-difference-175g;Sainsbury's Jumbo King Prawns, Taste the Difference 175g;£4.50/unit;£2.57/100g;cooked-meats-taste-the-difference;62;14.1;0.5;0.5;0.5;0.1;0.5;1.50
sainsburys-jumbo-king-prawns--taste-the-difference-175g;Sainsbury's Jumbo King Prawns, Taste the Difference 175g;£4.50/unit;£2.57/100g;mfp-cooked-fish-seafood;62;14.1;0.5;0.5;0.5;0.1;0.5;1.50
sainsburys-jumbo-king-prawns--taste-the-difference-175g;Sainsbury's Jumbo King Prawns, Taste the Difference 175g;£4.50/unit;£2.57/100g;mfp-cooked-meats-snacking-taste-the-difference;62;14.1;0.5;0.5;0.5;0.1;0.5;1.50
sainsburys-jumbo-king-prawns--taste-the-difference-175g;Sainsbury's Jumbo King Prawns, Taste the Difference 175g;£4.50/unit;£2.57/100g;organic-taste-the-difference;62;14.1;0.5;0.5;0.5;0.1;0.5;1.50
sainsburys-jumbo-king-prawns--taste-the-difference-175g;Sainsbury's Jumbo King Prawns, Taste the Difference 175g;£4.50/unit;£2.57/100g;prawns-shellfish;62;14.1;0.5;0.5;0.5;0.1;0.5;1.50
sainsburys-jumbo-raisins---cranberry-250g;Sainsbury's Jumbo Raisins & Cranberries 250g;£2.00/unit;£0.80/100g;dessert-fruit;302;1.6;71.0;68.3;0.6;0.1;2.9;0.12
sainsburys-jumbo-raisins---cranberry-250g;Sainsbury's Jumbo Raisins & Cranberries 250g;£2.00/unit;£0.80/100g;snacking-fruit-nuts;302;1.6;71.0;68.3;0.6;0.1;2.9;0.12
sainsburys-jumbo-sausage-roll-145g;Sainsbury's Jumbo Sausage Roll 145g;£0.65/unit;£0.45/100g;lunchtime-snacks;1312314;9.5;27.2;1.8;18.1;7.8;2.3;1.00
sainsburys-jumbo-wedges--taste-the-difference-1kg;Sainsbury's Jumbo Wedges, Taste the Difference 1kg;£1.60/unit;£1.60/kg;chips-potatoes;139;1.8;24.6;0.6;3.3;0.3;2.0;0.40
sainsburys-just-cook-beef-meatballs-with-tomato-sauce---parmesan-550g;Sainsbury's Just Cook Beef Meatballs With Tomato & Bacon 550g;£3.50/unit;£6.36/kg;beef;264;14.6;7.7;0.6;19.3;7.4;0.5;0.80
sainsburys-just-cook-beef-meatballs-with-tomato-sauce---parmesan-550g;Sainsbury's Just Cook Beef Meatballs With Tomato & Bacon 550g;£3.50/unit;£6.36/kg;great-prices-on-meat---fish;264;14.6;7.7;0.6;19.3;7.4;0.5;0.80
sainsburys-just-cook-beef-meatballs-with-tomato-sauce---parmesan-550g;Sainsbury's Just Cook Beef Meatballs With Tomato & Bacon 550g;£3.50/unit;£6.36/kg;just-cook;264;14.6;7.7;0.6;19.3;7.4;0.5;0.80
sainsburys-just-cook-butter-basted-chicken-breast;Sainsbury's Just Cook Butter Basted Chicken Breast Joint 500g;£4.50/unit;£9.00/kg;chicken;200;27.2;0.5;0.5;9.8;3.0;0.5;0.43
sainsburys-just-cook-butter-basted-chicken-breast;Sainsbury's Just Cook Butter Basted Chicken Breast Joint 500g;£4.50/unit;£9.00/kg;just-cook;200;27.2;0.5;0.5;9.8;3.0;0.5;0.43
sainsburys-just-cook-butter-basted-chicken-breast;Sainsbury's Just Cook Butter Basted Chicken Breast Joint 500g;£4.50/unit;£9.00/kg;prepared-joints;200;27.2;0.5;0.5;9.8;3.0;0.5;0.43
sainsburys-just-cook-chicken---mushroom-en-croute;Sainsbury's Just Cook Chicken En Croute With Mushroom, Lemon & Thyme 400g;£3.50/unit;£8.75/kg;chicken;244;15.7;14.1;1.9;13.6;5.5;1.0;0.53
sainsburys-just-cook-chicken---mushroom-en-croute;Sainsbury's Just Cook Chicken En Croute With Mushroom, Lemon & Thyme 400g;£3.50/unit;£8.75/kg;great-prices-on-meat---fish;244;15.7;14.1;1.9;13.6;5.5;1.0;0.53
sainsburys-just-cook-chicken---mushroom-en-croute;Sainsbury's Just Cook Chicken En Croute With Mushroom, Lemon & Thyme 400g;£3.50/unit;£8.75/kg;just-cook;244;15.7;14.1;1.9;13.6;5.5;1.0;0.53
sainsburys-just-cook-chicken-breast-fillets-with-bacon--gruyere-cheese---sweet-smoky-bbq-sauce-330g;Sainsbury's Just Cook Chicken Breast Fillets With Bacon, Gruyere & Sweet Smoky BBQ Sauce 330g;£3.50/unit;£10.61/kg;chicken;195;28.4;6.5;4.8;6.0;2.5;0.5;0.78
sainsburys-just-cook-chicken-breast-fillets-with-bacon--gruyere-cheese---sweet-smoky-bbq-sauce-330g;Sainsbury's Just Cook Chicken Breast Fillets With Bacon, Gruyere & Sweet Smoky BBQ Sauce 330g;£3.50/unit;£10.61/kg;great-prices-on-meat---fish;195;28.4;6.5;4.8;6.0;2.5;0.5;0.78
sainsburys-just-cook-chicken-breast-fillets-with-bacon--gruyere-cheese---sweet-smoky-bbq-sauce-330g;Sainsbury's Just Cook Chicken Breast Fillets With Bacon, Gruyere & Sweet Smoky BBQ Sauce 330g;£3.50/unit;£10.61/kg;just-cook;195;28.4;6.5;4.8;6.0;2.5;0.5;0.78
sainsburys-just-cook-chicken-breast-mini-roast-with-rich-chicken-gravy-410g;Sainsbury's Just Cook Chicken Breast Mini Roast With Gravy 410g;£4.00/unit;£9.76/kg;chicken;173;21.0;1.5;1.1;9.2;3.3;0.5;1.40
sainsburys-just-cook-chicken-breast-mini-roast-with-rich-chicken-gravy-410g;Sainsbury's Just Cook Chicken Breast Mini Roast With Gravy 410g;£4.00/unit;£9.76/kg;just-cook;173;21.0;1.5;1.1;9.2;3.3;0.5;1.40
sainsburys-just-cook-chicken-breast-strips-with-sweet-chilli-sauce-328g;Sainsbury's Just Cook Chicken Breast Strips With Sweet Chilli Sauce 328g;£3.50/unit;£10.67/kg;chicken;202;19.6;20.6;10.8;4.3;0.6;1.1;0.64
sainsburys-just-cook-chicken-breast-strips-with-sweet-chilli-sauce-328g;Sainsbury's Just Cook Chicken Breast Strips With Sweet Chilli Sauce 328g;£3.50/unit;£10.67/kg;great-prices-on-meat---fish;202;19.6;20.6;10.8;4.3;0.6;1.1;0.64
sainsburys-just-cook-chicken-breast-strips-with-sweet-chilli-sauce-328g;Sainsbury's Just Cook Chicken Breast Strips With Sweet Chilli Sauce 328g;£3.50/unit;£10.67/kg;just-cook;202;19.6;20.6;10.8;4.3;0.6;1.1;0.64
sainsburys-just-cook-chicken-breast-with-sage---onion-stuffing-500g;Sainsbury's Just Cook Chicken Breast With Sage & Onion Stuffing 500g;£4.50/unit;£9.00/kg;chicken;199;24.9;1.2;0.6;10.4;3.2;0.5;0.60
sainsburys-just-cook-chicken-breast-with-sage---onion-stuffing-500g;Sainsbury's Just Cook Chicken Breast With Sage & Onion Stuffing 500g;£4.50/unit;£9.00/kg;just-cook;199;24.9;1.2;0.6;10.4;3.2;0.5;0.60
sainsburys-just-cook-chicken-breast-with-sage---onion-stuffing-500g;Sainsbury's Just Cook Chicken Breast With Sage & Onion Stuffing 500g;£4.50/unit;£9.00/kg;prepared-joints;199;24.9;1.2;0.6;10.4;3.2;0.5;0.60
sainsburys-just-cook-chicken-breasts-with-piri-piri-sauce-326g;Sainsbury's Just Cook Chicken Breasts With Piri Piri Sauce 326g;£3.50/unit;£10.74/kg;chicken;179;24.6;1.4;1.2;8.2;2.1;0.6;0.70
sainsburys-just-cook-chicken-breasts-with-piri-piri-sauce-326g;Sainsbury's Just Cook Chicken Breasts With Piri Piri Sauce 326g;£3.50/unit;£10.74/kg;great-prices-on-meat---fish;179;24.6;1.4;1.2;8.2;2.1;0.6;0.70
sainsburys-just-cook-chicken-breasts-with-piri-piri-sauce-326g;Sainsbury's Just Cook Chicken Breasts With Piri Piri Sauce 326g;£3.50/unit;£10.74/kg;just-cook;179;24.6;1.4;1.2;8.2;2.1;0.6;0.70
sainsburys-just-cook-chicken-crown-with-bacon-596g;Sainsbury's Just Cook Chicken Crown With Bacon 596g;£5.00/unit;£8.39/kg;chicken;196;25.1;0.8;0.7;10.1;3.0;0.5;0.70
sainsburys-just-cook-chicken-crown-with-bacon-596g;Sainsbury's Just Cook Chicken Crown With Bacon 596g;£5.00/unit;£8.39/kg;just-cook;196;25.1;0.8;0.7;10.1;3.0;0.5;0.70
sainsburys-just-cook-chicken-crown-with-bacon-596g;Sainsbury's Just Cook Chicken Crown With Bacon 596g;£5.00/unit;£8.39/kg;prepared-joints;196;25.1;0.8;0.7;10.1;3.0;0.5;0.70
sainsburys-just-cook-chicken-fillets-with-leek---cheddar-cheese-crumble-320g;Sainsbury's Just Cook Chicken Fillets With Leek & Cheese Crumble 320g;£3.50/unit;£10.94/kg;chicken;214;26.8;2.4;0.5;10.8;4.3;0.5;1.20
sainsburys-just-cook-chicken-fillets-with-leek---cheddar-cheese-crumble-320g;Sainsbury's Just Cook Chicken Fillets With Leek & Cheese Crumble 320g;£3.50/unit;£10.94/kg;great-prices-on-meat---fish;214;26.8;2.4;0.5;10.8;4.3;0.5;1.20
sainsburys-just-cook-chicken-fillets-with-leek---cheddar-cheese-crumble-320g;Sainsbury's Just Cook Chicken Fillets With Leek & Cheese Crumble 320g;£3.50/unit;£10.94/kg;just-cook;214;26.8;2.4;0.5;10.8;4.3;0.5;1.20
sainsburys-just-cook-chicken-fillets-with-madeira---wild-mushroom-sauce-322g;Sainsbury's Just Cook Chicken Fillets With Madeira & Wild Mushroom Sauce 322g;£3.50/unit;£10.87/kg;chicken;158;21.3;2.5;0.9;6.9;3.9;0.5;0.48
sainsburys-just-cook-chicken-fillets-with-madeira---wild-mushroom-sauce-322g;Sainsbury's Just Cook Chicken Fillets With Madeira & Wild Mushroom Sauce 322g;£3.50/unit;£10.87/kg;great-prices-on-meat---fish;158;21.3;2.5;0.9;6.9;3.9;0.5;0.48
sainsburys-just-cook-chicken-fillets-with-madeira---wild-mushroom-sauce-322g;Sainsbury's Just Cook Chicken Fillets With Madeira & Wild Mushroom Sauce 322g;£3.50/unit;£10.87/kg;just-cook;158;21.3;2.5;0.9;6.9;3.9;0.5;0.48
sainsburys-just-cook-chicken-lattice-topper-with-gruy%C3%A8re-cheese---bacon-355g;Sainsbury's Just Cook Chicken Lattice Topper With Gruyère Cheese & Bacon 349g;£3.30/unit;£9.46/kg;chicken;219;22.4;7.1;0.9;11.0;5.2;1.0;0.74
sainsburys-just-cook-chicken-lattice-topper-with-gruy%C3%A8re-cheese---bacon-355g;Sainsbury's Just Cook Chicken Lattice Topper With Gruyère Cheese & Bacon 349g;£3.30/unit;£9.46/kg;great-prices-on-meat---fish;219;22.4;7.1;0.9;11.0;5.2;1.0;0.74
sainsburys-just-cook-chicken-lattice-topper-with-gruy%C3%A8re-cheese---bacon-355g;Sainsbury's Just Cook Chicken Lattice Topper With Gruyère Cheese & Bacon 349g;£3.30/unit;£9.46/kg;just-cook;219;22.4;7.1;0.9;11.0;5.2;1.0;0.74
sainsburys-just-cook-chicken-with-bacon---mozzarella-320g;Sainsbury's Just Cook Chicken With Bacon & Mozzarella 310g;£3.30/unit;£10.65/kg;chicken;159;26.1;0.5;0.5;5.9;2.4;0.5;0.61
sainsburys-just-cook-chicken-with-bacon---mozzarella-320g;Sainsbury's Just Cook Chicken With Bacon & Mozzarella 310g;£3.30/unit;£10.65/kg;great-prices-on-meat---fish;159;26.1;0.5;0.5;5.9;2.4;0.5;0.61
sainsburys-just-cook-chicken-with-bacon---mozzarella-320g;Sainsbury's Just Cook Chicken With Bacon & Mozzarella 310g;£3.30/unit;£10.65/kg;just-cook;159;26.1;0.5;0.5;5.9;2.4;0.5;0.61
sainsburys-just-cook-chicken-with-bacon---mushroom;Sainsbury's Just Cook Chicken With Bacon & Mushroom;£3.50/unit;£9.80/kg;chicken;196;19.5;4.9;1.3;10.8;3.8;0.6;1.26
sainsburys-just-cook-chicken-with-bacon---mushroom;Sainsbury's Just Cook Chicken With Bacon & Mushroom;£3.50/unit;£9.80/kg;great-prices-on-meat---fish;196;19.5;4.9;1.3;10.8;3.8;0.6;1.26
sainsburys-just-cook-chicken-with-bacon---mushroom;Sainsbury's Just Cook Chicken With Bacon & Mushroom;£3.50/unit;£9.80/kg;just-cook;196;19.5;4.9;1.3;10.8;3.8;0.6;1.26
sainsburys-just-cook-chicken-with-sundried-tomato---olives-320g;Sainsbury's Just Cook Chicken With Sundried Tomato & Olives 320g;£3.50/unit;£11.63/kg;chicken;159;26.0;1.7;1.3;5.3;0.8;0.5;0.50
sainsburys-just-cook-chicken-with-sundried-tomato---olives-320g;Sainsbury's Just Cook Chicken With Sundried Tomato & Olives 320g;£3.50/unit;£11.63/kg;great-prices-on-meat---fish;159;26.0;1.7;1.3;5.3;0.8;0.5;0.50
sainsburys-just-cook-chicken-with-sundried-tomato---olives-320g;Sainsbury's Just Cook Chicken With Sundried Tomato & Olives 320g;£3.50/unit;£11.63/kg;just-cook;159;26.0;1.7;1.3;5.3;0.8;0.5;0.50
sainsburys-just-cook-cod-mornay-gratin-320g;Sainsbury's Just Cook Cod Mornay Gratin 320g;£3.50/unit;£10.94/kg;fuss-free-fish-135654-44;174;13.7;7.7;1.5;9.7;5.6;0.5;0.67
sainsburys-just-cook-cod-mornay-gratin-320g;Sainsbury's Just Cook Cod Mornay Gratin 320g;£3.50/unit;£10.94/kg;fuss-free-fish;174;13.7;7.7;1.5;9.7;5.6;0.5;0.67
sainsburys-just-cook-cod-mornay-gratin-320g;Sainsbury's Just Cook Cod Mornay Gratin 320g;£3.50/unit;£10.94/kg;great-prices-on-meat---fish;174;13.7;7.7;1.5;9.7;5.6;0.5;0.67
sainsburys-just-cook-cod-mornay-gratin-320g;Sainsbury's Just Cook Cod Mornay Gratin 320g;£3.50/unit;£10.94/kg;just-cook;174;13.7;7.7;1.5;9.7;5.6;0.5;0.67
sainsburys-just-cook-coq-au-vin-620g;Sainsbury's Just Cook Coq Au Vin 620g;£3.50/unit;£5.65/kg;chicken;178;17.8;1.5;0.9;11.0;3.1;0.7;0.65
sainsburys-just-cook-coq-au-vin-620g;Sainsbury's Just Cook Coq Au Vin 620g;£3.50/unit;£5.65/kg;great-prices-on-meat---fish;178;17.8;1.5;0.9;11.0;3.1;0.7;0.65
sainsburys-just-cook-coq-au-vin-620g;Sainsbury's Just Cook Coq Au Vin 620g;£3.50/unit;£5.65/kg;just-cook;178;17.8;1.5;0.9;11.0;3.1;0.7;0.65
sainsburys-just-cook-duck-with-plum---hoisin-sauce;Sainsbury's Just Cook Duck With Plum & Hoisin Sauce;£4.00/unit;£8.00/kg;duck-game;246;21.4;12.3;9.9;12.2;3.1;0.5;1.17
sainsburys-just-cook-duck-with-plum---hoisin-sauce;Sainsbury's Just Cook Duck With Plum & Hoisin Sauce;£4.00/unit;£8.00/kg;just-cook;246;21.4;12.3;9.9;12.2;3.1;0.5;1.17
sainsburys-just-cook-gammon-joint-with-orange-glaze;Sainsbury's Just Cook Gammon Joint With Orange Glaze;£6.00/unit;£7.50/kg;gammon;196;25.2;4.5;4.5;8.6;3.1;0.5;1.80
sainsburys-just-cook-gammon-joint-with-orange-glaze;Sainsbury's Just Cook Gammon Joint With Orange Glaze;£6.00/unit;£7.50/kg;great-prices-on-meat---fish;196;25.2;4.5;4.5;8.6;3.1;0.5;1.80
sainsburys-just-cook-gammon-joint-with-orange-glaze;Sainsbury's Just Cook Gammon Joint With Orange Glaze;£6.00/unit;£7.50/kg;just-cook;196;25.2;4.5;4.5;8.6;3.1;0.5;1.80
sainsburys-just-cook-gammon-joint-with-orange-glaze;Sainsbury's Just Cook Gammon Joint With Orange Glaze;£6.00/unit;£7.50/kg;prepared-joints;196;25.2;4.5;4.5;8.6;3.1;0.5;1.80
sainsburys-just-cook-gammon-steaks-with-cheese-sauce---diced-pineapple-322g;Sainsbury's Just Cook Gammon Steaks With Cheese Sauce & Pineapple 322g;£3.50/unit;£10.29/kg;gammon;188;22.0;2.8;1.2;9.7;5.9;0.5;1.80
sainsburys-just-cook-gammon-steaks-with-cheese-sauce---diced-pineapple-322g;Sainsbury's Just Cook Gammon Steaks With Cheese Sauce & Pineapple 322g;£3.50/unit;£10.29/kg;great-prices-on-meat---fish;188;22.0;2.8;1.2;9.7;5.9;0.5;1.80
sainsburys-just-cook-gammon-steaks-with-cheese-sauce---diced-pineapple-322g;Sainsbury's Just Cook Gammon Steaks With Cheese Sauce & Pineapple 322g;£3.50/unit;£10.29/kg;just-cook;188;22.0;2.8;1.2;9.7;5.9;0.5;1.80
sainsburys-just-cook-garlic---herb-chicken-breast-strips-330g;Sainsbury's Just Cook Garlic & Herb Chicken Breast Strips 330g;£3.50/unit;£10.61/kg;chicken;150;25.9;0.5;0.5;5.0;0.8;0.5;0.43
sainsburys-just-cook-garlic---herb-chicken-breast-strips-330g;Sainsbury's Just Cook Garlic & Herb Chicken Breast Strips 330g;£3.50/unit;£10.61/kg;great-prices-on-meat---fish;150;25.9;0.5;0.5;5.0;0.8;0.5;0.43
sainsburys-just-cook-garlic---herb-chicken-breast-strips-330g;Sainsbury's Just Cook Garlic & Herb Chicken Breast Strips 330g;£3.50/unit;£10.61/kg;just-cook;150;25.9;0.5;0.5;5.0;0.8;0.5;0.43
sainsburys-just-cook-garlic-chicken-crown-530g;Sainsbury's Just Cook Garlic Chicken Crown 530g;£4.00/unit;£7.55/kg;chicken;160;22.2;0.8;0.5;7.6;1.8;0.5;0.35
sainsburys-just-cook-garlic-chicken-crown-530g;Sainsbury's Just Cook Garlic Chicken Crown 530g;£4.00/unit;£7.55/kg;great-prices-on-meat---fish;160;22.2;0.8;0.5;7.6;1.8;0.5;0.35
sainsburys-just-cook-garlic-chicken-crown-530g;Sainsbury's Just Cook Garlic Chicken Crown 530g;£4.00/unit;£7.55/kg;just-cook;160;22.2;0.8;0.5;7.6;1.8;0.5;0.35
sainsburys-just-cook-hawaiian-chicken-breasts-308g;Sainsbury's Just Cook Chicken with Pineapple & Bacon 308g;£3.00/unit;£9.74/kg;chicken;181;24.8;6.7;2.1;5.9;1.5;1.0;0.56
sainsburys-just-cook-hawaiian-chicken-breasts-308g;Sainsbury's Just Cook Chicken with Pineapple & Bacon 308g;£3.00/unit;£9.74/kg;great-prices-on-meat---fish;181;24.8;6.7;2.1;5.9;1.5;1.0;0.56
sainsburys-just-cook-hawaiian-chicken-breasts-308g;Sainsbury's Just Cook Chicken with Pineapple & Bacon 308g;£3.00/unit;£9.74/kg;just-cook;181;24.8;6.7;2.1;5.9;1.5;1.0;0.56
sainsburys-just-cook-honey---mustard-chicken-283g;Sainsbury's Just Cook Honey & Mustard Chicken 283g;£3.30/unit;£11.66/kg;chicken;161;27.9;5.7;5.7;2.9;0.6;0.5;0.34
sainsburys-just-cook-honey---mustard-chicken-283g;Sainsbury's Just Cook Honey & Mustard Chicken 283g;£3.30/unit;£11.66/kg;great-prices-on-meat---fish;161;27.9;5.7;5.7;2.9;0.6;0.5;0.34
sainsburys-just-cook-honey---mustard-chicken-283g;Sainsbury's Just Cook Honey & Mustard Chicken 283g;£3.30/unit;£11.66/kg;just-cook;161;27.9;5.7;5.7;2.9;0.6;0.5;0.34
sainsburys-just-cook-hunters-gammon-steak-326g;Sainsbury's Just Cook Hunter's Gammon Steak 326g;£3.50/unit;£10.74/kg;gammon;771184;18.5;9.6;5.4;7.8;4.3;0.6;2.05
sainsburys-just-cook-hunters-gammon-steak-326g;Sainsbury's Just Cook Hunter's Gammon Steak 326g;£3.50/unit;£10.74/kg;great-prices-on-meat---fish;771184;18.5;9.6;5.4;7.8;4.3;0.6;2.05
sainsburys-just-cook-hunters-gammon-steak-326g;Sainsbury's Just Cook Hunter's Gammon Steak 326g;£3.50/unit;£10.74/kg;just-cook;771184;18.5;9.6;5.4;7.8;4.3;0.6;2.05
sainsburys-just-cook-jubilee-crown-580g;Sainsbury's Just Cook Jubilee British Chicken Crown 544g;£4.00/unit;£7.35/kg;chicken;208;25.0;1.3;0.7;11.4;2.6;0.5;0.85
sainsburys-just-cook-jubilee-crown-580g;Sainsbury's Just Cook Jubilee British Chicken Crown 544g;£4.00/unit;£7.35/kg;just-cook;208;25.0;1.3;0.7;11.4;2.6;0.5;0.85
sainsburys-just-cook-jubilee-crown-580g;Sainsbury's Just Cook Jubilee British Chicken Crown 544g;£4.00/unit;£7.35/kg;prepared-joints;208;25.0;1.3;0.7;11.4;2.6;0.5;0.85
sainsburys-just-cook-katsu-chicken-310g;Sainsbury's Just Cook Katsu Chicken 310g;£3.50/unit;£11.29/kg;chicken;143;24.7;3.7;1.8;3.1;0.7;0.6;0.55
sainsburys-just-cook-katsu-chicken-310g;Sainsbury's Just Cook Katsu Chicken 310g;£3.50/unit;£11.29/kg;great-prices-on-meat---fish;143;24.7;3.7;1.8;3.1;0.7;0.6;0.55
sainsburys-just-cook-katsu-chicken-310g;Sainsbury's Just Cook Katsu Chicken 310g;£3.50/unit;£11.29/kg;just-cook;143;24.7;3.7;1.8;3.1;0.7;0.6;0.55
sainsburys-just-cook-mini-pork-belly-joints-with-caramelised-apple-stuffing-570g;Sainsbury's Just Cook Pork Belly With Apple Stuffing 570g;£3.50/unit;£6.14/kg;great-prices-on-meat---fish;349;17.8;4.4;0.5;28.8;10.9;0.5;0.65
sainsburys-just-cook-mini-pork-belly-joints-with-caramelised-apple-stuffing-570g;Sainsbury's Just Cook Pork Belly With Apple Stuffing 570g;£3.50/unit;£6.14/kg;just-cook;349;17.8;4.4;0.5;28.8;10.9;0.5;0.65
sainsburys-just-cook-mini-pork-belly-joints-with-caramelised-apple-stuffing-570g;Sainsbury's Just Cook Pork Belly With Apple Stuffing 570g;£3.50/unit;£6.14/kg;pork;349;17.8;4.4;0.5;28.8;10.9;0.5;0.65
sainsburys-just-cook-mini-pork-belly-joints-with-caramelised-apple-stuffing-570g;Sainsbury's Just Cook Pork Belly With Apple Stuffing 570g;£3.50/unit;£6.14/kg;slow-cook;349;17.8;4.4;0.5;28.8;10.9;0.5;0.65
sainsburys-just-cook-piri-piri-chicken-1272kg;Sainsbury's Just Cook Piri Piri Chicken 1.272kg;£5.50/unit;£4.33/kg;chicken;215;25.2;1.3;0.9;11.9;3.0;0.6;0.40
sainsburys-just-cook-piri-piri-chicken-1272kg;Sainsbury's Just Cook Piri Piri Chicken 1.272kg;£5.50/unit;£4.33/kg;great-prices-on-meat---fish;215;25.2;1.3;0.9;11.9;3.0;0.6;0.40
sainsburys-just-cook-piri-piri-chicken-1272kg;Sainsbury's Just Cook Piri Piri Chicken 1.272kg;£5.50/unit;£4.33/kg;just-cook;215;25.2;1.3;0.9;11.9;3.0;0.6;0.40
sainsburys-just-cook-piri-piri-chicken-1272kg;Sainsbury's Just Cook Piri Piri Chicken 1.272kg;£5.50/unit;£4.33/kg;prepared-joints;215;25.2;1.3;0.9;11.9;3.0;0.6;0.40
sainsburys-just-cook-provencal-chicken-332g;Sainsbury's Just Cook Chicken Provencal 332g;£3.50/unit;£10.54/kg;chicken;123;22.4;2.9;2.3;2.2;0.5;0.8;0.13
sainsburys-just-cook-provencal-chicken-332g;Sainsbury's Just Cook Chicken Provencal 332g;£3.50/unit;£10.54/kg;great-prices-on-meat---fish;123;22.4;2.9;2.3;2.2;0.5;0.8;0.13
sainsburys-just-cook-provencal-chicken-332g;Sainsbury's Just Cook Chicken Provencal 332g;£3.50/unit;£10.54/kg;just-cook;123;22.4;2.9;2.3;2.2;0.5;0.8;0.13
sainsburys-just-cook-roast-butter-basted-turkey;Sainsbury's Just Cook Roast Butter Basted Turkey Breast Joint 500g;£4.00/unit;£8.00/kg;just-cook;154;28.3;0.9;0.5;4.1;1.4;0.5;0.33
sainsburys-just-cook-roast-butter-basted-turkey;Sainsbury's Just Cook Roast Butter Basted Turkey Breast Joint 500g;£4.00/unit;£8.00/kg;prepared-joints;154;28.3;0.9;0.5;4.1;1.4;0.5;0.33
sainsburys-just-cook-roast-butter-basted-turkey;Sainsbury's Just Cook Roast Butter Basted Turkey Breast Joint 500g;£4.00/unit;£8.00/kg;turkey;154;28.3;0.9;0.5;4.1;1.4;0.5;0.33
sainsburys-just-cook-scottish-salmon-en-croute-380g;Sainsbury's Just Cook Scottish Salmon En Croute 380g;£3.50/unit;£9.21/kg;fuss-free-fish-135654-44;341;10.3;20.8;2.7;23.5;10.0;2.5;0.68
sainsburys-just-cook-scottish-salmon-en-croute-380g;Sainsbury's Just Cook Scottish Salmon En Croute 380g;£3.50/unit;£9.21/kg;fuss-free-fish;341;10.3;20.8;2.7;23.5;10.0;2.5;0.68
sainsburys-just-cook-scottish-salmon-en-croute-380g;Sainsbury's Just Cook Scottish Salmon En Croute 380g;£3.50/unit;£9.21/kg;great-prices-on-meat---fish;341;10.3;20.8;2.7;23.5;10.0;2.5;0.68
sainsburys-just-cook-scottish-salmon-en-croute-380g;Sainsbury's Just Cook Scottish Salmon En Croute 380g;£3.50/unit;£9.21/kg;just-cook;341;10.3;20.8;2.7;23.5;10.0;2.5;0.68
sainsburys-just-cook-seasoned-pulled-pork-shoulder-with-barbeque-sauce-1kg;Sainsbury's Just Cook Seasoned Pulled Pork Shoulder With Barbecue Sauce 1kg;£6.00/unit;£6.00/kg;great-prices-on-meat---fish;242;24.6;1.6;1.4;15.1;4.9;0.5;1.03
sainsburys-just-cook-seasoned-pulled-pork-shoulder-with-barbeque-sauce-1kg;Sainsbury's Just Cook Seasoned Pulled Pork Shoulder With Barbecue Sauce 1kg;£6.00/unit;£6.00/kg;just-cook;242;24.6;1.6;1.4;15.1;4.9;0.5;1.03
sainsburys-just-cook-seasoned-pulled-pork-shoulder-with-barbeque-sauce-1kg;Sainsbury's Just Cook Seasoned Pulled Pork Shoulder With Barbecue Sauce 1kg;£6.00/unit;£6.00/kg;pork;242;24.6;1.6;1.4;15.1;4.9;0.5;1.03
sainsburys-just-cook-seasoned-pulled-pork-shoulder-with-barbeque-sauce-1kg;Sainsbury's Just Cook Seasoned Pulled Pork Shoulder With Barbecue Sauce 1kg;£6.00/unit;£6.00/kg;slow-cook;242;24.6;1.6;1.4;15.1;4.9;0.5;1.03
sainsburys-just-cook-sous-vide-lamb-shanks-450g;Sainsbury's Just Cook Sous Vide Lamb Shanks 450g;£5.00/unit;£11.11/kg;just-cook;175;22.9;1.8;0.8;8.3;4.2;0.5;0.58
sainsburys-just-cook-sous-vide-lamb-shanks-450g;Sainsbury's Just Cook Sous Vide Lamb Shanks 450g;£5.00/unit;£11.11/kg;lamb;175;22.9;1.8;0.8;8.3;4.2;0.5;0.58
sainsburys-just-cook-sous-vide-lamb-shanks-450g;Sainsbury's Just Cook Sous Vide Lamb Shanks 450g;£5.00/unit;£11.11/kg;slow-cook;175;22.9;1.8;0.8;8.3;4.2;0.5;0.58
sainsburys-just-cook-spicy-bbq-pork-ribs-700g;Sainsbury's Just Cook Spicy BBQ Pork Ribs 700g;£6.00/unit;£8.57/kg;just-cook;286;24.1;6.2;5.1;18.3;6.6;0.5;0.67
sainsburys-just-cook-spicy-bbq-pork-ribs-700g;Sainsbury's Just Cook Spicy BBQ Pork Ribs 700g;£6.00/unit;£8.57/kg;pork;286;24.1;6.2;5.1;18.3;6.6;0.5;0.67
sainsburys-just-cook-spicy-bbq-pork-ribs-700g;Sainsbury's Just Cook Spicy BBQ Pork Ribs 700g;£6.00/unit;£8.57/kg;prepared-joints;286;24.1;6.2;5.1;18.3;6.6;0.5;0.67
sainsburys-just-cook-sweetcure-gammon-joint-with-sticky-honey-glaze-470g;Sainsbury's Just Cook Sweetcure Gammon Joint With Sticky Honey Glaze 470g;£3.30/unit;£7.02/kg;gammon;153;21.5;13.1;13.1;1.5;0.6;0.5;2.55
sainsburys-just-cook-sweetcure-gammon-joint-with-sticky-honey-glaze-470g;Sainsbury's Just Cook Sweetcure Gammon Joint With Sticky Honey Glaze 470g;£3.30/unit;£7.02/kg;great-prices-on-meat---fish;153;21.5;13.1;13.1;1.5;0.6;0.5;2.55
sainsburys-just-cook-sweetcure-gammon-joint-with-sticky-honey-glaze-470g;Sainsbury's Just Cook Sweetcure Gammon Joint With Sticky Honey Glaze 470g;£3.30/unit;£7.02/kg;just-cook;153;21.5;13.1;13.1;1.5;0.6;0.5;2.55
sainsburys-just-cook-sweetcure-gammon-joint-with-sticky-honey-glaze-470g;Sainsbury's Just Cook Sweetcure Gammon Joint With Sticky Honey Glaze 470g;£3.30/unit;£7.02/kg;prepared-joints;153;21.5;13.1;13.1;1.5;0.6;0.5;2.55
sainsburys-just-cook-thai-chicken-curry-299g;Sainsbury's Just Cook Thai Chicken Curry 299g;£3.50/unit;£11.71/kg;chicken;155;25.7;0.8;0.7;5.3;1.4;0.8;0.48
sainsburys-just-cook-thai-chicken-curry-299g;Sainsbury's Just Cook Thai Chicken Curry 299g;£3.50/unit;£11.71/kg;great-prices-on-meat---fish;155;25.7;0.8;0.7;5.3;1.4;0.8;0.48
sainsburys-just-cook-thai-chicken-curry-299g;Sainsbury's Just Cook Thai Chicken Curry 299g;£3.50/unit;£11.71/kg;just-cook;155;25.7;0.8;0.7;5.3;1.4;0.8;0.48
sainsburys-just-cook-turkey-escalope-with-garlic-butter---parmesan-crumb-305g;Sainsbury's Just Cook Turkey Escalope With Garlic Butter & Parmesan Crumb 305g;£3.50/unit;£11.48/kg;great-prices-on-meat---fish;199;25.7;2.0;0.5;9.7;5.0;0.5;0.68
sainsburys-just-cook-turkey-escalope-with-garlic-butter---parmesan-crumb-305g;Sainsbury's Just Cook Turkey Escalope With Garlic Butter & Parmesan Crumb 305g;£3.50/unit;£11.48/kg;just-cook;199;25.7;2.0;0.5;9.7;5.0;0.5;0.68
sainsburys-just-cook-turkey-escalope-with-garlic-butter---parmesan-crumb-305g;Sainsbury's Just Cook Turkey Escalope With Garlic Butter & Parmesan Crumb 305g;£3.50/unit;£11.48/kg;turkey;199;25.7;2.0;0.5;9.7;5.0;0.5;0.68
sainsburys-kalamata-olive-tapenade-capers-100g;Sainsbury's Kalamata Olive Tapenade 100g;£1.50/unit;£1.50/100g;olives-antipasti;253;1.6;1.4;0.5;26.2;2.9;2.8;2.40
sainsburys-kalamata-olives--organic-290g;Sainsbury's Kalamata Olives, SO Organic 290g (180g*);£1.70/unit;£0.94/100g;olives-antipasti;265;1.6;3.5;0.5;26.5;3.0;3.2;2.00
sainsburys-kalamata-pitted-olives-with-herbs-70g;Sainsbury's Kalamata Pitted Olives With Herbs 70g;£0.90/unit;£1.29/100g;olives-antipasti;268;1.6;1.4;0.5;27.6;3.2;3.9;3.49
sainsburys-kale-200g;Sainsbury's Kale 200g;£1.00/unit;£5.00/kg;broccoli-cauliflower-cabbage-greens;39;3.4;1.3;1.2;1.6;0.2;3.1;0.11
sainsburys-kale-200g;Sainsbury's Kale 200g;£1.00/unit;£5.00/kg;new-in-season;39;3.4;1.3;1.2;1.6;0.2;3.1;0.11
sainsburys-kale-500g;Sainsbury's Kale 500g;£2.00/unit;£4.00/kg;broccoli-cauliflower-cabbage-greens;39;3.4;1.3;1.2;1.6;0.2;3.1;0.11
sainsburys-kashmiri-chicken-korma--taste-the-difference-450g;Sainsbury's Kashmiri Chicken Korma, Taste the Difference 450g;£3.60/unit;£8.00/kg;indian-ready-meals;158;8.5;18.7;2.2;5.0;1.6;2.0;0.48
sainsburys-kashmiri-chicken-korma--taste-the-difference-450g;Sainsbury's Kashmiri Chicken Korma, Taste the Difference 450g;£3.60/unit;£8.00/kg;taste-the-difference-bistro-ready-meals;158;8.5;18.7;2.2;5.0;1.6;2.0;0.48
sainsburys-keens-extra-mature-unpasteurised-west-country-farmhouse-cheddar--taste-the-difference-200g;Sainsbury's Keen's Extra Mature West Country Farmhouse Cheddar, Taste the Difference 200g;£2.50/unit;£12.50/kg;cheddar-british-regional-cheese;410;25.0;0.5;0.5;34.4;21.7;0.5;1.68
sainsburys-keens-extra-mature-unpasteurised-west-country-farmhouse-cheddar--taste-the-difference-200g;Sainsbury's Keen's Extra Mature West Country Farmhouse Cheddar, Taste the Difference 200g;£2.50/unit;£12.50/kg;cheeseboard-delights;410;25.0;0.5;0.5;34.4;21.7;0.5;1.68
sainsburys-keens-extra-mature-unpasteurised-west-country-farmhouse-cheddar--taste-the-difference-200g;Sainsbury's Keen's Extra Mature West Country Farmhouse Cheddar, Taste the Difference 200g;£2.50/unit;£12.50/kg;organic-taste-the-difference-cheese;410;25.0;0.5;0.5;34.4;21.7;0.5;1.68
sainsburys-kent-sweet-pointed-peppers-x2;Sainsbury's Sweet Pointed Peppers x2;£1.70/unit;£1.70/ea;peppers-salad-vegetables;42;1.0;6.4;6.1;1.0;0.1;1.6;
sainsburys-kent-sweet-pointed-peppers-x2;Sainsbury's Sweet Pointed Peppers x2;£1.70/unit;£1.70/ea;peppers;42;1.0;6.4;6.1;1.0;0.1;1.6;
sainsburys-kentish-ale--taste-the-difference-500ml;Sainsbury's Kentish Ale, Taste the Difference 500ml;£1.90/unit;£3.80/ltr;ale-stout;-1;-1;-1;-1;-1;-1;-1;-1
sainsburys-kentucky-bourbon-whisky-70cl;Sainsbury's Kentucky Bourbon Whisky 70cl;£15.00/unit;£21.43/ltr;whisky;252;0.5;0.5;0.5;0.5;0.1;0.5;0.01
sainsburys-key-lime-pie-470g;Sainsbury's Key Lime Pie 470g;£3.50/unit;£0.74/100g;desserts;393;4.0;36.0;23.4;25.3;14.5;2.7;0.35
sainsburys-kidderton-ash-goats-cheese--taste-the-difference-150g;Sainsbury's Kidderton Ash Goats' Cheese, Taste the Difference 150g;£3.30/unit;£22.00/kg;cheeseboard-delights;367;19.2;0.5;0.5;32.2;20.9;0.5;0.73
sainsburys-kidderton-ash-goats-cheese--taste-the-difference-150g;Sainsbury's Kidderton Ash Goats' Cheese, Taste the Difference 150g;£3.30/unit;£22.00/kg;healthier-choice-special-diet-cheese;367;19.2;0.5;0.5;32.2;20.9;0.5;0.73
sainsburys-kidderton-ash-goats-cheese--taste-the-difference-150g;Sainsbury's Kidderton Ash Goats' Cheese, Taste the Difference 150g;£3.30/unit;£22.00/kg;organic-taste-the-difference-cheese;367;19.2;0.5;0.5;32.2;20.9;0.5;0.73
sainsburys-kids-beef-lasagne-225g;Sainsbury's Kids Beef Lasagne 225g;£1.75/unit;£7.78/kg;kids-ready-meals;126;8.0;17.1;2.6;2.2;0.8;2.9;0.50
sainsburys-kids-caledonian-scottish-water--still-6x300ml-%28sports-cap%29;Sainsbury's Kids Caledonian Still Water 6x300ml;£1.00/unit;£0.06/100ml;sports-cap-water;Per 100g nutrition not found
sainsburys-kids-caledonian-scottish-water--still-6x300ml-%28sports-cap%29;Sainsbury's Kids Caledonian Still Water 6x300ml;£1.00/unit;£0.06/100ml;still-water;Per 100g nutrition not found
sainsburys-kids-cheese-selection-pack-100g;Sainsbury's Kids Cheese Selection Pack 100g;£1.40/unit;£14.00/kg;snacking-lunchbox-cheese;418;25.8;0.5;0.5;34.9;21.6;0.5;1.70
sainsburys-kids-cheesy-cottage-pie-300g;Sainsbury's Kids Cottage Pie 300g;£1.75/unit;£5.83/kg;kids-ready-meals;87;5.4;10.7;1.9;2.1;0.7;1.7;0.42
sainsburys-kids-cheesy-pasta-sweetcorn---broccoli-275g;Sainsbury's Kids Cheesy Pasta Sweetcorn & Broccoli 275g;£1.75/unit;£6.36/kg;kids-ready-meals;120;4.9;18.8;1.0;2.4;1.3;2.1;0.33
sainsburys-kids-cheesy-pasta-sweetcorn---broccoli-275g;Sainsbury's Kids Cheesy Pasta Sweetcorn & Broccoli 275g;£1.75/unit;£6.36/kg;vegetarian-meat-free-ready-meals;120;4.9;18.8;1.0;2.4;1.3;2.1;0.33
sainsburys-kids-chicken-dinner-235g;Sainsbury's Kids Chicken Dinner 235g;£1.75/unit;£7.45/kg;kids-ready-meals;109;7.7;11.4;2.0;3.2;0.6;1.9;0.41
sainsburys-kids-fish-pie-300g;Sainsbury's Kids Fish Pie 300g;£1.75/unit;£5.83/kg;kids-ready-meals;86;5.5;10.3;2.3;2.2;1.2;1.4;0.44
sainsburys-kids-fish-shapes-x6-270g;Sainsbury's Kids Fish Shapes x6 270g;£1.25/unit;£5.21/kg;frozen-fish-seafood;220;9.7;19.5;1.3;11.1;1.1;1.4;0.60
sainsburys-kids-fromage-frais-6x50g;Sainsbury's Kids Fromage Frais 6x50g;£1.00/unit;£0.33/100g;kids-yogurts;93;5.0;12.3;11.2;2.6;1.8;0.5;0.08
sainsburys-kids-mild-beef-chilli-with-rice-300g;Sainsbury's Kids Mild Beef Chilli With Rice 300g;£1.75/unit;£5.83/kg;kids-ready-meals;124;5.7;20.5;1.1;1.7;0.6;1.7;0.15
sainsburys-kids-sausage---mash-250g;Sainsbury's Kids Sausage & Mash 250g;£1.75/unit;£7.00/kg;kids-ready-meals;90;4.3;10.0;2.3;3.4;1.3;1.2;0.41
sainsburys-kids-sausage-roll-snack-bag-x5-50g;Sainsbury's Sausage Mini Rolls x5 50g;£0.65/unit;£1.30/100g;lunchtime-snacks;332;9.6;28.5;1.5;19.3;8.2;2.7;1.03
sainsburys-kids-sausage-roll-snack-bag-x5-50g;Sainsbury's Sausage Mini Rolls x5 50g;£0.65/unit;£1.30/100g;sausage-rolls-savouries;332;9.6;28.5;1.5;19.3;8.2;2.7;1.03
sainsburys-kids-sausage-roll-snack-bag-x5-50g;Sainsbury's Sausage Mini Rolls x5 50g;£0.65/unit;£1.30/100g;slices-pasties;332;9.6;28.5;1.5;19.3;8.2;2.7;1.03
sainsburys-kids-spaghetti-bolognese-300g;Sainsbury's Kids Spaghetti Bolognese 300g;£1.75/unit;£5.83/kg;kids-ready-meals;99;7.0;13.4;2.6;1.6;0.6;1.4;0.32
sainsburys-kids-strawberry-fromage-frais-pouches-4x90g;Sainsbury's Kids Fromage Frais Strawberry Pouches 4x90g;£1.25/unit;£0.35/100g;kids-yogurts;93;5.0;12.3;11.2;2.6;1.8;0.5;0.08
sainsburys-kids-tomato---mascarpone-pasta-255g;Sainsbury's Kids Tomato & Mascarpone Pasta 255g;£1.75/unit;£6.86/kg;kids-ready-meals;127;3.7;21.7;2.5;2.3;0.8;2.0;0.19
sainsburys-kids-tomato---mascarpone-pasta-255g;Sainsbury's Kids Tomato & Mascarpone Pasta 255g;£1.75/unit;£6.86/kg;vegetarian-meat-free-ready-meals;127;3.7;21.7;2.5;2.3;0.8;2.0;0.19
sainsburys-kids-yogurts-6x55g;Sainsbury's Kids Yogurts 6x55g;£1.50/unit;£0.45/100g;kids-yogurts;106;5.2;11.0;10.1;4.5;3.1;0.5;0.15
sainsburys-king-edward-potatoes-25kg;Sainsbury's King Edward Potatoes 2.5kg;£2.00/unit;£0.80/kg;potatoes;81;1.8;17.5;0.8;0.5;0.1;1.6;100;0.01
sainsburys-king-prawn---chilli-ravioli--taste-the-difference-250g;Sainsbury's King Prawn & Chilli Ravioli, Taste the Difference 250g;£2.50/unit;£10.00/kg;fresh-pasta-sauces;171;8.8;20.7;1.4;5.5;2.0;1.9;0.91
sainsburys-king-prawn---lemongrass-fishcakes--taste-the-difference-x2-300g;Sainsbury's King Prawn & Lemongrass Fishcakes, Taste the Difference x2 300g;£3.00/unit;£10.00/kg;breaded-coated-fish-seafood;197;9.2;19.0;1.5;9.1;1.8;1.0;0.61
sainsburys-king-prawn---lemongrass-fishcakes--taste-the-difference-x2-300g;Sainsbury's King Prawn & Lemongrass Fishcakes, Taste the Difference x2 300g;£3.00/unit;£10.00/kg;fishcakes-breaded-fish;197;9.2;19.0;1.5;9.1;1.8;1.0;0.61
sainsburys-king-prawn---lemongrass-fishcakes--taste-the-difference-x2-300g;Sainsbury's King Prawn & Lemongrass Fishcakes, Taste the Difference x2 300g;£3.00/unit;£10.00/kg;fuss-free-fish-135654-44;197;9.2;19.0;1.5;9.1;1.8;1.0;0.61
sainsburys-king-prawn---lemongrass-fishcakes--taste-the-difference-x2-300g;Sainsbury's King Prawn & Lemongrass Fishcakes, Taste the Difference x2 300g;£3.00/unit;£10.00/kg;organic-taste-the-difference;197;9.2;19.0;1.5;9.1;1.8;1.0;0.61
sainsburys-king-prawn-makhani---rice-%28mild---creamy%29-500g;Sainsbury's King Prawn Makhani & Rice (mild & creamy) 500g;£3.00/unit;£6.00/kg;indian-ready-meals;174;5.4;20.5;3.1;7.5;2.6;1.5;0.65
sainsburys-king-prawn-makhani---rice-%28mild---creamy%29-500g;Sainsbury's King Prawn Makhani & Rice (mild & creamy) 500g;£3.00/unit;£6.00/kg;meals-for-1-ready-meals;174;5.4;20.5;3.1;7.5;2.6;1.5;0.65
sainsburys-king-prawn-masala-%28medium---fruity%29-400g;Sainsbury's King Prawn Masala (medium & fruity) 400g;£3.30/unit;£8.25/kg;indian-ready-meals;113;6.3;9.6;6.1;5.2;2.3;1.5;0.50
sainsburys-king-prawns--so-organic-175g;Sainsbury's King Prawns, SO Organic 175g;£5.00/unit;£2.86/100g;canapes-snacking;75;16.5;0.1;0;0.9;0.5;-1;-1
sainsburys-king-prawns--so-organic-175g;Sainsbury's King Prawns, SO Organic 175g;£5.00/unit;£2.86/100g;cooked-fish-seafood;75;16.5;0.1;0;0.9;0.5;-1;-1
sainsburys-king-prawns--so-organic-175g;Sainsbury's King Prawns, SO Organic 175g;£5.00/unit;£2.86/100g;mfp-cooked-fish-seafood;75;16.5;0.1;0;0.9;0.5;-1;-1
sainsburys-king-prawns--so-organic-175g;Sainsbury's King Prawns, SO Organic 175g;£5.00/unit;£2.86/100g;organic-taste-the-difference;75;16.5;0.1;0;0.9;0.5;-1;-1
sainsburys-king-prawns--so-organic-175g;Sainsbury's King Prawns, SO Organic 175g;£5.00/unit;£2.86/100g;prawns-shellfish;75;16.5;0.1;0;0.9;0.5;-1;-1
sainsburys-king-prawns-155g;Sainsbury's King Prawns 155g;£3.00/unit;£1.94/100g;canapes-snacking;68;14;0.8;0.5;0.7;0.3;0.5;1.5
sainsburys-king-prawns-155g;Sainsbury's King Prawns 155g;£3.00/unit;£1.94/100g;cooked-fish-seafood;68;14;0.8;0.5;0.7;0.3;0.5;1.5
sainsburys-king-prawns-155g;Sainsbury's King Prawns 155g;£3.00/unit;£1.94/100g;great-prices-on-meat---fish;68;14;0.8;0.5;0.7;0.3;0.5;1.5
sainsburys-king-prawns-155g;Sainsbury's King Prawns 155g;£3.00/unit;£1.94/100g;mfp-cooked-fish-seafood;68;14;0.8;0.5;0.7;0.3;0.5;1.5
sainsburys-king-prawns-155g;Sainsbury's King Prawns 155g;£3.00/unit;£1.94/100g;prawns-shellfish;68;14;0.8;0.5;0.7;0.3;0.5;1.5
sainsburys-kiwi-fruit-%28each%29;Sainsbury's Kiwi Fruit (each);£0.25/unit;£0.25/ea;melon-pineapple-kiwi;55;1.1;10.6;10.3;0.5;0.1;1.9;0.5
sainsburys-kiwi-fruit--ripe---ready-x4;Sainsbury's Kiwi Fruit, Ripe & Ready x4;£1.65/unit;£0.41/ea;melon-pineapple-kiwi;55;1.1;11;10;0.5;0.1;1.9;0.5
sainsburys-kiwi-fruit--so-organic-x4;Sainsbury's Kiwi Fruit, SO Organic x4;£1.00/unit;£0.25/ea;fruit-vegetables-organic-taste-the-difference;55;1.1;10.6;10.3;0.5;0.0;1.9;
sainsburys-kiwi-fruit--so-organic-x4;Sainsbury's Kiwi Fruit, SO Organic x4;£1.00/unit;£0.25/ea;melon-pineapple-kiwi;55;1.1;10.6;10.3;0.5;0.0;1.9;
sainsburys-korean-bbq-chicken-curry-380g;Sainsbury's Korean BBQ Chicken Curry 380g;£3.60/unit;£9.47/kg;oriental-ready-meals;135;6.3;18.6;2.4;3.4;0.7;2.3;0.60
sainsburys-lady-balfour-potatoes--so-organic-2kg;Sainsbury's Lady Balfour Potatoes, SO Organic 2kg;£2.00/unit;£1.00/kg;fruit-vegetables-organic-taste-the-difference;72;1.8;15.4;0.6;0.1;0;1.2;100;
sainsburys-lady-balfour-potatoes--so-organic-2kg;Sainsbury's Lady Balfour Potatoes, SO Organic 2kg;£2.00/unit;£1.00/kg;potatoes;72;1.8;15.4;0.6;0.1;0;1.2;100;
sainsburys-lager--basics-4x440ml;Sainsbury's Lager, Basics 4x440ml;£1.05/unit;£0.60/ltr;lager;16;0.5;1.0;0.5;0.5;0.1;0.5;0.01
sainsburys-lamb---mint-quarter-pounder--taste-the-difference-454g;Sainsbury's Lamb & Mint Quarter Pounder, Taste the Difference 454g;£3.00/unit;£6.61/kg;frozen-burgers-sausages;240;23.6;1.2;0.6;15.7;7.7;0.5;0.76
sainsburys-lamb---mint-quarter-pounder--taste-the-difference-454g;Sainsbury's Lamb & Mint Quarter Pounder, Taste the Difference 454g;£3.00/unit;£6.61/kg;frozen-lamb;240;23.6;1.2;0.6;15.7;7.7;0.5;0.76
sainsburys-lamb---rosemary-tagliatelle--taste-the-difference-400g;Sainsbury's Lamb & Rosemary Tagliatelle, Taste the Difference 400g;£3.30/unit;£8.25/kg;italian-ready-meals;103;6.4;10.7;1.3;2.9;0.9;4.3;0.43
sainsburys-lamb---rosemary-tagliatelle--taste-the-difference-400g;Sainsbury's Lamb & Rosemary Tagliatelle, Taste the Difference 400g;£3.30/unit;£8.25/kg;meals-for-1-ready-meals;103;6.4;10.7;1.3;2.9;0.9;4.3;0.43
sainsburys-lamb---rosemary-tagliatelle--taste-the-difference-400g;Sainsbury's Lamb & Rosemary Tagliatelle, Taste the Difference 400g;£3.30/unit;£8.25/kg;taste-the-difference-bistro-ready-meals;103;6.4;10.7;1.3;2.9;0.9;4.3;0.43
sainsburys-lamb-boneless-leg-joint-%28approx-740g%29;Sainsbury's Lamb Boneless Leg Joint (approx. 800g);£12.50/kg;£12.50/kg;lamb;219;28.7;1.0;0.5;11.1;4.9;0.5;0.18
sainsburys-lamb-boneless-shoulder-%28approx-730g%29;Sainsbury's Lamb Boneless Shoulder (approx. 767g);£9.00/kg;£9.00/kg;lamb;245;15.9;2.4;0.5;19.1;9.5;0.5;0.20
sainsburys-lamb-breast--basics-%28approx-730g%29;Sainsbury's Lamb Breast, Basics (approx. 733g);£5.40/kg;£5.40/kg;lamb;0;0.5;0.5;0.5;0.5;0.1;0.5;0.01
sainsburys-lamb-burgers-with-mint--taste-the-difference-x2-227g;Sainsbury's Lamb Burgers With Mint, Taste the Difference x2 227g;£2.50/unit;£11.02/kg;lamb;237;21.9;4.7;2.3;14.4;6.3;0.5;0.80
sainsburys-lamb-burgers-with-mint--taste-the-difference-x2-227g;Sainsbury's Lamb Burgers With Mint, Taste the Difference x2 227g;£2.50/unit;£11.02/kg;organic-taste-the-difference;237;21.9;4.7;2.3;14.4;6.3;0.5;0.80
sainsburys-lamb-carvery-shoulder-%28approx-173kg%29;Sainsbury's Lamb Carvery Shoulder (approx. 1.825kg);£8.00/kg;£8.00/kg;lamb;245;15.9;2.4;0.5;19.1;9.5;0.5;0.20
sainsburys-lamb-chops--basics-450g;Sainsbury's Lamb Chops, Basics 450g;£4.60/unit;£10.22/kg;lamb;0;0.5;0.5;0.5;0.5;0.1;0.5;0.01
sainsburys-lamb-chops-x2-%28approx-230g%29;Sainsbury's Lamb Chops x2 (approx. 225g);£13.00/kg;£13.00/kg;great-prices-on-meat---fish;213;29.2;0;0;10.7;4.9;0;0.20
sainsburys-lamb-chops-x2-%28approx-230g%29;Sainsbury's Lamb Chops x2 (approx. 225g);£13.00/kg;£13.00/kg;lamb;213;29.2;0;0;10.7;4.9;0;0.20
sainsburys-lamb-chops-x4-%28approx-417g%29;Sainsbury's Lamb Chops x4 (approx. 417g);£11.00/kg;£11.00/kg;great-prices-on-meat---fish;303;24.4;2.8;0.5;21.6;10.3;0.5;0.33
sainsburys-lamb-chops-x4-%28approx-417g%29;Sainsbury's Lamb Chops x4 (approx. 417g);£11.00/kg;£11.00/kg;lamb;303;24.4;2.8;0.5;21.6;10.3;0.5;0.33
sainsburys-lamb-foreshanks-x4-%28approx-770g%29;Sainsbury's Lamb Foreshanks x4 (approx. 767g);£9.00/kg;£9.00/kg;lamb;199;30.2;0.5;0.5;8.7;4.1;0.5;0.20
sainsburys-lamb-gravy--taste-the-difference-450g;Sainsbury's Lamb Gravy, Taste the Difference 450g;£3.00/unit;£0.67/100g;stock---gravy;46;2.4;8.5;4.6;0.5;0.1;0.5;0.75
sainsburys-lamb-grills-x4-340g;Sainsbury's Lamb Grills x4 340g;£2.00/unit;£5.88/kg;frozen-lamb;289;21.8;5.3;0.5;19.9;10.0;0.5;1.48
sainsburys-lamb-half-leg-%28approx-1kg%29;Sainsbury's Lamb Half Leg (approx. 1kg);£8.00/kg;£8.00/kg;lamb;239;17.6;0.5;0.5;18.7;9.5;0.5;0.22
sainsburys-lamb-half-leg--so-organic-%28approx-218kg%29;Sainsbury's Lamb Half Leg, SO Organic (approx. 1.075kg);£13.00/kg;£13.00/kg;great-prices-on-meat---fish;239;17.6;0.5;0.5;18.7;9.5;0.5;0.22
sainsburys-lamb-half-leg--so-organic-%28approx-218kg%29;Sainsbury's Lamb Half Leg, SO Organic (approx. 1.075kg);£13.00/kg;£13.00/kg;lamb;239;17.6;0.5;0.5;18.7;9.5;0.5;0.22
sainsburys-lamb-half-leg--so-organic-%28approx-218kg%29;Sainsbury's Lamb Half Leg, SO Organic (approx. 1.075kg);£13.00/kg;£13.00/kg;organic-taste-the-difference;239;17.6;0.5;0.5;18.7;9.5;0.5;0.22
sainsburys-lamb-half-shoulder-%28approx-105kg%29;Sainsbury's Lamb Half Shoulder (approx. 1.05kg);£7.00/kg;£7.00/kg;lamb;245;15.9;2.4;0.5;19.1;9.5;0.5;0.20
sainsburys-lamb-leg-steaks-x2-%28approx-330g%29;Sainsbury's Lamb Leg Steaks x2 (approx. 312g);£13.50/kg;£13.50/kg;great-prices-on-meat---fish;206;23.5;0.7;0.5;12.2;5.9;0.5;0.18
sainsburys-lamb-leg-steaks-x2-%28approx-330g%29;Sainsbury's Lamb Leg Steaks x2 (approx. 312g);£13.50/kg;£13.50/kg;lamb;206;23.5;0.7;0.5;12.2;5.9;0.5;0.18
sainsburys-lamb-meatballs-350g;Sainsbury's Lamb Meatballs 350g;£2.00/unit;£5.71/kg;lamb;245;21.7;7.3;1.7;14.2;6.8;0.5;0.98
sainsburys-lamb-mince--so-organic-500g;Sainsbury's Lamb Mince, SO Organic 500g;£5.00/unit;£10.00/kg;lamb;269;21.5;0.5;0.5;20.0;10.2;0.5;0.28
sainsburys-lamb-mince-250g;Sainsbury's Lamb Mince 20% Fat 250g;£2.15/unit;£8.60/kg;lamb;269;21.5;0.5;0.5;20.0;10.2;0.5;0.28
sainsburys-lamb-mince-500g;Sainsbury's Lamb Mince 20% Fat 500g;£3.50/unit;£7.00/kg;lamb;271;21.5;0.9;0.5;20.0;10.0;0.5;0.28
sainsburys-lamb-mini-joint--taste-the-difference-%28approx-450g%29;Sainsbury's Lamb Mini Joint, Taste the Difference (approx. 500g);£10.00/kg;£10.00/kg;lamb;205;17.8;0.9;0.5;14.4;6.9;0.5;0.22
sainsburys-lamb-moussaka--taste-the-difference-400g;Sainsbury's Lamb Moussaka, Taste the Difference 400g;£3.30/unit;£8.25/kg;meals-for-1-ready-meals;196;8.2;13.0;4.0;10.8;5.9;7.0;0.63
sainsburys-lamb-moussaka--taste-the-difference-400g;Sainsbury's Lamb Moussaka, Taste the Difference 400g;£3.30/unit;£8.25/kg;mediterranean-other-cuisine-ready-meals;196;8.2;13.0;4.0;10.8;5.9;7.0;0.63
sainsburys-lamb-moussaka--taste-the-difference-400g;Sainsbury's Lamb Moussaka, Taste the Difference 400g;£3.30/unit;£8.25/kg;taste-the-difference-bistro-ready-meals;196;8.2;13.0;4.0;10.8;5.9;7.0;0.63
sainsburys-lamb-neck-fillet-%28approx-240g%29;Sainsbury's Lamb Neck Fillet (approx. 233g);£15.00/kg;£15.00/kg;lamb;272;28.6;0.5;0.5;17.5;8.9;0.5;0.15
sainsburys-lamb-rack--taste-the-difference-%28approx-280g%29;Sainsbury's Lamb Rack, Taste the Difference (approx. 300g);£28.00/kg;£28.00/kg;lamb;234;17.3;3.0;0.5;17.0;7.8;-1;0.25
sainsburys-lamb-rack--taste-the-difference-%28approx-280g%29;Sainsbury's Lamb Rack, Taste the Difference (approx. 300g);£28.00/kg;£28.00/kg;organic-taste-the-difference;234;17.3;3.0;0.5;17.0;7.8;-1;0.25
sainsburys-lamb-rogan-josh-%28warm---aromatic%29-400g;Sainsbury's Lamb Rogan Josh (warm & aromatic) 400g;£3.30/unit;£8.25/kg;indian-ready-meals;151;12.5;7.9;3.7;7.2;1.8;2.3;0.53
sainsburys-lamb-rogan-josh---pilau-rice-%28warm---aromatic%29-500g;Sainsbury's Lamb Rogan Josh & Pilau Rice (warm & aromatic) 500g;£3.00/unit;£6.00/kg;indian-ready-meals;165;6.0;22.3;1.6;5.3;0.8;2.3;0.47
sainsburys-lamb-rogan-josh---pilau-rice-%28warm---aromatic%29-500g;Sainsbury's Lamb Rogan Josh & Pilau Rice (warm & aromatic) 500g;£3.00/unit;£6.00/kg;meals-for-1-ready-meals;165;6.0;22.3;1.6;5.3;0.8;2.3;0.47
sainsburys-lamb-rump-steak-385g;Sainsbury's Lamb Steak 385g;£5.20/unit;£13.51/kg;lamb;206;23.5;0.7;0.5;12.2;5.9;0.5;0.18
sainsburys-lamb-rump-steaks-x2-%28approx-220g%29;Sainsbury's Lamb Rump Steaks x2 (approx. 217g);£14.00/kg;£14.00/kg;great-prices-on-meat---fish;207;23.5;0.9;0.5;12.2;5.9;0.5;0.18
sainsburys-lamb-rump-steaks-x2-%28approx-220g%29;Sainsbury's Lamb Rump Steaks x2 (approx. 217g);£14.00/kg;£14.00/kg;lamb;207;23.5;0.9;0.5;12.2;5.9;0.5;0.18
sainsburys-lamb-rump-steaks-x4-%28approx-417g%29;Sainsbury's Lamb Rump Steaks x4 (approx. 417g);£14.00/kg;£14.00/kg;lamb;206;23.5;0.7;0.5;12.2;5.9;0.5;0.18
sainsburys-lamb-shanks-%28approx-780g%29;Sainsbury's Lamb Shanks (approx. 783g);£10.00/kg;£10.00/kg;lamb;199;30.2;0.5;0.5;8.7;4.1;0.5;0.20
sainsburys-lamb-shanks--taste-the-difference-115-kg;Sainsbury's Lamb Shanks, Taste the Difference 1.15 Kg;£10.00/unit;£8.70/kg;british-ready-meals;144;15.3;5.2;3.2;6.4;1.3;2.1;0.54
sainsburys-lamb-shanks--taste-the-difference-115-kg;Sainsbury's Lamb Shanks, Taste the Difference 1.15 Kg;£10.00/unit;£8.70/kg;taste-the-difference-bistro-ready-meals;144;15.3;5.2;3.2;6.4;1.3;2.1;0.54
sainsburys-lamb-shoulder-joints-in-mint-x2-750g;Sainsbury's Lamb Shoulder Joints In Mint x2 750g;£6.00/unit;£8.00/kg;frozen-lamb;201;21.4;2.1;1.6;11.9;5.9;0.5;0.48
sainsburys-lamb-steak--bone-in-leg-360g;Sainsbury's Lamb Steak, Bone In Leg 360g;£3.60/unit;£10.00/kg;lamb;181;24.1;0.5;0.5;9.2;4.2;0.5;0.22
sainsburys-lamb-steaks--so-organic-%28approx-400g%29;Sainsbury's Lamb Steaks, SO Organic (approx. 400g);£16.50/kg;£16.50/kg;lamb;206;23.5;0.7;0.5;12.2;5.9;0.5;0.18
sainsburys-lamb-tagine-pastries-104g;Sainsbury's Lamb Tagine Pastries 104g;£2.50/unit;£2.72/100g;lunchtime-snacks;280;10.2;37.4;10.7;9.4;2.1;2.7;1.00
sainsburys-lamb-tagine-pastries-104g;Sainsbury's Lamb Tagine Pastries 104g;£2.50/unit;£2.72/100g;slices-pasties;280;10.2;37.4;10.7;9.4;2.1;2.7;1.00
sainsburys-lamb-topside-steaks-garlic-rsmry-390g;Sainsbury's Lamb Topside Steaks with Garlic & Rosemary 390g;£6.00/unit;£15.38/kg;great-prices-on-meat---fish;676162;19.2;1.0;0.5;9.0;5.0;0.5;0.33
sainsburys-lamb-topside-steaks-garlic-rsmry-390g;Sainsbury's Lamb Topside Steaks with Garlic & Rosemary 390g;£6.00/unit;£15.38/kg;lamb;676162;19.2;1.0;0.5;9.0;5.0;0.5;0.33
sainsburys-lamb-whole-leg-%28approx-205kg%29;Sainsbury's Lamb Whole Leg (approx. 2.05kg);£10.00/kg;£10.00/kg;lamb;239;17.6;0.5;0.5;18.7;9.5;0.5;0.22
sainsburys-lambrusco--bianco-75cl;Sainsbury's Lambrusco, Bianco 75cl;£2.50/unit;£2.50/75cl;low-alcohol-wine;-1;-1;-1;-1;-1;-1;-1;-1
sainsburys-lambrusco--rosato--light-75cl;Sainsbury's Lambrusco Light Rosato 75cl;£2.50/unit;£2.50/75cl;low-alcohol-wine;-1;-1;-1;-1;-1;-1;-1;-1
sainsburys-lambrusco--rosato--light-75cl;Sainsbury's Lambrusco Light Rosato 75cl;£2.50/unit;£2.50/75cl;rose-wine;-1;-1;-1;-1;-1;-1;-1;-1
sainsburys-lambrusco-rosso-75cl;Sainsbury's Lambrusco Rosso 75cl;£2.50/unit;£2.50/75cl;low-alcohol-wine;-1;-1;-1;-1;-1;-1;-1;-1
sainsburys-lambs-lettuce-70g;Sainsbury's Lambs Lettuce 70g;£1.00/unit;£1.43/100g;fresh-salad-prepared-ready-to-eat;27;2.2;2.2;0.5;0.6;0.1;2.2;0.03
sainsburys-lambs-lettuce-70g;Sainsbury's Lambs Lettuce 70g;£1.00/unit;£1.43/100g;lettuce;27;2.2;2.2;0.5;0.6;0.1;2.2;0.03
sainsburys-lambs-lettuce-70g;Sainsbury's Lambs Lettuce 70g;£1.00/unit;£1.43/100g;prepared-salad-herbs;27;2.2;2.2;0.5;0.6;0.1;2.2;0.03
sainsburys-lambs-liver-%28approx-360g%29;Sainsbury's Lambs Liver (approx. 360g);£2.20/kg;£2.20/kg;great-prices-on-meat---fish;258;29.9;0.5;0.5;15.3;3.5;0.5;0.18
sainsburys-lambs-liver-%28approx-360g%29;Sainsbury's Lambs Liver (approx. 360g);£2.20/kg;£2.20/kg;lamb;258;29.9;0.5;0.5;15.3;3.5;0.5;0.18
sainsburys-lard--basics-250g;Sainsbury's Lard, Basics 250g;£0.45/unit;£1.80/kg;cooking-baking;898;0.5;0.5;0.5;99.8;44.0;-1;0.01
sainsburys-large-carrot-cake--taste-the-difference;Sainsbury's Large Carrot Cake, Taste the Difference;£4.50/unit;£0.73/100g;sponge-slab-loaf-cakes;407;4.4;51.5;34.5;19.8;5.6;2.5;0.51
sainsburys-large-chicken-seasoned-roaster-1945kg;Sainsbury's Large Chicken Seasoned Roaster 1.945kg;£6.50/unit;£3.34/kg;chicken;191;26.3;0.5;0.5;9.4;2.5;0.5;0.40
sainsburys-large-chocolate-trifle-500g;Sainsbury's Large Chocolate Trifle 500g;£2.50/unit;£0.50/100g;desserts;944226;3.3;22.5;17.3;13.5;8.6;0.9;0.15
sainsburys-large-crusty-bake-pork-pie-440g;Sainsbury's Crusty Bake Pork Pie, Large 440g;£2.50/unit;£0.57/100g;hot-cold-pies;350;9.9;24.4;1.9;23.3;9.1;1.6;0.95
sainsburys-large-crusty-bake-pork-pie-440g;Sainsbury's Crusty Bake Pork Pie, Large 440g;£2.50/unit;£0.57/100g;sausage-rolls-savouries;350;9.9;24.4;1.9;23.3;9.1;1.6;0.95
sainsburys-large-double-chocolate-cookies-x5;Sainsbury's Large Cookies, Double Chocolate x5;£1.00/unit;£0.20/ea;doughnuts-cookies;466;5.5;60.1;41.6;22.0;9.9;2.8;0.63
sainsburys-large-flat-mushrooms-250g;Sainsbury's Large Flat Mushrooms 250g;£1.00/unit;£4.00/kg;mushrooms;16;1.8;0.5;0.5;0.5;0.1;1.1;0.5
sainsburys-large-king-prawns-210g;Sainsbury's Large King Prawns 210g;£3.75/unit;£1.79/100g;cooked-fish-seafood;67;14.3;0.8;0;0.7;0.3;-1;-1
sainsburys-large-king-prawns-210g;Sainsbury's Large King Prawns 210g;£3.75/unit;£1.79/100g;great-prices-on-meat---fish;67;14.3;0.8;0;0.7;0.3;-1;-1
sainsburys-large-king-prawns-210g;Sainsbury's Large King Prawns 210g;£3.75/unit;£1.79/100g;mfp-cooked-fish-seafood;67;14.3;0.8;0;0.7;0.3;-1;-1
sainsburys-large-king-prawns-210g;Sainsbury's Large King Prawns 210g;£3.75/unit;£1.79/100g;prawns-shellfish;67;14.3;0.8;0;0.7;0.3;-1;-1
sainsburys-large-milk-chocolate-cookies-x5;Sainsbury's Large Cookies, Milk Chocolate x5;£1.00/unit;£0.20/ea;doughnuts-cookies;470;4.8;62.8;39.4;21.5;9.7;3.0;0.65
sainsburys-large-multi-seeded-deli-rolls-x4;Sainsbury's Large Multi Seeded Deli Rolls x4;£0.90/unit;£0.23/ea;rolls;297;10.1;49.2;3.4;5.7;0.7;4.4;0.95
sainsburys-large-oat-topped-wholemeal-deli-rolls-x4;Sainsbury's Large Oat Topped Wholemeal Deli Rolls x4;£0.90/unit;£0.23/ea;rolls;261;11.5;45.0;3.0;2.4;0.1;6.7;0.83
sainsburys-large-onions-%28loose%29;Sainsbury's Onions (loose);£0.70/kg;£0.70/kg;onions-leeks-garlic;38;1.0;7.6;5.9;0.5;0.1;1.4;0.01
sainsburys-large-onions-x3;Sainsbury's Large Onions x3;£1.00/unit;£1.67/kg;onions-leeks-garlic;38;1.0;7.6;5.9;0.5;0.1;1.4;0.01
sainsburys-large-peeled-prawns-350g;Sainsbury's Large Peeled Prawns 350g;£4.50/unit;£12.86/kg;frozen-fish-seafood;69;15.3;0.5;0.5;0.7;0.2;0.5;1.45
sainsburys-large-portabella-mushrooms-250g;Sainsbury's Portobello Mushrooms 250g;£1.65/unit;£6.60/kg;mushrooms;13;1.8;0.4;0.2;0.5;0.1;1.1;
sainsburys-large-red-onions-%28loose%29;Sainsbury's Red Onions (loose);£0.75/kg;£0.75/kg;onions-leeks-garlic;38;1.0;7.6;5.9;0.5;0.1;1.4;0.01
sainsburys-large-red-onions-x3;Sainsbury's Large Red Onions x3;£1.00/unit;£2.74/kg;onions-leeks-garlic;38;1.0;7.6;5.9;0.5;0.1;1.4;0.01
sainsburys-large-teacakes--taste-the-difference-x4;Sainsbury's Large Teacakes, Taste the Difference x4;£1.30/unit;£0.33/ea;cakes-scones-fruited-buns;1355321;7.9;57.4;22.6;6.2;3.8;1.9;0.75
sainsburys-large-teacakes--taste-the-difference-x4;Sainsbury's Large Teacakes, Taste the Difference x4;£1.30/unit;£0.33/ea;scones-fruited-buns;1355321;7.9;57.4;22.6;6.2;3.8;1.9;0.75
sainsburys-large-victoria-sponge--taste-the-difference;Sainsbury's Large Victoria Sponge, Taste the Difference;£4.50/unit;£0.82/100g;sponge-slab-loaf-cakes;392;4.9;53.9;32.3;17.1;4.1;1.3;0.57
sainsburys-large-white-chocolate-cookies-x5;Sainsbury's Large Cookies, White Chocolate x5;£1.00/unit;£0.20/ea;doughnuts-cookies;474;4.8;63.4;40.7;21.8;9.8;2.6;0.65
sainsburys-large-whole-chicken--%28approx-21-24kg%29;Sainsbury's Large Whole Chicken, (approx. 2.1-2.4kg);£5.50/unit;£2.62/kg;frozen-chicken;202;29.0;0.5;0.5;9.5;2.6;0.5;0.13
sainsburys-lasagne--basics-300g;Sainsbury's Lasagne, Basics 300g;£0.80/unit;£2.67/kg;italian-ready-meals;95;5.3;10.1;2.5;3.3;1.4;1.9;0.50
sainsburys-lasagne--basics-300g;Sainsbury's Lasagne, Basics 300g;£0.80/unit;£2.67/kg;meals-for-1-ready-meals;95;5.3;10.1;2.5;3.3;1.4;1.9;0.50
sainsburys-lasagne-al-forno-with-slow-cooked-beef--taste-the-difference-710g;Sainsbury's Lasagne Al Forno With Slow Cooked Beef, Taste the Difference Bistro 710g;£6.00/unit;£8.45/kg;italian-ready-meals;171;11.9;9.5;3.6;8.1;3.9;5.7;0.63
sainsburys-lasagne-al-forno-with-slow-cooked-beef--taste-the-difference-710g;Sainsbury's Lasagne Al Forno With Slow Cooked Beef, Taste the Difference Bistro 710g;£6.00/unit;£8.45/kg;taste-the-difference-bistro-ready-meals;171;11.9;9.5;3.6;8.1;3.9;5.7;0.63
sainsburys-late-bottled-vintage-port-75cl;Sainsbury's Late Bottled Vintage Port 75cl;£11.00/unit;£11.00/75cl;sherry-port-fortified-wine;-1;-1;-1;-1;-1;-1;-1;-1
sainsburys-late-bottled-vintage-port-75cl;Sainsbury's Late Bottled Vintage Port 75cl;£11.00/unit;£11.00/75cl;spirits-sherry-port-fortified-wine;-1;-1;-1;-1;-1;-1;-1;-1
sainsburys-latte-cappuccino-180g;Sainsbury's Latte 180g;£1.90/unit;£1.06/100g;instant-coffee;38;1.8;5.0;4.0;1.2;1.0;0.5;0.18
sainsburys-lattice-gala-pork---egg-pie-450g;Sainsbury's Pork & Egg Lattice Gala Pie 450g;£2.50/unit;£0.56/100g;hot-cold-pies;1334320;10.7;22.0;1.9;20.7;7.9;1.6;0.90
sainsburys-lattice-gala-pork---egg-pie-450g;Sainsbury's Pork & Egg Lattice Gala Pie 450g;£2.50/unit;£0.56/100g;sausage-rolls-savouries;1334320;10.7;22.0;1.9;20.7;7.9;1.6;0.90
sainsburys-lattice-potatoes-750g;Sainsbury's Lattice Potatoes 750g;£1.50/unit;£2.00/kg;chips-potatoes;244;3.8;32;1.2;11;1.2;3.3;0.49
sainsburys-lavender-honey---ginger-west-country-yogurt--taste-the-difference-150g;Sainsbury's West Country Lavender Honey & Ginger Yogurt, Taste the Difference 150g;£0.75/unit;£0.50/100g;luxury-yogurts;144;3.1;15.5;15.5;7.7;5.1;0.5;0.10
sainsburys-layered-cod---pea-fishacakes--taste-the-difference-330g;Sainsbury's Layered Cod & Pea Fishcakes, Taste the Difference 330g;£3.00/unit;£9.09/kg;fishcakes-breaded-fish;181;10.4;16.2;1.7;7.8;1.1;2.2;0.95
sainsburys-layered-p%C3%A2t%C3%A9-170g;Sainsbury's Layered Pâté 170g;£1.65/unit;£0.97/100g;mfp-pate;313;11.3;6.8;5.5;26.7;9.8;0.5;1.63
sainsburys-layered-p%C3%A2t%C3%A9-170g;Sainsbury's Layered Pâté 170g;£1.65/unit;£0.97/100g;pate;313;11.3;6.8;5.5;26.7;9.8;0.5;1.63
sainsburys-lean-beef-meatballs-350g;Sainsbury's 10% Fat Beef Meatballs 350g;£2.00/unit;£5.71/kg;beef;164;18.9;4.1;1.7;8.0;3.1;0.5;0.75
sainsburys-lean-beef-mince-1kg;Sainsbury's Beef Mince 12% Fat 1kg;£6.95/unit;£6.95/kg;frozen-beef;214;26.5;0.5;0.5;12.0;5.2;0.5;0.30
sainsburys-lean-diced-beef--taste-the-difference-450g;Sainsbury's Lean Diced Beef, Taste the Difference 450g;£4.50/unit;£10.00/kg;beef;136;22.5;0.5;0.5;5.1;2.2;0.5;0.22
sainsburys-lean-diced-beef-450g;Sainsbury's Lean Diced Beef 450g;£3.30/unit;£7.33/kg;beef;96;15.4;5.2;1.0;1.5;0.6;0.5;0.26
sainsburys-lean-diced-beef-450g;Sainsbury's Lean Diced Beef 450g;£3.30/unit;£7.33/kg;great-prices-on-meat---fish;96;15.4;5.2;1.0;1.5;0.6;0.5;0.26
sainsburys-lean-lamb-leg-steaks-x4-%28approx-350g%29;Sainsbury's Lean Lamb Leg Steaks x4 (approx. 345g);£15.00/kg;£15.00/kg;great-prices-on-meat---fish;157;23.8;0.5;0.5;6.6;2.6;0.5;0.25
sainsburys-lean-lamb-leg-steaks-x4-%28approx-350g%29;Sainsbury's Lean Lamb Leg Steaks x4 (approx. 345g);£15.00/kg;£15.00/kg;lamb;157;23.8;0.5;0.5;6.6;2.6;0.5;0.25
sainsburys-leek---pork-sausages--taste-the-difference-x6-400g;Sainsbury's Pork & Leek Sausages, Taste the Difference x6 400g;£2.80/unit;£7.00/kg;organic-taste-the-difference;260;18.2;3.8;1.7;18.9;6.8;1.2;1.38
sainsburys-leek---pork-sausages--taste-the-difference-x6-400g;Sainsbury's Pork & Leek Sausages, Taste the Difference x6 400g;£2.80/unit;£7.00/kg;sausages;260;18.2;3.8;1.7;18.9;6.8;1.2;1.38
sainsburys-leek---potato-soup-600g-6004826-p-44;Sainsbury's Leek & Potato Soup 600g;£1.40/unit;£0.23/100g;fresh-soups;45;1.1;5.5;1.3;1.8;1.2;1.2;0.48
sainsburys-leeks-%28loose%29;Sainsbury's Leeks (loose);£2.00/kg;£2.00/kg;onions-leeks-garlic;27;1.6;2.8;2.1;0.5;0.1;2.2;0.01
sainsburys-leeks--extra-trimmed-500g;Sainsbury's Leeks, Trimmed 500g;£1.00/unit;£2.00/kg;onions-leeks-garlic;27;1.6;2.8;2.1;0.5;0.1;2.2;0.01
sainsburys-leeks--so-organic-400g;Sainsbury's Leeks, SO Organic 400g;£2.00/unit;£5.00/kg;fruit-vegetables-organic-taste-the-difference;23;1.6;2.9;2.2;0.5;0.1;2.2;
sainsburys-leeks--so-organic-400g;Sainsbury's Leeks, SO Organic 400g;£2.00/unit;£5.00/kg;onions-leeks-garlic;23;1.6;2.9;2.2;0.5;0.1;2.2;
sainsburys-lemon---coriander-houmous-200g;Sainsbury's Lemon & Coriander Houmous 200g;£1.00/unit;£0.50/100g;deli-meat-alternatives;319;7.9;8.8;1.4;26.8;2.7;5.3;0.76
sainsburys-lemon---coriander-houmous-200g;Sainsbury's Lemon & Coriander Houmous 200g;£1.00/unit;£0.50/100g;fresh-dips-houmous;319;7.9;8.8;1.4;26.8;2.7;5.3;0.76
sainsburys-lemon---earl-grey-tea-750ml;Sainsbury's Lemon & Earl Grey Tea 750ml;£1.25/unit;£0.17/100ml;adult-soft-drinks;3;0.5;0.7;0.7;0.5;0.1;0.5;0.01
sainsburys-lemon---lime-flavoured-sparkling-water-1l;Sainsbury's Sparkling Flavoured Water, Lemon & Lime 1L;£0.60/unit;£0.06/100ml;flavoured-vitamin-water;2;0.5;0.5;0.5;0.5;0.1;0.5;0.01
sainsburys-lemon---lime-flavoured-sparkling-water-1l;Sainsbury's Sparkling Flavoured Water, Lemon & Lime 1L;£0.60/unit;£0.06/100ml;fruit-flavoured;2;0.5;0.5;0.5;0.5;0.1;0.5;0.01
sainsburys-lemon---lime-flavoured-sparkling-water-1l;Sainsbury's Sparkling Flavoured Water, Lemon & Lime 1L;£0.60/unit;£0.06/100ml;sparkling-water;2;0.5;0.5;0.5;0.5;0.1;0.5;0.01
sainsburys-lemon---lime-sparkling-flavoured-water-500ml;Sainsbury's Sparkling Flavoured Water, Lemon & Lime 500ml;£0.40/unit;£0.08/100ml;fruit-flavoured;2;0.5;0.5;0.5;0.5;0.1;0.5;0.01
sainsburys-lemon---lime-sparkling-flavoured-water-500ml;Sainsbury's Sparkling Flavoured Water, Lemon & Lime 500ml;£0.40/unit;£0.08/100ml;sparkling-water;2;0.5;0.5;0.5;0.5;0.1;0.5;0.01
sainsburys-lemon---lime-still-flavoured-water-1l;Sainsbury's Still Flavoured Water, Lemon & Lime 1L;£0.60/unit;£0.06/100ml;flavoured-vitamin-water;1;0.5;0.5;0.5;0.5;0.1;0.5;0.01
sainsburys-lemon---lime-still-flavoured-water-1l;Sainsbury's Still Flavoured Water, Lemon & Lime 1L;£0.60/unit;£0.06/100ml;still-water;1;0.5;0.5;0.5;0.5;0.1;0.5;0.01
sainsburys-lemon---lime-still-flavoured-water-500ml;Sainsbury's Still Flavoured Water, Lemon & Lime 500ml;£0.40/unit;£0.08/100ml;flavoured-vitamin-water;1;0.5;0.5;0.5;0.5;0.1;0.5;0.01
sainsburys-lemon---lime-still-flavoured-water-500ml;Sainsbury's Still Flavoured Water, Lemon & Lime 500ml;£0.40/unit;£0.08/100ml;still-water;1;0.5;0.5;0.5;0.5;0.1;0.5;0.01
sainsburys-lemon---mascarpone-roulade--taste-the-difference-420g-%28serves-6%29;Sainsbury's Lemon & Mascarpone Roulade, Taste the Difference 420g (serves 6);£4.00/unit;£0.95/100g;frozen-cold-desserts;322;2.6;55.3;44.2;9.9;6.6;0.6;0.15
sainsburys-lemon---pistachio-mini-loaf-cakes-x2;Sainsbury's Lemon & Pistachio Mini Loaf Cakes x2;£1.80/unit;£0.90/ea;muffins-small-cakes;403;4.6;57.6;41.2;16.9;2.6;1.1;0.53
sainsburys-lemon---raisin-pancakes-x8;Sainsbury's Lemon & Raisin Pancakes x8;£0.85/unit;£0.11/ea;crumpets-breakfast-muffins-pancakes;269;5.7;51.8;28.7;4.1;0.3;1.2;0.93
sainsburys-lemon---thyme-chicken-thighs-500g;Sainsbury's Lemon & Thyme Chicken Thighs 500g;£3.75/unit;£7.50/kg;chicken;232;21.1;1.5;0.5;15.6;3.8;0.5;0.40
sainsburys-lemon-cheesecake--be-good-to-yourself-90g;Sainsbury's Lemon Cheesecake, Be Good To Yourself 90g;£1.10/unit;£1.22/100g;desserts;183;4.3;35.5;25.1;2.3;1.0;1.6;0.30
sainsburys-lemon-cheesecake--taste-the-difference-505g-%28serves-6%29;Sainsbury's Lemon Cheesecake, Taste the Difference 505g (serves 6);£3.00/unit;£0.59/100g;frozen-cold-desserts;377;3.3;36.3;22.3;24.0;14.4;1.1;0.50
sainsburys-lemon-cheesecakes-3x100g;Sainsbury's Lemon Cheesecakes 3x100g;£2.00/unit;£0.67/100g;desserts;301;3.6;37.3;27.5;15.1;7.4;0.5;0.23
sainsburys-lemon-chicken-risotto--be-good-to-yourself-400g;Sainsbury's Lemon Chicken Risotto, Be Good To Yourself 400g;£1.20/unit;£3.00/kg;frozen-healthier-meals;108;5.9;17.2;1.8;1.6;0.9;0.7;0.32
sainsburys-lemon-chicken-risotto--be-good-to-yourself-400g;Sainsbury's Lemon Chicken Risotto, Be Good To Yourself 400g;£1.20/unit;£3.00/kg;frozen-ready-meals;108;5.9;17.2;1.8;1.6;0.9;0.7;0.32
sainsburys-lemon-cupcakes-x2;Sainsbury's Lemon Cupcakes x2;£1.45/unit;£0.73/ea;muffins-small-cakes;483;2.6;59.9;48.7;25.5;8.8;1.7;0.40
sainsburys-lemon-cupcakes-x6;Sainsbury's Lemon Cupcakes x6;£1.30/unit;£0.22/ea;easter-treats;428;3.0;66.3;54.8;16.6;3.3;0.9;0.37
sainsburys-lemon-cupcakes-x6;Sainsbury's Lemon Cupcakes x6;£1.30/unit;£0.22/ea;muffins-small-cakes;428;3.0;66.3;54.8;16.6;3.3;0.9;0.37
sainsburys-lemon-curd--basics-411g;Sainsbury's Lemon Curd, Basics 411g;£0.25/unit;£0.06/100g;curds;234;0.5;46.0;46.0;5.3;2.4;0.4;
sainsburys-lemon-curd--taste-the-difference-325g;Sainsbury's Lemon Curd, Taste the Difference 320g;£1.50/unit;£0.47/100g;curds;362;2.7;65.3;57.8;10.0;5.8;0.5;0.25
sainsburys-lemon-curd-411g;Sainsbury's Lemon Curd 411g;£0.60/unit;£0.15/100g;curds;254;0.7;51.3;51.3;4.8;1.8;1.3;0.15
sainsburys-lemon-curd-cream-buns-2x87g;Sainsbury's Lemon Curd Cream Buns 2x87g;£2.00/unit;£1.15/100g;desserts;1410336;5.5;45.4;24.5;14.4;7.5;1.4;0.22
sainsburys-lemon-curd-tarts-x6;Sainsbury's Lemon Curd Tarts x6;£0.75/unit;£0.13/ea;slices-pies-tarts;424;3.5;65.8;39.9;15.9;6.9;1.7;0.20
sainsburys-lemon-curd-west-country-yogurt--taste-the-difference-150g;Sainsbury's West Country Lemon Curd Yogurt, Taste the Difference 150g;£0.75/unit;£0.50/100g;luxury-yogurts;175;2.8;20.4;19.1;9.0;5.7;0.5;0.10
sainsburys-lemon-drizzle-cake--taste-the-difference-%28serves-6%29;Sainsbury's Lemon Drizzle Cake, Taste the Difference 5";£2.65/unit;£0.62/100g;sponge-slab-loaf-cakes;379;4.3;58.5;45.4;13.9;3.8;1.4;0.55
sainsburys-lemon-drizzle-victoria-sponge-325g;Sainsbury's Lemon Drizzle Victoria Sponge 325g;£2.49/unit;£0.72/100g;desserts;356;4.1;38.8;29.9;20.2;13.0;1.3;0.50
sainsburys-lemon-fruit-fool-113g;Sainsbury's Fruit Fool Mediterranean Lemon 113g;£0.70/unit;£0.61/100g;luxury-yogurts;191;2.8;19.3;17.9;11.4;7.4;0.5;0.20
sainsburys-lemon-iced-madeira-cake;Sainsbury's Lemon Iced Madeira Cake;£1.00/unit;£0.33/100g;sponge-slab-loaf-cakes;389;3.7;61;37;14;9.1;0.7;0.50
sainsburys-lemon-loaf-cake-236g;Sainsbury's Lemon Loaf Cake 236g;£1.50/unit;£0.64/100g;sponge-slab-loaf-cakes;403;4.2;55.7;33.5;17.7;1.5;1.9;0.42
sainsburys-lemon-meringue-chsecake-slices-2x100g;Sainsbury's Lemon Cheesecake Slices 2x100g;£2.00/unit;£1.00/100g;desserts;355;4.6;33.9;21.4;22.2;11.8;1.0;0.35
sainsburys-lemon-meringue-muffin--taste-the-difference-x2;Sainsbury's Lemon Curd Muffin, Taste the Difference x2;£1.50/unit;£0.75/ea;cakes-from-our-bakery-12374-44;386;5.4;47.1;32.0;19.3;3.0;1.4;0.46
sainsburys-lemon-meringue-muffin--taste-the-difference-x2;Sainsbury's Lemon Curd Muffin, Taste the Difference x2;£1.50/unit;£0.75/ea;cakes-from-our-bakery;386;5.4;47.1;32.0;19.3;3.0;1.4;0.46
sainsburys-lemon-meringue-muffin--taste-the-difference-x2;Sainsbury's Lemon Curd Muffin, Taste the Difference x2;£1.50/unit;£0.75/ea;muffins-small-cakes;386;5.4;47.1;32.0;19.3;3.0;1.4;0.46
sainsburys-lemon-meringue-muffin--taste-the-difference;Sainsbury's Lemon Curd Muffin, Taste the Difference;£1.00/unit;£1.00/ea;muffins-small-cakes;386;5.4;47.1;32.0;19.3;3.0;1.4;0.46
sainsburys-lemon-meringue-pie-475g-%28serves-6%29;Sainsbury's Lemon Meringue Pie 475g (Serves 6);£2.00/unit;£0.42/100g;frozen-cold-desserts;284;3.1;48.5;33.6;8.3;4.2;1.3;0.25
sainsburys-lemon-meringue-pie-500g;Sainsbury's Lemon Meringue Pie 500g;£2.75/unit;£0.55/100g;desserts;353;3.8;51.7;33.7;14.3;7.8;1.3;0.21
sainsburys-lemon-muffins-x4;Sainsbury's Muffins, Lemon x4;£1.00/unit;£0.25/ea;muffins-small-cakes;384;5.1;48.8;28.5;18.4;1.6;1.5;0.39
sainsburys-lemon-slices-x6;Sainsbury's Lemon Slices x6;£1.10/unit;£0.18/ea;slices-pies-tarts;438;3.0;55.4;38.2;22.3;4.8;1.7;0.33
sainsburys-lemon-sole-fillets-%28approx-260g%29;Sainsbury's Lemon Sole Fillets (approx. 260g);£13.00/kg;£13.00/kg;filleted-whole-fish;96;20.2;0.0;0.0;1.7;0.2;0.0;0.25
sainsburys-lemon-sorbet-500ml;Sainsbury's Lemon Sorbet 500ml;£2.50/unit;£0.50/100ml;frozen-yogurt-sorbet;122;0.5;29.2;26.1;0.5;0.1;0.9;0.08
sainsburys-lemon-sponge-2x110g;Sainsbury's Lemon Sponge 2x110g;£1.75/unit;£0.80/100g;desserts;361;4.0;56.7;38.4;13.0;7.5;0.7;0.66
sainsburys-lemon-swirl-cheesecake-125g;Sainsbury's Lemon Swirl Cheesecake 125g;£1.10/unit;£0.88/100g;desserts;304;3.0;31.1;19.6;18.4;10.2;0.9;0.33
sainsburys-lemon-swirl-cheesecake-570g;Sainsbury's Lemon Swirl Cheesecake 600g;£3.50/unit;£0.61/100g;desserts;369;4.8;37.2;20.8;22.1;12.0;1.0;0.45
sainsburys-lemon-tart-385g;Sainsbury's Lemon Tart 385g;£2.75/unit;£0.71/100g;desserts;1920460;4.4;47.0;27.5;28.1;16.2;0.6;0.09
sainsburys-lemon-tart-480g;Sainsbury's Lemon Tart 480g;£2.00/unit;£0.42/100g;frozen-cold-desserts;292;3.6;45.4;30.6;10.3;3.6;1.6;0.20
sainsburys-lemon-yogurt-450g;Sainsbury's Fabulously Creamy Lemon Yogurt 450g;£1.00/unit;£0.22/100g;big-pots-pouring-yogurts;118;3.9;18;17;3.3;2.3;0.5;0.15
sainsburys-lemonade--diet-1l;Sainsbury's Lemonade, Diet 1L;£0.55/unit;£0.06/100ml;diet-sugar-free-fizzy-drinks;1;0.5;0.5;0.5;0.5;0.1;0.5;0.03
sainsburys-lemonade--diet-1l;Sainsbury's Lemonade, Diet 1L;£0.55/unit;£0.06/100ml;fruit-flavoured;1;0.5;0.5;0.5;0.5;0.1;0.5;0.03
sainsburys-lemonade--diet-1l;Sainsbury's Lemonade, Diet 1L;£0.55/unit;£0.06/100ml;lemonade;1;0.5;0.5;0.5;0.5;0.1;0.5;0.03
sainsburys-lemonade--diet-x4-2l;Sainsbury's Lemonade, Diet 4x2L;£2.15/unit;£0.03/100ml;fizzy-drinks-bigger-multipacks;1;0.0;0.0;0.0;0.0;0.0;0.0;
sainsburys-lemonade--diet-x4-2l;Sainsbury's Lemonade, Diet 4x2L;£2.15/unit;£0.03/100ml;fruit-flavoured;1;0.0;0.0;0.0;0.0;0.0;0.0;
sainsburys-lemonade--diet-x4-2l;Sainsbury's Lemonade, Diet 4x2L;£2.15/unit;£0.03/100ml;lemonade;1;0.0;0.0;0.0;0.0;0.0;0.0;
sainsburys-lemonade--taste-the-difference-1l;Sainsbury's Freshly Squeezed Lemonade, Taste the Difference 1L;£2.50/unit;£0.25/100ml;chilled-fruit-juice;42;0.5;9.2;8.4;0.5;0.1;0.5;0.02
sainsburys-lemonade-1l;Sainsbury's Lemonade 1L;£0.55/unit;£0.06/100ml;fruit-flavoured;15;0.5;3.5;3.5;0.5;0.1;0.5;0.03
sainsburys-lemonade-1l;Sainsbury's Lemonade 1L;£0.55/unit;£0.06/100ml;lemonade;15;0.5;3.5;3.5;0.5;0.1;0.5;0.03
sainsburys-lemonade-2l-6319043-p-44;Sainsbury's Lemonade 2L;£0.60/unit;£0.03/100ml;lemonade;15;0.5;3.5;3.5;0.5;0.1;0.5;0.03
sainsburys-lemonade-6x330ml;Sainsbury's Lemonade 6x330ml;£1.50/unit;£0.08/100ml;diet-sugar-free-fizzy-drinks;15;0.5;3.5;3.5;0.5;0.1;0.5;0.03
sainsburys-lemonade-6x330ml;Sainsbury's Lemonade 6x330ml;£1.50/unit;£0.08/100ml;fruit-flavoured;15;0.5;3.5;3.5;0.5;0.1;0.5;0.03
sainsburys-lemonade-6x330ml;Sainsbury's Lemonade 6x330ml;£1.50/unit;£0.08/100ml;lemonade;15;0.5;3.5;3.5;0.5;0.1;0.5;0.03
sainsburys-lemonade-juice-drink-1l;Sainsbury's Lemonade Juice Drink 1L;£1.40/unit;£0.14/100ml;chilled-fruit-juice;47;0.5;11.7;10.4;0.5;0.1;0.5;0.01
sainsburys-lemonade-x4-2l;Sainsbury's Lemonade 4x2L;£2.15/unit;£0.03/100ml;fizzy-drinks-bigger-multipacks;47;0;11.5;11.5;0;0;0;
sainsburys-lemonade-x4-2l;Sainsbury's Lemonade 4x2L;£2.15/unit;£0.03/100ml;fruit-flavoured;47;0;11.5;11.5;0;0;0;
sainsburys-lemonade-x4-2l;Sainsbury's Lemonade 4x2L;£2.15/unit;£0.03/100ml;lemonade;47;0;11.5;11.5;0;0;0;
sainsburys-lemongrass-paste-75g;Sainsbury's Lemongrass Paste 75g;£1.60/unit;£2.00/100g;asian-ingredients;109;0.7;4.2;1.8;8.6;0.6;6.1;0.43
sainsburys-lemons-%28each%29;Sainsbury's Lemons (each);£0.30/unit;£0.30/ea;citrus-fruit;20;1.0;3.2;3.2;0.5;0.1;0.5;0.01
sainsburys-lemons-%28each%29;Sainsbury's Lemons (each);£0.30/unit;£0.30/ea;cocktail-ingredients;20;1.0;3.2;3.2;0.5;0.1;0.5;0.01
sainsburys-lemons---limes-x6;Sainsbury's Lemons & Limes x6;£1.50/unit;£0.25/ea;citrus-fruit;20;1.0;3.2;0.5;0.5;0.1;0.5;0.01
sainsburys-lemons--basics-x4;Sainsbury's Lemons, Basics x5;£1.10/unit;£0.22/ea;citrus-fruit;20;1.0;3.2;3.2;0.5;0.1;0.5;0.01
sainsburys-lentil-dahl-soup-600g;Sainsbury's Lentil Dahl Soup 600g;£1.40/unit;£0.23/100g;fresh-soups;84;4.4;9.8;0.9;2.7;1.8;1.4;0.40
sainsburys-light-black-pepper-soft-cheese-250g;Sainsbury's Light Black Pepper Soft Cheese 250g;£1.20/unit;£4.80/kg;cottage-cheese---healthier-choice;159;10.9;3.3;2.9;11.3;7.2;0.5;0.55
sainsburys-light-black-pepper-soft-cheese-250g;Sainsbury's Light Black Pepper Soft Cheese 250g;£1.20/unit;£4.80/kg;snacking-lunchbox-cheese;159;10.9;3.3;2.9;11.3;7.2;0.5;0.55
sainsburys-light-black-pepper-soft-cheese-250g;Sainsbury's Light Black Pepper Soft Cheese 250g;£1.20/unit;£4.80/kg;soft---spreadable;159;10.9;3.3;2.9;11.3;7.2;0.5;0.55
sainsburys-light-coffee-whitener-500g;Sainsbury's Light Coffee Whitener 500g;£1.80/unit;£0.36/100g;whiteners;439;1.3;78.8;14.1;13.2;12.2;0.0;
sainsburys-light-cypriot-halloumi-225g;Sainsbury's Light Cypriot Halloumi 225g;£2.35/unit;£10.44/kg;healthier-choice-special-diet-cheese;244;24.0;1.0;1.0;16.0;9.8;0.5;3.00
sainsburys-light-evaporated-milk-410g;Sainsbury's Light Evaporated Milk 410g;£0.65/unit;£0.16/100g;dessert-milk-cream;108;7.0;11.0;11.0;4.0;2.6;0.0;0.10
sainsburys-light-garlic---herb-soft-cheese-250g;Sainsbury's Light Garlic & Herb Soft Cheese 250g;£1.20/unit;£4.80/kg;cottage-cheese---healthier-choice;162;10.2;5.6;3.1;11.0;7.0;0.5;0.55
sainsburys-light-garlic---herb-soft-cheese-250g;Sainsbury's Light Garlic & Herb Soft Cheese 250g;£1.20/unit;£4.80/kg;snacking-lunchbox-cheese;162;10.2;5.6;3.1;11.0;7.0;0.5;0.55
sainsburys-light-garlic---herb-soft-cheese-250g;Sainsbury's Light Garlic & Herb Soft Cheese 250g;£1.20/unit;£4.80/kg;soft---spreadable;162;10.2;5.6;3.1;11.0;7.0;0.5;0.55
sainsburys-light-in-colour-olive-oil-2l;Sainsbury's Light In Colour Olive Oil 2L;£6.00/unit;£0.30/100ml;oils;823;0.5;0.5;0.5;91.5;13.1;0.5;0.01
sainsburys-light-soft-cheese-250g;Sainsbury's Light Soft Cheese 250g;£1.20/unit;£4.80/kg;cottage-cheese---healthier-choice;156;11.0;2.9;2.9;11.2;7.2;0.5;0.55
sainsburys-light-soft-cheese-250g;Sainsbury's Light Soft Cheese 250g;£1.20/unit;£4.80/kg;snacking-lunchbox-cheese;156;11.0;2.9;2.9;11.2;7.2;0.5;0.55
sainsburys-light-soft-cheese-250g;Sainsbury's Light Soft Cheese 250g;£1.20/unit;£4.80/kg;soft---spreadable;156;11.0;2.9;2.9;11.2;7.2;0.5;0.55
sainsburys-lighter-chocolate-mousse-6x625g;Sainsbury's Mousse Lighter Chocolate 6x62.5g;£0.90/unit;£0.24/100g;diet-low-fat-yogurts;115;5.8;16.8;15.4;2.6;1.4;1.0;0.13
sainsburys-lighter-chocolate-mousse-6x625g;Sainsbury's Mousse Lighter Chocolate 6x62.5g;£0.90/unit;£0.24/100g;rice-dessert-style-yogurts;115;5.8;16.8;15.4;2.6;1.4;1.0;0.13
sainsburys-lighter-extra-mature-cheddar-270g;Sainsbury's Lighter Extra Mature Cheddar 270g;£2.15/unit;£7.96/kg;cheddar-british-regional-cheese;321;27.8;2.3;0.5;22.3;14.6;0.5;1.98
sainsburys-lighter-extra-mature-cheddar-270g;Sainsbury's Lighter Extra Mature Cheddar 270g;£2.15/unit;£7.96/kg;cottage-cheese---healthier-choice;321;27.8;2.3;0.5;22.3;14.6;0.5;1.98
sainsburys-lighter-malted-drink-400g;Sainsbury's Malted Drink 400g;£2.00/unit;£0.50/100g;hot-chocolate-milky-drinks;62;1.5;12.4;6.1;0.7;0.5;0.5;0.13
sainsburys-lighter-mascarpone-250g;Sainsbury's Lighter Mascarpone 250g;£1.60/unit;£6.40/kg;cooking-baking;265;10.6;6.9;6.1;21.7;11.7;0.5;0.07
sainsburys-lighter-mature-cheddar-270g;Sainsbury's Lighter Mature Cheddar 270g;£2.15/unit;£7.96/kg;cheddar-british-regional-cheese;324;27.7;3.0;0.5;22.3;14.6;0.5;1.58
sainsburys-lighter-mature-cheddar-270g;Sainsbury's Lighter Mature Cheddar 270g;£2.15/unit;£7.96/kg;cottage-cheese---healthier-choice;324;27.7;3.0;0.5;22.3;14.6;0.5;1.58
sainsburys-lighter-mature-cheddar-400g;Sainsbury's Lighter Mature Cheddar 400g;£3.00/unit;£7.50/kg;cheddar-british-regional-cheese;325;28.3;2.1;0.1;22.6;14.4;0.0;1.70
sainsburys-lighter-mature-cheddar-400g;Sainsbury's Lighter Mature Cheddar 400g;£3.00/unit;£7.50/kg;cottage-cheese---healthier-choice;325;28.3;2.1;0.1;22.6;14.4;0.0;1.70
sainsburys-lighter-mature-cheese-slices-240g;Sainsbury's Lighter Mature Cheese Slices 240g;£2.00/unit;£8.33/kg;cheddar-british-regional-cheese;321;27.8;2.3;0.5;22.3;14.6;0.5;1.98
sainsburys-lighter-mature-cheese-slices-240g;Sainsbury's Lighter Mature Cheese Slices 240g;£2.00/unit;£8.33/kg;cottage-cheese---healthier-choice;321;27.8;2.3;0.5;22.3;14.6;0.5;1.98
sainsburys-lighter-mature-cheese-slices-240g;Sainsbury's Lighter Mature Cheese Slices 240g;£2.00/unit;£8.33/kg;sliced-grated-cheese;321;27.8;2.3;0.5;22.3;14.6;0.5;1.98
sainsburys-lighter-mature-grated-250g;Sainsbury's Lighter Mature Grated 250g;£2.00/unit;£8.00/kg;cheddar-british-regional-cheese;321;27.2;3.8;0.5;21.9;14.3;0.5;1.93
sainsburys-lighter-mature-grated-250g;Sainsbury's Lighter Mature Grated 250g;£2.00/unit;£8.00/kg;cottage-cheese---healthier-choice;321;27.2;3.8;0.5;21.9;14.3;0.5;1.93
sainsburys-lighter-mature-grated-250g;Sainsbury's Lighter Mature Grated 250g;£2.00/unit;£8.00/kg;sliced-grated-cheese;321;27.2;3.8;0.5;21.9;14.3;0.5;1.93
sainsburys-lighter-medium-cheddar-400g;Sainsbury's Lighter Medium Cheddar 400g;£3.00/unit;£7.50/kg;cheddar-british-regional-cheese;321;27.8;2.3;0.5;22.3;14.6;0.5;1.98
sainsburys-lighter-medium-cheddar-400g;Sainsbury's Lighter Medium Cheddar 400g;£3.00/unit;£7.50/kg;cottage-cheese---healthier-choice;321;27.8;2.3;0.5;22.3;14.6;0.5;1.98
sainsburys-lighter-mild-cheddar-400g;Sainsbury's Lighter Mild Cheddar 400g;£3.00/unit;£7.50/kg;cheddar-british-regional-cheese;321;27.8;2.3;0.5;22.3;14.6;0.5;1.98
sainsburys-lighter-mild-cheddar-400g;Sainsbury's Lighter Mild Cheddar 400g;£3.00/unit;£7.50/kg;cottage-cheese---healthier-choice;321;27.8;2.3;0.5;22.3;14.6;0.5;1.98
sainsburys-lightly-dusted-basa-fillets-x2-265g;Sainsbury's Lightly Dusted Basa Fillets x2 265g;£2.50/unit;£9.43/kg;frozen-fish-seafood;194;14.9;10.9;0.5;9.9;1.4;0.8;0.82
sainsburys-lightly-dusted-cod-fillets-x2-265g;Sainsbury's Lightly Dusted Cod Fillets x2 265g;£3.00/unit;£11.32/kg;fishcakes-breaded-fish;229;14.8;18.8;0.5;10.4;0.8;0.5;0.67
sainsburys-lightly-dusted-haddock-x2-265g;Sainsbury's Lightly Dusted Haddock x2 265g;£3.00/unit;£11.32/kg;breaded-coated-fish-seafood;192;16.8;9.7;0.5;9.3;0.7;1.2;0.80
sainsburys-lightly-dusted-haddock-x2-265g;Sainsbury's Lightly Dusted Haddock x2 265g;£3.00/unit;£11.32/kg;fishcakes-breaded-fish;192;16.8;9.7;0.5;9.3;0.7;1.2;0.80
sainsburys-lightly-dusted-haddock-x2-265g;Sainsbury's Lightly Dusted Haddock x2 265g;£3.00/unit;£11.32/kg;fuss-free-fish-135654-44;192;16.8;9.7;0.5;9.3;0.7;1.2;0.80
sainsburys-lightly-dusted-lemon-sole-x2-265g;Sainsbury's Lightly Dusted Lemon Sole x2 265g;£3.75/unit;£14.15/kg;breaded-coated-fish-seafood;192;16.5;14.3;0.5;7.4;0.8;1.2;0.75
sainsburys-lightly-dusted-lemon-sole-x2-265g;Sainsbury's Lightly Dusted Lemon Sole x2 265g;£3.75/unit;£14.15/kg;fishcakes-breaded-fish;192;16.5;14.3;0.5;7.4;0.8;1.2;0.75
sainsburys-lightly-dusted-lemon-sole-x2-265g;Sainsbury's Lightly Dusted Lemon Sole x2 265g;£3.75/unit;£14.15/kg;fuss-free-fish-135654-44;192;16.5;14.3;0.5;7.4;0.8;1.2;0.75
sainsburys-lightly-dusted-lemon-sole-x2-265g;Sainsbury's Lightly Dusted Lemon Sole x2 265g;£3.75/unit;£14.15/kg;great-prices-on-meat---fish;192;16.5;14.3;0.5;7.4;0.8;1.2;0.75
sainsburys-lightly-dusted-mini-chicken-fillets-305g;Sainsbury's Lightly Dusted Mini Chicken Fillets 305g;£3.00/unit;£9.84/kg;breaded-coated-chicken-turkey-pork;189;21.5;7.4;0.7;7.9;0.7;1.0;0.53
sainsburys-lightly-dusted-mini-chicken-fillets-305g;Sainsbury's Lightly Dusted Mini Chicken Fillets 305g;£3.00/unit;£9.84/kg;chicken;189;21.5;7.4;0.7;7.9;0.7;1.0;0.53
sainsburys-lightly-dusted-river-cobbler-260g;Sainsbury's Lightly Dusted Basa Fillet 260g;£2.50/unit;£8.06/kg;breaded-coated-fish-seafood;170;14.7;10.8;0.6;7.3;1.2;1.0;0.91
sainsburys-lightly-dusted-river-cobbler-260g;Sainsbury's Lightly Dusted Basa Fillet 260g;£2.50/unit;£8.06/kg;cooked-fish-seafood;170;14.7;10.8;0.6;7.3;1.2;1.0;0.91
sainsburys-lightly-dusted-river-cobbler-260g;Sainsbury's Lightly Dusted Basa Fillet 260g;£2.50/unit;£8.06/kg;fishcakes-breaded-fish;170;14.7;10.8;0.6;7.3;1.2;1.0;0.91
sainsburys-lightly-dusted-yellowfin-sole-fillets-x2-265g;Sainsbury's Lightly Dusted Yellowfin Sole Fillets x2 265g;£2.50/unit;£9.43/kg;frozen-fish-seafood;200;12.8;14.6;1.5;9.7;0.7;1.5;0.69
sainsburys-lightly-fruited-cake;Sainsbury's Lightly Fruited Cake;£2.00/unit;£0.66/100g;sponge-slab-loaf-cakes;386;4.8;57;38;15;7.1;2.1;0.43
sainsburys-lightly-roasted-garlic-90g;Sainsbury's Roasted Garlic Paste 90g;£1.20/unit;£1.20/100g;herbs-spices-seasoning;207;8.3;38.8;33.2;0.3;0.1;8.1;0.11
sainsburys-lightly-spiced-chips-900g;Sainsbury's Lightly Spiced Chips 900g;£1.00/unit;£1.11/kg;chips-potatoes;240;4.1;38.7;0.6;6.4;0.6;5.6;0.75
sainsburys-lightly-spiced-wedges-900g;Sainsbury's Lightly Spiced Wedges 900g;£1.00/unit;£1.11/kg;chips-potatoes;138;2.7;22.4;0.5;3.2;0.3;4.5;0.37
sainsburys-lime-curd-411g;Sainsbury's Lime Curd 411g;£0.60/unit;£0.15/100g;curds;1252296;0.9;62.4;52.8;4.6;1.7;0.7;0.25
sainsburys-limes-%28each%29;Sainsbury's Limes (each);£0.33/unit;£0.33/ea;citrus-fruit;9;0.7;0.8;0.8;0.5;0.1;0.5;0.01
sainsburys-limes-%28each%29;Sainsbury's Limes (each);£0.33/unit;£0.33/ea;cocktail-ingredients;9;0.7;0.8;0.8;0.5;0.1;0.5;0.01
sainsburys-limes-pack-x5;Sainsbury's Limes x5;£1.50/unit;£0.30/ea;citrus-fruit;9;0.7;0.8;0.8;0.5;0.1;0.5;0.01
sainsburys-limes-pack-x5;Sainsbury's Limes x5;£1.50/unit;£0.30/ea;cocktail-ingredients;9;0.7;0.8;0.8;0.5;0.1;0.5;0.01
sainsburys-limited-edition-soup-600g;Sainsbury's Ltd Edition Soup (Flavour may vary) 600g;£1.40/unit;£0.23/100g;fresh-soups;61;1.9;6.9;1.4;2.8;1.7;-1;0.43
sainsburys-limoncello-desserts-2x95g;Sainsbury's Limoncello Desserts 2x95g;£1.50/unit;£0.79/100g;desserts;257;3.6;37.5;23.8;9.0;6.7;1.2;0.15
sainsburys-lincolnshire-pork-sausages--taste-the-difference-x6-400g;Sainsbury's Lincolnshire Pork Sausages, Taste the Difference x6 400g;£2.80/unit;£7.00/kg;organic-taste-the-difference;242;18.9;2.6;0.5;17.2;6.2;0.9;1.45
sainsburys-lincolnshire-pork-sausages--taste-the-difference-x6-400g;Sainsbury's Lincolnshire Pork Sausages, Taste the Difference x6 400g;£2.80/unit;£7.00/kg;sausages;242;18.9;2.6;0.5;17.2;6.2;0.9;1.45
sainsburys-line-caught-cod-loins-%28approx%29;Sainsbury's Cod Loins, Line Caught (approx. 300g);£9.50/kg;£9.50/kg;filleted-whole-fish;100;22.8;0.5;0.5;1.0;0.3;0.5;0.16
sainsburys-lion-cake-1kg;Sainsbury's Lion Cake 1kg;£9.00/unit;£9.00/kg;celebration-cakes;498;3.2;48;46;32;14;1.5;0.23
sainsburys-little-gem-hearts-lettuce-x4;Sainsbury's Little Gem Lettuce Hearts x4;£1.50/unit;£1.50/ea;lettuce;14;1.2;1.3;1.3;0.5;0.1;1.3;0.02
sainsburys-little-gem-lettuce--so-organic;Sainsbury's Little Gem Lettuce, SO Organic x2;£1.50/unit;£0.75/ea;fruit-vegetables-organic-taste-the-difference;14;1.2;1.3;1.3;0.5;0.1;1.3;0.02
sainsburys-little-gem-lettuce--so-organic;Sainsbury's Little Gem Lettuce, SO Organic x2;£1.50/unit;£0.75/ea;lettuce;14;1.2;1.3;1.3;0.5;0.1;1.3;0.02
sainsburys-little-gem-lettuce-x2;Sainsbury's Little Gem Lettuce x2;£0.80/unit;£0.80/ea;lettuce;15;0.8;1.7;1.7;0.5;0.1;0.9;
sainsburys-liver---bacon-dinner-400g;Sainsbury's Liver & Bacon Dinner 400g;£1.75/unit;£4.38/kg;frozen-ready-meals;115;8.1;9.7;2.3;4.4;2.0;2.1;0.60
sainsburys-liver---mash--basics-300g;Sainsbury's Liver & Mash, Basics 300g;£0.80/unit;£2.67/kg;british-ready-meals;83;5.3;9.0;1.8;2.5;1.2;1.7;0.45
sainsburys-liver---mash--basics-300g;Sainsbury's Liver & Mash, Basics 300g;£0.80/unit;£2.67/kg;meals-for-1-ready-meals;83;5.3;9.0;1.8;2.5;1.2;1.7;0.45
sainsburys-living-basil-pot;Sainsbury's Fresh Living Large Basil Pot;£2.00/unit;£2.00/ea;asian-ingredients;33;2.5;4.3;0.3;0.6;-1;-1;-1
sainsburys-living-basil-pot;Sainsbury's Fresh Living Large Basil Pot;£2.00/unit;£2.00/ea;chillies-herbs-ingredients;33;2.5;4.3;0.3;0.6;-1;-1;-1
sainsburys-living-basil-pot;Sainsbury's Fresh Living Large Basil Pot;£2.00/unit;£2.00/ea;fresh-pot-herbs;33;2.5;4.3;0.3;0.6;-1;-1;-1
sainsburys-living-basil-pot;Sainsbury's Fresh Living Large Basil Pot;£2.00/unit;£2.00/ea;mediterranean-ingredients;33;2.5;4.3;0.3;0.6;-1;-1;-1
sainsburys-living-coriander-large-pot;Sainsbury's Fresh Living Coriander Large Pot;£2.00/unit;£2.00/ea;asian-ingredients;33;2.1;3.7;-1;0.5;-1;-1;-1
sainsburys-living-coriander-large-pot;Sainsbury's Fresh Living Coriander Large Pot;£2.00/unit;£2.00/ea;chillies-herbs-ingredients;33;2.1;3.7;-1;0.5;-1;-1;-1
sainsburys-living-coriander-large-pot;Sainsbury's Fresh Living Coriander Large Pot;£2.00/unit;£2.00/ea;fresh-pot-herbs;33;2.1;3.7;-1;0.5;-1;-1;-1
sainsburys-living-coriander-large-pot;Sainsbury's Fresh Living Coriander Large Pot;£2.00/unit;£2.00/ea;indian-ingredients;33;2.1;3.7;-1;0.5;-1;-1;-1
sainsburys-living-coriander-large-pot;Sainsbury's Fresh Living Coriander Large Pot;£2.00/unit;£2.00/ea;mediterranean-ingredients;33;2.1;3.7;-1;0.5;-1;-1;-1
sainsburys-living-rosemary;Sainsbury's Fresh Living Rosemary;£1.50/unit;£1.50/ea;chillies-herbs-ingredients;201;3.3;20.7;-1;5.9;-1;-1;-1
sainsburys-living-rosemary;Sainsbury's Fresh Living Rosemary;£1.50/unit;£1.50/ea;fresh-pot-herbs;201;3.3;20.7;-1;5.9;-1;-1;-1
sainsburys-living-rosemary;Sainsbury's Fresh Living Rosemary;£1.50/unit;£1.50/ea;mediterranean-ingredients;201;3.3;20.7;-1;5.9;-1;-1;-1
sainsburys-living-salads;Sainsbury's Living Salads;£1.00/unit;£1.00/ea;lettuce;14;1.2;1.3;1.3;0.5;0.1;1.3;0.02
sainsburys-loch-trout-fillets-220g;Sainsbury's Loch Trout Fillets 220g;£3.30/unit;£15.00/kg;filleted-whole-fish;206;24.2;0.5;0.5;12.0;2.1;0.5;0.15
sainsburys-loch-trout-fillets-220g;Sainsbury's Loch Trout Fillets 220g;£3.30/unit;£15.00/kg;great-prices-on-meat---fish;206;24.2;0.5;0.5;12.0;2.1;0.5;0.15
sainsburys-lollies--basics-280ml;Sainsbury's Lollies, Basics 280ml;£0.65/unit;£0.23/100ml;lollies-bars-cones;60;0.8;13.6;11.2;0.5;0.1;0.5;0.05
sainsburys-london-porter--taste-the-difference;Sainsbury's London Porter, Taste the Difference 500ml;£1.90/unit;£3.80/ltr;ale-stout;-1;-1;-1;-1;-1;-1;-1;-1
sainsburys-long-life-british-skimmed-milk-500ml;Sainsbury's Long Life British Skimmed Milk 500ml;£0.50/unit;£1.00/ltr;longer-life-milk;33;3.5;4.5;4.5;0.5;0.1;0.5;0.11
sainsburys-long-life-semi-skimmed-milk-500ml;Sainsbury's Long Life Semi Skimmed Milk 500ml;£0.50/unit;£1.00/ltr;longer-life-milk;47;3.5;4.6;4.6;1.6;1.0;0.5;0.11
sainsburys-long-life-skimmed-milk--basics-1l;Sainsbury's Long Life Skimmed Milk, Basics 1L;£0.65/unit;£0.65/ltr;longer-life-milk;33;3.5;4.5;4.5;0.5;0.1;-1;0.11
sainsburys-long-life-soya-milk--unsweetened-1l;Sainsbury's Soya Milk Alternative to Dairy Unsweetened 1L;£0.85/unit;£0.85/ltr;dairy-alternatives;33;3.4;0.5;0.5;1.9;0.3;0.6;0.09
sainsburys-long-life-soya-milk--unsweetened-1l;Sainsbury's Soya Milk Alternative to Dairy Unsweetened 1L;£0.85/unit;£0.85/ltr;longer-life-milk;33;3.4;0.5;0.5;1.9;0.3;0.6;0.09
sainsburys-long-life-soya-milk--unsweetened-1l;Sainsbury's Soya Milk Alternative to Dairy Unsweetened 1L;£0.85/unit;£0.85/ltr;soya---dietary-needs;33;3.4;0.5;0.5;1.9;0.3;0.6;0.09
sainsburys-long-life-sweetened-soya-milk--alternative-to-dairy-milk-1l;Sainsbury's Soya Milk Alternative to Dairy 1L;£0.85/unit;£0.85/ltr;dairy-alternatives;42;3.4;2.6;2.4;1.9;0.3;0.6;0.22
sainsburys-long-life-sweetened-soya-milk--alternative-to-dairy-milk-1l;Sainsbury's Soya Milk Alternative to Dairy 1L;£0.85/unit;£0.85/ltr;longer-life-milk;42;3.4;2.6;2.4;1.9;0.3;0.6;0.22
sainsburys-long-life-sweetened-soya-milk--alternative-to-dairy-milk-1l;Sainsbury's Soya Milk Alternative to Dairy 1L;£0.85/unit;£0.85/ltr;soya---dietary-needs;42;3.4;2.6;2.4;1.9;0.3;0.6;0.22
sainsburys-long-life-sweetened-soya-milk-alternative--basics-1l;Sainsbury's Soya Milk Alternative to Dairy Sweetened, Basics 1L;£0.65/unit;£0.65/ltr;dairy-alternatives;39;2.9;2.7;2.7;1.7;0.3;0.5;0.22
sainsburys-long-life-sweetened-soya-milk-alternative--basics-1l;Sainsbury's Soya Milk Alternative to Dairy Sweetened, Basics 1L;£0.65/unit;£0.65/ltr;longer-life-milk;39;2.9;2.7;2.7;1.7;0.3;0.5;0.22
sainsburys-long-life-sweetened-soya-milk-alternative--basics-1l;Sainsbury's Soya Milk Alternative to Dairy Sweetened, Basics 1L;£0.65/unit;£0.65/ltr;soya---dietary-needs;39;2.9;2.7;2.7;1.7;0.3;0.5;0.22
sainsburys-long-life-uht-unsweetened-soya-milk--basics-1l;Sainsbury's Soya Milk Alternative to Dairy, Basics 1L;£0.65/unit;£0.65/ltr;dairy-alternatives;30;2.8;0.7;0.5;1.7;0.3;0.5;0.14
sainsburys-long-life-uht-unsweetened-soya-milk--basics-1l;Sainsbury's Soya Milk Alternative to Dairy, Basics 1L;£0.65/unit;£0.65/ltr;longer-life-milk;30;2.8;0.7;0.5;1.7;0.3;0.5;0.14
sainsburys-long-life-uht-unsweetened-soya-milk--basics-1l;Sainsbury's Soya Milk Alternative to Dairy, Basics 1L;£0.65/unit;£0.65/ltr;soya---dietary-needs;30;2.8;0.7;0.5;1.7;0.3;0.5;0.14
sainsburys-long-life-whole-milk-500ml;Sainsbury's Long Life Whole Milk 500ml;£0.50/unit;£1.00/ltr;longer-life-milk;64;3.4;4.6;4.6;3.6;2.3;0.5;0.11
sainsburys-loose-fairtrade-bananas;Sainsbury's Loose Fairtrade Bananas;£0.68/kg;£0.68/kg;bananas-grapes;103;1.2;23;21;0.5;0.1;1.1;0.5
sainsburys-loose-fairtrade-bananas;Sainsbury's Loose Fairtrade Bananas;£0.68/kg;£0.68/kg;fruit-veg-fairtrade;103;1.2;23;21;0.5;0.1;1.1;0.5
sainsburys-love-soya--alternative-to-dairy-milk-1l;Sainsbury's Fresh Sweetened Soya Milk Alternative 1L;£1.15/unit;£1.15/ltr;dairy-alternatives;43;3.3;2.7;2.6;1.9;0.3;0.5;0.13
sainsburys-love-soya--alternative-to-dairy-milk-1l;Sainsbury's Fresh Sweetened Soya Milk Alternative 1L;£1.15/unit;£1.15/ltr;drinks-fresh-milk;43;3.3;2.7;2.6;1.9;0.3;0.5;0.13
sainsburys-love-soya--alternative-to-dairy-milk-1l;Sainsbury's Fresh Sweetened Soya Milk Alternative 1L;£1.15/unit;£1.15/ltr;soya---dietary-needs;43;3.3;2.7;2.6;1.9;0.3;0.5;0.13
sainsburys-love-vegetable-2-mushroom---spinach-meat-free-burger-180g;Sainsbury's Love Vegetable Mushroom & Spinach Meat Free Burger x2 180g;£2.30/unit;£12.78/kg;healthier-choice-ready-meals;254;5.2;22.7;2.0;14.6;1.4;5.6;0.63
sainsburys-love-vegetable-2-mushroom---spinach-meat-free-burger-180g;Sainsbury's Love Vegetable Mushroom & Spinach Meat Free Burger x2 180g;£2.30/unit;£12.78/kg;potato-vegetable-side-dishes;254;5.2;22.7;2.0;14.6;1.4;5.6;0.63
sainsburys-love-vegetable-2-mushroom---spinach-meat-free-burger-180g;Sainsbury's Love Vegetable Mushroom & Spinach Meat Free Burger x2 180g;£2.30/unit;£12.78/kg;vegetarian-ready-meals;254;5.2;22.7;2.0;14.6;1.4;5.6;0.63
sainsburys-love-vegetable-borlotti-bean-bites-240g;Sainsbury's Vegetarian Melting Middle Borlotti Bean Bites x8 240g;£2.30/unit;£9.58/kg;deli-meat-alternatives;238;7.6;22.1;2.3;12.0;2.9;5.5;1.50
sainsburys-love-vegetable-borlotti-bean-bites-240g;Sainsbury's Vegetarian Melting Middle Borlotti Bean Bites x8 240g;£2.30/unit;£9.58/kg;healthier-choice-ready-meals;238;7.6;22.1;2.3;12.0;2.9;5.5;1.50
sainsburys-love-vegetable-borlotti-bean-bites-240g;Sainsbury's Vegetarian Melting Middle Borlotti Bean Bites x8 240g;£2.30/unit;£9.58/kg;mediterranean-other-cuisine-ready-meals;238;7.6;22.1;2.3;12.0;2.9;5.5;1.50
sainsburys-love-vegetable-borlotti-bean-bites-240g;Sainsbury's Vegetarian Melting Middle Borlotti Bean Bites x8 240g;£2.30/unit;£9.58/kg;olives-tapas-antipasti;238;7.6;22.1;2.3;12.0;2.9;5.5;1.50
sainsburys-love-vegetable-borlotti-bean-bites-240g;Sainsbury's Vegetarian Melting Middle Borlotti Bean Bites x8 240g;£2.30/unit;£9.58/kg;potato-vegetable-side-dishes;238;7.6;22.1;2.3;12.0;2.9;5.5;1.50
sainsburys-love-vegetable-borlotti-bean-bites-240g;Sainsbury's Vegetarian Melting Middle Borlotti Bean Bites x8 240g;£2.30/unit;£9.58/kg;vegetarian-ready-meals;238;7.6;22.1;2.3;12.0;2.9;5.5;1.50
sainsburys-love-vegetable-bubble---squeak-meat-free-sausages-x4;Sainsbury's Love Vegetable Bubble & Squeak Meat Free Sausages x4;£2.30/unit;£10.45/kg;healthier-choice-ready-meals;313;8.4;20.2;1.5;21.2;4.4;4.2;0.68
sainsburys-love-vegetable-bubble---squeak-meat-free-sausages-x4;Sainsbury's Love Vegetable Bubble & Squeak Meat Free Sausages x4;£2.30/unit;£10.45/kg;potato-vegetable-side-dishes;313;8.4;20.2;1.5;21.2;4.4;4.2;0.68
sainsburys-love-vegetable-bubble---squeak-meat-free-sausages-x4;Sainsbury's Love Vegetable Bubble & Squeak Meat Free Sausages x4;£2.30/unit;£10.45/kg;vegetarian-ready-meals;313;8.4;20.2;1.5;21.2;4.4;4.2;0.68
sainsburys-love-vegetable-moroccan-sweet-potato-croquette-240g;Sainsbury's Vegetarian Moroccan Sweet Potato Croquettes x6 240g;£2.30/unit;£9.58/kg;deli-meat-alternatives;954228;5.9;25.1;4.5;10.4;1.8;5.3;0.62
sainsburys-love-vegetable-moroccan-sweet-potato-croquette-240g;Sainsbury's Vegetarian Moroccan Sweet Potato Croquettes x6 240g;£2.30/unit;£9.58/kg;healthier-choice-ready-meals;954228;5.9;25.1;4.5;10.4;1.8;5.3;0.62
sainsburys-love-vegetable-moroccan-sweet-potato-croquette-240g;Sainsbury's Vegetarian Moroccan Sweet Potato Croquettes x6 240g;£2.30/unit;£9.58/kg;olives-tapas-antipasti;954228;5.9;25.1;4.5;10.4;1.8;5.3;0.62
sainsburys-love-vegetable-moroccan-sweet-potato-croquette-240g;Sainsbury's Vegetarian Moroccan Sweet Potato Croquettes x6 240g;£2.30/unit;£9.58/kg;potato-vegetable-side-dishes;954228;5.9;25.1;4.5;10.4;1.8;5.3;0.62
sainsburys-love-vegetable-moroccan-sweet-potato-croquette-240g;Sainsbury's Vegetarian Moroccan Sweet Potato Croquettes x6 240g;£2.30/unit;£9.58/kg;vegetarian-ready-meals;954228;5.9;25.1;4.5;10.4;1.8;5.3;0.62
sainsburys-low-alcohol-cider-500ml;Sainsbury's Low Alcohol Cider 500ml;£1.10/unit;£2.20/ltr;cider;-1;-1;-1;-1;-1;-1;-1;-1
sainsburys-low-alcohol-cider-500ml;Sainsbury's Low Alcohol Cider 500ml;£1.10/unit;£2.20/ltr;low-alcohol-beer-cider;-1;-1;-1;-1;-1;-1;-1;-1
sainsburys-low-alcohol-czech-lager-500ml;Sainsbury's Low Alcohol Czech Lager 500ml;£1.20/unit;£2.40/ltr;lager;3;-1;-1;-1;-1;-1;-1;-1
sainsburys-low-alcohol-czech-lager-500ml;Sainsbury's Low Alcohol Czech Lager 500ml;£1.20/unit;£2.40/ltr;low-alcohol-beer-cider;3;-1;-1;-1;-1;-1;-1;-1
sainsburys-low-calorie-instant-fairtrade-hot-chocolate-250g;Sainsbury's Low Calorie Instant Fairtrade Hot Chocolate 250g;£1.60/unit;£0.64/100g;hot-chocolate-milky-drinks;19;0.7;2.6;1.7;0.5;0.3;0.9;0.15
sainsburys-low-fat-custard--ready-to-serve-500g;Sainsbury's Ready To Eat Lighter Custard 500g;£0.70/unit;£0.14/100g;custard;90;2.7;16.4;11.8;1.5;0.8;0;0.15
sainsburys-low-fat-natural-yogurt--basics-500g;Sainsbury's Low Fat Natural Yogurt, Basics 500g;£0.50/unit;£0.10/100g;big-pots-pouring-yogurts;61;4.9;7.0;7.0;1.5;0.9;0.5;0.20
sainsburys-low-fat-natural-yogurt--basics-500g;Sainsbury's Low Fat Natural Yogurt, Basics 500g;£0.50/unit;£0.10/100g;diet-low-fat-yogurts;61;4.9;7.0;7.0;1.5;0.9;0.5;0.20
sainsburys-low-fat-natural-yogurt--basics-500g;Sainsbury's Low Fat Natural Yogurt, Basics 500g;£0.50/unit;£0.10/100g;natural-greek-yogurts;61;4.9;7.0;7.0;1.5;0.9;0.5;0.20
sainsburys-low-fat-natural-yogurt--so-organic-150g;Sainsbury's Low Fat Natural Yogurt, SO Organic 150g;£0.50/unit;£0.33/100g;big-pots-pouring-yogurts;59;5.2;6.5;6.5;1.3;0.8;0.5;0.20
sainsburys-low-fat-natural-yogurt--so-organic-150g;Sainsbury's Low Fat Natural Yogurt, SO Organic 150g;£0.50/unit;£0.33/100g;diet-low-fat-yogurts;59;5.2;6.5;6.5;1.3;0.8;0.5;0.20
sainsburys-low-fat-natural-yogurt--so-organic-150g;Sainsbury's Low Fat Natural Yogurt, SO Organic 150g;£0.50/unit;£0.33/100g;natural-greek-yogurts;59;5.2;6.5;6.5;1.3;0.8;0.5;0.20
sainsburys-low-fat-natural-yogurt--so-organic-500g;Sainsbury's Low Fat Natural Yogurt, SO Organic 500g;£1.20/unit;£0.24/100g;big-pots-pouring-yogurts;59;5.2;6.5;6.5;1.3;0.8;0.5;0.20
sainsburys-low-fat-natural-yogurt--so-organic-500g;Sainsbury's Low Fat Natural Yogurt, SO Organic 500g;£1.20/unit;£0.24/100g;diet-low-fat-yogurts;59;5.2;6.5;6.5;1.3;0.8;0.5;0.20
sainsburys-low-fat-natural-yogurt--so-organic-500g;Sainsbury's Low Fat Natural Yogurt, SO Organic 500g;£1.20/unit;£0.24/100g;natural-greek-yogurts;59;5.2;6.5;6.5;1.3;0.8;0.5;0.20
sainsburys-low-fat-natural-yogurt-1kg;Sainsbury's Low Fat Natural Yogurt 1kg;£2.00/unit;£0.20/100g;big-pots-pouring-yogurts;62;5.6;7.1;7.1;1.2;0.8;0.5;0.15
sainsburys-low-fat-natural-yogurt-1kg;Sainsbury's Low Fat Natural Yogurt 1kg;£2.00/unit;£0.20/100g;diet-low-fat-yogurts;62;5.6;7.1;7.1;1.2;0.8;0.5;0.15
sainsburys-low-fat-natural-yogurt-1kg;Sainsbury's Low Fat Natural Yogurt 1kg;£2.00/unit;£0.20/100g;natural-greek-yogurts;62;5.6;7.1;7.1;1.2;0.8;0.5;0.15
sainsburys-low-fat-natural-yogurt-500g;Sainsbury's Low Fat Natural Yogurt 500g;£1.20/unit;£0.24/100g;big-pots-pouring-yogurts;62;5.6;7.1;7.1;1.2;0.8;0.5;0.15
sainsburys-low-fat-natural-yogurt-500g;Sainsbury's Low Fat Natural Yogurt 500g;£1.20/unit;£0.24/100g;diet-low-fat-yogurts;62;5.6;7.1;7.1;1.2;0.8;0.5;0.15
sainsburys-low-fat-natural-yogurt-500g;Sainsbury's Low Fat Natural Yogurt 500g;£1.20/unit;£0.24/100g;natural-greek-yogurts;62;5.6;7.1;7.1;1.2;0.8;0.5;0.15
sainsburys-lumaconi-pasta--taste-the-difference-250g;Sainsbury's Lumaconi Pasta, Taste the Difference 250g;£1.50/unit;£6.00/kg;fresh-pasta-sauces;228;7.6;42.4;0.8;2.5;0.6;2.7;0.04
sainsburys-lumaconi-pasta--taste-the-difference-250g;Sainsbury's Lumaconi Pasta, Taste the Difference 250g;£1.50/unit;£6.00/kg;vegetarian-meat-free-pizza-pasta;228;7.6;42.4;0.8;2.5;0.6;2.7;0.04
sainsburys-luxury-fish-pie--taste-the-difference-400g-6288597-p-44;Sainsbury's Luxury Fish Pie, Taste the Difference 400g;£3.30/unit;£8.25/kg;british-ready-meals;116;8.5;10.3;0.6;4.3;2.4;0.8;0.58
sainsburys-luxury-fish-pie--taste-the-difference-400g-6288597-p-44;Sainsbury's Luxury Fish Pie, Taste the Difference 400g;£3.30/unit;£8.25/kg;meals-for-1-ready-meals;116;8.5;10.3;0.6;4.3;2.4;0.8;0.58
sainsburys-luxury-fish-pie--taste-the-difference-400g-6288597-p-44;Sainsbury's Luxury Fish Pie, Taste the Difference 400g;£3.30/unit;£8.25/kg;taste-the-difference-bistro-ready-meals;116;8.5;10.3;0.6;4.3;2.4;0.8;0.58
sainsburys-luxury-shepherds-pie--taste-the-difference-400g;Sainsbury's Luxury Shepherds Pie, Taste the Difference 400g;£3.30/unit;£8.25/kg;british-ready-meals;119;5.2;12.1;2.4;5.0;2.6;2.3;0.44
sainsburys-luxury-shepherds-pie--taste-the-difference-400g;Sainsbury's Luxury Shepherds Pie, Taste the Difference 400g;£3.30/unit;£8.25/kg;meals-for-1-ready-meals;119;5.2;12.1;2.4;5.0;2.6;2.3;0.44
sainsburys-luxury-shepherds-pie--taste-the-difference-400g;Sainsbury's Luxury Shepherds Pie, Taste the Difference 400g;£3.30/unit;£8.25/kg;taste-the-difference-bistro-ready-meals;119;5.2;12.1;2.4;5.0;2.6;2.3;0.44
sainsburys-maasdam-slices-250g;Sainsbury's Maasdam Slices 250g;£2.00/unit;£8.00/kg;sliced-grated-cheese;347;26.0;0.5;0.5;27.0;19.2;0.5;1.35
sainsburys-macaroni-cheese--basics-300g;Sainsbury's Macaroni Cheese, Basics 300g;£0.80/unit;£2.67/kg;italian-ready-meals;143;5.3;16.7;1.0;5.8;2.8;1.4;0.58
sainsburys-macaroni-cheese--basics-300g;Sainsbury's Macaroni Cheese, Basics 300g;£0.80/unit;£2.67/kg;meals-for-1-ready-meals;143;5.3;16.7;1.0;5.8;2.8;1.4;0.58
sainsburys-macaroni-cheese--basics-300g;Sainsbury's Macaroni Cheese, Basics 300g;£0.80/unit;£2.67/kg;vegetarian-meat-free-ready-meals;143;5.3;16.7;1.0;5.8;2.8;1.4;0.58
sainsburys-macaroni-cheese--basics-400g;Sainsbury's Macaroni Cheese, Basics 400g;£1.00/unit;£2.50/kg;frozen-ready-meals;146;5.1;22.8;1.5;3.6;2.0;1.0;0.60
sainsburys-macaroni-cheese-430g;Sainsbury's Macaroni Cheese 430g;£2.30/unit;£5.35/kg;italian-ready-meals;142;6.0;15.4;1.4;5.5;3.3;3.7;0.43
sainsburys-macaroni-cheese-430g;Sainsbury's Macaroni Cheese 430g;£2.30/unit;£5.35/kg;meals-for-1-ready-meals;142;6.0;15.4;1.4;5.5;3.3;3.7;0.43
sainsburys-macaroni-cheese-800g;Sainsbury's Macaroni Cheese 800g;£3.50/unit;£4.38/kg;italian-ready-meals;142;6.0;15.4;1.4;5.5;3.3;3.7;0.43
sainsburys-macaroni-cheese-800g;Sainsbury's Macaroni Cheese 800g;£3.50/unit;£4.38/kg;vegetarian-meat-free-ready-meals;142;6.0;15.4;1.4;5.5;3.3;3.7;0.43
sainsburys-mackerel-fillets-%28approx-400g%29;Sainsbury's Mackerel Fillets (approx. 400g);£9.50/kg;£9.50/kg;filleted-whole-fish;239;20.8;0.1;0.0;17.3;3.5;-1;-1
sainsburys-mackerel-p%C3%A2t%C3%A9-115g;Sainsbury's Mackerel Pâté 115g;£1.20/unit;£1.04/100g;canapes-snacking;309;14.9;9.9;2.3;23.2;6.6;0.5;1.53
sainsburys-mackerel-p%C3%A2t%C3%A9-115g;Sainsbury's Mackerel Pâté 115g;£1.20/unit;£1.04/100g;mfp-pate;309;14.9;9.9;2.3;23.2;6.6;0.5;1.53
sainsburys-mackerel-p%C3%A2t%C3%A9-115g;Sainsbury's Mackerel Pâté 115g;£1.20/unit;£1.04/100g;pate;309;14.9;9.9;2.3;23.2;6.6;0.5;1.53
sainsburys-madagascan-vanilla-cream--taste-the-difference-250ml;Sainsbury's Madagascan Vanilla Cream, Taste the Difference 250ml;£1.40/unit;£0.56/100ml;fresh-cream-custard;455;1.4;6.9;6.9;46.8;31.1;0.5;0.04
sainsburys-madagascan-vanilla-west-country-yogurt--taste-the-difference-150g;Sainsbury's West Country Madagascan Vanilla Yogurt, Taste the Difference 150g;£0.75/unit;£0.50/100g;luxury-yogurts;150;3.4;14.9;14.9;8.4;5.3;0.5;0.13
sainsburys-madeira-375cl;Sainsbury's Madeira 37.5cl;£7.00/unit;£14.00/75cl;sherry-port-fortified-wine;123;0.0;0.0;-1;0.0;0.0;-1;-1
sainsburys-madeira-375cl;Sainsbury's Madeira 37.5cl;£7.00/unit;£14.00/75cl;spirits-sherry-port-fortified-wine;123;0.0;0.0;-1;0.0;0.0;-1;-1
sainsburys-madeira-cake--basics;Sainsbury's Madeira Cake, Basics 265g;£0.85/unit;£0.32/100g;sponge-slab-loaf-cakes;367;4.5;56.0;30.8;13.6;5.9;1.2;0.60
sainsburys-madeira-cake;Sainsbury's Madeira Cake 285g;£1.00/unit;£1.00/ea;sponge-slab-loaf-cakes;379;5.1;55;30;15;9.2;1.1;0.48
sainsburys-madeira-party-cake-%28-serves-12-%29;Sainsbury's Madeira Party Cake (Serves 12);£6.00/unit;£6.67/kg;celebration-cakes;427;4.1;56.8;39.3;20.2;4.1;1.1;0.54
sainsburys-malay-chicken-curry---rice-380g;Sainsbury's Malay Chicken Curry & Rice 380g;£3.60/unit;£9.47/kg;meals-for-1-ready-meals;131;6.9;10.6;2.2;6.0;1.4;3.7;0.55
sainsburys-malay-chicken-curry---rice-380g;Sainsbury's Malay Chicken Curry & Rice 380g;£3.60/unit;£9.47/kg;oriental-ready-meals;131;6.9;10.6;2.2;6.0;1.4;3.7;0.55
sainsburys-malt-vinegar-11l;Sainsbury's Malt Vinegar 1.1L;£0.90/unit;£0.82/ltr;vinegar;20;0.5;0.5;0.5;0.5;0.1;0.5;0.01
sainsburys-malt-vinegar-284ml;Sainsbury's Malt Vinegar 284ml;£0.40/unit;£1.41/ltr;vinegar;20;0.5;0.5;0.5;0.5;0.1;0.5;0.05
sainsburys-malt-vinegar-568ml;Sainsbury's Malt Vinegar 568ml;£0.50/unit;£0.88/ltr;vinegar;20;0.5;0.5;0.5;0.5;0.1;0.5;0.05
sainsburys-mandarin-cheesecake-510g-%28serves-6%29;Sainsbury's Mandarin Cheesecake 510g (serves 6);£2.00/unit;£0.39/100g;frozen-cold-desserts;278;3.5;35.4;22.7;13.2;6.7;1.7;0.28
sainsburys-mandarin-jelly-150g;Sainsbury's Mandarin Jelly 150g;£1.10/unit;£0.73/100g;desserts;91;0.5;21.3;20.3;0.5;0.1;0.5;0.31
sainsburys-mandarin-orange-segments-in-jelly-120g;Sainsbury's Mandarin Orange Segments In Jelly 120g;£0.40/unit;£0.33/100g;dessert-fruit;77;0.5;18.7;15.0;0.5;0.1;0.5;0.10
sainsburys-mandarin-orange-segments-in-jelly-120g;Sainsbury's Mandarin Orange Segments In Jelly 120g;£0.40/unit;£0.33/100g;jelly;77;0.5;18.7;15.0;0.5;0.1;0.5;0.10
sainsburys-mandarin-orange-segments-in-jelly-120g;Sainsbury's Mandarin Orange Segments In Jelly 120g;£0.40/unit;£0.33/100g;kids-lunchbox-fruit-desserts;77;0.5;18.7;15.0;0.5;0.1;0.5;0.10
sainsburys-mandarin-segments-in-fruit-juice-298g;Sainsbury's Mandarin Segments In Fruit Juice 298g;£0.65/unit;£3.71/kg;dessert-fruit;45;0.7;10.1;9.2;0.5;0.1;0.5;0.02
sainsburys-mango---chilli-dressing--be-good-to-yourself-180ml;Sainsbury's Mango & Chilli Dressing, Be Good To Yourself 180ml;£1.20/unit;£0.67/100ml;dressings-coleslaw-accompaniments;80;0.5;15.2;11.6;1.9;0.2;0.5;0.03
sainsburys-mango---coconut-panna-cotta--taste-the-difference-2x180g;Sainsbury's Mango & Coconut Panna Cotta, Taste the Difference 2x180g;£3.00/unit;£1.07/100g;desserts;247;2.0;18.4;15.2;18.3;13.8;0.6;0.05
sainsburys-mango---passfruit-sparkling-flavoured-water-500ml;Sainsbury's Sparkling Flavoured Water, Mango & Passionfruit 500ml;£0.40/unit;£0.08/100ml;flavoured-vitamin-water;2;0.5;0.5;0.5;0.5;0.1;0.5;0.01
sainsburys-mango---passfruit-sparkling-flavoured-water-500ml;Sainsbury's Sparkling Flavoured Water, Mango & Passionfruit 500ml;£0.40/unit;£0.08/100ml;fruit-flavoured;2;0.5;0.5;0.5;0.5;0.1;0.5;0.01
sainsburys-mango---passfruit-sparkling-flavoured-water-500ml;Sainsbury's Sparkling Flavoured Water, Mango & Passionfruit 500ml;£0.40/unit;£0.08/100ml;sparkling-water;2;0.5;0.5;0.5;0.5;0.1;0.5;0.01
sainsburys-mango---passionfruit-coulis--taste-the-difference-250g;Sainsbury's Mango & Passionfruit Coulis, Taste the Difference 250g;£2.00/unit;£0.80/100g;sauces-toppings;155;1.2;34.7;27.0;1.0;0.3;0.9;0.01
sainsburys-mango---passionfruit-sparkling-flavoured-water-1l;Sainsbury's Sparkling Flavoured Water, Mango & Passionfruit 1L;£0.60/unit;£0.06/100ml;flavoured-vitamin-water;2;0.5;0.5;0.5;0.5;0.1;0.5;0.01
sainsburys-mango---passionfruit-sparkling-flavoured-water-1l;Sainsbury's Sparkling Flavoured Water, Mango & Passionfruit 1L;£0.60/unit;£0.06/100ml;fruit-flavoured;2;0.5;0.5;0.5;0.5;0.1;0.5;0.01
sainsburys-mango---passionfruit-sparkling-flavoured-water-1l;Sainsbury's Sparkling Flavoured Water, Mango & Passionfruit 1L;£0.60/unit;£0.06/100ml;sparkling-water;2;0.5;0.5;0.5;0.5;0.1;0.5;0.01
sainsburys-mango---passionfruit-yogurt-450g;Sainsbury's Fabulously Fruity Low Fat Mango & Passionfruit Yogurt 450g;£1.00/unit;£0.22/100g;big-pots-pouring-yogurts;88;4.4;14.6;13.4;1.2;0.8;0.5;0.18
sainsburys-mango---yuzu-yogurt--taste-the-difference-150g;Sainsbury's West Country Mango & Yuzu Yogurt, Taste the Difference 150g;£0.75/unit;£0.50/100g;luxury-yogurts;144;2.8;16.9;16.1;7.1;4.9;0.5;0.08
sainsburys-mango--passion-fruit---goji-berry-smoothie-1l;Sainsbury's Mango, Passion Fruit & Goji Berry Smoothie 1L;£2.00/unit;£0.20/100ml;chilled-smoothies;57;0.6;13.0;12.1;0.5;0.1;0.7;0.01
sainsburys-mango--ripe---ready-x2;Sainsbury's Mango, Ripe & Ready x2;£2.00/unit;£1.00/ea;mango-exotic-fruit-dates-nuts;66;0.7;14.1;13.8;0.2;0.1;2.6;
sainsburys-mango--so-organic-%28each%29;Sainsbury's Mango, SO Organic (each);£1.50/unit;£1.50/ea;fruit-vegetables-organic-taste-the-difference;57;0.7;14.1;13.8;0.2;-1;-1;-1
sainsburys-mango--so-organic-%28each%29;Sainsbury's Mango, SO Organic (each);£1.50/unit;£1.50/ea;mango-exotic-fruit-dates-nuts;57;0.7;14.1;13.8;0.2;-1;-1;-1
sainsburys-mango-145g;Sainsbury's Mango 145g;£1.75/unit;£12.07/kg;mango-exotic-fruit-dates-nuts;70;0.8;15.0;13.7;0.5;0.1;1.6;0.01
sainsburys-mango-145g;Sainsbury's Mango 145g;£1.75/unit;£12.07/kg;prepared-fruit;70;0.8;15.0;13.7;0.5;0.1;1.6;0.01
sainsburys-mango-250g;Sainsbury's Mango 250g;£2.50/unit;£10.00/kg;mango-exotic-fruit-dates-nuts;70;0.8;15.0;13.7;0.5;0.1;1.6;0.01
sainsburys-mango-250g;Sainsbury's Mango 250g;£2.50/unit;£10.00/kg;prepared-fruit;70;0.8;15.0;13.7;0.5;0.1;1.6;0.01
sainsburys-mango-box-2kg;Sainsbury's Mango Box 2kg;£4.50/unit;£2.25/kg;asian-ingredients;66;0.7;14.1;13.8;0.5;0.1;2.6;0.01
sainsburys-mango-box-2kg;Sainsbury's Mango Box 2kg;£4.50/unit;£2.25/kg;indian-ingredients;66;0.7;14.1;13.8;0.5;0.1;2.6;0.01
sainsburys-mango-box-2kg;Sainsbury's Mango Box 2kg;£4.50/unit;£2.25/kg;mango-exotic-fruit-dates-nuts;66;0.7;14.1;13.8;0.5;0.1;2.6;0.01
sainsburys-mango-chunks-480g;Sainsbury's Mango Chunks 480g;£2.20/unit;£4.58/kg;desserts-fruit;66;0.7;14.1;13.8;0.5;0.1;2.6;0.01
sainsburys-mango-chunks-480g;Sainsbury's Mango Chunks 480g;£2.20/unit;£4.58/kg;frozen-fruit;66;0.7;14.1;13.8;0.5;0.1;2.6;0.01
sainsburys-mango-chutney-%28mild---fruity%29-150g;Sainsbury's Mango Chutney (mild & fruity) 150g;£1.00/unit;£0.67/100g;indian-ready-meals;271;0.5;65.5;52.6;0.7;0.2;1.0;2.42
sainsburys-mango-chutney-%28mild---fruity%29-150g;Sainsbury's Mango Chutney (mild & fruity) 150g;£1.00/unit;£0.67/100g;vegetarian-meat-free-ready-meals;271;0.5;65.5;52.6;0.7;0.2;1.0;2.42
sainsburys-mango-chutney--taste-the-difference-340g;Sainsbury's Mango Chutney, Taste the Difference 340g;£1.80/unit;£0.53/100g;chutneys-pickle-relishes;263;0.6;64.1;50.0;0.5;0.1;1.5;2.63
sainsburys-mango-chutney-340g;Sainsbury's Mango Chutney 340g;£1.25/unit;£0.37/100g;chutneys-pickle-relishes;255;0.5;61.9;50.5;0.5;0.1;1.5;2.73
sainsburys-mango-puree-425g;Sainsbury's Mango Puree 425g;£1.20/unit;£2.82/kg;dessert-fruit;75;0.7;16.7;14.8;0.1;0.1;2.0;0.25
sainsburys-mango-slices-in-syrup-425g;Sainsbury's Mango Slices In Syrup 425g;£0.80/unit;£1.88/kg;dessert-fruit;74;0.5;17.0;15.0;0.5;0.1;0.6;0.01
sainsburys-mango-sorbet-500ml;Sainsbury's Mango Sorbet 500ml;£2.50/unit;£0.50/100ml;frozen-yogurt-sorbet;133;0.5;32;30;0.5;0.1;0.5;0.03
sainsburys-manuka-15-honey-340g;Sainsbury's Manuka 15+ Honey 340g;£16.00/unit;£4.71/100g;honey;329;0.5;81.5;80.8;0.5;0.2;0.5;0.03
sainsburys-manuka-honey-10-340g;Sainsbury's Manuka Honey 10+ 340g;£12.00/unit;£3.53/100g;honey;329;0.5;81.5;80.8;0.5;0.2;0.5;0.03
sainsburys-manuka-with-runny-honey-340g;Sainsbury's Manuka With Runny Honey 340g;£6.00/unit;£1.76/100g;honey;329;0.5;81.5;80.8;0.5;0.2;0.5;0.03
sainsburys-manzanilla-olive-with-gouda---cumin-140g;Sainsbury's Manzanilla Olive With Gouda & Cumin 140g;£2.30/unit;£1.64/100g;deli-meat-alternatives;239;7.9;0.5;0.5;22.2;7.2;3.6;2.58
sainsburys-manzanilla-olive-with-gouda---cumin-140g;Sainsbury's Manzanilla Olive With Gouda & Cumin 140g;£2.30/unit;£1.64/100g;olives-tapas-antipasti;239;7.9;0.5;0.5;22.2;7.2;3.6;2.58
sainsburys-manzanilla-olive-with-lemon---coriandor-120g;Sainsbury's Manzanilla Olive With Lemon & Coriandor 120g;£1.80/unit;£1.50/100g;deli-meat-alternatives;182;1.1;1.7;1.2;18.5;3.3;2.2;3.20
sainsburys-manzanilla-olive-with-lemon---coriandor-120g;Sainsbury's Manzanilla Olive With Lemon & Coriandor 120g;£1.80/unit;£1.50/100g;olives-tapas-antipasti;182;1.1;1.7;1.2;18.5;3.3;2.2;3.20
sainsburys-manzanilla-olives-with-garlic---herb-250g;Sainsbury's Manzanilla Olives With Garlic & Herb 250g;£3.50/unit;£1.40/100g;deli-meat-alternatives;172;1.4;0.5;0.5;17.7;3.1;3.6;2.65
sainsburys-manzanilla-olives-with-garlic---herb-250g;Sainsbury's Manzanilla Olives With Garlic & Herb 250g;£3.50/unit;£1.40/100g;olives-tapas-antipasti;172;1.4;0.5;0.5;17.7;3.1;3.6;2.65
sainsburys-maple-syrup-275g;Sainsbury's Maple Syrup 275g;£4.00/unit;£1.45/100g;sauces-toppings;274;0.1;68.2;63.9;0.1;0;0.1;
sainsburys-maple-syrup-275g;Sainsbury's Maple Syrup 275g;£4.00/unit;£1.45/100g;wafers-sauces-toppings;274;0.1;68.2;63.9;0.1;0;0.1;
sainsburys-marble-loaf-cake-236g;Sainsbury's Marble Loaf Cake 236g;£1.50/unit;£0.64/100g;sponge-slab-loaf-cakes;409;6.3;51.8;35.4;19.0;1.8;3.1;0.44
sainsburys-margherita-pizza--freefrom-280g;Sainsbury's Freefrom Margherita Pizza 280g;£3.50/unit;£12.50/kg;frozen-freefrom;323;8.1;39.4;3.2;13.9;5.6;3.9;1.48
sainsburys-margherita-pizza--freefrom-280g;Sainsbury's Freefrom Margherita Pizza 280g;£3.50/unit;£12.50/kg;frozen-pizza-garlic-bread;323;8.1;39.4;3.2;13.9;5.6;3.9;1.48
sainsburys-marinated-anchovies-200g;Sainsbury's Marinated Anchovies 200g;£3.25/unit;£1.63/100g;canapes-snacking;133;21.6;0.5;0.5;4.9;0.9;1.0;3.45
sainsburys-marinated-anchovies-200g;Sainsbury's Marinated Anchovies 200g;£3.25/unit;£1.63/100g;olives-tapas-antipasti;133;21.6;0.5;0.5;4.9;0.9;1.0;3.45
sainsburys-marinated-greek-olives--taste-the-difference-200g;Sainsbury's Marinated Greek Olives, Taste the Difference 200g;£2.50/unit;£1.25/100g;olives-antipasti;107;1.1;2.9;0.5;9.5;2.4;2.5;3.25
sainsburys-marinated-herring-280g;Sainsbury's Marinated Herring 280g;£1.80/unit;£0.64/100g;canapes-snacking;192;10.7;16.8;17.4;9.0;2.0;0.5;2.97
sainsburys-marinated-herring-280g;Sainsbury's Marinated Herring 280g;£1.80/unit;£0.64/100g;cooked-fish-seafood;192;10.7;16.8;17.4;9.0;2.0;0.5;2.97
sainsburys-marinated-herring-280g;Sainsbury's Marinated Herring 280g;£1.80/unit;£0.64/100g;mfp-cooked-fish-seafood;192;10.7;16.8;17.4;9.0;2.0;0.5;2.97
sainsburys-marinated-herring-280g;Sainsbury's Marinated Herring 280g;£1.80/unit;£0.64/100g;mfp-snacking-cooked-sausage;192;10.7;16.8;17.4;9.0;2.0;0.5;2.97
sainsburys-marinated-herring-280g;Sainsbury's Marinated Herring 280g;£1.80/unit;£0.64/100g;snacking-cooked-sausage;192;10.7;16.8;17.4;9.0;2.0;0.5;2.97
sainsburys-marinated-sundried-pepper-in-olive-oil--taste-the-difference-290g;Sainsbury's Marinated Sundried Pepper in Olive Oil, Taste the Difference 290g (200g*);£3.50/unit;£1.75/100g;olives-antipasti;213;5.4;19.6;19.6;12.5;1.7;0.0;1.45
sainsburys-maris-piper-mash--taste-the-difference-450g;Sainsbury's Flair Potato Mash, Taste the Difference 450g;£2.00/unit;£4.44/kg;british-ready-meals;136;1.7;12.8;1.1;8.3;5.5;1.6;0.70
sainsburys-maris-piper-mash--taste-the-difference-450g;Sainsbury's Flair Potato Mash, Taste the Difference 450g;£2.00/unit;£4.44/kg;coleslaw--olives--salads---dips-30658-44;136;1.7;12.8;1.1;8.3;5.5;1.6;0.70
sainsburys-maris-piper-mash--taste-the-difference-450g;Sainsbury's Flair Potato Mash, Taste the Difference 450g;£2.00/unit;£4.44/kg;potato-vegetable-side-dishes;136;1.7;12.8;1.1;8.3;5.5;1.6;0.70
sainsburys-maris-piper-mash--taste-the-difference-450g;Sainsbury's Flair Potato Mash, Taste the Difference 450g;£2.00/unit;£4.44/kg;prepared-vegetables;136;1.7;12.8;1.1;8.3;5.5;1.6;0.70
sainsburys-maris-piper-mash--taste-the-difference-450g;Sainsbury's Flair Potato Mash, Taste the Difference 450g;£2.00/unit;£4.44/kg;taste-the-difference-bistro-ready-meals;136;1.7;12.8;1.1;8.3;5.5;1.6;0.70
sainsburys-maris-piper-mash--taste-the-difference-450g;Sainsbury's Flair Potato Mash, Taste the Difference 450g;£2.00/unit;£4.44/kg;vegetarian-meat-free-ready-meals;136;1.7;12.8;1.1;8.3;5.5;1.6;0.70
sainsburys-maris-piper-potatoes-25kg-1308228-p-44;Sainsbury's Maris Piper Potatoes 2.5kg;£2.00/unit;£0.80/kg;potatoes;72;1.8;15.4;0.6;0.1;0;1.2;100;
sainsburys-mascarpone-250g;Sainsbury's Mascarpone 250g;£1.60/unit;£6.40/kg;cooking-baking;412;3.6;4.9;4.6;42.0;30.4;0.0;0.13
sainsburys-mascarpone-500g;Sainsbury's Mascarpone 500g;£3.00/unit;£6.00/kg;cooking-baking;412;3.6;4.9;4.6;42.0;30.4;0.0;0.13
sainsburys-mashed-potato-400g;Sainsbury's Mashed Potato 400g;£1.00/unit;£2.50/kg;british-ready-meals;69;1.4;11.3;1.1;1.4;1.0;2.8;0.25
sainsburys-mashed-potato-400g;Sainsbury's Mashed Potato 400g;£1.00/unit;£2.50/kg;coleslaw--olives--salads---dips-30658-44;69;1.4;11.3;1.1;1.4;1.0;2.8;0.25
sainsburys-mashed-potato-400g;Sainsbury's Mashed Potato 400g;£1.00/unit;£2.50/kg;potato-vegetable-side-dishes;69;1.4;11.3;1.1;1.4;1.0;2.8;0.25
sainsburys-mashed-potato-400g;Sainsbury's Mashed Potato 400g;£1.00/unit;£2.50/kg;potatoes;69;1.4;11.3;1.1;1.4;1.0;2.8;0.25
sainsburys-mashed-potato-400g;Sainsbury's Mashed Potato 400g;£1.00/unit;£2.50/kg;prepared-vegetables;69;1.4;11.3;1.1;1.4;1.0;2.8;0.25
sainsburys-mashed-potato-400g;Sainsbury's Mashed Potato 400g;£1.00/unit;£2.50/kg;vegetarian-meat-free-ready-meals;69;1.4;11.3;1.1;1.4;1.0;2.8;0.25
sainsburys-mashed-potato-700g;Sainsbury's Mashed Potato 700g;£1.00/unit;£1.43/kg;chips-potatoes;103;2.3;15.0;1.0;3.5;2.4;1.0;0.50
sainsburys-mashing-potatoes--taste-the-difference-15kg;Sainsbury's Mashing Potatoes, Taste the Difference 1.5kg;£1.50/unit;£1.00/kg;fruit-vegetables-organic-taste-the-difference;81;1.8;17.5;0.8;0.5;0.1;1.6;100;0.01
sainsburys-mashing-potatoes--taste-the-difference-15kg;Sainsbury's Mashing Potatoes, Taste the Difference 1.5kg;£1.50/unit;£1.00/kg;potatoes;81;1.8;17.5;0.8;0.5;0.1;1.6;100;0.01
sainsburys-mature-barbers-cruncher--taste-the-difference-400g;Sainsbury's Mature Barber's Cruncher, Taste the Difference 400g;£3.50/unit;£8.75/kg;cheddar-british-regional-cheese;417;22.8;2.1;0.5;34.8;23.2;-1;1.76
sainsburys-mature-barbers-cruncher--taste-the-difference-400g;Sainsbury's Mature Barber's Cruncher, Taste the Difference 400g;£3.50/unit;£8.75/kg;cheeseboard-delights;417;22.8;2.1;0.5;34.8;23.2;-1;1.76
sainsburys-mature-barbers-cruncher--taste-the-difference-400g;Sainsbury's Mature Barber's Cruncher, Taste the Difference 400g;£3.50/unit;£8.75/kg;organic-taste-the-difference-cheese;417;22.8;2.1;0.5;34.8;23.2;-1;1.76
sainsburys-mature-cheddar--so-organic-270g;Sainsbury's Mature Cheddar, SO Organic 270g;£2.75/unit;£10.19/kg;cheddar-british-regional-cheese;410;25.0;0.5;0.5;34.4;21.7;0.5;1.80
sainsburys-mature-cheddar--so-organic-270g;Sainsbury's Mature Cheddar, SO Organic 270g;£2.75/unit;£10.19/kg;cheeseboard-delights;410;25.0;0.5;0.5;34.4;21.7;0.5;1.80
sainsburys-mature-cheddar--so-organic-270g;Sainsbury's Mature Cheddar, SO Organic 270g;£2.75/unit;£10.19/kg;organic-taste-the-difference-cheese;410;25.0;0.5;0.5;34.4;21.7;0.5;1.80
sainsburys-mature-grated-cheddar--be-good-to-yourself-250g;Sainsbury's Mature Grated White Cheese, Be Good To Yourself 250g;£2.00/unit;£8.00/kg;cheddar-british-regional-cheese;267;30.8;0.9;0.5;15.6;9.7;0.5;1.90
sainsburys-mature-grated-cheddar--be-good-to-yourself-250g;Sainsbury's Mature Grated White Cheese, Be Good To Yourself 250g;£2.00/unit;£8.00/kg;cottage-cheese---healthier-choice;267;30.8;0.9;0.5;15.6;9.7;0.5;1.90
sainsburys-mature-grated-cheddar--be-good-to-yourself-250g;Sainsbury's Mature Grated White Cheese, Be Good To Yourself 250g;£2.00/unit;£8.00/kg;sliced-grated-cheese;267;30.8;0.9;0.5;15.6;9.7;0.5;1.90
sainsburys-mature-white--be-good-to-yourself-270g;Sainsbury's Mature White Cheddar, Be Good To Yourself 270g;£2.15/unit;£7.96/kg;cheddar-british-regional-cheese;263;30.3;0.5;0.5;15.7;9.8;0.5;1.80
sainsburys-mature-white--be-good-to-yourself-270g;Sainsbury's Mature White Cheddar, Be Good To Yourself 270g;£2.15/unit;£7.96/kg;cottage-cheese---healthier-choice;263;30.3;0.5;0.5;15.7;9.8;0.5;1.80
sainsburys-mature-white-cheese--be-good-to-yourself-400g;Sainsbury's Mature White Cheese, Be Good To Yourself 400g;£3.00/unit;£7.50/kg;cheddar-british-regional-cheese;263;30.3;0.5;0.5;15.7;9.8;0.5;1.80
sainsburys-mature-white-cheese--be-good-to-yourself-400g;Sainsbury's Mature White Cheese, Be Good To Yourself 400g;£3.00/unit;£7.50/kg;cottage-cheese---healthier-choice;263;30.3;0.5;0.5;15.7;9.8;0.5;1.80
sainsburys-meat-feast-pasta-bake-800g;Sainsbury's Meat Feast Pasta Bake 800g;£4.00/unit;£5.00/kg;italian-ready-meals;141;5.6;18.1;3.3;4.8;1.7;1.5;0.58
sainsburys-meat-free-burgers-x8-454g;Sainsbury's Meat Free Burgers x8 454g;£1.80/unit;£3.96/kg;meat-free-vegetarian;205;22.1;2.9;0.5;10.5;0.7;5.2;1.13
sainsburys-meat-free-chicken-style-pieces-300g;Sainsbury's Meat Free Chicken Style Pieces 300g;£1.80/unit;£6.00/kg;meat-free-vegetarian;246;20.3;3.6;0.5;15.5;1.0;5.6;1.11
sainsburys-meat-lasagne--basics-15kg-%28-serves-4-%29;Sainsbury's Beef Lasagne, Basics 1.5kg ( Serves 4 );£3.05/unit;£2.03/kg;italian-ready-meals;87;4.7;9.3;2.5;3.1;1.2;1.3;0.55
sainsburys-meatfree-meat-balls-380g;Sainsbury's Meatfree Meat Balls 380g;£1.80/unit;£4.74/kg;meat-free-vegetarian;219;17.4;8.5;0.5;12.3;0.9;2.2;1.15
sainsburys-meatfree-quarter-pounder-burgers-227g-7718052-p-44;Sainsbury's Meatfree Quarter Pounder Burgers 227g;£1.80/unit;£7.93/kg;meat-free-vegetarian;200;19.8;5.1;0.5;10.3;0.8;3.9;1.05
sainsburys-medijool-dates--taste-the-difference-200g;Sainsbury's Medjool Dates, Taste the Difference 200g;£2.15/unit;£10.75/kg;fruit-vegetables-organic-taste-the-difference;279;1.9;64.3;64.5;0.1;0;6.7;0.33
sainsburys-medijool-dates--taste-the-difference-200g;Sainsbury's Medjool Dates, Taste the Difference 200g;£2.15/unit;£10.75/kg;mango-exotic-fruit-dates-nuts;279;1.9;64.3;64.5;0.1;0;6.7;0.33
sainsburys-mediterranean-bakes-x2-240g;Sainsbury's Mediterranean Bakes x2 240g;£1.80/unit;£7.50/kg;meat-free-vegetarian;174;5.5;20.1;3.6;6.6;1.0;6.0;0.45
sainsburys-mediterranean-chicken--taste-the-difference-415g;Sainsbury's Mediterranean Chicken & Pasta, Taste The Difference 380g;£3.60/unit;£9.47/kg;healthier-choice-ready-meals;136;7.4;16.8;4.6;3.8;0.9;2.4;0.49
sainsburys-mediterranean-chicken--taste-the-difference-415g;Sainsbury's Mediterranean Chicken & Pasta, Taste The Difference 380g;£3.60/unit;£9.47/kg;meals-for-1-ready-meals;136;7.4;16.8;4.6;3.8;0.9;2.4;0.49
sainsburys-mediterranean-chicken--taste-the-difference-415g;Sainsbury's Mediterranean Chicken & Pasta, Taste The Difference 380g;£3.60/unit;£9.47/kg;mediterranean-other-cuisine-ready-meals;136;7.4;16.8;4.6;3.8;0.9;2.4;0.49
sainsburys-mediterranean-chicken--taste-the-difference-415g;Sainsbury's Mediterranean Chicken & Pasta, Taste The Difference 380g;£3.60/unit;£9.47/kg;taste-the-difference-bistro-ready-meals;136;7.4;16.8;4.6;3.8;0.9;2.4;0.49
sainsburys-mediterranean-style-vegetable-quiche-400g;Sainsbury's Mediterranean Style Vegetable Quiche 400g;£2.40/unit;£0.60/100g;deli-meat-alternatives;222;6.2;19.8;3.1;12.6;3.6;2.2;0.43
sainsburys-mediterranean-style-vegetable-quiche-400g;Sainsbury's Mediterranean Style Vegetable Quiche 400g;£2.40/unit;£0.60/100g;quiche;222;6.2;19.8;3.1;12.6;3.6;2.2;0.43
sainsburys-mediterranean-vegetable---balsamic-soup--taste-the-difference-600g;Sainsbury's Mediterranean Vegetable & Balsamic Soup, Taste the Difference 600g;£2.00/unit;£0.33/100g;fresh-soups;36;1.1;4.8;4.6;1.0;0.2;1.6;0.29
sainsburys-mediterranean-vegetable-sauce-350g;Sainsbury's Mediterranean Vegetable Sauce 350g;£1.40/unit;£0.40/100g;fresh-pasta-sauces;62;1.7;7.7;6.9;2.5;0.4;1.2;0.30
sainsburys-mediterranean-vegetable-sauce-350g;Sainsbury's Mediterranean Vegetable Sauce 350g;£1.40/unit;£0.40/100g;vegetarian-meat-free-pizza-pasta;62;1.7;7.7;6.9;2.5;0.4;1.2;0.30
sainsburys-mediterranean-vegetables-400g;Sainsbury's Mediterranean Vegetables 400g;£2.00/unit;£5.00/kg;potato-vegetable-side-dishes;39;1.0;5.3;5.3;1.1;0.2;1.9;0.02
sainsburys-mediterranean-vegetables-400g;Sainsbury's Mediterranean Vegetables 400g;£2.00/unit;£5.00/kg;prepared-vegetables;39;1.0;5.3;5.3;1.1;0.2;1.9;0.02
sainsburys-medium-basted-whole-turkey-455kg;Sainsbury's Frozen Whole Basted Turkey, Medium (approx. 4.55kg serves 8-10);£17.00/unit;£4.36/kg;turkey-duck-game;154;31.1;1.3;0.5;2.6;0.9;0.5;0.52
sainsburys-medium-cheddar--so-organic-270g;Sainsbury's Medium Cheddar, SO Organic 270g;£2.75/unit;£10.19/kg;cheddar-british-regional-cheese;410;25.0;0.5;0.5;34.4;21.7;0.5;1.80
sainsburys-medium-cheddar--so-organic-270g;Sainsbury's Medium Cheddar, SO Organic 270g;£2.75/unit;£10.19/kg;cheeseboard-delights;410;25.0;0.5;0.5;34.4;21.7;0.5;1.80
sainsburys-medium-cheddar--so-organic-270g;Sainsbury's Medium Cheddar, SO Organic 270g;£2.75/unit;£10.19/kg;organic-taste-the-difference-cheese;410;25.0;0.5;0.5;34.4;21.7;0.5;1.80
sainsburys-medium-crusty-bake-pork-pie-280g;Sainsbury's Crusty Bake Pork Pie, Medium 280g;£2.00/unit;£0.71/100g;hot-cold-pies;334;10.0;23.2;1.7;22.0;8.6;1.9;1.00
sainsburys-medium-crusty-bake-pork-pie-280g;Sainsbury's Crusty Bake Pork Pie, Medium 280g;£2.00/unit;£0.71/100g;lunchtime-snacks;334;10.0;23.2;1.7;22.0;8.6;1.9;1.00
sainsburys-medium-crusty-bake-pork-pie-280g;Sainsbury's Crusty Bake Pork Pie, Medium 280g;£2.00/unit;£0.71/100g;sausage-rolls-savouries;334;10.0;23.2;1.7;22.0;8.6;1.9;1.00
sainsburys-medium-vine-tomatoes--taste-the-difference-300g;Sainsbury's Medium Vine Tomatoes, Taste the Difference 300g;£1.75/unit;£5.83/kg;fresh-salad-tomatoes;20;0.7;3.0;3.0;0.5;0.1;1.0;0.02
sainsburys-medium-vine-tomatoes--taste-the-difference-300g;Sainsbury's Medium Vine Tomatoes, Taste the Difference 300g;£1.75/unit;£5.83/kg;fresh-vegetables-tomatoes;20;0.7;3.0;3.0;0.5;0.1;1.0;0.02
sainsburys-medium-vine-tomatoes--taste-the-difference-300g;Sainsbury's Medium Vine Tomatoes, Taste the Difference 300g;£1.75/unit;£5.83/kg;fruit-vegetables-organic-taste-the-difference;20;0.7;3.0;3.0;0.5;0.1;1.0;0.02
sainsburys-medium-white--be-good-to-yourself-270g;Sainsbury's Medium White, Be Good To Yourself 270g;£2.15/unit;£7.96/kg;cheddar-british-regional-cheese;263;30.3;0.5;0.5;15.7;9.8;0.5;1.80
sainsburys-medium-white--be-good-to-yourself-270g;Sainsbury's Medium White, Be Good To Yourself 270g;£2.15/unit;£7.96/kg;cottage-cheese---healthier-choice;263;30.3;0.5;0.5;15.7;9.8;0.5;1.80
sainsburys-medium-whole-chicken--%28approx-15-18kg%29;Sainsbury's Medium Whole Chicken, (approx. 1.5-1.8kg);£4.00/unit;£2.67/kg;frozen-chicken;202;29.0;0.5;0.5;9.5;2.6;0.5;0.13
sainsburys-medium-wholemeal-bread--basics-800g;Sainsbury's Medium Wholemeal Bread, Basics 800g;£0.40/unit;£0.05/100g;wholemeal-brown-bread;231;9.9;39.7;3.6;2.1;0.4;6.8;0.89
sainsburys-medjool-dates--so-organic-200g;Sainsbury's Medjool Dates, SO Organic 200g;£2.15/unit;£10.75/kg;fruit-vegetables-organic-taste-the-difference;280;1.7;64;64;0.5;0.1;7.9;0.38
sainsburys-medjool-dates--so-organic-200g;Sainsbury's Medjool Dates, SO Organic 200g;£2.15/unit;£10.75/kg;mango-exotic-fruit-dates-nuts;280;1.7;64;64;0.5;0.1;7.9;0.38
sainsburys-medjool-dates--so-organic-200g;Sainsbury's Medjool Dates, SO Organic 200g;£2.15/unit;£10.75/kg;new-in-season;280;1.7;64;64;0.5;0.1;7.9;0.38
sainsburys-melon---grape-medley-190g;Sainsbury's Melon & Grape Medley 190g;£1.50/unit;£7.89/kg;prepared-fruit;35;0.6;7.6;7.6;0.5;0.1;0.8;0.01
sainsburys-melon---grape-medley-400g;Sainsbury's Melon & Grape Medley 400g;£2.00/unit;£5.00/kg;prepared-fruit;36;0.6;7.7;7.7;0.5;0.1;0.7;0.03
sainsburys-melon---pineapple-fingers-240g;Sainsbury's Melon & Pineapple Fingers 240g;£2.00/unit;£8.33/kg;melon-pineapple-kiwi;32;0.5;6.9;6.9;0.5;0.1;0.9;0.01
sainsburys-melon---pineapple-fingers-240g;Sainsbury's Melon & Pineapple Fingers 240g;£2.00/unit;£8.33/kg;prepared-fruit;32;0.5;6.9;6.9;0.5;0.1;0.9;0.01
sainsburys-melon--strawberry---grape-180g;Sainsbury's Melon, Strawberry & Grape 180g;£1.50/unit;£8.33/kg;prepared-fruit;38;0.5;8.2;8.2;0.5;0.1;0.9;0.01
sainsburys-melon-medley-190g;Sainsbury's Melon Medley 190g;£1.50/unit;£7.89/kg;melon-pineapple-kiwi;29;0.5;5.9;5.9;0.5;0.1;0.6;0.01
sainsburys-melon-medley-190g;Sainsbury's Melon Medley 190g;£1.50/unit;£7.89/kg;prepared-fruit;29;0.5;5.9;5.9;0.5;0.1;0.6;0.01
sainsburys-melon-medley-400g;Sainsbury's Melon Medley 400g;£2.00/unit;£5.00/kg;melon-pineapple-kiwi;29;0.5;6.0;6.0;0.5;0.1;0.6;0.01
sainsburys-melon-medley-400g;Sainsbury's Melon Medley 400g;£2.00/unit;£5.00/kg;prepared-fruit;29;0.5;6.0;6.0;0.5;0.1;0.6;0.01
sainsburys-melt-in-middle-fish-pie-cakes--taste-the-difference-290g;Sainsbury's Melt In Middle Fish Pie Fishcakes, Taste the Difference 290g;£3.00/unit;£10.34/kg;fishcakes-breaded-fish;196;9.7;17.4;1.1;9.4;2.7;1.2;0.69
sainsburys-melting-middle-cod---parsley-sauce-fishcakes--taste-the-difference-x2-290g;Sainsbury's Melting Middle Cod & Parsley Sauce Fishcakes, Taste the Difference x2 290g;£2.00/unit;£6.89/kg;breaded-coated-fish-seafood;179;10.8;14.0;1.5;8.6;2.4;1.3;0.48
sainsburys-melting-middle-cod---parsley-sauce-fishcakes--taste-the-difference-x2-290g;Sainsbury's Melting Middle Cod & Parsley Sauce Fishcakes, Taste the Difference x2 290g;£2.00/unit;£6.89/kg;fishcakes-breaded-fish;179;10.8;14.0;1.5;8.6;2.4;1.3;0.48
sainsburys-melting-middle-cod---parsley-sauce-fishcakes--taste-the-difference-x2-290g;Sainsbury's Melting Middle Cod & Parsley Sauce Fishcakes, Taste the Difference x2 290g;£2.00/unit;£6.89/kg;fuss-free-fish-135654-44;179;10.8;14.0;1.5;8.6;2.4;1.3;0.48
sainsburys-melting-middle-cod---parsley-sauce-fishcakes--taste-the-difference-x2-290g;Sainsbury's Melting Middle Cod & Parsley Sauce Fishcakes, Taste the Difference x2 290g;£2.00/unit;£6.89/kg;organic-taste-the-difference;179;10.8;14.0;1.5;8.6;2.4;1.3;0.48
sainsburys-melting-middle-smoked-haddock-with-cheddar---leek-fishcakes--taste-the-difference-x2-290g;Sainsbury's Melting Middle Smoked Haddock With Cheddar & Leek Fishcakes, Taste the Difference x2 290g;£3.00/unit;£10.34/kg;breaded-coated-fish-seafood;206;10.8;18.5;0.7;9.5;1.3;1.4;0.73
sainsburys-melting-middle-smoked-haddock-with-cheddar---leek-fishcakes--taste-the-difference-x2-290g;Sainsbury's Melting Middle Smoked Haddock With Cheddar & Leek Fishcakes, Taste the Difference x2 290g;£3.00/unit;£10.34/kg;fishcakes-breaded-fish;206;10.8;18.5;0.7;9.5;1.3;1.4;0.73
sainsburys-melting-middle-smoked-haddock-with-cheddar---leek-fishcakes--taste-the-difference-x2-290g;Sainsbury's Melting Middle Smoked Haddock With Cheddar & Leek Fishcakes, Taste the Difference x2 290g;£3.00/unit;£10.34/kg;fuss-free-fish-135654-44;206;10.8;18.5;0.7;9.5;1.3;1.4;0.73
sainsburys-melting-middle-smoked-haddock-with-cheddar---leek-fishcakes--taste-the-difference-x2-290g;Sainsbury's Melting Middle Smoked Haddock With Cheddar & Leek Fishcakes, Taste the Difference x2 290g;£3.00/unit;£10.34/kg;organic-taste-the-difference;206;10.8;18.5;0.7;9.5;1.3;1.4;0.73
sainsburys-melton-mowbray-individual-pork-pie-140g;Sainsbury's Melton Mowbray Pork Pie 140g;£1.20/unit;£0.86/100g;hot-cold-pies;359;12.8;22.6;2.0;23.8;7.8;1.4;0.95
sainsburys-melton-mowbray-individual-pork-pie-140g;Sainsbury's Melton Mowbray Pork Pie 140g;£1.20/unit;£0.86/100g;lunchtime-snacks;359;12.8;22.6;2.0;23.8;7.8;1.4;0.95
sainsburys-melton-mowbray-individual-pork-pie-140g;Sainsbury's Melton Mowbray Pork Pie 140g;£1.20/unit;£0.86/100g;sausage-rolls-savouries;359;12.8;22.6;2.0;23.8;7.8;1.4;0.95
sainsburys-melton-mowbray-large-pork-pie-440g;Sainsbury's Melton Mowbray Pork Pie, Large 440g;£2.50/unit;£0.57/100g;hot-cold-pies;349;11.9;20.3;1.4;24.2;8.9;1.1;1.07
sainsburys-melton-mowbray-large-pork-pie-440g;Sainsbury's Melton Mowbray Pork Pie, Large 440g;£2.50/unit;£0.57/100g;sausage-rolls-savouries;349;11.9;20.3;1.4;24.2;8.9;1.1;1.07
sainsburys-melton-mowbray-medium-pork-pie-280g;Sainsbury's Melton Mowbray Pork Pie, Medium 280g;£2.00/unit;£0.71/100g;hot-cold-pies;349;11.5;25.8;0.7;21.9;8.1;1.4;1.07
sainsburys-melton-mowbray-medium-pork-pie-280g;Sainsbury's Melton Mowbray Pork Pie, Medium 280g;£2.00/unit;£0.71/100g;sausage-rolls-savouries;349;11.5;25.8;0.7;21.9;8.1;1.4;1.07
sainsburys-melton-mowbray-mini-pork-pies-x6-300g;Sainsbury's Melton Mowbray Pork Pie Mini x6 300g;£2.20/unit;£0.73/100g;hot-cold-pies;350;11.6;27.0;2.0;21.4;9.0;1.3;1.11
sainsburys-melton-mowbray-mini-pork-pies-x6-300g;Sainsbury's Melton Mowbray Pork Pie Mini x6 300g;£2.20/unit;£0.73/100g;sausage-rolls-savouries;350;11.6;27.0;2.0;21.4;9.0;1.3;1.11
sainsburys-melton-mowbray-snack-pork-pies-x2-150g;Sainsbury's Melton Mowbray Pork Pies, Snack x2 150g;£1.30/unit;£0.87/100g;hot-cold-pies;356;11.2;26.6;1.8;22.5;7.5;1.3;1.07
sainsburys-melton-mowbray-snack-pork-pies-x2-150g;Sainsbury's Melton Mowbray Pork Pies, Snack x2 150g;£1.30/unit;£0.87/100g;lunchtime-snacks;356;11.2;26.6;1.8;22.5;7.5;1.3;1.07
sainsburys-melton-mowbray-snack-pork-pies-x2-150g;Sainsbury's Melton Mowbray Pork Pies, Snack x2 150g;£1.30/unit;£0.87/100g;sausage-rolls-savouries;356;11.2;26.6;1.8;22.5;7.5;1.3;1.07
sainsburys-melton-mowbray-snack-pork-pies-x4-300g;Sainsbury's Melton Mowbray Pork Pies, Snack x4 300g;£2.00/unit;£0.67/100g;hot-cold-pies;356;11.2;26.6;1.8;22.5;7.5;1.3;1.07
sainsburys-melton-mowbray-snack-pork-pies-x4-300g;Sainsbury's Melton Mowbray Pork Pies, Snack x4 300g;£2.00/unit;£0.67/100g;sausage-rolls-savouries;356;11.2;26.6;1.8;22.5;7.5;1.3;1.07
sainsburys-meringue-nests--taste-the-difference-108g-x8;Sainsbury's Meringue Nests, Taste the Difference 108g x8;£1.60/unit;£1.48/100g;meringues-bases;386;4.8;91.2;91.2;0.2;0.1;0.0;0.28
sainsburys-meringue-nests-x8-124g;Sainsbury's Meringue Nests x8 124g;£1.20/unit;£0.97/100g;meringues-bases;393;4.2;93.6;91.1;0.2;0.1;0.1;0.10
sainsburys-meringue-shells--taste-the-difference-784g;Sainsbury's Mini Meringue Shells, Taste the Difference x16;£1.50/unit;£1.91/100g;meringues-bases;386;4.8;91.2;91.2;0.2;0.1;0.0;0.28
sainsburys-meringue-shells-x12;Sainsbury's Meringue Shells x12;£1.60/unit;£0.13/ea;meringues-bases;393;4.2;93.6;91.1;0.2;0.1;0.1;0.10
sainsburys-mexican-bean-burger-240g;Sainsbury's Mexican Bean Burger 240g;£2.30/unit;£9.58/kg;deli-meat-alternatives;212;5.4;29.1;8.3;6.9;0.6;6.0;0.85
sainsburys-mexican-bean-burger-240g;Sainsbury's Mexican Bean Burger 240g;£2.30/unit;£9.58/kg;healthier-choice-ready-meals;212;5.4;29.1;8.3;6.9;0.6;6.0;0.85
sainsburys-mexican-bean-burger-240g;Sainsbury's Mexican Bean Burger 240g;£2.30/unit;£9.58/kg;mexican-caribbean-american-ready-meals;212;5.4;29.1;8.3;6.9;0.6;6.0;0.85
sainsburys-mexican-bean-burger-240g;Sainsbury's Mexican Bean Burger 240g;£2.30/unit;£9.58/kg;potato-vegetable-side-dishes;212;5.4;29.1;8.3;6.9;0.6;6.0;0.85
sainsburys-mexican-bean-burger-240g;Sainsbury's Mexican Bean Burger 240g;£2.30/unit;£9.58/kg;vegetarian-ready-meals;212;5.4;29.1;8.3;6.9;0.6;6.0;0.85
sainsburys-mexican-beef-quarter-pounder-454g;Sainsbury's Mexican Beef Quarter Pounder 454g;£2.00/unit;£4.41/kg;frozen-beef;272;23.7;3.0;0.7;18.4;8.2;0.5;0.54
sainsburys-mexican-beef-quarter-pounder-454g;Sainsbury's Mexican Beef Quarter Pounder 454g;£2.00/unit;£4.41/kg;frozen-burgers-sausages;272;23.7;3.0;0.7;18.4;8.2;0.5;0.54
sainsburys-mexican-chicken---chorizo-rice-400g;Sainsbury's Mexican Chicken & Chorizo Rice 400g;£3.00/unit;£6.67/kg;lunchtime-snacks;135;7.6;16.5;3.2;4.0;0.9;1.4;0.58
sainsburys-mexican-chicken---chorizo-rice-400g;Sainsbury's Mexican Chicken & Chorizo Rice 400g;£3.00/unit;£6.67/kg;meals-for-1-ready-meals;135;7.6;16.5;3.2;4.0;0.9;1.4;0.58
sainsburys-mexican-chicken---chorizo-rice-400g;Sainsbury's Mexican Chicken & Chorizo Rice 400g;£3.00/unit;£6.67/kg;mexican-caribbean-american-ready-meals;135;7.6;16.5;3.2;4.0;0.9;1.4;0.58
sainsburys-mexican-chicken-enchiladas-450g;Sainsbury's Mexican Chicken Enchiladas 450g;£3.00/unit;£6.67/kg;mexican-caribbean-american-ready-meals;150;7.5;16.2;4.3;5.7;2.2;2.1;0.62
sainsburys-mexican-lime---ginger-cordial--taste-the-difference-500ml;Sainsbury's Mexican Lime & Ginger Cordial, Taste the Difference 500ml;£2.00/unit;£0.40/100ml;mixers-cordials;33;0.5;7.9;6.9;0.5;0.1;0.5;0.01
sainsburys-mexican-lime---ginger-cordial--taste-the-difference-500ml;Sainsbury's Mexican Lime & Ginger Cordial, Taste the Difference 500ml;£2.00/unit;£0.40/100ml;squash-cordials-cordials;33;0.5;7.9;6.9;0.5;0.1;0.5;0.01
sainsburys-mexican-orange-blossom-honey--taste-the-difference-340g;Sainsbury's Mexican Orange Blossom Honey, Taste the Difference 340g;£2.80/unit;£0.82/100g;honey;329;0.5;82;81;0.5;0.2;0.5;0.03
sainsburys-mexican-spice-blend-50g;Sainsbury's Mexican Spice Blend 50g;£2.50/unit;£0.50/10g;herbs-spices-seasoning;329;12.0;41.0;24.6;8.9;3.2;18.3;6.30
sainsburys-mexican-sweetcorn-soup--taste-the-difference-600g;Sainsbury's Mexican Sweetcorn & Chilli Soup, Taste the Difference 600g;£2.00/unit;£0.33/100g;fresh-soups;63;2.4;7.2;3.9;2.2;0.5;3.0;0.43
sainsburys-mexican-tomato-salsa-soup-600g;Sainsbury's Mexican Tomato Salsa Soup 600g;£1.40/unit;£0.23/100g;fresh-soups;37;1.3;6.0;4.7;0.8;0.1;-1;0.35
sainsburys-micro-easter-eggs-100g;Sainsbury's Micro Easter Eggs 100g;£1.00/unit;£1.00/100g;chocolate;497;3.8;70.7;66.0;21.9;13.6;1.3;0.10
sainsburys-midi-plum-sundream-tomatoes--taste-the-difference-225g;Sainsbury's Midi Plum Sundream Tomatoes, Taste the Difference 225g;£1.75/unit;£7.78/kg;fresh-salad-tomatoes;20;0.7;3.0;3.0;0.5;0.1;1.0;0.02
sainsburys-midi-plum-sundream-tomatoes--taste-the-difference-225g;Sainsbury's Midi Plum Sundream Tomatoes, Taste the Difference 225g;£1.75/unit;£7.78/kg;fresh-vegetables-tomatoes;20;0.7;3.0;3.0;0.5;0.1;1.0;0.02
sainsburys-midi-plum-sundream-tomatoes--taste-the-difference-225g;Sainsbury's Midi Plum Sundream Tomatoes, Taste the Difference 225g;£1.75/unit;£7.78/kg;fruit-vegetables-organic-taste-the-difference;20;0.7;3.0;3.0;0.5;0.1;1.0;0.02
sainsburys-milano-salami-43g;Sainsbury's Italian Milano Salami Slices 43g;£1.00/unit;£2.33/100g;continental-meats;398;26.9;1.0;0.5;31.8;12.0;0.5;3.80
sainsburys-milano-salami-43g;Sainsbury's Italian Milano Salami Slices 43g;£1.00/unit;£2.33/100g;mfp-continental-meats;398;26.9;1.0;0.5;31.8;12.0;0.5;3.80
sainsburys-mild-cheddar--so-organic-270g;Sainsbury's Mild Cheddar, SO Organic 270g;£2.75/unit;£10.19/kg;cheddar-british-regional-cheese;410;25.0;0.5;0.5;34.4;21.7;0.5;1.80
sainsburys-mild-cheddar--so-organic-270g;Sainsbury's Mild Cheddar, SO Organic 270g;£2.75/unit;£10.19/kg;cheeseboard-delights;410;25.0;0.5;0.5;34.4;21.7;0.5;1.80
sainsburys-mild-cheddar--so-organic-270g;Sainsbury's Mild Cheddar, SO Organic 270g;£2.75/unit;£10.19/kg;organic-taste-the-difference-cheese;410;25.0;0.5;0.5;34.4;21.7;0.5;1.80
sainsburys-mild-cheddar-portions--so-organic-6x20g;Sainsbury's Mild Cheddar Sticks, SO Organic 6x20g;£1.89/unit;£15.75/kg;cheddar-british-regional-cheese;410;25.0;0.5;0.5;34.4;21.7;0.5;1.68
sainsburys-mild-cheddar-portions--so-organic-6x20g;Sainsbury's Mild Cheddar Sticks, SO Organic 6x20g;£1.89/unit;£15.75/kg;organic-taste-the-difference-cheese;410;25.0;0.5;0.5;34.4;21.7;0.5;1.68
sainsburys-mild-cheddar-portions--so-organic-6x20g;Sainsbury's Mild Cheddar Sticks, SO Organic 6x20g;£1.89/unit;£15.75/kg;snacking-lunchbox-cheese;410;25.0;0.5;0.5;34.4;21.7;0.5;1.68
sainsburys-mild-cheese-slices--basics-288g;Sainsbury's Mild Cheddar Slices, Basics 288g;£1.65/unit;£5.73/kg;cheddar-british-regional-cheese;390;25.5;0.5;0.5;32.0;20.8;0.5;1.80
sainsburys-mild-cheese-slices--basics-288g;Sainsbury's Mild Cheddar Slices, Basics 288g;£1.65/unit;£5.73/kg;sliced-grated-cheese;390;25.5;0.5;0.5;32.0;20.8;0.5;1.80
sainsburys-mild-cheese-spread-200g;Sainsbury's Mild Cheese Spread 200g;£1.10/unit;£5.50/kg;snacking-lunchbox-cheese;263;10.0;8.5;8.5;21.0;13.2;0.5;1.90
sainsburys-mild-chicken-fajita-450g;Sainsbury's Mild Chicken Fajita 450g;£3.00/unit;£6.67/kg;meals-for-1-ready-meals;176;8.3;19.6;4.6;6.8;1.6;2.0;0.54
sainsburys-mild-chicken-fajita-450g;Sainsbury's Mild Chicken Fajita 450g;£3.00/unit;£6.67/kg;mexican-caribbean-american-ready-meals;176;8.3;19.6;4.6;6.8;1.6;2.0;0.54
sainsburys-mild-grated-cheddar--basics-250g;Sainsbury's Mild Grated Cheddar, Basics 250g;£1.50/unit;£6.00/kg;cheddar-british-regional-cheese;389;25.0;1.7;0.5;31.4;20.4;0.5;1.78
sainsburys-mild-grated-cheddar--basics-250g;Sainsbury's Mild Grated Cheddar, Basics 250g;£1.50/unit;£6.00/kg;sliced-grated-cheese;389;25.0;1.7;0.5;31.4;20.4;0.5;1.78
sainsburys-mild-smoked-salmon-180g-6838963-p-44;Sainsbury's Mild Smoked Salmon 180g;£4.00/unit;£2.22/100g;canapes-snacking;220;23.3;0.1;0.1;14.0;2.9;0.1;4.25
sainsburys-mild-smoked-salmon-180g-6838963-p-44;Sainsbury's Mild Smoked Salmon 180g;£4.00/unit;£2.22/100g;smoked-fish;220;23.3;0.1;0.1;14.0;2.9;0.1;4.25
sainsburys-mild-smoked-salmon-60g;Sainsbury's Scottish Mild Smoked Salmon 60g;£1.85/unit;£3.08/100g;cooked-fish-seafood;188;23.6;0.1;0.1;10.4;2.0;0.5;2.93
sainsburys-mild-smoked-salmon-60g;Sainsbury's Scottish Mild Smoked Salmon 60g;£1.85/unit;£3.08/100g;great-prices-on-meat---fish;188;23.6;0.1;0.1;10.4;2.0;0.5;2.93
sainsburys-mild-smoked-salmon-60g;Sainsbury's Scottish Mild Smoked Salmon 60g;£1.85/unit;£3.08/100g;mfp-cooked-fish-seafood;188;23.6;0.1;0.1;10.4;2.0;0.5;2.93
sainsburys-mild-smoked-salmon-60g;Sainsbury's Scottish Mild Smoked Salmon 60g;£1.85/unit;£3.08/100g;smoked-fish;188;23.6;0.1;0.1;10.4;2.0;0.5;2.93
sainsburys-mild-white--basics-300g;Sainsbury's Mild White Cheddar, Basics 300g;£2.00/unit;£6.67/kg;cheddar-british-regional-cheese;394;25.5;1.0;0.5;32.0;20.8;0.5;1.80
sainsburys-mild-white--basics-625g;Sainsbury's Mild White Cheddar, Basics 625g;£4.00/unit;£6.40/kg;cheddar-british-regional-cheese;390;25.5;0.5;0.5;32.0;20.8;0.5;1.80
sainsburys-mild-white-cheese--basics-1kg;Sainsbury's Mild White Cheddar, Basics 1kg;£4.80/unit;£4.80/kg;cheddar-british-regional-cheese;390;25.5;0.5;0.5;32.0;20.8;0.5;1.80
sainsburys-milk-choc-chip-cookie-70g;Sainsbury's Milk Choc Chip Cookie 70g;£0.55/unit;£0.79/100g;flapjacks-traybakes-bites;457;5.9;60.8;41.2;20.7;10.2;2.1;0.60
sainsburys-milk-choc-ices-x8-560ml;Sainsbury's Choc Ices, Milk x8 560ml;£1.00/unit;£0.18/100ml;lollies-bars-cones;340;2.8;31.9;30.3;22.1;19.2;1.2;0.18
sainsburys-milk-choccolate-flapjack-bites-x18;Sainsbury's Milk Choccolate Flapjack Bites x18;£1.60/unit;£0.09/ea;cakes-from-our-bakery-12374-44;449;5.6;56.2;34.6;21.5;11.2;3.9;0.50
sainsburys-milk-choccolate-flapjack-bites-x18;Sainsbury's Milk Choccolate Flapjack Bites x18;£1.60/unit;£0.09/ea;cakes-from-our-bakery;449;5.6;56.2;34.6;21.5;11.2;3.9;0.50
sainsburys-milk-chocolate---caramel--taste-the-difference-100g;Sainsbury's Milk Chocolate & Caramel, Taste the Difference 100g;£1.40/unit;£1.40/100g;chocolate;496;4.4;59.0;58.3;26.6;16.6;1.4;0.40
sainsburys-milk-chocolate--basics-100g;Sainsbury's Milk Chocolate, Basics 100g;£0.35/unit;£0.35/100g;chocolate;2145513;5.9;62;61;26;17;2.2;0.25
sainsburys-milk-chocolate--fairtrade-200g;Sainsbury's Milk Chocolate, Fairtrade 200g;£1.35/unit;£0.68/100g;chocolate;2244538;8.4;52.8;51.7;31.9;20.2;2.9;0.20
sainsburys-milk-chocolate-buttons-70g;Sainsbury's Milk Chocolate Buttons 70g;£0.40/unit;£0.57/100g;chocolate;542;7.5;56.0;54.4;31.3;18.9;3.0;0.35
sainsburys-milk-chocolate-chip-brioche-roll-x8;Sainsbury's Milk Chocolate Chip Brioche Roll x8;£1.65/unit;£0.21/ea;croissants-brioche-pastries;353;8.7;51.1;17.4;12.2;4.6;1.8;0.95
sainsburys-milk-chocolate-chip-cookies-x20;Sainsbury's Milk Chocolate Chip Cookies x20;£1.60/unit;£0.08/ea;cakes-from-our-bakery-12374-44;464;5.8;59.1;35.2;22.0;8.6;3.0;0.60
sainsburys-milk-chocolate-chip-cookies-x20;Sainsbury's Milk Chocolate Chip Cookies x20;£1.60/unit;£0.08/ea;cakes-from-our-bakery;464;5.8;59.1;35.2;22.0;8.6;3.0;0.60
sainsburys-milk-chocolate-chip-cookies-x20;Sainsbury's Milk Chocolate Chip Cookies x20;£1.60/unit;£0.08/ea;doughnuts-cookies;464;5.8;59.1;35.2;22.0;8.6;3.0;0.60
sainsburys-milk-chocolate-chip-cookies-x20;Sainsbury's Milk Chocolate Chip Cookies x20;£1.60/unit;£0.08/ea;instore-bakery-doughnuts-cookies;464;5.8;59.1;35.2;22.0;8.6;3.0;0.60
sainsburys-milk-chocolate-cornflake-bites-x20;Sainsbury's Milk Chocolate Cornflake Bites x20;£1.60/unit;£0.08/ea;cakes-from-our-bakery-12374-44;468;6.8;68.5;33.5;17.8;10.7;3.1;0.12
sainsburys-milk-chocolate-cornflake-bites-x20;Sainsbury's Milk Chocolate Cornflake Bites x20;£1.60/unit;£0.08/ea;cakes-from-our-bakery;468;6.8;68.5;33.5;17.8;10.7;3.1;0.12
sainsburys-milk-chocolate-eclairs-227g;Sainsbury's Milk Chocolate Eclairs 227g;£0.95/unit;£0.42/100g;chocolate;471;2.6;69;49;20;11;1.2;0.81
sainsburys-milk-chocolate-egg-splats-40g;Sainsbury's Milk Chocolate Egg Splats 40g;£1.50/unit;£3.75/100g;chocolate;2332559;6.3;55.3;54.5;34.8;19.3;1.2;0.19
sainsburys-milk-chocolate-indulgence-x4-480ml;Sainsbury's Indulgence Ice Cream, Milk Chocolate 4x120ml;£2.00/unit;£0.42/100ml;lollies-bars-cones;312;3.4;30.8;28.7;19.3;12.4;1.0;0.22
sainsburys-milk-chocolate-peanuts-227g;Sainsbury's Milk Chocolate Peanuts 227g;£0.95/unit;£0.42/100g;chocolate;564;14;37;37;38;13;6.8;0.10
sainsburys-milk-chocolate-raisins-227g;Sainsbury's Milk Chocolate Raisins 227g;£0.95/unit;£0.42/100g;chocolate;435;4.4;69;62;15;8.9;3.2;0.14
sainsburys-milk-chocolate-spread-chocolate-400g;Sainsbury's Milk Chocolate Spread Chocolate 400g;£1.25/unit;£0.32/100g;chocolate-sweet-spreads;571;3.6;55.0;54.3;37.0;8.6;1.6;0.15
sainsburys-millionaire-square-flapjacks-x2;Sainsbury's Millionaire Square Flapjacks x2;£1.80/unit;£0.90/ea;flapjacks-traybakes-bites;445;4.5;59.6;39.2;20.2;9.4;3.5;0.34
sainsburys-millionaires-cheesecake-570g;Sainsbury's Millionaires Cheesecake 600g;£3.50/unit;£0.61/100g;desserts;407;5.0;37.8;23.2;25.8;14.4;1.7;0.50
sainsburys-millionaires-cheesecake-800g-%28serves-12%29;Sainsbury's Millionaires Cheesecake 800g (serves 12);£4.00/unit;£0.50/100g;frozen-cold-desserts;375;5.8;44.3;33.1;19.1;10.4;1.0;0.33
sainsburys-mince-454g;Sainsbury's Meatfree Mince 454g;£1.80/unit;£3.96/kg;meat-free-vegetarian;191;19.4;11.4;0.5;7.4;0.6;0.5;0.55
sainsburys-minced-beef---onion-puff-pastry-pie-150g;Sainsbury's Minced Beef & Onion Puff Pastry Pie 150g;£0.70/unit;£0.47/100g;hot-cold-pies;250;8.6;22.5;3.1;13.5;5.6;2.2;0.73
sainsburys-minced-beef---onion-puff-pastry-slices-x2-330g;Sainsbury's Minced Beef & Onion Puff Pastry Slices x2 330g;£1.80/unit;£0.55/100g;slices-pasties;248;9.2;22.8;3.0;12.9;5.7;1.7;0.73
sainsburys-minced-beef---onion-shortcrust-pastry-pie-235g;Sainsbury's Minced Beef & Onion Shortcrust Pastry Pie 235g;£2.00/unit;£0.85/100g;hot-cold-pies;288;9.2;23.2;2.3;17.1;7.5;2.0;0.68
sainsburys-minced-beef-casserole--be-good-to-yourself-400g;Sainsbury's Minced Beef Casserole, Be Good To Yourself 400g;£3.00/unit;£7.50/kg;healthier-choice-ready-meals;77;5.1;9.4;2.0;1.6;0.8;2.5;0.41
sainsburys-minced-beef-casserole--be-good-to-yourself-400g;Sainsbury's Minced Beef Casserole, Be Good To Yourself 400g;£3.00/unit;£7.50/kg;lunchtime-snacks;77;5.1;9.4;2.0;1.6;0.8;2.5;0.41
sainsburys-minced-beef-casserole--be-good-to-yourself-400g;Sainsbury's Minced Beef Casserole, Be Good To Yourself 400g;£3.00/unit;£7.50/kg;meals-for-1-ready-meals;77;5.1;9.4;2.0;1.6;0.8;2.5;0.41
sainsburys-minced-beef-hotpot--basics-400g;Sainsbury's Minced Beef Hotpot, Basics 400g;£1.00/unit;£2.50/kg;frozen-ready-meals;111;4.7;12.3;1.9;4.5;1.3;1.3;0.59
sainsburys-minestrone-soup-600g;Sainsbury's Minestrone Soup 600g;£1.40/unit;£0.23/100g;fresh-soups;65;2.4;10.4;4.3;1.4;0.2;0.5;0.50
sainsburys-mini-beef-pasties-x10-300g;Sainsbury's Share Beef Mini Pasties x10 300g;£1.85/unit;£0.62/100g;sausage-rolls-savouries;381;6.9;29.6;3.0;25.7;9.7;1.9;0.96
sainsburys-mini-beef-pasties-x10-300g;Sainsbury's Share Beef Mini Pasties x10 300g;£1.85/unit;£0.62/100g;slices-pasties;381;6.9;29.6;3.0;25.7;9.7;1.9;0.96
sainsburys-mini-bite-millionaire-flapjack-x9;Sainsbury's Mini Bite Millionaire Flapjack x9;£1.40/unit;£0.97/100g;flapjacks-traybakes-bites;455;4.9;61.9;38.7;20.4;9.7;1.9;0.35
sainsburys-mini-bite-rocky-road-x9;Sainsbury's Mini Bite Rocky Road x9;£1.40/unit;£0.16/ea;flapjacks-traybakes-bites;495;5.6;54.5;39.8;27.9;13.5;1.8;0.24
sainsburys-mini-caramel-wafers-160g;Sainsbury's Mini Caramel Wafers 160g;£1.20/unit;£0.75/100g;flapjacks-traybakes-bites;477;4.1;67;34;21;12;1.8;0.78
sainsburys-mini-cheese---onion-rolls-x22-220g;Sainsbury's Cheese & Onion Mini Rolls x22 220g;£1.85/unit;£0.84/100g;deli-meat-alternatives;340;8.5;30.4;1.7;19.8;9.3;3.2;1.26
sainsburys-mini-cheese---onion-rolls-x22-220g;Sainsbury's Cheese & Onion Mini Rolls x22 220g;£1.85/unit;£0.84/100g;sausage-rolls-savouries;340;8.5;30.4;1.7;19.8;9.3;3.2;1.26
sainsburys-mini-cheese---onion-rolls-x22-220g;Sainsbury's Cheese & Onion Mini Rolls x22 220g;£1.85/unit;£0.84/100g;slices-pasties;340;8.5;30.4;1.7;19.8;9.3;3.2;1.26
sainsburys-mini-chicken-fillet-241g;Sainsbury's British Mini Chicken Fillets 251g;£3.00/unit;£11.95/kg;chicken;159;32.2;0.5;0.5;3.0;0.4;0.5;0.15
sainsburys-mini-chocolate-chip-muffins-x12;Sainsbury's Mini Muffins, Chocolate Chip x12;£1.60/unit;£0.13/ea;cakes-from-our-bakery-12374-44;434;5.5;52.1;31.5;22.5;4.4;0.8;0.38
sainsburys-mini-chocolate-chip-muffins-x12;Sainsbury's Mini Muffins, Chocolate Chip x12;£1.60/unit;£0.13/ea;cakes-from-our-bakery;434;5.5;52.1;31.5;22.5;4.4;0.8;0.38
sainsburys-mini-chocolate-indulgence-8x50ml;Sainsbury's Indulgence Ice Cream, Chocolate Mini 8x50ml;£2.50/unit;£0.63/100ml;lollies-bars-cones;343;3.7;32.8;30.7;21.6;14.0;1.2;0.24
sainsburys-mini-cooking-chorizo-250g;Sainsbury's Spanish Mini Cooking Chorizo x12 250g;£3.15/unit;£1.26/100g;continental-meats;458;19.7;4.5;3.3;39.8;13.3;1.6;4.20
sainsburys-mini-cooking-chorizo-250g;Sainsbury's Spanish Mini Cooking Chorizo x12 250g;£3.15/unit;£1.26/100g;cooks-ingredients-85658-44;458;19.7;4.5;3.3;39.8;13.3;1.6;4.20
sainsburys-mini-cooking-chorizo-250g;Sainsbury's Spanish Mini Cooking Chorizo x12 250g;£3.15/unit;£1.26/100g;cooks-ingredients;458;19.7;4.5;3.3;39.8;13.3;1.6;4.20
sainsburys-mini-crispy-potatoes-700g;Sainsbury's Mini Crispy Potatoes 700g;£1.00/unit;£1.43/kg;chips-potatoes;182;3.4;29.6;0.5;4.6;0.6;4.5;0.35
sainsburys-mini-croissants-x10;Sainsbury's Mini Croissants x10;£1.65/unit;£0.17/ea;croissants-brioche-pastries;420;8.1;42.9;5.9;23.4;15.9;2.6;0.75
sainsburys-mini-crusty-bake-pork-pies-x6-300g;Sainsbury's Crusty Bake Pork Pies, Mini x6 300g;£1.85/unit;£0.62/100g;hot-cold-pies;1463351;10.3;24.0;1.4;23.3;9.1;2.2;1.05
sainsburys-mini-crusty-bake-pork-pies-x6-300g;Sainsbury's Crusty Bake Pork Pies, Mini x6 300g;£1.85/unit;£0.62/100g;sausage-rolls-savouries;1463351;10.3;24.0;1.4;23.3;9.1;2.2;1.05
sainsburys-mini-egg-bites-x18-216g;Sainsbury's Egg Bites, Mini x18 216g;£1.85/unit;£0.86/100g;sausage-rolls-savouries;288;9.4;21.7;0.5;17.8;4.8;1.6;0.88
sainsburys-mini-garlic-baguette--be-good-to-yourself-105g;Sainsbury's Mini Garlic Baguette, Be Good To Yourself 105g;£0.65/unit;£0.62/100g;garlic-bread;289;8.6;49.0;2.7;6.2;2.3;1.5;0.93
sainsburys-mini-garlic-baguette--be-good-to-yourself-105g;Sainsbury's Mini Garlic Baguette, Be Good To Yourself 105g;£0.65/unit;£0.62/100g;healthier-choice-ready-meals;289;8.6;49.0;2.7;6.2;2.3;1.5;0.93
sainsburys-mini-garlic-baguette--be-good-to-yourself-105g;Sainsbury's Mini Garlic Baguette, Be Good To Yourself 105g;£0.65/unit;£0.62/100g;vegetarian-meat-free-pizza-pasta;289;8.6;49.0;2.7;6.2;2.3;1.5;0.93
sainsburys-mini-garlic-baguette-105g;Sainsbury's Mini Garlic Baguette 105g;£0.65/unit;£0.62/100g;garlic-bread;354;7.4;46.8;2.8;14.7;9.1;2.5;1.13
sainsburys-mini-garlic-baguette-105g;Sainsbury's Mini Garlic Baguette 105g;£0.65/unit;£0.62/100g;vegetarian-meat-free-pizza-pasta;354;7.4;46.8;2.8;14.7;9.1;2.5;1.13
sainsburys-mini-gingerbread-men-tub-x30;Sainsbury's Mini Gingerbread Men Tub x30;£1.60/unit;£0.05/ea;cakes-from-our-bakery-12374-44;425;6.2;74.7;43.6;10.7;4.2;2.7;0.90
sainsburys-mini-gingerbread-men-tub-x30;Sainsbury's Mini Gingerbread Men Tub x30;£1.60/unit;£0.05/ea;cakes-from-our-bakery;425;6.2;74.7;43.6;10.7;4.2;2.7;0.90
sainsburys-mini-ham-hock-pasties--taste-the-difference-x4-120g;Sainsbury's Mini Ham Hock Pasties, Taste the Difference x4 120g;£2.80/unit;£2.33/100g;slices-pasties;287;11.2;27.7;4.4;14.2;8.0;1.8;0.74
sainsburys-mini-houmous-snack-pots--be-good-to-yourself-180g;Sainsbury's Mini Houmous Snack Pots, Be Good To Yourself 3x60g;£1.55/unit;£0.86/100g;deli-meat-alternatives;749180;6.4;11.0;0.5;10.5;1.2;8.4;0.61
sainsburys-mini-houmous-snack-pots--be-good-to-yourself-180g;Sainsbury's Mini Houmous Snack Pots, Be Good To Yourself 3x60g;£1.55/unit;£0.86/100g;fresh-dips-houmous;749180;6.4;11.0;0.5;10.5;1.2;8.4;0.61
sainsburys-mini-houmous-snack-selection--be-good-to-yourself-180g;Sainsbury's Mini Houmous Snack Selection, Be Good To Yourself 3x60g;£1.55/unit;£0.86/100g;deli-meat-alternatives;164;5.9;10.4;0.7;9.2;1.0;7.8;0.79
sainsburys-mini-houmous-snack-selection--be-good-to-yourself-180g;Sainsbury's Mini Houmous Snack Selection, Be Good To Yourself 3x60g;£1.55/unit;£0.86/100g;fresh-dips-houmous;164;5.9;10.4;0.7;9.2;1.0;7.8;0.79
sainsburys-mini-houmous-triple-selection-180g;Sainsbury's Mini Houmous Selection 3x60g;£1.55/unit;£0.86/100g;deli-meat-alternatives;317;6.2;9.0;2.6;27;2.6;5.7;0.89
sainsburys-mini-houmous-triple-selection-180g;Sainsbury's Mini Houmous Selection 3x60g;£1.55/unit;£0.86/100g;fresh-dips-houmous;317;6.2;9.0;2.6;27;2.6;5.7;0.89
sainsburys-mini-onion-bahjia--taste-the-difference-150g;Sainsbury's Mini Onion Bahjia, Taste the Difference 150g;£1.50/unit;£10.00/kg;deli-meat-alternatives;246;7.7;17.4;4.5;13.5;1.0;12.2;0.88
sainsburys-mini-onion-bahjia--taste-the-difference-150g;Sainsbury's Mini Onion Bahjia, Taste the Difference 150g;£1.50/unit;£10.00/kg;indian-ready-meals;246;7.7;17.4;4.5;13.5;1.0;12.2;0.88
sainsburys-mini-onion-bahjia--taste-the-difference-150g;Sainsbury's Mini Onion Bahjia, Taste the Difference 150g;£1.50/unit;£10.00/kg;potato-vegetable-side-dishes;246;7.7;17.4;4.5;13.5;1.0;12.2;0.88
sainsburys-mini-onion-bahjia--taste-the-difference-150g;Sainsbury's Mini Onion Bahjia, Taste the Difference 150g;£1.50/unit;£10.00/kg;taste-the-difference-bistro-ready-meals;246;7.7;17.4;4.5;13.5;1.0;12.2;0.88
sainsburys-mini-onion-bahjia--taste-the-difference-150g;Sainsbury's Mini Onion Bahjia, Taste the Difference 150g;£1.50/unit;£10.00/kg;vegetarian-meat-free-ready-meals;246;7.7;17.4;4.5;13.5;1.0;12.2;0.88
sainsburys-mini-pain-au-chocolat-x6;Sainsbury's Mini Pain Au Chocolat x6;£1.30/unit;£0.22/ea;croissants-brioche-pastries;432;7.8;47.5;17.0;22.6;12.8;3.8;0.75
sainsburys-mini-pork---pickle-pork-pies-x6-300g;Sainsbury's Pork & Pickle Pies Mini x6 300g;£2.00/unit;£0.67/100g;hot-cold-pies;354;9.5;26.2;3.6;23.0;9.2;2.1;1.01
sainsburys-mini-pork---pickle-pork-pies-x6-300g;Sainsbury's Pork & Pickle Pies Mini x6 300g;£2.00/unit;£0.67/100g;sausage-rolls-savouries;354;9.5;26.2;3.6;23.0;9.2;2.1;1.01
sainsburys-mini-pork-cocktail-sausages-x35-252g;Sainsbury's Pork Cocktail Sausages x35 252g;£1.85/unit;£0.73/100g;sausage-rolls-savouries;1238297;13.2;14.1;1.2;20.6;7.0;1.4;1.13
sainsburys-mini-pork-sausage-rolls--taste-the-difference-x12-324g;Sainsbury's Sausage Mini Rolls, Taste the Difference x12 324g;£2.00/unit;£0.62/100g;sausage-rolls-savouries;391;9.8;29.5;1.2;25.5;11.7;2.0;1.05
sainsburys-mini-pork-sausage-rolls--taste-the-difference-x12-324g;Sainsbury's Sausage Mini Rolls, Taste the Difference x12 324g;£2.00/unit;£0.62/100g;slices-pasties;391;9.8;29.5;1.2;25.5;11.7;2.0;1.05
sainsburys-mini-portabella-mushrooms-300g;Sainsbury's Mini Portobello Mushrooms 300g;£1.70/unit;£5.67/kg;baby-vegetables;16;1.8;0.5;0.5;0.5;0.1;1.1;0.5
sainsburys-mini-portabella-mushrooms-300g;Sainsbury's Mini Portobello Mushrooms 300g;£1.70/unit;£5.67/kg;mushrooms;16;1.8;0.5;0.5;0.5;0.1;1.1;0.5
sainsburys-mini-potatoes-750g;Sainsbury's Mini Potatoes 750g;£1.35/unit;£1.80/kg;potatoes;81;1.8;17.5;0.8;0.5;0.1;1.6;100;0.01
sainsburys-mini-ribs-in-chinese-style-sauce-340g;Sainsbury's Mini Ribs In Chinese Style Sauce 340g;£2.50/unit;£7.35/kg;frozen-pork;243;15.2;13.7;10.7;14.1;5.8;0.5;1.02
sainsburys-mini-sausage-rolls-x22-220g;Sainsbury's Sausage Mini Rolls x22 220g;£1.85/unit;£0.84/100g;sausage-rolls-savouries;332;9.6;28.5;1.5;19.3;8.2;2.7;1.03
sainsburys-mini-sausage-rolls-x22-220g;Sainsbury's Sausage Mini Rolls x22 220g;£1.85/unit;£0.84/100g;slices-pasties;332;9.6;28.5;1.5;19.3;8.2;2.7;1.03
sainsburys-mini-savoury-eggs--taste-the-difference-x4-200g;Sainsbury's Mini Savoury Eggs, Taste the Difference x8 200g;£2.50/unit;£1.25/100g;sausage-rolls-savouries;362;14.4;11.6;0.6;28.4;7.8;1.2;0.88
sainsburys-mini-spare-ribs-320g;Sainsbury's Mini Spare Ribs 320g;£3.00/unit;£9.38/kg;oriental-ready-meals;226;14.4;11.7;11.7;13.4;5.3;0.5;0.45
sainsburys-mini-vanilla-cupcakes-x9;Sainsbury's Mini Vanilla Cupcakes x9;£1.50/unit;£0.17/ea;muffins-small-cakes;502;2.7;59;52;28;10;1.0;0.38
sainsburys-mini-white-pitta-x12;Sainsbury's Mini White Pitta x12;£1.20/unit;£0.10/ea;wraps-bagels-pittas;268;8.8;54.6;4.1;1.2;0.3;2.0;0.93
sainsburys-mint-choc-chip-2l;Sainsbury's Mint Choc Chip Ice Cream 2L;£1.80/unit;£0.09/100ml;ice-cream-tubs;182;3.1;24.9;24.7;7.6;6.1;0.6;0.13
sainsburys-mint-cones-x4-440ml;Sainsbury's Ice Cream Cones, Mint x4 440ml;£1.00/unit;£0.23/100ml;lollies-bars-cones;263;3.6;39.5;24.4;9.8;8.0;1.2;0.09
sainsburys-minted-turkey-thigh-steaks-250g;Sainsbury's Minted Turkey Thigh Steaks 460g;£2.80/unit;£6.09/kg;turkey;193;32.3;0.5;0.5;6.9;1.9;0.5;0.35
sainsburys-mirin-150ml;Sainsbury's Mirin 150ml;£1.79/unit;£11.93/ltr;oils;271;0.7;40.9;33.2;0.5;0.1;0.5;0.03
sainsburys-mixed-berries-smoothie-1l;Sainsbury's Mixed Berries Smoothie 1L;£2.00/unit;£0.20/100ml;chilled-smoothies;46;0.5;10.4;9.3;0.5;0.1;0.9;0.01
sainsburys-mixed-berry-sponge-puddings--be-good-to-yourself-2x110g;Sainsbury's Mixed Berry Sponge Puddings, Be Good To Yourself 2x110g;£1.75/unit;£0.80/100g;desserts;172;2.4;33.3;19.5;2.4;1.2;3.8;0.40
sainsburys-mixed-cooked-chicken-portions-740g;Sainsbury's British Roast Chicken Portions 740g;£4.00/unit;£0.54/100g;cooked-chicken-turkey;166;25.2;0.5;0.5;7.1;1.9;0.6;0.60
sainsburys-mixed-cooked-chicken-portions-740g;Sainsbury's British Roast Chicken Portions 740g;£4.00/unit;£0.54/100g;mfp-cooked-chicken-turkey;166;25.2;0.5;0.5;7.1;1.9;0.6;0.60
sainsburys-mixed-exotic-mushrooms--taste-the-difference-140g;Sainsbury's British Speciality Mushrooms, Taste the Difference 200g;£1.90/unit;£9.50/kg;asian-ingredients;47;3.0;5.3;1.7;0.7;0.1;3.8;0.01
sainsburys-mixed-exotic-mushrooms--taste-the-difference-140g;Sainsbury's British Speciality Mushrooms, Taste the Difference 200g;£1.90/unit;£9.50/kg;fresh-vegetables-stir-fry;47;3.0;5.3;1.7;0.7;0.1;3.8;0.01
sainsburys-mixed-exotic-mushrooms--taste-the-difference-140g;Sainsbury's British Speciality Mushrooms, Taste the Difference 200g;£1.90/unit;£9.50/kg;fresh-vegetables-world-exotic;47;3.0;5.3;1.7;0.7;0.1;3.8;0.01
sainsburys-mixed-exotic-mushrooms--taste-the-difference-140g;Sainsbury's British Speciality Mushrooms, Taste the Difference 200g;£1.90/unit;£9.50/kg;fruit-vegetables-organic-taste-the-difference;47;3.0;5.3;1.7;0.7;0.1;3.8;0.01
sainsburys-mixed-exotic-mushrooms--taste-the-difference-140g;Sainsbury's British Speciality Mushrooms, Taste the Difference 200g;£1.90/unit;£9.50/kg;mushrooms;47;3.0;5.3;1.7;0.7;0.1;3.8;0.01
sainsburys-mixed-leaf-salad-200g;Sainsbury's Mixed Leaf Salad 200g;£1.50/unit;£0.75/100g;fresh-salad-prepared-ready-to-eat;19;1.2;2.2;1.8;0.5;0.1;1.9;0.10
sainsburys-mixed-leaf-salad-200g;Sainsbury's Mixed Leaf Salad 200g;£1.50/unit;£0.75/100g;prepared-salad-herbs;19;1.2;2.2;1.8;0.5;0.1;1.9;0.10
sainsburys-mixed-marinated-greek-olives--taste-the-difference-200g;Sainsbury's Mixed Marinated Greek Olives, Taste the Difference 200g;£2.50/unit;£1.25/100g;olives-antipasti;151;1.5;2.7;0.5;14.2;1.9;3.3;2.00
sainsburys-mixed-olive-antipasti-200g;Sainsbury's Mixed Olive Antipasti 200g;£2.50/unit;£1.39/100g;deli-meat-alternatives;164;1.3;1.0;1.0;16.5;2.7;3.3;1.95
sainsburys-mixed-olive-antipasti-200g;Sainsbury's Mixed Olive Antipasti 200g;£2.50/unit;£1.39/100g;olives-tapas-antipasti;164;1.3;1.0;1.0;16.5;2.7;3.3;1.95
sainsburys-mixed-olives---greek-feta-150g;Sainsbury's Mixed Olives & Greek Feta 150g;£2.30/unit;£1.53/100g;olives-tapas-antipasti;227;5.8;1.3;0.7;21.6;4.7;2.0;3.75
sainsburys-mixed-olives---greek-feta-250g;Sainsbury's Mixed Olives & Greek Feta 250g;£3.35/unit;£1.34/100g;olives-tapas-antipasti;227;5.8;1.3;0.7;21.6;4.7;2.0;3.75
sainsburys-mixed-olives---sundried-tomatoes-150g;Sainsbury's Mixed Spanish Olives & Sundried Tomatoes 150g;£2.30/unit;£1.53/100g;deli-meat-alternatives;236;1.5;11.8;0.8;18.9;2.7;6.3;3.04
sainsburys-mixed-olives---sundried-tomatoes-150g;Sainsbury's Mixed Spanish Olives & Sundried Tomatoes 150g;£2.30/unit;£1.53/100g;olives-tapas-antipasti;236;1.5;11.8;0.8;18.9;2.7;6.3;3.04
sainsburys-mixed-olives-with-sundried-tomatoes-250g;Sainsbury's Mixed Olives With Sundried Tomatoes 250g;£3.35/unit;£1.34/100g;deli-meat-alternatives;236;1.5;11.8;0.8;18.9;2.7;6.3;3.04
sainsburys-mixed-olives-with-sundried-tomatoes-250g;Sainsbury's Mixed Olives With Sundried Tomatoes 250g;£3.35/unit;£1.34/100g;olives-tapas-antipasti;236;1.5;11.8;0.8;18.9;2.7;6.3;3.04
sainsburys-mixed-pepper-stir-fry-300g;Sainsbury's Mixed Pepper Stir Fry 300g;£1.50/unit;£0.50/100g;asian-ingredients;70;1.5;4.6;4.1;4.8;0.4;1.2;0.05
sainsburys-mixed-pepper-stir-fry-300g;Sainsbury's Mixed Pepper Stir Fry 300g;£1.50/unit;£0.50/100g;fresh-vegetables-stir-fry;70;1.5;4.6;4.1;4.8;0.4;1.2;0.05
sainsburys-mixed-pepper-stir-fry-300g;Sainsbury's Mixed Pepper Stir Fry 300g;£1.50/unit;£0.50/100g;fresh-vegetables-world-exotic;70;1.5;4.6;4.1;4.8;0.4;1.2;0.05
sainsburys-mixed-pepper-stir-fry-300g;Sainsbury's Mixed Pepper Stir Fry 300g;£1.50/unit;£0.50/100g;prepared-stir-fry;70;1.5;4.6;4.1;4.8;0.4;1.2;0.05
sainsburys-mixed-pepper-stir-fry-300g;Sainsbury's Mixed Pepper Stir Fry 300g;£1.50/unit;£0.50/100g;prepared-vegetables;70;1.5;4.6;4.1;4.8;0.4;1.2;0.05
sainsburys-mixed-peppers-x3;Sainsbury's Mixed Peppers x3;£1.00/unit;£1.00/ea;peppers-salad-vegetables;15;0.8;2.6;2.4;0.3;0;1.9;
sainsburys-mixed-peppers-x3;Sainsbury's Mixed Peppers x3;£1.00/unit;£1.00/ea;peppers;15;0.8;2.6;2.4;0.3;0;1.9;
sainsburys-mixed-seedless-grapes-800g;Sainsbury's Grapes Mixed Seedless 750g;£3.00/unit;£4.00/kg;bananas-grapes;66;0.5;15;15;0.5;0.1;0.7;0.01
sainsburys-mixed-vegetable-antipasti-200g;Sainsbury's Mixed Antipasti 200g;£3.25/unit;£1.63/100g;deli-meat-alternatives;124;2.2;4.7;1.4;9.8;1.2;3.9;2.15
sainsburys-mixed-vegetable-antipasti-200g;Sainsbury's Mixed Antipasti 200g;£3.25/unit;£1.63/100g;olives-tapas-antipasti;124;2.2;4.7;1.4;9.8;1.2;3.9;2.15
sainsburys-mixed-vegetable-stir-fry-325g;Sainsbury's Mixed Vegetable Stir Fry 325g;£1.00/unit;£0.31/100g;asian-ingredients;56;1.7;4.7;4.6;2.7;0.4;3.0;0.25
sainsburys-mixed-vegetable-stir-fry-325g;Sainsbury's Mixed Vegetable Stir Fry 325g;£1.00/unit;£0.31/100g;fresh-vegetables-stir-fry;56;1.7;4.7;4.6;2.7;0.4;3.0;0.25
sainsburys-mixed-vegetable-stir-fry-325g;Sainsbury's Mixed Vegetable Stir Fry 325g;£1.00/unit;£0.31/100g;fresh-vegetables-world-exotic;56;1.7;4.7;4.6;2.7;0.4;3.0;0.25
sainsburys-mixed-vegetable-stir-fry-325g;Sainsbury's Mixed Vegetable Stir Fry 325g;£1.00/unit;£0.31/100g;prepared-stir-fry;56;1.7;4.7;4.6;2.7;0.4;3.0;0.25
sainsburys-mixed-vegetable-stir-fry-325g;Sainsbury's Mixed Vegetable Stir Fry 325g;£1.00/unit;£0.31/100g;prepared-vegetables;56;1.7;4.7;4.6;2.7;0.4;3.0;0.25
sainsburys-mixed-vegetables--basics-1kg;Sainsbury's Mixed Vegetables, Basics 1kg;£0.80/unit;£0.80/kg;frozen-vegetables;39;2.3;4.4;2.3;0.5;0.1;3.6;0.01
sainsburys-mixed-vegetables-1kg;Sainsbury's Mixed Vegetables 1kg;£1.20/unit;£1.20/kg;frozen-vegetables;56;2.9;7.5;2.7;0.7;0.1;4.0;0.04
sainsburys-mojito-lollies-taste-the-difference-x4-292ml;Sainsbury's Mojito Lollies Taste the Difference x4 292ml;£2.50/unit;£0.86/100ml;lollies-bars-cones;75;0.5;17.5;16.9;0.5;0.1;0.6;0.05
sainsburys-montagnolo-affine--taste-the-difference-160g;Sainsbury's Montagnolo Affine, Taste the Difference 160g;£2.45/unit;£15.31/kg;organic-taste-the-difference-cheese;432;14.0;0.5;0.5;41.5;27.6;0.5;2.00
sainsburys-morbier--taste-the-difference-200g;Sainsbury's Morbier, Taste the Difference 200g;£3.00/unit;£15.00/kg;organic-taste-the-difference-cheese;343;22.0;0.5;0.5;28.0;20.0;0.7;1.17
sainsburys-morello-cherry-compote--taste-the-difference-400g;Sainsbury's Compote Morello Cherry, Taste the Difference 400g;£2.50/unit;£0.63/100g;sauces-toppings;144;0.5;34.2;30.2;0.5;0.1;0.6;0.03
sainsburys-moroccan-burgers-320g;Sainsbury's Moroccan Burgers 320g;£1.80/unit;£5.63/kg;meat-free-vegetarian;161;4.0;19.7;1.8;6.1;0.4;5.7;0.49
sainsburys-moroccan-cous-cous--taste-the-difference-460g;Sainsbury's Moroccan Cous Cous, Taste the Difference 460g;£4.00/unit;£0.87/100g;coleslaw--olives--salads---dips-30658-44;205;4.6;34.5;9.5;4.9;0.5;2.2;0.50
sainsburys-moroccan-cous-cous--taste-the-difference-460g;Sainsbury's Moroccan Cous Cous, Taste the Difference 460g;£4.00/unit;£0.87/100g;coleslaw-salads;205;4.6;34.5;9.5;4.9;0.5;2.2;0.50
sainsburys-moroccan-cous-cous--taste-the-difference-460g;Sainsbury's Moroccan Cous Cous, Taste the Difference 460g;£4.00/unit;£0.87/100g;dressings-coleslaw-accompaniments;205;4.6;34.5;9.5;4.9;0.5;2.2;0.50
sainsburys-moroccan-cous-cous--taste-the-difference-460g;Sainsbury's Moroccan Cous Cous, Taste the Difference 460g;£4.00/unit;£0.87/100g;lunchtime-snacks;205;4.6;34.5;9.5;4.9;0.5;2.2;0.50
sainsburys-moroccan-cous-cous--taste-the-difference-460g;Sainsbury's Moroccan Cous Cous, Taste the Difference 460g;£4.00/unit;£0.87/100g;prepared-salad-herbs;205;4.6;34.5;9.5;4.9;0.5;2.2;0.50
sainsburys-moroccan-cous-cous-salad--taste-the-difference-200g;Sainsbury's Moroccan Cous Cous, Taste the Difference 200g;£2.00/unit;£1.00/100g;coleslaw--olives--salads---dips-30658-44;205;4.6;34.5;9.5;4.9;0.5;2.2;0.50
sainsburys-moroccan-cous-cous-salad--taste-the-difference-200g;Sainsbury's Moroccan Cous Cous, Taste the Difference 200g;£2.00/unit;£1.00/100g;coleslaw-salads;205;4.6;34.5;9.5;4.9;0.5;2.2;0.50
sainsburys-moroccan-cous-cous-salad--taste-the-difference-200g;Sainsbury's Moroccan Cous Cous, Taste the Difference 200g;£2.00/unit;£1.00/100g;dressings-coleslaw-accompaniments;205;4.6;34.5;9.5;4.9;0.5;2.2;0.50
sainsburys-moroccan-cous-cous-salad--taste-the-difference-200g;Sainsbury's Moroccan Cous Cous, Taste the Difference 200g;£2.00/unit;£1.00/100g;prepared-salad-herbs;205;4.6;34.5;9.5;4.9;0.5;2.2;0.50
sainsburys-moroccan-spiced-chicken---chickpea-soup--taste-the-difference-600g;Sainsbury's Moroccan Spiced Chicken Soup, Taste the Difference 600g;£2.00/unit;£0.33/100g;fresh-soups;65;3.9;8.2;4.6;1.3;0.2;2.6;0.32
sainsburys-moroccan-style-salad-bowl--taste-the-difference-170g;Sainsbury's Moroccan Style Salad Bowl, Taste the Difference 170g;£2.50/unit;£1.47/100g;coleslaw--olives--salads---dips-30658-44;122;2.5;21.2;17.0;2.1;0.2;4.1;0.48
sainsburys-moroccan-style-salad-bowl--taste-the-difference-170g;Sainsbury's Moroccan Style Salad Bowl, Taste the Difference 170g;£2.50/unit;£1.47/100g;coleslaw-salads;122;2.5;21.2;17.0;2.1;0.2;4.1;0.48
sainsburys-moroccan-style-salad-bowl--taste-the-difference-170g;Sainsbury's Moroccan Style Salad Bowl, Taste the Difference 170g;£2.50/unit;£1.47/100g;fresh-salad-prepared-ready-to-eat;122;2.5;21.2;17.0;2.1;0.2;4.1;0.48
sainsburys-moroccan-style-salad-bowl--taste-the-difference-170g;Sainsbury's Moroccan Style Salad Bowl, Taste the Difference 170g;£2.50/unit;£1.47/100g;prepared-salad-herbs;122;2.5;21.2;17.0;2.1;0.2;4.1;0.48
sainsburys-morrocan-topped-houmous-200g;Sainsbury's Moroccan Topped Houmous 200g;£1.55/unit;£0.78/100g;deli-meat-alternatives;237;6.6;10.1;2.5;17.6;2.1;6.5;0.78
sainsburys-morrocan-topped-houmous-200g;Sainsbury's Moroccan Topped Houmous 200g;£1.55/unit;£0.78/100g;fresh-dips-houmous;237;6.6;10.1;2.5;17.6;2.1;6.5;0.78
sainsburys-mortadella-bologna-igp--taste-the-difference-130g;Sainsbury's Italian Mortadella, Taste the Difference 130g;£3.00/unit;£2.31/100g;continental-meats;288;16.1;0.5;0.5;24.8;11.3;0.5;2.15
sainsburys-mortadella-bologna-igp--taste-the-difference-130g;Sainsbury's Italian Mortadella, Taste the Difference 130g;£3.00/unit;£2.31/100g;cooked-meats-taste-the-difference;288;16.1;0.5;0.5;24.8;11.3;0.5;2.15
sainsburys-mortadella-bologna-igp--taste-the-difference-130g;Sainsbury's Italian Mortadella, Taste the Difference 130g;£3.00/unit;£2.31/100g;mfp-continental-meats;288;16.1;0.5;0.5;24.8;11.3;0.5;2.15
sainsburys-mortadella-bologna-igp--taste-the-difference-130g;Sainsbury's Italian Mortadella, Taste the Difference 130g;£3.00/unit;£2.31/100g;mfp-cooked-meats-snacking-taste-the-difference;288;16.1;0.5;0.5;24.8;11.3;0.5;2.15
sainsburys-moscatel-de-valencia--spanish-75cl;Sainsbury's Moscatel de Valencia, Spanish 75cl;£5.00/unit;£5.00/75cl;dessert-wine;-1;-1;-1;-1;-1;-1;-1;0.00
sainsburys-moussaka--taste-the-difference-800g-7332067-p-44;Sainsbury's Moussaka, Taste the Difference 800g;£5.40/unit;£6.75/kg;mediterranean-other-cuisine-ready-meals;191;8.2;13.0;4.0;10.3;5.7;7.0;0.63
sainsburys-moussaka--taste-the-difference-800g-7332067-p-44;Sainsbury's Moussaka, Taste the Difference 800g;£5.40/unit;£6.75/kg;taste-the-difference-bistro-ready-meals;191;8.2;13.0;4.0;10.3;5.7;7.0;0.63
sainsburys-mousse-lemon-6x625g;Sainsbury's Mousse Lemon 6x62.5g;£1.00/unit;£0.27/100g;rice-dessert-style-yogurts;184;2.8;24.1;20.5;8.4;7.0;0.5;0.22
sainsburys-mousse-strawberry-6x625g;Sainsbury's Mousse Strawberry 6x62.5g;£1.00/unit;£0.27/100g;rice-dessert-style-yogurts;161;2.7;20.0;16.9;7.7;6.4;0.5;0.22
sainsburys-mozzarella---sunblushed-tomato-12-pizza--taste-the-difference;Sainsbury's Mozzarella & Sunblushed Tomato Pizza, Taste the Difference 12'' 515g;£5.00/unit;£9.71/kg;pizza;257;12.3;31.0;2.6;8.8;3.9;2.4;0.90
sainsburys-mozzarella---sunblushed-tomato-12-pizza--taste-the-difference;Sainsbury's Mozzarella & Sunblushed Tomato Pizza, Taste the Difference 12'' 515g;£5.00/unit;£9.71/kg;vegetarian-meat-free-pizza-pasta;257;12.3;31.0;2.6;8.8;3.9;2.4;0.90
sainsburys-mozzarella--so-organic-125g;Sainsbury's Mozzarella, SO Organic 125g;£1.25/unit;£10.00/kg;organic-taste-the-difference-cheese;219;17.0;0.7;0.5;16.5;11.5;0.5;0.50
sainsburys-mozzarella-fingers-with-cream-cheese-bites-270g;Sainsbury's Mozzarella Fingers With Cream Cheese Bites 270g;£3.00/unit;£11.11/kg;potato-vegetable-side-dishes;304;13.2;27.7;1.9;15.3;5.3;1.3;1.17
sainsburys-mozzarella-pesto-stonebked-pizza-414g;Sainsbury's Stonebaked Mozzarella & Pesto Pizza 414g;£2.60/unit;£6.28/kg;frozen-pizza-garlic-bread;258;10.5;28.3;3.0;10.7;3.4;3.3;1.17
sainsburys-mozzarella-slices-200g;Sainsbury's Mozzarella Slices 200g;£1.75/unit;£8.75/kg;sliced-grated-cheese;297;26.0;1.0;1.0;21.0;13.7;0.5;1.25
sainsburys-mozzarella-tomato---pesto-sld;Sainsbury's Mozzarella Tomato & Pesto Salad 245g;£3.20/unit;£1.31/100g;coleslaw-salads;191;6.9;21.9;1.7;8.0;2.3;2.0;0.63
sainsburys-mozzarella-tomato---pesto-sld;Sainsbury's Mozzarella Tomato & Pesto Salad 245g;£3.20/unit;£1.31/100g;fresh-salad-prepared-ready-to-eat;191;6.9;21.9;1.7;8.0;2.3;2.0;0.63
sainsburys-mozzarella-tomato---pesto-sld;Sainsbury's Mozzarella Tomato & Pesto Salad 245g;£3.20/unit;£1.31/100g;lunchtime-snacks;191;6.9;21.9;1.7;8.0;2.3;2.0;0.63
sainsburys-mozzarella-tomato---pesto-sld;Sainsbury's Mozzarella Tomato & Pesto Salad 245g;£3.20/unit;£1.31/100g;prepared-salad-herbs;191;6.9;21.9;1.7;8.0;2.3;2.0;0.63
sainsburys-msc-peeled-prawns-200g;Sainsbury's MSC Peeled Prawns 200g;£3.00/unit;£1.50/100g;canapes-snacking;26061;14.1;0.5;0.5;0.5;0.1;0.5;1.40
sainsburys-msc-peeled-prawns-200g;Sainsbury's MSC Peeled Prawns 200g;£3.00/unit;£1.50/100g;cooked-fish-seafood;26061;14.1;0.5;0.5;0.5;0.1;0.5;1.40
sainsburys-msc-peeled-prawns-200g;Sainsbury's MSC Peeled Prawns 200g;£3.00/unit;£1.50/100g;great-prices-on-meat---fish;26061;14.1;0.5;0.5;0.5;0.1;0.5;1.40
sainsburys-msc-peeled-prawns-200g;Sainsbury's MSC Peeled Prawns 200g;£3.00/unit;£1.50/100g;mfp-cooked-fish-seafood;26061;14.1;0.5;0.5;0.5;0.1;0.5;1.40
sainsburys-msc-peeled-prawns-200g;Sainsbury's MSC Peeled Prawns 200g;£3.00/unit;£1.50/100g;prawns-shellfish;26061;14.1;0.5;0.5;0.5;0.1;0.5;1.40
sainsburys-muffins--basics-x6;Sainsbury's Muffins, Basics x6;£0.70/unit;£0.18/100g;crumpets-breakfast-muffins-pancakes;262;11;48;5.2;2.5;0.7;3.1;1.0
sainsburys-mull-of-kintyre-extra-mature--taste-the-difference-400g;Sainsbury's Mull Of Kintyre Extra Mature Cheddar, Taste the Difference 400g;£3.50/unit;£8.75/kg;cheddar-british-regional-cheese;416;25.4;0.5;0.5;34.9;21.7;0.5;1.80
sainsburys-mull-of-kintyre-extra-mature--taste-the-difference-400g;Sainsbury's Mull Of Kintyre Extra Mature Cheddar, Taste the Difference 400g;£3.50/unit;£8.75/kg;cheeseboard-delights;416;25.4;0.5;0.5;34.9;21.7;0.5;1.80
sainsburys-mull-of-kintyre-extra-mature--taste-the-difference-400g;Sainsbury's Mull Of Kintyre Extra Mature Cheddar, Taste the Difference 400g;£3.50/unit;£8.75/kg;organic-taste-the-difference-cheese;416;25.4;0.5;0.5;34.9;21.7;0.5;1.80
sainsburys-multi-grain-tagliatelle--be-good-to-yourself-500g;Sainsbury's Fresh Egg Multigrain Tagliatelle 500g;£1.65/unit;£3.30/kg;fresh-pasta-sauces;161;7.0;26.0;0.5;2.5;0.7;3.0;0.03
sainsburys-multi-grain-tagliatelle--be-good-to-yourself-500g;Sainsbury's Fresh Egg Multigrain Tagliatelle 500g;£1.65/unit;£3.30/kg;vegetarian-meat-free-pizza-pasta;161;7.0;26.0;0.5;2.5;0.7;3.0;0.03
sainsburys-multiseeded-bloomer--taste-the-difference-400g;Sainsbury's Multiseeded Bloomer, Taste the Difference 400g;£1.15/unit;£0.29/100g;seeded-grains-bread;256;12.0;39.7;4.3;3.6;0.4;8.8;0.84
sainsburys-multiseeded-bloomer--taste-the-difference-400g;Sainsbury's Multiseeded Bloomer, Taste the Difference 400g;£1.15/unit;£0.29/100g;small-loaves;256;12.0;39.7;4.3;3.6;0.4;8.8;0.84
sainsburys-multiseeded-wholemeal-bread--so-organic-400g;Sainsbury's Multiseeded Wholemeal Bread, SO Organic 400g;£1.00/unit;£0.25/100g;small-loaves;263;11.8;30.9;3.0;7.4;0.7;12.9;0.98
sainsburys-multiseeded-wholemeal-bread--so-organic-400g;Sainsbury's Multiseeded Wholemeal Bread, SO Organic 400g;£1.00/unit;£0.25/100g;wholemeal-brown-bread;263;11.8;30.9;3.0;7.4;0.7;12.9;0.98
sainsburys-multivitimin---multifruit-juice--not-from-concentrate-1l;Sainsbury's Multivitimin & Multifruit Juice, Not From Concentrate 1L;£1.40/unit;£0.14/100ml;chilled-fruit-juice;49;0.5;11.2;11.0;0.5;0.1;0.5;0.01
sainsburys-munchies-cookie-x5;Sainsbury's Munchies Cookie x5;£1.20/unit;£0.24/ea;doughnuts-cookies;Per 100g nutrition not found
sainsburys-munchies-cookie-x5;Sainsbury's Munchies Cookie x5;£1.20/unit;£0.24/ea;instore-bakery-doughnuts-cookies;Per 100g nutrition not found
sainsburys-muscat-de-st-jean-de-minervois-375cl;Sainsbury's Winemakers' Muscat de St Jean De Minervois 37.5cl;£5.00/unit;£10.00/75cl;buyer-recommends;117;-1;-1;-1;-1;-1;-1;-1
sainsburys-muscat-de-st-jean-de-minervois-375cl;Sainsbury's Winemakers' Muscat de St Jean De Minervois 37.5cl;£5.00/unit;£10.00/75cl;dessert-wine;117;-1;-1;-1;-1;-1;-1;-1
sainsburys-mushroom---farmhouse-cheddar-quiche-400g;Sainsbury's Mushroom & Farmhouse Cheddar Quiche 400g;£2.40/unit;£0.60/100g;quiche;224;6.5;17.6;2.2;13.5;4.5;2.8;0.48
sainsburys-mushroom---pea-masala-%28medium---rich%29-300g;Sainsbury's Mushroom & Pea Masala 300g;£1.75/unit;£5.83/kg;coleslaw--olives--salads---dips-30658-44;88;3.3;5.2;3.5;4.9;0.6;5.1;0.69
sainsburys-mushroom---pea-masala-%28medium---rich%29-300g;Sainsbury's Mushroom & Pea Masala 300g;£1.75/unit;£5.83/kg;indian-ready-meals;88;3.3;5.2;3.5;4.9;0.6;5.1;0.69
sainsburys-mushroom---pea-masala-%28medium---rich%29-300g;Sainsbury's Mushroom & Pea Masala 300g;£1.75/unit;£5.83/kg;potato-vegetable-side-dishes;88;3.3;5.2;3.5;4.9;0.6;5.1;0.69
sainsburys-mushroom---pea-masala-%28medium---rich%29-300g;Sainsbury's Mushroom & Pea Masala 300g;£1.75/unit;£5.83/kg;vegetarian-meat-free-ready-meals;88;3.3;5.2;3.5;4.9;0.6;5.1;0.69
sainsburys-mushroom---pinot-grigio-margherite--taste-the-difference-250g;Sainsbury's Mushroom & Pinot Grigio Margherite, Taste the Difference 250g;£2.50/unit;£10.00/kg;fresh-pasta-sauces;154;6.6;18.1;2.4;5.5;2.4;2.6;1.00
sainsburys-mushroom---spinach-crispbakes-x2-227g;Sainsbury's Mushroom & Spinach Crispbakes x2 227g;£1.00/unit;£4.41/kg;meat-free-vegetarian;215;5.3;28.3;2.3;8.3;2.2;2.7;0.78
sainsburys-mushroom-butternut-sqh-risotto--taste-the-difference-400g;Sainsbury's Mushroom & Butternut Squash Risotto, Taste the Difference 400g;£3.30/unit;£8.25/kg;italian-ready-meals;133;2.8;15.3;1.6;5.7;1.3;4.6;0.53
sainsburys-mushroom-butternut-sqh-risotto--taste-the-difference-400g;Sainsbury's Mushroom & Butternut Squash Risotto, Taste the Difference 400g;£3.30/unit;£8.25/kg;meals-for-1-ready-meals;133;2.8;15.3;1.6;5.7;1.3;4.6;0.53
sainsburys-mushroom-butternut-sqh-risotto--taste-the-difference-400g;Sainsbury's Mushroom & Butternut Squash Risotto, Taste the Difference 400g;£3.30/unit;£8.25/kg;taste-the-difference-bistro-ready-meals;133;2.8;15.3;1.6;5.7;1.3;4.6;0.53
sainsburys-mushroom-butternut-sqh-risotto--taste-the-difference-400g;Sainsbury's Mushroom & Butternut Squash Risotto, Taste the Difference 400g;£3.30/unit;£8.25/kg;vegetarian-meat-free-ready-meals;133;2.8;15.3;1.6;5.7;1.3;4.6;0.53
sainsburys-mushroom-p%C3%A2t%C3%A9-115g;Sainsbury's Mushroom Pâté 115g;£1.00/unit;£0.87/100g;deli-meat-alternatives;147;3.9;5.8;0.6;11.6;4.0;-1;0.38
sainsburys-mushroom-p%C3%A2t%C3%A9-115g;Sainsbury's Mushroom Pâté 115g;£1.00/unit;£0.87/100g;pate;147;3.9;5.8;0.6;11.6;4.0;-1;0.38
sainsburys-mushroom-pilau-rice-%28mild---fragrant%29-250g;Sainsbury's Mushroom Pilau Rice 250g;£1.50/unit;£6.00/kg;indian-ready-meals;146;3.3;24.8;0.7;3.1;0.2;2.9;0.45
sainsburys-mushroom-pilau-rice-%28mild---fragrant%29-250g;Sainsbury's Mushroom Pilau Rice 250g;£1.50/unit;£6.00/kg;vegetarian-meat-free-ready-meals;146;3.3;24.8;0.7;3.1;0.2;2.9;0.45
sainsburys-mushroom-risotto-430g;Sainsbury's Mushroom Risotto 430g;£2.30/unit;£5.35/kg;italian-ready-meals;130;2.3;16.8;0.9;5.8;2.9;0.6;0.60
sainsburys-mushroom-risotto-430g;Sainsbury's Mushroom Risotto 430g;£2.30/unit;£5.35/kg;meals-for-1-ready-meals;130;2.3;16.8;0.9;5.8;2.9;0.6;0.60
sainsburys-mushroom-sauce-350g;Sainsbury's Mushroom Sauce 350g;£1.40/unit;£0.40/100g;fresh-pasta-sauces;73;2.0;6.7;1.8;4.1;2.1;0.5;0.78
sainsburys-mushroom-sauce-350g;Sainsbury's Mushroom Sauce 350g;£1.40/unit;£0.40/100g;vegetarian-meat-free-pizza-pasta;73;2.0;6.7;1.8;4.1;2.1;0.5;0.78
sainsburys-mushroom-soup-600g;Sainsbury's Mushroom Soup 600g;£1.40/unit;£0.23/100g;fresh-soups;33;1.4;3.2;0.5;1.5;0.6;0.5;0.50
sainsburys-mushroom-stir-fry-350g;Sainsbury's Mushroom Stir Fry 350g;£1.50/unit;£0.43/100g;asian-ingredients;64;2.0;3.6;2.7;4.1;0.4;2.1;0.04
sainsburys-mushroom-stir-fry-350g;Sainsbury's Mushroom Stir Fry 350g;£1.50/unit;£0.43/100g;fresh-vegetables-stir-fry;64;2.0;3.6;2.7;4.1;0.4;2.1;0.04
sainsburys-mushroom-stir-fry-350g;Sainsbury's Mushroom Stir Fry 350g;£1.50/unit;£0.43/100g;fresh-vegetables-world-exotic;64;2.0;3.6;2.7;4.1;0.4;2.1;0.04
sainsburys-mushroom-stir-fry-350g;Sainsbury's Mushroom Stir Fry 350g;£1.50/unit;£0.43/100g;mushrooms;64;2.0;3.6;2.7;4.1;0.4;2.1;0.04
sainsburys-mushroom-stir-fry-350g;Sainsbury's Mushroom Stir Fry 350g;£1.50/unit;£0.43/100g;prepared-stir-fry;64;2.0;3.6;2.7;4.1;0.4;2.1;0.04
sainsburys-mushroom-stir-fry-350g;Sainsbury's Mushroom Stir Fry 350g;£1.50/unit;£0.43/100g;prepared-vegetables;64;2.0;3.6;2.7;4.1;0.4;2.1;0.04
sainsburys-mushroom-strognoff--taste-the-difference-415g;Sainsbury's Mushroom Stroganoff & Wild Rice, Taste The Difference 380g;£4.00/unit;£10.53/kg;healthier-choice-ready-meals;85;3.0;14.3;2.3;1.2;0.6;2.5;0.49
sainsburys-mushroom-strognoff--taste-the-difference-415g;Sainsbury's Mushroom Stroganoff & Wild Rice, Taste The Difference 380g;£4.00/unit;£10.53/kg;meals-for-1-ready-meals;85;3.0;14.3;2.3;1.2;0.6;2.5;0.49
sainsburys-mushroom-strognoff--taste-the-difference-415g;Sainsbury's Mushroom Stroganoff & Wild Rice, Taste The Difference 380g;£4.00/unit;£10.53/kg;mediterranean-other-cuisine-ready-meals;85;3.0;14.3;2.3;1.2;0.6;2.5;0.49
sainsburys-mushroom-strognoff--taste-the-difference-415g;Sainsbury's Mushroom Stroganoff & Wild Rice, Taste The Difference 380g;£4.00/unit;£10.53/kg;taste-the-difference-bistro-ready-meals;85;3.0;14.3;2.3;1.2;0.6;2.5;0.49
sainsburys-mushroom-strognoff--taste-the-difference-415g;Sainsbury's Mushroom Stroganoff & Wild Rice, Taste The Difference 380g;£4.00/unit;£10.53/kg;vegetarian-meat-free-ready-meals;85;3.0;14.3;2.3;1.2;0.6;2.5;0.49
sainsburys-mushroom-strognoff--taste-the-difference-415g;Sainsbury's Mushroom Stroganoff & Wild Rice, Taste The Difference 380g;£4.00/unit;£10.53/kg;vegetarian-ready-meals;85;3.0;14.3;2.3;1.2;0.6;2.5;0.49
sainsburys-mushrooms--basics-400g;Sainsbury's Mushrooms, Basics 400g;£0.90/unit;£2.25/kg;mushrooms;160;2.4;0.5;0.5;16.2;10.7;1.5;0.40
sainsburys-mushy-peas-twinpack-300g;Sainsbury's Mushy Peas Twinpack 300g;£0.75/unit;£2.50/kg;frozen-vegetables;93;5.8;12.3;0.7;0.6;0.2;7.8;0.29
sainsburys-my-goodnesgreen-thai-chick-curry-380g;Sainsbury's My Goodness! Thai Green Chicken Curry & Rice 380g;£3.50/unit;£9.21/kg;healthier-choice-ready-meals;97;7.5;11.1;1.8;2.4;1.4;0.8;0.31
sainsburys-my-goodnesgreen-thai-chick-curry-380g;Sainsbury's My Goodness! Thai Green Chicken Curry & Rice 380g;£3.50/unit;£9.21/kg;lunchtime-snacks;97;7.5;11.1;1.8;2.4;1.4;0.8;0.31
sainsburys-my-goodnesgreen-thai-chick-curry-380g;Sainsbury's My Goodness! Thai Green Chicken Curry & Rice 380g;£3.50/unit;£9.21/kg;meals-for-1-ready-meals;97;7.5;11.1;1.8;2.4;1.4;0.8;0.31
sainsburys-my-goodnesgreen-thai-chick-curry-380g;Sainsbury's My Goodness! Thai Green Chicken Curry & Rice 380g;£3.50/unit;£9.21/kg;my-goodness%21;97;7.5;11.1;1.8;2.4;1.4;0.8;0.31
sainsburys-my-goodnesgreen-thai-chick-curry-380g;Sainsbury's My Goodness! Thai Green Chicken Curry & Rice 380g;£3.50/unit;£9.21/kg;oriental-ready-meals;97;7.5;11.1;1.8;2.4;1.4;0.8;0.31
sainsburys-my-goodness%21-chargrill-vegetable-risotto-380g;Sainsbury's My Goodness! Mediterranean Vegetable Risotto 380g;£2.00/unit;£5.26/kg;healthier-choice-ready-meals;90;2.4;15.7;4.0;1.7;0.3;1.0;0.37
sainsburys-my-goodness%21-chargrill-vegetable-risotto-380g;Sainsbury's My Goodness! Mediterranean Vegetable Risotto 380g;£2.00/unit;£5.26/kg;italian-ready-meals;90;2.4;15.7;4.0;1.7;0.3;1.0;0.37
sainsburys-my-goodness%21-chargrill-vegetable-risotto-380g;Sainsbury's My Goodness! Mediterranean Vegetable Risotto 380g;£2.00/unit;£5.26/kg;lunchtime-snacks;90;2.4;15.7;4.0;1.7;0.3;1.0;0.37
sainsburys-my-goodness%21-chargrill-vegetable-risotto-380g;Sainsbury's My Goodness! Mediterranean Vegetable Risotto 380g;£2.00/unit;£5.26/kg;meals-for-1-ready-meals;90;2.4;15.7;4.0;1.7;0.3;1.0;0.37
sainsburys-my-goodness%21-chargrill-vegetable-risotto-380g;Sainsbury's My Goodness! Mediterranean Vegetable Risotto 380g;£2.00/unit;£5.26/kg;my-goodness%21;90;2.4;15.7;4.0;1.7;0.3;1.0;0.37
sainsburys-my-goodness%21-chicken---prawn-paella-380g;Sainsbury's My Goodness! Chicken & Prawn Paella 380g;£3.50/unit;£9.21/kg;healthier-choice-ready-meals;114;9.0;12.3;2.6;2.7;0.7;2.4;0.33
sainsburys-my-goodness%21-chicken---prawn-paella-380g;Sainsbury's My Goodness! Chicken & Prawn Paella 380g;£3.50/unit;£9.21/kg;lunchtime-snacks;114;9.0;12.3;2.6;2.7;0.7;2.4;0.33
sainsburys-my-goodness%21-chicken---prawn-paella-380g;Sainsbury's My Goodness! Chicken & Prawn Paella 380g;£3.50/unit;£9.21/kg;meals-for-1-ready-meals;114;9.0;12.3;2.6;2.7;0.7;2.4;0.33
sainsburys-my-goodness%21-chicken---prawn-paella-380g;Sainsbury's My Goodness! Chicken & Prawn Paella 380g;£3.50/unit;£9.21/kg;mediterranean-other-cuisine-ready-meals;114;9.0;12.3;2.6;2.7;0.7;2.4;0.33
sainsburys-my-goodness%21-chicken---prawn-paella-380g;Sainsbury's My Goodness! Chicken & Prawn Paella 380g;£3.50/unit;£9.21/kg;my-goodness%21;114;9.0;12.3;2.6;2.7;0.7;2.4;0.33
sainsburys-my-goodness%21-chicken---prawn-singapore-noodles-380g;Sainsbury's My Goodness! Chicken & Prawn Singapore Noodles 380g;£3.50/unit;£9.21/kg;healthier-choice-ready-meals;107;6.1;12.1;2.4;3.4;1.6;1.7;0.40
sainsburys-my-goodness%21-chicken---prawn-singapore-noodles-380g;Sainsbury's My Goodness! Chicken & Prawn Singapore Noodles 380g;£3.50/unit;£9.21/kg;lunchtime-snacks;107;6.1;12.1;2.4;3.4;1.6;1.7;0.40
sainsburys-my-goodness%21-chicken---prawn-singapore-noodles-380g;Sainsbury's My Goodness! Chicken & Prawn Singapore Noodles 380g;£3.50/unit;£9.21/kg;meals-for-1-ready-meals;107;6.1;12.1;2.4;3.4;1.6;1.7;0.40
sainsburys-my-goodness%21-chicken---prawn-singapore-noodles-380g;Sainsbury's My Goodness! Chicken & Prawn Singapore Noodles 380g;£3.50/unit;£9.21/kg;my-goodness%21;107;6.1;12.1;2.4;3.4;1.6;1.7;0.40
sainsburys-my-goodness%21-chicken---prawn-singapore-noodles-380g;Sainsbury's My Goodness! Chicken & Prawn Singapore Noodles 380g;£3.50/unit;£9.21/kg;oriental-ready-meals;107;6.1;12.1;2.4;3.4;1.6;1.7;0.40
sainsburys-my-goodness%21-chilli-prawn-linguine-pasta-380g;Sainsbury's My Goodness! Chilli Prawn Linguine Pasta 380g;£3.50/unit;£9.21/kg;healthier-choice-ready-meals;107;5.6;15.3;2.6;2.2;0.2;1.4;0.47
sainsburys-my-goodness%21-chilli-prawn-linguine-pasta-380g;Sainsbury's My Goodness! Chilli Prawn Linguine Pasta 380g;£3.50/unit;£9.21/kg;italian-ready-meals;107;5.6;15.3;2.6;2.2;0.2;1.4;0.47
sainsburys-my-goodness%21-chilli-prawn-linguine-pasta-380g;Sainsbury's My Goodness! Chilli Prawn Linguine Pasta 380g;£3.50/unit;£9.21/kg;lunchtime-snacks;107;5.6;15.3;2.6;2.2;0.2;1.4;0.47
sainsburys-my-goodness%21-chilli-prawn-linguine-pasta-380g;Sainsbury's My Goodness! Chilli Prawn Linguine Pasta 380g;£3.50/unit;£9.21/kg;meals-for-1-ready-meals;107;5.6;15.3;2.6;2.2;0.2;1.4;0.47
sainsburys-my-goodness%21-chilli-prawn-linguine-pasta-380g;Sainsbury's My Goodness! Chilli Prawn Linguine Pasta 380g;£3.50/unit;£9.21/kg;my-goodness%21;107;5.6;15.3;2.6;2.2;0.2;1.4;0.47
sainsburys-my-goodness%21-chinese-chicken-chow-mein-350g;Sainsbury's My Goodness! Chinese Chicken Chow Mein 350g;£2.50/unit;£7.14/kg;healthier-choice-ready-meals;82;4.2;12.0;2.6;1.4;0.2;2.0;0.39
sainsburys-my-goodness%21-chinese-chicken-chow-mein-350g;Sainsbury's My Goodness! Chinese Chicken Chow Mein 350g;£2.50/unit;£7.14/kg;lunchtime-snacks;82;4.2;12.0;2.6;1.4;0.2;2.0;0.39
sainsburys-my-goodness%21-chinese-chicken-chow-mein-350g;Sainsbury's My Goodness! Chinese Chicken Chow Mein 350g;£2.50/unit;£7.14/kg;meals-for-1-ready-meals;82;4.2;12.0;2.6;1.4;0.2;2.0;0.39
sainsburys-my-goodness%21-chinese-chicken-chow-mein-350g;Sainsbury's My Goodness! Chinese Chicken Chow Mein 350g;£2.50/unit;£7.14/kg;my-goodness%21;82;4.2;12.0;2.6;1.4;0.2;2.0;0.39
sainsburys-my-goodness%21-chinese-chicken-chow-mein-350g;Sainsbury's My Goodness! Chinese Chicken Chow Mein 350g;£2.50/unit;£7.14/kg;oriental-ready-meals;82;4.2;12.0;2.6;1.4;0.2;2.0;0.39
sainsburys-my-goodness%21-classic-roast-chicken-dinner-380g;Sainsbury's My Goodness! Classic Roast Chicken Dinner 380g;£3.50/unit;£9.21/kg;british-ready-meals;81;8.4;7.7;2.2;1.5;0.3;1.8;0.27
sainsburys-my-goodness%21-classic-roast-chicken-dinner-380g;Sainsbury's My Goodness! Classic Roast Chicken Dinner 380g;£3.50/unit;£9.21/kg;healthier-choice-ready-meals;81;8.4;7.7;2.2;1.5;0.3;1.8;0.27
sainsburys-my-goodness%21-classic-roast-chicken-dinner-380g;Sainsbury's My Goodness! Classic Roast Chicken Dinner 380g;£3.50/unit;£9.21/kg;lunchtime-snacks;81;8.4;7.7;2.2;1.5;0.3;1.8;0.27
sainsburys-my-goodness%21-classic-roast-chicken-dinner-380g;Sainsbury's My Goodness! Classic Roast Chicken Dinner 380g;£3.50/unit;£9.21/kg;meals-for-1-ready-meals;81;8.4;7.7;2.2;1.5;0.3;1.8;0.27
sainsburys-my-goodness%21-classic-roast-chicken-dinner-380g;Sainsbury's My Goodness! Classic Roast Chicken Dinner 380g;£3.50/unit;£9.21/kg;my-goodness%21;81;8.4;7.7;2.2;1.5;0.3;1.8;0.27
sainsburys-my-goodness%21-creamy-smoked-haddock-risotto-380g;Sainsbury's My Goodness! Creamy Smoked Haddock Risotto 380g;£2.00/unit;£5.26/kg;healthier-choice-ready-meals;109;5.6;14.9;1.5;2.8;1.0;1.3;0.47
sainsburys-my-goodness%21-creamy-smoked-haddock-risotto-380g;Sainsbury's My Goodness! Creamy Smoked Haddock Risotto 380g;£2.00/unit;£5.26/kg;italian-ready-meals;109;5.6;14.9;1.5;2.8;1.0;1.3;0.47
sainsburys-my-goodness%21-creamy-smoked-haddock-risotto-380g;Sainsbury's My Goodness! Creamy Smoked Haddock Risotto 380g;£2.00/unit;£5.26/kg;lunchtime-snacks;109;5.6;14.9;1.5;2.8;1.0;1.3;0.47
sainsburys-my-goodness%21-creamy-smoked-haddock-risotto-380g;Sainsbury's My Goodness! Creamy Smoked Haddock Risotto 380g;£2.00/unit;£5.26/kg;meals-for-1-ready-meals;109;5.6;14.9;1.5;2.8;1.0;1.3;0.47
sainsburys-my-goodness%21-creamy-smoked-haddock-risotto-380g;Sainsbury's My Goodness! Creamy Smoked Haddock Risotto 380g;£2.00/unit;£5.26/kg;my-goodness%21;109;5.6;14.9;1.5;2.8;1.0;1.3;0.47
sainsburys-my-goodness%21-laksa-chicken-noodle-soup-380g;Sainsbury's My Goodness! Laksa Chicken Noodle Soup 380g;£3.00/unit;£7.89/kg;fresh-soups;86;4.7;10.7;3.2;2.3;1.2;1.7;0.48
sainsburys-my-goodness%21-laksa-chicken-noodle-soup-380g;Sainsbury's My Goodness! Laksa Chicken Noodle Soup 380g;£3.00/unit;£7.89/kg;healthier-choice-ready-meals;86;4.7;10.7;3.2;2.3;1.2;1.7;0.48
sainsburys-my-goodness%21-laksa-chicken-noodle-soup-380g;Sainsbury's My Goodness! Laksa Chicken Noodle Soup 380g;£3.00/unit;£7.89/kg;lunchtime-snacks;86;4.7;10.7;3.2;2.3;1.2;1.7;0.48
sainsburys-my-goodness%21-laksa-chicken-noodle-soup-380g;Sainsbury's My Goodness! Laksa Chicken Noodle Soup 380g;£3.00/unit;£7.89/kg;meals-for-1-ready-meals;86;4.7;10.7;3.2;2.3;1.2;1.7;0.48
sainsburys-my-goodness%21-laksa-chicken-noodle-soup-380g;Sainsbury's My Goodness! Laksa Chicken Noodle Soup 380g;£3.00/unit;£7.89/kg;my-goodness%21;86;4.7;10.7;3.2;2.3;1.2;1.7;0.48
sainsburys-my-goodness%21-laksa-chicken-noodle-soup-380g;Sainsbury's My Goodness! Laksa Chicken Noodle Soup 380g;£3.00/unit;£7.89/kg;oriental-ready-meals;86;4.7;10.7;3.2;2.3;1.2;1.7;0.48
sainsburys-my-goodness%21-mexican-chicken-flatbread-230g;Sainsbury's My Goodness! Mexican Chicken Flatbread 230g;£3.50/unit;£1.56/100g;healthier-choice-ready-meals;150;7.8;16.8;3.9;5.2;2.3;2.3;0.53
sainsburys-my-goodness%21-mexican-chicken-flatbread-230g;Sainsbury's My Goodness! Mexican Chicken Flatbread 230g;£3.50/unit;£1.56/100g;lunchtime-snacks;150;7.8;16.8;3.9;5.2;2.3;2.3;0.53
sainsburys-my-goodness%21-mexican-chicken-flatbread-230g;Sainsbury's My Goodness! Mexican Chicken Flatbread 230g;£3.50/unit;£1.56/100g;meals-for-1-ready-meals;150;7.8;16.8;3.9;5.2;2.3;2.3;0.53
sainsburys-my-goodness%21-mexican-chicken-flatbread-230g;Sainsbury's My Goodness! Mexican Chicken Flatbread 230g;£3.50/unit;£1.56/100g;my-goodness%21;150;7.8;16.8;3.9;5.2;2.3;2.3;0.53
sainsburys-my-goodness%21-prawns-with-orzo-350g;Sainsbury's My Goodness! Prawns With Orzo Pasta 350g;£2.50/unit;£7.14/kg;healthier-choice-ready-meals;99;3.9;15.1;2.6;2.2;0.4;1.5;0.54
sainsburys-my-goodness%21-prawns-with-orzo-350g;Sainsbury's My Goodness! Prawns With Orzo Pasta 350g;£2.50/unit;£7.14/kg;italian-ready-meals;99;3.9;15.1;2.6;2.2;0.4;1.5;0.54
sainsburys-my-goodness%21-prawns-with-orzo-350g;Sainsbury's My Goodness! Prawns With Orzo Pasta 350g;£2.50/unit;£7.14/kg;lunchtime-snacks;99;3.9;15.1;2.6;2.2;0.4;1.5;0.54
sainsburys-my-goodness%21-prawns-with-orzo-350g;Sainsbury's My Goodness! Prawns With Orzo Pasta 350g;£2.50/unit;£7.14/kg;meals-for-1-ready-meals;99;3.9;15.1;2.6;2.2;0.4;1.5;0.54
sainsburys-my-goodness%21-prawns-with-orzo-350g;Sainsbury's My Goodness! Prawns With Orzo Pasta 350g;£2.50/unit;£7.14/kg;my-goodness%21;99;3.9;15.1;2.6;2.2;0.4;1.5;0.54
sainsburys-my-goodness%21-red-thai-vegetable-curry-350g;Sainsbury's My Goodness! Red Thai Vegetable Curry & Rice 350g;£2.50/unit;£7.14/kg;healthier-choice-ready-meals;111;3.9;15.5;2.8;3.1;1.3;2.5;0.46
sainsburys-my-goodness%21-red-thai-vegetable-curry-350g;Sainsbury's My Goodness! Red Thai Vegetable Curry & Rice 350g;£2.50/unit;£7.14/kg;lunchtime-snacks;111;3.9;15.5;2.8;3.1;1.3;2.5;0.46
sainsburys-my-goodness%21-red-thai-vegetable-curry-350g;Sainsbury's My Goodness! Red Thai Vegetable Curry & Rice 350g;£2.50/unit;£7.14/kg;meals-for-1-ready-meals;111;3.9;15.5;2.8;3.1;1.3;2.5;0.46
sainsburys-my-goodness%21-red-thai-vegetable-curry-350g;Sainsbury's My Goodness! Red Thai Vegetable Curry & Rice 350g;£2.50/unit;£7.14/kg;my-goodness%21;111;3.9;15.5;2.8;3.1;1.3;2.5;0.46
sainsburys-my-goodness%21-red-thai-vegetable-curry-350g;Sainsbury's My Goodness! Red Thai Vegetable Curry & Rice 350g;£2.50/unit;£7.14/kg;oriental-ready-meals;111;3.9;15.5;2.8;3.1;1.3;2.5;0.46
sainsburys-my-goodness%21-red-thai-vegetable-curry-350g;Sainsbury's My Goodness! Red Thai Vegetable Curry & Rice 350g;£2.50/unit;£7.14/kg;vegetarian-meat-free-ready-meals;111;3.9;15.5;2.8;3.1;1.3;2.5;0.46
sainsburys-my-goodness%21-savoury-cous-cous-280g;Sainsbury's My Goodness! Savoury Cous Cous 280g;£3.50/unit;£1.25/100g;healthier-choice-ready-meals;124;4.5;19.0;5.5;2.8;0.5;2.3;0.35
sainsburys-my-goodness%21-savoury-cous-cous-280g;Sainsbury's My Goodness! Savoury Cous Cous 280g;£3.50/unit;£1.25/100g;lunchtime-snacks;124;4.5;19.0;5.5;2.8;0.5;2.3;0.35
sainsburys-my-goodness%21-savoury-cous-cous-280g;Sainsbury's My Goodness! Savoury Cous Cous 280g;£3.50/unit;£1.25/100g;meals-for-1-ready-meals;124;4.5;19.0;5.5;2.8;0.5;2.3;0.35
sainsburys-my-goodness%21-savoury-cous-cous-280g;Sainsbury's My Goodness! Savoury Cous Cous 280g;£3.50/unit;£1.25/100g;my-goodness%21;124;4.5;19.0;5.5;2.8;0.5;2.3;0.35
sainsburys-my-goodness%21-silky-butternut-squash-risotto-350g;Sainsbury's My Goodness! Silky Butternut Squash Risotto 350g;£2.50/unit;£7.14/kg;healthier-choice-ready-meals;95;1.9;17.9;2.7;1.5;0.2;1.7;0.41
sainsburys-my-goodness%21-silky-butternut-squash-risotto-350g;Sainsbury's My Goodness! Silky Butternut Squash Risotto 350g;£2.50/unit;£7.14/kg;italian-ready-meals;95;1.9;17.9;2.7;1.5;0.2;1.7;0.41
sainsburys-my-goodness%21-silky-butternut-squash-risotto-350g;Sainsbury's My Goodness! Silky Butternut Squash Risotto 350g;£2.50/unit;£7.14/kg;lunchtime-snacks;95;1.9;17.9;2.7;1.5;0.2;1.7;0.41
sainsburys-my-goodness%21-silky-butternut-squash-risotto-350g;Sainsbury's My Goodness! Silky Butternut Squash Risotto 350g;£2.50/unit;£7.14/kg;meals-for-1-ready-meals;95;1.9;17.9;2.7;1.5;0.2;1.7;0.41
sainsburys-my-goodness%21-silky-butternut-squash-risotto-350g;Sainsbury's My Goodness! Silky Butternut Squash Risotto 350g;£2.50/unit;£7.14/kg;my-goodness%21;95;1.9;17.9;2.7;1.5;0.2;1.7;0.41
sainsburys-my-goodness%21-silky-butternut-squash-risotto-350g;Sainsbury's My Goodness! Silky Butternut Squash Risotto 350g;£2.50/unit;£7.14/kg;vegetarian-meat-free-ready-meals;95;1.9;17.9;2.7;1.5;0.2;1.7;0.41
sainsburys-my-goodness%21-spanish-chicken-380g;Sainsbury's My Goodness! Spanish Chicken with Patatas Bravas 380g;£2.00/unit;£5.26/kg;healthier-choice-ready-meals;94;5.2;9.0;3.6;3.6;0.6;2.1;0.36
sainsburys-my-goodness%21-spanish-chicken-380g;Sainsbury's My Goodness! Spanish Chicken with Patatas Bravas 380g;£2.00/unit;£5.26/kg;lunchtime-snacks;94;5.2;9.0;3.6;3.6;0.6;2.1;0.36
sainsburys-my-goodness%21-spanish-chicken-380g;Sainsbury's My Goodness! Spanish Chicken with Patatas Bravas 380g;£2.00/unit;£5.26/kg;meals-for-1-ready-meals;94;5.2;9.0;3.6;3.6;0.6;2.1;0.36
sainsburys-my-goodness%21-spanish-chicken-380g;Sainsbury's My Goodness! Spanish Chicken with Patatas Bravas 380g;£2.00/unit;£5.26/kg;mediterranean-other-cuisine-ready-meals;94;5.2;9.0;3.6;3.6;0.6;2.1;0.36
sainsburys-my-goodness%21-spanish-chicken-380g;Sainsbury's My Goodness! Spanish Chicken with Patatas Bravas 380g;£2.00/unit;£5.26/kg;my-goodness%21;94;5.2;9.0;3.6;3.6;0.6;2.1;0.36
sainsburys-my-goodness%21-sweet-n-smoky-bbq-chicken-380g;Sainsbury's My Goodness! BBQ Chicken & Sweetcorn Rice 380g;£2.00/unit;£5.26/kg;healthier-choice-ready-meals;112;6.4;17.5;2.8;1.7;0.2;0.8;0.40
sainsburys-my-goodness%21-sweet-n-smoky-bbq-chicken-380g;Sainsbury's My Goodness! BBQ Chicken & Sweetcorn Rice 380g;£2.00/unit;£5.26/kg;lunchtime-snacks;112;6.4;17.5;2.8;1.7;0.2;0.8;0.40
sainsburys-my-goodness%21-sweet-n-smoky-bbq-chicken-380g;Sainsbury's My Goodness! BBQ Chicken & Sweetcorn Rice 380g;£2.00/unit;£5.26/kg;meals-for-1-ready-meals;112;6.4;17.5;2.8;1.7;0.2;0.8;0.40
sainsburys-my-goodness%21-sweet-n-smoky-bbq-chicken-380g;Sainsbury's My Goodness! BBQ Chicken & Sweetcorn Rice 380g;£2.00/unit;£5.26/kg;mexican-caribbean-american-ready-meals;112;6.4;17.5;2.8;1.7;0.2;0.8;0.40
sainsburys-my-goodness%21-sweet-n-smoky-bbq-chicken-380g;Sainsbury's My Goodness! BBQ Chicken & Sweetcorn Rice 380g;£2.00/unit;£5.26/kg;my-goodness%21;112;6.4;17.5;2.8;1.7;0.2;0.8;0.40
sainsburys-my-goodness%21-tasty-katsu-chicken-curry-380g;Sainsbury's My Goodness! Katsu Chicken Curry & Lemongrass Rice 380g;£3.50/unit;£9.21/kg;healthier-choice-ready-meals;121;7.2;16.7;2.0;2.7;0.9;0.9;0.44
sainsburys-my-goodness%21-tasty-katsu-chicken-curry-380g;Sainsbury's My Goodness! Katsu Chicken Curry & Lemongrass Rice 380g;£3.50/unit;£9.21/kg;lunchtime-snacks;121;7.2;16.7;2.0;2.7;0.9;0.9;0.44
sainsburys-my-goodness%21-tasty-katsu-chicken-curry-380g;Sainsbury's My Goodness! Katsu Chicken Curry & Lemongrass Rice 380g;£3.50/unit;£9.21/kg;meals-for-1-ready-meals;121;7.2;16.7;2.0;2.7;0.9;0.9;0.44
sainsburys-my-goodness%21-tasty-katsu-chicken-curry-380g;Sainsbury's My Goodness! Katsu Chicken Curry & Lemongrass Rice 380g;£3.50/unit;£9.21/kg;my-goodness%21;121;7.2;16.7;2.0;2.7;0.9;0.9;0.44
sainsburys-my-goodness%21-tasty-katsu-chicken-curry-380g;Sainsbury's My Goodness! Katsu Chicken Curry & Lemongrass Rice 380g;£3.50/unit;£9.21/kg;oriental-ready-meals;121;7.2;16.7;2.0;2.7;0.9;0.9;0.44
sainsburys-my-goodness%21-zingy-tom-yum-king-prawn-noodle-soup-380g;Sainsbury's My Goodness! Zingy Tom Yum Prawn Noodle Soup 380g;£3.00/unit;£7.89/kg;fresh-soups;72;2.3;9.7;1.6;2.3;0.8;1.4;0.40
sainsburys-my-goodness%21-zingy-tom-yum-king-prawn-noodle-soup-380g;Sainsbury's My Goodness! Zingy Tom Yum Prawn Noodle Soup 380g;£3.00/unit;£7.89/kg;healthier-choice-ready-meals;72;2.3;9.7;1.6;2.3;0.8;1.4;0.40
sainsburys-my-goodness%21-zingy-tom-yum-king-prawn-noodle-soup-380g;Sainsbury's My Goodness! Zingy Tom Yum Prawn Noodle Soup 380g;£3.00/unit;£7.89/kg;lunchtime-snacks;72;2.3;9.7;1.6;2.3;0.8;1.4;0.40
sainsburys-my-goodness%21-zingy-tom-yum-king-prawn-noodle-soup-380g;Sainsbury's My Goodness! Zingy Tom Yum Prawn Noodle Soup 380g;£3.00/unit;£7.89/kg;meals-for-1-ready-meals;72;2.3;9.7;1.6;2.3;0.8;1.4;0.40
sainsburys-my-goodness%21-zingy-tom-yum-king-prawn-noodle-soup-380g;Sainsbury's My Goodness! Zingy Tom Yum Prawn Noodle Soup 380g;£3.00/unit;£7.89/kg;my-goodness%21;72;2.3;9.7;1.6;2.3;0.8;1.4;0.40
sainsburys-my-goodness%21-zingy-tom-yum-king-prawn-noodle-soup-380g;Sainsbury's My Goodness! Zingy Tom Yum Prawn Noodle Soup 380g;£3.00/unit;£7.89/kg;oriental-ready-meals;72;2.3;9.7;1.6;2.3;0.8;1.4;0.40
sainsburys-my-goodness-chicken---mascarpone-pasta-350g;Sainsbury's My Goodness! Chicken & Mascarpone Pasta 350g;£2.50/unit;£7.14/kg;healthier-choice-ready-meals;97;5.2;14.8;1.7;1.7;0.7;0.8;0.29
sainsburys-my-goodness-chicken---mascarpone-pasta-350g;Sainsbury's My Goodness! Chicken & Mascarpone Pasta 350g;£2.50/unit;£7.14/kg;italian-ready-meals;97;5.2;14.8;1.7;1.7;0.7;0.8;0.29
sainsburys-my-goodness-chicken---mascarpone-pasta-350g;Sainsbury's My Goodness! Chicken & Mascarpone Pasta 350g;£2.50/unit;£7.14/kg;lunchtime-snacks;97;5.2;14.8;1.7;1.7;0.7;0.8;0.29
sainsburys-my-goodness-chicken---mascarpone-pasta-350g;Sainsbury's My Goodness! Chicken & Mascarpone Pasta 350g;£2.50/unit;£7.14/kg;meals-for-1-ready-meals;97;5.2;14.8;1.7;1.7;0.7;0.8;0.29
sainsburys-my-goodness-chicken---mascarpone-pasta-350g;Sainsbury's My Goodness! Chicken & Mascarpone Pasta 350g;£2.50/unit;£7.14/kg;my-goodness%21;97;5.2;14.8;1.7;1.7;0.7;0.8;0.29
sainsburys-my-goodness-chilli-chicken-noodles-380g;Sainsbury's My Goodness! Chilli Chicken Noodles 380g;£2.00/unit;£5.26/kg;lunchtime-snacks;87;5.9;11.6;5.3;1.5;0.2;2.0;0.36
sainsburys-my-goodness-chilli-chicken-noodles-380g;Sainsbury's My Goodness! Chilli Chicken Noodles 380g;£2.00/unit;£5.26/kg;meals-for-1-ready-meals;87;5.9;11.6;5.3;1.5;0.2;2.0;0.36
sainsburys-my-goodness-chilli-chicken-noodles-380g;Sainsbury's My Goodness! Chilli Chicken Noodles 380g;£2.00/unit;£5.26/kg;my-goodness%21;87;5.9;11.6;5.3;1.5;0.2;2.0;0.36
sainsburys-my-goodness-chilli-chicken-noodles-380g;Sainsbury's My Goodness! Chilli Chicken Noodles 380g;£2.00/unit;£5.26/kg;oriental-ready-meals;87;5.9;11.6;5.3;1.5;0.2;2.0;0.36
sainsburys-my-goodness-green-thai-noodle-soup-380g;Sainsbury's My Goodness! Green Thai Noodle Soup 380g;£3.00/unit;£7.89/kg;fresh-soups;64;2.1;8.1;1.6;2.3;0.9;1.5;0.42
sainsburys-my-goodness-green-thai-noodle-soup-380g;Sainsbury's My Goodness! Green Thai Noodle Soup 380g;£3.00/unit;£7.89/kg;healthier-choice-ready-meals;64;2.1;8.1;1.6;2.3;0.9;1.5;0.42
sainsburys-my-goodness-green-thai-noodle-soup-380g;Sainsbury's My Goodness! Green Thai Noodle Soup 380g;£3.00/unit;£7.89/kg;lunchtime-snacks;64;2.1;8.1;1.6;2.3;0.9;1.5;0.42
sainsburys-my-goodness-green-thai-noodle-soup-380g;Sainsbury's My Goodness! Green Thai Noodle Soup 380g;£3.00/unit;£7.89/kg;meals-for-1-ready-meals;64;2.1;8.1;1.6;2.3;0.9;1.5;0.42
sainsburys-my-goodness-green-thai-noodle-soup-380g;Sainsbury's My Goodness! Green Thai Noodle Soup 380g;£3.00/unit;£7.89/kg;my-goodness%21;64;2.1;8.1;1.6;2.3;0.9;1.5;0.42
sainsburys-my-goodness-green-thai-noodle-soup-380g;Sainsbury's My Goodness! Green Thai Noodle Soup 380g;£3.00/unit;£7.89/kg;oriental-ready-meals;64;2.1;8.1;1.6;2.3;0.9;1.5;0.42
sainsburys-my-goodness-hoisin-duck-soup-380g;Sainsbury's My Goodness! Hoisin Duck Noodle Soup 380g;£3.00/unit;£7.89/kg;fresh-soups;87;4.2;11.0;4.2;2.5;0.3;1.8;0.44
sainsburys-my-goodness-hoisin-duck-soup-380g;Sainsbury's My Goodness! Hoisin Duck Noodle Soup 380g;£3.00/unit;£7.89/kg;healthier-choice-ready-meals;87;4.2;11.0;4.2;2.5;0.3;1.8;0.44
sainsburys-my-goodness-hoisin-duck-soup-380g;Sainsbury's My Goodness! Hoisin Duck Noodle Soup 380g;£3.00/unit;£7.89/kg;lunchtime-snacks;87;4.2;11.0;4.2;2.5;0.3;1.8;0.44
sainsburys-my-goodness-hoisin-duck-soup-380g;Sainsbury's My Goodness! Hoisin Duck Noodle Soup 380g;£3.00/unit;£7.89/kg;meals-for-1-ready-meals;87;4.2;11.0;4.2;2.5;0.3;1.8;0.44
sainsburys-my-goodness-hoisin-duck-soup-380g;Sainsbury's My Goodness! Hoisin Duck Noodle Soup 380g;£3.00/unit;£7.89/kg;my-goodness%21;87;4.2;11.0;4.2;2.5;0.3;1.8;0.44
sainsburys-my-goodness-hoisin-duck-soup-380g;Sainsbury's My Goodness! Hoisin Duck Noodle Soup 380g;£3.00/unit;£7.89/kg;oriental-ready-meals;87;4.2;11.0;4.2;2.5;0.3;1.8;0.44
sainsburys-my-goodness-keralan-cod-380g;Sainsbury's My Goodness! Keralan Cod & Lime Rice 380g;£2.00/unit;£5.26/kg;healthier-choice-ready-meals;92;5.4;13.2;1.5;1.8;1.1;0.8;0.44
sainsburys-my-goodness-keralan-cod-380g;Sainsbury's My Goodness! Keralan Cod & Lime Rice 380g;£2.00/unit;£5.26/kg;indian-ready-meals;92;5.4;13.2;1.5;1.8;1.1;0.8;0.44
sainsburys-my-goodness-keralan-cod-380g;Sainsbury's My Goodness! Keralan Cod & Lime Rice 380g;£2.00/unit;£5.26/kg;lunchtime-snacks;92;5.4;13.2;1.5;1.8;1.1;0.8;0.44
sainsburys-my-goodness-keralan-cod-380g;Sainsbury's My Goodness! Keralan Cod & Lime Rice 380g;£2.00/unit;£5.26/kg;meals-for-1-ready-meals;92;5.4;13.2;1.5;1.8;1.1;0.8;0.44
sainsburys-my-goodness-keralan-cod-380g;Sainsbury's My Goodness! Keralan Cod & Lime Rice 380g;£2.00/unit;£5.26/kg;my-goodness%21;92;5.4;13.2;1.5;1.8;1.1;0.8;0.44
sainsburys-my-goodness-moroccan-chicken-cous-cous-380g;Sainsbury's My Goodness! Moroccan Chicken Cous Cous 380g;£3.50/unit;£9.21/kg;lunchtime-snacks;115;6.1;14.4;3.8;3.2;0.5;1.9;0.37
sainsburys-my-goodness-moroccan-chicken-cous-cous-380g;Sainsbury's My Goodness! Moroccan Chicken Cous Cous 380g;£3.50/unit;£9.21/kg;meals-for-1-ready-meals;115;6.1;14.4;3.8;3.2;0.5;1.9;0.37
sainsburys-my-goodness-moroccan-chicken-cous-cous-380g;Sainsbury's My Goodness! Moroccan Chicken Cous Cous 380g;£3.50/unit;£9.21/kg;mediterranean-other-cuisine-ready-meals;115;6.1;14.4;3.8;3.2;0.5;1.9;0.37
sainsburys-my-goodness-moroccan-chicken-cous-cous-380g;Sainsbury's My Goodness! Moroccan Chicken Cous Cous 380g;£3.50/unit;£9.21/kg;my-goodness%21;115;6.1;14.4;3.8;3.2;0.5;1.9;0.37
sainsburys-my-goodness-pulled-pork-380g;Sainsbury's My Goodness! Spicy Pulled Pork & Sweet Potato Mash 380g;£2.00/unit;£5.26/kg;british-ready-meals;83;5.7;8.8;3.3;2.3;0.4;2.1;0.44
sainsburys-my-goodness-pulled-pork-380g;Sainsbury's My Goodness! Spicy Pulled Pork & Sweet Potato Mash 380g;£2.00/unit;£5.26/kg;healthier-choice-ready-meals;83;5.7;8.8;3.3;2.3;0.4;2.1;0.44
sainsburys-my-goodness-pulled-pork-380g;Sainsbury's My Goodness! Spicy Pulled Pork & Sweet Potato Mash 380g;£2.00/unit;£5.26/kg;lunchtime-snacks;83;5.7;8.8;3.3;2.3;0.4;2.1;0.44
sainsburys-my-goodness-pulled-pork-380g;Sainsbury's My Goodness! Spicy Pulled Pork & Sweet Potato Mash 380g;£2.00/unit;£5.26/kg;meals-for-1-ready-meals;83;5.7;8.8;3.3;2.3;0.4;2.1;0.44
sainsburys-my-goodness-pulled-pork-380g;Sainsbury's My Goodness! Spicy Pulled Pork & Sweet Potato Mash 380g;£2.00/unit;£5.26/kg;my-goodness%21;83;5.7;8.8;3.3;2.3;0.4;2.1;0.44
sainsburys-natural-cottage-cheese--be-good-to-yourself-600g;Sainsbury's Cottage Cheese Natural, Be Good To Yourself 600g;£1.90/unit;£3.17/kg;cottage-cheese---healthier-choice;72;11.2;3.9;3.9;1.2;0.7;0.6;0.43
sainsburys-natural-cottage-cheese-600g;Sainsbury's Cottage Cheese, Natural 600g;£1.90/unit;£3.17/kg;cottage-cheese---healthier-choice;107;11.3;3.8;3.8;5.0;3.3;0.8;0.35
sainsburys-natural-cottage-cheese-600g;Sainsbury's Cottage Cheese, Natural 600g;£1.90/unit;£3.17/kg;healthier-choice-special-diet-cheese;107;11.3;3.8;3.8;5.0;3.3;0.8;0.35
sainsburys-natural-greek-style-yogurt--be-good-to-yourself-500g;Sainsbury's Greek Style Low Fat Natural Yogurt 500g;£1.20/unit;£0.24/100g;big-pots-pouring-yogurts;75;5.6;7.1;7.1;2.7;1.7;0.5;0.20
sainsburys-natural-greek-style-yogurt--be-good-to-yourself-500g;Sainsbury's Greek Style Low Fat Natural Yogurt 500g;£1.20/unit;£0.24/100g;diet-low-fat-yogurts;75;5.6;7.1;7.1;2.7;1.7;0.5;0.20
sainsburys-natural-greek-style-yogurt--be-good-to-yourself-500g;Sainsbury's Greek Style Low Fat Natural Yogurt 500g;£1.20/unit;£0.24/100g;natural-greek-yogurts;75;5.6;7.1;7.1;2.7;1.7;0.5;0.20
sainsburys-natural-greek-style-yogurt-500g;Sainsbury's Greek Style Natural Yogurt 500g;£1.20/unit;£0.24/100g;big-pots-pouring-yogurts;120;4.1;5.3;5.1;9.2;6.0;0.5;0.15
sainsburys-natural-greek-style-yogurt-500g;Sainsbury's Greek Style Natural Yogurt 500g;£1.20/unit;£0.24/100g;natural-greek-yogurts;120;4.1;5.3;5.1;9.2;6.0;0.5;0.15
sainsburys-natural-greek-style-yogurt-with-honey-450g;Sainsbury's Greek Style Honey Yogurt 450g;£1.20/unit;£0.27/100g;big-pots-pouring-yogurts;149;3.8;14.2;14.2;8.4;5.9;0.5;0.13
sainsburys-natural-greek-style-yogurt-with-honey-450g;Sainsbury's Greek Style Honey Yogurt 450g;£1.20/unit;£0.27/100g;natural-greek-yogurts;149;3.8;14.2;14.2;8.4;5.9;0.5;0.13
sainsburys-natural-yogurt--be-good-to-yourself-500g;Sainsbury's Fat Free Natural Yogurt 500g;£1.20/unit;£0.24/100g;big-pots-pouring-yogurts;48;5.0;6.4;6.4;0.5;0.2;0.5;0.18
sainsburys-natural-yogurt--be-good-to-yourself-500g;Sainsbury's Fat Free Natural Yogurt 500g;£1.20/unit;£0.24/100g;diet-low-fat-yogurts;48;5.0;6.4;6.4;0.5;0.2;0.5;0.18
sainsburys-natural-yogurt--be-good-to-yourself-500g;Sainsbury's Fat Free Natural Yogurt 500g;£1.20/unit;£0.24/100g;natural-greek-yogurts;48;5.0;6.4;6.4;0.5;0.2;0.5;0.18
sainsburys-natural-yogurt-500g;Sainsbury's Natural Yogurt 500g;£1.20/unit;£0.24/100g;big-pots-pouring-yogurts;81;5.1;6.6;6.6;3.8;2.5;0.5;0.18
sainsburys-natural-yogurt-500g;Sainsbury's Natural Yogurt 500g;£1.20/unit;£0.24/100g;diet-low-fat-yogurts;81;5.1;6.6;6.6;3.8;2.5;0.5;0.18
sainsburys-natural-yogurt-500g;Sainsbury's Natural Yogurt 500g;£1.20/unit;£0.24/100g;natural-greek-yogurts;81;5.1;6.6;6.6;3.8;2.5;0.5;0.18
sainsburys-neapolitan-soft-scoop-ice-cream-2l;Sainsbury's Neapolitan Soft Scoop Ice Cream 2L;£1.80/unit;£0.09/100ml;ice-cream-tubs;164;3.0;23.8;19.0;6.2;5.1;0.6;0.15
sainsburys-nectarine-punnet-x4;Sainsbury's Nectarine Punnet x4;£2.00/unit;£2.00/ea;nectarines-plums-apricots-peaches;45;1.4;9.0;9.0;0.1;0.0;1.2;
sainsburys-nectarines-%28each%29;Sainsbury's Nectarines (each);£0.75/unit;£0.75/ea;nectarines-plums-apricots-peaches;45;1.4;9.0;9.0;0.1;0.0;1.2;
sainsburys-new-york-cheesecake--taste-the-difference-510g-%28serves-6%29;Sainsbury's New York Cheesecake, Taste the Difference 510g (serves 6);£3.00/unit;£0.59/100g;frozen-cold-desserts;379;4.2;34.6;23.1;24.6;14.5;1.3;0.50
sainsburys-new-york-cheesecake-580g;Sainsbury's New York Cheesecake 600g;£3.50/unit;£0.58/100g;desserts;393;5.1;33.5;18.5;26.1;14.0;1.6;0.48
sainsburys-new-zealand-lamb-chops--basics-800g;Sainsbury's New Zealand Lamb Chops, Basics 800g;£5.00/unit;£6.25/kg;frozen-lamb;235;18;0.5;0.5;18;8.5;0.5;0.03
sainsburys-new-zealand-lamb-mince-500g;Sainsbury's New Zealand Lamb Mince 500g;£3.50/unit;£7.00/kg;frozen-lamb;308;20.8;0.5;0.5;25.0;10.8;0.5;0.30
sainsburys-no-added-sugar--tropical-6x330ml;Sainsbury's No Added Sugar  Tropical 6x330ml;£1.49/unit;£0.08/100ml;fruit-flavoured;3;0.5;0.6;0.5;0.5;0.1;0.5;0.02;
sainsburys-no-added-sugar-cherryade-2l;Sainsbury's No Added Sugar Cherryade 2L;£0.60/unit;£0.03/100ml;fruit-flavoured;1;0.5;0.5;0.5;0.5;0.1;0.5;0.03
sainsburys-no-added-sugar-chocolate-dessert-mix--basics-38g;Sainsbury's No Added Sugar Chocolate Dessert Mix, Basics 38g;£0.20/unit;£0.53/100g;dessert-mixes;93;3.5;12.7;3.4;3.0;2.3;0.5;0.43
sainsburys-no-added-sugar-dark-chocolate-100g;Sainsbury's No Added Sugar Dark Chocolate 100g;£0.80/unit;£0.80/100g;chocolate;640;9.1;36.0;2.0;41.0;26.0;10.0;0.11
sainsburys-no-added-sugar-milk-chocolate-100g;Sainsbury's No Added Sugar Milk Chocolate 100g;£0.80/unit;£0.80/100g;chocolate;657;7.0;51.0;10.0;36.0;23.0;2.3;0.13
sainsburys-no-added-sugar-orangeade-2l;Sainsbury's No Added Sugar Orangeade 2L;£0.60/unit;£0.03/100ml;fruit-flavoured;1;0.5;0.5;0.5;0.5;0.1;0.5;0.03
sainsburys-no-added-sugar-strawberry-dessert-mix--basics-38g;Sainsbury's No Added Sugar Strawberry Dessert Mix, Basics 38g;£0.20/unit;£0.53/100g;dessert-mixes;93;3.4;12.7;4.1;3.0;2.4;0.6;0.45
sainsburys-no-added-sugar-tropical-crush-drink-2l;Sainsbury's No Added Sugar Tropical Crush Drink 2L;£0.60/unit;£0.03/100ml;fruit-flavoured;3;0.5;0.6;0.5;0.5;0.1;0.5;0.02
sainsburys-nocellara-olives--taste-the-difference-145g;Sainsbury's Nocellara Olives, Taste The Difference 145g;£2.60/unit;£1.79/100g;deli-meat-alternatives;207;1.4;0.5;0.5;21.4;3.5;3.8;2.17
sainsburys-nocellara-olives--taste-the-difference-145g;Sainsbury's Nocellara Olives, Taste The Difference 145g;£2.60/unit;£1.79/100g;olives-tapas-antipasti;207;1.4;0.5;0.5;21.4;3.5;3.8;2.17
sainsburys-noir-de-basle-black-cherry-west-country-yogurt--taste-the-difference-150g;Sainsbury's West Country Black Cherry Yogurt, Taste the Difference 150g;£0.75/unit;£0.50/100g;luxury-yogurts;136;3.0;14.7;14.6;7.1;4.8;0.5;0.10
sainsburys-norfolk-black-chicken-fillets--taste-the-difference-%28approx-335g%29;Sainsbury's Norfolk Black Free Range Chicken Fillets, Taste the Difference (approx. 335g);£17.00/kg;£17.00/kg;chicken;131;30.0;0.5;0.5;1.1;0.4;0.5;0.22
sainsburys-norfolk-black-chicken-fillets--taste-the-difference-%28approx-335g%29;Sainsbury's Norfolk Black Free Range Chicken Fillets, Taste the Difference (approx. 335g);£17.00/kg;£17.00/kg;great-prices-on-meat---fish;131;30.0;0.5;0.5;1.1;0.4;0.5;0.22
sainsburys-norfolk-black-chicken-fillets--taste-the-difference-%28approx-335g%29;Sainsbury's Norfolk Black Free Range Chicken Fillets, Taste the Difference (approx. 335g);£17.00/kg;£17.00/kg;organic-taste-the-difference;131;30.0;0.5;0.5;1.1;0.4;0.5;0.22
sainsburys-norfolk-black-chicken-thigh---drumsticks--taste-the-difference-%28approx-360---750g%29;Sainsbury's Norfolk Black Free Range Chicken Thigh & Drumsticks, Taste the Difference (approx. 360-750g);£5.65/kg;£5.65/kg;chicken;235;24.9;0.5;0.5;15.0;4.6;0.5;0.24
sainsburys-norfolk-black-chicken-thigh---drumsticks--taste-the-difference-%28approx-360---750g%29;Sainsbury's Norfolk Black Free Range Chicken Thigh & Drumsticks, Taste the Difference (approx. 360-750g);£5.65/kg;£5.65/kg;organic-taste-the-difference;235;24.9;0.5;0.5;15.0;4.6;0.5;0.24
sainsburys-norfolk-black-whole-chicken--taste-the-difference-%28approx-11kg---22kg%29;Sainsbury's Norfolk Black Free Range Whole Chicken, Taste the Difference (approx. 1.1kg - 2.2kg);£4.75/kg;£4.75/kg;chicken;196;29.4;0.5;0.5;8.7;2.6;0.5;0.36
sainsburys-norfolk-black-whole-chicken--taste-the-difference-%28approx-11kg---22kg%29;Sainsbury's Norfolk Black Free Range Whole Chicken, Taste the Difference (approx. 1.1kg - 2.2kg);£4.75/kg;£4.75/kg;great-prices-on-meat---fish;196;29.4;0.5;0.5;8.7;2.6;0.5;0.36
sainsburys-norfolk-black-whole-chicken--taste-the-difference-%28approx-11kg---22kg%29;Sainsbury's Norfolk Black Free Range Whole Chicken, Taste the Difference (approx. 1.1kg - 2.2kg);£4.75/kg;£4.75/kg;organic-taste-the-difference;196;29.4;0.5;0.5;8.7;2.6;0.5;0.36
sainsburys-nuggets-with-bbq-sauce-320g;Sainsbury's Crispy Chicken Nuggets with BBQ Sauce 320g;£3.00/unit;£9.38/kg;mexican-caribbean-american-ready-meals;179;1.3;41.0;38.0;0.6;0.1;2.3;1.11
sainsburys-nut-cutlets-x4-350g;Sainsbury's Nut Cutlets x4 350g;£1.80/unit;£5.14/kg;meat-free-vegetarian;317;8.0;22.4;2.3;20.3;2.4;6.4;0.63
sainsburys-nut-roast-with-feta--taste-the-difference-290g;Sainsbury's Nut Roast With Feta, Taste the Difference 290g;£2.30/unit;£8.21/kg;meat-free-vegetarian;254;7.4;18.5;2.1;15.2;3.2;6.8;0.61
sainsburys-nz-clover-honey--taste-the-difference-340g;Sainsbury's New Zealand Clover Honey, Taste The Difference 340g;£2.80/unit;£0.82/100g;honey;329;0.5;81.5;80.8;0.5;0.2;0.5;0.03
sainsburys-oak-smoked-air-dried-ham-finely-sliced--taste-the-difference-120g;Sainsbury's Smoked Oak Ham Air Dried Finely Sliced, Taste the Difference 120g;£3.00/unit;£2.50/100g;cooked-meats-taste-the-difference;132;26.6;0.7;0.6;2.5;0.9;0.5;2.68
sainsburys-oak-smoked-air-dried-ham-finely-sliced--taste-the-difference-120g;Sainsbury's Smoked Oak Ham Air Dried Finely Sliced, Taste the Difference 120g;£3.00/unit;£2.50/100g;ham;132;26.6;0.7;0.6;2.5;0.9;0.5;2.68
sainsburys-oak-smoked-air-dried-ham-finely-sliced--taste-the-difference-120g;Sainsbury's Smoked Oak Ham Air Dried Finely Sliced, Taste the Difference 120g;£3.00/unit;£2.50/100g;mfp-cooked-meats-snacking-taste-the-difference;132;26.6;0.7;0.6;2.5;0.9;0.5;2.68
sainsburys-oak-smoked-bacon-lardons--taste-the-difference-160g;Sainsbury's Oak Smoked Dry Cured Bacon Lardons, Taste the Difference 160g;£2.50/unit;£15.62/kg;bacon;425;31.0;1.0;0.5;32.9;14.9;0.6;4.94
sainsburys-oak-smoked-bacon-lardons--taste-the-difference-160g;Sainsbury's Oak Smoked Dry Cured Bacon Lardons, Taste the Difference 160g;£2.50/unit;£15.62/kg;organic-taste-the-difference;425;31.0;1.0;0.5;32.9;14.9;0.6;4.94
sainsburys-oatmeal---raisin-cookies-x5;Sainsbury's Large Cookies, Oatmeal & Raisin x5;£1.00/unit;£0.20/ea;doughnuts-cookies;423;4.9;62.0;35.0;16.5;6.1;3.5;0.58
sainsburys-oaty-farmhouse-bread--taste-the-difference-800g;Sainsbury's Oaty Farmhouse Bread, Taste the Difference 800g;£1.30/unit;£0.16/100g;seeded-grains-bread;243;8.8;41.5;4.1;3.7;0.5;4.0;1.06
sainsburys-olive---antipasti-platter-300g;Sainsbury's Olive & Antipasti Platter 300g;£5.00/unit;£1.67/100g;deli-meat-alternatives;135;0.9;0.5;0.5;13.5;2.5;4.6;3.60
sainsburys-olive---antipasti-platter-300g;Sainsbury's Olive & Antipasti Platter 300g;£5.00/unit;£1.67/100g;olives-tapas-antipasti;135;0.9;0.5;0.5;13.5;2.5;4.6;3.60
sainsburys-olive-light-spread-500g;Sainsbury's Olive Light Spread 500g;£1.00/unit;£2.00/kg;spreads;280;0.5;2.0;0.8;30.0;7.8;0.8;1.00
sainsburys-olive-oil--extra-virgin-1l;Sainsbury's Olive Oil, Extra Virgin 1L;£3.20/unit;£0.32/100ml;oils;823;0.5;0.5;0.5;91.5;13.1;0.5;0.01
sainsburys-olive-oil--extra-virgin-250ml;Sainsbury's Olive Oil, Extra Virgin 250ml;£1.20/unit;£0.48/100ml;oils;823;0.5;0.5;0.5;91.5;13.1;0.5;0.01
sainsburys-olive-oil--extra-virgin-2l;Sainsbury's Olive Oil, Extra Virgin 2L;£6.00/unit;£0.30/100ml;oils;823;0.5;0.5;0.5;91.5;13.1;0.5;0.01
sainsburys-olive-oil--extra-virgin-500ml;Sainsbury's Olive Oil, Extra Virgin 500ml;£1.70/unit;£0.34/100ml;oils;823;0.5;0.5;0.5;91.5;13.1;0.5;0.01
sainsburys-olive-oil--light-colour-500ml;Sainsbury's Olive Oil, Light Colour 500ml;£1.70/unit;£0.34/100ml;oils;823;0.5;0.5;0.5;91.5;13.1;0.5;0.01
sainsburys-olive-oil--light-in-colour-1l;Sainsbury's Olive Oil, Light In Colour 1L;£3.20/unit;£0.32/100ml;oils;823;0.5;0.5;0.5;91.5;13.1;0.5;0.01
sainsburys-olive-oil--light-in-colour-250ml;Sainsbury's Olive Oil, Light In Colour 250ml;£1.20/unit;£0.48/100ml;oils;823;0.5;0.5;0.5;91.5;13.1;0.5;0.01
sainsburys-olive-oil--sea-salt---black-pepper-croutons-40g;Sainsbury's Black Pepper & Sea Salt Croutons 40g;£0.60/unit;£1.50/100g;fresh-soups;398;11.2;70.6;5.5;6.8;0.5;4.8;0.82
sainsburys-olive-oil--sunflower---extra-virgin-500ml;Sainsbury's Olive Oil, Sunflower & Extra Virgin 500ml;£1.30/unit;£0.26/100ml;oils;828;0;0;0;92.0;11.0;0;
sainsburys-olive-oil-1l;Sainsbury's Olive Oil 1L;£3.20/unit;£0.32/100ml;oils;823;0.5;0.5;0.5;91.5;13.1;0.5;0.01
sainsburys-olive-oil-250ml;Sainsbury's Olive Oil 250ml;£1.20/unit;£0.48/100ml;oils;823;0.5;0.5;0.5;91.5;13.1;0.5;0.01
sainsburys-olive-oil-2l;Sainsbury's Olive Oil 2L;£6.00/unit;£0.30/100ml;oils;823;0.5;0.5;0.5;91.5;13.1;0.5;0.01
sainsburys-olive-oil-500ml;Sainsbury's Olive Oil 500ml;£1.70/unit;£0.34/100ml;oils;823;0.5;0.5;0.5;91.5;13.1;0.5;0.01
sainsburys-olive-oil-flavoured-with-basil--extra-virgin-250ml;Sainsbury's Olive Oil Flavoured With Basil, Extra Virgin 250ml;£2.20/unit;£0.88/100ml;oils;825;0.5;0.5;0.5;91.7;13.0;0.5;0.01
sainsburys-olive-oil-flavoured-with-chilli--extra-virgin-250ml;Sainsbury's Olive Oil Flavoured With Chilli, Extra Virgin 250ml;£2.20/unit;£0.88/100ml;oils;825;0.5;0.5;0.5;91.7;13.0;0.5;0.01
sainsburys-olive-oil-flavoured-with-garlic--extra-virgin-250ml;Sainsbury's Olive Oil Flavoured With Garlic, Extra Virgin 250ml;£2.20/unit;£0.88/100ml;oils;825;0.5;0.5;0.5;91.7;13.0;0.5;0.01
sainsburys-olive-snack-pots-185g;Sainsbury's Olive Snack Pots 185g;£2.60/unit;£1.41/100g;deli-meat-alternatives;144;1.2;0.7;0.7;14.5;2.5;2.8;3.47
sainsburys-olive-snack-pots-185g;Sainsbury's Olive Snack Pots 185g;£2.60/unit;£1.41/100g;olives-tapas-antipasti;144;1.2;0.7;0.7;14.5;2.5;2.8;3.47
sainsburys-olive-spread-1kg;Sainsbury's Olive Spread 1kg;£1.90/unit;£1.90/kg;spreads;410;0.5;1.0;0.5;45.0;11.0;0.5;1.10
sainsburys-olive-spread-500g;Sainsbury's Olive Spread 500g;£1.00/unit;£2.00/kg;spreads;410;0.5;1.0;0.5;45.0;11.0;0.5;1.10
sainsburys-olives---manchego-cheese-170g;Sainsbury's Pimento Stuffed Olives with Manchego & Chilli 170g;£2.30/unit;£1.35/100g;olives-tapas-antipasti;261;5.4;0.8;0.5;25.8;7.7;2.0;2.53
sainsburys-olives-with-citrus---chilli-250g;Sainsbury's Pimento Stuffed Olives with Citrus & Chilli 250g;£2.50/unit;£1.00/100g;deli-meat-alternatives;133;0.8;1.3;0.5;13.2;2.4;3.0;4.38
sainsburys-olives-with-citrus---chilli-250g;Sainsbury's Pimento Stuffed Olives with Citrus & Chilli 250g;£2.50/unit;£1.00/100g;olives-tapas-antipasti;133;0.8;1.3;0.5;13.2;2.4;3.0;4.38
sainsburys-olives-with-garlic---chilli-180g;Sainsbury's Mixed Olives with Garlic & Chilli 180g;£2.30/unit;£1.28/100g;deli-meat-alternatives;119;1.5;9.8;0.5;7.6;1.1;2.8;3.60
sainsburys-olives-with-garlic---chilli-180g;Sainsbury's Mixed Olives with Garlic & Chilli 180g;£2.30/unit;£1.28/100g;olives-tapas-antipasti;119;1.5;9.8;0.5;7.6;1.1;2.8;3.60
sainsburys-onion---chive-cottage-cheese-300g;Sainsbury's Cottage Cheese, Onion & Chive 300g;£1.40/unit;£4.67/kg;cottage-cheese---healthier-choice;106;11.3;3.4;3.4;5.0;3.1;1.0;0.48
sainsburys-onion---chive-cottage-cheese-300g;Sainsbury's Cottage Cheese, Onion & Chive 300g;£1.40/unit;£4.67/kg;healthier-choice-special-diet-cheese;106;11.3;3.4;3.4;5.0;3.1;1.0;0.48
sainsburys-onion---garlic-dip-230g;Sainsbury's Onion & Garlic Dip 230g;£1.00/unit;£0.43/100g;deli-meat-alternatives;331;1.8;6.9;2.8;32.9;5.3;0.5;1.00
sainsburys-onion---garlic-dip-230g;Sainsbury's Onion & Garlic Dip 230g;£1.00/unit;£0.43/100g;fresh-dips-houmous;331;1.8;6.9;2.8;32.9;5.3;0.5;1.00
sainsburys-onion-bhaji-%28warm---spicy%29-x8;Sainsbury's Onion Bhaji x8;£1.50/unit;£5.86/kg;deli-meat-alternatives;253;7.3;27.3;3.4;11.9;1.0;3.9;1.33
sainsburys-onion-bhaji-%28warm---spicy%29-x8;Sainsbury's Onion Bhaji x8;£1.50/unit;£5.86/kg;indian-ready-meals;253;7.3;27.3;3.4;11.9;1.0;3.9;1.33
sainsburys-onion-bhaji-%28warm---spicy%29-x8;Sainsbury's Onion Bhaji x8;£1.50/unit;£5.86/kg;potato-vegetable-side-dishes;253;7.3;27.3;3.4;11.9;1.0;3.9;1.33
sainsburys-onion-bhaji-%28warm---spicy%29-x8;Sainsbury's Onion Bhaji x8;£1.50/unit;£5.86/kg;vegetarian-meat-free-ready-meals;253;7.3;27.3;3.4;11.9;1.0;3.9;1.33
sainsburys-onion-gravy-300g;Sainsbury's Onion Gravy 300g;£1.50/unit;£0.50/100g;stock---gravy;44;1.2;4.9;2.3;2.0;1.3;0.8;0.75
sainsburys-onion-relish-320g;Sainsbury's Onion Relish 320g;£1.20/unit;£0.38/100g;chutneys-pickle-relishes;153;0.8;36.5;32.4;0.5;0.1;1.5;1.01
sainsburys-onion-rings---garlic-dip-310g;Sainsbury's Onion Rings & Garlic Dip 310g;£3.00/unit;£9.68/kg;mexican-caribbean-american-ready-meals;309;3.6;33.3;5.6;17.4;2.5;2.4;1.11
sainsburys-onion-rings---garlic-dip-310g;Sainsbury's Onion Rings & Garlic Dip 310g;£3.00/unit;£9.68/kg;potato-vegetable-side-dishes;309;3.6;33.3;5.6;17.4;2.5;2.4;1.11
sainsburys-onion-rings-with-garlic---herb-mayonnaise-dip-310g;Sainsbury's Onion Rings With Garlic & Herb Mayonnaise Dip 310g;£3.50/unit;£11.29/kg;coleslaw--olives--salads---dips-30658-44;513;1.8;3.5;1.3;54.3;4.0;1.7;1.68
sainsburys-onion-rings-with-garlic---herb-mayonnaise-dip-310g;Sainsbury's Onion Rings With Garlic & Herb Mayonnaise Dip 310g;£3.50/unit;£11.29/kg;mexican-caribbean-american-ready-meals;513;1.8;3.5;1.3;54.3;4.0;1.7;1.68
sainsburys-onion-rings-with-garlic---herb-mayonnaise-dip-310g;Sainsbury's Onion Rings With Garlic & Herb Mayonnaise Dip 310g;£3.50/unit;£11.29/kg;party-food-128152-44;513;1.8;3.5;1.3;54.3;4.0;1.7;1.68
sainsburys-onion-rings-with-garlic---herb-mayonnaise-dip-310g;Sainsbury's Onion Rings With Garlic & Herb Mayonnaise Dip 310g;£3.50/unit;£11.29/kg;potato-vegetable-side-dishes;513;1.8;3.5;1.3;54.3;4.0;1.7;1.68
sainsburys-onion-rings-with-garlic---herb-mayonnaise-dip-310g;Sainsbury's Onion Rings With Garlic & Herb Mayonnaise Dip 310g;£3.50/unit;£11.29/kg;vegetarian-meat-free-ready-meals;513;1.8;3.5;1.3;54.3;4.0;1.7;1.68
sainsburys-onion-salt-100g;Sainsbury's Onion Salt 100g;£1.00/unit;£0.10/10g;herbs-spices-seasoning;53;0.8;8.6;1.5;1.2;0.5;-1;75.25
sainsburys-onions--basics-15kg;Sainsbury's Onions, Basics 1.5kg;£0.80/unit;£0.53/kg;onions-leeks-garlic;39;1.3;7.9;5.3;0.2;0;1.4;
sainsburys-onions--so-organic-750g;Sainsbury's Onions, SO Organic 750g;£1.10/unit;£1.47/kg;fruit-vegetables-organic-taste-the-difference;38;1.0;7.6;5.9;0.5;0.1;1.4;0.01
sainsburys-onions--so-organic-750g;Sainsbury's Onions, SO Organic 750g;£1.10/unit;£1.47/kg;onions-leeks-garlic;38;1.0;7.6;5.9;0.5;0.1;1.4;0.01
sainsburys-orange---cranberry-jelly-150g-7584036-p-44;Sainsbury's Orange & Cranberry Jelly 150g;£1.10/unit;£0.73/100g;desserts;85;0.5;20.0;19.9;0.5;0.3;0.5;0.23
sainsburys-orange---mandarin-sparkling-flavoured-water-1l;Sainsbury's Sparkling Flavoured Water, Orange & Mandarin 1L;£0.60/unit;£0.06/100ml;flavoured-vitamin-water;2;0.5;0.5;0.5;0.5;0.1;0.5;0.01
sainsburys-orange---mandarin-sparkling-flavoured-water-1l;Sainsbury's Sparkling Flavoured Water, Orange & Mandarin 1L;£0.60/unit;£0.06/100ml;fruit-flavoured;2;0.5;0.5;0.5;0.5;0.1;0.5;0.01
sainsburys-orange---mandarin-sparkling-flavoured-water-1l;Sainsbury's Sparkling Flavoured Water, Orange & Mandarin 1L;£0.60/unit;£0.06/100ml;sparkling-water;2;0.5;0.5;0.5;0.5;0.1;0.5;0.01
sainsburys-orange---passion-fruit--no-added-sugar-4x330ml;Sainsbury's Orange & Passion Fruit, No Added Sugar 4x330ml;£2.90/unit;£0.15/100ml;adult-soft-drinks;15;0.5;2.9;2.9;0.5;0.1;0.5;0.02;
sainsburys-orange---passion-fruit-jelly--taste-the-difference-255g;Sainsbury's Jelly Orange Passion Fruit & Champagne, Taste the Difference 250ml;£2.00/unit;£0.80/100g;jelly;133;0.5;32.5;25.8;0.5;0.1;0.5;0.01
sainsburys-orange---raspberry-nfc-1l;Sainsbury's Orange & Raspberry Juice, Not From Concentrate 1L;£1.40/unit;£0.14/100ml;chilled-fruit-juice;42;0.6;8.8;8.8;0.5;0.1;0.5;0.02
sainsburys-orange--mango---passion-fruit-smoothie-1l;Sainsbury's Orange, Mango & Passion Fruit Smoothie 1L;£2.00/unit;£0.20/100ml;chilled-smoothies;54;0.6;12.3;11.7;0.5;0.1;0.6;0.01
sainsburys-orange--mango---passionfruit-juice--not-from-concentrate-1l;Sainsbury's Orange, Mango & Passionfruit Juice, Not From Concentrate 1L;£1.40/unit;£0.14/100ml;chilled-fruit-juice;52;0.7;11.3;11.2;0.5;0.1;0.8;0.01
sainsburys-orange--mango---pineapple-smoothie-4x180ml;Sainsbury's Kids Orange, Mango & Pineapple Smoothie 4x180ml;£2.25/unit;£0.31/100ml;chilled-smoothies;61;0.6;13.8;13.8;0.5;0.1;0.5;0.01
sainsburys-orange-curd-411g;Sainsbury's Orange Curd 411g;£0.60/unit;£0.15/100g;curds;1191282;1.1;59.2;47.3;4.4;1.7;0.5;0.15
sainsburys-orange-juice--basics-1l-7486879-p-44;Sainsbury's Orange Juice, Basics 1L;£0.80/unit;£0.08/100ml;chilled-fruit-juice;43;0.5;9.2;9.2;0.5;0.1;0.5;0.03
sainsburys-orange-juice--freshly-squeezed--taste-the-difference-15l;Sainsbury's Freshly Squeezed Orange Juice with Bits, Taste the Difference 1.5L;£3.00/unit;£0.20/100ml;chilled-fruit-juice;53;0.7;11.4;9.2;0.5;0.1;0.5;0.03
sainsburys-orange-juice--freshly-squeezed-smooth--taste-the-difference-1l;Sainsbury's Freshly Squeezed Smooth Orange Juice, Taste the Difference 1L;£2.50/unit;£0.25/100ml;chilled-fruit-juice;53;0.7;11.4;9.2;0.5;0.1;0.5;0.03
sainsburys-orange-juice--no-added-sugar-1l;Sainsbury's Orange Juice, No Added Sugar 1L;£1.00/unit;£0.10/100ml;mixers-12333-44;9;0.5;1.8;1.8;0.5;0.1;0.5;0.04
sainsburys-orange-juice--no-added-sugar-1l;Sainsbury's Orange Juice, No Added Sugar 1L;£1.00/unit;£0.10/100ml;mixers;9;0.5;1.8;1.8;0.5;0.1;0.5;0.04
sainsburys-orange-juice--not-from-concentrate-250ml;Sainsbury's Orange Juice, Not From Concentrate 250ml;£0.75/unit;£0.30/100ml;chilled-fruit-juice;35;0.5;8.2;7.1;0.5;0.1;0.5;0.01
sainsburys-orange-juice--pure-with-juicy-bits-from-concentrate-1l;Sainsbury's Orange Juice with Juicy Bits 1L;£1.00/unit;£0.10/100ml;chilled-fruit-juice;42;0.5;9.2;9.2;0.5;0.1;0.5;0.03
sainsburys-orange-juice--squeezed---smooth-1l;Sainsbury's 100% Pure Squeezed Smooth Orange Juice, Not From Concentrate 1L;£1.40/unit;£0.14/100ml;chilled-fruit-juice;45;0.6;10.0;10.0;0.5;0.1;0.5;0.01
sainsburys-orange-juice--squeezed-with-juicy-bits-1l;Sainsbury's 100% Pure Squeezed Orange Juice with Bits, Not From Concentrate 1L;£1.40/unit;£0.14/100ml;chilled-fruit-juice;45;0.6;10.0;10.0;0.5;0.1;0.5;0.01
sainsburys-orange-juice-smooth--taste-the-difference-15l;Sainsbury's Freshly Squeezed Smooth Orange Juice, Taste the Difference 1.5L;£3.00/unit;£0.20/100ml;chilled-fruit-juice;53;0.7;11.4;9.2;0.5;0.1;0.5;0.03
sainsburys-oranges-%28each%29;Sainsbury's Oranges (each);£0.30/unit;£0.30/ea;citrus-fruit;43;1.1;8.5;8.5;0.5;0.1;1.7;0.01
sainsburys-oranges-%28each%29;Sainsbury's Oranges (each);£0.30/unit;£0.30/ea;cocktail-ingredients;43;1.1;8.5;8.5;0.5;0.1;1.7;0.01
sainsburys-oranges-%28each%29;Sainsbury's Oranges (each);£0.30/unit;£0.30/ea;new-in-season;43;1.1;8.5;8.5;0.5;0.1;1.7;0.01
sainsburys-oranges--basics-x5;Sainsbury's Oranges, Basics x5;£0.95/unit;£0.19/ea;citrus-fruit;43;1.1;8.5;8.5;0.5;0.1;1.7;0.01
sainsburys-oranges--so-organic-x5;Sainsbury's Oranges, SO Organic x5;£2.00/unit;£0.40/ea;citrus-fruit;43;1.1;8.5;8.5;0.5;0.1;1.7;0.01
sainsburys-oranges--so-organic-x5;Sainsbury's Oranges, SO Organic x5;£2.00/unit;£0.40/ea;fruit-vegetables-organic-taste-the-difference;43;1.1;8.5;8.5;0.5;0.1;1.7;0.01
sainsburys-oranges--so-organic-x5;Sainsbury's Oranges, SO Organic x5;£2.00/unit;£0.40/ea;new-in-season;43;1.1;8.5;8.5;0.5;0.1;1.7;0.01
sainsburys-oranges-large-x4;Sainsbury's Oranges Large x4;£1.75/unit;£0.44/ea;citrus-fruit;43;1.1;8.5;8.5;0.5;0.1;1.7;0.01
sainsburys-oranges-large-x4;Sainsbury's Oranges Large x4;£1.75/unit;£0.44/ea;new-in-season;43;1.1;8.5;8.5;0.5;0.1;1.7;0.01
sainsburys-oranges-x5;Sainsbury's Oranges x5;£1.25/unit;£0.25/ea;citrus-fruit;43;1.1;8.5;8.5;0.5;0.1;1.7;0.01
sainsburys-oranges-x5;Sainsbury's Oranges x5;£1.25/unit;£0.25/ea;new-in-season;43;1.1;8.5;8.5;0.5;0.1;1.7;0.01
sainsburys-orchard-fruit-crumble-450g;Sainsbury's Orchard Fruit Crumble 450g;£2.75/unit;£0.61/100g;desserts;244;2.2;40.3;25.6;7.6;3.2;2.6;0.16
sainsburys-orchard-fruit-tart--taste-the-difference-418g;Sainsbury's Orchard Fruit Tart, Taste the Difference 418g;£4.00/unit;£0.96/100g;desserts;323;5.6;40.6;21.9;15.1;7.2;1.1;0.01
sainsburys-organic-olive-oil--extra-virgin-500ml;Sainsbury's Olive Oil, Extra Virgin, SO Organic 500ml;£2.40/unit;£0.48/100ml;oils;823;0;0;0;91.4;13.1;0;
sainsburys-organic-unsalted-british-butter-250g;Sainsbury's British Butter Unsalted, SO Organic 250g;£1.60/unit;£6.40/kg;butter;751;0.6;0.6;0.6;83;49;0.5;0.02
sainsburys-organic-unsalted-british-butter-250g;Sainsbury's British Butter Unsalted, SO Organic 250g;£1.60/unit;£6.40/kg;cooking-baking;751;0.6;0.6;0.6;83;49;0.5;0.02
sainsburys-oriental-king-prawn-rice-salad-235g;Sainsbury's Oriental King Prawn & Rice Salad 235g;£3.10/unit;£1.32/100g;coleslaw-salads;106;4.7;14.5;5.2;3.0;0.3;1.2;0.79
sainsburys-oriental-king-prawn-rice-salad-235g;Sainsbury's Oriental King Prawn & Rice Salad 235g;£3.10/unit;£1.32/100g;fresh-salad-prepared-ready-to-eat;106;4.7;14.5;5.2;3.0;0.3;1.2;0.79
sainsburys-oriental-king-prawn-rice-salad-235g;Sainsbury's Oriental King Prawn & Rice Salad 235g;£3.10/unit;£1.32/100g;lunchtime-snacks;106;4.7;14.5;5.2;3.0;0.3;1.2;0.79
sainsburys-oriental-snack-selection-316g;Sainsbury's Oriental Snack Selection 316g;£3.00/unit;£9.49/kg;oriental-ready-meals;351;11.4;21.2;7.1;24.1;2.1;2.0;1.02
sainsburys-oriental-takeaway-for-2-12kg;Sainsbury's Oriental Takeaway For 2 1.2kg;£7.50/unit;£6.25/kg;oriental-ready-meals;108;9.1;6.1;2.6;4.7;0.4;2.4;0.80
sainsburys-oriental-vegetable-stir-fry-300g;Sainsbury's Oriental Vegetable Stir Fry 300g;£1.70/unit;£5.67/kg;asian-ingredients;70;1.5;4.1;3.3;4.8;0.4;2.1;0.07
sainsburys-oriental-vegetable-stir-fry-300g;Sainsbury's Oriental Vegetable Stir Fry 300g;£1.70/unit;£5.67/kg;fresh-vegetables-stir-fry;70;1.5;4.1;3.3;4.8;0.4;2.1;0.07
sainsburys-oriental-vegetable-stir-fry-300g;Sainsbury's Oriental Vegetable Stir Fry 300g;£1.70/unit;£5.67/kg;fresh-vegetables-world-exotic;70;1.5;4.1;3.3;4.8;0.4;2.1;0.07
sainsburys-oriental-vegetable-stir-fry-300g;Sainsbury's Oriental Vegetable Stir Fry 300g;£1.70/unit;£5.67/kg;prepared-stir-fry;70;1.5;4.1;3.3;4.8;0.4;2.1;0.07
sainsburys-oriental-vegetable-stir-fry-300g;Sainsbury's Oriental Vegetable Stir Fry 300g;£1.70/unit;£5.67/kg;prepared-vegetables;70;1.5;4.1;3.3;4.8;0.4;2.1;0.07
sainsburys-outdoor-bred-cumberland-chipolatas--taste-the-difference-x12-375g;Sainsbury's Cumberland Pork Chipolata Sausages, Taste the Difference x12 375g;£2.80/unit;£7.47/kg;organic-taste-the-difference;266;17.1;3.8;0.5;20.1;7.1;0.7;1.48
sainsburys-outdoor-reared-british-pork-crackling-loin-joint--taste-the-difference-%28approx-1kg%29;Sainsbury's British Outdoor Reared Pork Crackling Loin Joint, Taste the Difference (approx. 1kg);£8.00/kg;£8.00/kg;organic-taste-the-difference;210;30.2;0.5;0.5;9.7;3.7;0.6;0.13
sainsburys-outdoor-reared-british-pork-crackling-loin-joint--taste-the-difference-%28approx-1kg%29;Sainsbury's British Outdoor Reared Pork Crackling Loin Joint, Taste the Difference (approx. 1kg);£8.00/kg;£8.00/kg;pork;210;30.2;0.5;0.5;9.7;3.7;0.6;0.13
sainsburys-owl-madeira-birthday-cake-790g;Sainsbury's Owl Madeira Birthday Cake 790g;£7.00/unit;£8.86/kg;celebration-cakes;411;2.2;75.3;53.6;11.1;2.6;0.5;0.32
sainsburys-oyster-mushrooms-125g;Sainsbury's Oyster Mushrooms, Taste the Difference 125g;£1.25/unit;£10.00/kg;asian-ingredients;36;2.6;2.6;2.6;0.7;0.1;4.6;0.03
sainsburys-oyster-mushrooms-125g;Sainsbury's Oyster Mushrooms, Taste the Difference 125g;£1.25/unit;£10.00/kg;fresh-vegetables-stir-fry;36;2.6;2.6;2.6;0.7;0.1;4.6;0.03
sainsburys-oyster-mushrooms-125g;Sainsbury's Oyster Mushrooms, Taste the Difference 125g;£1.25/unit;£10.00/kg;fresh-vegetables-world-exotic;36;2.6;2.6;2.6;0.7;0.1;4.6;0.03
sainsburys-oyster-mushrooms-125g;Sainsbury's Oyster Mushrooms, Taste the Difference 125g;£1.25/unit;£10.00/kg;mushrooms;36;2.6;2.6;2.6;0.7;0.1;4.6;0.03
sainsburys-p%C3%A2t%C3%A9-de-campagne-170g;Sainsbury's Pâté De Campagne 170g;£1.65/unit;£0.97/100g;mfp-pate;262;14.0;1.5;1.4;22.2;8.2;0.5;1.87
sainsburys-p%C3%A2t%C3%A9-de-campagne-170g;Sainsbury's Pâté De Campagne 170g;£1.65/unit;£0.97/100g;pate;262;14.0;1.5;1.4;22.2;8.2;0.5;1.87
sainsburys-pacific-salmon-fishcakes--basics-x2-170g;Sainsbury's Pacific Salmon Fishcakes, Basics x2 170g;£1.00/unit;£5.88/kg;fishcakes-breaded-fish;211;11.2;17.7;1.2;10.3;1.3;1.4;0.50
sainsburys-padron-peppers;Sainsbury's Padron Peppers 135g;£1.00/unit;£7.41/kg;baby-vegetables;19;0.8;2.5;2.3;0.5;0.1;1.6;0.01
sainsburys-padron-peppers;Sainsbury's Padron Peppers 135g;£1.00/unit;£7.41/kg;peppers-salad-vegetables;19;0.8;2.5;2.3;0.5;0.1;1.6;0.01
sainsburys-padron-peppers;Sainsbury's Padron Peppers 135g;£1.00/unit;£7.41/kg;peppers;19;0.8;2.5;2.3;0.5;0.1;1.6;0.01
sainsburys-paella--taste-the-difference-400g-7168029-p-44;Sainsbury's Paella, Taste the Difference 400g;£3.30/unit;£8.25/kg;meals-for-1-ready-meals;135;7.7;15.1;1.0;4.3;1.0;2.2;0.55
sainsburys-paella--taste-the-difference-400g-7168029-p-44;Sainsbury's Paella, Taste the Difference 400g;£3.30/unit;£8.25/kg;mediterranean-other-cuisine-ready-meals;135;7.7;15.1;1.0;4.3;1.0;2.2;0.55
sainsburys-paella--taste-the-difference-400g-7168029-p-44;Sainsbury's Paella, Taste the Difference 400g;£3.30/unit;£8.25/kg;taste-the-difference-bistro-ready-meals;135;7.7;15.1;1.0;4.3;1.0;2.2;0.55
sainsburys-paella--taste-the-difference-bistro-800g;Sainsbury's Paella, Taste the Difference Bistro 800g;£6.00/unit;£7.50/kg;mediterranean-other-cuisine-ready-meals;132;7.7;14.8;1.0;4.2;1.0;2.0;0.60
sainsburys-paella--taste-the-difference-bistro-800g;Sainsbury's Paella, Taste the Difference Bistro 800g;£6.00/unit;£7.50/kg;taste-the-difference-bistro-ready-meals;132;7.7;14.8;1.0;4.2;1.0;2.0;0.60
sainsburys-pain-au-chocolat--taste-the-difference-x2;Sainsbury's Pain au Chocolat, Taste the Difference x2;£1.55/unit;£0.78/ea;croissants-brioche-pastries;426;7.5;46.9;14.0;23.2;13.3;3.0;0.78
sainsburys-pain-au-chocolat-x4;Sainsbury's Pain Au Chocolat x4;£1.00/unit;£0.25/ea;croissants-brioche-pastries;447;7.6;43.4;14.7;26.2;15.8;3.5;0.76
sainsburys-pain-au-chocolate--bake-from-frozen-x6-360g-%28serves-6%29;Sainsbury's Frozen Pain Au Chocolat x6 360g;£2.00/unit;£0.56/100g;frozen-pastry-baking;386;10.7;40.1;10.9;19.7;13.1;2.7;0.54
sainsburys-pain-au-raisins;Sainsbury's Pain Au Raisins;£0.75/unit;£0.75/ea;croissants-brioche-pastries;331;6.40;44.70;18.30;13.7;8.40;1.80;0.52
sainsburys-pancakes--basics-x6;Sainsbury's Pancakes, Basics x6;£0.25/unit;£0.04/ea;crumpets-breakfast-muffins-pancakes;258;4.8;48;21;5.1;0.4;1.2;0.73
sainsburys-pancetta--taste-the-difference-80g;Sainsbury's Italian Pancetta Slices, Taste the Difference 80g;£3.00/unit;£3.75/100g;continental-meats;2013486;23.0;0.5;0.5;44.0;17.0;0.5;2.8
sainsburys-pancetta--taste-the-difference-80g;Sainsbury's Italian Pancetta Slices, Taste the Difference 80g;£3.00/unit;£3.75/100g;cooked-meats-taste-the-difference;2013486;23.0;0.5;0.5;44.0;17.0;0.5;2.8
sainsburys-pancetta--taste-the-difference-80g;Sainsbury's Italian Pancetta Slices, Taste the Difference 80g;£3.00/unit;£3.75/100g;cooks-ingredients-85658-44;2013486;23.0;0.5;0.5;44.0;17.0;0.5;2.8
sainsburys-pancetta--taste-the-difference-80g;Sainsbury's Italian Pancetta Slices, Taste the Difference 80g;£3.00/unit;£3.75/100g;cooks-ingredients;2013486;23.0;0.5;0.5;44.0;17.0;0.5;2.8
sainsburys-pancetta--taste-the-difference-80g;Sainsbury's Italian Pancetta Slices, Taste the Difference 80g;£3.00/unit;£3.75/100g;mfp-continental-meats;2013486;23.0;0.5;0.5;44.0;17.0;0.5;2.8
sainsburys-pancetta--taste-the-difference-80g;Sainsbury's Italian Pancetta Slices, Taste the Difference 80g;£3.00/unit;£3.75/100g;mfp-cooked-meats-snacking-taste-the-difference;2013486;23.0;0.5;0.5;44.0;17.0;0.5;2.8
sainsburys-panini-x4;Sainsbury's Panini x4;£0.80/unit;£0.20/ea;rolls;288;8.9;47.6;2.6;6.3;0.8;2.7;0.84
sainsburys-panna-cotta-kit-65g;Sainsbury's Panna Cotta Kit 65g;£1.20/unit;£1.85/100g;dessert-mixes;265;2.1;16.9;15.1;20.9;12.1;0.5;0.15
sainsburys-papaya--ripe-%28each%29;Sainsbury's Papaya, Ripe (each);£1.50/unit;£1.50/ea;mango-exotic-fruit-dates-nuts;43;0.5;8.8;8.8;0.1;0.0;2.2;
sainsburys-papaya-x2;Sainsbury's Papaya x2;£2.50/unit;£1.25/ea;mango-exotic-fruit-dates-nuts;43;0.5;8.8;8.8;0.1;0.0;2.2;
sainsburys-paprika-beef--taste-the-difference-800g;Sainsbury's Paprika Beef, Taste the Difference Bistro 800g;£6.00/unit;£7.50/kg;mediterranean-other-cuisine-ready-meals;111;8.1;11.3;4.5;3.2;0.7;2.4;0.55
sainsburys-paprika-beef--taste-the-difference-800g;Sainsbury's Paprika Beef, Taste the Difference Bistro 800g;£6.00/unit;£7.50/kg;taste-the-difference-bistro-ready-meals;111;8.1;11.3;4.5;3.2;0.7;2.4;0.55
sainsburys-parlick-fell-hard-sheeps-cheese-150g;Sainsbury's Parlick Fell Hard Sheep's Cheese 150g;£2.25/unit;£15.00/kg;healthier-choice-special-diet-cheese;368;21.4;1.9;0.5;30.2;18.4;-1;1.42
sainsburys-parma-ham-aged-16-months-80g;Sainsbury's Italian Parma Ham Slices x6 80g;£2.70/unit;£3.38/100g;continental-meats;259;29.1;0.5;0.5;15.8;5.5;0.5;4.58
sainsburys-parma-ham-aged-16-months-80g;Sainsbury's Italian Parma Ham Slices x6 80g;£2.70/unit;£3.38/100g;mfp-continental-meats;259;29.1;0.5;0.5;15.8;5.5;0.5;4.58
sainsburys-parma-ham-family-pack-133g;Sainsbury's Italian Parma Ham Slices x10 133g;£4.00/unit;£3.01/100g;continental-meats;259;29.1;0.5;0.5;15.8;5.5;0.5;4.58
sainsburys-parma-ham-family-pack-133g;Sainsbury's Italian Parma Ham Slices x10 133g;£4.00/unit;£3.01/100g;mfp-continental-meats;259;29.1;0.5;0.5;15.8;5.5;0.5;4.58
sainsburys-parmentier-potatoes-400g;Sainsbury's Parmentier Potatoes 400g;£2.00/unit;£5.00/kg;british-ready-meals;197;2.3;27.5;3.5;7.5;2.3;5.0;0.58
sainsburys-parmentier-potatoes-400g;Sainsbury's Parmentier Potatoes 400g;£2.00/unit;£5.00/kg;coleslaw--olives--salads---dips-30658-44;197;2.3;27.5;3.5;7.5;2.3;5.0;0.58
sainsburys-parmentier-potatoes-400g;Sainsbury's Parmentier Potatoes 400g;£2.00/unit;£5.00/kg;potato-vegetable-side-dishes;197;2.3;27.5;3.5;7.5;2.3;5.0;0.58
sainsburys-parmentier-potatoes-400g;Sainsbury's Parmentier Potatoes 400g;£2.00/unit;£5.00/kg;prepared-vegetables;197;2.3;27.5;3.5;7.5;2.3;5.0;0.58
sainsburys-parmentier-potatoes-400g;Sainsbury's Parmentier Potatoes 400g;£2.00/unit;£5.00/kg;vegetarian-meat-free-ready-meals;197;2.3;27.5;3.5;7.5;2.3;5.0;0.58
sainsburys-parmesan-shavings-tub--taste-the-difference-80g;Sainsbury's Parmesan Shavings Tub, Taste the Difference 80g;£2.50/unit;£31.25/kg;organic-taste-the-difference-cheese;388;33.0;0.5;0.5;28.4;18.7;0.5;1.63
sainsburys-parmesan-topped-mini-ciabatta--taste-the-difference--x2-215g;Sainsbury's Parmesan Topped Mini Ciabatta, Taste the Difference  x2 215g;£2.20/unit;£1.02/100g;garlic-bread;370;10.4;41.5;2.4;17.5;11.2;2.3;1.20
sainsburys-parmesan-topped-mini-ciabatta--taste-the-difference--x2-215g;Sainsbury's Parmesan Topped Mini Ciabatta, Taste the Difference  x2 215g;£2.20/unit;£1.02/100g;taste-the-difference-bistro-ready-meals;370;10.4;41.5;2.4;17.5;11.2;2.3;1.20
sainsburys-parmigiano-reggiano--so-organic-200g;Sainsbury's Parmigiano Reggiano, SO Organic 200g;£4.50/unit;£22.50/kg;cheeseboard-delights;388;33.0;0.5;0.5;28.4;18.7;0.5;1.63
sainsburys-parmigiano-reggiano--so-organic-200g;Sainsbury's Parmigiano Reggiano, SO Organic 200g;£4.50/unit;£22.50/kg;organic-taste-the-difference-cheese;388;33.0;0.5;0.5;28.4;18.7;0.5;1.63
sainsburys-parmigiano-reggiano--taste-the-difference-200g;Sainsbury's Parmigiano Reggiano, Taste the Difference 200g;£4.50/unit;£22.50/kg;cheeseboard-delights;388;33.0;0.5;0.5;28.4;18.7;0.5;1.63
sainsburys-parmigiano-reggiano--taste-the-difference-200g;Sainsbury's Parmigiano Reggiano, Taste the Difference 200g;£4.50/unit;£22.50/kg;organic-taste-the-difference-cheese;388;33.0;0.5;0.5;28.4;18.7;0.5;1.63
sainsburys-parsley-sauce-300g;Sainsbury's Parsley Sauce 300g;£1.50/unit;£0.50/100g;filleted-whole-fish;78;1.7;5.3;2.1;5.4;3.5;0.5;0.50
sainsburys-parsley-sauce-300g;Sainsbury's Parsley Sauce 300g;£1.50/unit;£0.50/100g;fuss-free-fish;78;1.7;5.3;2.1;5.4;3.5;0.5;0.50
sainsburys-parsley-sauce-300g;Sainsbury's Parsley Sauce 300g;£1.50/unit;£0.50/100g;stock---gravy;78;1.7;5.3;2.1;5.4;3.5;0.5;0.50
sainsburys-parsnips-%28loose%29;Sainsbury's Parsnips (loose);£1.60/kg;£1.60/kg;carrots-root-vegetables;72;1.8;11.4;5.4;1.1;0.2;4.6;0.03
sainsburys-parsnips-%28loose%29;Sainsbury's Parsnips (loose);£1.60/kg;£1.60/kg;new-in-season;72;1.8;11.4;5.4;1.1;0.2;4.6;0.03
sainsburys-parsnips--basics-750g;Sainsbury's Parsnips, Basics 750g;£0.90/unit;£1.20/kg;carrots-root-vegetables;78;1.8;13;5.7;1.1;0.2;4.6;0.03
sainsburys-parsnips-500g;Sainsbury's Parsnips 500g;£1.00/unit;£2.00/kg;carrots-root-vegetables;72;1.8;11.4;5.4;1.1;0.2;4.6;0.03
sainsburys-parsnips-500g;Sainsbury's Parsnips 500g;£1.00/unit;£2.00/kg;new-in-season;72;1.8;11.4;5.4;1.1;0.2;4.6;0.03
sainsburys-part-prepared-scottish-crab--taste-the-difference-500g;Sainsbury's Part Prepared Scottish Crab, Taste the Difference 500g;£6.00/unit;£12.00/kg;frozen-fish-seafood;134;16.8;2.6;0.5;6.2;1.5;0.5;0.58
sainsburys-passion-fruit;Sainsbury's Passion Fruit Pack;£1.50/unit;£0.50/ea;mango-exotic-fruit-dates-nuts;44;2.6;5.8;5.8;0.4;0.1;3.3;
sainsburys-passionfruit---choc-tortes-2--taste-the-difference-x95g;Sainsbury's Passionfruit & Chocolate Tortes, Taste the Difference 2x95g;£3.00/unit;£1.85/100g;desserts;392;4.1;29.3;24.5;28.3;16.5;2.2;0.20
sainsburys-pasta--spinach---pine-nut-salad-170g;Sainsbury's Pasta, Spinach & Pine Nut Salad 170g;£1.40/unit;£0.82/100g;coleslaw--olives--salads---dips-30658-44;231;6.7;25.6;1.2;11.0;2.9;1.5;1.00
sainsburys-pasta--spinach---pine-nut-salad-170g;Sainsbury's Pasta, Spinach & Pine Nut Salad 170g;£1.40/unit;£0.82/100g;coleslaw-salads;231;6.7;25.6;1.2;11.0;2.9;1.5;1.00
sainsburys-pasta--spinach---pine-nut-salad-170g;Sainsbury's Pasta, Spinach & Pine Nut Salad 170g;£1.40/unit;£0.82/100g;dressings-coleslaw-accompaniments;231;6.7;25.6;1.2;11.0;2.9;1.5;1.00
sainsburys-pasta--spinach---pine-nut-salad-170g;Sainsbury's Pasta, Spinach & Pine Nut Salad 170g;£1.40/unit;£0.82/100g;lunchtime-snacks;231;6.7;25.6;1.2;11.0;2.9;1.5;1.00
sainsburys-pasta--spinach---pine-nut-salad-170g;Sainsbury's Pasta, Spinach & Pine Nut Salad 170g;£1.40/unit;£0.82/100g;prepared-salad-herbs;231;6.7;25.6;1.2;11.0;2.9;1.5;1.00
sainsburys-pastrami--taste-the-difference-120g;Sainsbury's Pastrami, Taste the Difference 120g;£3.30/unit;£2.75/100g;continental-meats;121;21.6;1.0;0.5;3.4;1.4;0.5;1.75
sainsburys-pastrami--taste-the-difference-120g;Sainsbury's Pastrami, Taste the Difference 120g;£3.30/unit;£2.75/100g;cooked-meats-taste-the-difference;121;21.6;1.0;0.5;3.4;1.4;0.5;1.75
sainsburys-pastrami--taste-the-difference-120g;Sainsbury's Pastrami, Taste the Difference 120g;£3.30/unit;£2.75/100g;mfp-continental-meats;121;21.6;1.0;0.5;3.4;1.4;0.5;1.75
sainsburys-pastrami--taste-the-difference-120g;Sainsbury's Pastrami, Taste the Difference 120g;£3.30/unit;£2.75/100g;mfp-cooked-meats-snacking-taste-the-difference;121;21.6;1.0;0.5;3.4;1.4;0.5;1.75
sainsburys-pea-shoots-50g;Sainsbury's Pea Shoots 50g;£1.00/unit;£2.00/100g;fresh-salad-prepared-ready-to-eat;34;4.0;1.8;0.5;0.9;0.2;1.4;0.03
sainsburys-pea-shoots-50g;Sainsbury's Pea Shoots 50g;£1.00/unit;£2.00/100g;prepared-salad-herbs;34;4.0;1.8;0.5;0.9;0.2;1.4;0.03
sainsburys-peach---black-tea-750ml;Sainsbury's Peach & Black Tea 750ml;£1.25/unit;£0.17/100ml;adult-soft-drinks;6;0.5;0.9;0.9;0.5;0.1;0.5;0.03
sainsburys-peach---nectarine-sparkling-flavoured-water-1l;Sainsbury's Sparkling Flavoured Water, Peach & Nectarine 1L;£0.60/unit;£0.06/100ml;flavoured-vitamin-water;2;0.5;0.5;0.5;0.5;0.1;0.5;0.01
sainsburys-peach---nectarine-sparkling-flavoured-water-1l;Sainsbury's Sparkling Flavoured Water, Peach & Nectarine 1L;£0.60/unit;£0.06/100ml;fruit-flavoured;2;0.5;0.5;0.5;0.5;0.1;0.5;0.01
sainsburys-peach---nectarine-sparkling-flavoured-water-1l;Sainsbury's Sparkling Flavoured Water, Peach & Nectarine 1L;£0.60/unit;£0.06/100ml;sparkling-water;2;0.5;0.5;0.5;0.5;0.1;0.5;0.01
sainsburys-peach-dice-in-mango-jelly-120g;Sainsbury's Peach Dice In Mango Jelly 120g;£0.40/unit;£0.33/100g;dessert-fruit;75;0.5;18.0;14.8;0.5;0.1;0.5;0.10
sainsburys-peach-dice-in-mango-jelly-120g;Sainsbury's Peach Dice In Mango Jelly 120g;£0.40/unit;£0.33/100g;jelly;75;0.5;18.0;14.8;0.5;0.1;0.5;0.10
sainsburys-peach-dice-in-mango-jelly-120g;Sainsbury's Peach Dice In Mango Jelly 120g;£0.40/unit;£0.33/100g;kids-lunchbox-fruit-desserts;75;0.5;18.0;14.8;0.5;0.1;0.5;0.10
sainsburys-peach-dice-in-mango-jelly-480g;Sainsbury's Peach Dice In Mango Jelly 480g;£1.50/unit;£0.31/100g;dessert-fruit;75;0.5;18.0;14.8;0.5;0.1;0.5;0.10
sainsburys-peach-dice-in-mango-jelly-480g;Sainsbury's Peach Dice In Mango Jelly 480g;£1.50/unit;£0.31/100g;jelly;75;0.5;18.0;14.8;0.5;0.1;0.5;0.10
sainsburys-peach-halves-in-syrup-411g;Sainsbury's Peach Halves In Syrup 411g;£0.65/unit;£1.58/kg;dessert-fruit;71;0.5;16;16;0.5;0.1;0.9;0.02
sainsburys-peach-slices-in-fruit-juice-213g;Sainsbury's Peach Slices In Fruit Juice 213g;£0.55/unit;£2.58/kg;dessert-fruit;48;0.5;11;11;0.5;0.1;0.9;0.03
sainsburys-peach-slices-in-fruit-juice-411g;Sainsbury's Peach Slices In Fruit Juice 411g;£0.65/unit;£1.58/kg;dessert-fruit;48;0.5;11;11;0.5;0.1;0.9;0.01
sainsburys-peach-slices-in-light-syrup--basics-411g;Sainsbury's Peach Slices In Light Syrup, Basics 411g;£0.40/unit;£0.97/kg;dessert-fruit;71;0.5;16.4;16.2;0.5;0.1;0.9;0.02
sainsburys-peach-slices-in-light-syrup-411g;Sainsbury's Peach Slices In Light Syrup 411g;£0.65/unit;£1.58/kg;dessert-fruit;71;0.5;16;16;0.5;0.1;0.9;0.02
sainsburys-peach-slices-in-syrup-220g;Sainsbury's Peach Slices In Light Syrup 220g;£0.55/unit;£2.58/kg;dessert-fruit;71;0.5;16.4;16.2;0.2;0;0.9;
sainsburys-peaches-in-strawberry-jelly-120g;Sainsbury's Peaches in Strawberry Jelly 120g;£0.40/unit;£0.33/100g;dessert-fruit;81;0.5;19.6;15.3;0.5;0.1;0.5;0.13
sainsburys-peaches-in-strawberry-jelly-120g;Sainsbury's Peaches in Strawberry Jelly 120g;£0.40/unit;£0.33/100g;jelly;81;0.5;19.6;15.3;0.5;0.1;0.5;0.13
sainsburys-peaches-in-strawberry-jelly-120g;Sainsbury's Peaches in Strawberry Jelly 120g;£0.40/unit;£0.33/100g;kids-lunchbox-fruit-desserts;81;0.5;19.6;15.3;0.5;0.1;0.5;0.13
sainsburys-peaches-ripe---ready-x4;Sainsbury's Peaches Ripe & Ready x4;£3.00/unit;£3.00/ea;nectarines-plums-apricots-peaches;38;1.0;7.6;7.6;0.1;0.0;1.5;
sainsburys-peanut---salted-caramel-500ml;Sainsbury's Salted Peanut & Caramel Ice Cream 500ml;£2.50/unit;£0.50/100ml;ice-cream-tubs;260;6.0;25.7;18.3;14.5;6.2;1.5;0.36
sainsburys-pear-halves-in-fruit-juice-411g;Sainsbury's Pear Halves In Fruit Juice 411g;£0.80/unit;£1.95/kg;dessert-fruit;38;0.5;8.5;8.5;0.5;0.1;1.4;0.01
sainsburys-pear-quarters--in-natural-juice-213g;Sainsbury's Pear Quarters, In Natural Juice 220g;£0.65/unit;£2.95/kg;dessert-fruit;53;0.5;12.0;9.2;0.5;0.1;1.5;0.03
sainsburys-pear-quarters-in-light-syrup-411g;Sainsbury's Pear Quarters In Light Syrup 411g;£0.80/unit;£1.95/kg;dessert-fruit;67;0.5;16.0;14.2;0.5;0.1;1.1;0.01
sainsburys-pears--basics-x3-%28minimum%29;Sainsbury's Pears, Basics x3 (minimum);£0.80/unit;£0.80/ea;apples-pears-rhubarb;40;0.5;10;10;0.5;0.1;2.2;0.5
sainsburys-pears--ripe---ready-x4-%28minimum%29;Sainsbury's Pears, Ripe & Ready x4 (minimum);£2.00/unit;£2.00/ea;apples-pears-rhubarb;40;0.5;10.0;10.0;0.5;0.1;2.2;0.5
sainsburys-pears--taste-the-difference--x5-%28minimum%29;Sainsbury's Pears, Taste the Difference x4 (minimum);£2.00/unit;£2.00/ea;apples-pears-rhubarb;40;0.5;10.0;10.0;0.5;0.1;2.2;0.5
sainsburys-pears--taste-the-difference--x5-%28minimum%29;Sainsbury's Pears, Taste the Difference x4 (minimum);£2.00/unit;£2.00/ea;fruit-vegetables-organic-taste-the-difference;40;0.5;10.0;10.0;0.5;0.1;2.2;0.5
sainsburys-pears-x4;Sainsbury's Pears x4;£1.80/unit;£1.80/ea;apples-pears-rhubarb;40;0.5;10;10;0.5;0.1;2.2;0.5
sainsburys-peas--so-organic-750g;Sainsbury's Peas, SO Organic 750g;£2.20/unit;£2.93/kg;frozen-vegetables;79;5.9;9.0;2.6;0.9;0.2;-1;0.01
sainsburys-pecan-loaf-cake--taste-the-difference;Sainsbury's Pecan Loaf Cake, Taste The Difference;£2.15/unit;£0.90/100g;sponge-slab-loaf-cakes;449;5.4;52.2;30.1;24.0;4.0;1.5;0.37
sainsburys-peeled-prawns--taste-the-difference-220g;Sainsbury's Peeled Prawns, Taste the Difference 220g;£4.00/unit;£1.82/100g;canapes-snacking;61;14.1;0.5;0.5;0.5;0.1;0.5;1.40
sainsburys-peeled-prawns--taste-the-difference-220g;Sainsbury's Peeled Prawns, Taste the Difference 220g;£4.00/unit;£1.82/100g;cooked-fish-seafood;61;14.1;0.5;0.5;0.5;0.1;0.5;1.40
sainsburys-peeled-prawns--taste-the-difference-220g;Sainsbury's Peeled Prawns, Taste the Difference 220g;£4.00/unit;£1.82/100g;cooked-meats-taste-the-difference;61;14.1;0.5;0.5;0.5;0.1;0.5;1.40
sainsburys-peeled-prawns--taste-the-difference-220g;Sainsbury's Peeled Prawns, Taste the Difference 220g;£4.00/unit;£1.82/100g;mfp-cooked-fish-seafood;61;14.1;0.5;0.5;0.5;0.1;0.5;1.40
sainsburys-peeled-prawns--taste-the-difference-220g;Sainsbury's Peeled Prawns, Taste the Difference 220g;£4.00/unit;£1.82/100g;mfp-cooked-meats-snacking-taste-the-difference;61;14.1;0.5;0.5;0.5;0.1;0.5;1.40
sainsburys-peeled-prawns--taste-the-difference-220g;Sainsbury's Peeled Prawns, Taste the Difference 220g;£4.00/unit;£1.82/100g;organic-taste-the-difference;61;14.1;0.5;0.5;0.5;0.1;0.5;1.40
sainsburys-peeled-prawns--taste-the-difference-220g;Sainsbury's Peeled Prawns, Taste the Difference 220g;£4.00/unit;£1.82/100g;prawns-shellfish;61;14.1;0.5;0.5;0.5;0.1;0.5;1.40
sainsburys-penne-bolognese-bake-430g;Sainsbury's Penne Bolognese Bake 430g;£2.30/unit;£5.35/kg;italian-ready-meals;158;7.7;10.4;2.7;7.9;3.6;7.3;0.53
sainsburys-penne-bolognese-bake-430g;Sainsbury's Penne Bolognese Bake 430g;£2.30/unit;£5.35/kg;meals-for-1-ready-meals;158;7.7;10.4;2.7;7.9;3.6;7.3;0.53
sainsburys-pennoni-pasta--taste-the-difference-250g;Sainsbury's Pennoni Pasta, Taste the Difference 250g;£1.50/unit;£6.00/kg;fresh-pasta-sauces;228;7.6;42.4;0.8;2.5;0.6;2.7;0.04
sainsburys-pennoni-pasta--taste-the-difference-250g;Sainsbury's Pennoni Pasta, Taste the Difference 250g;£1.50/unit;£6.00/kg;vegetarian-meat-free-pizza-pasta;228;7.6;42.4;0.8;2.5;0.6;2.7;0.04
sainsburys-pepared-butternut-squash---sweet-potato-300g;Sainsbury's Prepared Butternut Squash & Sweet Potato 300g;£1.50/unit;£5.00/kg;courgette-aubergine-squash;66;1.2;13.7;4.9;0.2;0.1;2.3;
sainsburys-pepared-butternut-squash---sweet-potato-300g;Sainsbury's Prepared Butternut Squash & Sweet Potato 300g;£1.50/unit;£5.00/kg;prepared-vegetables;66;1.2;13.7;4.9;0.2;0.1;2.3;
sainsburys-peppercorn-sauce-150g;Sainsbury's Peppercorn Sauce 150g;£1.00/unit;£0.67/100g;stock---gravy;103;3.2;3.6;1.0;8.2;5.2;1.2;0.75
sainsburys-pepperoni--basics-60g;Sainsbury's Pepperoni, Basics 60g;£1.00/unit;£1.67/100g;continental-meats;453;22.0;1.0;0.5;40.0;18.0;0.6;5.00
sainsburys-pepperoni--basics-60g;Sainsbury's Pepperoni, Basics 60g;£1.00/unit;£1.67/100g;mfp-continental-meats;453;22.0;1.0;0.5;40.0;18.0;0.6;5.00
sainsburys-pepperoni-pizza--freefrom-280g;Sainsbury's Freefrom Pepperoni Pizza 280g;£3.50/unit;£12.50/kg;frozen-freefrom;341;7.9;39.1;3.9;16.1;6.1;4.4;1.68
sainsburys-pepperoni-pizza--freefrom-280g;Sainsbury's Freefrom Pepperoni Pizza 280g;£3.50/unit;£12.50/kg;frozen-pizza-garlic-bread;341;7.9;39.1;3.9;16.1;6.1;4.4;1.68
sainsburys-pepperoni-pizza-slice-180g;Sainsbury's Pepperoni Pizza Slice 180g;£1.00/unit;£0.56/100g;lunchtime-snacks;267;7.0;27.6;2.5;13.9;6.1;1.6;0.53
sainsburys-pepperoni-pizza-slice-180g;Sainsbury's Pepperoni Pizza Slice 180g;£1.00/unit;£0.56/100g;sausage-rolls-savouries;267;7.0;27.6;2.5;13.9;6.1;1.6;0.53
sainsburys-pepperoni-pizza-slice-180g;Sainsbury's Pepperoni Pizza Slice 180g;£1.00/unit;£0.56/100g;slices-pasties;267;7.0;27.6;2.5;13.9;6.1;1.6;0.53
sainsburys-pepperoni-sampling-pack-42g;Sainsbury's Pepperoni Sampling Pack 42g;£1.00/unit;£2.38/100g;continental-meats;368;26.4;1.0;0.5;28.7;10.4;0.5;4.63
sainsburys-pepperoni-sampling-pack-42g;Sainsbury's Pepperoni Sampling Pack 42g;£1.00/unit;£2.38/100g;mfp-continental-meats;368;26.4;1.0;0.5;28.7;10.4;0.5;4.63
sainsburys-pepperoni-sampling-pack-42g;Sainsbury's Pepperoni Sampling Pack 42g;£1.00/unit;£2.38/100g;mfp-snacking-cooked-sausage;368;26.4;1.0;0.5;28.7;10.4;0.5;4.63
sainsburys-pepperoni-sampling-pack-42g;Sainsbury's Pepperoni Sampling Pack 42g;£1.00/unit;£2.38/100g;snacking-cooked-sausage;368;26.4;1.0;0.5;28.7;10.4;0.5;4.63
sainsburys-peppers--basics-600g-%28colours-may-vary%29;Sainsbury's Peppers, Basics 600g (colours may vary);£1.00/unit;£1.67/kg;peppers-salad-vegetables;19;0.8;2.5;2.3;0.5;0.1;-1;0.01
sainsburys-peppers--basics-600g-%28colours-may-vary%29;Sainsbury's Peppers, Basics 600g (colours may vary);£1.00/unit;£1.67/kg;peppers;19;0.8;2.5;2.3;0.5;0.1;-1;0.01
sainsburys-peruvian-dark-chocolate--taste-the-difference-100g;Sainsbury's Peruvian Dark Chocolate, Taste the Difference 100g;£1.40/unit;£1.40/100g;chocolate;547;8.4;31.9;26.9;40.2;25.3;12.2;0.02
sainsburys-peshwari-naan--taste-the-difference-x2;Sainsbury's Peshwari Naan, Taste the Difference x2;£1.70/unit;£0.85/ea;naan-ciabatta-breads-of-the-world;293;6.4;46.2;9.2;8.6;4.4;2.9;0.78
sainsburys-peshwari-naan-160g;Sainsbury's Peshwari Naan 160g;£0.75/unit;£0.47/100g;indian-ready-meals;301;7.1;47.3;11.2;8.6;3.8;3.1;0.50
sainsburys-peshwari-naan-160g;Sainsbury's Peshwari Naan 160g;£0.75/unit;£0.47/100g;vegetarian-meat-free-ready-meals;301;7.1;47.3;11.2;8.6;3.8;3.1;0.50
sainsburys-pesto---parmesan-pasta--taste-the-difference-175g;Sainsbury's Pesto & Parmesan Pasta, Taste The Difference 175g;£2.00/unit;£1.14/100g;coleslaw-salads;237;6.2;22.3;0.5;13.3;4.3;1.5;0.93
sainsburys-pesto---parmesan-pasta--taste-the-difference-175g;Sainsbury's Pesto & Parmesan Pasta, Taste The Difference 175g;£2.00/unit;£1.14/100g;dressings-coleslaw-accompaniments;237;6.2;22.3;0.5;13.3;4.3;1.5;0.93
sainsburys-pesto---parmesan-pasta--taste-the-difference-175g;Sainsbury's Pesto & Parmesan Pasta, Taste The Difference 175g;£2.00/unit;£1.14/100g;lunchtime-snacks;237;6.2;22.3;0.5;13.3;4.3;1.5;0.93
sainsburys-pesto---parmesan-pasta--taste-the-difference-175g;Sainsbury's Pesto & Parmesan Pasta, Taste The Difference 175g;£2.00/unit;£1.14/100g;prepared-salad-herbs;237;6.2;22.3;0.5;13.3;4.3;1.5;0.93
sainsburys-petit-pont-l-eveque--taste-the-difference-220g;Sainsbury's Petit Pont L' Eveque, Taste the Difference 220g;£3.00/unit;£13.64/kg;cheeseboard-delights;284;21.0;0.5;0.5;22.0;16.4;0.5;1.70
sainsburys-petit-pont-l-eveque--taste-the-difference-220g;Sainsbury's Petit Pont L' Eveque, Taste the Difference 220g;£3.00/unit;£13.64/kg;organic-taste-the-difference-cheese;284;21.0;0.5;0.5;22.0;16.4;0.5;1.70
sainsburys-petits-pain-x12;Sainsbury's Petits Pain x12;£1.80/unit;£0.15/ea;croissants-brioche-pastries;285;8.5;58.8;3.8;1.1;0.2;2.9;1.09
sainsburys-petits-pois---dry-cured-ham-soup--taste-the-difference-600g;Sainsbury's Petits Pois & Ham Soup, Taste the Difference 600g;£2.00/unit;£0.33/100g;fresh-soups;64;4.1;5.4;2.8;2.4;1.4;2.4;0.40
sainsburys-physalis-100g;Sainsbury's Physalis 100g;£1.25/unit;£12.50/kg;mango-exotic-fruit-dates-nuts;56;1.8;12.2;12.2;-1;-1;-1;-1
sainsburys-piave-vecchio-oro--taste-the-difference-180g;Sainsbury's Piave Vecchio Oro, Taste the Difference 180g;£3.00/unit;£16.67/kg;organic-taste-the-difference-cheese;464;30.0;0.5;0.5;37.6;25.9;0.5;2.03
sainsburys-piccalilli--taste-the-difference-260g;Sainsbury's Piccalilli, Taste the Difference 245g;£1.80/unit;£0.73/100g;chutneys-pickle-relishes;64;0.5;13.8;9.5;0.8;0.2;0.5;1.00
sainsburys-piccalilli-290g;Sainsbury's Piccalilli 290g;£0.95/unit;£0.33/100g;chutneys-pickle-relishes;76;0.7;16.2;13.2;0.7;0.1;1.0;1.17
sainsburys-piccante-gorgonzola--taste-the-difference-200g;Sainsbury's Piccante Gorgonzola, Taste the Difference 200g;£2.00/unit;£10.00/kg;cheeseboard-delights;349;21.5;1.0;0.5;28.7;20.0;0.5;2.93
sainsburys-piccante-gorgonzola--taste-the-difference-200g;Sainsbury's Piccante Gorgonzola, Taste the Difference 200g;£2.00/unit;£10.00/kg;organic-taste-the-difference-cheese;349;21.5;1.0;0.5;28.7;20.0;0.5;2.93
sainsburys-pickled-beetroot--shredded-in-sweet-vinegar-340g;Sainsbury's Pickled Beetroot, Shredded in Sweet Vinegar 340g (200g*);£0.75/unit;£0.38/100g;beetroot;57;1.1;11.4;11.0;0.5;0.1;1.3;0.35
sainsburys-pickled-beetroot--shredded-in-sweet-vinegar-340g;Sainsbury's Pickled Beetroot, Shredded in Sweet Vinegar 340g (200g*);£0.75/unit;£0.38/100g;pickled-food;57;1.1;11.4;11.0;0.5;0.1;1.3;0.35
sainsburys-pickled-beetroot--sliced--sweet-710g;Sainsbury's Pickled Beetroot, Sliced Sweet 710g (415g*);£1.25/unit;£0.30/100g;beetroot;57;1.1;11.4;11.0;0.5;0.1;1.3;0.35
sainsburys-pickled-beetroot--sliced--sweet-710g;Sainsbury's Pickled Beetroot, Sliced Sweet 710g (415g*);£1.25/unit;£0.30/100g;pickled-food;57;1.1;11.4;11.0;0.5;0.1;1.3;0.35
sainsburys-pickled-beetroot--sliced-710g;Sainsbury's Pickled Beetroot, Sliced 710g (415g*);£1.25/unit;£0.30/100g;beetroot;38;1.1;6.1;5.7;0.5;0.1;1.2;0.75
sainsburys-pickled-beetroot--sliced-710g;Sainsbury's Pickled Beetroot, Sliced 710g (415g*);£1.25/unit;£0.30/100g;pickled-food;38;1.1;6.1;5.7;0.5;0.1;1.2;0.75
sainsburys-pickled-beetroot--sweet-whole-baby-710g;Sainsbury's Pickled Beetroot, Whole Baby In Sweet Vinegar 710g (415g*);£1.25/unit;£0.30/100g;beetroot;57;1.1;11.4;11.0;0.5;0.1;1.3;0.35
sainsburys-pickled-beetroot--sweet-whole-baby-710g;Sainsbury's Pickled Beetroot, Whole Baby In Sweet Vinegar 710g (415g*);£1.25/unit;£0.30/100g;pickled-food;57;1.1;11.4;11.0;0.5;0.1;1.3;0.35
sainsburys-pickled-beetroot--whole-baby-in-sweet-vinegar-340g;Sainsbury's Pickled Beetroot, Whole Baby in Sweet Vinegar 340g (200g*);£0.75/unit;£0.38/100g;beetroot;57;1.1;11.4;11.0;0.5;0.1;1.3;0.35
sainsburys-pickled-beetroot--whole-baby-in-sweet-vinegar-340g;Sainsbury's Pickled Beetroot, Whole Baby in Sweet Vinegar 340g (200g*);£0.75/unit;£0.38/100g;pickled-food;57;1.1;11.4;11.0;0.5;0.1;1.3;0.35
sainsburys-pickled-beetroot-in-sweet-vinegar--sliced-340g;Sainsbury's Pickled Beetroot, Sliced In Sweet Vinegar 340g (200g*);£0.75/unit;£0.38/100g;beetroot;57;1.1;11.4;11.0;0.5;0.1;1.3;0.35
sainsburys-pickled-beetroot-in-sweet-vinegar--sliced-340g;Sainsbury's Pickled Beetroot, Sliced In Sweet Vinegar 340g (200g*);£0.75/unit;£0.38/100g;pickled-food;57;1.1;11.4;11.0;0.5;0.1;1.3;0.35
sainsburys-pickled-gherkins--in-sweet-vinegar-1kg;Sainsbury's Pickled Gherkins in Sweet Vinegar 1kg (570g*);£1.50/unit;£0.26/100g;pickled-food;26;0.5;5.6;5.5;0.5;0.1;0.5;1.17
sainsburys-pickled-gherkins-340g;Sainsbury's Pickled Gherkins 340g (180g*);£0.90/unit;£0.50/100g;pickled-food;8;0.5;1.2;1.1;0.5;0.1;0.5;2.42
sainsburys-pickled-gherkins-in-sour-vinegar-675g;Sainsbury's Pickled Gherkins in Sour Vinegar 675g (360g*);£1.00/unit;£0.28/100g;pickled-food;8;0.5;1.2;1.1;0.5;0.1;0.5;2.42
sainsburys-pickled-gherkins-in-sweet-vinegar-675g;Sainsbury's Pickled Gherkins in Sweet Vinegar 675g (360g*);£1.00/unit;£0.28/100g;pickled-food;26;0.5;5.6;5.5;0.5;0.1;0.5;1.17
sainsburys-pickled-onions-440g;Sainsbury's Pickled Onions 440g (225g*);£0.90/unit;£0.39/100g;pickled-food;44;1.2;8.8;8.0;0.5;0.1;1.2;0.68
sainsburys-pickled-onions-in-vinegar-1kg;Sainsbury's Pickled Onions in Vinegar 1kg (520g*);£1.50/unit;£0.27/100g;pickled-food;38;0.9;7.2;6.9;0.5;0.1;1.7;0.72
sainsburys-pickled-onions-in-vinegar-710g;Sainsbury's Pickled Onions In Vinegar 710g (360g*);£1.45/unit;£0.40/100g;pickled-food;38;0.9;7.2;6.9;0.5;0.1;1.7;0.72
sainsburys-pickled-onions-vinegar-440g;Sainsbury's Pickled Onions in Vinegar 440g (230g*);£0.90/unit;£0.39/100g;pickled-food;38;0.9;7.2;6.9;0.5;0.1;1.7;0.72
sainsburys-pickled-shallots-in-malt-vinegar-440g;Sainsbury's Pickled Shallots in Malt Vinegar 440g (235g*);£1.50/unit;£0.68/100g;pickled-food;65;1.5;13.3;11.1;0.5;0.1;2.2;0.98
sainsburys-pilau-rice-250g;Sainsbury's Pilau Rice 250g;£1.25/unit;£5.00/kg;indian-ready-meals;168;3.4;32.7;0.5;2.0;0.2;2.7;0.39
sainsburys-pilau-rice-250g;Sainsbury's Pilau Rice 250g;£1.25/unit;£5.00/kg;vegetarian-meat-free-ready-meals;168;3.4;32.7;0.5;2.0;0.2;2.7;0.39
sainsburys-pimento-olives-with-black-pepper-280g;Sainsbury's Pimento Olives With Black Pepper 280g;£3.50/unit;£1.25/100g;deli-meat-alternatives;153;1.0;0.5;0.5;15.7;2.6;3.6;2.97
sainsburys-pimento-olives-with-black-pepper-280g;Sainsbury's Pimento Olives With Black Pepper 280g;£3.50/unit;£1.25/100g;olives-tapas-antipasti;153;1.0;0.5;0.5;15.7;2.6;3.6;2.97
sainsburys-pimento-stuffed-olive-manchego-135g;Sainsbury's Pimento Stuffed Olive & Manchego 135g;£2.30/unit;£1.70/100g;olives-tapas-antipasti;408;21.5;0.7;0.5;35.5;22.8;0.5;1.35
sainsburys-pimento-stuffed-olive-with-garlic---parsley-120g;Sainsbury's Pimento Stuffed Olive With Garlic & Parsley 120g;£1.80/unit;£1.50/100g;deli-meat-alternatives;163;1.5;0.5;0.5;16.7;2.6;2.9;3.13
sainsburys-pimento-stuffed-olive-with-garlic---parsley-120g;Sainsbury's Pimento Stuffed Olive With Garlic & Parsley 120g;£1.80/unit;£1.50/100g;olives-tapas-antipasti;163;1.5;0.5;0.5;16.7;2.6;2.9;3.13
sainsburys-pineapple---coconut-juice-1l;Sainsbury's Pineapple & Coconut Juice 1L;£1.00/unit;£0.10/100ml;mixers-12333-44;50;0.5;11.6;11.6;0.5;0.1;0.5;0.02
sainsburys-pineapple---coconut-juice-1l;Sainsbury's Pineapple & Coconut Juice 1L;£1.00/unit;£0.10/100ml;mixers;50;0.5;11.6;11.6;0.5;0.1;0.5;0.02
sainsburys-pineapple---grapefruit-juice-drink--zero-added-sugar-2l;Sainsbury's Pineapple & Grapefruit Juice Drink, Zero Added Sugar 2L;£0.60/unit;£0.03/100ml;diet-sugar-free-fizzy-drinks;3;0.5;0.5;0.5;0.5;0.1;0.5;0.04
sainsburys-pineapple---grapefruit-juice-drink--zero-added-sugar-2l;Sainsbury's Pineapple & Grapefruit Juice Drink, Zero Added Sugar 2L;£0.60/unit;£0.03/100ml;fruit-flavoured;3;0.5;0.5;0.5;0.5;0.1;0.5;0.04
sainsburys-pineapple--banana---coconut-smoothie-1l-7721146-p-44;Sainsbury's Pineapple, Banana & Coconut Smoothie 1L;£2.00/unit;£0.20/100ml;chilled-smoothies;72;0.7;13.0;12.1;1.7;1.2;0.8;0.01
sainsburys-pineapple--large-%28each%29;Sainsbury's Pineapple, Large (each);£1.50/unit;£1.50/ea;melon-pineapple-kiwi;46;0.4;10.1;10.1;0.2;0;1.2;
sainsburys-pineapple--mango---passionfruit-1l;Sainsbury's Pineapple, Mango & Passionfruit Juice Drink 1L;£1.00/unit;£0.10/100ml;chilled-fruit-juice;37;0.1;8.6;8.6;0;0;0.2;
sainsburys-pineapple--medium-%28each%29;Sainsbury's Pineapple, Medium (each);£1.00/unit;£1.00/ea;melon-pineapple-kiwi;40;0.4;10.1;10.1;0.2;0.0;1.2;-1
sainsburys-pineapple--melon--apple---grape-120g;Sainsbury's Pineapple, Melon, Apple & Grape 120g;£1.00/unit;£8.33/kg;apples-pears-rhubarb;44;0.5;9.5;9.5;0.5;0.1;1.4;0.01
sainsburys-pineapple--melon--apple---grape-120g;Sainsbury's Pineapple, Melon, Apple & Grape 120g;£1.00/unit;£8.33/kg;bananas-grapes;44;0.5;9.5;9.5;0.5;0.1;1.4;0.01
sainsburys-pineapple--melon--apple---grape-120g;Sainsbury's Pineapple, Melon, Apple & Grape 120g;£1.00/unit;£8.33/kg;melon-pineapple-kiwi;44;0.5;9.5;9.5;0.5;0.1;1.4;0.01
sainsburys-pineapple--melon--apple---grape-120g;Sainsbury's Pineapple, Melon, Apple & Grape 120g;£1.00/unit;£8.33/kg;prepared-fruit;44;0.5;9.5;9.5;0.5;0.1;1.4;0.01
sainsburys-pineapple--pear---kiwi-smoothie-1l;Sainsbury's Pineapple, Pear & Kiwi Smoothie 1L;£2.00/unit;£0.20/100ml;chilled-smoothies;51;0.5;11.5;11.0;0.5;0.1;1.1;0.01
sainsburys-pineapple--strawberry---cantaloupe-240g;Sainsbury's Pineapple, Strawberry & Cantaloupe 240g;£2.00/unit;£8.33/kg;melon-pineapple-kiwi;33;0.6;6.8;6.8;0.5;0.1;1.4;0.01
sainsburys-pineapple--strawberry---cantaloupe-240g;Sainsbury's Pineapple, Strawberry & Cantaloupe 240g;£2.00/unit;£8.33/kg;prepared-fruit;33;0.6;6.8;6.8;0.5;0.1;1.4;0.01
sainsburys-pineapple-chunks-in-fruit-juice-432g;Sainsbury's Pineapple Chunks In Fruit Juice 425g;£0.65/unit;£1.53/kg;dessert-fruit;55;0.5;14;11;0.5;0.1;0.5;0.02
sainsburys-pineapple-cottage-cheese-300g;Sainsbury's Cottage Cheese, Pineapple 300g;£1.40/unit;£4.67/kg;cottage-cheese---healthier-choice;115;7.9;11.0;11.0;4.2;2.6;0.7;0.40
sainsburys-pineapple-cottage-cheese-300g;Sainsbury's Cottage Cheese, Pineapple 300g;£1.40/unit;£4.67/kg;healthier-choice-special-diet-cheese;115;7.9;11.0;11.0;4.2;2.6;0.7;0.40
sainsburys-pineapple-juice-1l-9935-p-44;Sainsbury's Pineapple Juice 1L;£1.00/unit;£0.10/100ml;chilled-fruit-juice;48;0.5;11.0;11.0;0.5;0.1;0.5;0.03
sainsburys-pineapple-juice-1l;Sainsbury's Pineapple Juice 1L;£1.00/unit;£0.10/100ml;mixers-12333-44;48;0.5;11.0;11.0;0.5;0.1;0.5;0.02
sainsburys-pineapple-juice-1l;Sainsbury's Pineapple Juice 1L;£1.00/unit;£0.10/100ml;mixers;48;0.5;11.0;11.0;0.5;0.1;0.5;0.02
sainsburys-pineapple-pieces-190g;Sainsbury's Pineapple Pieces 190g;£1.00/unit;£5.26/kg;melon-pineapple-kiwi;45;0.5;9.8;9.8;0.5;0.1;1.2;0.01
sainsburys-pineapple-pieces-190g;Sainsbury's Pineapple Pieces 190g;£1.00/unit;£5.26/kg;prepared-fruit;45;0.5;9.8;9.8;0.5;0.1;1.2;0.01
sainsburys-pineapple-pieces-400g;Sainsbury's Pineapple Pieces 400g;£2.00/unit;£5.00/kg;melon-pineapple-kiwi;58;0.5;13.1;9.9;0.5;0.1;1.4;0.01
sainsburys-pineapple-pieces-400g;Sainsbury's Pineapple Pieces 400g;£2.00/unit;£5.00/kg;prepared-fruit;58;0.5;13.1;9.9;0.5;0.1;1.4;0.01
sainsburys-pineapple-pieces-in-juice--basics-227g;Sainsbury's Pineapple Pieces In Juice, Basics 230g;£0.40/unit;£1.74/kg;dessert-fruit;55;0.5;14;11;0.5;0.1;0.5;0.02
sainsburys-pineapple-pieces-in-natural-juice-227g;Sainsbury's Pineapple Pieces In Natural Juice 230g;£0.55/unit;£2.39/kg;dessert-fruit;55;0.5;14;11;0.5;0.1;0.5;0.02
sainsburys-pineapple-pieces-in-natural-juice-432g;Sainsbury's Pineapple Pieces In Natural Juice 425g;£0.65/unit;£1.53/kg;dessert-fruit;55;0.5;14;11;0.5;0.1;0.5;0.02
sainsburys-pineapple-pieces-in-pineapple-jelly-480g;Sainsbury's Pineapple Pieces In Pineapple Jelly 480g;£1.50/unit;£0.31/100g;dessert-fruit;72;0.5;17.4;13.4;0.5;0.1;0.5;0.10
sainsburys-pineapple-pieces-in-pineapple-jelly-480g;Sainsbury's Pineapple Pieces In Pineapple Jelly 480g;£1.50/unit;£0.31/100g;jelly;72;0.5;17.4;13.4;0.5;0.1;0.5;0.10
sainsburys-pineapple-pieces-in-pineapple-jely-120g;Sainsbury's Pineapple Pieces In Pineapple Jely 120g;£0.40/unit;£0.33/100g;dessert-fruit;72;0.5;17.4;13.4;0.5;0.1;0.5;0.10
sainsburys-pineapple-pieces-in-pineapple-jely-120g;Sainsbury's Pineapple Pieces In Pineapple Jely 120g;£0.40/unit;£0.33/100g;jelly;72;0.5;17.4;13.4;0.5;0.1;0.5;0.10
sainsburys-pineapple-pieces-in-pineapple-jely-120g;Sainsbury's Pineapple Pieces In Pineapple Jely 120g;£0.40/unit;£0.33/100g;kids-lunchbox-fruit-desserts;72;0.5;17.4;13.4;0.5;0.1;0.5;0.10
sainsburys-pineapple-slices-350g;Sainsbury's Pineapple Slices 350g;£2.00/unit;£5.71/kg;cocktail-ingredients;59;0.5;13.1;9.9;0.5;0.1;1.4;0.01
sainsburys-pineapple-slices-350g;Sainsbury's Pineapple Slices 350g;£2.00/unit;£5.71/kg;melon-pineapple-kiwi;59;0.5;13.1;9.9;0.5;0.1;1.4;0.01
sainsburys-pineapple-slices-350g;Sainsbury's Pineapple Slices 350g;£2.00/unit;£5.71/kg;prepared-fruit;59;0.5;13.1;9.9;0.5;0.1;1.4;0.01
sainsburys-pineapple-slices-in-juice-227g;Sainsbury's Pineapple Slices In Juice 230g;£0.55/unit;£2.39/kg;dessert-fruit;55;0.5;14;11;0.5;0.1;0.5;0.02
sainsburys-pineapple-slices-in-natural-juice-432g;Sainsbury's Pineapple Slices in Natural Juice 425g;£0.65/unit;£1.53/kg;dessert-fruit;55;0.5;14;11;0.5;0.1;0.5;0.02
sainsburys-pink-bolt-strawberr---kiwi-6x250ml;Sainsbury's Pink Bolt Zero Strawberry & Kiwi 6x250ml;£2.00/unit;£0.13/100ml;energy-drinks;3;0;0;0;0;0;0;0.10
sainsburys-pink-bolt-strawberr---kiwi-6x250ml;Sainsbury's Pink Bolt Zero Strawberry & Kiwi 6x250ml;£2.00/unit;£0.13/100ml;sports-energy-drinks;3;0;0;0;0;0;0;0.10
sainsburys-pink-bolt-zero-straw---kiwi-250ml;Sainsbury's Pink Bolt Zero Strawberry & Kiwi 250ml;£0.60/unit;£0.24/100ml;energy-drinks;3;0;0;0;0;0;0;0.10
sainsburys-pink-bolt-zero-strawberry---kiwi-1l;Sainsbury's Pink Bolt Zero Strawberry & Kiwi 1L;£1.30/unit;£0.13/100ml;energy-drinks;3;0.5;0.5;0.5;0.5;0.1;0.5;0.10
sainsburys-pink-grapefruit-%28each%29;Sainsbury's Grapefruit, Pink (each);£0.60/unit;£0.60/ea;citrus-fruit;34;0.8;6.8;6.8;0.5;0.1;1.3;0.01
sainsburys-pink-grapefruit-%28each%29;Sainsbury's Grapefruit, Pink (each);£0.60/unit;£0.60/ea;new-in-season;34;0.8;6.8;6.8;0.5;0.1;1.3;0.01
sainsburys-pink-lady-apple---grape-snack-pack-80g;Sainsbury's Pink Lady Apple & Grape Snack Pack 80g;£0.65/unit;£8.13/kg;prepared-fruit;59;0.5;13.1;13.1;0.5;0.1;2.0;0.01
sainsburys-pink-lady-apple-snack-pack-80g;Sainsbury's Pink Lady Apple Snack Pack 80g;£0.65/unit;£8.13/kg;apples-pears-rhubarb;54;0.5;11.6;11.6;0.5;0.1;2.7;0.01
sainsburys-pink-lady-apple-snack-pack-80g;Sainsbury's Pink Lady Apple Snack Pack 80g;£0.65/unit;£8.13/kg;prepared-fruit;54;0.5;11.6;11.6;0.5;0.1;2.7;0.01
sainsburys-pink-lady-apples--so-organic-x4-%28minimum%29;Sainsbury's Pink Lady Apples, SO Organic x4 (minimum);£2.75/unit;£2.75/ea;apples-pears-rhubarb;47;0.5;11.8;11.8;0.5;0.1;1.8;0.5
sainsburys-pink-lady-apples--so-organic-x4-%28minimum%29;Sainsbury's Pink Lady Apples, SO Organic x4 (minimum);£2.75/unit;£2.75/ea;fruit-vegetables-organic-taste-the-difference;47;0.5;11.8;11.8;0.5;0.1;1.8;0.5
sainsburys-pink-lady-apples-x4;Sainsbury's Pink Lady Apples x4;£2.60/unit;£2.60/ea;apples-pears-rhubarb;47;0.4;11.8;11.8;0.1;0;1.8;
sainsburys-pink-lady-apples-x5-%28minimum%29;Sainsbury's Pink Lady Apples x5 (minimum);£3.00/unit;£3.00/ea;apples-pears-rhubarb;47;0.4;11.8;11.8;0.1;0;1.8;
sainsburys-pink-lemonade--zero-added-sugar-2l;Sainsbury's Pink Lemonade, Zero Added Sugar 2L;£0.60/unit;£0.03/100ml;diet-sugar-free-fizzy-drinks;4;0.5;0.5;0.5;0.5;0.1;0.5;0.04
sainsburys-pink-lemonade--zero-added-sugar-2l;Sainsbury's Pink Lemonade, Zero Added Sugar 2L;£0.60/unit;£0.03/100ml;fruit-flavoured;4;0.5;0.5;0.5;0.5;0.1;0.5;0.04
sainsburys-pink-lemonade--zero-added-sugar-2l;Sainsbury's Pink Lemonade, Zero Added Sugar 2L;£0.60/unit;£0.03/100ml;lemonade;4;0.5;0.5;0.5;0.5;0.1;0.5;0.04
sainsburys-pink-lemonade--zero-added-sugar-6x330ml;Sainsbury's Pink Lemonade, Zero Added Sugar 6x330ml;£1.50/unit;£0.08/100ml;diet-sugar-free-fizzy-drinks;5;0;0.5;0.3;0;0;0;
sainsburys-pink-lemonade--zero-added-sugar-6x330ml;Sainsbury's Pink Lemonade, Zero Added Sugar 6x330ml;£1.50/unit;£0.08/100ml;fruit-flavoured;5;0;0.5;0.3;0;0;0;
sainsburys-pink-lemonade--zero-added-sugar-6x330ml;Sainsbury's Pink Lemonade, Zero Added Sugar 6x330ml;£1.50/unit;£0.08/100ml;lemonade;5;0;0.5;0.3;0;0;0;
sainsburys-pinot-grigio-spritzer-75cl;Sainsbury's Pinot Grigio Spritzer 75cl;£3.00/unit;£3.00/75cl;low-alcohol-wine;-1;-1;-1;-1;-1;-1;-1;-1
sainsburys-pinot-ros%C3%A9-spumante--taste-the-difference-20cl;Sainsbury's Pinot Rosé Spumante, Taste the Difference 20cl;£3.00/unit;£11.25/75cl;sparkling-wine;63;-1;-1;1.5;-1;-1;-1;-1
sainsburys-pirate-fairy-cupcakes-x9;Sainsbury's Pirate Fairy Cupcakes x9;£1.50/unit;£0.17/ea;celebration-cakes;444;3.2;65;64;19;3.6;0.5;0.39
sainsburys-pirate-fairy-cupcakes-x9;Sainsbury's Pirate Fairy Cupcakes x9;£1.50/unit;£0.17/ea;muffins-small-cakes;444;3.2;65;64;19;3.6;0.5;0.39
sainsburys-pirate-milk-chocolate-coins-84g;Sainsbury's Milk Chocolate Coins 84g;£1.00/unit;£1.19/100g;chocolate;518;6.7;59.8;58.5;27.4;17.2;2.1;0.25
sainsburys-pirate-skull-cake-885g;Sainsbury's Pirate Skull Cake 885g;£7.00/unit;£7.91/kg;celebration-cakes;410;2.7;67;54;15;5.8;1.1;0.38
sainsburys-piri-piri-breast-fillet-120g;Sainsbury's Cooked Chicken Piri Piri Breast Fillet 120g;£2.70/unit;£2.08/100g;cooked-chicken-turkey;131;26.2;2.6;1.4;1.8;0.4;0.5;0.65
sainsburys-piri-piri-breast-fillet-120g;Sainsbury's Cooked Chicken Piri Piri Breast Fillet 120g;£2.70/unit;£2.08/100g;mfp-cooked-chicken-turkey;131;26.2;2.6;1.4;1.8;0.4;0.5;0.65
sainsburys-piri-piri-breast-fillet-120g;Sainsbury's Cooked Chicken Piri Piri Breast Fillet 120g;£2.70/unit;£2.08/100g;mfp-snacking-cooked-sausage;131;26.2;2.6;1.4;1.8;0.4;0.5;0.65
sainsburys-piri-piri-breast-fillet-120g;Sainsbury's Cooked Chicken Piri Piri Breast Fillet 120g;£2.70/unit;£2.08/100g;snacking-cooked-sausage;131;26.2;2.6;1.4;1.8;0.4;0.5;0.65
sainsburys-piri-piri-chicken--taste-the-difference-400g;Sainsbury's Piri Piri Chicken, Taste the Difference 400g;£3.30/unit;£8.25/kg;meals-for-1-ready-meals;102;8.9;7.5;4.0;3.0;0.5;4.4;0.73
sainsburys-piri-piri-chicken--taste-the-difference-400g;Sainsbury's Piri Piri Chicken, Taste the Difference 400g;£3.30/unit;£8.25/kg;mediterranean-other-cuisine-ready-meals;102;8.9;7.5;4.0;3.0;0.5;4.4;0.73
sainsburys-piri-piri-chicken--taste-the-difference-400g;Sainsbury's Piri Piri Chicken, Taste the Difference 400g;£3.30/unit;£8.25/kg;taste-the-difference-bistro-ready-meals;102;8.9;7.5;4.0;3.0;0.5;4.4;0.73
sainsburys-piri-piri-chicken-thighs---drumsticks-960g;Sainsbury's Piri Piri Chicken Thighs & Drumsticks 960g;£3.00/unit;£3.13/kg;chicken;234;20.2;2.8;0.6;15.8;4.1;0.5;0.48
sainsburys-piri-piri-houmous-200g;Sainsbury's Piri Piri Houmous 200g;£1.00/unit;£0.50/100g;deli-meat-alternatives;290;7.1;10.2;2.6;23.0;2.3;6.6;1.01
sainsburys-piri-piri-houmous-200g;Sainsbury's Piri Piri Houmous 200g;£1.00/unit;£0.50/100g;fresh-dips-houmous;290;7.1;10.2;2.6;23.0;2.3;6.6;1.01
sainsburys-pistachio-in-shell--so-organic-300g;Sainsbury's Pistachios in Shells, SO Organic 300g;£4.50/unit;£1.50/100g;snacking-fruit-nuts;586;24.7;13.2;7.6;45.7;5.8;11.4;0.01
sainsburys-pitchers-1l;Sainsbury's Pitcher's 1L;£14.00/unit;£14.00/ltr;cocktail-ingredients;178;1.9;7.5;7.1;0.3;0.1;0.1;
sainsburys-pitchers-1l;Sainsbury's Pitcher's 1L;£14.00/unit;£14.00/ltr;liqueurs-other-spirits;178;1.9;7.5;7.1;0.3;0.1;0.1;
sainsburys-pitta-bread--white-x6;Sainsbury's Pitta Bread, White x6;£0.50/unit;£0.14/100g;wraps-bagels-pittas;269;9.0;54.1;4.1;1.3;0.3;2.5;0.88
sainsburys-pitta-bread--wholemeal-x6;Sainsbury's Pitta Bread, Wholemeal x6;£0.50/unit;£0.14/100g;wraps-bagels-pittas;257;9.8;47.8;4.9;1.7;0.3;5.8;0.83
sainsburys-pitted-black-cherries-in-light-syrup-425g;Sainsbury's Pitted Black Cherries In Light Syrup 425g;£1.20/unit;£2.82/kg;dessert-fruit;77;0.6;18.4;15.6;0.5;0.1;0.5;0.03
sainsburys-pitted-green-olives-mixed-herbs-70g;Sainsbury's Pitted Green Olives Mixed Herbs 70g;£0.90/unit;£1.29/100g;olives-antipasti;178;1.2;0.6;0.5;18.1;2.8;4.0;2.35
sainsburys-pitted-green-olives-with-chilli-70g;Sainsbury's Pitted Green Olives With Chilli 70g;£0.90/unit;£1.29/100g;olives-antipasti;163;1.2;0.9;0.5;16.3;2.8;3.8;2.75
sainsburys-plaice-fillets-x2-%28approx-350g%29;Sainsbury's Plaice Fillets x2 (approx. 350g);£12.00/kg;£12.00/kg;filleted-whole-fish;122;21.7;0.5;0.5;3.9;1.0;0.5;0.32
sainsburys-plain-cornbread-185g;Sainsbury's Plain Cornbread 185g;£1.25/unit;£7.35/kg;mexican-caribbean-american-ready-meals;299;9.8;45.7;6.7;8.1;3.0;2.2;1.02
sainsburys-plain-flour-tortillas-320g;Sainsbury's Plain Flour Tortillas 320g;£1.20/unit;£0.38/100g;wraps-bagels-pittas;313;8.2;51.0;2.1;7.8;3.5;2.8;1.05
sainsburys-plain-mini-meringues-x28;Sainsbury's Plain Mini Meringues x28;£1.60/unit;£0.06/ea;cakes-from-our-bakery-12374-44;1678395;4.6;93.9;93.9;0.5;0.1;0.5;0.18
sainsburys-plain-mini-meringues-x28;Sainsbury's Plain Mini Meringues x28;£1.60/unit;£0.06/ea;cakes-from-our-bakery;1678395;4.6;93.9;93.9;0.5;0.1;0.5;0.18
sainsburys-plain-mini-naan-breads--be-good-to-yourself-x4-200g;Sainsbury's Plain Mini Naan Breads, Be Good To Yourself x4 200g;£0.90/unit;£0.45/100g;naan-ciabatta-breads-of-the-world;240;8.1;47.9;1.4;1.2;0.2;2.9;0.93
sainsburys-plain-naan--basics-260g;Sainsbury's Plain Naan, Basics 260g;£0.45/unit;£0.17/100g;indian-ready-meals;255;7.6;47.8;2.2;3.0;0.2;3.4;0.48
sainsburys-plain-naan-260g;Sainsbury's Plain Naan x2 260g;£0.75/unit;£0.29/100g;indian-ready-meals;306;7.8;46.9;1.9;8.9;2.2;3.6;0.75
sainsburys-plain-naan-260g;Sainsbury's Plain Naan x2 260g;£0.75/unit;£0.29/100g;vegetarian-meat-free-ready-meals;306;7.8;46.9;1.9;8.9;2.2;3.6;0.75
sainsburys-plain-pancakes-375g;Sainsbury's Plain Pancakes 375g;£1.00/unit;£0.27/100g;desserts;226;6.5;24.5;3.6;11.1;5.2;1.2;0.73
sainsburys-plain-tortilla-wraps-x8;Sainsbury's Plain Tortilla Wraps x8;£1.00/unit;£0.13/ea;wraps-bagels-pittas;285;7.8;51.2;2.5;4.5;2.0;4.3;0.93
sainsburys-ploughmans-plum-chutney-300g;Sainsbury's Ploughmans Plum Chutney 300g;£1.25/unit;£0.40/100g;chutneys-pickle-relishes;137;0.9;31.1;25.2;0.5;0.2;2.0;1.00
sainsburys-plum-punnet--basics-400g;Sainsbury's Plum Punnet, Basics 400g;£1.50/unit;£3.75/kg;nectarines-plums-apricots-peaches;42;0.6;8.8;8.8;0.1;0;1.6;
sainsburys-plum-punnet-400g;Sainsbury's Plum Punnet 400g;£2.00/unit;£5.00/kg;nectarines-plums-apricots-peaches;42;0.6;8.8;8.8;0.1;0;1.6;
sainsburys-plum-tomatoes-500g;Sainsbury's Plum Tomatoes 500g;£1.20/unit;£2.40/kg;fresh-salad-tomatoes;20;0.7;3.1;3.1;0.5;0.1;1.0;0.02
sainsburys-plum-tomatoes-500g;Sainsbury's Plum Tomatoes 500g;£1.20/unit;£2.40/kg;fresh-vegetables-tomatoes;20;0.7;3.1;3.1;0.5;0.1;1.0;0.02
sainsburys-plums-%28each%29;Sainsbury's Plums Loose;£4.99/kg;£4.99/kg;nectarines-plums-apricots-peaches;42;0.6;8.8;8.8;0.1;0;1.6;
sainsburys-plums--firm---sweet-x4-%28minimum%29;Sainsbury's Plums Perfectly Ripe & Ready x4;£3.50/unit;£3.50/ea;nectarines-plums-apricots-peaches;42;0.6;8.8;8.8;0.1;0.0;1.6;
sainsburys-poached-lemon---herb-salmon-180g;Sainsbury's Poached Lemon & Herb Salmon 180g;£4.50/unit;£2.50/100g;canapes-snacking;254;22.9;0.5;0.5;17.9;2.7;0.5;1.15
sainsburys-polish-kabanos-150g;Sainsbury's Polish Kabanos 150g;£1.60/unit;£1.07/100g;continental-meats;366;23.0;0.5;0.5;30.4;12.4;0.5;3.75
sainsburys-polish-kabanos-150g;Sainsbury's Polish Kabanos 150g;£1.60/unit;£1.07/100g;mfp-continental-meats;366;23.0;0.5;0.5;30.4;12.4;0.5;3.75
sainsburys-polish-kabanos-150g;Sainsbury's Polish Kabanos 150g;£1.60/unit;£1.07/100g;mfp-snacking-cooked-sausage;366;23.0;0.5;0.5;30.4;12.4;0.5;3.75
sainsburys-polish-kabanos-150g;Sainsbury's Polish Kabanos 150g;£1.60/unit;£1.07/100g;snacking-cooked-sausage;366;23.0;0.5;0.5;30.4;12.4;0.5;3.75
sainsburys-polish-wiejska-ring-400g;Sainsbury's Polish Wiejska Sausage Ring 400g;£5.25/unit;£1.31/100g;continental-meats;149;18.3;0.8;0.8;8.0;3.1;0.5;1.95
sainsburys-polish-wiejska-ring-400g;Sainsbury's Polish Wiejska Sausage Ring 400g;£5.25/unit;£1.31/100g;mfp-continental-meats;149;18.3;0.8;0.8;8.0;3.1;0.5;1.95
sainsburys-polish-wiejska-ring-400g;Sainsbury's Polish Wiejska Sausage Ring 400g;£5.25/unit;£1.31/100g;mfp-snacking-cooked-sausage;149;18.3;0.8;0.8;8.0;3.1;0.5;1.95
sainsburys-polish-wiejska-ring-400g;Sainsbury's Polish Wiejska Sausage Ring 400g;£5.25/unit;£1.31/100g;snacking-cooked-sausage;149;18.3;0.8;0.8;8.0;3.1;0.5;1.95
sainsburys-pomegranate---blueberry-juice-1l;Sainsbury's Pomegranate & Blueberry Juice Drink, Reduced Sugar 1L;£1.00/unit;£0.10/100ml;chilled-fruit-juice;26;0.5;6.4;5.6;0.5;0.1;0.5;0.01
sainsburys-pomegranate---blueberry-juice-drink-1l-6403724-p-44;Sainsbury's Pomegranate & Blueberry Juice Drink 1L;£1.00/unit;£0.10/100ml;chilled-fruit-juice;47;0.5;11.7;9.0;0.5;0.1;0.5;0.01
sainsburys-pomegranate-100g;Sainsbury's Pomegranate Seeds 100g;£1.50/unit;£15.00/kg;mango-exotic-fruit-dates-nuts;100;1.7;18.7;13.7;1.2;0.1;4.0;0.01
sainsburys-pomegranate-100g;Sainsbury's Pomegranate Seeds 100g;£1.50/unit;£15.00/kg;new-in-season;100;1.7;18.7;13.7;1.2;0.1;4.0;0.01
sainsburys-pomegranate-100g;Sainsbury's Pomegranate Seeds 100g;£1.50/unit;£15.00/kg;prepared-fruit;100;1.7;18.7;13.7;1.2;0.1;4.0;0.01
sainsburys-pomegranate-juice-drink-1l-7635576-p-44;Sainsbury's Pomegranate Juice Drink 1L;£1.00/unit;£0.10/100ml;chilled-fruit-juice;47;0.5;11.7;9.3;0.5;0.1;0.5;0.01
sainsburys-pomodorino-tomato-side-salad-bowl--taste-the-difference-175g;Sainsbury's Pomodorino Tomato Salad Bowl, Taste the Difference 175g;£2.50/unit;£1.43/100g;coleslaw-salads;75;2.9;4.3;3.9;4.9;1.6;1.0;0.35
sainsburys-pomodorino-tomato-side-salad-bowl--taste-the-difference-175g;Sainsbury's Pomodorino Tomato Salad Bowl, Taste the Difference 175g;£2.50/unit;£1.43/100g;fresh-salad-prepared-ready-to-eat;75;2.9;4.3;3.9;4.9;1.6;1.0;0.35
sainsburys-pomodorino-tomato-side-salad-bowl--taste-the-difference-175g;Sainsbury's Pomodorino Tomato Salad Bowl, Taste the Difference 175g;£2.50/unit;£1.43/100g;fruit-vegetables-organic-taste-the-difference;75;2.9;4.3;3.9;4.9;1.6;1.0;0.35
sainsburys-pomodorino-tomato-side-salad-bowl--taste-the-difference-175g;Sainsbury's Pomodorino Tomato Salad Bowl, Taste the Difference 175g;£2.50/unit;£1.43/100g;lunchtime-snacks;75;2.9;4.3;3.9;4.9;1.6;1.0;0.35
sainsburys-pomodorino-tomato-side-salad-bowl--taste-the-difference-175g;Sainsbury's Pomodorino Tomato Salad Bowl, Taste the Difference 175g;£2.50/unit;£1.43/100g;prepared-salad-herbs;75;2.9;4.3;3.9;4.9;1.6;1.0;0.35
sainsburys-pomodorino-tomatoes--taste-the-difference-250g;Sainsbury's Pomodorino Tomatoes, Taste the Difference 250g;£1.75/unit;£7.00/kg;baby-vegetables;20;0.7;3.0;3.0;0.5;0.1;1.0;0.02
sainsburys-pomodorino-tomatoes--taste-the-difference-250g;Sainsbury's Pomodorino Tomatoes, Taste the Difference 250g;£1.75/unit;£7.00/kg;fresh-salad-tomatoes;20;0.7;3.0;3.0;0.5;0.1;1.0;0.02
sainsburys-pomodorino-tomatoes--taste-the-difference-250g;Sainsbury's Pomodorino Tomatoes, Taste the Difference 250g;£1.75/unit;£7.00/kg;fresh-vegetables-tomatoes;20;0.7;3.0;3.0;0.5;0.1;1.0;0.02
sainsburys-pomodorino-tomatoes--taste-the-difference-250g;Sainsbury's Pomodorino Tomatoes, Taste the Difference 250g;£1.75/unit;£7.00/kg;fruit-vegetables-organic-taste-the-difference;20;0.7;3.0;3.0;0.5;0.1;1.0;0.02
sainsburys-pomodoro---chianti-sauce--taste-the-difference-350g;Sainsbury's Pomodoro & Chianti Sauce, Taste the Difference 350g;£2.50/unit;£7.14/kg;fresh-pasta-sauces;42;1.4;5.7;4.2;1.4;0.2;0.5;0.50
sainsburys-pomodoro---chianti-sauce--taste-the-difference-350g;Sainsbury's Pomodoro & Chianti Sauce, Taste the Difference 350g;£2.50/unit;£7.14/kg;vegetarian-meat-free-pizza-pasta;42;1.4;5.7;4.2;1.4;0.2;0.5;0.50
sainsburys-pomodoro-sauce-pot--so-organic-350g;Sainsbury's Pomodoro Sauce, SO Organic 350g;£1.80/unit;£0.51/100g;fresh-pasta-sauces;51;1.2;6.0;5.3;2.1;0.3;1.8;0.50
sainsburys-pomodoro-sauce-pot--so-organic-350g;Sainsbury's Pomodoro Sauce, SO Organic 350g;£1.80/unit;£0.51/100g;vegetarian-meat-free-pizza-pasta;51;1.2;6.0;5.3;2.1;0.3;1.8;0.50
sainsburys-poppadom-80g;Sainsbury's Poppadom 80g;£1.50/unit;£2.34/100g;indian-ready-meals;417;16.7;41.8;2.6;24.7;1.6;7.1;3.25
sainsburys-poppadom-80g;Sainsbury's Poppadom 80g;£1.50/unit;£2.34/100g;vegetarian-meat-free-ready-meals;417;16.7;41.8;2.6;24.7;1.6;7.1;3.25
sainsburys-popping-candy-chocolate-spread-400g;Sainsbury's Popping Candy Chocolate Spread 400g;£1.25/unit;£0.32/100g;chocolate-sweet-spreads;2345562;3.4;57.2;56.5;35.2;8.2;1.5;0.14
sainsburys-pork---beef-mince--basics-1kg;Sainsbury's Pork & Beef Mince, Basics 1kg;£3.20/unit;£3.20/kg;frozen-beef;317;22.8;0.5;0.5;25.0;10.5;0.5;0.28
sainsburys-pork---beef-mince--basics-1kg;Sainsbury's Pork & Beef Mince, Basics 1kg;£3.20/unit;£3.20/kg;frozen-pork;317;22.8;0.5;0.5;25.0;10.5;0.5;0.28
sainsburys-pork---bramley-apple-sausages--taste-the-difference-%28gluten-free%29-x6-400g;Sainsbury's Gluten Free Pork & Bramley Apple Sausages, Taste the Difference x6 400g;£2.80/unit;£7.00/kg;burgers-bbq;280;16.5;7.8;7.7;20.0;7.1;1.3;1.35
sainsburys-pork---bramley-apple-sausages--taste-the-difference-%28gluten-free%29-x6-400g;Sainsbury's Gluten Free Pork & Bramley Apple Sausages, Taste the Difference x6 400g;£2.80/unit;£7.00/kg;organic-taste-the-difference;280;16.5;7.8;7.7;20.0;7.1;1.3;1.35
sainsburys-pork---bramley-apple-sausages--taste-the-difference-%28gluten-free%29-x6-400g;Sainsbury's Gluten Free Pork & Bramley Apple Sausages, Taste the Difference x6 400g;£2.80/unit;£7.00/kg;sausages;280;16.5;7.8;7.7;20.0;7.1;1.3;1.35
sainsburys-pork---caramelised-onion-s-r-x4--taste-the-difference-260g;Sainsbury's Sausage Rolls with Caramelised Onion Chutney, Taste The Difference x4 260g;£1.90/unit;£0.73/100g;sausage-rolls-savouries;365;10.1;27.5;5.2;23.2;9.8;3.1;0.93
sainsburys-pork---caramelised-red-onion-sausages--taste-the-difference-x10-690g;Sainsbury's Pork & Caramelised Red Onion Sausages, Taste the Difference x10 690g;£3.30/unit;£4.78/kg;great-prices-on-meat---fish;291;18.5;12.4;4.1;18.3;6.2;1.4;1.50
sainsburys-pork---caramelised-red-onion-sausages--taste-the-difference-x10-690g;Sainsbury's Pork & Caramelised Red Onion Sausages, Taste the Difference x10 690g;£3.30/unit;£4.78/kg;organic-taste-the-difference;291;18.5;12.4;4.1;18.3;6.2;1.4;1.50
sainsburys-pork---caramelised-red-onion-sausages--taste-the-difference-x10-690g;Sainsbury's Pork & Caramelised Red Onion Sausages, Taste the Difference x10 690g;£3.30/unit;£4.78/kg;sausages;291;18.5;12.4;4.1;18.3;6.2;1.4;1.50
sainsburys-pork---fresh-herb-sausages--taste-the-difference-%28gluten-free%29-x6-400g;Sainsbury's Gluten Free Pork & Fresh Herb Sausages, Taste the Difference x6 400g;£2.80/unit;£7.00/kg;burgers-bbq;269;20.0;1.1;0.5;20.4;7.2;0.5;1.35
sainsburys-pork---fresh-herb-sausages--taste-the-difference-%28gluten-free%29-x6-400g;Sainsbury's Gluten Free Pork & Fresh Herb Sausages, Taste the Difference x6 400g;£2.80/unit;£7.00/kg;organic-taste-the-difference;269;20.0;1.1;0.5;20.4;7.2;0.5;1.35
sainsburys-pork---fresh-herb-sausages--taste-the-difference-%28gluten-free%29-x6-400g;Sainsbury's Gluten Free Pork & Fresh Herb Sausages, Taste the Difference x6 400g;£2.80/unit;£7.00/kg;sausages;269;20.0;1.1;0.5;20.4;7.2;0.5;1.35
sainsburys-pork---pickle-snack-pie-x2-130g;Sainsbury's Pork & Pickle Snack Pie x2 130g;£1.20/unit;£0.92/100g;hot-cold-pies;379;8.9;29.9;4.7;24.4;9.8;2.3;1.06
sainsburys-pork---pickle-snack-pie-x2-130g;Sainsbury's Pork & Pickle Snack Pie x2 130g;£1.20/unit;£0.92/100g;sausage-rolls-savouries;379;8.9;29.9;4.7;24.4;9.8;2.3;1.06
sainsburys-pork-boneless-steaks--basics-x2-%28approx%29;Sainsbury's British Pork Boneless Steaks, Basics x2 (approx. 300g);£7.00/kg;£7.00/kg;pork;224;26.8;0.5;0.5;12.8;4.7;0.8;0.10
sainsburys-pork-chops--basics-x2-%28approx%29;Sainsbury's British Pork Chops, Basics x2 (approx. 500g);£2.90/kg;£2.90/kg;great-prices-on-meat---fish;273;22.1;1.2;0.5;19.9;8.0;0.5;0.24
sainsburys-pork-chops--basics-x2-%28approx%29;Sainsbury's British Pork Chops, Basics x2 (approx. 500g);£2.90/kg;£2.90/kg;pork;273;22.1;1.2;0.5;19.9;8.0;0.5;0.24
sainsburys-pork-cocktail-sausages-x20-200g;Sainsbury's Pork Cocktail Sausages x20 200g;£1.00/unit;£0.50/100g;sausage-rolls-savouries;1248301;10.9;11.5;1.0;23.1;7.9;1.6;1.08
sainsburys-pork-cocktails-555g;Sainsbury's Pork Cocktails 555g;£2.00/unit;£3.60/kg;frozen-burgers-sausages;231;13.6;6.5;2.7;16.3;5.8;1.8;1.17
sainsburys-pork-cocktails-555g;Sainsbury's Pork Cocktails 555g;£2.00/unit;£3.60/kg;frozen-pork;231;13.6;6.5;2.7;16.3;5.8;1.8;1.17
sainsburys-pork-leg-escalopes--taste-the-difference-400g;Sainsbury's Pork Leg Escalopes, Taste the Difference (approx. 400g);£8.00/kg;£8.00/kg;organic-taste-the-difference;148;27.3;0.5;0.5;4.2;0.9;0.5;0.22
sainsburys-pork-leg-escalopes--taste-the-difference-400g;Sainsbury's Pork Leg Escalopes, Taste the Difference (approx. 400g);£8.00/kg;£8.00/kg;pork;148;27.3;0.5;0.5;4.2;0.9;0.5;0.22
sainsburys-pork-leg-escalopes-x6-600g;Sainsbury's British Pork Leg Escalopes x6 600g;£4.10/unit;£6.83/kg;pork;148;27.3;0.5;0.5;4.2;0.9;0.5;0.22
sainsburys-pork-leg-roasting-joint--taste-the-difference-%28approx-263kg%29;Sainsbury's British Outdoor Reared Pork Leg Joint, Taste the Difference (approx. 2.63kg);£8.00/kg;£8.00/kg;organic-taste-the-difference;221;29.9;0.8;0.5;10.8;4.2;0.5;0.52
sainsburys-pork-leg-roasting-joint--taste-the-difference-%28approx-263kg%29;Sainsbury's British Outdoor Reared Pork Leg Joint, Taste the Difference (approx. 2.63kg);£8.00/kg;£8.00/kg;pork;221;29.9;0.8;0.5;10.8;4.2;0.5;0.52
sainsburys-pork-loin-cutlets--taste-the-difference-%28approx-600g%29;Sainsbury's British Pork Loin Cutlets, Taste the Difference (approx. 600g);£8.00/kg;£8.00/kg;organic-taste-the-difference;166;24.3;1.8;0.5;6.7;2.5;0.5;0.17
sainsburys-pork-loin-cutlets--taste-the-difference-%28approx-600g%29;Sainsbury's British Pork Loin Cutlets, Taste the Difference (approx. 600g);£8.00/kg;£8.00/kg;pork;166;24.3;1.8;0.5;6.7;2.5;0.5;0.17
sainsburys-pork-loin-with-salt---pepper--taste-the-difference-120g;Sainsbury's Pork Loin Slices with Salt & Pepper, Taste the Difference 120g;£3.00/unit;£2.50/100g;cooked-meats-taste-the-difference;125;24.8;0.5;0.5;2.7;0.9;0.5;1.88
sainsburys-pork-loin-with-salt---pepper--taste-the-difference-120g;Sainsbury's Pork Loin Slices with Salt & Pepper, Taste the Difference 120g;£3.00/unit;£2.50/100g;mfp-cooked-meats-snacking-taste-the-difference;125;24.8;0.5;0.5;2.7;0.9;0.5;1.88
sainsburys-pork-luncheon-meat--basics-250g;Sainsbury's Pork Luncheon Meat, Basics 250g;£0.80/unit;£0.32/100g;ham;221;15.2;2.7;0.5;16.5;5.9;0.5;2.00
sainsburys-pork-pate-with-onion-marmalade--taste-the-difference-100g;Sainsbury's Pork Pate With Onion Marmalade, Taste the Difference 100g;£2.00/unit;£2.00/100g;mfp-pate;161;9.9;10.6;8.8;8.4;3.3;2.0;0.90
sainsburys-pork-pate-with-onion-marmalade--taste-the-difference-100g;Sainsbury's Pork Pate With Onion Marmalade, Taste the Difference 100g;£2.00/unit;£2.00/100g;pate;161;9.9;10.6;8.8;8.4;3.3;2.0;0.90
sainsburys-pork-pie--individual-crusty-bake-130g;Sainsbury's Pork Pie, Individual Crusty Bake 130g;£1.15/unit;£0.88/100g;hot-cold-pies;368;10.1;24.4;1.5;25.1;9.8;1.8;1.07
sainsburys-pork-pie--individual-crusty-bake-130g;Sainsbury's Pork Pie, Individual Crusty Bake 130g;£1.15/unit;£0.88/100g;sausage-rolls-savouries;368;10.1;24.4;1.5;25.1;9.8;1.8;1.07
sainsburys-pork-pies--basics-x4-260g;Sainsbury's Pork Pies, Basics x4 260g;£0.90/unit;£0.35/100g;hot-cold-pies;390;8.7;30;2.0;25;10;2.8;1.1
sainsburys-pork-pies--basics-x4-260g;Sainsbury's Pork Pies, Basics x4 260g;£0.90/unit;£0.35/100g;sausage-rolls-savouries;390;8.7;30;2.0;25;10;2.8;1.1
sainsburys-pork-pies--basics-x6-300g;Sainsbury's Pork Pies, Basics x6 300g;£1.45/unit;£0.48/100g;hot-cold-pies;363;9.0;28;1.8;23;9.3;2.5;1.0
sainsburys-pork-pies--basics-x6-300g;Sainsbury's Pork Pies, Basics x6 300g;£1.45/unit;£0.48/100g;sausage-rolls-savouries;363;9.0;28;1.8;23;9.3;2.5;1.0
sainsburys-pork-sausage-meat-325g;Sainsbury's Pork Sausagemeat 325g;£1.00/unit;£3.08/kg;frozen-burgers-sausages;231;13.6;6.5;2.7;16.3;5.8;1.8;1.17
sainsburys-pork-sausage-meat-325g;Sainsbury's Pork Sausagemeat 325g;£1.00/unit;£3.08/kg;frozen-pork;231;13.6;6.5;2.7;16.3;5.8;1.8;1.17
sainsburys-pork-sausages--basics-x8-454g;Sainsbury's Pork Sausages, Basics x8 454g;£0.85/unit;£1.87/kg;sausages;238;12.4;15.2;4.8;13.7;4.7;2.0;1.50
sainsburys-pork-sausages--be-good-to-yourself-600g-pmp;Sainsbury's Pork Sausages, Be Good To Yourself 600g;£2.50/unit;£4.17/kg;frozen-burgers-sausages;204;14.6;6.6;3.4;13.0;4.6;0.9;1.50
sainsburys-pork-sausages--be-good-to-yourself-600g-pmp;Sainsbury's Pork Sausages, Be Good To Yourself 600g;£2.50/unit;£4.17/kg;frozen-pork;204;14.6;6.6;3.4;13.0;4.6;0.9;1.50
sainsburys-pork-sausages--so-organic-350g;Sainsbury's Pork Sausages, SO Organic x6 350g;£3.00/unit;£8.57/kg;organic-taste-the-difference;314;18.5;0.9;0.7;26.0;10.3;1.1;1.25
sainsburys-pork-sausages--so-organic-350g;Sainsbury's Pork Sausages, SO Organic x6 350g;£3.00/unit;£8.57/kg;sausages;314;18.5;0.9;0.7;26.0;10.3;1.1;1.25
sainsburys-pork-sausages--thick-x8-454g;Sainsbury's Thick Pork Sausages x8 454g;£1.10/unit;£2.42/kg;great-prices-on-meat---fish;255;14.5;9.3;3.1;17.5;6.1;1.2;1.48
sainsburys-pork-sausages--thick-x8-454g;Sainsbury's Thick Pork Sausages x8 454g;£1.10/unit;£2.42/kg;sausages;255;14.5;9.3;3.1;17.5;6.1;1.2;1.48
sainsburys-pork-shanks-in-pepper-sauce-500g;Sainsbury's Pork Shanks In Pepper Sauce 500g;£3.00/unit;£6.00/kg;frozen-pork;146;20.1;1.0;0.4;6.8;2.7;0.4;0.53
sainsburys-pork-shoulder-steaks-x3-420g;Sainsbury's British Pork Shoulder Steaks x3 420g;£2.20/unit;£5.24/kg;pork;250;24.5;0.5;0.5;16.6;6.1;0.5;0.32
sainsburys-pork-tenderloin-fillet--so-organic-%28approx-260g%29;Sainsbury's British Pork Tenderloin Fillet, SO Organic (approx. 260g);£13.00/kg;£13.00/kg;organic-taste-the-difference;144;29.0;0.5;0.5;2.8;0.9;0.5;0.10
sainsburys-pork-tenderloin-fillet--so-organic-%28approx-260g%29;Sainsbury's British Pork Tenderloin Fillet, SO Organic (approx. 260g);£13.00/kg;£13.00/kg;pork;144;29.0;0.5;0.5;2.8;0.9;0.5;0.10
sainsburys-portuguese-vinho-verde-75cl;Sainsbury's Portuguese Vinho Verde 75cl;£4.75/unit;£4.75/75cl;buyer-recommends;-1;-1;-1;1.7;-1;-1;-1;-1
sainsburys-potato---bacon-waffles-500g;Sainsbury's Potato & Bacon Waffles 500g;£1.00/unit;£2.00/kg;chips-potatoes;220;2.8;24.8;0.5;11.2;1.7;4.2;1.13
sainsburys-potato---egg-salad-290g;Sainsbury's Potato & Egg Salad Bowl 290g;£2.50/unit;£0.86/100g;coleslaw--olives--salads---dips-30658-44;87;2.8;5.7;3.1;5.6;0.8;1.5;0.33
sainsburys-potato---egg-salad-290g;Sainsbury's Potato & Egg Salad Bowl 290g;£2.50/unit;£0.86/100g;coleslaw-salads;87;2.8;5.7;3.1;5.6;0.8;1.5;0.33
sainsburys-potato---egg-salad-290g;Sainsbury's Potato & Egg Salad Bowl 290g;£2.50/unit;£0.86/100g;fresh-salad-prepared-ready-to-eat;87;2.8;5.7;3.1;5.6;0.8;1.5;0.33
sainsburys-potato---egg-salad-290g;Sainsbury's Potato & Egg Salad Bowl 290g;£2.50/unit;£0.86/100g;lunchtime-snacks;87;2.8;5.7;3.1;5.6;0.8;1.5;0.33
sainsburys-potato---egg-salad-290g;Sainsbury's Potato & Egg Salad Bowl 290g;£2.50/unit;£0.86/100g;prepared-salad-herbs;87;2.8;5.7;3.1;5.6;0.8;1.5;0.33
sainsburys-potato-croquettes-220g;Sainsbury's Potato Croquettes 220g;£1.50/unit;£6.82/kg;british-ready-meals;223;3.3;27.1;2.1;10.7;1.4;2.8;0.46
sainsburys-potato-croquettes-220g;Sainsbury's Potato Croquettes 220g;£1.50/unit;£6.82/kg;coleslaw--olives--salads---dips-30658-44;223;3.3;27.1;2.1;10.7;1.4;2.8;0.46
sainsburys-potato-croquettes-220g;Sainsbury's Potato Croquettes 220g;£1.50/unit;£6.82/kg;potato-vegetable-side-dishes;223;3.3;27.1;2.1;10.7;1.4;2.8;0.46
sainsburys-potato-croquettes-220g;Sainsbury's Potato Croquettes 220g;£1.50/unit;£6.82/kg;prepared-vegetables;223;3.3;27.1;2.1;10.7;1.4;2.8;0.46
sainsburys-potato-croquettes-220g;Sainsbury's Potato Croquettes 220g;£1.50/unit;£6.82/kg;vegetarian-meat-free-ready-meals;223;3.3;27.1;2.1;10.7;1.4;2.8;0.46
sainsburys-potato-croquettes-700g;Sainsbury's Potato Croquettes 700g;£1.00/unit;£1.43/kg;chips-potatoes;183;2.7;25.8;0.5;7.2;0.9;2.4;0.60
sainsburys-potato-dauphinoise--taste-the-difference-400g-6262770-p-44;Sainsbury's Potato Dauphinoise, Taste the Difference 400g;£2.40/unit;£6.00/kg;mediterranean-other-cuisine-ready-meals;123;3.8;10.3;2.0;6.9;4.2;2.0;0.45
sainsburys-potato-dauphinoise--taste-the-difference-400g-6262770-p-44;Sainsbury's Potato Dauphinoise, Taste the Difference 400g;£2.40/unit;£6.00/kg;potato-vegetable-side-dishes;123;3.8;10.3;2.0;6.9;4.2;2.0;0.45
sainsburys-potato-dauphinoise--taste-the-difference-400g-6262770-p-44;Sainsbury's Potato Dauphinoise, Taste the Difference 400g;£2.40/unit;£6.00/kg;prepared-vegetables;123;3.8;10.3;2.0;6.9;4.2;2.0;0.45
sainsburys-potato-dauphinoise--taste-the-difference-400g-6262770-p-44;Sainsbury's Potato Dauphinoise, Taste the Difference 400g;£2.40/unit;£6.00/kg;taste-the-difference-bistro-ready-meals;123;3.8;10.3;2.0;6.9;4.2;2.0;0.45
sainsburys-potato-salad--be-good-to-yourself-300g;Sainsbury's Potato Salad, Be Good To Yourself 300g;£0.70/unit;£0.23/100g;coleslaw--olives--salads---dips-30658-44;104;1.1;11.9;2.5;5.5;0.4;1.3;0.52
sainsburys-potato-salad--be-good-to-yourself-300g;Sainsbury's Potato Salad, Be Good To Yourself 300g;£0.70/unit;£0.23/100g;coleslaw-salads;104;1.1;11.9;2.5;5.5;0.4;1.3;0.52
sainsburys-potato-salad--be-good-to-yourself-300g;Sainsbury's Potato Salad, Be Good To Yourself 300g;£0.70/unit;£0.23/100g;dressings-coleslaw-accompaniments;104;1.1;11.9;2.5;5.5;0.4;1.3;0.52
sainsburys-potato-salad--be-good-to-yourself-300g;Sainsbury's Potato Salad, Be Good To Yourself 300g;£0.70/unit;£0.23/100g;prepared-salad-herbs;104;1.1;11.9;2.5;5.5;0.4;1.3;0.52
sainsburys-potato-salad-300g;Sainsbury's Potato Salad 300g;£0.70/unit;£0.23/100g;coleslaw--olives--salads---dips-30658-44;140;1.0;10.6;1.2;10.2;1.5;1.0;0.43
sainsburys-potato-salad-300g;Sainsbury's Potato Salad 300g;£0.70/unit;£0.23/100g;coleslaw-salads;140;1.0;10.6;1.2;10.2;1.5;1.0;0.43
sainsburys-potato-salad-300g;Sainsbury's Potato Salad 300g;£0.70/unit;£0.23/100g;dressings-coleslaw-accompaniments;140;1.0;10.6;1.2;10.2;1.5;1.0;0.43
sainsburys-potato-salad-300g;Sainsbury's Potato Salad 300g;£0.70/unit;£0.23/100g;prepared-salad-herbs;140;1.0;10.6;1.2;10.2;1.5;1.0;0.43
sainsburys-potato-salad-500g;Sainsbury's Potato Salad 500g;£1.10/unit;£0.22/100g;coleslaw--olives--salads---dips-30658-44;140;1.0;10.6;1.2;10.2;1.5;1.0;0.43
sainsburys-potato-salad-500g;Sainsbury's Potato Salad 500g;£1.10/unit;£0.22/100g;coleslaw-salads;140;1.0;10.6;1.2;10.2;1.5;1.0;0.43
sainsburys-potato-salad-500g;Sainsbury's Potato Salad 500g;£1.10/unit;£0.22/100g;dressings-coleslaw-accompaniments;140;1.0;10.6;1.2;10.2;1.5;1.0;0.43
sainsburys-potato-salad-500g;Sainsbury's Potato Salad 500g;£1.10/unit;£0.22/100g;prepared-salad-herbs;140;1.0;10.6;1.2;10.2;1.5;1.0;0.43
sainsburys-potato-waffles-x12-680g;Sainsbury's Potato Waffles x12 680g;£1.00/unit;£1.47/kg;chips-potatoes;234;2.5;28.0;0.5;12.0;1.2;2.0;0.50
sainsburys-potatoes--basics-4kg;Sainsbury's Potatoes, Basics 4kg;£1.90/unit;£0.48/kg;potatoes;81;1.8;17.5;0.8;0.5;0.1;1.6;100;0.01
sainsburys-potatoes-75kg;Sainsbury's Potatoes 7.5kg;£4.00/unit;£0.53/kg;potatoes;73;1.8;15.4;0.6;0.1;0;1.5;100;
sainsburys-poultry-gravy-300g;Sainsbury's Chicken Gravy 300g;£1.50/unit;£0.50/100g;stock---gravy;45;3.7;4.1;0.6;1.4;0.3;0.5;0.75
sainsburys-prawn-biryani--be-good-to-yourself-400g;Sainsbury's Prawn Biryani, Be Good To Yourself 400g;£3.00/unit;£7.50/kg;healthier-choice-ready-meals;76;3.6;12.0;3.0;1.0;0.3;2.2;0.36
sainsburys-prawn-biryani--be-good-to-yourself-400g;Sainsbury's Prawn Biryani, Be Good To Yourself 400g;£3.00/unit;£7.50/kg;indian-ready-meals;76;3.6;12.0;3.0;1.0;0.3;2.2;0.36
sainsburys-prawn-biryani--be-good-to-yourself-400g;Sainsbury's Prawn Biryani, Be Good To Yourself 400g;£3.00/unit;£7.50/kg;meals-for-1-ready-meals;76;3.6;12.0;3.0;1.0;0.3;2.2;0.36
sainsburys-prawn-cocktail--reduced-fat--be-good-to-yourself-200g;Sainsbury's Prawn Cocktail Reduced Fat, Be Good To Yourself 200g;£2.80/unit;£1.40/100g;cooked-fish-seafood;165;9.3;4.5;2.5;12.1;0.8;0.5;1.00
sainsburys-prawn-cocktail--reduced-fat--be-good-to-yourself-200g;Sainsbury's Prawn Cocktail Reduced Fat, Be Good To Yourself 200g;£2.80/unit;£1.40/100g;mfp-cooked-fish-seafood;165;9.3;4.5;2.5;12.1;0.8;0.5;1.00
sainsburys-prawn-cocktail--reduced-fat--be-good-to-yourself-200g;Sainsbury's Prawn Cocktail Reduced Fat, Be Good To Yourself 200g;£2.80/unit;£1.40/100g;mfp-snacking-cooked-sausage;165;9.3;4.5;2.5;12.1;0.8;0.5;1.00
sainsburys-prawn-cocktail--reduced-fat--be-good-to-yourself-200g;Sainsbury's Prawn Cocktail Reduced Fat, Be Good To Yourself 200g;£2.80/unit;£1.40/100g;prawns-shellfish;165;9.3;4.5;2.5;12.1;0.8;0.5;1.00
sainsburys-prawn-cocktail--reduced-fat--be-good-to-yourself-200g;Sainsbury's Prawn Cocktail Reduced Fat, Be Good To Yourself 200g;£2.80/unit;£1.40/100g;snacking-cooked-sausage;165;9.3;4.5;2.5;12.1;0.8;0.5;1.00
sainsburys-prawn-cocktail--taste-the-difference-200g;Sainsbury's Prawn Cocktail, Taste the Difference 200g;£3.30/unit;£1.65/100g;cooked-fish-seafood;311;10.8;1.7;1.7;28.9;3.3;0.5;1.33
sainsburys-prawn-cocktail--taste-the-difference-200g;Sainsbury's Prawn Cocktail, Taste the Difference 200g;£3.30/unit;£1.65/100g;cooked-meats-taste-the-difference;311;10.8;1.7;1.7;28.9;3.3;0.5;1.33
sainsburys-prawn-cocktail--taste-the-difference-200g;Sainsbury's Prawn Cocktail, Taste the Difference 200g;£3.30/unit;£1.65/100g;mfp-cooked-fish-seafood;311;10.8;1.7;1.7;28.9;3.3;0.5;1.33
sainsburys-prawn-cocktail--taste-the-difference-200g;Sainsbury's Prawn Cocktail, Taste the Difference 200g;£3.30/unit;£1.65/100g;mfp-cooked-meats-snacking-taste-the-difference;311;10.8;1.7;1.7;28.9;3.3;0.5;1.33
sainsburys-prawn-cocktail--taste-the-difference-200g;Sainsbury's Prawn Cocktail, Taste the Difference 200g;£3.30/unit;£1.65/100g;organic-taste-the-difference;311;10.8;1.7;1.7;28.9;3.3;0.5;1.33
sainsburys-prawn-cocktail--taste-the-difference-200g;Sainsbury's Prawn Cocktail, Taste the Difference 200g;£3.30/unit;£1.65/100g;prawns-shellfish;311;10.8;1.7;1.7;28.9;3.3;0.5;1.33
sainsburys-prawn-cocktail--taste-the-difference-200g;Sainsbury's Prawn Cocktail, Taste the Difference 200g;£3.30/unit;£1.65/100g;snacking-cooked-sausage;311;10.8;1.7;1.7;28.9;3.3;0.5;1.33
sainsburys-prawn-cocktail-200g;Sainsbury's Prawn Cocktail 200g;£2.80/unit;£1.40/100g;cooked-fish-seafood;302;9.4;3.2;2.4;27.9;2.1;0.8;1.18
sainsburys-prawn-cocktail-200g;Sainsbury's Prawn Cocktail 200g;£2.80/unit;£1.40/100g;mfp-cooked-fish-seafood;302;9.4;3.2;2.4;27.9;2.1;0.8;1.18
sainsburys-prawn-cocktail-200g;Sainsbury's Prawn Cocktail 200g;£2.80/unit;£1.40/100g;mfp-snacking-cooked-sausage;302;9.4;3.2;2.4;27.9;2.1;0.8;1.18
sainsburys-prawn-cocktail-200g;Sainsbury's Prawn Cocktail 200g;£2.80/unit;£1.40/100g;prawns-shellfish;302;9.4;3.2;2.4;27.9;2.1;0.8;1.18
sainsburys-prawn-cocktail-200g;Sainsbury's Prawn Cocktail 200g;£2.80/unit;£1.40/100g;snacking-cooked-sausage;302;9.4;3.2;2.4;27.9;2.1;0.8;1.18
sainsburys-prawn-crackers-50g;Sainsbury's Prawn Crackers 50g;£1.00/unit;£20.00/kg;oriental-ready-meals;530;2.5;59.9;8.2;30.9;2.7;1.4;2.40
sainsburys-prawn-curry--basics-400g;Sainsbury's Prawn Curry, Basics 400g;£1.00/unit;£2.50/kg;frozen-ready-meals;130;4.3;22.5;2.4;2.0;1.7;2.3;0.44
sainsburys-prawn-layered-salad--be-good-to-yourself-200g;Sainsbury's Prawn Layered Salad, Be Good To Yourself 200g;£2.00/unit;£1.00/100g;coleslaw-salads;105;4.5;15.3;3.3;2.5;0.3;1.4;0.30
sainsburys-prawn-layered-salad--be-good-to-yourself-200g;Sainsbury's Prawn Layered Salad, Be Good To Yourself 200g;£2.00/unit;£1.00/100g;lunchtime-snacks;105;4.5;15.3;3.3;2.5;0.3;1.4;0.30
sainsburys-prawn-layered-salad-380g;Sainsbury's Prawn Layered Salad 380g;£2.50/unit;£0.66/100g;coleslaw-salads;106;4.6;14.2;2.9;3.1;0.2;1.2;0.55
sainsburys-prawn-layered-salad-380g;Sainsbury's Prawn Layered Salad 380g;£2.50/unit;£0.66/100g;lunchtime-snacks;106;4.6;14.2;2.9;3.1;0.2;1.2;0.55
sainsburys-prawn-layered-sld;Sainsbury's Prawn Layered Salad 380g;£2.50/unit;£0.66/100g;coleslaw-salads;119;4.3;12.1;2.6;5.5;0.5;2.1;0.38
sainsburys-prawn-layered-sld;Sainsbury's Prawn Layered Salad 380g;£2.50/unit;£0.66/100g;fresh-salad-prepared-ready-to-eat;119;4.3;12.1;2.6;5.5;0.5;2.1;0.38
sainsburys-prawn-layered-sld;Sainsbury's Prawn Layered Salad 380g;£2.50/unit;£0.66/100g;lunchtime-snacks;119;4.3;12.1;2.6;5.5;0.5;2.1;0.38
sainsburys-prawn-spring-rolls-x6-170g;Sainsbury's Prawn Spring Rolls x6 170g;£2.00/unit;£11.76/kg;oriental-ready-meals;209;8.4;27.1;4.1;7.1;1.0;1.8;1.33
sainsburys-prawn-toasts-x8-256g;Sainsbury's Prawn Toasts x8 256g;£3.00/unit;£11.72/kg;oriental-ready-meals;351;11.4;21.2;7.1;24.1;2.1;2.0;1.02
sainsburys-premium-beef-burger--so-organic-x2-228g;Sainsbury's Premium Beef Burger, SO Organic x2 228g;£2.20/unit;£9.65/kg;beef;231;17.8;2.1;0.5;16.8;7.0;0.5;0.75
sainsburys-premium-beef-burger--so-organic-x2-228g;Sainsbury's Premium Beef Burger, SO Organic x2 228g;£2.20/unit;£9.65/kg;great-prices-on-meat---fish;231;17.8;2.1;0.5;16.8;7.0;0.5;0.75
sainsburys-premium-beef-burger--so-organic-x2-228g;Sainsbury's Premium Beef Burger, SO Organic x2 228g;£2.20/unit;£9.65/kg;organic-taste-the-difference;231;17.8;2.1;0.5;16.8;7.0;0.5;0.75
sainsburys-premium-czech-lager-500ml;Sainsbury's Czech Pilsner Lager 500ml;£1.20/unit;£2.40/ltr;lager;28;-1;1.0;-1;0.5;0.1;-1;-1
sainsburys-premium-czech-lager-500ml;Sainsbury's Czech Pilsner Lager 500ml;£1.20/unit;£2.40/ltr;world-beer;28;-1;1.0;-1;0.5;0.1;-1;-1
sainsburys-prepared-butternut-squash-320g;Sainsbury's Prepared Butternut Squash 320g;£1.50/unit;£4.69/kg;courgette-aubergine-squash;41;0.9;6.9;3.7;0.1;0.0;4.3;
sainsburys-prepared-butternut-squash-320g;Sainsbury's Prepared Butternut Squash 320g;£1.50/unit;£4.69/kg;prepared-vegetables;41;0.9;6.9;3.7;0.1;0.0;4.3;
sainsburys-preserved-sliced-lemons-180g;Sainsbury's Preserved Sliced Lemons 180g;£2.29/unit;£1.27/100g;pickled-food;220;1.4;11.5;7.0;17.7;2.9;-1;0.25
sainsburys-prime-smoked-gammon-steak-x2-450g;Sainsbury's Prime Smoked Gammon Steak x2 450g;£3.30/unit;£7.33/kg;gammon;168;24.1;0;0;7.9;3.0;0;3.80
sainsburys-prime-smoked-gammon-steak-x2-450g;Sainsbury's Prime Smoked Gammon Steak x2 450g;£3.30/unit;£7.33/kg;great-prices-on-meat---fish;168;24.1;0;0;7.9;3.0;0;3.80
sainsburys-primitivo--taste-the-difference-75cl;Sainsbury's Primitivo, Taste the Difference 75cl;£7.50/unit;£7.50/75cl;buyer-recommends;76;-1;-1;-1;-1;-1;-1;-1
sainsburys-princess-castle-cake-%28serves-16%29;Sainsbury's Princess Castle Cake (Serves 16);£10.00/unit;£10.00/ea;celebration-cakes;410;2.3;70;54;13;6.0;1.7;0.30
sainsburys-princess-fairy-cupcakes-x9;Sainsbury's Princess Fairy Cupcakes x9;£1.50/unit;£0.17/ea;celebration-cakes;447;2.6;67;63;19;3.8;0.5;0.43
sainsburys-princess-fairy-cupcakes-x9;Sainsbury's Princess Fairy Cupcakes x9;£1.50/unit;£0.17/ea;muffins-small-cakes;447;2.6;67;63;19;3.8;0.5;0.43
sainsburys-profiterole-dessert-115g;Sainsbury's Profiterole Dessert 115g;£1.50/unit;£1.30/100g;desserts;346;4.9;23.4;17.5;25.6;15.0;1.4;0.23
sainsburys-profiterole-dessert-356g;Sainsbury's Profiterole Dessert 356g;£4.00/unit;£1.12/100g;desserts;355;4.7;25.6;17.4;25.7;15.2;1.0;0.23
sainsburys-profiteroles-with-chocolate-sauce-x20-320g-%28serves-4%29;Sainsbury's Profiteroles With Chocolate Sauce x20 320g;£2.00/unit;£0.63/100g;frozen-cold-desserts;341;4.8;29.6;17.4;22.4;14.9;0.9;0.18
sainsburys-prosciutto-cotto--taste-the-difference-120g;Sainsbury's Italian Prosciutto Cotto Di Vignola, Taste the Difference 120g;£3.00/unit;£2.50/100g;continental-meats;168;19.0;0.5;0.5;10.0;4.5;0.5;1.70
sainsburys-prosciutto-cotto--taste-the-difference-120g;Sainsbury's Italian Prosciutto Cotto Di Vignola, Taste the Difference 120g;£3.00/unit;£2.50/100g;mfp-continental-meats;168;19.0;0.5;0.5;10.0;4.5;0.5;1.70
sainsburys-prosciutto-di-san-daniele--taste-the-difference-70g;Sainsbury's Italian Prosciutto Di San Daniele, Taste the Difference 70g;£3.00/unit;£4.29/100g;continental-meats;301;26.8;2.8;0.5;20.2;7.2;0.6;4.00
sainsburys-prosciutto-di-san-daniele--taste-the-difference-70g;Sainsbury's Italian Prosciutto Di San Daniele, Taste the Difference 70g;£3.00/unit;£4.29/100g;cooked-meats-taste-the-difference;301;26.8;2.8;0.5;20.2;7.2;0.6;4.00
sainsburys-prosciutto-di-san-daniele--taste-the-difference-70g;Sainsbury's Italian Prosciutto Di San Daniele, Taste the Difference 70g;£3.00/unit;£4.29/100g;mfp-continental-meats;301;26.8;2.8;0.5;20.2;7.2;0.6;4.00
sainsburys-prosciutto-di-san-daniele--taste-the-difference-70g;Sainsbury's Italian Prosciutto Di San Daniele, Taste the Difference 70g;£3.00/unit;£4.29/100g;mfp-cooked-meats-snacking-taste-the-difference;301;26.8;2.8;0.5;20.2;7.2;0.6;4.00
sainsburys-prosciutto-di-speck--taste-the-difference-80g;Sainsbury's Italian Prosciutto Di Speck, Taste the Difference 80g;£3.00/unit;£3.75/100g;continental-meats;293;26.3;1.5;0.5;20.2;7.2;0.5;3.94
sainsburys-prosciutto-di-speck--taste-the-difference-80g;Sainsbury's Italian Prosciutto Di Speck, Taste the Difference 80g;£3.00/unit;£3.75/100g;cooked-meats-taste-the-difference;293;26.3;1.5;0.5;20.2;7.2;0.5;3.94
sainsburys-prosciutto-di-speck--taste-the-difference-80g;Sainsbury's Italian Prosciutto Di Speck, Taste the Difference 80g;£3.00/unit;£3.75/100g;mfp-continental-meats;293;26.3;1.5;0.5;20.2;7.2;0.5;3.94
sainsburys-prosciutto-di-speck--taste-the-difference-80g;Sainsbury's Italian Prosciutto Di Speck, Taste the Difference 80g;£3.00/unit;£3.75/100g;mfp-cooked-meats-snacking-taste-the-difference;293;26.3;1.5;0.5;20.2;7.2;0.5;3.94
sainsburys-prunes--californian--pitted--in-juice-290g;Sainsbury's Prunes, Californian, Pitted, in Juice 290g;£0.65/unit;£2.24/kg;dessert-fruit;123;1.2;27.2;19.0;0.5;0.2;2.3;0.04
sainsburys-prunes--unsweetened-in-juice-410g;Sainsbury's Prunes, Unsweetened In Juice 410g;£0.80/unit;£1.95/kg;dessert-fruit;105;1.0;23.5;16.9;0.5;0.1;1.9;0.07
sainsburys-pub-special-steak---ale-pies-x2-400g;Sainsbury's Pub Special Steak & Ale Pies x2 400g;£2.50/unit;£0.62/100g;frozen-pies;258;11.5;22.4;1.3;13.1;5.9;2.6;0.56
sainsburys-pub-specials-beef-lasagne-450g;Sainsbury's Pub Specials Beef Lasagne 450g;£3.00/unit;£6.67/kg;frozen-ready-meals;151;8.3;18.0;2.2;4.8;2.5;1.2;0.60
sainsburys-pub-specials-chicken---bacon-risotto-450g;Sainsbury's Pub Specials Chicken & Bacon Risotto 450g;£3.00/unit;£6.67/kg;frozen-ready-meals;156;8.9;16.7;1.3;5.8;3.1;0.8;0.52
sainsburys-pub-specials-chicken-breast-in-a-bbq-sauce-with-potato-wedges-450g;Sainsbury's Pub Specials Chicken Breast In A BBQ Sauce With Potato Wedges 450g;£3.00/unit;£6.67/kg;frozen-ready-meals;125;9.1;14.2;4.5;3.2;0.9;1.7;0.62
sainsburys-pub-specials-chicken-in-red-wine-450g;Sainsbury's Pub Specials Chicken In Red Wine 450g;£3.00/unit;£6.67/kg;frozen-ready-meals;111;5.9;10.5;1.1;4.8;2.2;0.9;0.54
sainsburys-pub-specials-creamy-peppercorn-chicken-with-saut%C3%A9ed-potatoes-450g;Sainsbury's Pub Specials Creamy Peppercorn Chicken 450g;£3.00/unit;£6.67/kg;frozen-ready-meals;115;5.9;11.5;1.6;4.7;1.8;1.5;0.53
sainsburys-pub-specials-gammon-hock-in-a-cider-sauce-with-mustard-mash-450g;Sainsbury's Pub Specials Gammon Hock In A Cider Sauce With Mustard Mash 450g;£3.00/unit;£6.67/kg;frozen-ready-meals;94;5.5;8.4;1.5;4.0;1.5;1.1;0.54
sainsburys-pub-specials-slow-cooked-beef-in-red-wine-with-gratin-potatoes-450g;Sainsbury's Pub Specials Slow Cooked Beef In Red Wine With Gratin Potatoes 450g;£3.00/unit;£6.67/kg;frozen-ready-meals;121;7.8;11.2;2.2;4.8;2.4;0.8;0.62
sainsburys-puff-pastry-500g;Sainsbury's Butter Puff Pastry 500g;£1.00/unit;£0.20/100g;frozen-baking-pastry;446;4.7;37.9;1.5;30.2;13.3;1.8;0.50
sainsburys-puff-pastry-500g;Sainsbury's Butter Puff Pastry 500g;£1.00/unit;£0.20/100g;frozen-pastry-baking;446;4.7;37.9;1.5;30.2;13.3;1.8;0.50
sainsburys-puglian-extra-virgin-olive-oil--taste-the-difference-500ml;Sainsbury's Puglian Extra Virgin Olive Oil, Taste the Difference 500ml;£5.75/unit;£1.15/100ml;oils;823;0.5;0.5;0.5;91.4;13.1;0.5;0.01
sainsburys-pulled-pork-burrito-400g;Sainsbury's Pulled Pork Burrito 400g;£3.00/unit;£7.50/kg;meals-for-1-ready-meals;164;6.8;24.1;3.7;4.0;1.3;2.7;0.51
sainsburys-pulled-pork-burrito-400g;Sainsbury's Pulled Pork Burrito 400g;£3.00/unit;£7.50/kg;mexican-caribbean-american-ready-meals;164;6.8;24.1;3.7;4.0;1.3;2.7;0.51
sainsburys-pulled-pork-pastries-82g;Sainsbury's Pulled Pork Pastries 82g;£2.50/unit;£3.05/100g;lunchtime-snacks;268;8.9;32.5;6.2;11.0;1.7;1.6;0.90
sainsburys-pulled-pork-pastries-82g;Sainsbury's Pulled Pork Pastries 82g;£2.50/unit;£3.05/100g;slices-pasties;268;8.9;32.5;6.2;11.0;1.7;1.6;0.90
sainsburys-pulled-pork-pizza-12-quot%3B--taste-the-difference;Sainsbury's BBQ Pulled Pork Pizza, Taste the Difference 12''485g;£5.00/unit;£10.31/kg;pizza;272;12.0;34.5;9.2;9.1;2.5;2.2;1.18
sainsburys-pumpkin---sage-quadrotti--taste-the-difference-250g;Sainsbury's Pumpkin & Sage Quadrotti, Taste the Difference 250g;£2.50/unit;£10.00/kg;fresh-pasta-sauces;163;6.6;21.3;3.7;5.0;2.0;3.4;1.08
sainsburys-pure-apple-juice-1l-6730621-p-44;Sainsbury's Pure Apple Juice 1L;£1.00/unit;£0.10/100ml;mixers-12333-44;44;0.5;10.4;10.4;0.5;0.1;0.5;0.01
sainsburys-pure-apple-juice-1l-6730621-p-44;Sainsbury's Pure Apple Juice 1L;£1.00/unit;£0.10/100ml;mixers;44;0.5;10.4;10.4;0.5;0.1;0.5;0.01
sainsburys-pure-indulgence-peanut-ice-cream-sticks-x3-240ml;Sainsbury's Pure Indulgence Peanut Ice Cream Sticks x3 240ml;£2.50/unit;£1.04/100ml;lollies-bars-cones;402;6.9;35.8;31.6;25.6;12.2;0.6;0.26
sainsburys-pure-orange-juice-1l-6730114-p-44;Sainsbury's Pure Orange Juice 1L;£1.00/unit;£0.10/100ml;mixers-12333-44;42;0.5;9.2;9.2;0.5;0.1;0.5;0.03
sainsburys-pure-orange-juice-1l-6730114-p-44;Sainsbury's Pure Orange Juice 1L;£1.00/unit;£0.10/100ml;mixers;42;0.5;9.2;9.2;0.5;0.1;0.5;0.03
sainsburys-pure-tomato-juice-1l;Sainsbury's Pure Tomato Juice 1L;£1.00/unit;£0.10/100ml;mixers-12333-44;19;0.8;3.1;3.1;0.5;0.1;0.6;0.40
sainsburys-pure-tomato-juice-1l;Sainsbury's Pure Tomato Juice 1L;£1.00/unit;£0.10/100ml;mixers;19;0.8;3.1;3.1;0.5;0.1;0.6;0.40
sainsburys-pure-tropical-juice-1l;Sainsbury's Pure Tropical Juice 1L;£1.00/unit;£0.10/100ml;mixers-12333-44;48;0.5;10.7;10.7;0.5;0.1;0.5;0.02
sainsburys-pure-tropical-juice-1l;Sainsbury's Pure Tropical Juice 1L;£1.00/unit;£0.10/100ml;mixers;48;0.5;10.7;10.7;0.5;0.1;0.5;0.02
sainsburys-quark--be-good-to-yourself-250g;Sainsbury's Quark, Be Good To Yourself 250g;£1.00/unit;£4.00/kg;cooking-baking;64;11.6;3.7;3.7;0.5;0.1;0.5;0.13
sainsburys-quark--be-good-to-yourself-250g;Sainsbury's Quark, Be Good To Yourself 250g;£1.00/unit;£4.00/kg;cottage-cheese---healthier-choice;64;11.6;3.7;3.7;0.5;0.1;0.5;0.13
sainsburys-quarterpounder-with-west-country-cheddar---onion--taste-the-difference-454g;Sainsbury's Quarter Pounder With West Country Cheddar & Onion, Taste the Difference 454g;£3.00/unit;£6.61/kg;frozen-beef;271;23.8;3.4;0.5;17.9;8.5;0.5;0.95
sainsburys-quarterpounder-with-west-country-cheddar---onion--taste-the-difference-454g;Sainsbury's Quarter Pounder With West Country Cheddar & Onion, Taste the Difference 454g;£3.00/unit;£6.61/kg;frozen-burgers-sausages;271;23.8;3.4;0.5;17.9;8.5;0.5;0.95
sainsburys-queen-citrus-x4-%28minimum%29;Sainsbury's Queen Citrus x4 (minimum);£2.00/unit;£0.40/ea;citrus-fruit;41;0.9;8.5;8.5;0.5;0.1;1.3;0.01
sainsburys-queen-green-olives--lemon---corriander-180g;Sainsbury's Queen Olives with Lemon & Coriander 180g;£2.30/unit;£1.28/100g;deli-meat-alternatives;128;1.4;10.5;0.5;8.3;1.1;3.1;3.41
sainsburys-queen-green-olives--lemon---corriander-180g;Sainsbury's Queen Olives with Lemon & Coriander 180g;£2.30/unit;£1.28/100g;olives-tapas-antipasti;128;1.4;10.5;0.5;8.3;1.1;3.1;3.41
sainsburys-queen-green-olives-with-chimichuri-180g;Sainsbury's Chimichuri Olives 180g;£2.30/unit;£1.28/100g;olives-tapas-antipasti;125;1.8;0.7;0.7;12.2;1.8;2.6;3.83
sainsburys-quiche-lorraine--taste-the-difference-400g;Sainsbury's Quiche Lorraine, Taste the Difference 400g;£3.00/unit;£0.75/100g;quiche;292;8.2;17.6;2.9;20.7;10.8;1.1;0.41
sainsburys-quiche-lorraine-170g;Sainsbury's Quiche Lorraine 170g;£1.20/unit;£0.71/100g;lunchtime-snacks;275;9.9;16.2;1.5;18.6;8.8;1.7;0.40
sainsburys-quiche-lorraine-170g;Sainsbury's Quiche Lorraine 170g;£1.20/unit;£0.71/100g;quiche;275;9.9;16.2;1.5;18.6;8.8;1.7;0.40
sainsburys-quiche-lorraine-400g;Sainsbury's Quiche Lorraine 400g;£2.40/unit;£0.60/100g;quiche;280;10.2;18.0;1.2;18.3;8.8;1.3;0.75
sainsburys-quick-cook-lamb-chops-225g;Sainsbury's Quick Cook Lamb Chops 275g;£3.30/unit;£12.00/kg;great-prices-on-meat---fish;303;24.4;2.8;0.5;21.6;10.3;0.5;0.33
sainsburys-quick-cook-lamb-chops-225g;Sainsbury's Quick Cook Lamb Chops 275g;£3.30/unit;£12.00/kg;lamb;303;24.4;2.8;0.5;21.6;10.3;0.5;0.33
sainsburys-quick-cook-turkey-steaks-428g;Sainsbury's British Quick Cook Turkey Breast Steaks 428g;£3.30/unit;£7.71/kg;burgers-bbq;162;36.0;0.5;0.5;1.8;0.5;0.5;0.25
sainsburys-quick-cook-turkey-steaks-428g;Sainsbury's British Quick Cook Turkey Breast Steaks 428g;£3.30/unit;£7.71/kg;great-prices-on-meat---fish;162;36.0;0.5;0.5;1.8;0.5;0.5;0.25
sainsburys-quick-cook-turkey-steaks-428g;Sainsbury's British Quick Cook Turkey Breast Steaks 428g;£3.30/unit;£7.71/kg;turkey;162;36.0;0.5;0.5;1.8;0.5;0.5;0.25
sainsburys-rack-of-pork-loin-ribs-%28approx-480g%29;Sainsbury's British Pork Rib Rack (approx. 480g);£6.95/kg;£6.95/kg;burgers-bbq;267;24.6;0.5;0.5;18.4;7.5;0.5;0.31
sainsburys-rack-of-pork-loin-ribs-%28approx-480g%29;Sainsbury's British Pork Rib Rack (approx. 480g);£6.95/kg;£6.95/kg;pork;267;24.6;0.5;0.5;18.4;7.5;0.5;0.31
sainsburys-rack-of-ribs-450g;Sainsbury's Rack Of Ribs 450g;£3.00/unit;£6.67/kg;frozen-pork;242;17.1;13.5;13.1;13.2;5.0;0.5;0.58
sainsburys-radish-200g;Sainsbury's Radish 200g;£0.60/unit;£0.30/100g;peppers-salad-vegetables;12;0.7;1.9;1.9;0.2;0.1;0.9;0.00
sainsburys-radish-200g;Sainsbury's Radish 200g;£0.60/unit;£0.30/100g;spring-onions-radish-beetroot;12;0.7;1.9;1.9;0.2;0.1;0.9;0.00
sainsburys-rainbow-lollies-320ml;Sainsbury's Rainbow Ice Lollies x8 320ml;£1.30/unit;£0.41/100ml;lollies-bars-cones;93;0.5;22.9;20.0;0.5;0.1;0.5;0.03
sainsburys-raisin--nut---honey-granola-1kg;Sainsbury's Granola, Raisin, Nut & Honey 1kg;£2.00/unit;£0.20/100g;bigger-packs;449;10.7;59.9;19.9;16.8;6.4;7.6;
sainsburys-raisin-fruit-slab-cake--basics;Sainsbury's Raisin Fruit Slab Cake, Basics;£1.05/unit;£0.21/100g;sponge-slab-loaf-cakes;372;4.9;58;38;13;4.5;0.9;0.13
sainsburys-raisins---cranberry-35g;Sainsbury's Jumbo Raisins & Cranberries 35g;£0.60/unit;£1.71/100g;dessert-fruit;302;1.6;71.0;68.3;0.6;0.1;2.9;0.12
sainsburys-raisins---cranberry-35g;Sainsbury's Jumbo Raisins & Cranberries 35g;£0.60/unit;£1.71/100g;snacking-fruit-nuts;302;1.6;71.0;68.3;0.6;0.1;2.9;0.12
sainsburys-rapeseed-oil--organic-1l;Sainsbury's Rapeseed Oil, SO Organic 1L;£3.00/unit;£0.30/100ml;oils;3393825;0.5;0.5;0.5;91.7;6.1;0.5;0.01
sainsburys-ras-el-hanout-50g;Sainsbury's Ras El Hanout 50g;£2.50/unit;£0.50/10g;herbs-spices-seasoning;310;9.9;29.7;13.8;10.2;2.8;29.8;8.13
sainsburys-raspberries--so-organic-125g;Sainsbury's Raspberries, SO Organic 125g;£2.75/unit;£22.00/kg;berries-cherries-currants;32;1.4;4.6;4.6;0.5;0.1;2.5;0.01
sainsburys-raspberries--so-organic-125g;Sainsbury's Raspberries, SO Organic 125g;£2.75/unit;£22.00/kg;fruit-vegetables-organic-taste-the-difference;32;1.4;4.6;4.6;0.5;0.1;2.5;0.01
sainsburys-raspberries--taste-the-difference-150g;Sainsbury's Raspberries, Taste the Difference 150g;£2.75/unit;£18.33/kg;berries-cherries-currants;32;1.4;4.6;4.6;0.5;0.1;2.5;0.01
sainsburys-raspberries--taste-the-difference-150g;Sainsbury's Raspberries, Taste the Difference 150g;£2.75/unit;£18.33/kg;fruit-vegetables-organic-taste-the-difference;32;1.4;4.6;4.6;0.5;0.1;2.5;0.01
sainsburys-raspberry---coconut-sponge-370g;Sainsbury's Raspberry & Coconut Sponge 370g;£2.75/unit;£0.74/100g;desserts;346;4.1;40;26;18;11;3.1;0.32
sainsburys-raspberry---passionfruit-eclair-2x70g;Sainsbury's Raspberry & Passionfruit Eclair 2x70g;£2.00/unit;£1.43/100g;desserts;1348323;5.6;29.3;14.4;20.2;8.6;0.9;0.13
sainsburys-raspberry-cheesecake-bites-60g;Sainsbury's Raspberry Cheesecake Bites 2x30g;£1.00/unit;£1.67/100g;desserts;332;4.4;34.3;22.9;19.4;10.2;1.2;0.55
sainsburys-raspberry-coulis--taste-the-difference-250g;Sainsbury's Raspberry Coulis, Taste the Difference 250g;£2.00/unit;£0.80/100g;sauces-toppings;165;0.5;39.1;33.3;0.6;0.2;1.4;0.01
sainsburys-raspberry-jam--seedless-454g;Sainsbury's Raspberry Jam, Seedless 454g;£0.65/unit;£0.14/100g;jams---conserves;248;0.4;60.8;44.8;0.1;0;0.9;0.13
sainsburys-raspberry-jam-454g;Sainsbury's Raspberry Jam 454g;£0.65/unit;£0.14/100g;jams---conserves;248;0.4;60.4;47.0;0.1;0.1;1.8;0.10
sainsburys-raspberry-jam-puddings-2x110g;Sainsbury's Raspberry Jam Puddings 2x110g;£1.75/unit;£0.80/100g;desserts;341;3.9;56;33;11;6.1;1.7;0.70
sainsburys-raspberry-jelly-150g;Sainsbury's Raspberry Jelly 150g;£1.10/unit;£0.73/100g;desserts;79;0.5;18.2;17.1;0.5;0.3;0.5;0.26
sainsburys-raspberry-jelly-terrine-500g;Sainsbury's Raspberry Jelly Terrine 500g;£2.50/unit;£0.50/100g;desserts;87;2.0;18.8;17.4;0.5;0.1;0.7;0.05
sainsburys-raspberry-overload-cheesecakes-2x100g;Sainsbury's Raspberry Cheesecakes 2x100g;£2.00/unit;£1.00/100g;desserts;310;3.9;31.1;21.3;18.6;10.5;1.4;0.25
sainsburys-raspberry-panna-cotta-terrine--taste-the-difference-585g;Sainsbury's Raspberry Panna Cotta Terrine, Taste the Difference 585g;£5.00/unit;£0.85/100g;desserts;217;2.2;15.2;12.8;16.2;10.2;0.5;0.04
sainsburys-raspberry-pavlova-310g-%28serves-6%29;Sainsbury's Raspberry Pavlova 310g (Serves 6);£2.00/unit;£0.65/100g;frozen-cold-desserts;289;2.0;36.8;34.6;14.6;9.3;1.0;0.10
sainsburys-raspberry-ripple-cheesecake-570g;Sainsbury's Raspberry Cheesecake 570g;£3.50/unit;£0.61/100g;desserts;366;4.7;36.0;20.8;22.4;12.1;0.8;0.45
sainsburys-raspberry-ripple-screwballs-6x100ml;Sainsbury's Raspberry Ripple Screwballs 6x100ml;£1.30/unit;£0.22/100ml;lollies-bars-cones;201;3.2;28.3;25.3;8.1;4.8;0.9;0.15
sainsburys-raspberry-ripple-soft-scoop-ice-cream-2l;Sainsbury's Raspberry Ripple Soft Scoop Ice Cream 2L;£1.80/unit;£0.09/100ml;ice-cream-tubs;167;2.9;24.9;21.5;6.1;4.7;0.6;0.15
sainsburys-raspberry-sorbet-500ml;Sainsbury's Raspberry Sorbet 500ml;£2.50/unit;£0.50/100ml;frozen-yogurt-sorbet;105;0.5;25;23;0.5;0.1;0.5;0.08
sainsburys-raspberry-sponge-sandwich-225g;Sainsbury's Raspberry Sponge Sandwich 225g;£1.00/unit;£1.00/ea;sponge-slab-loaf-cakes;383;3.8;57.4;34.9;15.1;5.2;0.9;0.60
sainsburys-raspberry-swiss-roll-190g;Sainsbury's Raspberry Swiss Roll 190g;£0.70/unit;£0.37/100g;sponge-slab-loaf-cakes;301;3.4;67.4;41.9;1.7;0.9;1.3;0.43
sainsburys-raspberry-tiramisu-2x100g;Sainsbury's Raspberry Tiramisu 2x100g;£1.50/unit;£0.75/100g;desserts;233;3.2;32;21;9.2;7.0;1.4;0.10
sainsburys-raspberry-trifle-135g;Sainsbury's Raspberry Trifle 135g;£1.10/unit;£0.81/100g;desserts;212;3.2;19.9;13.0;13.1;7.7;0.7;0.18
sainsburys-raspberry-trifle-1kg;Sainsbury's Raspberry Trifle 1kg;£3.50/unit;£0.35/100g;desserts;145;1.7;20.0;19.2;6.4;4.1;0.7;0.20
sainsburys-raspberry-trifle-4x125g;Sainsbury's Raspberry Trifle 4x125g;£2.00/unit;£0.40/100g;desserts;640153;1.8;19.4;17.5;7.3;4.5;1.2;0.21
sainsburys-raspberry-trifle-600g;Sainsbury's Raspberry Trifle 600g;£2.50/unit;£0.42/100g;desserts;174;1.7;22.3;18.5;8.2;5.3;2.2;0.26
sainsburys-raw-jumbo-king-prawns--taste-the-difference-225g;Sainsbury's Raw Jumbo King Prawns, Taste the Difference 225g;£4.00/unit;£17.77/kg;frozen-fish-seafood;104;18.8;0.5;0.5;3.0;0.4;0.5;1.45
sainsburys-raw-king-prawns-180g;Sainsbury's Raw King Prawns 180g;£3.50/unit;£19.44/kg;prawns-shellfish;143;28.4;0.5;0.5;3.1;0.4;0.5;0.30
sainsburys-raw-shell-on-jumbo-king-prawns--taste-the-difference-600g;Sainsbury's Raw Shell On Jumbo King Prawns, Taste the Difference 600g;£8.50/unit;£14.17/kg;frozen-fish-seafood;107;22.7;0.2;0.2;1.6;0.2;0.5;0.33
sainsburys-ready-prepared-baby-potatoes-with-seasoned-butter-385g;Sainsbury's Prepared Baby Potatoes With Seasoned Butter 385g;£1.00/unit;£2.60/kg;british-ready-meals;80;1.5;15.5;0.6;0.8;0.4;2.6;0.15
sainsburys-ready-prepared-baby-potatoes-with-seasoned-butter-385g;Sainsbury's Prepared Baby Potatoes With Seasoned Butter 385g;£1.00/unit;£2.60/kg;coleslaw--olives--salads---dips-30658-44;80;1.5;15.5;0.6;0.8;0.4;2.6;0.15
sainsburys-ready-prepared-baby-potatoes-with-seasoned-butter-385g;Sainsbury's Prepared Baby Potatoes With Seasoned Butter 385g;£1.00/unit;£2.60/kg;potato-vegetable-side-dishes;80;1.5;15.5;0.6;0.8;0.4;2.6;0.15
sainsburys-ready-prepared-baby-potatoes-with-seasoned-butter-385g;Sainsbury's Prepared Baby Potatoes With Seasoned Butter 385g;£1.00/unit;£2.60/kg;potatoes;80;1.5;15.5;0.6;0.8;0.4;2.6;0.15
sainsburys-ready-prepared-baby-potatoes-with-seasoned-butter-385g;Sainsbury's Prepared Baby Potatoes With Seasoned Butter 385g;£1.00/unit;£2.60/kg;prepared-vegetables;80;1.5;15.5;0.6;0.8;0.4;2.6;0.15
sainsburys-ready-prepared-baby-potatoes-with-seasoned-butter-385g;Sainsbury's Prepared Baby Potatoes With Seasoned Butter 385g;£1.00/unit;£2.60/kg;vegetarian-meat-free-ready-meals;80;1.5;15.5;0.6;0.8;0.4;2.6;0.15
sainsburys-ready-prepared-mini-carrots-240g;Sainsbury's Ready Prepared Mini Carrots 240g;£1.00/unit;£4.17/kg;baby-vegetables;40;0.6;7.5;7.0;0.5;0.1;2.4;0.06
sainsburys-ready-prepared-mini-carrots-240g;Sainsbury's Ready Prepared Mini Carrots 240g;£1.00/unit;£4.17/kg;carrots-root-vegetables;40;0.6;7.5;7.0;0.5;0.1;2.4;0.06
sainsburys-ready-prepared-mini-carrots-240g;Sainsbury's Ready Prepared Mini Carrots 240g;£1.00/unit;£4.17/kg;prepared-vegetables;40;0.6;7.5;7.0;0.5;0.1;2.4;0.06
sainsburys-ready-prepared-spring-greens-200g;Sainsbury's Ready Prepared Spring Greens 200g;£1.00/unit;£5.00/kg;broccoli-cauliflower-cabbage-greens;25;1.9;1.6;1.4;0.7;0.1;2.3;0.03
sainsburys-ready-prepared-spring-greens-200g;Sainsbury's Ready Prepared Spring Greens 200g;£1.00/unit;£5.00/kg;prepared-vegetables;25;1.9;1.6;1.4;0.7;0.1;2.3;0.03
sainsburys-ready-roll-puff-pastry-375g;Sainsbury's Puff Pastry Ready Roll 375g;£1.20/unit;£0.32/100g;frozen-baking-pastry;458;8.1;40.8;1.2;28.4;9.9;3.2;0.48
sainsburys-ready-roll-puff-pastry-375g;Sainsbury's Puff Pastry Ready Roll 375g;£1.20/unit;£0.32/100g;frozen-pastry-baking;458;8.1;40.8;1.2;28.4;9.9;3.2;0.48
sainsburys-ready-roll-short-pastry-375g;Sainsbury's Shortcrust Pastry Ready Roll 375g;£1.20/unit;£0.32/100g;frozen-baking-pastry;505;6.3;46.5;0.5;32.1;12.5;2.5;0.42
sainsburys-ready-roll-short-pastry-375g;Sainsbury's Shortcrust Pastry Ready Roll 375g;£1.20/unit;£0.32/100g;frozen-pastry-baking;505;6.3;46.5;0.5;32.1;12.5;2.5;0.42
sainsburys-ready-rolled-filo-pastry-220g;Sainsbury's Ready Rolled Filo Pastry 220g;£1.45/unit;£0.66/100g;cooking-baking;382;12.9;74.3;2.3;3.0;0.4;2.9;0.29
sainsburys-ready-rolled-light-puff-pastry-375g;Sainsbury's Ready Rolled Light Puff Pastry 375g;£1.30/unit;£0.35/100g;cooking-baking;339;7.9;39.1;2.3;16.4;7.5;1.5;0.59
sainsburys-ready-rolled-light-shortcrust-pastry-375g;Sainsbury's Ready Rolled Light Shortcrust Pastry 375g;£1.30/unit;£0.35/100g;cooking-baking;431;7.0;50.5;1.4;21.8;8.1;2.5;0.31
sainsburys-ready-rolled-puff-pastry-375g;Sainsbury's Ready Rolled Puff Pastry 375g;£1.30/unit;£0.35/100g;cooking-baking;438;8.1;42.3;1.4;25.5;11.1;3.6;0.43
sainsburys-ready-rolled-shortcrust-pastry-375g;Sainsbury's Ready Rolled Shortcrust Pastry 375g;£1.30/unit;£0.35/100g;cooking-baking;496;5.8;46.6;0.8;31.4;12.4;2.0;0.42
sainsburys-ready-to-bake-cheese-stuffed-peppers-370g;Sainsbury's Ready To Bake Cheese Stuffed Peppers 370g;£2.50/unit;£6.76/kg;peppers-salad-vegetables;105;4.8;12.1;3.8;3.9;2.5;1.4;0.28
sainsburys-ready-to-bake-cheese-stuffed-peppers-370g;Sainsbury's Ready To Bake Cheese Stuffed Peppers 370g;£2.50/unit;£6.76/kg;potato-vegetable-side-dishes;105;4.8;12.1;3.8;3.9;2.5;1.4;0.28
sainsburys-ready-to-bake-cheese-stuffed-peppers-370g;Sainsbury's Ready To Bake Cheese Stuffed Peppers 370g;£2.50/unit;£6.76/kg;prepared-vegetables;105;4.8;12.1;3.8;3.9;2.5;1.4;0.28
sainsburys-ready-to-bake-stuffed-mushrooms---mediterranean-vegetables-270g;Sainsbury's Ready To Bake Stuffed Mushrooms & Mediterranean Vegetables 270g;£2.50/unit;£9.26/kg;mediterranean-other-cuisine-ready-meals;81;2.6;7.4;3.2;4.1;0.4;2.2;0.48
sainsburys-ready-to-bake-stuffed-mushrooms---mediterranean-vegetables-270g;Sainsbury's Ready To Bake Stuffed Mushrooms & Mediterranean Vegetables 270g;£2.50/unit;£9.26/kg;potato-vegetable-side-dishes;81;2.6;7.4;3.2;4.1;0.4;2.2;0.48
sainsburys-ready-to-bake-stuffed-mushrooms---mediterranean-vegetables-270g;Sainsbury's Ready To Bake Stuffed Mushrooms & Mediterranean Vegetables 270g;£2.50/unit;£9.26/kg;prepared-vegetables;81;2.6;7.4;3.2;4.1;0.4;2.2;0.48
sainsburys-ready-to-eat-apricots--organic-250g;Sainsbury's Soft Apricots, SO Organic 250g;£4.00/unit;£1.60/100g;dessert-fruit;217;3.3;47.1;43.8;0.5;0.1;7.7;0.01
sainsburys-ready-to-eat-apricots--organic-250g;Sainsbury's Soft Apricots, SO Organic 250g;£4.00/unit;£1.60/100g;snacking-fruit-nuts;217;3.3;47.1;43.8;0.5;0.1;7.7;0.01
sainsburys-ready-to-eat-custard-1kg;Sainsbury's Ready To Eat Custard 1kg;£1.10/unit;£0.11/100g;custard;103;2.7;16.4;11.8;3.0;1.6;0;0.15
sainsburys-ready-to-eat-custard-500g;Sainsbury's Ready To Eat Custard 500g;£0.70/unit;£0.14/100g;custard;103;2.7;16.4;11.8;3.0;1.6;0.5;0.15
sainsburys-ready-to-eat-figs--so-organic-250g;Sainsbury's Figs, SO Organic 250g;£3.00/unit;£1.20/100g;dessert-fruit;252;2.6;50.9;43.1;1.4;0.2;12.7;0.25
sainsburys-ready-to-eat-figs--so-organic-250g;Sainsbury's Figs, SO Organic 250g;£3.00/unit;£1.20/100g;snacking-fruit-nuts;252;2.6;50.9;43.1;1.4;0.2;12.7;0.25
sainsburys-ready-to-eat-figs-500g;Sainsbury's Figs 500g;£3.00/unit;£0.60/100g;dessert-fruit;234;3.3;48.4;48.4;1.5;0.5;6.9;0.14
sainsburys-ready-to-eat-figs-500g;Sainsbury's Figs 500g;£3.00/unit;£0.60/100g;snacking-fruit-nuts;234;3.3;48.4;48.4;1.5;0.5;6.9;0.14
sainsburys-ready-to-eat-prunes--organic-250g;Sainsbury's Prunes, SO Organic 250g;£2.80/unit;£1.12/100g;dessert-fruit;207;1.7;46.1;35.6;0.5;0.1;6.5;0.01
sainsburys-ready-to-eat-prunes--organic-250g;Sainsbury's Prunes, SO Organic 250g;£2.80/unit;£1.12/100g;snacking-fruit-nuts;207;1.7;46.1;35.6;0.5;0.1;6.5;0.01
sainsburys-ready-to-roast-baby-potato---vegetables-800g;Sainsbury's Ready To Roast Baby Potato & Vegetables 800g;£3.00/unit;£3.75/kg;potato-vegetable-side-dishes;68;1.0;11.4;4.2;1.3;0.4;3.3;0.10
sainsburys-ready-to-roast-baby-potato---vegetables-800g;Sainsbury's Ready To Roast Baby Potato & Vegetables 800g;£3.00/unit;£3.75/kg;prepared-vegetables;68;1.0;11.4;4.2;1.3;0.4;3.3;0.10
sainsburys-ready-to-roast-chunky-chips-400g;Sainsbury's Ready To Roast Chunky Chips 400g;£2.00/unit;£5.00/kg;potato-vegetable-side-dishes;144;2.5;26.0;2.8;2.5;0.2;3.5;0.43
sainsburys-ready-to-roast-chunky-chips-400g;Sainsbury's Ready To Roast Chunky Chips 400g;£2.00/unit;£5.00/kg;potatoes;144;2.5;26.0;2.8;2.5;0.2;3.5;0.43
sainsburys-ready-to-roast-chunky-chips-400g;Sainsbury's Ready To Roast Chunky Chips 400g;£2.00/unit;£5.00/kg;prepared-vegetables;144;2.5;26.0;2.8;2.5;0.2;3.5;0.43
sainsburys-ready-to-roast-diced-potatoes-with-seasoned-butter-garlic---herbs-400g;Sainsbury's Ready To Roast Diced Potatoes with Garlic, Herbs & Rosemary Butter 400g;£2.00/unit;£5.00/kg;british-ready-meals;104;2.2;18.0;1.1;2.0;1.1;2.8;0.30
sainsburys-ready-to-roast-diced-potatoes-with-seasoned-butter-garlic---herbs-400g;Sainsbury's Ready To Roast Diced Potatoes with Garlic, Herbs & Rosemary Butter 400g;£2.00/unit;£5.00/kg;potato-vegetable-side-dishes;104;2.2;18.0;1.1;2.0;1.1;2.8;0.30
sainsburys-ready-to-roast-diced-potatoes-with-seasoned-butter-garlic---herbs-400g;Sainsbury's Ready To Roast Diced Potatoes with Garlic, Herbs & Rosemary Butter 400g;£2.00/unit;£5.00/kg;potatoes;104;2.2;18.0;1.1;2.0;1.1;2.8;0.30
sainsburys-ready-to-roast-diced-potatoes-with-seasoned-butter-garlic---herbs-400g;Sainsbury's Ready To Roast Diced Potatoes with Garlic, Herbs & Rosemary Butter 400g;£2.00/unit;£5.00/kg;prepared-vegetables;104;2.2;18.0;1.1;2.0;1.1;2.8;0.30
sainsburys-ready-to-roast-mediterranean-style-vegetables-400g;Sainsbury's Ready To Roast Mediterranean Style Vegetables 400g;£2.00/unit;£5.00/kg;coleslaw--olives--salads---dips-30658-44;39;1.0;5.3;5.3;1.1;0.2;1.9;0.03
sainsburys-ready-to-roast-mediterranean-style-vegetables-400g;Sainsbury's Ready To Roast Mediterranean Style Vegetables 400g;£2.00/unit;£5.00/kg;fresh-vegetables-world-exotic;39;1.0;5.3;5.3;1.1;0.2;1.9;0.03
sainsburys-ready-to-roast-mediterranean-style-vegetables-400g;Sainsbury's Ready To Roast Mediterranean Style Vegetables 400g;£2.00/unit;£5.00/kg;mediterranean-ingredients;39;1.0;5.3;5.3;1.1;0.2;1.9;0.03
sainsburys-ready-to-roast-mediterranean-style-vegetables-400g;Sainsbury's Ready To Roast Mediterranean Style Vegetables 400g;£2.00/unit;£5.00/kg;mediterranean-other-cuisine-ready-meals;39;1.0;5.3;5.3;1.1;0.2;1.9;0.03
sainsburys-ready-to-roast-mediterranean-style-vegetables-400g;Sainsbury's Ready To Roast Mediterranean Style Vegetables 400g;£2.00/unit;£5.00/kg;potato-vegetable-side-dishes;39;1.0;5.3;5.3;1.1;0.2;1.9;0.03
sainsburys-ready-to-roast-mediterranean-style-vegetables-400g;Sainsbury's Ready To Roast Mediterranean Style Vegetables 400g;£2.00/unit;£5.00/kg;prepared-vegetables;39;1.0;5.3;5.3;1.1;0.2;1.9;0.03
sainsburys-ready-to-roast-mediterranean-style-vegetables-400g;Sainsbury's Ready To Roast Mediterranean Style Vegetables 400g;£2.00/unit;£5.00/kg;vegetarian-meat-free-ready-meals;39;1.0;5.3;5.3;1.1;0.2;1.9;0.03
sainsburys-ready-to-roast-mediterranean-style-vegetables-400g;Sainsbury's Ready To Roast Mediterranean Style Vegetables 400g;£2.00/unit;£5.00/kg;vegetarian-ready-meals;39;1.0;5.3;5.3;1.1;0.2;1.9;0.03
sainsburys-ready-to-roast-mediterranean-vegetables-800g;Sainsbury's Ready To Roast Mediterranean Vegetables 800g;£4.00/unit;£5.00/kg;fresh-vegetables-world-exotic;39;1.0;5.3;5.3;1.1;0.2;1.9;0.03
sainsburys-ready-to-roast-mediterranean-vegetables-800g;Sainsbury's Ready To Roast Mediterranean Vegetables 800g;£4.00/unit;£5.00/kg;mediterranean-ingredients;39;1.0;5.3;5.3;1.1;0.2;1.9;0.03
sainsburys-ready-to-roast-mediterranean-vegetables-800g;Sainsbury's Ready To Roast Mediterranean Vegetables 800g;£4.00/unit;£5.00/kg;mediterranean-other-cuisine-ready-meals;39;1.0;5.3;5.3;1.1;0.2;1.9;0.03
sainsburys-ready-to-roast-mediterranean-vegetables-800g;Sainsbury's Ready To Roast Mediterranean Vegetables 800g;£4.00/unit;£5.00/kg;potato-vegetable-side-dishes;39;1.0;5.3;5.3;1.1;0.2;1.9;0.03
sainsburys-ready-to-roast-mediterranean-vegetables-800g;Sainsbury's Ready To Roast Mediterranean Vegetables 800g;£4.00/unit;£5.00/kg;prepared-vegetables;39;1.0;5.3;5.3;1.1;0.2;1.9;0.03
sainsburys-ready-to-roast-mini-jacket-potatoes-with-roasted-garlic-butter-475g;Sainsbury's Ready To Roast Mini Jacket Potatoes With Roasted Garlic Butter 475g;£2.00/unit;£4.21/kg;british-ready-meals;121;1.9;14.9;0.5;5.3;3.1;2.9;0.05
sainsburys-ready-to-roast-mini-jacket-potatoes-with-roasted-garlic-butter-475g;Sainsbury's Ready To Roast Mini Jacket Potatoes With Roasted Garlic Butter 475g;£2.00/unit;£4.21/kg;potato-vegetable-side-dishes;121;1.9;14.9;0.5;5.3;3.1;2.9;0.05
sainsburys-ready-to-roast-mini-jacket-potatoes-with-roasted-garlic-butter-475g;Sainsbury's Ready To Roast Mini Jacket Potatoes With Roasted Garlic Butter 475g;£2.00/unit;£4.21/kg;potatoes;121;1.9;14.9;0.5;5.3;3.1;2.9;0.05
sainsburys-ready-to-roast-mini-jacket-potatoes-with-roasted-garlic-butter-475g;Sainsbury's Ready To Roast Mini Jacket Potatoes With Roasted Garlic Butter 475g;£2.00/unit;£4.21/kg;prepared-vegetables;121;1.9;14.9;0.5;5.3;3.1;2.9;0.05
sainsburys-ready-to-roast-parsnips-400g;Sainsbury's Ready To Roast Parsnips 400g;£2.00/unit;£5.00/kg;british-ready-meals;111;1.0;17.3;7.4;3.6;2.0;2.5;0.15
sainsburys-ready-to-roast-parsnips-400g;Sainsbury's Ready To Roast Parsnips 400g;£2.00/unit;£5.00/kg;carrots-root-vegetables;111;1.0;17.3;7.4;3.6;2.0;2.5;0.15
sainsburys-ready-to-roast-parsnips-400g;Sainsbury's Ready To Roast Parsnips 400g;£2.00/unit;£5.00/kg;coleslaw--olives--salads---dips-30658-44;111;1.0;17.3;7.4;3.6;2.0;2.5;0.15
sainsburys-ready-to-roast-parsnips-400g;Sainsbury's Ready To Roast Parsnips 400g;£2.00/unit;£5.00/kg;new-in-season;111;1.0;17.3;7.4;3.6;2.0;2.5;0.15
sainsburys-ready-to-roast-parsnips-400g;Sainsbury's Ready To Roast Parsnips 400g;£2.00/unit;£5.00/kg;potato-vegetable-side-dishes;111;1.0;17.3;7.4;3.6;2.0;2.5;0.15
sainsburys-ready-to-roast-parsnips-400g;Sainsbury's Ready To Roast Parsnips 400g;£2.00/unit;£5.00/kg;prepared-vegetables;111;1.0;17.3;7.4;3.6;2.0;2.5;0.15
sainsburys-ready-to-roast-parsnips-400g;Sainsbury's Ready To Roast Parsnips 400g;£2.00/unit;£5.00/kg;vegetarian-meat-free-ready-meals;111;1.0;17.3;7.4;3.6;2.0;2.5;0.15
sainsburys-ready-to-roast-potato--mushroom---onion-610g;Sainsbury's Ready To Roast Potato, Mushroom & Onion 610g;£3.00/unit;£5.00/kg;potato-vegetable-side-dishes;96;2.0;12.6;3.3;3.6;1.0;2.4;0.75
sainsburys-ready-to-roast-potato--mushroom---onion-610g;Sainsbury's Ready To Roast Potato, Mushroom & Onion 610g;£3.00/unit;£5.00/kg;prepared-vegetables;96;2.0;12.6;3.3;3.6;1.0;2.4;0.75
sainsburys-ready-to-roast-potatoes-800g;Sainsbury's Ready To Roast Potatoes 800g;£2.50/unit;£3.13/kg;potatoes;120;2.3;21.8;2.8;2.1;0.3;2.1;0.37
sainsburys-ready-to-roast-potatoes-800g;Sainsbury's Ready To Roast Potatoes 800g;£2.50/unit;£3.13/kg;prepared-vegetables;120;2.3;21.8;2.8;2.1;0.3;2.1;0.37
sainsburys-ready-to-roast-spicy-vegetables-750g;Sainsbury's Ready To Roast Spicy Vegetables with Chorizo 750g;£4.00/unit;£5.33/kg;prepared-vegetables;117;2.7;12.2;3.6;5.7;1.2;3.2;0.28
sainsburys-ready-to-roast-vegetables-with-butternut-squash-750g;Sainsbury's Ready To Roast Vegetables With Butternut Squash 750g;£4.00/unit;£5.33/kg;prepared-vegetables;75;1.2;14.3;4.2;0.8;0.1;2.7;0.05
sainsburys-ready-trimmed-brussels-sprouts-240g;Sainsbury's Ready Trimmed Brussels Sprouts 240g;£1.50/unit;£6.25/kg;broccoli-cauliflower-cabbage-greens;43;2.9;3.5;3.0;1.3;0.3;2.6;0.05
sainsburys-ready-trimmed-brussels-sprouts-240g;Sainsbury's Ready Trimmed Brussels Sprouts 240g;£1.50/unit;£6.25/kg;new-in-season;43;2.9;3.5;3.0;1.3;0.3;2.6;0.05
sainsburys-ready-trimmed-brussels-sprouts-240g;Sainsbury's Ready Trimmed Brussels Sprouts 240g;£1.50/unit;£6.25/kg;prepared-vegetables;43;2.9;3.5;3.0;1.3;0.3;2.6;0.05
sainsburys-ready-trimmed-brussels-sprouts-480g;Sainsbury's Ready Trimmed Brussels Sprouts 480g;£2.00/unit;£4.17/kg;broccoli-cauliflower-cabbage-greens;45;3.5;3.5;3.0;1.3;0.3;2.6;0.05
sainsburys-ready-trimmed-brussels-sprouts-480g;Sainsbury's Ready Trimmed Brussels Sprouts 480g;£2.00/unit;£4.17/kg;new-in-season;45;3.5;3.5;3.0;1.3;0.3;2.6;0.05
sainsburys-ready-trimmed-brussels-sprouts-480g;Sainsbury's Ready Trimmed Brussels Sprouts 480g;£2.00/unit;£4.17/kg;prepared-vegetables;45;3.5;3.5;3.0;1.3;0.3;2.6;0.05
sainsburys-red---white-seedless-grapes-500g;Sainsbury's Red & White Seedless Grapes 500g;£2.00/unit;£4.00/kg;bananas-grapes;64;0.4;15.4;15.4;0.1;-1;0.7;-1
sainsburys-red-apple---raisin-granola-1kg;Sainsbury's Granola, Red Apple & Raisin 1kg;£2.00/unit;£0.20/100g;bigger-packs;425;9.2;63.7;22.7;13.1;5.0;7.7;
sainsburys-red-cabbage-%28loose%29;Sainsbury's Red Cabbage (loose);£0.80/kg;£0.80/kg;broccoli-cauliflower-cabbage-greens;26;1.1;3.5;3.1;0.5;0.1;2.5;0.02
sainsburys-red-cabbage-%28loose%29;Sainsbury's Red Cabbage (loose);£0.80/kg;£0.80/kg;new-in-season;26;1.1;3.5;3.1;0.5;0.1;2.5;0.02
sainsburys-red-cabbage-300g;Sainsbury's Red Cabbage 300g;£2.00/unit;£6.67/kg;british-ready-meals;71;1.2;14.9;14.9;0.5;0.1;2.3;0.63
sainsburys-red-cabbage-300g;Sainsbury's Red Cabbage 300g;£2.00/unit;£6.67/kg;broccoli-cauliflower-cabbage-greens;71;1.2;14.9;14.9;0.5;0.1;2.3;0.63
sainsburys-red-cabbage-300g;Sainsbury's Red Cabbage 300g;£2.00/unit;£6.67/kg;coleslaw--olives--salads---dips-30658-44;71;1.2;14.9;14.9;0.5;0.1;2.3;0.63
sainsburys-red-cabbage-300g;Sainsbury's Red Cabbage 300g;£2.00/unit;£6.67/kg;potato-vegetable-side-dishes;71;1.2;14.9;14.9;0.5;0.1;2.3;0.63
sainsburys-red-cabbage-300g;Sainsbury's Red Cabbage 300g;£2.00/unit;£6.67/kg;prepared-vegetables;71;1.2;14.9;14.9;0.5;0.1;2.3;0.63
sainsburys-red-cabbage-300g;Sainsbury's Red Cabbage 300g;£2.00/unit;£6.67/kg;vegetarian-meat-free-ready-meals;71;1.2;14.9;14.9;0.5;0.1;2.3;0.63
sainsburys-red-cabbage-in-sweet-vinegar-445g;Sainsbury's Red Cabbage in Sweet Vinegar 445g (215g*);£0.75/unit;£0.17/100g;pickled-food;51;0.8;8.8;8.8;0.5;0.1;2.7;1.53
sainsburys-red-cabbage-in-vinegar-445g;Sainsbury's Red Cabbage in Vinegar 445g (210g*);£0.90/unit;£0.20/100g;pickled-food;28;0.8;3.0;2.9;0.5;0.1;2.6;1.15
sainsburys-red-cheese--be-good-to-yourself-270g;Sainsbury's Red Cheese, Be Good To Yourself 270g;£2.00/unit;£7.41/kg;cheddar-british-regional-cheese;263;30.3;0.5;0.5;15.7;9.8;0.5;1.80
sainsburys-red-cheese--be-good-to-yourself-270g;Sainsbury's Red Cheese, Be Good To Yourself 270g;£2.00/unit;£7.41/kg;cottage-cheese---healthier-choice;263;30.3;0.5;0.5;15.7;9.8;0.5;1.80
sainsburys-red-chillies-60g;Sainsbury's Red Chillies 60g;£0.60/unit;£10.00/kg;afro-caribbean-ingredients;29;1.8;4.0;4.0;0.5;0.1;-1;0.03
sainsburys-red-chillies-60g;Sainsbury's Red Chillies 60g;£0.60/unit;£10.00/kg;asian-ingredients;29;1.8;4.0;4.0;0.5;0.1;-1;0.03
sainsburys-red-chillies-60g;Sainsbury's Red Chillies 60g;£0.60/unit;£10.00/kg;chillies-herbs-ingredients;29;1.8;4.0;4.0;0.5;0.1;-1;0.03
sainsburys-red-chillies-60g;Sainsbury's Red Chillies 60g;£0.60/unit;£10.00/kg;fresh-vegetables-world-exotic;29;1.8;4.0;4.0;0.5;0.1;-1;0.03
sainsburys-red-chillies-60g;Sainsbury's Red Chillies 60g;£0.60/unit;£10.00/kg;indian-ingredients;29;1.8;4.0;4.0;0.5;0.1;-1;0.03
sainsburys-red-cooking-wine-250ml;Sainsbury's Red Cooking Wine 250ml;£1.02/unit;£4.08/ltr;oils;7;0.1;1.1;0.1;0.1;0;0.5;
sainsburys-red-fruit-yogurts-6x125g;Sainsbury's Mixed Red Fruit Yogurt 6x125g;£1.00/unit;£0.13/100g;corners-everyday-yogurts;90;4.5;14;11;1.8;0.9;0.5;0.13
sainsburys-red-fruit-yogurts-6x125g;Sainsbury's Mixed Red Fruit Yogurt 6x125g;£1.00/unit;£0.13/100g;diet-low-fat-yogurts;90;4.5;14;11;1.8;0.9;0.5;0.13
sainsburys-red-grape-juice-1l-6694506-p-44;Sainsbury's Red Grape Juice, Not From Concentrate 1L;£1.40/unit;£0.14/100ml;chilled-fruit-juice;68;0.5;16.3;16.3;0.5;0.1;0.5;0.01
sainsburys-red-grapefruit-%28each%29;Sainsbury's Grapefruit, Red (each);£0.50/unit;£0.50/ea;citrus-fruit;34;0.8;6.8;6.8;0.5;0.1;1.3;0.01
sainsburys-red-grapefruit-%28each%29;Sainsbury's Grapefruit, Red (each);£0.50/unit;£0.50/ea;new-in-season;34;0.8;6.8;6.8;0.5;0.1;1.3;0.01
sainsburys-red-leicester--basics-270g;Sainsbury's Red Leicester, Basics 270g;£2.00/unit;£7.41/kg;cheddar-british-regional-cheese;390;25.5;0.5;0.5;32.0;20.8;0.5;1.80
sainsburys-red-leicester--basics-625g;Sainsbury's Red Leicester, Basics 625g;£4.00/unit;£6.40/kg;cheddar-british-regional-cheese;390;25.5;0.5;0.5;32.0;20.8;0.5;1.80
sainsburys-red-leicester--so-organic-270g;Sainsbury's Red Leicester, SO Organic 270g;£2.50/unit;£9.26/kg;cheddar-british-regional-cheese;399;23.8;0.5;0.5;33.7;21.1;0.5;1.70
sainsburys-red-leicester--so-organic-270g;Sainsbury's Red Leicester, SO Organic 270g;£2.50/unit;£9.26/kg;cheeseboard-delights;399;23.8;0.5;0.5;33.7;21.1;0.5;1.70
sainsburys-red-leicester--so-organic-270g;Sainsbury's Red Leicester, SO Organic 270g;£2.50/unit;£9.26/kg;organic-taste-the-difference-cheese;399;23.8;0.5;0.5;33.7;21.1;0.5;1.70
sainsburys-red-leicester-250g;Sainsbury's Red Leicester 250g;£2.00/unit;£8.00/kg;cheddar-british-regional-cheese;390;25.5;0.5;0.5;32.0;20.8;0.5;1.80
sainsburys-red-leicester-400g;Sainsbury's Red Leicester 400g;£3.00/unit;£7.50/kg;cheddar-british-regional-cheese;390;25.5;0.5;0.5;32.0;20.8;0.5;1.80
sainsburys-red-leicester-slices-240g;Sainsbury's Red Leicester Slices 240g;£2.00/unit;£8.33/kg;cheddar-british-regional-cheese;390;25.5;0.5;0.5;32.0;20.8;0.5;1.80
sainsburys-red-leicester-slices-240g;Sainsbury's Red Leicester Slices 240g;£2.00/unit;£8.33/kg;sliced-grated-cheese;390;25.5;0.5;0.5;32.0;20.8;0.5;1.80
sainsburys-red-mini-cos---sweet-gem-lettuce;Sainsbury's Red Mini Cos & Sweet Gem Lettuce;£1.25/unit;£0.63/ea;lettuce;14;1.2;1.3;1.3;0.5;0.1;1.3;0.02
sainsburys-red-onion---cheese-mini-flatbreads--taste-the-difference-265g;Sainsbury's Red Onion & Cheese Mini Flatbreads, Taste the Difference 265g;£2.20/unit;£0.83/100g;garlic-bread;294;9.9;41.0;2.2;9.5;3.0;2.5;0.85
sainsburys-red-onion---cheese-mini-flatbreads--taste-the-difference-265g;Sainsbury's Red Onion & Cheese Mini Flatbreads, Taste the Difference 265g;£2.20/unit;£0.83/100g;taste-the-difference-bistro-ready-meals;294;9.9;41.0;2.2;9.5;3.0;2.5;0.85
sainsburys-red-onion---cheese-mini-flatbreads--taste-the-difference-265g;Sainsbury's Red Onion & Cheese Mini Flatbreads, Taste the Difference 265g;£2.20/unit;£0.83/100g;vegetarian-meat-free-pizza-pasta;294;9.9;41.0;2.2;9.5;3.0;2.5;0.85
sainsburys-red-onion---courgette-bhajia--taste-the-difference-210g;Sainsbury's Red Onion & Courgette Bhajia, Taste the Difference 210g;£2.00/unit;£9.52/kg;indian-ready-meals;248;4.7;26.5;13.0;12.5;1.2;5.1;0.95
sainsburys-red-onion---courgette-bhajia--taste-the-difference-210g;Sainsbury's Red Onion & Courgette Bhajia, Taste the Difference 210g;£2.00/unit;£9.52/kg;taste-the-difference-bistro-ready-meals;248;4.7;26.5;13.0;12.5;1.2;5.1;0.95
sainsburys-red-onions--so-organic-500g;Sainsbury's Red Onions, SO Organic 500g;£1.10/unit;£2.20/kg;fruit-vegetables-organic-taste-the-difference;38;1.0;7.6;5.9;0.5;0.1;1.4;0.01
sainsburys-red-onions--so-organic-500g;Sainsbury's Red Onions, SO Organic 500g;£1.10/unit;£2.20/kg;onions-leeks-garlic;38;1.0;7.6;5.9;0.5;0.1;1.4;0.01
sainsburys-red-onions-1kg;Sainsbury's Red Onions 1kg;£1.00/unit;£1.00/kg;onions-leeks-garlic;38;1.0;7.6;5.9;0.5;0.1;1.4;0.01
sainsburys-red-pepper---chilli-dressing-180ml;Sainsbury's Red Pepper & Chilli Dressing 180ml;£1.20/unit;£0.67/100ml;dressings-coleslaw-accompaniments;157;1.2;17.5;14.5;8.9;0.7;1.3;1.25
sainsburys-red-pepper---chilli-salsa-170g;Sainsbury's Red Pepper & Chilli Salsa 170g;£1.40/unit;£0.82/100g;deli-meat-alternatives;128;1.4;10.9;6.7;8.4;0.7;1.5;1.30
sainsburys-red-pepper---chilli-salsa-170g;Sainsbury's Red Pepper & Chilli Salsa 170g;£1.40/unit;£0.82/100g;fresh-dips-houmous;128;1.4;10.9;6.7;8.4;0.7;1.5;1.30
sainsburys-red-pepper-bruschetta-235g;Sainsbury's Red Pepper Bruschetta 235g;£2.30/unit;£0.98/100g;olives-antipasti;58;1.0;7.0;7.0;2.4;0.4;2.4;1.70
sainsburys-red-pepper-houmous--be-good-to-yourself-200g;Sainsbury's Red Pepper Houmous, Be Good To Yourself 200g;£1.00/unit;£0.50/100g;deli-meat-alternatives;170;6.3;12.3;1.2;9.0;0.9;7.2;0.71
sainsburys-red-pepper-houmous--be-good-to-yourself-200g;Sainsbury's Red Pepper Houmous, Be Good To Yourself 200g;£1.00/unit;£0.50/100g;fresh-dips-houmous;170;6.3;12.3;1.2;9.0;0.9;7.2;0.71
sainsburys-red-pepper-stuffed-greek-olives--taste-the-difference-285g;Sainsbury's Red Pepper Stuffed Greek Olives, Taste the Difference 285g (160g*);£2.50/unit;£1.56/100g;olives-antipasti;125;1.0;1.0;0.5;12.5;1.9;2.0;3.33
sainsburys-red-pesto-150g;Sainsbury's Fresh Red Pesto 150g;£2.00/unit;£1.33/100g;fresh-pasta-sauces;403;6.6;6.7;4.4;38.6;6.3;1.3;1.23
sainsburys-red-pesto-150g;Sainsbury's Fresh Red Pesto 150g;£2.00/unit;£1.33/100g;vegetarian-meat-free-pizza-pasta;403;6.6;6.7;4.4;38.6;6.3;1.3;1.23
sainsburys-red-plum-conserve--taste-the-difference-340g;Sainsbury's Red Plum Conserve, Taste the Difference 340g;£1.50/unit;£0.44/100g;jams---conserves;243;0.5;59.6;52.4;0.5;0.1;0.9;0.13
sainsburys-red-plums-in-light-syrup-567g;Sainsbury's Red Plums In Light Syrup 567g;£0.90/unit;£1.59/kg;dessert-fruit;75;0.5;17;16;0.5;0.2;1.4;0.05
sainsburys-red-seedless-grapes-%28approx-600g%29;Sainsbury's Red Seedless Grapes (approx. 600g);£4.00/kg;£4.00/kg;bananas-grapes;66;0.4;15.4;15.4;0.1;0.0;0.7;
sainsburys-red-seedless-grapes-250g;Sainsbury's Red Seedless Grapes 250g;£1.50/unit;£6.00/kg;bananas-grapes;66;0.4;15.4;15.4;0.1;0;0.7;-1
sainsburys-red-thai-paste-190g;Sainsbury's Thai Red Curry Paste 180g;£1.50/unit;£0.83/100g;cooking-pastes;108;1.0;7.7;5.5;7.8;1.2;1.7;1.50
sainsburys-red-velvet-cupcakes-x2;Sainsbury's Red Velvet Cupcakes x2;£1.45/unit;£0.73/ea;muffins-small-cakes;500;3.4;57;52;29;10;1.0;0.39
sainsburys-red-wine--basics-75cl;Sainsbury's Red Wine, Basics 75cl;£3.45/unit;£3.45/75cl;buyer-recommends;65;-1;-1;-1;-1;-1;-1;-1
sainsburys-reduced-fat-cheese-singles-200g;Sainsbury's Reduced Fat Cheese Singles 200g;£1.20/unit;£6.00/kg;cottage-cheese---healthier-choice;190;14.7;9.1;9.1;10.5;6.4;0.5;2.00
sainsburys-reduced-fat-cheese-singles-200g;Sainsbury's Reduced Fat Cheese Singles 200g;£1.20/unit;£6.00/kg;sliced-grated-cheese;190;14.7;9.1;9.1;10.5;6.4;0.5;2.00
sainsburys-reduced-fat-cheese-singles-200g;Sainsbury's Reduced Fat Cheese Singles 200g;£1.20/unit;£6.00/kg;snacking-lunchbox-cheese;190;14.7;9.1;9.1;10.5;6.4;0.5;2.00
sainsburys-reduced-fat-guacamole--be-good-to-yourself-170g;Sainsbury's Guacamole, Be Good To Yourself 170g;£1.70/unit;£1.00/100g;deli-meat-alternatives;146;1.3;2.9;1.1;13.5;2.9;4.0;0.50
sainsburys-reduced-fat-guacamole--be-good-to-yourself-170g;Sainsbury's Guacamole, Be Good To Yourself 170g;£1.70/unit;£1.00/100g;fresh-dips-houmous;146;1.3;2.9;1.1;13.5;2.9;4.0;0.50
sainsburys-reduced-fat-slices-400g;Sainsbury's Reduced Fat Slices 400g;£2.00/unit;£5.00/kg;cottage-cheese---healthier-choice;190;14.7;9.1;9.1;10.5;6.4;0.5;2.00
sainsburys-reduced-fat-slices-400g;Sainsbury's Reduced Fat Slices 400g;£2.00/unit;£5.00/kg;sliced-grated-cheese;190;14.7;9.1;9.1;10.5;6.4;0.5;2.00
sainsburys-reduced-fat-slices-400g;Sainsbury's Reduced Fat Slices 400g;£2.00/unit;£5.00/kg;snacking-lunchbox-cheese;190;14.7;9.1;9.1;10.5;6.4;0.5;2.00
sainsburys-reduced-sugar-apricot-jam-415g;Sainsbury's Reduced Sugar Apricot Jam 415g;£1.50/unit;£0.36/100g;jams---conserves;178;0.5;42.3;34.5;0.5;0.4;1.5;0.15
sainsburys-reduced-sugar-cranberry-stevia-1l;Sainsbury's Cranberry Reduced Sugar Juice Drink with Stevia 1L;£1.00/unit;£0.10/100ml;chilled-fruit-juice;35;0.5;8.7;6.2;0.5;0.1;0.5;0.01
sainsburys-reduced-sugar-strawberry-jam-415g;Sainsbury's Reduced Sugar Strawberry Jam 415g;£1.50/unit;£0.36/100g;jams---conserves;182;0.5;43.2;40.0;0.5;0.3;1.7;0.15
sainsburys-reducesalt-lemon-coriander-olives130g;Sainsbury's Reduced Salt Olives with Lemon & Coriander 130g;£2.30/unit;£1.77/100g;deli-meat-alternatives;189;1.0;0.5;0.5;19.4;3.2;4.7;1.99
sainsburys-reducesalt-lemon-coriander-olives130g;Sainsbury's Reduced Salt Olives with Lemon & Coriander 130g;£2.30/unit;£1.77/100g;olives-tapas-antipasti;189;1.0;0.5;0.5;19.4;3.2;4.7;1.99
sainsburys-reeces-wensleydale-250g;Sainsbury's Wensleydale 250g;£2.00/unit;£8.00/kg;cheddar-british-regional-cheese;381;23.7;0.5;0.5;31.8;21.1;0.5;1.58
sainsburys-regular-cola-2l;Sainsbury's Cola 2L;£0.55/unit;£0.03/100ml;cola;30;0.5;7.5;7.4;0.5;0.1;0.5;0.01
sainsburys-resealable-turkey-fillets-1kg;Sainsbury's Resealable Turkey Fillets 1kg;£6.00/unit;£6.00/kg;turkey;127;29.4;0;0;1.0;0.4;0;0.15
sainsburys-responsibly-sourced-coley-steaks-x6-520g;Sainsbury's Responsibly Sourced Coley Steaks x6 520g;£3.20/unit;£6.15/kg;frozen-fish-seafood;98;23.3;0.5;0.5;0.5;0.2;0.5;0.25
sainsburys-responsibly-sourced-pollock-steaks-520g;Sainsbury's Responsibly Sourced Pollock Steaks 520g;£3.20/unit;£6.15/kg;frozen-fish-seafood;74;17.4;0.7;0.5;0.5;0.1;0.5;0.73
sainsburys-responsibly-sourced-scottish-salmon-fillet-x2-240g;Sainsbury's Responsibly Sourced Scottish Salmon Fillet x2 240g;£3.30/unit;£13.75/kg;filleted-whole-fish;229;23.5;0.5;0.5;14.9;2.3;0.5;0.13
sainsburys-responsibly-sourced-scottish-salmon-fillet-x2-240g;Sainsbury's Responsibly Sourced Scottish Salmon Fillet x2 240g;£3.30/unit;£13.75/kg;great-prices-on-meat---fish;229;23.5;0.5;0.5;14.9;2.3;0.5;0.13
sainsburys-rhubarb-400g;Sainsbury's Rhubarb 400g;£3.00/unit;£7.50/kg;apples-pears-rhubarb;0;0.5;0.5;0.5;0.5;0.1;0.5;0.01
sainsburys-rhubarb-540g;Sainsbury's Rhubarb 540g;£0.85/unit;£1.57/kg;dessert-fruit;41;0.5;9.0;8.4;0.5;0.1;0.7;0.18
sainsburys-rhubarb-crumble-500g;Sainsbury's Rhubarb Crumble 500g;£2.75/unit;£0.55/100g;desserts;212;1.9;35;22;6.6;3.0;3.4;0.14
sainsburys-rhubarb-crumble-600g-%28serves-6%29;Sainsbury's Rhubarb Crumble 600g (serves 6);£2.00/unit;£0.33/100g;frozen-hot-desserts;252;3.3;35.9;17.8;10.2;5.2;1.9;0.13
sainsburys-rhubarb-crumbles-2x120g;Sainsbury's Rhubarb Crumbles 2x120g;£1.75/unit;£0.73/100g;desserts;225;2.2;36;23;7.3;3.3;3.6;0.16
sainsburys-rhubarb-fool-113g;Sainsbury's Fruit Fool Timperley Rhubarb 113g;£0.70/unit;£0.61/100g;luxury-yogurts;147;2.4;10.9;8.9;10.3;6.8;0.5;0.08
sainsburys-rhubarb-yogurt-450g;Sainsbury's Fabulously Fruity Low Fat Rhubarb Yogurt 450g;£1.00/unit;£0.22/100g;big-pots-pouring-yogurts;86;4.7;14;14;1.2;0.8;0.5;0.13
sainsburys-ribeye-steaks-x-1-%28approx%29;Sainsbury's Ribeye Steak, Taste the Difference (approx. 325g / 11.5oz);£23.00/kg;£23.00/kg;beef;296;25.2;0.5;0.5;21.7;11.0;0.5;0.25
sainsburys-ribeye-steaks-x-1-%28approx%29;Sainsbury's Ribeye Steak, Taste the Difference (approx. 325g / 11.5oz);£23.00/kg;£23.00/kg;organic-taste-the-difference;296;25.2;0.5;0.5;21.7;11.0;0.5;0.25
sainsburys-rice--broccoli--sweetcorn---peas-microwaveable-steam-bags-x4-540g;Sainsbury's Rice, Broccoli, Sweetcorn & Peas Microwaveable Steam Bags x4 540g;£1.50/unit;£2.78/kg;frozen-vegetables;100;3.8;17.1;1.2;1.3;0.2;2.4;0.01
sainsburys-rice-noodles-300g;Sainsbury's Rice Noodles 300g;£1.40/unit;£4.67/kg;asian-ingredients;135;2.2;25.9;0.5;2.2;0.2;1.4;0.02
sainsburys-rice-noodles-300g;Sainsbury's Rice Noodles 300g;£1.40/unit;£4.67/kg;fresh-vegetables-stir-fry;135;2.2;25.9;0.5;2.2;0.2;1.4;0.02
sainsburys-rice-noodles-300g;Sainsbury's Rice Noodles 300g;£1.40/unit;£4.67/kg;fresh-vegetables-world-exotic;135;2.2;25.9;0.5;2.2;0.2;1.4;0.02
sainsburys-rice-noodles-300g;Sainsbury's Rice Noodles 300g;£1.40/unit;£4.67/kg;prepared-stir-fry;135;2.2;25.9;0.5;2.2;0.2;1.4;0.02
sainsburys-rice-noodles-300g;Sainsbury's Rice Noodles 300g;£1.40/unit;£4.67/kg;prepared-vegetables;135;2.2;25.9;0.5;2.2;0.2;1.4;0.02
sainsburys-rice-pudding--basics-400g;Sainsbury's Rice Pudding, Basics 400g;£0.25/unit;£0.06/100g;rice-sponge-pudding;87;2.9;17.1;9.8;0.8;0.5;0.5;0.13
sainsburys-rice-pudding--creamed-400g;Sainsbury's Rice Pudding, Creamed 400g;£0.45/unit;£0.11/100g;rice-sponge-pudding;96;3.1;16.9;10.3;1.7;1.2;0.1;0.10
sainsburys-rice-pudding--low-fat--be-good-to-yourself-400g;Sainsbury's Rice Pudding, Low Fat, Be Good To Yourself 400g;£0.45/unit;£0.11/100g;rice-sponge-pudding;81;3.3;15.5;7.8;0.6;0.3;0.5;0.10
sainsburys-rich-chocolate-slices-x6;Sainsbury's Rich Chocolate Slices x6 180g;£1.10/unit;£0.18/ea;slices-pies-tarts;436;4.8;52.6;33.6;22.5;3.6;2.1;0.30
sainsburys-rind-on-unsmoked-gammon-steaks-x2-450g;Sainsbury's Rind On Unsmoked Gammon Steaks x2 450g;£3.30/unit;£7.33/kg;gammon;168;24.1;0.5;0.5;7.9;3.0;0.5;3.80
sainsburys-rind-on-unsmoked-gammon-steaks-x2-450g;Sainsbury's Rind On Unsmoked Gammon Steaks x2 450g;£3.30/unit;£7.33/kg;great-prices-on-meat---fish;168;24.1;0.5;0.5;7.9;3.0;0.5;3.80
sainsburys-ripe---ready-golden-plums-x6;Sainsbury's Ripe & Ready Golden Plums x6;£3.00/unit;£0.50/ea;nectarines-plums-apricots-peaches;36;0.6;8.8;8.8;0.1;0;1.6;
sainsburys-river-cobbler-fillets-250g;Sainsbury's River Cobbler Fillets 250g;£2.50/unit;£10.00/kg;filleted-whole-fish;102;21.4;0.5;0.5;1.8;0.7;0.5;0.05
sainsburys-roast-beef-dinner-400g;Sainsbury's Roast Beef Dinner 400g;£1.75/unit;£4.38/kg;frozen-ready-meals;86;6.1;11.5;2.0;1.3;0.2;1.9;0.50
sainsburys-roast-chicken---gravy-family-pie-700g;Sainsbury's Roast Chicken & Gravy Family Pie 700g;£2.80/unit;£0.40/100g;frozen-pies;222;11.5;22.6;1.0;9.0;3.0;2.2;0.71
sainsburys-roast-chicken---stuffing--be-good-to-yourself-100g;Sainsbury's Roast Chicken & Stuffing 100g;£2.00/unit;£2.00/100g;cooked-chicken-turkey;125;22.4;3.2;0.5;2.3;0.8;1.1;1.10
sainsburys-roast-chicken---stuffing--be-good-to-yourself-100g;Sainsbury's Roast Chicken & Stuffing 100g;£2.00/unit;£2.00/100g;mfp-cooked-chicken-turkey;125;22.4;3.2;0.5;2.3;0.8;1.1;1.10
sainsburys-roast-chicken-135g;Sainsbury's British Roast Chicken Breast Slices x7 135g;£2.00/unit;£1.48/100g;cooked-chicken-turkey;113;22.6;1.5;1.1;1.8;0.5;0.5;1.50
sainsburys-roast-chicken-135g;Sainsbury's British Roast Chicken Breast Slices x7 135g;£2.00/unit;£1.48/100g;mfp-cooked-chicken-turkey;113;22.6;1.5;1.1;1.8;0.5;0.5;1.50
sainsburys-roast-chicken-breast-slices--basics-230g;Sainsbury's Roast Chicken Breast Slices, Basics 230g;£2.05/unit;£0.89/100g;cooked-chicken-turkey;120;24.2;0.9;0.5;2.2;0.5;0.5;0.41
sainsburys-roast-chicken-breast-slices--basics-230g;Sainsbury's Roast Chicken Breast Slices, Basics 230g;£2.05/unit;£0.89/100g;mfp-cooked-chicken-turkey;120;24.2;0.9;0.5;2.2;0.5;0.5;0.41
sainsburys-roast-chicken-dinner-400g-7370929-p-44;Sainsbury's Roast Chicken Dinner 400g;£1.75/unit;£4.38/kg;frozen-ready-meals;111;10.0;9.4;1.4;3.3;0.9;1.6;0.53
sainsburys-roast-chicken-dinner-400g;Sainsbury's Roast Chicken Dinner 400g;£3.50/unit;£8.75/kg;british-ready-meals;111;10.0;10.1;2.2;3.0;0.8;1.9;0.46
sainsburys-roast-chicken-dinner-400g;Sainsbury's Roast Chicken Dinner 400g;£3.50/unit;£8.75/kg;meals-for-1-ready-meals;111;10.0;10.1;2.2;3.0;0.8;1.9;0.46
sainsburys-roast-chicken-slices-210g;Sainsbury's Roast Chicken Slices 210g;£3.30/unit;£1.57/100g;cooked-chicken-turkey;113;23.9;0.5;0.5;1.6;0.5;0.8;0.53
sainsburys-roast-chicken-slices-210g;Sainsbury's Roast Chicken Slices 210g;£3.30/unit;£1.57/100g;mfp-cooked-chicken-turkey;113;23.9;0.5;0.5;1.6;0.5;0.8;0.53
sainsburys-roast-lamb-dinner-400g;Sainsbury's Roast Lamb Dinner 400g;£1.75/unit;£4.38/kg;frozen-ready-meals;94;4.9;13.6;2.2;1.8;0.5;2.1;0.43
sainsburys-roast-pork-loin-slices-100g;Sainsbury's Roast Pork Loin Slices 100g;£1.80/unit;£1.80/100g;ham;115;23.2;1.0;0.5;2.0;0.8;0.5;1.63
sainsburys-roast-pork-slices-130g;Sainsbury's British Roast Pork Slices 130g;£2.00/unit;£1.54/100g;ham-82654-44;142;23.0;0.1;0.1;5.5;2.0;0;1.00
sainsburys-roast-pork-slices-130g;Sainsbury's British Roast Pork Slices 130g;£2.00/unit;£1.54/100g;ham;142;23.0;0.1;0.1;5.5;2.0;0;1.00
sainsburys-roast-potato-seasoning-35g;Sainsbury's Roast Potato Seasoning 35g;£0.99/unit;£0.28/10g;herbs-spices-seasoning;309;11.6;60.5;6.2;1.3;0.3;4.2;11.18
sainsburys-roast-potatoes--taste-the-difference-1kg;Sainsbury's Roast Potatoes, Taste the Difference 1kg;£2.50/unit;£2.50/kg;chips-potatoes;188;2.1;29.4;1.5;6.3;1.4;2.6;0.30
sainsburys-roast-potatoes--taste-the-difference-450g;Sainsbury's Roast Potatoes, Taste the Difference 450g;£2.40/unit;£5.33/kg;british-ready-meals;112;2.3;15.8;2.2;3.6;1.0;3.7;0.33
sainsburys-roast-potatoes--taste-the-difference-450g;Sainsbury's Roast Potatoes, Taste the Difference 450g;£2.40/unit;£5.33/kg;potato-vegetable-side-dishes;112;2.3;15.8;2.2;3.6;1.0;3.7;0.33
sainsburys-roast-potatoes--taste-the-difference-450g;Sainsbury's Roast Potatoes, Taste the Difference 450g;£2.40/unit;£5.33/kg;potatoes;112;2.3;15.8;2.2;3.6;1.0;3.7;0.33
sainsburys-roast-potatoes--taste-the-difference-450g;Sainsbury's Roast Potatoes, Taste the Difference 450g;£2.40/unit;£5.33/kg;prepared-vegetables;112;2.3;15.8;2.2;3.6;1.0;3.7;0.33
sainsburys-roast-potatoes--taste-the-difference-450g;Sainsbury's Roast Potatoes, Taste the Difference 450g;£2.40/unit;£5.33/kg;taste-the-difference-bistro-ready-meals;112;2.3;15.8;2.2;3.6;1.0;3.7;0.33
sainsburys-roast-potatoes-400g-7177474-p-44;Sainsbury's Roast Potatoes 400g;£1.50/unit;£3.75/kg;british-ready-meals;120;2.3;21.8;2.8;2.1;0.3;2.1;0.37
sainsburys-roast-potatoes-400g-7177474-p-44;Sainsbury's Roast Potatoes 400g;£1.50/unit;£3.75/kg;potato-vegetable-side-dishes;120;2.3;21.8;2.8;2.1;0.3;2.1;0.37
sainsburys-roast-potatoes-400g-7177474-p-44;Sainsbury's Roast Potatoes 400g;£1.50/unit;£3.75/kg;potatoes;120;2.3;21.8;2.8;2.1;0.3;2.1;0.37
sainsburys-roast-potatoes-400g-7177474-p-44;Sainsbury's Roast Potatoes 400g;£1.50/unit;£3.75/kg;prepared-vegetables;120;2.3;21.8;2.8;2.1;0.3;2.1;0.37
sainsburys-roast-potatoes-400g;Sainsbury's Roast Potatoes 400g;£1.50/unit;£3.75/kg;british-ready-meals;118;1.9;20.1;1.2;2.3;0.3;4.4;0.27
sainsburys-roast-potatoes-400g;Sainsbury's Roast Potatoes 400g;£1.50/unit;£3.75/kg;coleslaw--olives--salads---dips-30658-44;118;1.9;20.1;1.2;2.3;0.3;4.4;0.27
sainsburys-roast-potatoes-400g;Sainsbury's Roast Potatoes 400g;£1.50/unit;£3.75/kg;potato-vegetable-side-dishes;118;1.9;20.1;1.2;2.3;0.3;4.4;0.27
sainsburys-roast-potatoes-400g;Sainsbury's Roast Potatoes 400g;£1.50/unit;£3.75/kg;prepared-vegetables;118;1.9;20.1;1.2;2.3;0.3;4.4;0.27
sainsburys-roast-potatoes-400g;Sainsbury's Roast Potatoes 400g;£1.50/unit;£3.75/kg;vegetarian-meat-free-ready-meals;118;1.9;20.1;1.2;2.3;0.3;4.4;0.27
sainsburys-roast-potatoes-900g;Sainsbury's Roast Potatoes 900g;£1.00/unit;£1.11/kg;chips-potatoes;122;2.7;19.1;0.5;3.2;0.4;3.0;0.10
sainsburys-roast-topside-beef-finely-sliced--taste-the-difference-110g;Sainsbury's Roast Beef Topside Sliced, Taste the Difference 110g;£3.30/unit;£3.00/100g;cooked-meats-taste-the-difference;135;27.3;0.5;0.5;2.8;1.1;0.5;0.77
sainsburys-roast-topside-beef-finely-sliced--taste-the-difference-110g;Sainsbury's Roast Beef Topside Sliced, Taste the Difference 110g;£3.30/unit;£3.00/100g;mfp-cooked-meats-snacking-taste-the-difference;135;27.3;0.5;0.5;2.8;1.1;0.5;0.77
sainsburys-roast-turkey-breast-slices-120g;Sainsbury's Roast Turkey Breast Slices x6 120g;£2.00/unit;£1.67/100g;cooked-chicken-turkey;109;23.5;0.9;0.5;1.2;0.5;0.5;1.50
sainsburys-roast-turkey-breast-slices-120g;Sainsbury's Roast Turkey Breast Slices x6 120g;£2.00/unit;£1.67/100g;mfp-cooked-chicken-turkey;109;23.5;0.9;0.5;1.2;0.5;0.5;1.50
sainsburys-roasted-aubergines-220g;Sainsbury's Roasted Aubergines 220g;£2.30/unit;£1.05/100g;olives-antipasti;167;1.2;7.0;4.7;14.4;2.3;2.6;1.75
sainsburys-roasted-red-pepper-houmous-200g;Sainsbury's Roasted Red Pepper Houmous 200g;£1.00/unit;£0.50/100g;deli-meat-alternatives;317;6.2;9.0;2.6;27.2;2.6;5.7;0.89
sainsburys-roasted-red-pepper-houmous-200g;Sainsbury's Roasted Red Pepper Houmous 200g;£1.00/unit;£0.50/100g;fresh-dips-houmous;317;6.2;9.0;2.6;27.2;2.6;5.7;0.89
sainsburys-roasted-red-pepper-with-chilli-jam--taste-the-difference;Sainsbury's Roasted Red Pepper with Chilli Jam, Taste the Difference;£2.00/unit;£2.00/100g;mfp-pate;190;3.0;24.1;16.0;8.6;3.5;1.9;0.70
sainsburys-roasted-red-pepper-with-chilli-jam--taste-the-difference;Sainsbury's Roasted Red Pepper with Chilli Jam, Taste the Difference;£2.00/unit;£2.00/100g;pate;190;3.0;24.1;16.0;8.6;3.5;1.9;0.70
sainsburys-roasted-red-peppers---cheese-tap-100g;Sainsbury's Roasted Red Peppers & Goats Cheese Tapenade 100g;£1.50/unit;£1.50/100g;olives-antipasti;78;2.1;6.1;6.1;4.5;1.2;2.4;2.89
sainsburys-roasted-vegetable-cous-cous-250g;Sainsbury's Roasted Vegetable Cous Cous 250g;£1.50/unit;£0.60/100g;coleslaw--olives--salads---dips-30658-44;184;4.8;29.0;5.0;5.1;0.4;1.2;0.78
sainsburys-roasted-vegetable-cous-cous-250g;Sainsbury's Roasted Vegetable Cous Cous 250g;£1.50/unit;£0.60/100g;coleslaw-salads;184;4.8;29.0;5.0;5.1;0.4;1.2;0.78
sainsburys-roasted-vegetable-cous-cous-250g;Sainsbury's Roasted Vegetable Cous Cous 250g;£1.50/unit;£0.60/100g;dressings-coleslaw-accompaniments;184;4.8;29.0;5.0;5.1;0.4;1.2;0.78
sainsburys-roasted-vegetable-cous-cous-250g;Sainsbury's Roasted Vegetable Cous Cous 250g;£1.50/unit;£0.60/100g;lunchtime-snacks;184;4.8;29.0;5.0;5.1;0.4;1.2;0.78
sainsburys-roasted-vegetable-cous-cous-250g;Sainsbury's Roasted Vegetable Cous Cous 250g;£1.50/unit;£0.60/100g;prepared-salad-herbs;184;4.8;29.0;5.0;5.1;0.4;1.2;0.78
sainsburys-roasting-parsnips-750g;Sainsbury's Roasting Parsnips 750g;£1.20/unit;£1.60/kg;frozen-vegetables;158;2.0;18.9;7.8;6.7;0.8;6.9;0.25
sainsburys-roasting-vegetable---potatoes-400g;Sainsbury's Roasting Vegetable & Potatoes 400g;£2.00/unit;£5.00/kg;potato-vegetable-side-dishes;83;1.6;11.5;3.6;2.4;0.9;4.2;0.08
sainsburys-roasting-vegetable---potatoes-400g;Sainsbury's Roasting Vegetable & Potatoes 400g;£2.00/unit;£5.00/kg;prepared-vegetables;83;1.6;11.5;3.6;2.4;0.9;4.2;0.08
sainsburys-rocha-pears-%28each%29;Sainsbury's Rocha Pears Loose;£1.80/kg;£1.80/kg;apples-pears-rhubarb;40;0.5;10.0;10.0;0.5;0.1;2.2;0.5
sainsburys-rocket-chillies;Sainsbury's Rocket Chillies;£1.50/unit;£6.00/kg;afro-caribbean-ingredients;64;2.6;10.7;4.5;0.6;0.1;2.5;0.77
sainsburys-rocket-chillies;Sainsbury's Rocket Chillies;£1.50/unit;£6.00/kg;asian-ingredients;64;2.6;10.7;4.5;0.6;0.1;2.5;0.77
sainsburys-rocket-chillies;Sainsbury's Rocket Chillies;£1.50/unit;£6.00/kg;chillies-herbs-ingredients;64;2.6;10.7;4.5;0.6;0.1;2.5;0.77
sainsburys-rocket-chillies;Sainsbury's Rocket Chillies;£1.50/unit;£6.00/kg;fresh-vegetables-world-exotic;64;2.6;10.7;4.5;0.6;0.1;2.5;0.77
sainsburys-rocket-chillies;Sainsbury's Rocket Chillies;£1.50/unit;£6.00/kg;indian-ingredients;64;2.6;10.7;4.5;0.6;0.1;2.5;0.77
sainsburys-rocket-lollies-x8-464ml;Sainsbury's Rocket Ice Lollies x8 464ml;£1.30/unit;£0.28/100ml;lollies-bars-cones;73;0.5;17.8;16.8;0.5;0.1;0.5;0.22
sainsburys-rocket-salad-80g;Sainsbury's Rocket Salad 80g;£1.50/unit;£1.88/100g;fresh-salad-prepared-ready-to-eat;24;2.6;1.3;0.5;0.5;0.1;2.0;0.20
sainsburys-rocket-salad-80g;Sainsbury's Rocket Salad 80g;£1.50/unit;£1.88/100g;prepared-salad-herbs;24;2.6;1.3;0.5;0.5;0.1;2.0;0.20
sainsburys-rocky-road--taste-the-difference-63g;Sainsbury's Rocky Road, Taste the Difference 63g;£0.80/unit;£1.27/100g;flapjacks-traybakes-bites;491;4.6;58;42;26;15;3.5;0.37
sainsburys-rocky-road-bites-x18;Sainsbury's Rocky Road Bites x18;£1.60/unit;£0.09/ea;cakes-from-our-bakery-12374-44;472;5.9;64.8;46.0;20.5;12.2;2.4;0.29
sainsburys-rocky-road-bites-x18;Sainsbury's Rocky Road Bites x18;£1.60/unit;£0.09/ea;cakes-from-our-bakery;472;5.9;64.8;46.0;20.5;12.2;2.4;0.29
sainsburys-rolo-cookies-x5;Sainsbury's Rolo Cookies x5;£1.20/unit;£0.24/ea;doughnuts-cookies;456;5.4;64.8;38.8;19.0;9.9;2.2;0.60
sainsburys-rolo-cookies-x5;Sainsbury's Rolo Cookies x5;£1.20/unit;£0.24/ea;instore-bakery-doughnuts-cookies;456;5.4;64.8;38.8;19.0;9.9;2.2;0.60
sainsburys-romaine-lettuce-hearts--twin-pack-x2-340g;Sainsbury's Romaine Lettuce Hearts, Twin Pack x2 340g;£1.25/unit;£1.25/ea;lettuce;14;1.2;1.3;1.3;0.5;0.1;1.3;0.02
sainsburys-ros%C3%A9-wine--basics-75cl;Sainsbury's Rosé, Basics 75cl;£3.45/unit;£3.45/75cl;rose-wine;65;-1;-1;-1;-1;-1;-1;-1
sainsburys-rose-cup-cake-700g;Sainsbury's Rose Cup Cake 700g;£8.00/unit;£12.12/kg;celebration-cakes;413;3.6;57;38;19;7.5;1.4;0.46
sainsburys-royal-chicken-biryani--taste-the-difference-450g;Sainsbury's Royal Chicken Biryani, Taste the Difference 450g;£3.60/unit;£8.00/kg;indian-ready-meals;147;8.7;14.3;2.6;5.5;1.1;2.7;0.40
sainsburys-royal-chicken-biryani--taste-the-difference-450g;Sainsbury's Royal Chicken Biryani, Taste the Difference 450g;£3.60/unit;£8.00/kg;taste-the-difference-bistro-ready-meals;147;8.7;14.3;2.6;5.5;1.1;2.7;0.40
sainsburys-royal-gala-apples--so-organic-x5;Sainsbury's Royal Gala Apples, SO Organic x5;£2.50/unit;£2.50/ea;apples-pears-rhubarb;47;0.5;11.8;11.8;0.5;0.1;1.8;0.5
sainsburys-royal-gala-apples--so-organic-x5;Sainsbury's Royal Gala Apples, SO Organic x5;£2.50/unit;£2.50/ea;fruit-vegetables-organic-taste-the-difference;47;0.5;11.8;11.8;0.5;0.1;1.8;0.5
sainsburys-royal-gala-apples-x4;Sainsbury's British Royal Gala Apples x4;£2.00/unit;£2.00/ea;apples-pears-rhubarb;47;0.5;12;12;0.5;0.1;1.8;0.5
sainsburys-ruby-breakfast-juice--not-from-concentrate-1l;Sainsbury's Ruby Breakfast Juice, Not From Concentrate 1L;£1.40/unit;£0.14/100ml;chilled-fruit-juice;46;0.8;9.7;9.7;0.5;0.1;0.7;0.01
sainsburys-ruby-red-grapefruit-segments-in-fruit-juice-539g;Sainsbury's Ruby Red Grapefruit Segments In Fruit Juice 539g;£0.65/unit;£1.21/kg;dessert-fruit;32;0.6;7.3;7.3;0.5;0.1;0.5;0.03
sainsburys-rumbledethumps-450g;Sainsbury's Rumbledethumps 450g;£2.00/unit;£4.44/kg;british-ready-meals;82;1.8;3.8;1.6;5.8;3.7;3.7;0.48
sainsburys-rumbledethumps-450g;Sainsbury's Rumbledethumps 450g;£2.00/unit;£4.44/kg;coleslaw--olives--salads---dips-30658-44;82;1.8;3.8;1.6;5.8;3.7;3.7;0.48
sainsburys-rumbledethumps-450g;Sainsbury's Rumbledethumps 450g;£2.00/unit;£4.44/kg;potato-vegetable-side-dishes;82;1.8;3.8;1.6;5.8;3.7;3.7;0.48
sainsburys-rumbledethumps-450g;Sainsbury's Rumbledethumps 450g;£2.00/unit;£4.44/kg;prepared-vegetables;82;1.8;3.8;1.6;5.8;3.7;3.7;0.48
sainsburys-rumbledethumps-450g;Sainsbury's Rumbledethumps 450g;£2.00/unit;£4.44/kg;vegetarian-meat-free-ready-meals;82;1.8;3.8;1.6;5.8;3.7;3.7;0.48
sainsburys-rump-steak--so-organic-%28approx-295g%29-7715237-p-44;Sainsbury's Rump Steak, So Organic (approx. 295g);£20.00/kg;£20.00/kg;beef;239;24.3;0.6;0.5;15.5;6.0;0.5;0.30
sainsburys-rump-steak--so-organic-%28approx-295g%29-7715237-p-44;Sainsbury's Rump Steak, So Organic (approx. 295g);£20.00/kg;£20.00/kg;organic-taste-the-difference;239;24.3;0.6;0.5;15.5;6.0;0.5;0.30
sainsburys-rump-steak--taste-the-difference-%28approx-245g%29;Sainsbury's Rump Steak, Taste the Difference (approx. 360-780g);£20.00/kg;£20.00/kg;beef;0;0.5;0.5;0.5;0.5;0.1;-1;0.01
sainsburys-rump-steak--taste-the-difference-%28approx-245g%29;Sainsbury's Rump Steak, Taste the Difference (approx. 360-780g);£20.00/kg;£20.00/kg;organic-taste-the-difference;0;0.5;0.5;0.5;0.5;0.1;-1;0.01
sainsburys-runner-beans-225g;Sainsbury's Runner Beans 225g;£1.50/unit;£6.67/kg;peas-beans-sweetcorn-asparagus;22;1.2;2.3;2.0;0.5;0.1;1.9;0.01
sainsburys-rustic-chips--taste-the-difference-400g;Sainsbury's Rustic Chips, Taste the Difference 400g;£2.00/unit;£5.00/kg;british-ready-meals;144;2.8;27.9;2.9;2.4;0.4;2.8;0.65
sainsburys-rustic-chips--taste-the-difference-400g;Sainsbury's Rustic Chips, Taste the Difference 400g;£2.00/unit;£5.00/kg;potato-vegetable-side-dishes;144;2.8;27.9;2.9;2.4;0.4;2.8;0.65
sainsburys-rustic-chips--taste-the-difference-400g;Sainsbury's Rustic Chips, Taste the Difference 400g;£2.00/unit;£5.00/kg;potatoes;144;2.8;27.9;2.9;2.4;0.4;2.8;0.65
sainsburys-rustic-chips--taste-the-difference-400g;Sainsbury's Rustic Chips, Taste the Difference 400g;£2.00/unit;£5.00/kg;prepared-vegetables;144;2.8;27.9;2.9;2.4;0.4;2.8;0.65
sainsburys-rustic-chips--taste-the-difference-400g;Sainsbury's Rustic Chips, Taste the Difference 400g;£2.00/unit;£5.00/kg;taste-the-difference-bistro-ready-meals;144;2.8;27.9;2.9;2.4;0.4;2.8;0.65
sainsburys-rustic-yorkshire-puddings-168g;Sainsbury's Rustic Yorkshire Puddings 168g;£1.50/unit;£8.93/kg;beef;264;10.7;38.9;1.4;6.6;0.7;3.1;0.53
sainsburys-saag-paneer-%28mild---mellow%29-300g;Sainsbury's Saag Paneer 300g;£1.75/unit;£5.83/kg;coleslaw--olives--salads---dips-30658-44;147;7.1;3.9;3.5;10.9;4.7;2.5;0.33
sainsburys-saag-paneer-%28mild---mellow%29-300g;Sainsbury's Saag Paneer 300g;£1.75/unit;£5.83/kg;indian-ready-meals;147;7.1;3.9;3.5;10.9;4.7;2.5;0.33
sainsburys-saag-paneer-%28mild---mellow%29-300g;Sainsbury's Saag Paneer 300g;£1.75/unit;£5.83/kg;potato-vegetable-side-dishes;147;7.1;3.9;3.5;10.9;4.7;2.5;0.33
sainsburys-saag-paneer-%28mild---mellow%29-300g;Sainsbury's Saag Paneer 300g;£1.75/unit;£5.83/kg;vegetarian-meat-free-ready-meals;147;7.1;3.9;3.5;10.9;4.7;2.5;0.33
sainsburys-sabel-black-grapes--taste-the-difference-400g;Sainsbury's Black Sable Grapes, Taste the Difference 400g;£1.50/unit;£3.75/kg;bananas-grapes;66;0.4;15.4;15.4;0.1;0.0;0.7;
sainsburys-sabel-black-grapes--taste-the-difference-400g;Sainsbury's Black Sable Grapes, Taste the Difference 400g;£1.50/unit;£3.75/kg;fruit-vegetables-organic-taste-the-difference;66;0.4;15.4;15.4;0.1;0.0;0.7;
sainsburys-salad-potatoes--basics-1kg;Sainsbury's Salad Potatoes, Basics 1kg;£0.70/unit;£0.70/kg;potatoes;79;1.8;17;0.7;0.5;0.1;1.5;100;0.02
sainsburys-salami--basics-150g;Sainsbury's Smoked Salami Slices, Basics 150g;£1.20/unit;£0.80/100g;continental-meats;383;16.0;1.0;1.0;35.0;14.4;0.5;4.00
sainsburys-salami--basics-150g;Sainsbury's Smoked Salami Slices, Basics 150g;£1.20/unit;£0.80/100g;mfp-continental-meats;383;16.0;1.0;1.0;35.0;14.4;0.5;4.00
sainsburys-salami-snack-minis-100g;Sainsbury's Mini Snack Salami 100g;£1.80/unit;£1.80/100g;continental-meats;506;26.0;1.2;0.5;44.0;18.0;0.6;4.2
sainsburys-salami-snack-minis-100g;Sainsbury's Mini Snack Salami 100g;£1.80/unit;£1.80/100g;mfp-continental-meats;506;26.0;1.2;0.5;44.0;18.0;0.6;4.2
sainsburys-salami-snack-minis-100g;Sainsbury's Mini Snack Salami 100g;£1.80/unit;£1.80/100g;mfp-snacking-cooked-sausage;506;26.0;1.2;0.5;44.0;18.0;0.6;4.2
sainsburys-salami-snack-minis-100g;Sainsbury's Mini Snack Salami 100g;£1.80/unit;£1.80/100g;snacking-cooked-sausage;506;26.0;1.2;0.5;44.0;18.0;0.6;4.2
sainsburys-salmon---asparagus-quiche--taste-the-difference-170g;Sainsbury's Salmon & Asparagus Quiche, Taste the Difference 170g;£1.90/unit;£1.12/100g;lunchtime-snacks;247;7.2;17.0;1.9;16.4;9.3;1.4;0.58
sainsburys-salmon---asparagus-quiche--taste-the-difference-170g;Sainsbury's Salmon & Asparagus Quiche, Taste the Difference 170g;£1.90/unit;£1.12/100g;quiche;247;7.2;17.0;1.9;16.4;9.3;1.4;0.58
sainsburys-salmon---ginger-fishcakes-x2-300g;Sainsbury's Salmon & Ginger Fishcakes x2 300g;£3.00/unit;£10.00/kg;breaded-coated-fish-seafood;224;10.6;17.2;3.1;12.2;1.4;1.9;0.72
sainsburys-salmon---ginger-fishcakes-x2-300g;Sainsbury's Salmon & Ginger Fishcakes x2 300g;£3.00/unit;£10.00/kg;fishcakes-breaded-fish;224;10.6;17.2;3.1;12.2;1.4;1.9;0.72
sainsburys-salmon---ginger-fishcakes-x2-300g;Sainsbury's Salmon & Ginger Fishcakes x2 300g;£3.00/unit;£10.00/kg;fuss-free-fish-135654-44;224;10.6;17.2;3.1;12.2;1.4;1.9;0.72
sainsburys-salmon-cottage-pie--basics-300g;Sainsbury's Salmon Cottage Pie, Basics 300g;£0.80/unit;£2.67/kg;british-ready-meals;88;3.9;9.4;0.9;3.5;1.7;1.5;0.45
sainsburys-salmon-cottage-pie--basics-300g;Sainsbury's Salmon Cottage Pie, Basics 300g;£0.80/unit;£2.67/kg;meals-for-1-ready-meals;88;3.9;9.4;0.9;3.5;1.7;1.5;0.45
sainsburys-salmon-fillet--basics-%28approx-400g%29;Sainsbury's Salmon Fillet, Basics (approx. 400g);£11.00/kg;£11.00/kg;filleted-whole-fish;229;23.5;0.5;0.5;14.9;2.3;0.5;0.10
sainsburys-salmon-fillet--freezing-bag-x6-920g;Sainsbury's Salmon Fillet, Freezing Bag x6 920g;£13.00/unit;£14.13/kg;filleted-whole-fish;229;23.5;0.5;0.5;14.9;2.3;0.5;0.13
sainsburys-salmon-fillet--lightly-smoked--taste-the-difference-x2-240g;Sainsbury's Salmon Fillet, Lightly Smoked, Taste the Difference x2 240g;£5.00/unit;£20.83/kg;filleted-whole-fish;217;19.4;0.5;0.5;15.3;3.5;0.5;0.85
sainsburys-salmon-fillet--lightly-smoked--taste-the-difference-x2-240g;Sainsbury's Salmon Fillet, Lightly Smoked, Taste the Difference x2 240g;£5.00/unit;£20.83/kg;organic-taste-the-difference;217;19.4;0.5;0.5;15.3;3.5;0.5;0.85
sainsburys-salmon-fillet--lightly-smoked--taste-the-difference-x2-240g;Sainsbury's Salmon Fillet, Lightly Smoked, Taste the Difference x2 240g;£5.00/unit;£20.83/kg;smoked-fish;217;19.4;0.5;0.5;15.3;3.5;0.5;0.85
sainsburys-salmon-fillet--taste-the-difference-240g;Sainsbury's Salmon Fillet, Taste the Difference 240g;£5.00/unit;£20.83/kg;filleted-whole-fish;222;23.6;0.5;0.5;14.1;3.7;0.5;0.13
sainsburys-salmon-fillet--taste-the-difference-240g;Sainsbury's Salmon Fillet, Taste the Difference 240g;£5.00/unit;£20.83/kg;organic-taste-the-difference;222;23.6;0.5;0.5;14.1;3.7;0.5;0.13
sainsburys-salmon-fillets-400g;Sainsbury's Salmon Fillets 400g;£3.75/unit;£9.38/kg;frozen-fish-seafood;116;22.8;1.0;0.5;2.3;0.4;0.5;0.43
sainsburys-salmon-paste-75g;Sainsbury's Salmon Paste 75g;£0.45/unit;£0.60/100g;savoury-pastes;190;12.8;3.8;0.3;13.1;2.2;2.8;1.05
sainsburys-salmon-wellington-600g;Sainsbury's Salmon Wellington 600g;£4.00/unit;£6.67/kg;frozen-fish-seafood;218;13.2;18.5;1.9;10.0;4.2;0.5;1.20
sainsburys-salmon-with-sweet-chilli-glaze-280g;Sainsbury's Salmon With Sweet Chilli Glaze 280g;£4.20/unit;£15.00/kg;filleted-whole-fish;248;22.0;6.0;5.9;15.1;2.6;0.5;0.35
sainsburys-salmon-with-sweet-chilli-glaze-280g;Sainsbury's Salmon With Sweet Chilli Glaze 280g;£4.20/unit;£15.00/kg;fuss-free-fish-135654-44;248;22.0;6.0;5.9;15.1;2.6;0.5;0.35
sainsburys-salmon-with-sweet-chilli-glaze-280g;Sainsbury's Salmon With Sweet Chilli Glaze 280g;£4.20/unit;£15.00/kg;fuss-free-fish;248;22.0;6.0;5.9;15.1;2.6;0.5;0.35
sainsburys-salmon-with-watercress-sauce-290g;Sainsbury's Salmon With Watercress Sauce 290g;£4.20/unit;£14.48/kg;filleted-whole-fish;235;20.0;0.5;0.5;17.0;3.7;0.5;0.45
sainsburys-salmon-with-watercress-sauce-290g;Sainsbury's Salmon With Watercress Sauce 290g;£4.20/unit;£14.48/kg;fuss-free-fish-135654-44;235;20.0;0.5;0.5;17.0;3.7;0.5;0.45
sainsburys-salmon-with-watercress-sauce-290g;Sainsbury's Salmon With Watercress Sauce 290g;£4.20/unit;£14.48/kg;fuss-free-fish;235;20.0;0.5;0.5;17.0;3.7;0.5;0.45
sainsburys-salt---pepper-chicken-crown-700g;Sainsbury's Salt & Pepper Chicken Crown 700g;£5.00/unit;£7.14/kg;chicken;166;25.1;0.7;0.5;6.9;1.9;0.5;0.53
sainsburys-salt-beef--taste-the-difference-110g;Sainsbury's Salt Beef, Taste the Difference 110g;£3.00/unit;£2.73/100g;continental-meats;133;22.6;0.8;0.5;4.4;1.7;0.5;1.83
sainsburys-salt-beef--taste-the-difference-110g;Sainsbury's Salt Beef, Taste the Difference 110g;£3.00/unit;£2.73/100g;cooked-meats-taste-the-difference;133;22.6;0.8;0.5;4.4;1.7;0.5;1.83
sainsburys-salt-beef--taste-the-difference-110g;Sainsbury's Salt Beef, Taste the Difference 110g;£3.00/unit;£2.73/100g;mfp-continental-meats;133;22.6;0.8;0.5;4.4;1.7;0.5;1.83
sainsburys-salt-beef--taste-the-difference-110g;Sainsbury's Salt Beef, Taste the Difference 110g;£3.00/unit;£2.73/100g;mfp-cooked-meats-snacking-taste-the-difference;133;22.6;0.8;0.5;4.4;1.7;0.5;1.83
sainsburys-salted-butter--basics-250g;Sainsbury's British Salted Butter, Basics 250g;£0.90/unit;£3.60/kg;butter;737;0.6;0.8;0.7;81.3;49.4;0.5;1.60
sainsburys-salted-caramel-choux-buns-2x92g;Sainsbury's Salted Caramel Choux Buns 2x92g;£2.00/unit;£1.09/100g;desserts;1525367;6.1;26.1;14.7;26.3;12.6;0.7;0.33
sainsburys-salted-caramel-ice-cream--taste-the-difference-500ml;Sainsbury's Salted Caramel Ice Cream, Taste the Difference 500ml;£3.25/unit;£0.65/100ml;ice-cream-tubs;279;4.5;23;23;19;12;0.5;0.26
sainsburys-salted-caramel-muffin--taste-the-difference-x2;Sainsbury's Salted Caramel Muffin, Taste the Difference x2;£1.50/unit;£0.75/ea;cakes-from-our-bakery;396;4.8;49.6;37.3;19.5;4.0;1.5;0.45
sainsburys-salted-caramel-muffin--taste-the-difference;Sainsbury's Salted Caramel Muffin, Taste the Difference;£1.00/unit;£1.00/ea;muffins-small-cakes;396;4.8;49.6;37.3;19.5;4.0;1.5;0.45
sainsburys-salted-caramel-sauce--taste-the-difference-260g;Sainsbury's Salted Caramel Sauce, Taste the Difference 260g;£2.50/unit;£0.96/100g;sauces-toppings;429;2.3;49.8;48.5;24.4;16.7;0.5;0.88
sainsburys-salted-caramel-sauce--taste-the-difference-260g;Sainsbury's Salted Caramel Sauce, Taste the Difference 260g;£2.50/unit;£0.96/100g;wafers-sauces-toppings;429;2.3;49.8;48.5;24.4;16.7;0.5;0.88
sainsburys-sandwich-thins--2-in-1-x6;Sainsbury's Sandwich Thins, 2 In 1 x6;£1.00/unit;£0.17/ea;rolls;1055249;9.5;46.7;4.0;1.7;0.4;4.6;1.02
sainsburys-sandwich-thins--2-in-1-x6;Sainsbury's Sandwich Thins, 2 In 1 x6;£1.00/unit;£0.17/ea;wraps-bagels-pittas;1055249;9.5;46.7;4.0;1.7;0.4;4.6;1.02
sainsburys-sandwich-thins--brown-x6;Sainsbury's Sandwich Thins, Brown x6;£1.00/unit;£0.17/ea;rolls;1037245;10.0;44.4;3.8;1.8;0.4;5.7;1.04
sainsburys-sandwich-thins--brown-x6;Sainsbury's Sandwich Thins, Brown x6;£1.00/unit;£0.17/ea;wraps-bagels-pittas;1037245;10.0;44.4;3.8;1.8;0.4;5.7;1.04
sainsburys-sandwich-thins--white-x6;Sainsbury's Sandwich Thins, White x6;£1.00/unit;£0.17/ea;rolls;1084256;9.0;50.3;3.7;1.4;0.3;3.0;1.04
sainsburys-sandwich-thins--white-x6;Sainsbury's Sandwich Thins, White x6;£1.00/unit;£0.17/ea;wraps-bagels-pittas;1084256;9.0;50.3;3.7;1.4;0.3;3.0;1.04
sainsburys-santo-domingo-organic-fairtrade-dark-chocolate--taste-the-difference-100g;Sainsbury's Santo Domingo Organic Fairtrade Dark Chocolate, Taste the Difference 100g;£1.40/unit;£1.40/100g;chocolate;553;8.2;31.7;27.0;41.1;25.8;11.9;0.02
sainsburys-sardine---tomato-paste-75g;Sainsbury's Sardine & Tomato Paste 75g;£0.45/unit;£0.60/100g;savoury-pastes;167;14.7;5.4;1.4;9.2;2.6;1.8;1.48
sainsburys-satay-chicken--taste-the-difference-415g;Sainsbury's Satay Chicken & Udon Noodles, Taste The Difference 380g;£3.60/unit;£9.47/kg;healthier-choice-ready-meals;118;8.8;11.8;3.0;3.5;0.3;2.2;0.51
sainsburys-satay-chicken--taste-the-difference-415g;Sainsbury's Satay Chicken & Udon Noodles, Taste The Difference 380g;£3.60/unit;£9.47/kg;meals-for-1-ready-meals;118;8.8;11.8;3.0;3.5;0.3;2.2;0.51
sainsburys-satay-chicken--taste-the-difference-415g;Sainsbury's Satay Chicken & Udon Noodles, Taste The Difference 380g;£3.60/unit;£9.47/kg;oriental-ready-meals;118;8.8;11.8;3.0;3.5;0.3;2.2;0.51
sainsburys-satay-chicken--taste-the-difference-415g;Sainsbury's Satay Chicken & Udon Noodles, Taste The Difference 380g;£3.60/unit;£9.47/kg;taste-the-difference-bistro-ready-meals;118;8.8;11.8;3.0;3.5;0.3;2.2;0.51
sainsburys-sausage---onion-puff-pastry-plait-360g-1147421-p-44;Sainsbury's Sausage & Onion Puff Pastry Plait 360g;£2.00/unit;£0.56/100g;lunchtime-snacks;288;8.7;22.4;1.2;17.5;6.9;2.9;0.62
sainsburys-sausage---onion-puff-pastry-plait-360g-1147421-p-44;Sainsbury's Sausage & Onion Puff Pastry Plait 360g;£2.00/unit;£0.56/100g;slices-pasties;288;8.7;22.4;1.2;17.5;6.9;2.9;0.62
sainsburys-sausage-mini-rolls-x20-310g;Sainsbury's Sausage Mini Rolls x20 310g;£2.00/unit;£0.65/100g;sausage-rolls-savouries;326;9.9;27.7;1.7;18.9;8.1;2.7;1.02
sainsburys-sausage-mini-rolls-x20-310g;Sainsbury's Sausage Mini Rolls x20 310g;£2.00/unit;£0.65/100g;slices-pasties;326;9.9;27.7;1.7;18.9;8.1;2.7;1.02
sainsburys-sausage-pasta-bake-430g;Sainsbury's Sausage Pasta Bake 430g;£2.30/unit;£5.35/kg;italian-ready-meals;129;5.3;17.7;3.6;3.7;1.2;-1;0.43
sainsburys-sausage-pasta-bake-430g;Sainsbury's Sausage Pasta Bake 430g;£2.30/unit;£5.35/kg;meals-for-1-ready-meals;129;5.3;17.7;3.6;3.7;1.2;-1;0.43
sainsburys-sausage-ragu-pasta-bake-430g;Sainsbury's Sausage Ragu Pasta Bake 430g;£2.30/unit;£5.35/kg;italian-ready-meals;125;4.8;17.5;2.7;3.7;1.6;1.4;0.35
sainsburys-sausage-ragu-pasta-bake-430g;Sainsbury's Sausage Ragu Pasta Bake 430g;£2.30/unit;£5.35/kg;meals-for-1-ready-meals;125;4.8;17.5;2.7;3.7;1.6;1.4;0.35
sainsburys-sausage-rolls--basics-x50-700g;Sainsbury's Sausage Rolls, Basics x50 700g;£0.90/unit;£1.29/kg;frozen-snacks;344;7.5;29.6;1.6;20.9;10.3;3.8;1.15
sainsburys-sausage-rolls--basics-x6-300g;Sainsbury's Sausage Rolls, Basics x6 300g;£1.05/unit;£0.35/100g;sausage-rolls-savouries;329;8.1;29;1.5;19;8.0;3.2;0.93
sainsburys-sausage-rolls--basics-x6-300g;Sainsbury's Sausage Rolls, Basics x6 300g;£1.05/unit;£0.35/100g;slices-pasties;329;8.1;29;1.5;19;8.0;3.2;0.93
sainsburys-sausages---mash--basics-300g;Sainsbury's Sausages & Mash, Basics 300g;£0.80/unit;£2.67/kg;british-ready-meals;98;2.6;12;1.5;3.9;1.4;2.4;0.53
sainsburys-sausages---mash--basics-300g;Sainsbury's Sausages & Mash, Basics 300g;£0.80/unit;£2.67/kg;meals-for-1-ready-meals;98;2.6;12;1.5;3.9;1.4;2.4;0.53
sainsburys-sauternes--taste-the-difference-375cl;Sainsbury's Sauternes, Taste the Difference 37.5cl;£13.00/unit;£26.00/75cl;buyer-recommends;0;-1;-1;-1;-1;-1;-1;-1
sainsburys-sauternes--taste-the-difference-375cl;Sainsbury's Sauternes, Taste the Difference 37.5cl;£13.00/unit;£26.00/75cl;dessert-wine;0;-1;-1;-1;-1;-1;-1;-1
sainsburys-savoiardi-sponge-fingers--taste-the-difference-200g;Sainsbury's Savoiardi Sponge Fingers, Taste the Difference 200g;£1.30/unit;£0.65/100g;meringues-bases;372;8.1;77.7;41.1;2.7;0.8;2.3;0.19
sainsburys-savoy-cabbage-%28each%29;Sainsbury's Savoy Cabbage (each);£0.80/unit;£0.80/ea;broccoli-cauliflower-cabbage-greens;32;2.4;3.9;3.9;0.5;0.1;2.7;0.02
sainsburys-savoy-cabbage-%28each%29;Sainsbury's Savoy Cabbage (each);£0.80/unit;£0.80/ea;new-in-season;32;2.4;3.9;3.9;0.5;0.1;2.7;0.02
sainsburys-scallops-180g;Sainsbury's Scallops 180g;£5.00/unit;£27.78/kg;prawns-shellfish;145;26.3;8.0;0.5;0.7;0.2;0.5;0.30
sainsburys-scones--sultana-x6;Sainsbury's Scones, Sultana x6;£1.00/unit;£0.17/ea;cakes-scones-fruited-buns;363;7.6;55.8;21.1;11.8;6.7;1.6;0.94
sainsburys-scones--sultana-x6;Sainsbury's Scones, Sultana x6;£1.00/unit;£0.17/ea;scones-fruited-buns;363;7.6;55.8;21.1;11.8;6.7;1.6;0.94
sainsburys-scotch-bonnet-chillies-100g;Sainsbury's Scotch Bonnet Chillies 100g;£2.00/unit;£20.00/kg;afro-caribbean-ingredients;64;2.6;10.7;4.5;0.6;0.1;2.5;0.77
sainsburys-scotch-bonnet-chillies-100g;Sainsbury's Scotch Bonnet Chillies 100g;£2.00/unit;£20.00/kg;chillies-herbs-ingredients;64;2.6;10.7;4.5;0.6;0.1;2.5;0.77
sainsburys-scotch-bonnet-chillies-100g;Sainsbury's Scotch Bonnet Chillies 100g;£2.00/unit;£20.00/kg;fresh-vegetables-world-exotic;64;2.6;10.7;4.5;0.6;0.1;2.5;0.77
sainsburys-scotch-egg--basics-113g;Sainsbury's Scotch Egg, Basics 113g;£0.40/unit;£0.35/100g;lunchtime-snacks;211;11.1;13.6;0.5;12.2;3.1;1.4;0.85
sainsburys-scotch-egg--basics-113g;Sainsbury's Scotch Egg, Basics 113g;£0.40/unit;£0.35/100g;sausage-rolls-savouries;211;11.1;13.6;0.5;12.2;3.1;1.4;0.85
sainsburys-scotch-egg--taste-the-difference;Sainsbury's Scotch Egg, Taste the Difference 140g;£1.20/unit;£0.86/100g;lunchtime-snacks;1252302;14.4;8.2;0.5;22.9;6.8;2.5;0.75
sainsburys-scotch-egg--taste-the-difference;Sainsbury's Scotch Egg, Taste the Difference 140g;£1.20/unit;£0.86/100g;sausage-rolls-savouries;1252302;14.4;8.2;0.5;22.9;6.8;2.5;0.75
sainsburys-scotch-eggs-x2-226g;Sainsbury's Scotch Eggs x2 226g;£1.00/unit;£0.44/100g;sausage-rolls-savouries;983235;11.1;16.8;0.6;13.4;3.7;1.6;0.88
sainsburys-scotch-eggs-x4-452g;Sainsbury's Scotch Eggs x4 452g;£1.85/unit;£0.41/100g;sausage-rolls-savouries;983235;11.1;16.8;0.6;13.4;3.7;1.6;0.88
sainsburys-scotch-pancakes-x8;Sainsbury's Scotch Pancakes x8;£0.80/unit;£0.10/ea;crumpets-breakfast-muffins-pancakes;260;5.9;48.8;19.2;4.4;0.4;1.0;1.00
sainsburys-scottish-beef-mince-454g;Sainsbury's 20% Fat Scottish Beef Mince 454g;£3.50/unit;£7.71/kg;frozen-beef;278;24.6;0.5;0.5;20.0;9.3;0.5;0.31
sainsburys-scottish-cooked-mussels-in-a-creamy-white-wine---garlic-sauce-500g;Sainsbury's Scottish Cooked Mussels In A Creamy White Wine & Garlic Sauce 500g;£3.00/unit;£6.00/kg;frozen-fish-seafood;91;8.9;3.3;0.9;4.6;3.0;0.5;1.48
sainsburys-scottish-hot-smoked-trout-fillets--taste-the-difference-125g;Sainsbury's Scottish Hot Smoked Trout Fillets, Taste the Difference 125g;£3.75/unit;£3.00/100g;cooked-fish-seafood;130;21.0;0.5;0.5;4.8;0.9;0.5;1.38
sainsburys-scottish-hot-smoked-trout-fillets--taste-the-difference-125g;Sainsbury's Scottish Hot Smoked Trout Fillets, Taste the Difference 125g;£3.75/unit;£3.00/100g;cooked-meats-taste-the-difference;130;21.0;0.5;0.5;4.8;0.9;0.5;1.38
sainsburys-scottish-hot-smoked-trout-fillets--taste-the-difference-125g;Sainsbury's Scottish Hot Smoked Trout Fillets, Taste the Difference 125g;£3.75/unit;£3.00/100g;great-prices-on-meat---fish;130;21.0;0.5;0.5;4.8;0.9;0.5;1.38
sainsburys-scottish-hot-smoked-trout-fillets--taste-the-difference-125g;Sainsbury's Scottish Hot Smoked Trout Fillets, Taste the Difference 125g;£3.75/unit;£3.00/100g;mfp-cooked-fish-seafood;130;21.0;0.5;0.5;4.8;0.9;0.5;1.38
sainsburys-scottish-hot-smoked-trout-fillets--taste-the-difference-125g;Sainsbury's Scottish Hot Smoked Trout Fillets, Taste the Difference 125g;£3.75/unit;£3.00/100g;mfp-cooked-meats-snacking-taste-the-difference;130;21.0;0.5;0.5;4.8;0.9;0.5;1.38
sainsburys-scottish-hot-smoked-trout-fillets--taste-the-difference-125g;Sainsbury's Scottish Hot Smoked Trout Fillets, Taste the Difference 125g;£3.75/unit;£3.00/100g;organic-taste-the-difference;130;21.0;0.5;0.5;4.8;0.9;0.5;1.38
sainsburys-scottish-hot-smoked-trout-fillets--taste-the-difference-125g;Sainsbury's Scottish Hot Smoked Trout Fillets, Taste the Difference 125g;£3.75/unit;£3.00/100g;smoked-fish;130;21.0;0.5;0.5;4.8;0.9;0.5;1.38
sainsburys-scottish-langoustines--taste-the-difference-500g;Sainsbury's Scottish Langoustines, Taste the Difference 500g;£7.00/unit;£14.00/kg;frozen-fish-seafood;84;18.7;1.0;1.0;0.6;0.2;0.5;0.78
sainsburys-scottish-mild-smoked-salmon-120g;Sainsbury's Scottish Mild Smoked Salmon 120g;£3.00/unit;£2.50/100g;cooked-fish-seafood;220;23.3;0.1;0.1;14.0;2.9;-1;-1
sainsburys-scottish-mild-smoked-salmon-120g;Sainsbury's Scottish Mild Smoked Salmon 120g;£3.00/unit;£2.50/100g;great-prices-on-meat---fish;220;23.3;0.1;0.1;14.0;2.9;-1;-1
sainsburys-scottish-mild-smoked-salmon-120g;Sainsbury's Scottish Mild Smoked Salmon 120g;£3.00/unit;£2.50/100g;mfp-cooked-fish-seafood;220;23.3;0.1;0.1;14.0;2.9;-1;-1
sainsburys-scottish-mild-smoked-salmon-120g;Sainsbury's Scottish Mild Smoked Salmon 120g;£3.00/unit;£2.50/100g;smoked-fish;220;23.3;0.1;0.1;14.0;2.9;-1;-1
sainsburys-scottish-mild-smoked-salmon-300g;Sainsbury's Mild Smoked Salmon 300g;£7.50/unit;£2.50/100g;canapes-snacking;188;23.6;0.1;0.1;10.4;2.0;0.5;2.93
sainsburys-scottish-mild-smoked-salmon-300g;Sainsbury's Mild Smoked Salmon 300g;£7.50/unit;£2.50/100g;smoked-fish;188;23.6;0.1;0.1;10.4;2.0;0.5;2.93
sainsburys-scottish-mussels-in-garlic-butter-500g;Sainsbury's Scottish Mussels In Garlic Butter 500g;£3.00/unit;£6.00/kg;fuss-free-fish-135654-44;93;7.0;2.2;0.9;6.1;3.4;0.5;1.78
sainsburys-scottish-mussels-in-garlic-butter-500g;Sainsbury's Scottish Mussels In Garlic Butter 500g;£3.00/unit;£6.00/kg;fuss-free-fish;93;7.0;2.2;0.9;6.1;3.4;0.5;1.78
sainsburys-scottish-mussels-in-garlic-butter-500g;Sainsbury's Scottish Mussels In Garlic Butter 500g;£3.00/unit;£6.00/kg;prawns-shellfish;93;7.0;2.2;0.9;6.1;3.4;0.5;1.78
sainsburys-scottish-mussels-in-white-wine-500g;Sainsbury's Scottish Mussels In White Wine 500g;£3.00/unit;£6.00/kg;fuss-free-fish-135654-44;91;8.4;4.2;0.8;4.4;2.7;0.6;1.45
sainsburys-scottish-mussels-in-white-wine-500g;Sainsbury's Scottish Mussels In White Wine 500g;£3.00/unit;£6.00/kg;fuss-free-fish;91;8.4;4.2;0.8;4.4;2.7;0.6;1.45
sainsburys-scottish-mussels-in-white-wine-500g;Sainsbury's Scottish Mussels In White Wine 500g;£3.00/unit;£6.00/kg;prawns-shellfish;91;8.4;4.2;0.8;4.4;2.7;0.6;1.45
sainsburys-scottish-oak-smoked-salmon--taste-the-difference-120g;Sainsbury's Scottish Oak Smoked Salmon, Taste the Difference 120g;£3.00/unit;£2.50/100g;organic-taste-the-difference;220;23.3;0.1;0.1;14.0;2.9;-1;-1
sainsburys-scottish-oak-smoked-salmon--taste-the-difference-120g;Sainsbury's Scottish Oak Smoked Salmon, Taste the Difference 120g;£3.00/unit;£2.50/100g;smoked-fish;220;23.3;0.1;0.1;14.0;2.9;-1;-1
sainsburys-scottish-salmon-fishcakes-x2-270g;Sainsbury's Scottish Salmon Fishcakes x2 270g;£2.00/unit;£7.41/kg;breaded-coated-fish-seafood;216;11.2;18.3;1.4;10.5;1.7;1.5;0.74
sainsburys-scottish-salmon-fishcakes-x2-270g;Sainsbury's Scottish Salmon Fishcakes x2 270g;£2.00/unit;£7.41/kg;fishcakes-breaded-fish;216;11.2;18.3;1.4;10.5;1.7;1.5;0.74
sainsburys-scottish-salmon-fishcakes-x2-270g;Sainsbury's Scottish Salmon Fishcakes x2 270g;£2.00/unit;£7.41/kg;fuss-free-fish-135654-44;216;11.2;18.3;1.4;10.5;1.7;1.5;0.74
sainsburys-scottish-speyside-whisky-smoked-salmon--taste-the-difference-120g;Sainsbury's Scottish Speyside Whisky Smoked Salmon, Taste the Difference 120g;£4.50/unit;£3.75/100g;cooked-fish-seafood;165;23.7;0.5;0.5;7.6;1.6;0.5;4.10
sainsburys-scottish-speyside-whisky-smoked-salmon--taste-the-difference-120g;Sainsbury's Scottish Speyside Whisky Smoked Salmon, Taste the Difference 120g;£4.50/unit;£3.75/100g;cooked-meats-taste-the-difference;165;23.7;0.5;0.5;7.6;1.6;0.5;4.10
sainsburys-scottish-speyside-whisky-smoked-salmon--taste-the-difference-120g;Sainsbury's Scottish Speyside Whisky Smoked Salmon, Taste the Difference 120g;£4.50/unit;£3.75/100g;mfp-cooked-fish-seafood;165;23.7;0.5;0.5;7.6;1.6;0.5;4.10
sainsburys-scottish-speyside-whisky-smoked-salmon--taste-the-difference-120g;Sainsbury's Scottish Speyside Whisky Smoked Salmon, Taste the Difference 120g;£4.50/unit;£3.75/100g;mfp-cooked-meats-snacking-taste-the-difference;165;23.7;0.5;0.5;7.6;1.6;0.5;4.10
sainsburys-scottish-speyside-whisky-smoked-salmon--taste-the-difference-120g;Sainsbury's Scottish Speyside Whisky Smoked Salmon, Taste the Difference 120g;£4.50/unit;£3.75/100g;organic-taste-the-difference;165;23.7;0.5;0.5;7.6;1.6;0.5;4.10
sainsburys-scottish-speyside-whisky-smoked-salmon--taste-the-difference-120g;Sainsbury's Scottish Speyside Whisky Smoked Salmon, Taste the Difference 120g;£4.50/unit;£3.75/100g;smoked-fish;165;23.7;0.5;0.5;7.6;1.6;0.5;4.10
sainsburys-scottish-wholetail-breaded-scampi-300g;Sainsbury's Scottish Wholetail Breaded Scampi 300g;£3.00/unit;£10.00/kg;frozen-fish-seafood;203;11.2;20.8;1.3;8.0;0.6;1.6;0.61
sainsburys-sea-bass-fillets-180g;Sainsbury's Sea Bass Fillets 180g;£3.30/unit;£18.33/kg;filleted-whole-fish;173;22.2;0.1;0.1;9.2;1.9;-1;-1
sainsburys-sea-bass-fillets-180g;Sainsbury's Sea Bass Fillets 180g;£3.30/unit;£18.33/kg;great-prices-on-meat---fish;173;22.2;0.1;0.1;9.2;1.9;-1;-1
sainsburys-sea-bass-fillets-with-ginger---lime-butter-230g;Sainsbury's Sea Bass Fillets With Ginger & Lime Butter 230g;£5.00/unit;£23.81/kg;filleted-whole-fish;224;19.9;0.5;0.5;15.7;5.7;-1;-1
sainsburys-sea-bass-fillets-with-ginger---lime-butter-230g;Sainsbury's Sea Bass Fillets With Ginger & Lime Butter 230g;£5.00/unit;£23.81/kg;fuss-free-fish-135654-44;224;19.9;0.5;0.5;15.7;5.7;-1;-1
sainsburys-sea-bass-fillets-with-ginger---lime-butter-230g;Sainsbury's Sea Bass Fillets With Ginger & Lime Butter 230g;£5.00/unit;£23.81/kg;fuss-free-fish;224;19.9;0.5;0.5;15.7;5.7;-1;-1
sainsburys-seafood-cocktail-deli-filler-230g;Sainsbury's Seafood Cocktail Deli Filler 230g;£1.65/unit;£0.72/100g;prawns-shellfish;216;5.3;8.2;3.7;17.9;1.3;0.5;1.47
sainsburys-seafood-cocktail-deli-filler-230g;Sainsbury's Seafood Cocktail Deli Filler 230g;£1.65/unit;£0.72/100g;sandwich-fillers2;216;5.3;8.2;3.7;17.9;1.3;0.5;1.47
sainsburys-seafood-cocktail-deli-filler-230g;Sainsbury's Seafood Cocktail Deli Filler 230g;£1.65/unit;£0.72/100g;sandwich-fillers;216;5.3;8.2;3.7;17.9;1.3;0.5;1.47
sainsburys-seafood-selection-225g;Sainsbury's Seafood Selection 225g;£3.50/unit;£1.56/100g;cooked-fish-seafood;75;15.2;1.3;0.5;1.0;0.4;0.5;1.30
sainsburys-seafood-selection-225g;Sainsbury's Seafood Selection 225g;£3.50/unit;£1.56/100g;mfp-cooked-fish-seafood;75;15.2;1.3;0.5;1.0;0.4;0.5;1.30
sainsburys-seafood-selection-225g;Sainsbury's Seafood Selection 225g;£3.50/unit;£1.56/100g;prawns-shellfish;75;15.2;1.3;0.5;1.0;0.4;0.5;1.30
sainsburys-seafood-selection-350g;Sainsbury's Seafood Selection 350g;£4.50/unit;£12.86/kg;frozen-fish-seafood;65;13.1;1.1;0.5;0.8;0.2;0.5;1.33
sainsburys-seafood-spaghetti--taste-the-difference-400g;Sainsbury's Seafood Spaghetti, Taste the Difference 400g;£3.30/unit;£8.25/kg;italian-ready-meals;116;5.9;17.6;1.4;2.2;0.4;1.0;0.53
sainsburys-seafood-spaghetti--taste-the-difference-400g;Sainsbury's Seafood Spaghetti, Taste the Difference 400g;£3.30/unit;£8.25/kg;meals-for-1-ready-meals;116;5.9;17.6;1.4;2.2;0.4;1.0;0.53
sainsburys-seafood-spaghetti--taste-the-difference-400g;Sainsbury's Seafood Spaghetti, Taste the Difference 400g;£3.30/unit;£8.25/kg;taste-the-difference-bistro-ready-meals;116;5.9;17.6;1.4;2.2;0.4;1.0;0.53
sainsburys-seafood-sticks--basics-250g;Sainsbury's Seafood Sticks, Basics x16 250g;£0.90/unit;£0.36/100g;cooked-fish-seafood;111;7.1;15.3;6.4;2.3;0.8;0.5;1.95
sainsburys-seafood-sticks--basics-250g;Sainsbury's Seafood Sticks, Basics x16 250g;£0.90/unit;£0.36/100g;mfp-cooked-fish-seafood;111;7.1;15.3;6.4;2.3;0.8;0.5;1.95
sainsburys-seafood-sticks--basics-250g;Sainsbury's Seafood Sticks, Basics x16 250g;£0.90/unit;£0.36/100g;prawns-shellfish;111;7.1;15.3;6.4;2.3;0.8;0.5;1.95
sainsburys-seafood-sticks--basics-250g;Sainsbury's Seafood Sticks, Basics x16 250g;£0.90/unit;£0.36/100g;snacking-cooked-sausage;111;7.1;15.3;6.4;2.3;0.8;0.5;1.95
sainsburys-seafood-sticks-x16-250g;Sainsbury's Seafood Sticks x16 250g;£1.50/unit;£0.60/100g;cooked-fish-seafood;117;9.3;13.5;6.3;2.8;1.0;0.5;1.75
sainsburys-seafood-sticks-x16-250g;Sainsbury's Seafood Sticks x16 250g;£1.50/unit;£0.60/100g;mfp-cooked-fish-seafood;117;9.3;13.5;6.3;2.8;1.0;0.5;1.75
sainsburys-seafood-sticks-x16-250g;Sainsbury's Seafood Sticks x16 250g;£1.50/unit;£0.60/100g;prawns-shellfish;117;9.3;13.5;6.3;2.8;1.0;0.5;1.75
sainsburys-seafood-sticks-x16-250g;Sainsbury's Seafood Sticks x16 250g;£1.50/unit;£0.60/100g;snacking-cooked-sausage;117;9.3;13.5;6.3;2.8;1.0;0.5;1.75
sainsburys-seasonal-fish-pie-mix-320g;Sainsbury's Seasonal Fish Pie Mix 320g;£3.50/unit;£10.94/kg;filleted-whole-fish;128;19.1;0.5;0.5;5.7;1.0;0.5;0.73
sainsburys-seasonal-fish-pie-mix-320g;Sainsbury's Seasonal Fish Pie Mix 320g;£3.50/unit;£10.94/kg;fuss-free-fish;128;19.1;0.5;0.5;5.7;1.0;0.5;0.73
sainsburys-seasonal-fruit-platter-400g;Sainsbury's Seasonal Fruit Platter 400g;£2.50/unit;£6.25/kg;prepared-fruit;49;0.6;10.3;10.2;0.5;0.1;1.8;0.01
sainsburys-seasoned-turkey-thigh-750g;Sainsbury's British Turkey Thigh Joint 750g;£2.75/unit;£3.67/kg;turkey;175;27.4;0.5;0.5;7.0;2.0;0.5;0.30
sainsburys-seasoned-venison-sausage-300g;Sainsbury's Seasoned Venison Sausage 300g;£2.50/unit;£8.33/kg;duck-game;162;20.0;4.3;1.1;6.7;2.5;2.0;1.84
sainsburys-seasoned-venison-sausage-300g;Sainsbury's Seasoned Venison Sausage 300g;£2.50/unit;£8.33/kg;sausages;162;20.0;4.3;1.1;6.7;2.5;2.0;1.84
sainsburys-seed---pinenut-sprinkle-25g;Sainsbury's Seed & Pinenut Sprinkle 25g;£0.50/unit;£2.00/100g;dressings-coleslaw-accompaniments;582;24.3;11.6;2.8;46.3;5.4;11.0;0.50
sainsburys-seedless-navel-oranges--taste-the-difference-x4;Sainsbury's Seedless Oranges, Taste the Difference x4;£2.00/unit;£0.50/ea;citrus-fruit;43;1.1;8.5;8.5;0.5;0.1;1.7;0.01
sainsburys-seedless-navel-oranges--taste-the-difference-x4;Sainsbury's Seedless Oranges, Taste the Difference x4;£2.00/unit;£0.50/ea;fruit-vegetables-organic-taste-the-difference;43;1.1;8.5;8.5;0.5;0.1;1.7;0.01
sainsburys-semi-dried-tomato---mozzarella-200g;Sainsbury's Semi Dried Cherry Tomatoes & Mozzarella 200g;£2.85/unit;£1.43/100g;deli-meat-alternatives;215;11.2;2.1;1.8;17.1;4.2;3.7;0.35
sainsburys-semi-dried-tomato---mozzarella-200g;Sainsbury's Semi Dried Cherry Tomatoes & Mozzarella 200g;£2.85/unit;£1.43/100g;olives-tapas-antipasti;215;11.2;2.1;1.8;17.1;4.2;3.7;0.35
sainsburys-semi-skimmed-long-life-milk-1l;Sainsbury's Semi Skimmed Long Life Milk 1L;£0.70/unit;£0.70/ltr;longer-life-milk;47;3.5;4.6;4.6;1.6;1.0;0.5;0.11
sainsburys-semi-skimmed-long-life-milk-6x1l;Sainsbury's Semi Skimmed Long Life Milk 6x1L;£4.00/unit;£0.67/ltr;longer-life-milk;47;3.5;4.6;4.6;1.6;1.0;0.5;0.11
sainsburys-semidried-tomatoes-in-olive-oil--taste-the-difference-290g;Sainsbury's Semidried Tomatoes In Olive Oil, Taste the Difference 290g (195g*);£3.50/unit;£1.79/100g;olives-antipasti;250;3.9;20.3;12.5;15.8;2.6;-1;1.40
sainsburys-senga-strawberry-west-country-yogurt--taste-the-difference-150g;Sainsbury's West Country Senga Strawberry Yogurt, Taste the Difference 150g;£0.75/unit;£0.50/100g;luxury-yogurts;129;3.0;13.2;13.2;6.9;4.3;0.8;0.10
sainsburys-seriously-chocolate-cake--large-%28serves-16%29;Sainsbury's Seriously Chocolate Cake, Large (serves 16);£9.00/unit;£6.67/kg;celebration-cakes;454;4.1;51;40;25;10;3.2;0.33
sainsburys-seriously-chocolatey-cake-%28-serves-10-%29;Sainsbury's Seriously Chocolatey Cake (Serves 10);£6.00/unit;£10.00/kg;celebration-cakes;442;4.2;51;38;24;9.5;2.4;0.35
sainsburys-seriously-white-choc-pearl-cake-900g;Sainsbury's Seriously White Chocolate Pearl Cake 900g;£10.00/unit;£11.11/kg;celebration-cakes;447;3.1;58.2;45.5;22.2;10.4;1.1;0.43
sainsburys-serrano-ham-70g;Sainsbury's Spanish Serrano Ham Slices 70g;£2.10/unit;£3.00/100g;continental-meats;207;34.9;0.5;0.5;7.4;2.8;0.5;3.47
sainsburys-sesame-oil--toasted-250ml;Sainsbury's Sesame Oil, Toasted 250ml;£1.65/unit;£0.66/100ml;oils;3400827;0.5;0.5;0.5;91.9;13.4;0.5;0.01
sainsburys-shallots--so-organic-250g;Sainsbury's Shallots, SO Organic 250g;£1.00/unit;£4.00/kg;baby-vegetables;23;1.5;3.1;3.1;0.5;0.1;1.4;0.03
sainsburys-shallots--so-organic-250g;Sainsbury's Shallots, SO Organic 250g;£1.00/unit;£4.00/kg;fruit-vegetables-organic-taste-the-difference;23;1.5;3.1;3.1;0.5;0.1;1.4;0.03
sainsburys-shallots--so-organic-250g;Sainsbury's Shallots, SO Organic 250g;£1.00/unit;£4.00/kg;onions-leeks-garlic;23;1.5;3.1;3.1;0.5;0.1;1.4;0.03
sainsburys-shallots-400g;Sainsbury's Shallots 400g;£1.50/unit;£3.75/kg;baby-vegetables;20;1.5;3.3;3.3;0.2;-1;1.4;
sainsburys-shallots-400g;Sainsbury's Shallots 400g;£1.50/unit;£3.75/kg;onions-leeks-garlic;20;1.5;3.3;3.3;0.2;-1;1.4;
sainsburys-shallots-in-hot---spicy-vinegar-440g;Sainsbury's Shallots In Hot & Spicy Vinegar 440g (235g*);£1.50/unit;£0.65/100g;pickled-food;75;2.2;14.8;12.0;0.5;0.1;2.3;0.74
sainsburys-shanghai-beef-450g;Sainsbury's Shanghai Beef 450g;£3.00/unit;£6.67/kg;meals-for-1-ready-meals;119;5.5;17.9;2.8;2.2;0.3;2.7;0.54
sainsburys-shanghai-beef-450g;Sainsbury's Shanghai Beef 450g;£3.00/unit;£6.67/kg;oriental-ready-meals;119;5.5;17.9;2.8;2.2;0.3;2.7;0.54
sainsburys-share-bbq-mini-pork-rolls-x22-220g;Sainsbury's Share BBQ Mini Sausage Rolls x22 220g;£1.85/unit;£0.84/100g;sausage-rolls-savouries;347;8.8;29.3;3.2;21.2;8.5;2.0;0.90
sainsburys-share-bbq-mini-pork-rolls-x22-220g;Sainsbury's Share BBQ Mini Sausage Rolls x22 220g;£1.85/unit;£0.84/100g;slices-pasties;347;8.8;29.3;3.2;21.2;8.5;2.0;0.90
sainsburys-share-cheese---shallot-rolls--taste-the-difference-x12-180g;Sainsbury's Share Cheese & Shallot Rolls, Taste the Difference x12 180g;£2.50/unit;£1.39/100g;deli-meat-alternatives;333;8.7;27.0;2.5;20.4;10.7;3.1;0.94
sainsburys-share-cheese---shallot-rolls--taste-the-difference-x12-180g;Sainsbury's Share Cheese & Shallot Rolls, Taste the Difference x12 180g;£2.50/unit;£1.39/100g;sausage-rolls-savouries;333;8.7;27.0;2.5;20.4;10.7;3.1;0.94
sainsburys-share-cheese---shallot-rolls--taste-the-difference-x12-180g;Sainsbury's Share Cheese & Shallot Rolls, Taste the Difference x12 180g;£2.50/unit;£1.39/100g;slices-pasties;333;8.7;27.0;2.5;20.4;10.7;3.1;0.94
sainsburys-share-hog-roast-rolls--taste-the-difference-x12-180g;Sainsbury's Share Hog Roast Rolls, Taste the Difference x12 180g;£2.50/unit;£1.39/100g;sausage-rolls-savouries;305;11.5;23.4;3.1;17.9;7.4;2.2;1.06
sainsburys-share-hog-roast-rolls--taste-the-difference-x12-180g;Sainsbury's Share Hog Roast Rolls, Taste the Difference x12 180g;£2.50/unit;£1.39/100g;slices-pasties;305;11.5;23.4;3.1;17.9;7.4;2.2;1.06
sainsburys-share-lincolnshre-cocktail-sausages--taste-the-difference-260g;Sainsbury's Share Lincolnshre Cocktail Sausages, Taste the Difference 260g;£2.50/unit;£0.96/100g;sausage-rolls-savouries;354;14.3;3.4;0.5;31.1;10.8;1.8;1.50
sainsburys-share-lincolnshre-cocktail-sausages--taste-the-difference-260g;Sainsbury's Share Lincolnshre Cocktail Sausages, Taste the Difference 260g;£2.50/unit;£0.96/100g;snacking-cooked-sausage;354;14.3;3.4;0.5;31.1;10.8;1.8;1.50
sainsburys-shaved-parmesan-80g;Sainsbury's Shaved Parmesan 80g;£1.90/unit;£23.75/kg;sliced-grated-cheese;388;33.0;0.0;0.0;28.4;19.1;0.0;1.63
sainsburys-shell-on-king-prawns--taste-the-difference-160g;Sainsbury's Shell On King Prawns, Taste the Difference 160g;£3.75/unit;£2.34/100g;cooked-fish-seafood;67;14.3;0.8;0.1;0.7;0.3;-1;-1
sainsburys-shell-on-king-prawns--taste-the-difference-160g;Sainsbury's Shell On King Prawns, Taste the Difference 160g;£3.75/unit;£2.34/100g;cooked-meats-taste-the-difference;67;14.3;0.8;0.1;0.7;0.3;-1;-1
sainsburys-shell-on-king-prawns--taste-the-difference-160g;Sainsbury's Shell On King Prawns, Taste the Difference 160g;£3.75/unit;£2.34/100g;mfp-cooked-fish-seafood;67;14.3;0.8;0.1;0.7;0.3;-1;-1
sainsburys-shell-on-king-prawns--taste-the-difference-160g;Sainsbury's Shell On King Prawns, Taste the Difference 160g;£3.75/unit;£2.34/100g;mfp-cooked-meats-snacking-taste-the-difference;67;14.3;0.8;0.1;0.7;0.3;-1;-1
sainsburys-shell-on-king-prawns--taste-the-difference-160g;Sainsbury's Shell On King Prawns, Taste the Difference 160g;£3.75/unit;£2.34/100g;organic-taste-the-difference;67;14.3;0.8;0.1;0.7;0.3;-1;-1
sainsburys-shell-on-king-prawns--taste-the-difference-160g;Sainsbury's Shell On King Prawns, Taste the Difference 160g;£3.75/unit;£2.34/100g;prawns-shellfish;67;14.3;0.8;0.1;0.7;0.3;-1;-1
sainsburys-shelled-peas-160g;Sainsbury's Shelled Peas 160g;£1.50/unit;£9.38/kg;peas-beans-sweetcorn-asparagus;87;6.6;10.0;2.4;0.8;0.3;6.8;0.13
sainsburys-shelled-peas-160g;Sainsbury's Shelled Peas 160g;£1.50/unit;£9.38/kg;prepared-vegetables;87;6.6;10.0;2.4;0.8;0.3;6.8;0.13
sainsburys-shepherds-pie--basics-300g;Sainsbury's Shepherds Pie, Basics 300g;£0.80/unit;£2.67/kg;british-ready-meals;75;3.9;8.2;1.2;2.6;1.5;1.7;0.55
sainsburys-shepherds-pie--basics-300g;Sainsbury's Shepherds Pie, Basics 300g;£0.80/unit;£2.67/kg;meals-for-1-ready-meals;75;3.9;8.2;1.2;2.6;1.5;1.7;0.55
sainsburys-shepherds-pie--be-good-to-yourself-450g;Sainsbury's Shepherds Pie, Be Good To Yourself 450g;£2.40/unit;£5.33/kg;british-ready-meals;82;4.8;11.0;1.5;1.8;0.9;1.7;0.35
sainsburys-shepherds-pie--be-good-to-yourself-450g;Sainsbury's Shepherds Pie, Be Good To Yourself 450g;£2.40/unit;£5.33/kg;healthier-choice-ready-meals;82;4.8;11.0;1.5;1.8;0.9;1.7;0.35
sainsburys-shepherds-pie--be-good-to-yourself-450g;Sainsbury's Shepherds Pie, Be Good To Yourself 450g;£2.40/unit;£5.33/kg;meals-for-1-ready-meals;82;4.8;11.0;1.5;1.8;0.9;1.7;0.35
sainsburys-shepherds-pie-400g-7645791-p-44;Sainsbury's Shepherd's Pie 400g;£1.50/unit;£3.75/kg;frozen-ready-meals;98;5.6;9.7;1.1;3.8;2.1;1.3;0.53
sainsburys-sherry-trifles--taste-the-difference-2x147g;Sainsbury's Sherry Trifles, Taste the Difference 2x147g;£3.00/unit;£1.02/100g;desserts;274;2.3;17.8;14.0;20.5;11.3;1.9;0.09
sainsburys-shiitake-mushrooms--taste-the-difference-120g;Sainsbury's Shiitake Mushrooms, Taste the Difference 120g;£1.25/unit;£10.42/kg;asian-ingredients;50;5.5;3.4;3.4;0.5;0.1;4.9;0.03
sainsburys-shiitake-mushrooms--taste-the-difference-120g;Sainsbury's Shiitake Mushrooms, Taste the Difference 120g;£1.25/unit;£10.42/kg;fresh-vegetables-stir-fry;50;5.5;3.4;3.4;0.5;0.1;4.9;0.03
sainsburys-shiitake-mushrooms--taste-the-difference-120g;Sainsbury's Shiitake Mushrooms, Taste the Difference 120g;£1.25/unit;£10.42/kg;fresh-vegetables-world-exotic;50;5.5;3.4;3.4;0.5;0.1;4.9;0.03
sainsburys-shiitake-mushrooms--taste-the-difference-120g;Sainsbury's Shiitake Mushrooms, Taste the Difference 120g;£1.25/unit;£10.42/kg;fruit-vegetables-organic-taste-the-difference;50;5.5;3.4;3.4;0.5;0.1;4.9;0.03
sainsburys-shiitake-mushrooms--taste-the-difference-120g;Sainsbury's Shiitake Mushrooms, Taste the Difference 120g;£1.25/unit;£10.42/kg;mushrooms;50;5.5;3.4;3.4;0.5;0.1;4.9;0.03
sainsburys-shin-of-beef-cw--taste-the-difference;Sainsbury's Shin of Beef, Taste the Difference (approx. 388g);£8.00/kg;£8.00/kg;beef;206;35.5;0.5;0.5;7.1;2.9;0.5;1.35
sainsburys-shortcrust-pastry-500g;Sainsbury's Shortcrust Pastry 500g;£1.00/unit;£0.20/100g;frozen-baking-pastry;464;4.6;35.8;1.4;33.2;15.2;1.7;0.50
sainsburys-shortcrust-pastry-500g;Sainsbury's Shortcrust Pastry 500g;£1.00/unit;£0.20/100g;frozen-pastry-baking;464;4.6;35.8;1.4;33.2;15.2;1.7;0.50
sainsburys-shortcrust-pastry-block-500g;Sainsbury's Shortcrust Pastry Block 500g;£1.00/unit;£0.20/100g;cooking-baking;497;5.1;41.1;0.5;34.3;14.4;1.9;0.45
sainsburys-shredded-peking-duck-240g;Sainsbury's Shredded Peking Duck 240g;£3.00/unit;£12.50/kg;oriental-ready-meals;228;13.9;25.9;12.5;7.4;1.6;1.2;1.18
sainsburys-shropshire-blue-200g;Sainsbury's Shropshire Blue 200g;£2.15/unit;£10.75/kg;cheddar-british-regional-cheese;410;23.7;0.5;0.5;35.0;23.0;0.5;2.07
sainsburys-sicilian-extra-virgin-olive-oil--taste-the-difference-500ml;Sainsbury's Sicilian Extra Virgin Olive Oil, Taste the Difference 500ml;£5.75/unit;£1.15/100ml;oils;837;0.5;0.5;0.5;93.0;13.0;-1;0.01
sainsburys-sicilian-lemonade--sparkling--taste-the-difference-75cl;Sainsbury's Sicilian Lemonade, Sparkling, Taste the Difference 75cl;£1.90/unit;£0.25/100ml;adult-soft-drinks;34;0.5;8.1;8.1;0.5;0.1;0.5;0.01
sainsburys-sicilian-lemonade--sparkling--taste-the-difference-75cl;Sainsbury's Sicilian Lemonade, Sparkling, Taste the Difference 75cl;£1.90/unit;£0.25/100ml;lemonade;34;0.5;8.1;8.1;0.5;0.1;0.5;0.01
sainsburys-sicilian-oranges--taste-the-difference-x3;Sainsbury's Sicilian Oranges, Taste the Difference x3;£1.50/unit;£0.50/ea;citrus-fruit;43;1.1;8.5;8.5;0.5;0.1;1.7;0.01
sainsburys-sicilian-oranges--taste-the-difference-x3;Sainsbury's Sicilian Oranges, Taste the Difference x3;£1.50/unit;£0.50/ea;fruit-vegetables-organic-taste-the-difference;43;1.1;8.5;8.5;0.5;0.1;1.7;0.01
sainsburys-sicilian-style-sausages--taste-the-difference-%28gluten-free%29-x6-400g;Sainsbury's Gluten Free Sicilian Style Pork Sausages, Taste the Difference x6 400g;£2.80/unit;£7.00/kg;burgers-bbq;290;18.8;1.1;0.5;23.1;8.3;1.0;1.33
sainsburys-sicilian-style-sausages--taste-the-difference-%28gluten-free%29-x6-400g;Sainsbury's Gluten Free Sicilian Style Pork Sausages, Taste the Difference x6 400g;£2.80/unit;£7.00/kg;organic-taste-the-difference;290;18.8;1.1;0.5;23.1;8.3;1.0;1.33
sainsburys-sicilian-style-sausages--taste-the-difference-%28gluten-free%29-x6-400g;Sainsbury's Gluten Free Sicilian Style Pork Sausages, Taste the Difference x6 400g;£2.80/unit;£7.00/kg;sausages;290;18.8;1.1;0.5;23.1;8.3;1.0;1.33
sainsburys-signature-chicken-gravy--taste-the-difference-450g;Sainsbury's Chicken Gravy, Taste the Difference 450g;£3.00/unit;£0.67/100g;stock---gravy;59;6.9;4.2;0.6;1.5;0.4;0.5;1.00
sainsburys-silverskin-onion-in-vinegar-1kg;Sainsbury's Silverskin Onion in Vinegar 1kg (580g*);£1.50/unit;£0.27/100g;pickled-food;32;0.9;5.9;3.8;0.5;0.1;1.4;0.60
sainsburys-silverskin-onions-vinegar-710g;Sainsbury's Silverskin Onions Vinegar 710g (412g*);£1.45/unit;£0.40/100g;pickled-food;32;0.9;5.9;3.8;0.5;0.1;1.4;0.60
sainsburys-silverskin-pickled-onions-440g;Sainsbury's Silverskin Pickled Onions 440g (255g*);£0.90/unit;£0.39/100g;pickled-food;32;0.9;5.9;3.8;0.5;0.1;1.4;0.59
sainsburys-simply-butterflies-cake-%28-serves-16-%29;Sainsbury's Simply Butterflies Cake 1.1kg (Serves 16);£9.00/unit;£8.18/kg;celebration-cakes;388;2.6;72;50;9.8;3.0;1.4;0.39
sainsburys-simply-italian-ham-with-herbs-100g;Sainsbury's Italian Prosciutto Cotto Slices x4 100g;£2.00/unit;£2.00/100g;continental-meats;114;22.5;0.6;0.6;2.4;0.9;0.5;1.80
sainsburys-simply-italian-ham-with-herbs-100g;Sainsbury's Italian Prosciutto Cotto Slices x4 100g;£2.00/unit;£2.00/100g;ham;114;22.5;0.6;0.6;2.4;0.9;0.5;1.80
sainsburys-simply-italian-ham-with-herbs-100g;Sainsbury's Italian Prosciutto Cotto Slices x4 100g;£2.00/unit;£2.00/100g;mfp-continental-meats;114;22.5;0.6;0.6;2.4;0.9;0.5;1.80
sainsburys-simply-italian-pepperoni-100g;Sainsbury's Italian Pepperoni 100g;£2.00/unit;£2.00/100g;continental-meats;368;26.4;1.0;0.5;28.7;10.4;0.1;4.63
sainsburys-simply-italian-pepperoni-100g;Sainsbury's Italian Pepperoni 100g;£2.00/unit;£2.00/100g;mfp-continental-meats;368;26.4;1.0;0.5;28.7;10.4;0.1;4.63
sainsburys-singapore-noodles-450g;Sainsbury's Singapore Noodles 450g;£3.00/unit;£6.67/kg;meals-for-1-ready-meals;159;5.7;14.6;1.5;7.8;0.7;3.5;0.63
sainsburys-singapore-noodles-450g;Sainsbury's Singapore Noodles 450g;£3.00/unit;£6.67/kg;oriental-ready-meals;159;5.7;14.6;1.5;7.8;0.7;3.5;0.63
sainsburys-singapore-style-noodles-300g;Sainsbury's Singapore Style Noodles 300g;£1.50/unit;£0.50/100g;asian-ingredients;214;3.2;33.2;2.6;7.2;0.7;1.3;0.48
sainsburys-singapore-style-noodles-300g;Sainsbury's Singapore Style Noodles 300g;£1.50/unit;£0.50/100g;fresh-vegetables-stir-fry;214;3.2;33.2;2.6;7.2;0.7;1.3;0.48
sainsburys-singapore-style-noodles-300g;Sainsbury's Singapore Style Noodles 300g;£1.50/unit;£0.50/100g;prepared-stir-fry;214;3.2;33.2;2.6;7.2;0.7;1.3;0.48
sainsburys-single-cream-150ml;Sainsbury's British Single Cream 150ml;£0.55/unit;£0.37/100ml;fresh-cream-custard;183;3.3;2.1;2.1;18.0;11.2;0.5;0.07
sainsburys-single-cream-300ml;Sainsbury's British Single Cream 300ml;£0.70/unit;£0.23/100ml;fresh-cream-custard;183;3.3;2.1;2.1;18.0;11.2;0.5;0.07
sainsburys-single-cream-600ml;Sainsbury's Single Cream 600ml;£1.35/unit;£0.23/100ml;fresh-cream-custard;183;3.3;2.1;2.1;18.0;11.2;0.5;0.07
sainsburys-sirloin-steak-225g;Sainsbury's Sirloin Steak 225g;£4.00/unit;£17.78/kg;beef;213;27.6;0.5;0.5;11.4;4.9;0.5;0.20
sainsburys-sirloin-steak-small--taste-the-difference-%28approx-200g%29;Sainsbury's British Sirloin Steak, Taste the Difference (approx. 425g);£22.50/kg;£22.50/kg;organic-taste-the-difference;275;26.0;0.5;0.5;19.0;9.6;0.5;0.25
sainsburys-sizziling-vegetable-pizza-12-quot%3B;Sainsbury's Sizzling Vegetable Pizza 12'' 560g;£3.50/unit;£6.25/kg;pizza;245;9.5;29.7;4.7;9.3;3.0;2.6;1.00
sainsburys-skimmed-long-life-milk-1l;Sainsbury's Skimmed Long Life Milk 1L;£0.70/unit;£0.70/ltr;longer-life-milk;33;3.5;4.5;4.5;0.5;0.1;0.5;0.11
sainsburys-skimmed-long-life-milk-6x1l;Sainsbury's Skimmed Long Life Milk 6x1L;£4.00/unit;£0.67/ltr;longer-life-milk;33;3.5;4.5;4.5;0.5;0.1;0.5;0.11
sainsburys-skimmed-milk-powder--basics-400g;Sainsbury's Skimmed Milk Powder, Basics 400g;£1.15/unit;£2.88/kg;longer-life-milk;36;3.6;5.3;5.3;0.5;0.1;0.5;0.14
sainsburys-skimmed-milk-powder-250g;Sainsbury's Skimmed Milk Powder 250g;£2.00/unit;£8.00/kg;longer-life-milk;36;3.6;5.3;5.3;0.5;0.1;0.5;0.14
sainsburys-skinless-cooked-chicken-fillet-120g;Sainsbury's Cooked Chicken Skinless Fillet 200g;£4.40/unit;£2.20/100g;cooked-chicken-turkey;129;28.2;0.5;0.5;1.7;0.6;0.5;0.27
sainsburys-skinless-cooked-chicken-fillet-120g;Sainsbury's Cooked Chicken Skinless Fillet 200g;£4.40/unit;£2.20/100g;mfp-cooked-chicken-turkey;129;28.2;0.5;0.5;1.7;0.6;0.5;0.27
sainsburys-skinless-cooked-chicken-fillet-120g;Sainsbury's Cooked Chicken Skinless Fillet 200g;£4.40/unit;£2.20/100g;mfp-snacking-cooked-sausage;129;28.2;0.5;0.5;1.7;0.6;0.5;0.27
sainsburys-skinless-cooked-chicken-fillet-120g;Sainsbury's Cooked Chicken Skinless Fillet 200g;£4.40/unit;£2.20/100g;snacking-cooked-sausage;129;28.2;0.5;0.5;1.7;0.6;0.5;0.27
sainsburys-sliced-beetroot-in-vinegar-340g;Sainsbury's Sliced Beetroot in Vinegar 340g (200g*);£0.75/unit;£0.38/100g;beetroot;38;1.1;6.1;5.7;0.5;0.1;1.2;0.75
sainsburys-sliced-beetroot-in-vinegar-340g;Sainsbury's Sliced Beetroot in Vinegar 340g (200g*);£0.75/unit;£0.38/100g;pickled-food;38;1.1;6.1;5.7;0.5;0.1;1.2;0.75
sainsburys-sliced-gherkins-in-sweet-vinegar-340g;Sainsbury's Sliced Gherkins In Sweet Vinegar 340g (180g*);£0.90/unit;£0.50/100g;pickled-food;40;0.5;9.2;9.1;0.5;0.1;0.5;1.48
sainsburys-sliced-mixed-peppers-750g;Sainsbury's Sliced Mixed Peppers 750g;£1.50/unit;£2.00/kg;frozen-vegetables;32;1.1;5.0;4.7;0.5;0.1;1.8;0.01
sainsburys-sliced-mushrooms-750g;Sainsbury's Sliced Mushrooms 750g;£1.50/unit;£2.00/kg;frozen-vegetables;14;1.8;0.5;0.5;0.5;0.1;1.1;0.01
sainsburys-slightly-salted-british-butter--so-organic-250g;Sainsbury's British Butter Slightly Salted, SO Organic 250g;£1.60/unit;£6.40/kg;butter;742;0.7;0.7;0.6;82;51;0.5;1.1
sainsburys-slightly-salted-british-butter--so-organic-250g;Sainsbury's British Butter Slightly Salted, SO Organic 250g;£1.60/unit;£6.40/kg;cooking-baking;742;0.7;0.7;0.6;82;51;0.5;1.1
sainsburys-slow-cooked-pork-ribs-with-bbq-sauce-700g;Sainsbury's Just Cook Barbecue Pork Ribs 700g;£6.00/unit;£8.57/kg;great-prices-on-meat---fish;265;23.3;5.6;4.6;16.4;6.1;0.7;0.62
sainsburys-slow-cooked-pork-ribs-with-bbq-sauce-700g;Sainsbury's Just Cook Barbecue Pork Ribs 700g;£6.00/unit;£8.57/kg;just-cook;265;23.3;5.6;4.6;16.4;6.1;0.7;0.62
sainsburys-slow-cooked-pork-ribs-with-bbq-sauce-700g;Sainsbury's Just Cook Barbecue Pork Ribs 700g;£6.00/unit;£8.57/kg;pork;265;23.3;5.6;4.6;16.4;6.1;0.7;0.62
sainsburys-slow-cooked-pork-ribs-with-bbq-sauce-700g;Sainsbury's Just Cook Barbecue Pork Ribs 700g;£6.00/unit;£8.57/kg;slow-cook;265;23.3;5.6;4.6;16.4;6.1;0.7;0.62
sainsburys-small-party-cake-610g-%28serves-8%29;Sainsbury's Small Party Cake 610g (Serves 8);£7.00/unit;£11.48/kg;celebration-cakes;407;2.2;70;57;13;3.2;0.8;0.25
sainsburys-smarties-cookies-x5;Sainsbury's Smarties Cookies x5;£1.20/unit;£0.24/ea;doughnuts-cookies;455;5.2;66.4;39.6;18.2;8.1;2.5;0.55
sainsburys-smarties-cookies-x5;Sainsbury's Smarties Cookies x5;£1.20/unit;£0.24/ea;instore-bakery-doughnuts-cookies;455;5.2;66.4;39.6;18.2;8.1;2.5;0.55
sainsburys-smoked-applewood-sweetcure-bacon--taste-the-difference-220g;Sainsbury's Smoked Applewood Sweetcure Bacon, Taste the Difference 220g;£2.50/unit;£11.37/kg;bacon;246;29.8;3.5;3.5;12.4;4.6;0.5;3.31
sainsburys-smoked-applewood-sweetcure-bacon--taste-the-difference-220g;Sainsbury's Smoked Applewood Sweetcure Bacon, Taste the Difference 220g;£2.50/unit;£11.37/kg;organic-taste-the-difference;246;29.8;3.5;3.5;12.4;4.6;0.5;3.31
sainsburys-smoked-back-bacon--basics-250g;Sainsbury's Smoked Back Bacon, Basics 250g;£1.50/unit;£6.00/kg;bacon;308;27.9;0.5;0.5;21.8;9.0;0.5;4.63
sainsburys-smoked-back-bacon-x12-450g;Sainsbury's Smoked Back Bacon x12 450g;£3.30/unit;£7.33/kg;bacon;262;30.9;0.5;0.5;15.4;5.8;0.5;4.33
sainsburys-smoked-back-bacon-x12-450g;Sainsbury's Smoked Back Bacon x12 450g;£3.30/unit;£7.33/kg;great-prices-on-meat---fish;262;30.9;0.5;0.5;15.4;5.8;0.5;4.33
sainsburys-smoked-bacon-joint-700g;Sainsbury's Smoked Bacon Joint 700g;£3.00/unit;£4.29/kg;gammon;220;18.6;0.8;0.8;15.8;6.3;0.5;4.00
sainsburys-smoked-bacon-lardons-250g;Sainsbury's Smoked Bacon Lardons 250g;£2.40/unit;£9.60/kg;bacon;241;28.5;0.5;0.5;14.1;5.3;0.5;4.05
sainsburys-smoked-bacon-medallions--be-good-to-yourself-200g;Sainsbury's Smoked Bacon Medallions, Be Good To Yourself 200g;£2.15/unit;£10.75/kg;bacon;186;37.4;1.2;1.2;3.5;1.4;0.5;3.00
sainsburys-smoked-cubetti-di-pancetta-160g;Sainsbury's Smoked Cubetti Di Pancetta 160g;£2.00/unit;£1.25/100g;continental-meats;356;20.0;0.5;0.5;30.7;12.0;0.5;2.80
sainsburys-smoked-cubetti-di-pancetta-160g;Sainsbury's Smoked Cubetti Di Pancetta 160g;£2.00/unit;£1.25/100g;cooks-ingredients-85658-44;356;20.0;0.5;0.5;30.7;12.0;0.5;2.80
sainsburys-smoked-cubetti-di-pancetta-160g;Sainsbury's Smoked Cubetti Di Pancetta 160g;£2.00/unit;£1.25/100g;cooks-ingredients;356;20.0;0.5;0.5;30.7;12.0;0.5;2.80
sainsburys-smoked-cubetti-di-pancetta-160g;Sainsbury's Smoked Cubetti Di Pancetta 160g;£2.00/unit;£1.25/100g;mfp-continental-meats;356;20.0;0.5;0.5;30.7;12.0;0.5;2.80
sainsburys-smoked-danish-back-bacon-x8-300g;Sainsbury's Smoked Danish Back Bacon x8 300g;£2.20/unit;£7.33/kg;bacon;262;30.9;0.5;0.5;15.4;5.8;0.5;4.33
sainsburys-smoked-gammon-joint-1kg;Sainsbury's Smoked Gammon Joint 1kg;£4.30/unit;£4.30/kg;gammon;189;23.1;0.5;0.5;10.6;3.8;0.5;3.80
sainsburys-smoked-gammon-joint-1kg;Sainsbury's Smoked Gammon Joint 1kg;£4.30/unit;£4.30/kg;great-prices-on-meat---fish;189;23.1;0.5;0.5;10.6;3.8;0.5;3.80
sainsburys-smoked-gammon-joint-750g;Sainsbury's Smoked Gammon Joint 750g;£3.30/unit;£4.40/kg;gammon;189;23.1;0.5;0.5;10.6;3.8;0.5;3.80
sainsburys-smoked-gammon-joint-750g;Sainsbury's Smoked Gammon Joint 750g;£3.30/unit;£4.40/kg;great-prices-on-meat---fish;189;23.1;0.5;0.5;10.6;3.8;0.5;3.80
sainsburys-smoked-haddock-fillets-400g;Sainsbury's Smoked Haddock Fillets 400g;£4.50/unit;£11.25/kg;frozen-fish-seafood;86;20.8;0.5;0.5;0.5;0.1;0.5;1.40
sainsburys-smoked-haddock-fishcakes-x2-270g;Sainsbury's Smoked Haddock Fishcakes x2 270g;£2.00/unit;£7.41/kg;fishcakes-breaded-fish;194;10.6;17.2;1.3;9.0;1.1;1.0;0.97
sainsburys-smoked-haddock-skinless---boneless-fillets-%28approx-325g%29;Sainsbury's Smoked Haddock Fillets, Skinless & Boneless (approx. 325g);£17.00/kg;£17.00/kg;filleted-whole-fish;98;22.6;0.5;0.5;0.7;0.2;0.7;1.20
sainsburys-smoked-haddock-skinless---boneless-fillets-%28approx-325g%29;Sainsbury's Smoked Haddock Fillets, Skinless & Boneless (approx. 325g);£17.00/kg;£17.00/kg;smoked-fish;98;22.6;0.5;0.5;0.7;0.2;0.7;1.20
sainsburys-smoked-haddock-with-davidstow-cheddar;Sainsbury's Just Cook Smoked Haddock With Davidstow Cheddar Melt 240g;£4.20/unit;£17.50/kg;filleted-whole-fish;123;17.4;0.2;0.1;5.8;3.7;0.2;1.20
sainsburys-smoked-haddock-with-davidstow-cheddar;Sainsbury's Just Cook Smoked Haddock With Davidstow Cheddar Melt 240g;£4.20/unit;£17.50/kg;fuss-free-fish-135654-44;123;17.4;0.2;0.1;5.8;3.7;0.2;1.20
sainsburys-smoked-haddock-with-davidstow-cheddar;Sainsbury's Just Cook Smoked Haddock With Davidstow Cheddar Melt 240g;£4.20/unit;£17.50/kg;fuss-free-fish;123;17.4;0.2;0.1;5.8;3.7;0.2;1.20
sainsburys-smoked-haddock-with-davidstow-cheddar;Sainsbury's Just Cook Smoked Haddock With Davidstow Cheddar Melt 240g;£4.20/unit;£17.50/kg;smoked-fish;123;17.4;0.2;0.1;5.8;3.7;0.2;1.20
sainsburys-smoked-kipper-fillets--taste-the-difference-280g;Sainsbury's British Smoked Kipper Fillets, Taste the Difference 280g;£2.00/unit;£7.14/kg;filleted-whole-fish;255;20.1;0.1;0.0;19.4;3.1;-1;-1
sainsburys-smoked-kipper-fillets--taste-the-difference-280g;Sainsbury's British Smoked Kipper Fillets, Taste the Difference 280g;£2.00/unit;£7.14/kg;organic-taste-the-difference;255;20.1;0.1;0.0;19.4;3.1;-1;-1
sainsburys-smoked-kipper-fillets--taste-the-difference-280g;Sainsbury's British Smoked Kipper Fillets, Taste the Difference 280g;£2.00/unit;£7.14/kg;smoked-fish;255;20.1;0.1;0.0;19.4;3.1;-1;-1
sainsburys-smoked-mackerel--basics-%28approx-250g%29;Sainsbury's British Smoked Mackerel, Basics (approx. 250g);£8.00/kg;£0.80/100g;canapes-snacking;213;21.9;1.0;0.5;13.4;3.0;0.5;2.25
sainsburys-smoked-mackerel--basics-%28approx-250g%29;Sainsbury's British Smoked Mackerel, Basics (approx. 250g);£8.00/kg;£0.80/100g;cooked-fish-seafood;213;21.9;1.0;0.5;13.4;3.0;0.5;2.25
sainsburys-smoked-mackerel--basics-%28approx-250g%29;Sainsbury's British Smoked Mackerel, Basics (approx. 250g);£8.00/kg;£0.80/100g;mfp-cooked-fish-seafood;213;21.9;1.0;0.5;13.4;3.0;0.5;2.25
sainsburys-smoked-mackerel--basics-%28approx-250g%29;Sainsbury's British Smoked Mackerel, Basics (approx. 250g);£8.00/kg;£0.80/100g;smoked-fish;213;21.9;1.0;0.5;13.4;3.0;0.5;2.25
sainsburys-smoked-mackerel--boneless--taste-the-difference-%28approx-130g%29;Sainsbury's British Smoked Mackerel, Boneless, Taste the Difference (approx. 130g);£18.00/kg;£1.80/100g;canapes-snacking;249;22.2;1.0;0.5;17.2;3.8;0.5;2.00
sainsburys-smoked-mackerel--boneless--taste-the-difference-%28approx-130g%29;Sainsbury's British Smoked Mackerel, Boneless, Taste the Difference (approx. 130g);£18.00/kg;£1.80/100g;cooked-fish-seafood;249;22.2;1.0;0.5;17.2;3.8;0.5;2.00
sainsburys-smoked-mackerel--boneless--taste-the-difference-%28approx-130g%29;Sainsbury's British Smoked Mackerel, Boneless, Taste the Difference (approx. 130g);£18.00/kg;£1.80/100g;cooked-meats-taste-the-difference;249;22.2;1.0;0.5;17.2;3.8;0.5;2.00
sainsburys-smoked-mackerel--boneless--taste-the-difference-%28approx-130g%29;Sainsbury's British Smoked Mackerel, Boneless, Taste the Difference (approx. 130g);£18.00/kg;£1.80/100g;mfp-cooked-fish-seafood;249;22.2;1.0;0.5;17.2;3.8;0.5;2.00
sainsburys-smoked-mackerel--boneless--taste-the-difference-%28approx-130g%29;Sainsbury's British Smoked Mackerel, Boneless, Taste the Difference (approx. 130g);£18.00/kg;£1.80/100g;mfp-cooked-meats-snacking-taste-the-difference;249;22.2;1.0;0.5;17.2;3.8;0.5;2.00
sainsburys-smoked-mackerel--boneless--taste-the-difference-%28approx-130g%29;Sainsbury's British Smoked Mackerel, Boneless, Taste the Difference (approx. 130g);£18.00/kg;£1.80/100g;organic-taste-the-difference;249;22.2;1.0;0.5;17.2;3.8;0.5;2.00
sainsburys-smoked-mackerel--boneless--taste-the-difference-%28approx-130g%29;Sainsbury's British Smoked Mackerel, Boneless, Taste the Difference (approx. 130g);£18.00/kg;£1.80/100g;smoked-fish;249;22.2;1.0;0.5;17.2;3.8;0.5;2.00
sainsburys-smoked-mackerel-boneless-strips-180g;Sainsbury's Smoked Mackerel Boneless Strips 180g;£3.50/unit;£1.94/100g;cooked-fish-seafood;257;21.5;0.5;0.5;18.7;3.2;0.5;2.25
sainsburys-smoked-mackerel-boneless-strips-180g;Sainsbury's Smoked Mackerel Boneless Strips 180g;£3.50/unit;£1.94/100g;mfp-cooked-fish-seafood;257;21.5;0.5;0.5;18.7;3.2;0.5;2.25
sainsburys-smoked-mackerel-boneless-strips-180g;Sainsbury's Smoked Mackerel Boneless Strips 180g;£3.50/unit;£1.94/100g;smoked-fish;257;21.5;0.5;0.5;18.7;3.2;0.5;2.25
sainsburys-smoked-mackerel-fillets-selection-%28approx-220g%29;Sainsbury's British Smoked Mackerel Fillets Selection (approx. 220g);£15.75/kg;£1.58/100g;canapes-snacking;344;19.9;0.5;0.1;29.2;13.0;1.2;3.2
sainsburys-smoked-mackerel-fillets-selection-%28approx-220g%29;Sainsbury's British Smoked Mackerel Fillets Selection (approx. 220g);£15.75/kg;£1.58/100g;cooked-fish-seafood;344;19.9;0.5;0.1;29.2;13.0;1.2;3.2
sainsburys-smoked-mackerel-fillets-selection-%28approx-220g%29;Sainsbury's British Smoked Mackerel Fillets Selection (approx. 220g);£15.75/kg;£1.58/100g;mfp-cooked-fish-seafood;344;19.9;0.5;0.1;29.2;13.0;1.2;3.2
sainsburys-smoked-mackerel-fillets-selection-%28approx-220g%29;Sainsbury's British Smoked Mackerel Fillets Selection (approx. 220g);£15.75/kg;£1.58/100g;mfp-snacking-cooked-sausage;344;19.9;0.5;0.1;29.2;13.0;1.2;3.2
sainsburys-smoked-mackerel-fillets-selection-%28approx-220g%29;Sainsbury's British Smoked Mackerel Fillets Selection (approx. 220g);£15.75/kg;£1.58/100g;smoked-fish;344;19.9;0.5;0.1;29.2;13.0;1.2;3.2
sainsburys-smoked-mackerel-fillets-selection-%28approx-220g%29;Sainsbury's British Smoked Mackerel Fillets Selection (approx. 220g);£15.75/kg;£1.58/100g;snacking-cooked-sausage;344;19.9;0.5;0.1;29.2;13.0;1.2;3.2
sainsburys-smoked-paprika--thyme---garlic-50g;Sainsbury's Smoked Paprika, Thyme & Garlic 50g;£2.50/unit;£0.50/10g;herbs-spices-seasoning;286;11.5;44.9;24.8;2.8;0.6;17.5;8.88
sainsburys-smoked-peppered-herring-%28approx%29;Sainsbury's Smoked Peppered Herring (approx. 150g);£10.50/kg;£1.05/100g;cooked-fish-seafood;204;22.8;3.5;0.5;10.9;1.9;0.5;1.75
sainsburys-smoked-peppered-herring-%28approx%29;Sainsbury's Smoked Peppered Herring (approx. 150g);£10.50/kg;£1.05/100g;mfp-cooked-fish-seafood;204;22.8;3.5;0.5;10.9;1.9;0.5;1.75
sainsburys-smoked-peppered-herring-%28approx%29;Sainsbury's Smoked Peppered Herring (approx. 150g);£10.50/kg;£1.05/100g;smoked-fish;204;22.8;3.5;0.5;10.9;1.9;0.5;1.75
sainsburys-smoked-reduced-salt-back-bacon-300g;Sainsbury's Smoked Reduced Salt Back Bacon x8 300g;£2.20/unit;£7.33/kg;bacon;216;28.7;1.3;1.3;10.7;4.0;0.5;2.95
sainsburys-smoked-rindless-gammon-steaks-x2-400g;Sainsbury's Smoked Rindless Gammon Steaks x2 400g;£3.20/unit;£8.00/kg;gammon;203;22.3;0.5;0.5;12.5;4.5;0.5;3.80
sainsburys-smoked-rindlesss-gammon-steaks-x2-400g-av;Sainsbury's Smoked Rindlesss Gammon Steaks x2 400g Av;£4.00/unit;£10.00/kg;gammon;203;22.3;0.5;0.5;12.5;4.5;0.5;3.80
sainsburys-smoked-river-cobbler-240g;Sainsbury's Smoked River Cobbler 240g;£2.50/unit;£10.42/kg;filleted-whole-fish;107;22.1;0.5;0.5;2.1;0.8;0.5;1.39
sainsburys-smoked-river-cobbler-240g;Sainsbury's Smoked River Cobbler 240g;£2.50/unit;£10.42/kg;smoked-fish;107;22.1;0.5;0.5;2.1;0.8;0.5;1.39
sainsburys-smoked-salmon-canapes-x12-120g;Sainsbury's Smoked Salmon Canapes x12 120g;£3.20/unit;£2.67/100g;cooked-fish-seafood;260;12.4;2.7;0.9;22.1;9.3;0.5;1.05
sainsburys-smoked-salmon-canapes-x12-120g;Sainsbury's Smoked Salmon Canapes x12 120g;£3.20/unit;£2.67/100g;mfp-cooked-fish-seafood;260;12.4;2.7;0.9;22.1;9.3;0.5;1.05
sainsburys-smoked-salmon-canapes-x12-120g;Sainsbury's Smoked Salmon Canapes x12 120g;£3.20/unit;£2.67/100g;smoked-fish;260;12.4;2.7;0.9;22.1;9.3;0.5;1.05
sainsburys-smoked-salmon-mousse-crescent-144g;Sainsbury's Smoked Salmon Mousse Crescent 144g;£4.00/unit;£2.78/100g;cooked-fish-seafood;226;13.6;2.1;1.6;18.1;4.9;0.5;1.88
sainsburys-smoked-salmon-mousse-crescent-144g;Sainsbury's Smoked Salmon Mousse Crescent 144g;£4.00/unit;£2.78/100g;mfp-cooked-fish-seafood;226;13.6;2.1;1.6;18.1;4.9;0.5;1.88
sainsburys-smoked-salmon-mousse-crescent-144g;Sainsbury's Smoked Salmon Mousse Crescent 144g;£4.00/unit;£2.78/100g;smoked-fish;226;13.6;2.1;1.6;18.1;4.9;0.5;1.88
sainsburys-smoked-salmon-parcels--taste-the-difference-115g;Sainsbury's Smoked Salmon Parcels, Taste the Difference 115g;£3.00/unit;£2.61/100g;cooked-fish-seafood;206;14.2;2.4;1.4;15.2;7.2;1.2;1.83
sainsburys-smoked-salmon-parcels--taste-the-difference-115g;Sainsbury's Smoked Salmon Parcels, Taste the Difference 115g;£3.00/unit;£2.61/100g;cooked-meats-taste-the-difference;206;14.2;2.4;1.4;15.2;7.2;1.2;1.83
sainsburys-smoked-salmon-parcels--taste-the-difference-115g;Sainsbury's Smoked Salmon Parcels, Taste the Difference 115g;£3.00/unit;£2.61/100g;mfp-cooked-fish-seafood;206;14.2;2.4;1.4;15.2;7.2;1.2;1.83
sainsburys-smoked-salmon-parcels--taste-the-difference-115g;Sainsbury's Smoked Salmon Parcels, Taste the Difference 115g;£3.00/unit;£2.61/100g;mfp-cooked-meats-snacking-taste-the-difference;206;14.2;2.4;1.4;15.2;7.2;1.2;1.83
sainsburys-smoked-salmon-parcels--taste-the-difference-115g;Sainsbury's Smoked Salmon Parcels, Taste the Difference 115g;£3.00/unit;£2.61/100g;organic-taste-the-difference;206;14.2;2.4;1.4;15.2;7.2;1.2;1.83
sainsburys-smoked-salmon-parcels--taste-the-difference-115g;Sainsbury's Smoked Salmon Parcels, Taste the Difference 115g;£3.00/unit;£2.61/100g;smoked-fish;206;14.2;2.4;1.4;15.2;7.2;1.2;1.83
sainsburys-smoked-salmon-sandwich-pack-100g;Sainsbury's Scottish Smoked Salmon Sandwich Slices 100g;£3.00/unit;£3.00/100g;cooked-fish-seafood;221;23.6;0.1;0.1;14.0;2.9;-1;-1
sainsburys-smoked-salmon-sandwich-pack-100g;Sainsbury's Scottish Smoked Salmon Sandwich Slices 100g;£3.00/unit;£3.00/100g;great-prices-on-meat---fish;221;23.6;0.1;0.1;14.0;2.9;-1;-1
sainsburys-smoked-salmon-sandwich-pack-100g;Sainsbury's Scottish Smoked Salmon Sandwich Slices 100g;£3.00/unit;£3.00/100g;mfp-cooked-fish-seafood;221;23.6;0.1;0.1;14.0;2.9;-1;-1
sainsburys-smoked-salmon-sandwich-pack-100g;Sainsbury's Scottish Smoked Salmon Sandwich Slices 100g;£3.00/unit;£3.00/100g;smoked-fish;221;23.6;0.1;0.1;14.0;2.9;-1;-1
sainsburys-smoked-salmon-sandwich-pack-100g;Sainsbury's Scottish Smoked Salmon Sandwich Slices 100g;£3.00/unit;£3.00/100g;snacking-cooked-sausage;221;23.6;0.1;0.1;14.0;2.9;-1;-1
sainsburys-smoked-salmon-trimmings--basics-120g;Sainsbury's Scottish Smoked Salmon Trimmings, Basics 120g;£1.70/unit;£1.42/100g;cooked-fish-seafood;220;22.6;1.0;0.4;14.0;2.9;-1;-1
sainsburys-smoked-salmon-trimmings--basics-120g;Sainsbury's Scottish Smoked Salmon Trimmings, Basics 120g;£1.70/unit;£1.42/100g;mfp-cooked-fish-seafood;220;22.6;1.0;0.4;14.0;2.9;-1;-1
sainsburys-smoked-salmon-trimmings--basics-120g;Sainsbury's Scottish Smoked Salmon Trimmings, Basics 120g;£1.70/unit;£1.42/100g;smoked-fish;220;22.6;1.0;0.4;14.0;2.9;-1;-1
sainsburys-smoked-salt---rsemary-sptchcock-12kg;Sainsbury's Just Cook Chicken with Black Pepper, Rosemary & Smoked Salt Sprinkle 1.2kg;£5.50/unit;£4.58/kg;chicken;204;23.0;0.5;0.5;12.3;3.5;0.6;0.53
sainsburys-smoked-salt---rsemary-sptchcock-12kg;Sainsbury's Just Cook Chicken with Black Pepper, Rosemary & Smoked Salt Sprinkle 1.2kg;£5.50/unit;£4.58/kg;just-cook;204;23.0;0.5;0.5;12.3;3.5;0.6;0.53
sainsburys-smoked-salt---rsemary-sptchcock-12kg;Sainsbury's Just Cook Chicken with Black Pepper, Rosemary & Smoked Salt Sprinkle 1.2kg;£5.50/unit;£4.58/kg;prepared-joints;204;23.0;0.5;0.5;12.3;3.5;0.6;0.53
sainsburys-smoked-streaky-bacon-rashers-300g;Sainsbury's Smoked Streaky Bacon Rashers 300g;£2.20/unit;£7.33/kg;bacon;344;32.0;0.5;0.5;24.0;9.0;0.5;4.05
sainsburys-smoked-streaky-bacon-rashers-300g;Sainsbury's Smoked Streaky Bacon Rashers 300g;£2.20/unit;£7.33/kg;great-prices-on-meat---fish;344;32.0;0.5;0.5;24.0;9.0;0.5;4.05
sainsburys-smoked-trout-120g;Sainsbury's Smoked Trout 120g;£4.00/unit;£3.33/100g;cooked-fish-seafood;184;23.2;0.1;0.1;10.1;1.5;-1;-1
sainsburys-smoked-trout-120g;Sainsbury's Smoked Trout 120g;£4.00/unit;£3.33/100g;mfp-cooked-fish-seafood;184;23.2;0.1;0.1;10.1;1.5;-1;-1
sainsburys-smoked-trout-120g;Sainsbury's Smoked Trout 120g;£4.00/unit;£3.33/100g;smoked-fish;184;23.2;0.1;0.1;10.1;1.5;-1;-1
sainsburys-smoked-york-ham--taste-the-difference-120g;Sainsbury's Smoked York Ham, Taste the Difference 120g;£3.00/unit;£2.50/100g;cooked-meats-taste-the-difference;248;25.8;0.5;0.5;16.0;5.2;0.5;2.79
sainsburys-smoked-york-ham--taste-the-difference-120g;Sainsbury's Smoked York Ham, Taste the Difference 120g;£3.00/unit;£2.50/100g;ham;248;25.8;0.5;0.5;16.0;5.2;0.5;2.79
sainsburys-smoked-york-ham--taste-the-difference-120g;Sainsbury's Smoked York Ham, Taste the Difference 120g;£3.00/unit;£2.50/100g;mfp-cooked-meats-snacking-taste-the-difference;248;25.8;0.5;0.5;16.0;5.2;0.5;2.79
sainsburys-smooth-style-orange-juice-from-concentrate-1l;Sainsbury's Smooth Orange Juice  1L;£1.00/unit;£0.10/100ml;chilled-fruit-juice;42;0.5;9.2;9.2;0.5;0.1;0.5;0.03
sainsburys-smoothie--mango---orange-x5-90g;Sainsbury's Smoothie Mango, Orange & Banana 5x90g;£2.00/unit;£0.44/100g;dessert-fruit;62;0.6;13.8;12.8;0.5;0.1;1.2;0.01
sainsburys-smoothie--mango---orange-x5-90g;Sainsbury's Smoothie Mango, Orange & Banana 5x90g;£2.00/unit;£0.44/100g;snacking-fruit-nuts;62;0.6;13.8;12.8;0.5;0.1;1.2;0.01
sainsburys-smoothie--strawberry---banana-x5-90g;Sainsbury's Smoothie, Strawberry & Banana 5x90g;£2.00/unit;£0.44/100g;dessert-fruit;59;0.7;12.8;12.2;0.5;0.1;1.5;0.01
sainsburys-smoothie--strawberry---banana-x5-90g;Sainsbury's Smoothie, Strawberry & Banana 5x90g;£2.00/unit;£0.44/100g;snacking-fruit-nuts;59;0.7;12.8;12.2;0.5;0.1;1.5;0.01
sainsburys-snack-berry-mix-100g;Sainsbury's Berries & Cherries 100g;£2.30/unit;£2.30/100g;dessert-fruit;317;1.0;74.1;62.7;1.1;0.2;3.5;0.05
sainsburys-snack-berry-mix-100g;Sainsbury's Berries & Cherries 100g;£2.30/unit;£2.30/100g;snacking-fruit-nuts;317;1.0;74.1;62.7;1.1;0.2;3.5;0.05
sainsburys-snack-dried-mango-100g;Sainsbury's Dried Mango 100g;£1.50/unit;£1.50/100g;dessert-fruit;315;2.8;73.0;45.1;0.5;0.2;4.0;0.53
sainsburys-snack-dried-mango-100g;Sainsbury's Dried Mango 100g;£1.50/unit;£1.50/100g;snacking-fruit-nuts;315;2.8;73.0;45.1;0.5;0.2;4.0;0.53
sainsburys-so-dried-apricots--organic-250g;Sainsbury's Dried Apricots, SO Organic 250g;£4.00/unit;£16.00/kg;dessert-fruit;228;2.4;50.2;31.4;0.5;0.1;7.5;0.01
sainsburys-so-dried-apricots--organic-250g;Sainsbury's Dried Apricots, SO Organic 250g;£4.00/unit;£16.00/kg;snacking-fruit-nuts;228;2.4;50.2;31.4;0.5;0.1;7.5;0.01
sainsburys-sobrasada-de-mallorca--taste-the-difference-145g;Sainsbury's Spanish Sobrasada De Mallorca, Taste the Difference 145g;£3.00/unit;£2.07/100g;continental-meats;575;11.8;0.5;0.5;58.2;20.7;1.9;2.48
sainsburys-sobrasada-de-mallorca--taste-the-difference-145g;Sainsbury's Spanish Sobrasada De Mallorca, Taste the Difference 145g;£3.00/unit;£2.07/100g;cooked-meats-taste-the-difference;575;11.8;0.5;0.5;58.2;20.7;1.9;2.48
sainsburys-sobrasada-de-mallorca--taste-the-difference-145g;Sainsbury's Spanish Sobrasada De Mallorca, Taste the Difference 145g;£3.00/unit;£2.07/100g;mfp-cooked-meats-snacking-taste-the-difference;575;11.8;0.5;0.5;58.2;20.7;1.9;2.48
sainsburys-sobrasada-de-mallorca--taste-the-difference-145g;Sainsbury's Spanish Sobrasada De Mallorca, Taste the Difference 145g;£3.00/unit;£2.07/100g;mfp-pate;575;11.8;0.5;0.5;58.2;20.7;1.9;2.48
sainsburys-sobrasada-de-mallorca--taste-the-difference-145g;Sainsbury's Spanish Sobrasada De Mallorca, Taste the Difference 145g;£3.00/unit;£2.07/100g;pate;575;11.8;0.5;0.5;58.2;20.7;1.9;2.48
sainsburys-soda-water-1l;Sainsbury's Soda Water 1L;£0.50/unit;£0.05/100ml;cocktail-ingredients;0;0.0;0.0;0.0;0.0;0.0;0.0;
sainsburys-soda-water-1l;Sainsbury's Soda Water 1L;£0.50/unit;£0.05/100ml;mixers-12333-44;0;0.0;0.0;0.0;0.0;0.0;0.0;
sainsburys-soda-water-1l;Sainsbury's Soda Water 1L;£0.50/unit;£0.05/100ml;mixers;0;0.0;0.0;0.0;0.0;0.0;0.0;
sainsburys-soda-water-6x250ml;Sainsbury's Soda Water 6x250ml;£2.10/unit;£0.14/100ml;mixers-12333-44;-1;0;0;0;0;0;0;
sainsburys-soda-water-6x250ml;Sainsbury's Soda Water 6x250ml;£2.10/unit;£0.14/100ml;mixers;-1;0;0;0;0;0;0;
sainsburys-soft-cheese--basics-300g;Sainsbury's Soft Cheese, Basics 300g;£0.75/unit;£2.50/kg;snacking-lunchbox-cheese;214;4.0;4.4;4.4;20.0;13.6;0.5;0.55
sainsburys-soft-cheese--basics-300g;Sainsbury's Soft Cheese, Basics 300g;£0.75/unit;£2.50/kg;soft---spreadable;214;4.0;4.4;4.4;20.0;13.6;0.5;0.55
sainsburys-soft-cheese--be-good-to-yourself-300g;Sainsbury's Soft Cheese, Be Good To Yourself 300g;£1.35/unit;£4.50/kg;cottage-cheese---healthier-choice;110;11.7;6.8;4.7;4.0;2.3;0.5;0.55
sainsburys-soft-cheese--be-good-to-yourself-300g;Sainsbury's Soft Cheese, Be Good To Yourself 300g;£1.35/unit;£4.50/kg;snacking-lunchbox-cheese;110;11.7;6.8;4.7;4.0;2.3;0.5;0.55
sainsburys-soft-cheese--be-good-to-yourself-300g;Sainsbury's Soft Cheese, Be Good To Yourself 300g;£1.35/unit;£4.50/kg;soft---spreadable;110;11.7;6.8;4.7;4.0;2.3;0.5;0.55
sainsburys-soft-cheese--so-organic-250g;Sainsbury's Soft Cheese, SO Organic 250g;£1.65/unit;£6.60/kg;cheeseboard-delights;258;5.4;2.8;2.8;25.0;16.0;0.5;0.55
sainsburys-soft-cheese--so-organic-250g;Sainsbury's Soft Cheese, SO Organic 250g;£1.65/unit;£6.60/kg;organic-taste-the-difference-cheese;258;5.4;2.8;2.8;25.0;16.0;0.5;0.55
sainsburys-soft-cheese--so-organic-250g;Sainsbury's Soft Cheese, SO Organic 250g;£1.65/unit;£6.60/kg;snacking-lunchbox-cheese;258;5.4;2.8;2.8;25.0;16.0;0.5;0.55
sainsburys-soft-cheese--so-organic-250g;Sainsbury's Soft Cheese, SO Organic 250g;£1.65/unit;£6.60/kg;soft---spreadable;258;5.4;2.8;2.8;25.0;16.0;0.5;0.55
sainsburys-soft-citrus--basics-750g;Sainsbury's Soft Citrus, Basics 600g;£1.20/unit;£2.00/kg;citrus-fruit;39;0.9;8.0;8.0;0.5;0.1;1.3;0.01
sainsburys-soft-spread--basics-500g;Sainsbury's Soft Spread, Basics 500g;£0.80/unit;£1.60/kg;cooking-baking;381;0.5;0.7;0.5;42.0;10.6;0.5;1.10
sainsburys-soft-spread-2kg;Sainsbury's Soft Spread 2kg;£3.05/unit;£1.53/kg;cooking-baking;630;0.0;0.0;0.0;70.0;18.0;0.0;1.40
sainsburys-soft-spread-500g;Sainsbury's Soft Spread 500g;£1.00/unit;£2.00/kg;cooking-baking;630;0.5;0.5;0.5;70.0;18.0;0.5;1.30
sainsburys-soft-white-cheese-300g;Sainsbury's Soft White Cheese 300g;£1.35/unit;£4.50/kg;snacking-lunchbox-cheese;258;5.4;2.8;2.8;25.0;16.0;0.5;0.55
sainsburys-soft-white-cheese-300g;Sainsbury's Soft White Cheese 300g;£1.35/unit;£4.50/kg;soft---spreadable;258;5.4;2.8;2.8;25.0;16.0;0.5;0.55
sainsburys-soft-white-farmhouse-bread--taste-the-difference-800g;Sainsbury's Soft White Farmhouse Bread, Taste the Difference 800g;£1.30/unit;£0.16/100g;white-bread;237;8.1;46.0;3.4;1.9;0.3;2.2;0.94
sainsburys-soft-wholemeal-farmhouse-bread--taste-the-difference-800g;Sainsbury's Soft Wholemeal Farmhouse Bread, Taste the Difference 800g;£1.30/unit;£0.16/100g;wholemeal-brown-bread;232;10.0;38.5;4.1;2.8;0.3;6.6;1.05
sainsburys-somerset-brie-160g;Sainsbury's Somerset Brie 160g;£1.50/unit;£9.38/kg;cheddar-british-regional-cheese;1207291;18.3;0.5;0.5;24.0;14.6;0.5;1.26
sainsburys-somerset-goats-cheese-100g;Sainsbury's Somerset Goats Cheese 100g;£2.00/unit;£20.00/kg;cheddar-british-regional-cheese;329;17.8;0.5;0.5;28.6;16.9;0.5;1.31
sainsburys-somerset-goats-cheese-100g;Sainsbury's Somerset Goats Cheese 100g;£2.00/unit;£20.00/kg;healthier-choice-special-diet-cheese;329;17.8;0.5;0.5;28.6;16.9;0.5;1.31
sainsburys-soup-mix--butternut-squash-600g-7651996-p-44;Sainsbury's Soup Mix, Butternut Squash 600g;£2.00/unit;£3.33/kg;prepared-vegetables;32;0.8;5.3;3.7;0.7;0.1;0.5;0.03
sainsburys-soup-mix--leek---potato-450g-7652092-p-44;Sainsbury's Soup Mix, Leek & Potato 450g;£1.50/unit;£3.33/kg;prepared-vegetables;36;1.4;6.6;1.2;0.5;0.1;1.3;0.58
sainsburys-soup-mix--vegetable-broth-500g-7652044-p-44;Sainsbury's Soup Mix, Vegetable Broth 500g;£1.50/unit;£3.00/kg;prepared-vegetables;49;0.9;9.5;2.4;0.5;0.1;2.3;0.60
sainsburys-soup-mix--winter-vegetable-600g;Sainsbury's Soup Mix, Winter Vegetable 600g;£2.00/unit;£3.33/kg;prepared-vegetables;32;0.5;5.5;-1;0.8;0.1;-1;0.20
sainsburys-sour-cream---chive-dip--be-good-to-yourself-230g;Sainsbury's Soured Cream & Chive Dip, Be Good To Yourself 230g;£1.00/unit;£0.43/100g;deli-meat-alternatives;176;3.9;7.3;3.6;14.6;4.0;0.5;0.40
sainsburys-sour-cream---chive-dip--be-good-to-yourself-230g;Sainsbury's Soured Cream & Chive Dip, Be Good To Yourself 230g;£1.00/unit;£0.43/100g;fresh-dips-houmous;176;3.9;7.3;3.6;14.6;4.0;0.5;0.40
sainsburys-sour-cream---chive-dip-230g;Sainsbury's Soured Cream & Chive Dip 230g;£1.00/unit;£0.43/100g;deli-meat-alternatives;284;2.4;6.1;2.6;27.7;6.5;0.5;0.63
sainsburys-sour-cream---chive-dip-230g;Sainsbury's Soured Cream & Chive Dip 230g;£1.00/unit;£0.43/100g;fresh-dips-houmous;284;2.4;6.1;2.6;27.7;6.5;0.5;0.63
sainsburys-sour-spirals-x5-350ml;Sainsbury's Sour Spirals x5 350ml;£1.30/unit;£0.37/100ml;lollies-bars-cones;79;0.5;19.5;18.7;0.5;0.1;0.5;0.08
sainsburys-soured-cream--be-good-to-yourself-300ml;Sainsbury's Soured Cream, Be Good To Yourself 300ml;£0.85/unit;£0.28/100ml;fresh-cream-custard;101;4.1;4.1;4.1;7.5;4.8;0.0;0.10
sainsburys-soured-cream-150ml;Sainsbury's Soured Cream 150ml;£0.60/unit;£0.40/100ml;fresh-cream-custard;187;2.7;3.5;3.5;18.0;11.2;0.5;0.10
sainsburys-soured-cream-300ml;Sainsbury's Soured Cream 300ml;£0.85/unit;£0.28/100ml;fresh-cream-custard;187;2.7;3.5;3.5;18.0;11.2;0.5;0.10
sainsburys-south-fried-chicken-bites-190g;Sainsbury's South Fried Chicken Bites 190g;£1.00/unit;£5.26/kg;frozen-chicken;261;12.0;15.9;1.0;16.0;2.8;2.7;0.81
sainsburys-south-fried-chicken-steak-x2-190g;Sainsbury's South Fried Chicken Steak x2 190g;£1.50/unit;£7.89/kg;frozen-chicken;240;14.5;13.5;0.5;13.9;2.2;1.4;1.13
sainsburys-southern-fried-chicken-fillets-305g;Sainsbury's Southern Fried Chicken Fillets 305g;£3.00/unit;£9.84/kg;breaded-coated-chicken-turkey-pork;176;21.1;9.0;0.5;5.9;0.6;1.0;0.61
sainsburys-southern-fried-chicken-fillets-305g;Sainsbury's Southern Fried Chicken Fillets 305g;£3.00/unit;£9.84/kg;chicken;176;21.1;9.0;0.5;5.9;0.6;1.0;0.61
sainsburys-southern-fried-chicken-steak-380g;Sainsbury's Southern Fried Chicken Steak 380g;£2.00/unit;£5.26/kg;frozen-chicken;240;14.5;13.5;0.5;13.9;2.2;1.4;1.13
sainsburys-spaghetti-bolognese--basics-300g;Sainsbury's Spaghetti Bolognese, Basics 300g;£0.80/unit;£2.67/kg;italian-ready-meals;92;4.9;12.9;2.6;1.8;0.8;2.1;0.49
sainsburys-spaghetti-bolognese--basics-300g;Sainsbury's Spaghetti Bolognese, Basics 300g;£0.80/unit;£2.67/kg;meals-for-1-ready-meals;92;4.9;12.9;2.6;1.8;0.8;2.1;0.49
sainsburys-spaghetti-bolognese--basics-400g;Sainsbury's Spaghetti Bolognese, Basics 400g;£1.00/unit;£2.50/kg;frozen-ready-meals;112;6.4;15.8;3.0;2.2;0.8;1.8;0.40
sainsburys-spaghetti-bolognese--taste-the-difference-400g-6305687-p-44;Sainsbury's Spaghetti Bolognese, Taste the Difference 400g;£3.30/unit;£8.25/kg;italian-ready-meals;188;15.2;14.0;1.9;7.6;2.2;1.3;0.25
sainsburys-spaghetti-bolognese--taste-the-difference-400g-6305687-p-44;Sainsbury's Spaghetti Bolognese, Taste the Difference 400g;£3.30/unit;£8.25/kg;meals-for-1-ready-meals;188;15.2;14.0;1.9;7.6;2.2;1.3;0.25
sainsburys-spaghetti-bolognese--taste-the-difference-400g-6305687-p-44;Sainsbury's Spaghetti Bolognese, Taste the Difference 400g;£3.30/unit;£8.25/kg;taste-the-difference-bistro-ready-meals;188;15.2;14.0;1.9;7.6;2.2;1.3;0.25
sainsburys-spaghetti-bolognese-430g;Sainsbury's Spaghetti Bolognese 430g;£2.30/unit;£5.35/kg;italian-ready-meals;132;6.8;9.1;3.6;6.2;2.8;6.0;0.53
sainsburys-spaghetti-bolognese-430g;Sainsbury's Spaghetti Bolognese 430g;£2.30/unit;£5.35/kg;meals-for-1-ready-meals;132;6.8;9.1;3.6;6.2;2.8;6.0;0.53
sainsburys-spaghetti-carbonara-430g;Sainsbury's Spaghetti Carbonara 430g;£2.30/unit;£5.35/kg;italian-ready-meals;164;7.4;13.3;1.9;7.8;3.8;5.6;0.60
sainsburys-spaghetti-carbonara-430g;Sainsbury's Spaghetti Carbonara 430g;£2.30/unit;£5.35/kg;meals-for-1-ready-meals;164;7.4;13.3;1.9;7.8;3.8;5.6;0.60
sainsburys-spaghetti-meatballs-430g;Sainsbury's Spaghetti Meatballs 430g;£2.30/unit;£5.35/kg;italian-ready-meals;130;5.9;10.2;2.8;6.4;1.6;4.4;0.40
sainsburys-spaghetti-meatballs-430g;Sainsbury's Spaghetti Meatballs 430g;£2.30/unit;£5.35/kg;meals-for-1-ready-meals;130;5.9;10.2;2.8;6.4;1.6;4.4;0.40
sainsburys-spainish-olive-oil--extra-virgin-500ml;Sainsbury's Spanish Olive Oil, Extra Virgin 500ml;£2.90/unit;£0.58/100ml;oils;823;0;0;0;91.4;13.1;0;
sainsburys-spanish-brandy-70cl;Sainsbury's Spanish Brandy 70cl;£14.00/unit;£20.00/ltr;brandy-cognac;204;0.5;-1;-1;0.5;0.1;0.5;0.01
sainsburys-spanish-chorizo-180g;Sainsbury's Spanish Chorizo Slices 180g;£2.00/unit;£1.11/100g;continental-meats;338;21.0;3.0;1.8;26.7;10.4;1.0;3.58
sainsburys-spanish-chorizo-70g;Sainsbury's Spanish Chorizo Slices 70g;£1.00/unit;£1.43/100g;continental-meats;338;21.0;3.0;1.8;26.7;10.4;1.0;3.58
sainsburys-spanish-forest-honey--taste-the-difference-340g;Sainsbury's Spanish Forest Honey, Taste the Difference 340g;£2.80/unit;£0.82/100g;honey;329;0.5;82;81;0.5;0.2;0.5;0.03
sainsburys-spanish-manchego--taste-the-difference-170g;Sainsbury's Spanish Manchego, Taste the Difference 170g;£2.60/unit;£15.29/kg;cheeseboard-delights;460;25.6;0.5;0.5;39.5;22.1;0.5;2.30
sainsburys-spanish-manchego--taste-the-difference-170g;Sainsbury's Spanish Manchego, Taste the Difference 170g;£2.60/unit;£15.29/kg;healthier-choice-special-diet-cheese;460;25.6;0.5;0.5;39.5;22.1;0.5;2.30
sainsburys-spanish-manchego--taste-the-difference-170g;Sainsbury's Spanish Manchego, Taste the Difference 170g;£2.60/unit;£15.29/kg;organic-taste-the-difference-cheese;460;25.6;0.5;0.5;39.5;22.1;0.5;2.30
sainsburys-spanish-platter-90g;Sainsbury's Spanish Platter 90g;£2.50/unit;£2.78/100g;olives-tapas-antipasti;338;21.0;3.0;1.8;26.7;10.4;1.0;3.58
sainsburys-spanish-selection-120g;Sainsbury's Spanish Tapas Selection 120g;£2.75/unit;£2.29/100g;continental-meats;338;21.0;3.0;1.8;26.7;10.4;1.0;3.58
sainsburys-spanish-selection-120g;Sainsbury's Spanish Tapas Selection 120g;£2.75/unit;£2.29/100g;olives-tapas-antipasti;338;21.0;3.0;1.8;26.7;10.4;1.0;3.58
sainsburys-spanish-sherry-vinegar-375ml;Sainsbury's Spanish Sherry Vinegar 375ml;£1.60/unit;£4.27/ltr;vinegar;47;2.2;2.4;2.4;0.5;0.1;0.5;0.01
sainsburys-spanish-smoked-chorizo-170g;Sainsbury's Smoked Chorizo 170g;£3.00/unit;£1.76/100g;continental-meats;475;22.6;3.2;0.9;40.8;15.5;2.3;3.39
sainsburys-spanish-smoked-chorizo-170g;Sainsbury's Smoked Chorizo 170g;£3.00/unit;£1.76/100g;mfp-continental-meats;475;22.6;3.2;0.9;40.8;15.5;2.3;3.39
sainsburys-sparkling-apple-presse--taste-the-difference-500ml;Sainsbury's Sparkling Apple Presse, Taste the Difference 500ml;£1.90/unit;£0.38/100ml;adult-soft-drinks;36;0.5;8.0;8.0;0.5;0.1;0.6;0.05
sainsburys-sparkling-pinot-ros%C3%A9--taste-the-difference-75cl;Sainsbury's Sparkling Pinot Rosé, Taste the Difference 75cl;£10.00/unit;£10.00/75cl;sparkling-wine;63;-1;-1;1.5;-1;-1;-1;-1
sainsburys-sparkling-water--basics-2l;Sainsbury's Sparkling Water, Basics 2L;£0.20/unit;£0.01/100ml;sparkling-water;Per 100g nutrition not found
sainsburys-special-fried-rice-250g;Sainsbury's Special Fried Rice 250g;£1.50/unit;£6.00/kg;meals-for-1-ready-meals;164;6.6;21.1;0.5;5.4;0.7;2.6;0.55
sainsburys-special-fried-rice-250g;Sainsbury's Special Fried Rice 250g;£1.50/unit;£6.00/kg;oriental-ready-meals;164;6.6;21.1;0.5;5.4;0.7;2.6;0.55
sainsburys-special-mixed-vegetables-1kg;Sainsbury's Special Mixed Vegetables 1kg;£1.40/unit;£1.40/kg;frozen-vegetables;67;3.4;8.9;2.8;1.1;0.2;3.7;0.08
sainsburys-spiced-cranberry-presse-750ml;Sainsbury's Spiced Cranberry Presse 750ml;£1.70/unit;£0.23/100ml;adult-soft-drinks;4210;0.5;1.7;1.7;0.5;0.1;0.5;0.01;
sainsburys-spiced-fruit-muffins-taste-the-difference-x4;Sainsbury's Spiced Fruit Muffins, Taste the Difference x4;£1.50/unit;£0.38/ea;crumpets-breakfast-muffins-pancakes;285;8.7;47.5;19.3;6.0;3.4;3.2;0.58
sainsburys-spicy-3-bean-enchilada-450g;Sainsbury's Spicy 3 Bean Enchilada 450g;£3.00/unit;£6.67/kg;meals-for-1-ready-meals;143;4.8;19.6;4.1;4.1;1.3;4.1;0.46
sainsburys-spicy-3-bean-enchilada-450g;Sainsbury's Spicy 3 Bean Enchilada 450g;£3.00/unit;£6.67/kg;mexican-caribbean-american-ready-meals;143;4.8;19.6;4.1;4.1;1.3;4.1;0.46
sainsburys-spicy-bean-burgers-x4-454g;Sainsbury's Spicy Bean Burgers x4 454g;£1.80/unit;£3.96/kg;meat-free-vegetarian;213;5.1;23.8;2.4;9.4;0.7;6.2;0.68
sainsburys-spicy-butternut-squash-samosa--taste-the-difference-210g;Sainsbury's Spicy Butternut Squash Samosa, Taste the Difference 210g;£2.00/unit;£9.52/kg;indian-ready-meals;250;3.2;36.2;18.4;10.0;2.9;1.4;1.28
sainsburys-spicy-butternut-squash-samosa--taste-the-difference-210g;Sainsbury's Spicy Butternut Squash Samosa, Taste the Difference 210g;£2.00/unit;£9.52/kg;taste-the-difference-bistro-ready-meals;250;3.2;36.2;18.4;10.0;2.9;1.4;1.28
sainsburys-spicy-chicken-pasta-300g;Sainsbury's Spicy Chicken Pasta Salad 300g;£2.00/unit;£0.67/100g;coleslaw-salads;145;6.9;23.8;5.7;1.9;0.3;2.5;0.36
sainsburys-spicy-chicken-pasta-300g;Sainsbury's Spicy Chicken Pasta Salad 300g;£2.00/unit;£0.67/100g;lunchtime-snacks;145;6.9;23.8;5.7;1.9;0.3;2.5;0.36
sainsburys-spicy-chicken-pasta-300g;Sainsbury's Spicy Chicken Pasta Salad 300g;£2.00/unit;£0.67/100g;prepared-salad-herbs;145;6.9;23.8;5.7;1.9;0.3;2.5;0.36
sainsburys-spicy-chorizo-ring-225g;Sainsbury's Spanish Chorizo Ring 225g;£2.50/unit;£1.11/100g;continental-meats;481;22.4;0.9;0.6;43.1;14.8;0.5;3.70
sainsburys-spicy-chorizo-ring-225g;Sainsbury's Spanish Chorizo Ring 225g;£2.50/unit;£1.11/100g;cooks-ingredients-85658-44;481;22.4;0.9;0.6;43.1;14.8;0.5;3.70
sainsburys-spicy-chorizo-ring-225g;Sainsbury's Spanish Chorizo Ring 225g;£2.50/unit;£1.11/100g;cooks-ingredients;481;22.4;0.9;0.6;43.1;14.8;0.5;3.70
sainsburys-spicy-chorizo-ring-225g;Sainsbury's Spanish Chorizo Ring 225g;£2.50/unit;£1.11/100g;mfp-continental-meats;481;22.4;0.9;0.6;43.1;14.8;0.5;3.70
sainsburys-spicy-chorizo-ring-225g;Sainsbury's Spanish Chorizo Ring 225g;£2.50/unit;£1.11/100g;snacking-cooked-sausage;481;22.4;0.9;0.6;43.1;14.8;0.5;3.70
sainsburys-spicy-lamb-patties--taste-the-difference-240g;Sainsbury's Spicy Lamb Patties, Taste the Difference 240g;£2.40/unit;£10.21/kg;indian-ready-meals;197;2.3;3.6;1.6;19.0;1.3;1.2;0.30
sainsburys-spicy-lamb-patties--taste-the-difference-240g;Sainsbury's Spicy Lamb Patties, Taste the Difference 240g;£2.40/unit;£10.21/kg;taste-the-difference-bistro-ready-meals;197;2.3;3.6;1.6;19.0;1.3;1.2;0.30
sainsburys-spicy-pepperoni-pasta-melt-800g;Sainsbury's Spicy Pepperoni Pasta Melt 800g;£4.00/unit;£5.00/kg;italian-ready-meals;171;6.3;20.7;3.4;6.7;2.3;1.5;0.65
sainsburys-spinach---riccotta-cannelloni-430g;Sainsbury's Spinach & Riccotta Cannelloni 430g;£2.30/unit;£5.35/kg;italian-ready-meals;132;5.3;8.8;4.6;7.5;3.9;3.8;0.53
sainsburys-spinach---riccotta-cannelloni-430g;Sainsbury's Spinach & Riccotta Cannelloni 430g;£2.30/unit;£5.35/kg;meals-for-1-ready-meals;132;5.3;8.8;4.6;7.5;3.9;3.8;0.53
sainsburys-spinach---ricotta-cannelloni--be-good-to-yourself-400g;Sainsbury's Spinach & Ricotta Cannelloni, Be Good To Yourself 400g;£2.40/unit;£6.00/kg;healthier-choice-ready-meals;85;4.1;10.6;3.5;2.5;1.4;1.6;0.45
sainsburys-spinach---ricotta-cannelloni--be-good-to-yourself-400g;Sainsbury's Spinach & Ricotta Cannelloni, Be Good To Yourself 400g;£2.40/unit;£6.00/kg;italian-ready-meals;85;4.1;10.6;3.5;2.5;1.4;1.6;0.45
sainsburys-spinach---ricotta-cannelloni--be-good-to-yourself-400g;Sainsbury's Spinach & Ricotta Cannelloni, Be Good To Yourself 400g;£2.40/unit;£6.00/kg;meals-for-1-ready-meals;85;4.1;10.6;3.5;2.5;1.4;1.6;0.45
sainsburys-spinach---ricotta-cannelloni--be-good-to-yourself-400g;Sainsbury's Spinach & Ricotta Cannelloni, Be Good To Yourself 400g;£2.40/unit;£6.00/kg;vegetarian-meat-free-ready-meals;85;4.1;10.6;3.5;2.5;1.4;1.6;0.45
sainsburys-spinach---ricotta-sauce-350g;Sainsbury's Spinach & Ricotta Sauce 350g;£1.40/unit;£0.40/100g;fresh-pasta-sauces;81;3.5;3.0;1.7;5.8;3.7;1.3;0.38
sainsburys-spinach---ricotta-sauce-350g;Sainsbury's Spinach & Ricotta Sauce 350g;£1.40/unit;£0.40/100g;vegetarian-meat-free-pizza-pasta;81;3.5;3.0;1.7;5.8;3.7;1.3;0.38
sainsburys-sponge-fingers-175g;Sainsbury's Sponge Fingers 175g;£0.80/unit;£0.46/100g;meringues-bases;398;7.7;82.7;59.2;4.0;1.0;1.7;0.18
sainsburys-spotted-dick-2x110g;Sainsbury's Spotted Dick 2x110g;£1.75/unit;£0.80/100g;desserts;351;4.0;49.0;28.7;14.5;8.1;4.3;0.25
sainsburys-spotted-dick-sponge-pudding-120g;Sainsbury's Spotted Dick Sponge Pudding 120g;£0.65/unit;£0.54/100g;rice-sponge-pudding;329;2.8;45.5;28.7;14.6;3.8;2.2;0.40
sainsburys-spotty-dotty-240ml;Sainsbury's Spotty Dotty Ice Cream Lollies x4 240ml;£1.30/unit;£0.54/100ml;lollies-bars-cones;315;1.8;40;30;17;11;0.5;0.14
sainsburys-spreadable-brussels-p%C3%A2t%C3%A9--be-good-to-yourself-175g;Sainsbury's Spreadable Brussels Pâté, Be Good To Yourself 175g;£0.70/unit;£0.40/100g;mfp-pate;201;10.7;3.8;2.3;15.9;4.9;0.5;1.68
sainsburys-spreadable-brussels-p%C3%A2t%C3%A9--be-good-to-yourself-175g;Sainsbury's Spreadable Brussels Pâté, Be Good To Yourself 175g;£0.70/unit;£0.40/100g;pate;201;10.7;3.8;2.3;15.9;4.9;0.5;1.68
sainsburys-spring-onions-165g;Sainsbury's Spring Onions 165g;£1.25/unit;£0.76/100g;onions-leeks-garlic;28;2.0;3.0;2.8;0.5;0.1;1.5;0.00
sainsburys-spring-onions-165g;Sainsbury's Spring Onions 165g;£1.25/unit;£0.76/100g;spring-onions-radish-beetroot;28;2.0;3.0;2.8;0.5;0.1;1.5;0.00
sainsburys-sprinkle-top-ice-lollies-8x40ml;Sainsbury's Sprinkle Top Ice Lollies 8x40ml;£1.30/unit;£0.41/100ml;lollies-bars-cones;108;0.5;24.5;22.2;1.0;0.4;0.5;0.10
sainsburys-squeezy-chocolate-sauce-300g;Sainsbury's Squeezy Chocolate Sauce 300g;£1.50/unit;£0.50/100g;sauces-toppings;339;2.5;59.0;40.0;10.0;6.2;1.6;
sainsburys-squeezy-chocolate-sauce-300g;Sainsbury's Squeezy Chocolate Sauce 300g;£1.50/unit;£0.50/100g;wafers-sauces-toppings;339;2.5;59.0;40.0;10.0;6.2;1.6;
sainsburys-squeezy-toffee-sauce-310g;Sainsbury's Squeezy Toffee Sauce 310g;£1.50/unit;£0.48/100g;sauces-toppings;349;1.9;73.6;60.8;5.1;4.2;0.6;0.42
sainsburys-squeezy-toffee-sauce-310g;Sainsbury's Squeezy Toffee Sauce 310g;£1.50/unit;£0.48/100g;wafers-sauces-toppings;349;1.9;73.6;60.8;5.1;4.2;0.6;0.42
sainsburys-squid-rings--taste-the-difference-300g;Sainsbury's Squid Rings, Taste the Difference 300g;£5.00/unit;£16.67/kg;frozen-fish-seafood;90;17.9;0.5;0.5;1.8;0.2;0.5;0.40
sainsburys-st-helens-farm-goats-cheese-240g;Sainsbury's St Helens Farm Goats Cheese 240g;£3.40/unit;£14.17/kg;healthier-choice-special-diet-cheese;348;22.1;0.5;0.5;28.7;18.8;0.5;1.78
sainsburys-steak---ale--taste-the-difference-400g;Sainsbury's Steak & Ale, Taste the Difference 400g;£3.30/unit;£8.25/kg;british-ready-meals;183;9.9;15.4;1.2;8.8;3.6;1.6;0.87
sainsburys-steak---ale--taste-the-difference-400g;Sainsbury's Steak & Ale, Taste the Difference 400g;£3.30/unit;£8.25/kg;meals-for-1-ready-meals;183;9.9;15.4;1.2;8.8;3.6;1.6;0.87
sainsburys-steak---ale--taste-the-difference-400g;Sainsbury's Steak & Ale, Taste the Difference 400g;£3.30/unit;£8.25/kg;taste-the-difference-bistro-ready-meals;183;9.9;15.4;1.2;8.8;3.6;1.6;0.87
sainsburys-steak---ale-pie--taste-the-difference-250g;Sainsbury's Steak & Ale Pie, Taste the Difference 250g;£3.00/unit;£1.20/100g;hot-cold-pies;302;9.2;25.2;1.6;18.0;9.5;1.6;0.51
sainsburys-steak---ale-puff-pastry-pie-550g;Sainsbury's Steak & Ale Puff Pastry Pie 550g;£3.60/unit;£0.65/100g;british-ready-meals;253;9.5;22.7;0.7;13.6;6.0;0.9;0.48
sainsburys-steak---ale-puff-pastry-pie-550g;Sainsbury's Steak & Ale Puff Pastry Pie 550g;£3.60/unit;£0.65/100g;hot-cold-pies;253;9.5;22.7;0.7;13.6;6.0;0.9;0.48
sainsburys-steak---guiness-puff-pastry-pie-235g;Sainsbury's Steak & Ale Puff Pastry Pie 235g;£2.00/unit;£0.85/100g;hot-cold-pies;263;8.6;22.6;1.3;15.0;6.6;1.4;0.73
sainsburys-steak---kidney-pies-x4-600g;Sainsbury's Steak & Kidney Pies x4 600g;£2.00/unit;£0.33/100g;frozen-pies;210;8.5;22.4;1.8;9.3;4.4;1.4;0.57
sainsburys-steak---kidney-pudding--suet-pastry-190g;Sainsbury's Steak & Kidney Pudding, Suet Pastry 190g;£1.80/unit;£0.95/100g;hot-cold-pies;245;11.5;19.2;0.8;13.3;6.7;1.1;0.68
sainsburys-steak---kidney-puff-pastry-pie-150g;Sainsbury's Steak & Kidney Puff Pastry Pie 150g;£0.70/unit;£0.47/100g;hot-cold-pies;252;9.3;22.4;3.5;13.4;5.6;2.4;0.68
sainsburys-steak---kidney-shortcrust-pastry-pie-235g;Sainsbury's Steak & Kidney Shortcrust Pastry Pie 235g;£2.00/unit;£0.85/100g;hot-cold-pies;289;8.7;28.0;0.8;15.5;6.2;1.2;0.50
sainsburys-steak-au-poivre--taste-the-difference-450g-7332042-p-44;Sainsbury's Steak Au Poivre, Taste the Difference 450g;£3.30/unit;£7.33/kg;meals-for-1-ready-meals;128;7.0;11.6;1.9;5.2;2.7;3.5;0.65
sainsburys-steak-au-poivre--taste-the-difference-450g-7332042-p-44;Sainsbury's Steak Au Poivre, Taste the Difference 450g;£3.30/unit;£7.33/kg;mediterranean-other-cuisine-ready-meals;128;7.0;11.6;1.9;5.2;2.7;3.5;0.65
sainsburys-steak-au-poivre--taste-the-difference-450g-7332042-p-44;Sainsbury's Steak Au Poivre, Taste the Difference 450g;£3.30/unit;£7.33/kg;taste-the-difference-bistro-ready-meals;128;7.0;11.6;1.9;5.2;2.7;3.5;0.65
sainsburys-steak-cut-chips-18kg;Sainsbury's Steak Cut Chips 1.8kg;£1.80/unit;£1.00/kg;chips-potatoes;176;3.4;24.5;0.5;6.0;0.7;5.1;0.14
sainsburys-steak-cut-chips-900g;Sainsbury's Steak Cut Chips 900g;£1.00/unit;£1.11/kg;chips-potatoes;176;3.4;24.5;0.5;6.0;0.7;5.1;0.14
sainsburys-steak-family-pie-700g;Sainsbury's Steak Family Pie 700g;£2.80/unit;£0.40/100g;frozen-pies;227;9.9;24.1;0.9;9.7;3.6;1.9;0.63
sainsburys-steak-hache-burger--taste-the-difference-340g;Sainsbury's Steak Hache Burger, Taste the Difference x2 340g;£2.50/unit;£7.36/kg;beef;155;22.2;3.5;0.5;5.6;2.5;0.6;0.90
sainsburys-steak-hache-burger--taste-the-difference-340g;Sainsbury's Steak Hache Burger, Taste the Difference x2 340g;£2.50/unit;£7.36/kg;organic-taste-the-difference;155;22.2;3.5;0.5;5.6;2.5;0.6;0.90
sainsburys-steak-pie--taste-the-difference-250g;Sainsbury's Steak Pie, Taste the Difference 250g;£3.00/unit;£1.20/100g;hot-cold-pies;282;11.3;22.0;1.7;16.2;8.9;1.4;0.48
sainsburys-steak-pies-x4-600g;Sainsbury's Steak Pies x4 600g;£2.00/unit;£0.33/100g;frozen-pies;217;9.6;23.6;1.6;9.1;4.2;1.1;0.64
sainsburys-steak-puff-pastry-pie-150g;Sainsbury's Steak Puff Pastry Pie 150g;£0.70/unit;£0.47/100g;hot-cold-pies;259;9.6;23.1;2.9;13.8;5.7;1.7;0.74
sainsburys-steak-puff-pastry-pie-235g;Sainsbury's Steak Puff Pastry Pie 235g;£2.00/unit;£0.85/100g;hot-cold-pies;275;10.9;21.8;1.4;15.7;7.3;1.5;0.75
sainsburys-steak-puff-pastry-pie-550g;Sainsbury's Steak Puff Pastry Pie 550g;£3.60/unit;£0.65/100g;british-ready-meals;280;9.8;22.6;0.8;16.4;6.9;1.3;0.63
sainsburys-steak-puff-pastry-pie-550g;Sainsbury's Steak Puff Pastry Pie 550g;£3.60/unit;£0.65/100g;hot-cold-pies;280;9.8;22.6;0.8;16.4;6.9;1.3;0.63
sainsburys-steak-shortcrust-pastry-pie-235g;Sainsbury's Steak Shortcrust Pastry Pie 235g;£2.00/unit;£0.85/100g;hot-cold-pies;280;11.0;22.9;1.5;15.7;6.8;1.4;0.65
sainsburys-steak-shortcrust-pastry-pie-550g;Sainsbury's Steak Deep Filled Shortcrust Pastry Pie 550g;£3.60/unit;£0.65/100g;british-ready-meals;327;11.5;27.9;1.1;18.5;7.3;1.6;0.55
sainsburys-steak-shortcrust-pastry-pie-550g;Sainsbury's Steak Deep Filled Shortcrust Pastry Pie 550g;£3.60/unit;£0.65/100g;hot-cold-pies;327;11.5;27.9;1.1;18.5;7.3;1.6;0.55
sainsburys-steak-slice-180g;Sainsbury's Steak Slice 180g;£1.00/unit;£0.56/100g;lunchtime-snacks;246;9.1;22.2;2.2;12.9;5.9;2.3;0.73
sainsburys-steak-slice-180g;Sainsbury's Steak Slice 180g;£1.00/unit;£0.56/100g;slices-pasties;246;9.1;22.2;2.2;12.9;5.9;2.3;0.73
sainsburys-steak-slices-x2-320g;Sainsbury's Steak Slices x2 320g;£1.50/unit;£0.47/100g;frozen-pies;251;7.8;26.6;1.6;12.1;5.7;2.3;0.68
sainsburys-steak-slices-x2-320g;Sainsbury's Steak Slices x2 320g;£1.50/unit;£0.47/100g;frozen-snacks;251;7.8;26.6;1.6;12.1;5.7;2.3;0.68
sainsburys-steak-slices-x2-330g;Sainsbury's Steak Slices x2 330g;£1.80/unit;£0.55/100g;slices-pasties;251;9.2;23.5;3.6;12.9;5.8;1.8;0.73
sainsburys-steamed-dim-sum---dip-x9-210g;Sainsbury's Steamed Dim Sum & Dip x9 210g;£2.75/unit;£13.10/kg;oriental-ready-meals;159;4.4;21.9;1.4;5.5;2.3;2.2;0.95
sainsburys-steamed-dim-sum---dip-x9-210g;Sainsbury's Steamed Dim Sum & Dip x9 210g;£2.75/unit;£13.10/kg;potato-vegetable-side-dishes;159;4.4;21.9;1.4;5.5;2.3;2.2;0.95
sainsburys-steamed-egg-fried-rice-380g;Sainsbury's Steamed Egg Fried Rice 380g;£1.00/unit;£2.63/kg;frozen-rice;122;4.1;22.0;1.1;1.7;0.4;1.0;0.55
sainsburys-steamed-golden-rice-380g;Sainsbury's Steamed Golden Rice 380g;£1.00/unit;£2.63/kg;frozen-rice;111;3.0;21.0;3.6;1.1;0.2;2.3;0.52
sainsburys-steamed-mediterranean-vegetable-rice-380g;Sainsbury's Steamed Mediterranean Vegetable Rice 380g;£1.00/unit;£2.63/kg;frozen-rice;116;2.4;23.0;2.1;1.3;0.2;1.2;0.43
sainsburys-sticky-toffee-pudding--taste-the-difference-450g;Sainsbury's Sticky Toffee Pudding, Taste the Difference 450g;£3.75/unit;£0.83/100g;desserts;339;2.7;48;40;15;8.5;2.6;0.77
sainsburys-sticky-toffee-pudding-400g;Sainsbury's Sticky Toffee Pudding 400g;£2.75/unit;£0.69/100g;desserts;370;3.3;58;42;13;7.6;2.9;0.48
sainsburys-sticky-toffee-sponge-pudding-120g;Sainsbury's Sticky Toffee Sponge Pudding 120g;£0.65/unit;£0.54/100g;rice-sponge-pudding;331;2.1;44.0;32.5;15.8;6.0;2.1;0.58
sainsburys-stilton--so-organic-200g;Sainsbury's Stilton, SO Organic 200g;£2.50/unit;£12.50/kg;cheddar-british-regional-cheese;410;23.7;0.5;0.5;35.0;23.0;0.5;2.00
sainsburys-stilton--so-organic-200g;Sainsbury's Stilton, SO Organic 200g;£2.50/unit;£12.50/kg;cheeseboard-delights;410;23.7;0.5;0.5;35.0;23.0;0.5;2.00
sainsburys-stilton--so-organic-200g;Sainsbury's Stilton, SO Organic 200g;£2.50/unit;£12.50/kg;organic-taste-the-difference-cheese;410;23.7;0.5;0.5;35.0;23.0;0.5;2.00
sainsburys-stir-fry--basics-700g;Sainsbury's Stir Fry, Basics 700g;£1.00/unit;£1.43/kg;asian-ingredients;44;1.4;4.5;3.9;1.8;0.2;2.2;0.10
sainsburys-stir-fry--basics-700g;Sainsbury's Stir Fry, Basics 700g;£1.00/unit;£1.43/kg;fresh-vegetables-stir-fry;44;1.4;4.5;3.9;1.8;0.2;2.2;0.10
sainsburys-stir-fry--basics-700g;Sainsbury's Stir Fry, Basics 700g;£1.00/unit;£1.43/kg;fresh-vegetables-world-exotic;44;1.4;4.5;3.9;1.8;0.2;2.2;0.10
sainsburys-stir-fry--basics-700g;Sainsbury's Stir Fry, Basics 700g;£1.00/unit;£1.43/kg;prepared-stir-fry;44;1.4;4.5;3.9;1.8;0.2;2.2;0.10
sainsburys-stir-fry--basics-700g;Sainsbury's Stir Fry, Basics 700g;£1.00/unit;£1.43/kg;prepared-vegetables;44;1.4;4.5;3.9;1.8;0.2;2.2;0.10
sainsburys-stir-fry-oil-250ml;Sainsbury's Stir Fry Oil 250ml;£1.30/unit;£0.52/100ml;oils;3408829;0.5;0.5;0.5;92.1;10.5;0.5;0.01
sainsburys-stir-fry-vegetables-230g;Sainsbury's Stir Fry Vegetables 230g;£2.00/unit;£8.70/kg;asian-ingredients;66;3.4;5.5;3.4;2.9;0.2;2.3;0.13
sainsburys-stir-fry-vegetables-230g;Sainsbury's Stir Fry Vegetables 230g;£2.00/unit;£8.70/kg;fresh-vegetables-stir-fry;66;3.4;5.5;3.4;2.9;0.2;2.3;0.13
sainsburys-stir-fry-vegetables-230g;Sainsbury's Stir Fry Vegetables 230g;£2.00/unit;£8.70/kg;fresh-vegetables-world-exotic;66;3.4;5.5;3.4;2.9;0.2;2.3;0.13
sainsburys-stir-fry-vegetables-230g;Sainsbury's Stir Fry Vegetables 230g;£2.00/unit;£8.70/kg;prepared-stir-fry;66;3.4;5.5;3.4;2.9;0.2;2.3;0.13
sainsburys-stir-fry-vegetables-230g;Sainsbury's Stir Fry Vegetables 230g;£2.00/unit;£8.70/kg;prepared-vegetables;66;3.4;5.5;3.4;2.9;0.2;2.3;0.13
sainsburys-stir-fry-vegetables-650g;Sainsbury's Stir Fry Vegetables 650g;£1.50/unit;£2.31/kg;frozen-vegetables;58;0.9;6.7;4.0;2.3;1.4;3.5;0.05
sainsburys-stock-concentrate-300g;Sainsbury's Stock Concentrate 300g;£2.00/unit;£0.67/100g;stock---gravy;53;7.0;3.6;1.0;1.1;0.1;0.5;0.50
sainsburys-stonebaked-chicken---pesto-pizza-10;Sainsbury's Stonebaked Chicken & Pesto Pizza 10'' 325g;£2.00/unit;£6.15/kg;pizza;249;13.1;28.8;3.4;8.4;3.4;2.8;1.25
sainsburys-stonebaked-ham---pineapple-pizza-10;Sainsbury's Stonebaked Ham & Pineapple Pizza 10'' 305g;£2.00/unit;£6.56/kg;pizza;241;13.4;31.1;3.9;6.5;3.4;2.3;1.25
sainsburys-stonebaked-hot---spicy-pizza-12;Sainsbury's Stonebaked Hot & Spicy Pizza 12'' 445g;£3.50/unit;£7.78/kg;pizza;276;13.4;31.8;4.1;9.9;4.5;2.9;1.43
sainsburys-stonebaked-margherita-pizza-10;Sainsbury's Stonebaked Margherita Pizza 10'' 290g;£2.00/unit;£6.89/kg;pizza;258;12.4;32.2;3.5;8.1;4.3;3.5;1.27
sainsburys-stonebaked-margherita-pizza-10;Sainsbury's Stonebaked Margherita Pizza 10'' 290g;£2.00/unit;£6.89/kg;vegetarian-meat-free-pizza-pasta;258;12.4;32.2;3.5;8.1;4.3;3.5;1.27
sainsburys-stonebaked-margherita-pizza-12;Sainsbury's Stonebaked Margherita Pizza 12'' 415g;£3.50/unit;£8.43/kg;pizza;277;13.6;34.6;3.5;8.7;4.6;2.8;1.25
sainsburys-stonebaked-margherita-pizza-12;Sainsbury's Stonebaked Margherita Pizza 12'' 415g;£3.50/unit;£8.43/kg;vegetarian-meat-free-pizza-pasta;277;13.6;34.6;3.5;8.7;4.6;2.8;1.25
sainsburys-stonebaked-pepperoni-10-pizza;Sainsbury's Stonebaked Pepperoni Pizza 10'' 330g;£2.00/unit;£6.15/kg;pizza;275;12.1;28.3;3.8;12.0;5.2;2.6;1.50
sainsburys-stonebaked-pepperoni-pizza-12;Sainsbury's Stonebaked Pepperoni Pizza 12'' 455g;£3.50/unit;£7.69/kg;pizza;292;13.2;29.2;3.7;12.9;5.6;3.1;1.58
sainsburys-stonebaked-pizza-bases-x2;Sainsbury's Stonebaked Pizza Bases x2;£1.50/unit;£4.69/kg;pizza;267;9.2;51.2;3.0;2.1;0.3;3.3;0.95
sainsburys-stonebaked-spinach---ricotta-pizza-10;Sainsbury's Stonebaked Spinach & Ricotta Pizza 10'' 320g;£2.00/unit;£6.25/kg;pizza;250;11.4;28.3;3.4;9.5;4.4;3.1;1.10
sainsburys-stonebaked-spinach---ricotta-pizza-10;Sainsbury's Stonebaked Spinach & Ricotta Pizza 10'' 320g;£2.00/unit;£6.25/kg;vegetarian-meat-free-pizza-pasta;250;11.4;28.3;3.4;9.5;4.4;3.1;1.10
sainsburys-straight-cut-chips-18-kg;Sainsbury's Straight Cut Chips 1.8 Kg;£1.80/unit;£1.00/kg;chips-potatoes;197;3.4;35.8;0.5;4.2;0.5;1.3;0.11
sainsburys-straight-cut-chips-900g;Sainsbury's Straight Cut Chips 900g;£1.00/unit;£1.11/kg;chips-potatoes;197;3.4;35.8;0.5;4.2;0.5;1.3;0.11
sainsburys-straight-cut-oven-chips--be-good-to-yourself-900g;Sainsbury's Straight Cut Oven Chips, Be Good To Yourself 900g;£1.00/unit;£1.11/kg;chips-potatoes;151;3.0;27.7;0.9;2.4;0.3;3.7;0.13
sainsburys-strawberries--basics-250g;Sainsbury's Strawberries, Basics 250g;£1.10/unit;£4.40/kg;berries-cherries-currants;33;0.6;6.1;6.1;0.5;0.1;1.0;0.01
sainsburys-strawberries--taste-the-difference-227g;Sainsbury's Strawberries, Taste the Difference 227g;£2.50/unit;£11.01/kg;berries-cherries-currants;30;0.8;6.0;6.0;0.5;0.1;1.1;0.02
sainsburys-strawberries--taste-the-difference-227g;Sainsbury's Strawberries, Taste the Difference 227g;£2.50/unit;£11.01/kg;fruit-vegetables-organic-taste-the-difference;30;0.8;6.0;6.0;0.5;0.1;1.1;0.02
sainsburys-strawberry---banana-smoothie-1l-7721131-p-44;Sainsbury's Strawberry & Banana Smoothie 1L;£2.00/unit;£0.20/100ml;chilled-smoothies;51;0.5;11.6;10.9;0.5;0.1;1.0;0.01
sainsburys-strawberry---banana-smoothie-480g;Sainsbury's Strawberry & Banana Smoothie Mix 480g;£2.20/unit;£0.00/kg;desserts-fruit;45;0.9;9.4;9.0;0.5;0.1;1.1;0.01
sainsburys-strawberry---banana-smoothie-480g;Sainsbury's Strawberry & Banana Smoothie Mix 480g;£2.20/unit;£0.00/kg;frozen-fruit;45;0.9;9.4;9.0;0.5;0.1;1.1;0.01
sainsburys-strawberry---banana-smoothie-4x180ml;Sainsbury's Kids Berries & Banana Smoothie 4x180ml;£2.25/unit;£0.31/100ml;chilled-smoothies;54;0.6;11.7;11.7;0.1;0;0.8;
sainsburys-strawberry---champagne-yogurt--taste-the-difference-150g;Sainsbury's Strawberry & Champagne Yogurt, Taste the Difference 150g;£0.75/unit;£0.50/100g;luxury-yogurts;127;3.0;12.4;12.4;7.2;5.0;0.5;0.08
sainsburys-strawberry---cream-ice-cream-900ml;Sainsbury's Strawberry & Cream Ice Cream 900ml;£2.00/unit;£0.22/100ml;ice-cream-tubs;684163;3.2;24.4;22.6;5.6;4.6;1.0;0.12
sainsburys-strawberry---kiwi-sparkling-flavoured-water-500ml;Sainsbury's Sparkling Flavoured Water, Strawberry & Kiwi 500ml;£0.40/unit;£0.08/100ml;flavoured-vitamin-water;2;0.5;0.5;0.5;0.5;0.1;0.5;0.01
sainsburys-strawberry---kiwi-sparkling-flavoured-water-500ml;Sainsbury's Sparkling Flavoured Water, Strawberry & Kiwi 500ml;£0.40/unit;£0.08/100ml;fruit-flavoured;2;0.5;0.5;0.5;0.5;0.1;0.5;0.01
sainsburys-strawberry---kiwi-sparkling-flavoured-water-500ml;Sainsbury's Sparkling Flavoured Water, Strawberry & Kiwi 500ml;£0.40/unit;£0.08/100ml;sparkling-water;2;0.5;0.5;0.5;0.5;0.1;0.5;0.01
sainsburys-strawberry---kiwi-sparkling-water-1l;Sainsbury's Sparkling Flavoured Water, Strawberry & Kiwi 1L;£0.60/unit;£0.06/100ml;flavoured-vitamin-water;2;0.5;0.5;0.5;0.5;0.1;0.5;0.01
sainsburys-strawberry---kiwi-sparkling-water-1l;Sainsbury's Sparkling Flavoured Water, Strawberry & Kiwi 1L;£0.60/unit;£0.06/100ml;fruit-flavoured;2;0.5;0.5;0.5;0.5;0.1;0.5;0.01
sainsburys-strawberry---kiwi-sparkling-water-1l;Sainsbury's Sparkling Flavoured Water, Strawberry & Kiwi 1L;£0.60/unit;£0.06/100ml;sparkling-water;2;0.5;0.5;0.5;0.5;0.1;0.5;0.01
sainsburys-strawberry---kiwi-still-flavoured-water-1l;Sainsbury's Still Flavoured Water, Strawberry & Kiwi 1L;£0.60/unit;£0.06/100ml;flavoured-vitamin-water;1;0.5;0.5;0.5;0.5;0.1;0.5;0.01
sainsburys-strawberry---kiwi-still-flavoured-water-1l;Sainsbury's Still Flavoured Water, Strawberry & Kiwi 1L;£0.60/unit;£0.06/100ml;still-water;1;0.5;0.5;0.5;0.5;0.1;0.5;0.01
sainsburys-strawberry---kiwi-still-flavoured-water-500ml;Sainsbury's Still Flavoured Water, Strawberry & Kiwi 500ml;£0.40/unit;£0.08/100ml;flavoured-vitamin-water;1;0.5;0.5;0.5;0.5;0.1;0.5;0.01
sainsburys-strawberry---kiwi-still-flavoured-water-500ml;Sainsbury's Still Flavoured Water, Strawberry & Kiwi 500ml;£0.40/unit;£0.08/100ml;still-water;1;0.5;0.5;0.5;0.5;0.1;0.5;0.01
sainsburys-strawberry---vanilla-cones-x4-440ml;Sainsbury's Ice Cream Cones, Strawberry & Vanilla 4x110ml;£1.00/unit;£0.23/100ml;lollies-bars-cones;251;2.8;41.2;23.7;8.0;6.7;1.3;0.19
sainsburys-strawberry---vanilla-sundae--taste-the-difference-126g;Sainsbury's Strawberry & Vanilla Sundae, Taste the Difference 126g;£1.50/unit;£1.19/100g;desserts;274;2.4;16.1;9.5;22.1;13.7;1.1;0.09
sainsburys-strawberry---vanilla-swiss-roll;Sainsbury's Strawberry & Vanilla Swiss Roll;£1.00/unit;£1.00/ea;sponge-slab-loaf-cakes;381;3.2;60.5;35.2;13.7;4.6;1.2;0.30
sainsburys-strawberry-cheesecake-510g-%28serves-6%29;Sainsbury's Strawberry Cheesecake 510g (serves 6);£2.00/unit;£0.39/100g;frozen-cold-desserts;260;3.6;31.4;18.7;13.0;6.6;1.5;0.24
sainsburys-strawberry-cheesecake-cupcakes--taste-the-difference-x2;Sainsbury's Strawberry Cheesecake Cupcakes, Taste the Difference x2;£2.00/unit;£0.99/100g;muffins-small-cakes;481;2.4;54.4;48.3;27.8;14.2;2.0;0.24
sainsburys-strawberry-cheesecake-slices--taste-the-difference-2x100g;Sainsbury's Strawberry Cheesecake Slices, Taste the Difference 2x100g;£2.50/unit;£1.25/100g;desserts;302;4.5;30.4;19.9;18.0;10.8;0.5;0.21
sainsburys-strawberry-cheesecakes-3x100g;Sainsbury's Strawberry Cheesecakes 3x100g;£2.00/unit;£0.67/100g;desserts;246;2.6;30.1;21.4;12.5;5.8;1.1;0.23
sainsburys-strawberry-conserve--so-organic-340g;Sainsbury's Strawberry Conserve, SO Organic 340g;£1.50/unit;£0.44/100g;jams---conserves;243;0.5;59;55;0.5;0.1;1.4;0.05
sainsburys-strawberry-conserve--taste-the-difference-340g;Sainsbury's Strawberry Conserve, Taste the Difference 340g;£1.50/unit;£0.44/100g;jams---conserves;252;0.5;60.9;57.8;0.6;0.3;0.9;0.13
sainsburys-strawberry-gateau-630g;Sainsbury's Strawberry Gateau 630g;£2.00/unit;£0.32/100g;frozen-cold-desserts;190;3.1;25.4;17.1;8.2;4.8;1.2;0.15
sainsburys-strawberry-granola-1kg;Sainsbury's Granola, Strawberry 1kg;£2.00/unit;£0.20/100g;bigger-packs;433;10.4;70.4;18.3;11.4;4.5;3.8;0.03
sainsburys-strawberry-jam--basics-454g;Sainsbury's Strawberry Jam, Basics 454g;£0.30/unit;£0.07/100g;jams---conserves;246;0.3;61.2;48.6;0;0;0.5;
sainsburys-strawberry-jam-454g;Sainsbury's Strawberry Jam 454g;£0.65/unit;£0.14/100g;jams---conserves;254;0.5;61.9;48.5;0.1;0;1.7;0.10
sainsburys-strawberry-sundae-140g;Sainsbury's Strawberry Sundae 140g;£1.10/unit;£0.79/100g;desserts;230;2.4;21.2;19.3;14.9;8.5;0.7;0.07
sainsburys-strawberry-swirl-cheesecake-125g;Sainsbury's Strawberry Swirl Cheesecake 125g;£1.10/unit;£0.88/100g;desserts;288;3.3;27.5;17.8;18.1;10.3;1.1;0.35
sainsburys-strawberry-trifle-600g;Sainsbury's Strawberry Trifle 600g;£2.50/unit;£0.42/100g;desserts;623149;1.8;19.3;16.6;7.0;4.5;0.7;0.25
sainsburys-strawberry-trifles-x4-125g;Sainsbury's Strawberry Trifles 4x125g;£2.00/unit;£0.40/100g;desserts;650155;1.7;20.0;16.1;7.4;4.7;0.8;0.22
sainsburys-strawberry-yogurt--basics-125g;Sainsbury's Strawberry Yogurt, Basics 125g;£0.20/unit;£0.16/100g;corners-everyday-yogurts;86;4.2;14;14;1.3;0.8;0.5;0.18
sainsburys-strawberry-yogurt--basics-125g;Sainsbury's Strawberry Yogurt, Basics 125g;£0.20/unit;£0.16/100g;diet-low-fat-yogurts;86;4.2;14;14;1.3;0.8;0.5;0.18
sainsburys-strawberry-yogurt-150g;Sainsbury's Fab Fruity Strawberry Yogurt 150g;£0.55/unit;£0.37/100g;corners-everyday-yogurts;87;4.7;14;13;1.2;0.8;0.5;0.15
sainsburys-strawberry-yogurt-150g;Sainsbury's Fab Fruity Strawberry Yogurt 150g;£0.55/unit;£0.37/100g;diet-low-fat-yogurts;87;4.7;14;13;1.2;0.8;0.5;0.15
sainsburys-stringless-beans-225g;Sainsbury's Stringless Beans 225g;£1.50/unit;£6.67/kg;peas-beans-sweetcorn-asparagus;29;1.9;3.2;2.3;0.5;0.1;2.2;0.00
sainsburys-stuffed-cheesy-nachos-180g;Sainsbury's Stuffed Cheesy Nachos 180g;£2.25/unit;£12.50/kg;mexican-caribbean-american-ready-meals;354;9.3;24.0;0.5;24.2;10.6;1.6;1.19
sainsburys-stuffed-cherry-peppers-170g;Sainsbury's Ricotta Stuffed Hot Cherry Peppers 170g;£3.25/unit;£1.91/100g;olives-tapas-antipasti;181;4.3;13.5;12.9;11.6;3.7;2.5;0.68
sainsburys-stuffed-vine-leaves-220g;Sainsbury's Stuffed Vine Leaves 220g;£2.30/unit;£1.05/100g;olives-antipasti;126;1.8;11.9;1.8;7.3;1.0;2.7;1.87
sainsburys-stuffing-topped-roast-chicken--taste-the-difference-135g;Sainsbury's Roast Chicken Stuffing Topped, Taste the Difference 135g;£3.30/unit;£2.44/100g;cooked-chicken-turkey;122;22.3;1.3;1.3;3.0;0.9;0.5;1.24
sainsburys-stuffing-topped-roast-chicken--taste-the-difference-135g;Sainsbury's Roast Chicken Stuffing Topped, Taste the Difference 135g;£3.30/unit;£2.44/100g;cooked-meats-taste-the-difference;122;22.3;1.3;1.3;3.0;0.9;0.5;1.24
sainsburys-stuffing-topped-roast-chicken--taste-the-difference-135g;Sainsbury's Roast Chicken Stuffing Topped, Taste the Difference 135g;£3.30/unit;£2.44/100g;mfp-cooked-chicken-turkey;122;22.3;1.3;1.3;3.0;0.9;0.5;1.24
sainsburys-stuffing-topped-roast-chicken--taste-the-difference-135g;Sainsbury's Roast Chicken Stuffing Topped, Taste the Difference 135g;£3.30/unit;£2.44/100g;mfp-cooked-meats-snacking-taste-the-difference;122;22.3;1.3;1.3;3.0;0.9;0.5;1.24
sainsburys-submarine-rolls-white-x2;Sainsbury's Submarine Rolls White x2;£0.75/unit;£0.38/ea;rolls;273;9.1;51.7;5.8;2.7;0.3;2.9;0.98
sainsburys-sucralose-granulated-sweetner-75g;Sainsbury's Sucralose Granulated Sweetener 75g;£1.00/unit;£13.33/kg;tea-coffee-sugar;376;0.5;94;20;0.5;0.1;0.5;0.08
sainsburys-sucralose-granulated-sweetner-75g;Sainsbury's Sucralose Granulated Sweetener 75g;£1.00/unit;£13.33/kg;tea-coffee-sweeteners;376;0.5;94;20;0.5;0.1;0.5;0.08
sainsburys-sucralose-sweetener-tablets-x300-156g;Sainsbury's Sucralose Sweetener Tablets x300 15.6g;£1.00/unit;£0.06/10tblt;tea-coffee-sugar;311;3.3;71.8;65.8;0.5;0.4;3.7;0.09
sainsburys-sucralose-sweetener-tablets-x300-156g;Sainsbury's Sucralose Sweetener Tablets x300 15.6g;£1.00/unit;£0.06/10tblt;tea-coffee-sweeteners;311;3.3;71.8;65.8;0.5;0.4;3.7;0.09
sainsburys-suffolk-blonde-ale--taste-the-difference-500ml;Sainsbury's Suffolk Blonde Ale, Taste the Difference 500ml;£1.90/unit;£3.80/ltr;ale-stout;27;-1;-1;-1;-1;-1;-1;-1
sainsburys-sugar-snap-peas-200g;Sainsbury's Sugar Snap Peas 200g;£1.50/unit;£7.50/kg;peas-beans-sweetcorn-asparagus;37;3.4;4.7;3.5;0.2;0.0;1.5;0.00
sainsburys-sultana-scones--taste-the-difference-x4;Sainsbury's Sultana Scones, Taste the Difference x4;£1.50/unit;£0.38/ea;cakes-scones-fruited-buns;340;7.7;51.3;21.3;11.1;7.1;1.9;1.50
sainsburys-sultana-scones--taste-the-difference-x4;Sainsbury's Sultana Scones, Taste the Difference x4;£1.50/unit;£0.38/ea;scones-fruited-buns;340;7.7;51.3;21.3;11.1;7.1;1.9;1.50
sainsburys-summer-fruit-cocktail-juice-drink-2l;Sainsbury's Summer Fruit Cocktail Juice Drink, Reduced Sugar 2L;£1.40/unit;£0.07/100ml;chilled-fruit-juice;28;0.5;7.0;5.6;0.5;0.1;0.5;0.01
sainsburys-summer-fruit-punch-70cl;Sainsbury's Summer Fruit Punch 70cl;£6.00/unit;£8.57/ltr;cocktail-ingredients;124;0.5;6.8;6.8;0.5;0.1;0.5;0.01
sainsburys-summer-fruit-punch-70cl;Sainsbury's Summer Fruit Punch 70cl;£6.00/unit;£8.57/ltr;liqueurs-other-spirits;124;0.5;6.8;6.8;0.5;0.1;0.5;0.01
sainsburys-summer-fruits-500g;Sainsbury's Summer Fruits 500g;£2.20/unit;£4.40/kg;desserts-fruit;32;1.1;5.2;5.2;0.5;0.1;3.2;0.01
sainsburys-summer-fruits-500g;Sainsbury's Summer Fruits 500g;£2.20/unit;£4.40/kg;frozen-fruit;32;1.1;5.2;5.2;0.5;0.1;3.2;0.01
sainsburys-summer-fruits-in-light-syrup-300g;Sainsbury's Summer Fruits In Light Syrup 300g;£1.30/unit;£4.33/kg;dessert-fruit;61;0.5;14;13;0.5;0.3;0.9;0.05
sainsburys-summerfruit-trifle-500g;Sainsbury's Summerfruit Trifle 500g;£2.35/unit;£0.47/100g;desserts;180;1.9;21;18;9.4;5.9;1.5;0.26
sainsburys-summerfruits-juice-drink--from-concentrate-2l;Sainsbury's Summer Fruit Cocktail Juice Drink 2L;£1.40/unit;£0.07/100ml;chilled-fruit-juice;43;0.5;10.7;8.3;0.5;0.1;0.5;0.10
sainsburys-sun-dried-tomato-antipasto-oil-280g;Sainsbury's Sun Dried Tomato Antipasto Oil 280g (150g*);£2.00/unit;£1.33/100g;olives-antipasti;305;5.8;17.5;8.9;22.2;2.3;-1;2.93
sainsburys-sundried-tomatoes-120g;Sainsbury's Sundried Tomatoes 120g;£2.00/unit;£1.67/100g;deli-meat-alternatives;259;7.0;30.3;13.8;10.9;1.0;5.7;5.70
sainsburys-sundried-tomatoes-120g;Sainsbury's Sundried Tomatoes 120g;£2.00/unit;£1.67/100g;olives-tapas-antipasti;259;7.0;30.3;13.8;10.9;1.0;5.7;5.70
sainsburys-sunflower---pumpkin-seed-bread--so-organic-400g;Sainsbury's Sunflower & Pumpkin Seed Bread, SO Organic 400g;£1.00/unit;£0.25/100g;seeded-grains-bread;329;11.6;33.5;2.3;15.3;2.1;5.4;0.98
sainsburys-sunflower---pumpkin-seed-bread--so-organic-400g;Sainsbury's Sunflower & Pumpkin Seed Bread, SO Organic 400g;£1.00/unit;£0.25/100g;small-loaves;329;11.6;33.5;2.3;15.3;2.1;5.4;0.98
sainsburys-sunflower-light-spread-500g;Sainsbury's Sunflower Light Spread 500g;£1.00/unit;£2.00/kg;spreads;280;0.5;2.3;1.0;30.0;7.9;0.5;1.10
sainsburys-sunflower-oil--organic-1l;Sainsbury's Sunflower Oil, SO Organic 1L;£3.00/unit;£0.30/100ml;oils;3408829;0.5;0.5;0.5;92.1;9.9;0.5;0.01
sainsburys-sunflower-oil-1l;Sainsbury's Sunflower Oil 1L;£1.25/unit;£0.13/100ml;oils;828;0;0;0;92.0;11.0;0;
sainsburys-sunflower-oil-3l;Sainsbury's Sunflower Oil 3L;£3.50/unit;£0.12/100ml;oils;828;0;0;0;92.0;11.0;0;
sainsburys-sunflower-spread-1kg;Sainsbury's Sunflower Spread 1kg;£1.90/unit;£1.90/kg;spreads;532;0.1;0.2;0.2;59.0;13.6;0;1.30
sainsburys-sunflower-spread-500g;Sainsbury's Sunflower Spread 500g;£1.00/unit;£2.00/kg;spreads;532;0.1;0.2;0.2;59.0;13.6;0;1.20
sainsburys-sunfry-doughnuts-x4;Sainsbury's Lighter Iced Ring Doughnuts x4;£1.00/unit;£0.25/ea;doughnuts-cookies;374;6.2;51.5;18.0;15.5;6.8;1.7;0.35
sainsburys-sunfry-doughnuts-x4;Sainsbury's Lighter Iced Ring Doughnuts x4;£1.00/unit;£0.25/ea;instore-bakery-doughnuts-cookies;374;6.2;51.5;18.0;15.5;6.8;1.7;0.35
sainsburys-sunglow-cherry-tomatoes--taste-the-difference-220g;Sainsbury's Sunglow Cherry Tomatoes, Taste the Difference 220g;£1.75/unit;£7.95/kg;fresh-salad-tomatoes;20;0.7;3.0;3.0;0.5;0.1;1.0;0.02
sainsburys-sunglow-cherry-tomatoes--taste-the-difference-220g;Sainsbury's Sunglow Cherry Tomatoes, Taste the Difference 220g;£1.75/unit;£7.95/kg;fresh-vegetables-tomatoes;20;0.7;3.0;3.0;0.5;0.1;1.0;0.02
sainsburys-sunglow-cherry-tomatoes--taste-the-difference-220g;Sainsbury's Sunglow Cherry Tomatoes, Taste the Difference 220g;£1.75/unit;£7.95/kg;fruit-vegetables-organic-taste-the-difference;20;0.7;3.0;3.0;0.5;0.1;1.0;0.02
sainsburys-sunsoaked-tomatoes--taste-the-difference-290g;Sainsbury's Sunsoaked Tomatoes, Taste the Difference 290g;£2.80/unit;£0.97/100g;olives-tapas-antipasti;146;3.9;11.2;11.0;8.4;0.7;5.1;1.07
sainsburys-sunsoaked-tomatoes-with-chilli--taste-the-difference-290g;Sainsbury's Sunsoaked Tomatoes With Chilli, Taste the Difference 290g;£2.80/unit;£0.97/100g;deli-meat-alternatives;124;1.6;7.9;7.3;9.1;0.7;2.1;0.43
sainsburys-sunsoaked-tomatoes-with-chilli--taste-the-difference-290g;Sainsbury's Sunsoaked Tomatoes With Chilli, Taste the Difference 290g;£2.80/unit;£0.97/100g;olives-tapas-antipasti;124;1.6;7.9;7.3;9.1;0.7;2.1;0.43
sainsburys-sunsweet-sweetcorn--taste-the-difference-x2;Sainsbury's Sunsweet Sweetcorn, Taste the Difference x2;£2.00/unit;£2.00/ea;peas-beans-sweetcorn-asparagus;80;3.6;9.5;2.5;1.9;0.1;5.1;0.01
sainsburys-superior-dark-rum-1l;Sainsbury's Superior Dark Rum 1L;£15.50/unit;£15.50/ltr;rum;207;-1;0.5;-1;-1;-1;-1;0.01
sainsburys-superior-white-rum-15l;Sainsbury's Superior White Rum 1.5L;£22.50/unit;£15.00/ltr;rum;207;-1;-1;-1;-1;-1;-1;0.01
sainsburys-superior-white-rum-1l;Sainsbury's Superior White Rum 1L;£15.50/unit;£15.50/ltr;rum;207;-1;-1;-1;-1;-1;-1;0.01
sainsburys-superior-white-rum-35cl;Sainsbury's Superior White Rum 35cl;£6.50/unit;£18.57/ltr;rum;207;-1;-1;-1;-1;-1;-1;0.01
sainsburys-superior-white-rum-70cl;Sainsbury's Superior White Rum 70cl;£11.50/unit;£16.43/ltr;rum;207;-1;-1;-1;-1;-1;-1;0.01
sainsburys-supersweet-mini-corn-cobs-x8-1kg;Sainsbury's Supersweet Mini Corn Cobs x8 1kg;£1.50/unit;£1.50/kg;frozen-vegetables;115;4.3;17.9;2.2;2.3;0.3;2.8;0.01
sainsburys-swede--so-organic-%28approx-1kg%29;Sainsbury's Swede, SO Organic (approx. 1kg);£1.60/kg;£1.60/kg;carrots-root-vegetables;29;0.7;4.8;4.7;0.5;0.1;1.9;0.04
sainsburys-swede--so-organic-%28approx-1kg%29;Sainsbury's Swede, SO Organic (approx. 1kg);£1.60/kg;£1.60/kg;fruit-vegetables-organic-taste-the-difference;29;0.7;4.8;4.7;0.5;0.1;1.9;0.04
sainsburys-swede-portion-each;Sainsbury's Swede Portion Each;£0.80/unit;£0.80/ea;carrots-root-vegetables;29;0.7;4.8;4.7;0.5;0.1;1.9;0.04
sainsburys-swede;Sainsbury's Swede;£0.80/unit;£0.80/ea;carrots-root-vegetables;29;0.7;4.8;4.7;0.5;0.1;1.9;0.04
sainsburys-sweet---crispy-side-salad-250g;Sainsbury's Sweet & Crispy Salad Bowl 250g;£1.50/unit;£0.68/100g;coleslaw--olives--salads---dips-30658-44;124;1.2;3.9;3.2;11.2;0.9;1.6;0.22
sainsburys-sweet---crispy-side-salad-250g;Sainsbury's Sweet & Crispy Salad Bowl 250g;£1.50/unit;£0.68/100g;coleslaw-salads;124;1.2;3.9;3.2;11.2;0.9;1.6;0.22
sainsburys-sweet---crispy-side-salad-250g;Sainsbury's Sweet & Crispy Salad Bowl 250g;£1.50/unit;£0.68/100g;fresh-salad-prepared-ready-to-eat;124;1.2;3.9;3.2;11.2;0.9;1.6;0.22
sainsburys-sweet---crispy-side-salad-250g;Sainsbury's Sweet & Crispy Salad Bowl 250g;£1.50/unit;£0.68/100g;lunchtime-snacks;124;1.2;3.9;3.2;11.2;0.9;1.6;0.22
sainsburys-sweet---crispy-side-salad-250g;Sainsbury's Sweet & Crispy Salad Bowl 250g;£1.50/unit;£0.68/100g;prepared-salad-herbs;124;1.2;3.9;3.2;11.2;0.9;1.6;0.22
sainsburys-sweet---crunchy-stir-fry-600g;Sainsbury's Sweet & Crunchy Stir Fry 600g;£1.70/unit;£0.28/100g;asian-ingredients;48;1.3;5.1;3.9;2.0;0.2;2.4;0.05
sainsburys-sweet---crunchy-stir-fry-600g;Sainsbury's Sweet & Crunchy Stir Fry 600g;£1.70/unit;£0.28/100g;fresh-vegetables-stir-fry;48;1.3;5.1;3.9;2.0;0.2;2.4;0.05
sainsburys-sweet---crunchy-stir-fry-600g;Sainsbury's Sweet & Crunchy Stir Fry 600g;£1.70/unit;£0.28/100g;prepared-stir-fry;48;1.3;5.1;3.9;2.0;0.2;2.4;0.05
sainsburys-sweet---crunchy-stir-fry-600g;Sainsbury's Sweet & Crunchy Stir Fry 600g;£1.70/unit;£0.28/100g;prepared-vegetables;48;1.3;5.1;3.9;2.0;0.2;2.4;0.05
sainsburys-sweet---sour-chicken--basics-400g;Sainsbury's Sweet & Sour Chicken, Basics 400g;£1.00/unit;£2.50/kg;frozen-ready-meals;124;6.4;22.5;5.4;0.5;0.2;1.7;0.57
sainsburys-sweet---sour-chicken-with-rice-400g;Sainsbury's Sweet & Sour Chicken With Rice 400g;£1.50/unit;£3.75/kg;frozen-ready-meals;142;5.6;24.0;7.8;2.4;0.7;0.9;0.61
sainsburys-sweet---sour-chicken-with-rice-450g;Sainsbury's Sweet & Sour Chicken With Rice 450g;£3.00/unit;£6.67/kg;lunchtime-snacks;159;7.7;23.6;11.8;3.2;0.3;2.5;0.38
sainsburys-sweet---sour-chicken-with-rice-450g;Sainsbury's Sweet & Sour Chicken With Rice 450g;£3.00/unit;£6.67/kg;meals-for-1-ready-meals;159;7.7;23.6;11.8;3.2;0.3;2.5;0.38
sainsburys-sweet---sour-chicken-with-rice-450g;Sainsbury's Sweet & Sour Chicken With Rice 450g;£3.00/unit;£6.67/kg;oriental-ready-meals;159;7.7;23.6;11.8;3.2;0.3;2.5;0.38
sainsburys-sweet-all-butter-pastry-case--taste-the-difference-220g;Sainsbury's Sweet All Butter Pastry Case, Taste the Difference 220g;£2.00/unit;£0.91/100g;meringues-bases;500;6.3;63.4;23.8;24.2;14.8;2.1;0.32
sainsburys-sweet-chilli---coriander-dressing-180ml;Sainsbury's Sweet Chilli & Coriander Dressing 180ml;£1.20/unit;£0.67/100ml;dressings-coleslaw-accompaniments;255;1.1;26.5;22.5;16.0;1.2;0.5;1.42
sainsburys-sweet-chilli-chicken--be-good-to-yourself-400g;Sainsbury's Sweet Chilli Chicken, Be Good To Yourself 400g;£3.00/unit;£7.50/kg;healthier-choice-ready-meals;96;6.5;12.9;3.8;1.4;0.1;2.9;0.31
sainsburys-sweet-chilli-chicken--be-good-to-yourself-400g;Sainsbury's Sweet Chilli Chicken, Be Good To Yourself 400g;£3.00/unit;£7.50/kg;meals-for-1-ready-meals;96;6.5;12.9;3.8;1.4;0.1;2.9;0.31
sainsburys-sweet-chilli-chicken--be-good-to-yourself-400g;Sainsbury's Sweet Chilli Chicken, Be Good To Yourself 400g;£3.00/unit;£7.50/kg;oriental-ready-meals;96;6.5;12.9;3.8;1.4;0.1;2.9;0.31
sainsburys-sweet-chilli-chicken-drumsticks-400g;Sainsbury's British Sweet Chilli Chicken Drumsticks 400g;£3.30/unit;£0.83/100g;cooked-chicken-turkey;164;22.5;5.3;3.7;5.9;1.4;0.5;0.65
sainsburys-sweet-chilli-chicken-drumsticks-400g;Sainsbury's British Sweet Chilli Chicken Drumsticks 400g;£3.30/unit;£0.83/100g;mfp-cooked-chicken-turkey;164;22.5;5.3;3.7;5.9;1.4;0.5;0.65
sainsburys-sweet-chilli-chicken-drumsticks-400g;Sainsbury's British Sweet Chilli Chicken Drumsticks 400g;£3.30/unit;£0.83/100g;mfp-snacking-cooked-sausage;164;22.5;5.3;3.7;5.9;1.4;0.5;0.65
sainsburys-sweet-chilli-chicken-drumsticks-400g;Sainsbury's British Sweet Chilli Chicken Drumsticks 400g;£3.30/unit;£0.83/100g;snacking-cooked-sausage;164;22.5;5.3;3.7;5.9;1.4;0.5;0.65
sainsburys-sweet-chilli-noodle-salad-225g;Sainsbury's Sweet Chilli Noodle Salad 225g;£1.50/unit;£0.67/100g;coleslaw--olives--salads---dips-30658-44;166;4.0;24.6;6.7;5.5;0.5;1.0;0.78
sainsburys-sweet-chilli-noodle-salad-225g;Sainsbury's Sweet Chilli Noodle Salad 225g;£1.50/unit;£0.67/100g;coleslaw-salads;166;4.0;24.6;6.7;5.5;0.5;1.0;0.78
sainsburys-sweet-chilli-noodle-salad-225g;Sainsbury's Sweet Chilli Noodle Salad 225g;£1.50/unit;£0.67/100g;dressings-coleslaw-accompaniments;166;4.0;24.6;6.7;5.5;0.5;1.0;0.78
sainsburys-sweet-chilli-noodle-salad-225g;Sainsbury's Sweet Chilli Noodle Salad 225g;£1.50/unit;£0.67/100g;lunchtime-snacks;166;4.0;24.6;6.7;5.5;0.5;1.0;0.78
sainsburys-sweet-chilli-noodle-salad-225g;Sainsbury's Sweet Chilli Noodle Salad 225g;£1.50/unit;£0.67/100g;prepared-salad-herbs;166;4.0;24.6;6.7;5.5;0.5;1.0;0.78
sainsburys-sweet-chilli-pork-sausages--taste-the-difference-x6-400g;Sainsbury's Pork & Sweet Chilli Sausages, Taste the Difference x6 400g;£2.80/unit;£7.00/kg;organic-taste-the-difference;242;17.4;6.4;3.9;16.1;5.6;1.0;1.23
sainsburys-sweet-chilli-pork-sausages--taste-the-difference-x6-400g;Sainsbury's Pork & Sweet Chilli Sausages, Taste the Difference x6 400g;£2.80/unit;£7.00/kg;sausages;242;17.4;6.4;3.9;16.1;5.6;1.0;1.23
sainsburys-sweet-chilli-rack-of-ribs-450g;Sainsbury's Sweet Chilli Rack Of Pork Ribs 450g;£3.00/unit;£6.67/kg;frozen-pork;291;20.5;1.3;1.2;22.6;9.8;0.5;0.40
sainsburys-sweet-chilli-salmon-flakes-120g;Sainsbury's Sweet Chilli Salmon Flakes 120g;£3.50/unit;£2.92/100g;cooked-fish-seafood;235;25.5;2.2;0.5;13.7;2.8;0.6;1.95
sainsburys-sweet-chilli-salmon-flakes-120g;Sainsbury's Sweet Chilli Salmon Flakes 120g;£3.50/unit;£2.92/100g;mfp-cooked-fish-seafood;235;25.5;2.2;0.5;13.7;2.8;0.6;1.95
sainsburys-sweet-chilli-sliced-chicken-300g;Sainsbury's Cooked Chicken Slices, Sweet Chilli 300g;£4.40/unit;£1.47/100g;cooked-chicken-turkey;127;22.8;5.3;3.9;1.6;0.4;0.5;0.63
sainsburys-sweet-chilli-sliced-chicken-300g;Sainsbury's Cooked Chicken Slices, Sweet Chilli 300g;£4.40/unit;£1.47/100g;mfp-cooked-chicken-turkey;127;22.8;5.3;3.9;1.6;0.4;0.5;0.63
sainsburys-sweet-chilli-sliced-chicken-300g;Sainsbury's Cooked Chicken Slices, Sweet Chilli 300g;£4.40/unit;£1.47/100g;mfp-snacking-cooked-sausage;127;22.8;5.3;3.9;1.6;0.4;0.5;0.63
sainsburys-sweet-chilli-sliced-chicken-300g;Sainsbury's Cooked Chicken Slices, Sweet Chilli 300g;£4.40/unit;£1.47/100g;snacking-cooked-sausage;127;22.8;5.3;3.9;1.6;0.4;0.5;0.63
sainsburys-sweet-chilli-stir-fry-sauce-175ml;Sainsbury's Fresh Sweet Chilli Stir Fry Sauce 175ml;£1.00/unit;£0.57/100ml;asian-ingredients;120;0.5;29;26;0.5;0.1;0.5;0.85
sainsburys-sweet-chilli-stir-fry-sauce-175ml;Sainsbury's Fresh Sweet Chilli Stir Fry Sauce 175ml;£1.00/unit;£0.57/100ml;chillies-herbs-ingredients;120;0.5;29;26;0.5;0.1;0.5;0.85
sainsburys-sweet-chilli-stir-fry-sauce-175ml;Sainsbury's Fresh Sweet Chilli Stir Fry Sauce 175ml;£1.00/unit;£0.57/100ml;fresh-vegetables-stir-fry;120;0.5;29;26;0.5;0.1;0.5;0.85
sainsburys-sweet-chilli-stir-fry-sauce-175ml;Sainsbury's Fresh Sweet Chilli Stir Fry Sauce 175ml;£1.00/unit;£0.57/100ml;fresh-vegetables-world-exotic;120;0.5;29;26;0.5;0.1;0.5;0.85
sainsburys-sweet-chilli-stir-fry-sauce-175ml;Sainsbury's Fresh Sweet Chilli Stir Fry Sauce 175ml;£1.00/unit;£0.57/100ml;prepared-stir-fry;120;0.5;29;26;0.5;0.1;0.5;0.85
sainsburys-sweet-chilli-stir-fry-sauce-175ml;Sainsbury's Fresh Sweet Chilli Stir Fry Sauce 175ml;£1.00/unit;£0.57/100ml;prepared-vegetables;120;0.5;29;26;0.5;0.1;0.5;0.85
sainsburys-sweet-chilli-wings-450g;Sainsbury's British Sweet Chilli Chicken Wings 450g;£3.30/unit;£0.73/100g;cooked-chicken-turkey;211;22.0;5.8;3.9;11.0;2.8;0.5;0.62
sainsburys-sweet-chilli-wings-450g;Sainsbury's British Sweet Chilli Chicken Wings 450g;£3.30/unit;£0.73/100g;mfp-cooked-chicken-turkey;211;22.0;5.8;3.9;11.0;2.8;0.5;0.62
sainsburys-sweet-chilli-wings-450g;Sainsbury's British Sweet Chilli Chicken Wings 450g;£3.30/unit;£0.73/100g;mfp-snacking-cooked-sausage;211;22.0;5.8;3.9;11.0;2.8;0.5;0.62
sainsburys-sweet-chilli-wings-450g;Sainsbury's British Sweet Chilli Chicken Wings 450g;£3.30/unit;£0.73/100g;snacking-cooked-sausage;211;22.0;5.8;3.9;11.0;2.8;0.5;0.62
sainsburys-sweet-gem-lettuce-x2;Sainsbury's Sweet Gem Lettuce x2;£1.00/unit;£1.00/ea;lettuce;14;1.2;1.3;1.3;0.5;0.1;1.3;0.02
sainsburys-sweet-herb-salad-80g;Sainsbury's Sweet Herb Salad 80g;£1.50/unit;£1.88/100g;fresh-salad-prepared-ready-to-eat;28;2.9;1.6;0.6;0.6;0.1;2.2;0.08
sainsburys-sweet-herb-salad-80g;Sainsbury's Sweet Herb Salad 80g;£1.50/unit;£1.88/100g;prepared-salad-herbs;28;2.9;1.6;0.6;0.6;0.1;2.2;0.08
sainsburys-sweet-leaf-salad-250g;Sainsbury's Sweet Leaf Salad 250g;£1.00/unit;£0.40/100g;fresh-salad-prepared-ready-to-eat;24;0.8;3.6;3.5;0.5;0.1;1.9;0.01
sainsburys-sweet-leaf-salad-250g;Sainsbury's Sweet Leaf Salad 250g;£1.00/unit;£0.40/100g;prepared-salad-herbs;24;0.8;3.6;3.5;0.5;0.1;1.9;0.01
sainsburys-sweet-leaf-salad-400g;Sainsbury's Sweet Leaf Salad 400g;£1.50/unit;£0.38/100g;fresh-salad-prepared-ready-to-eat;24;0.8;3.6;3.5;0.5;0.1;1.9;0.01
sainsburys-sweet-leaf-salad-400g;Sainsbury's Sweet Leaf Salad 400g;£1.50/unit;£0.38/100g;prepared-salad-herbs;24;0.8;3.6;3.5;0.5;0.1;1.9;0.01
sainsburys-sweet-onions--taste-the-difference-x3;Sainsbury's Sweet Onions, Taste the Difference x3;£1.50/unit;£5.00/kg;fruit-vegetables-organic-taste-the-difference;38;1.0;7.6;5.9;0.5;0.1;1.4;0.01
sainsburys-sweet-onions--taste-the-difference-x3;Sainsbury's Sweet Onions, Taste the Difference x3;£1.50/unit;£5.00/kg;onions-leeks-garlic;38;1.0;7.6;5.9;0.5;0.1;1.4;0.01
sainsburys-sweet-pancakes-375g;Sainsbury's Sweet Pancakes 375g;£1.00/unit;£0.27/100g;desserts;246;5.9;35;16;8.9;4.2;1.3;0.63
sainsburys-sweet-piccalilli-295g;Sainsbury's Sweet Piccalilli 295g;£0.95/unit;£0.32/100g;chutneys-pickle-relishes;98;0.5;22.8;19.9;0.5;0.1;0.8;0.66
sainsburys-sweet-pickle-285g;Sainsbury's Sweet Pickle 285g;£0.80/unit;£0.27/100g;chutneys-pickle-relishes;104;0.5;24.5;20.9;0.5;0.1;1.9;2.38
sainsburys-sweet-pointed-peppers--so-organic-x2;Sainsbury's Sweet Pointed Red Peppers, SO Organic x2;£2.00/unit;£2.00/ea;fruit-vegetables-organic-taste-the-difference;30;1.6;5.1;5.0;0.3;0;2.2;
sainsburys-sweet-pointed-peppers--so-organic-x2;Sainsbury's Sweet Pointed Red Peppers, SO Organic x2;£2.00/unit;£2.00/ea;peppers-salad-vegetables;30;1.6;5.1;5.0;0.3;0;2.2;
sainsburys-sweet-pointed-peppers--so-organic-x2;Sainsbury's Sweet Pointed Red Peppers, SO Organic x2;£2.00/unit;£2.00/ea;peppers;30;1.6;5.1;5.0;0.3;0;2.2;
sainsburys-sweet-potato---red-onion-bhaji-%28warm---aromatic%29-256g;Sainsbury's Sweet Potato & Red Onion Bhaji 256g;£1.75/unit;£6.84/kg;deli-meat-alternatives;249;5.8;27.1;9.5;11.8;0.9;5.8;1.26
sainsburys-sweet-potato---red-onion-bhaji-%28warm---aromatic%29-256g;Sainsbury's Sweet Potato & Red Onion Bhaji 256g;£1.75/unit;£6.84/kg;indian-ready-meals;249;5.8;27.1;9.5;11.8;0.9;5.8;1.26
sainsburys-sweet-potato---red-onion-bhaji-%28warm---aromatic%29-256g;Sainsbury's Sweet Potato & Red Onion Bhaji 256g;£1.75/unit;£6.84/kg;potato-vegetable-side-dishes;249;5.8;27.1;9.5;11.8;0.9;5.8;1.26
sainsburys-sweet-potato---red-onion-bhaji-%28warm---aromatic%29-256g;Sainsbury's Sweet Potato & Red Onion Bhaji 256g;£1.75/unit;£6.84/kg;vegetarian-meat-free-ready-meals;249;5.8;27.1;9.5;11.8;0.9;5.8;1.26
sainsburys-sweet-potato--quinoa---lentil-burger-x4-350g;Sainsbury's Sweet Potato, Quinoa & Lentil Burger x4 350g;£1.80/unit;£5.14/kg;meat-free-vegetarian;200;5.1;21.8;2.6;9.2;0.6;5.0;0.71
sainsburys-sweet-potatoes-%28loose%29;Sainsbury's Sweet Potatoes (loose);£1.25/kg;£1.25/kg;afro-caribbean-ingredients;87;1.1;18.9;8.0;0.5;0.1;2.1;0.09
sainsburys-sweet-potatoes-%28loose%29;Sainsbury's Sweet Potatoes (loose);£1.25/kg;£1.25/kg;fresh-vegetables-world-exotic;87;1.1;18.9;8.0;0.5;0.1;2.1;0.09
sainsburys-sweet-potatoes-%28loose%29;Sainsbury's Sweet Potatoes (loose);£1.25/kg;£1.25/kg;indian-ingredients;87;1.1;18.9;8.0;0.5;0.1;2.1;0.09
sainsburys-sweet-potatoes-%28loose%29;Sainsbury's Sweet Potatoes (loose);£1.25/kg;£1.25/kg;potatoes;87;1.1;18.9;8.0;0.5;0.1;2.1;0.09
sainsburys-sweet-potatoes--so-organic-750g;Sainsbury's Sweet Potatoes, SO Organic 750g;£2.00/unit;£2.67/kg;afro-caribbean-ingredients;123;2.9;24.7;19.6;0.5;0.2;4.2;0.13
sainsburys-sweet-potatoes--so-organic-750g;Sainsbury's Sweet Potatoes, SO Organic 750g;£2.00/unit;£2.67/kg;fresh-vegetables-world-exotic;123;2.9;24.7;19.6;0.5;0.2;4.2;0.13
sainsburys-sweet-potatoes--so-organic-750g;Sainsbury's Sweet Potatoes, SO Organic 750g;£2.00/unit;£2.67/kg;fruit-vegetables-organic-taste-the-difference;123;2.9;24.7;19.6;0.5;0.2;4.2;0.13
sainsburys-sweet-potatoes--so-organic-750g;Sainsbury's Sweet Potatoes, SO Organic 750g;£2.00/unit;£2.67/kg;indian-ingredients;123;2.9;24.7;19.6;0.5;0.2;4.2;0.13
sainsburys-sweet-potatoes--so-organic-750g;Sainsbury's Sweet Potatoes, SO Organic 750g;£2.00/unit;£2.67/kg;potatoes;123;2.9;24.7;19.6;0.5;0.2;4.2;0.13
sainsburys-sweet-potatoes-125kg;Sainsbury's Sweet Potatoes 1.25kg;£1.50/unit;£1.20/kg;afro-caribbean-ingredients;123;2.9;24.7;19.6;0.5;0.2;4.2;0.13
sainsburys-sweet-potatoes-125kg;Sainsbury's Sweet Potatoes 1.25kg;£1.50/unit;£1.20/kg;fresh-vegetables-world-exotic;123;2.9;24.7;19.6;0.5;0.2;4.2;0.13
sainsburys-sweet-potatoes-125kg;Sainsbury's Sweet Potatoes 1.25kg;£1.50/unit;£1.20/kg;indian-ingredients;123;2.9;24.7;19.6;0.5;0.2;4.2;0.13
sainsburys-sweet-potatoes-125kg;Sainsbury's Sweet Potatoes 1.25kg;£1.50/unit;£1.20/kg;potatoes;123;2.9;24.7;19.6;0.5;0.2;4.2;0.13
sainsburys-sweet-silverskin--pickled-onions-440g;Sainsbury's Sweet Silverskin, Pickled Onions 440g (255g*);£0.90/unit;£0.39/100g;pickled-food;44;0.6;9.4;7.6;0.5;0.1;1.3;0.73
sainsburys-sweet-spear-carrots--taste-the-difference-450g;Sainsbury's Sweet Spear Carrots, Taste the Difference 450g;£1.40/unit;£3.11/kg;carrots-root-vegetables;41;0.5;7.7;7.2;0.5;0.1;2.1;0.07
sainsburys-sweet-spear-carrots--taste-the-difference-450g;Sainsbury's Sweet Spear Carrots, Taste the Difference 450g;£1.40/unit;£3.11/kg;fruit-vegetables-organic-taste-the-difference;41;0.5;7.7;7.2;0.5;0.1;2.1;0.07
sainsburys-sweetcorn--super-sweet-1kg;Sainsbury's Sweetcorn, Super Sweet 1kg;£1.60/unit;£1.60/kg;frozen-vegetables;115;4.3;17.9;2.2;2.3;0.3;2.8;0.01
sainsburys-sweetcorn-1kg;Sainsbury's Sweetcorn 1kg;£1.40/unit;£1.40/kg;frozen-vegetables;115;4.3;17.9;2.2;2.3;0.3;2.8;0.01
sainsburys-sweetcorn-cobettes-x4;Sainsbury's Sweetcorn Cobettes x4;£1.50/unit;£1.50/ea;peas-beans-sweetcorn-asparagus;80;3.6;9.5;2.5;1.9;0.1;5.1;0.01
sainsburys-sweetcorn-fritters-240g;Sainsbury's Sweetcorn Fritters 240g;£2.25/unit;£9.38/kg;mexican-caribbean-american-ready-meals;249;6.2;24.6;6.1;13.0;1.2;4.3;0.92
sainsburys-sweetcorn-pasta-salad--basics-375g;Sainsbury's Sweetcorn Pasta Salad, Basics 375g;£1.15/unit;£0.31/100g;coleslaw--olives--salads---dips-30658-44;182;3.5;19.0;2.0;9.9;0.8;1.2;0.68
sainsburys-sweetcorn-pasta-salad--basics-375g;Sainsbury's Sweetcorn Pasta Salad, Basics 375g;£1.15/unit;£0.31/100g;coleslaw-salads;182;3.5;19.0;2.0;9.9;0.8;1.2;0.68
sainsburys-sweetcorn-pasta-salad--basics-375g;Sainsbury's Sweetcorn Pasta Salad, Basics 375g;£1.15/unit;£0.31/100g;dressings-coleslaw-accompaniments;182;3.5;19.0;2.0;9.9;0.8;1.2;0.68
sainsburys-sweetcorn-pasta-salad--basics-375g;Sainsbury's Sweetcorn Pasta Salad, Basics 375g;£1.15/unit;£0.31/100g;lunchtime-snacks;182;3.5;19.0;2.0;9.9;0.8;1.2;0.68
sainsburys-sweetcorn-pasta-salad--basics-375g;Sainsbury's Sweetcorn Pasta Salad, Basics 375g;£1.15/unit;£0.31/100g;prepared-salad-herbs;182;3.5;19.0;2.0;9.9;0.8;1.2;0.68
sainsburys-sweetcorn-relish-320g;Sainsbury's Sweetcorn Relish 320g;£1.20/unit;£0.38/100g;chutneys-pickle-relishes;170;1.3;39.7;27.0;0.5;0.1;2.4;1.01
sainsburys-sweetcorn-x2;Sainsbury's Sweetcorn x2;£1.50/unit;£1.50/ea;peas-beans-sweetcorn-asparagus;80;3.6;9.5;2.5;1.9;0.1;5.1;0.01
sainsburys-sweetened-cappuccino-160g;Sainsbury's Cappuccino 160g;£1.90/unit;£1.19/100g;instant-coffee;33;1.1;5.5;4.7;0.7;0.7;0.5;0.13
sainsburys-sweetflame-beetroot--taste-the-difference-200g;Sainsbury's Sweetflame Beetroot, Taste the Difference 200g;£1.50/unit;£0.75/100g;baby-vegetables;63;1.4;12.2;11.6;0.5;0.1;2.7;0.18
sainsburys-sweetflame-beetroot--taste-the-difference-200g;Sainsbury's Sweetflame Beetroot, Taste the Difference 200g;£1.50/unit;£0.75/100g;fruit-vegetables-organic-taste-the-difference;63;1.4;12.2;11.6;0.5;0.1;2.7;0.18
sainsburys-sweetflame-beetroot--taste-the-difference-200g;Sainsbury's Sweetflame Beetroot, Taste the Difference 200g;£1.50/unit;£0.75/100g;peppers-salad-vegetables;63;1.4;12.2;11.6;0.5;0.1;2.7;0.18
sainsburys-sweetflame-beetroot--taste-the-difference-200g;Sainsbury's Sweetflame Beetroot, Taste the Difference 200g;£1.50/unit;£0.75/100g;spring-onions-radish-beetroot;63;1.4;12.2;11.6;0.5;0.1;2.7;0.18
sainsburys-sweetflamed-pepper---goats-cheese-bake--taste-the-difference-280g;Sainsbury's Sweetflamed Pepper & Goats Cheese Bake, Taste the Difference 280g;£2.30/unit;£8.21/kg;meat-free-vegetarian;177;6.9;19.4;3.5;7.7;2.8;1.3;0.73
sainsburys-sweetheart-cabbage--so-organic;Sainsbury's Sweetheart Cabbage, SO Organic;£1.40/unit;£1.40/ea;broccoli-cauliflower-cabbage-greens;32;2.4;3.9;3.9;0.5;0.1;2.7;0.02
sainsburys-sweetheart-cabbage--so-organic;Sainsbury's Sweetheart Cabbage, SO Organic;£1.40/unit;£1.40/ea;fruit-vegetables-organic-taste-the-difference;32;2.4;3.9;3.9;0.5;0.1;2.7;0.02
sainsburys-sweetheart-cabbage--so-organic;Sainsbury's Sweetheart Cabbage, SO Organic;£1.40/unit;£1.40/ea;new-in-season;32;2.4;3.9;3.9;0.5;0.1;2.7;0.02
sainsburys-sweetheart-cabbage-500g;Sainsbury's Sweetheart Cabbage 500g;£0.80/unit;£0.80/ea;broccoli-cauliflower-cabbage-greens;32;2.4;3.9;3.9;0.5;0.1;2.7;0.02
sainsburys-sweetheart-cabbage-500g;Sainsbury's Sweetheart Cabbage 500g;£0.80/unit;£0.80/ea;new-in-season;32;2.4;3.9;3.9;0.5;0.1;2.7;0.02
sainsburys-sweetie-traybake-660g;Sainsbury's Sweetie Traybake 660g;£5.00/unit;£5.00/ea;celebration-cakes;434;4.0;58;38;20;6.2;0.9;0.50
sainsburys-sweetpotato-coconut---chilli-soup--taste-the-difference-600gr;Sainsbury's Sweet Potato Coconut & Chilli Soup, Taste the Difference 600g;£2.00/unit;£0.33/100g;fresh-soups;46;0.9;6.1;2.9;1.7;0.7;1.5;0.37
sainsburys-swiss-emmental--taste-the-difference-200g;Sainsbury's Swiss Emmental, Taste the Difference 200g;£2.00/unit;£10.00/kg;cheeseboard-delights;404;29.0;1.0;0;31.5;21.5;0;0.45
sainsburys-swiss-emmental--taste-the-difference-200g;Sainsbury's Swiss Emmental, Taste the Difference 200g;£2.00/unit;£10.00/kg;organic-taste-the-difference-cheese;404;29.0;1.0;0;31.5;21.5;0;0.45
sainsburys-swiss-mature-reserve-gruyere--taste-the-difference-200g;Sainsbury's Swiss Mature Reserve Gruyere, Taste the Difference 200g;£3.30/unit;£16.50/kg;cheeseboard-delights;413;28.0;1.0;0.0;33.0;19.0;0.0;1.50
sainsburys-swiss-mature-reserve-gruyere--taste-the-difference-200g;Sainsbury's Swiss Mature Reserve Gruyere, Taste the Difference 200g;£3.30/unit;£16.50/kg;organic-taste-the-difference-cheese;413;28.0;1.0;0.0;33.0;19.0;0.0;1.50
sainsburys-swiss-milk-chocolate---pistachio--taste-the-difference-100g;Sainsbury's Swiss Milk Chocolate & Pistachio, Taste the Difference 100g;£1.40/unit;£1.40/100g;chocolate;551;7.4;49.2;47.6;35.3;17.5;3.3;0.43
sainsburys-swiss-milk-chocolate--taste-the-difference-100g;Sainsbury's Swiss Milk Chocolate, Taste the Difference 100g;£1.40/unit;£1.40/100g;chocolate;558;8.5;50.6;49.5;35.2;20.4;2.3;0.25
sainsburys-swiss-milk-chocolate-with-hazelnuts--taste-the-difference-100g;Sainsbury's Swiss Milk Chocolate with Hazelnuts, Taste the Difference 100g;£1.40/unit;£1.40/100g;chocolate;567;8.8;48.5;46.8;37.0;19.5;2.6;0.20
sainsburys-swiss-milk-chocolate-with-marc-de-champagne-filling--taste-the-difference-100g;Sainsbury's Swiss Milk Chocolate with Marc De Champagne Filling, Taste the Difference 100g;£1.40/unit;£1.40/100g;chocolate;527;5.1;51.7;49.7;31.6;19.2;0.2;0.15
sainsburys-swiss-milk-chocolate-with-praline-filling--taste-the-difference-100g;Sainsbury's Swiss Milk Chocolate with Praline Filling, Taste the Difference 100g;£1.40/unit;£1.40/100g;chocolate;572;7.9;48.2;46.5;38.0;17.8;2.9;0.18
sainsburys-swiss-roll-cappucino-200g;Sainsbury's Swiss Roll Cappucino 200g;£1.50/unit;£0.64/100g;sponge-slab-loaf-cakes;389;3.8;57.5;39.0;15.6;7.5;1.5;0.35
sainsburys-swiss-roll-lemon-curd-230g;Sainsbury's Swiss Roll Lemon Curd 230g;£1.50/unit;£0.56/100g;sponge-slab-loaf-cakes;367;3.2;68.1;42.8;8.9;4.5;0.9;0.41
sainsburys-swiss-roll-raspberry-240g;Sainsbury's Swiss Roll Raspberry 240g;£1.50/unit;£0.56/100g;sponge-slab-loaf-cakes;356;2.8;59.3;37.6;11.3;6.5;3.1;0.64
sainsburys-swiss-style-muesli--no-added-salt---sugar-1kg;Sainsbury's Swiss Style Muesli, No Added Salt & Sugar 1kg;£2.80/unit;£0.28/100g;bigger-packs;356;10.7;63.0;14.7;4.9;0.6;8.8;
sainsburys-swiss-white-chocolate--taste-the-difference-100g-7638742-p-44;Sainsbury's Swiss White Chocolate, Taste the Difference 100g;£1.40/unit;£1.40/100g;chocolate;588;6.1;51.9;51.8;39.6;24.2;0.0;0.20
sainsburys-syrup-sponge-pudding-120g;Sainsbury's Syrup Sponge Pudding 120g;£0.65/unit;£0.54/100g;rice-sponge-pudding;297;2.0;47.7;35.3;10.4;3.0;2.5;0.60
sainsburys-syrup-sponge-puddings-220g;Sainsbury's Syrup Sponge Puddings 220g;£1.50/unit;£0.68/100g;frozen-hot-desserts;321;3.6;56.3;46.2;8.7;5.0;1.3;0.48
sainsburys-syrup-sponge-puddings-2x110g;Sainsbury's Syrup Sponge Puddings 2x110g;£1.75/unit;£0.80/100g;desserts;350;3.4;63;47;9.4;5.3;1.1;0.84
sainsburys-tabbouleh-salad--taste-the-difference-250g;Sainsbury's Tabbouleh Salad, Taste the Difference 250g;£2.00/unit;£0.80/100g;coleslaw--olives--salads---dips-30658-44;130;3.0;14.7;2.5;5.7;0.5;4.1;0.83
sainsburys-tabbouleh-salad--taste-the-difference-250g;Sainsbury's Tabbouleh Salad, Taste the Difference 250g;£2.00/unit;£0.80/100g;coleslaw-salads;130;3.0;14.7;2.5;5.7;0.5;4.1;0.83
sainsburys-tabbouleh-salad--taste-the-difference-250g;Sainsbury's Tabbouleh Salad, Taste the Difference 250g;£2.00/unit;£0.80/100g;dressings-coleslaw-accompaniments;130;3.0;14.7;2.5;5.7;0.5;4.1;0.83
sainsburys-tabbouleh-salad--taste-the-difference-250g;Sainsbury's Tabbouleh Salad, Taste the Difference 250g;£2.00/unit;£0.80/100g;lunchtime-snacks;130;3.0;14.7;2.5;5.7;0.5;4.1;0.83
sainsburys-tabbouleh-salad--taste-the-difference-250g;Sainsbury's Tabbouleh Salad, Taste the Difference 250g;£2.00/unit;£0.80/100g;prepared-salad-herbs;130;3.0;14.7;2.5;5.7;0.5;4.1;0.83
sainsburys-tadka-daal-%28mild---earthy%29-300g;Sainsbury's Tadka Daal 300g;£1.75/unit;£5.83/kg;coleslaw--olives--salads---dips-30658-44;110;5.4;8.6;1.2;4.3;0.9;7.7;0.81
sainsburys-tadka-daal-%28mild---earthy%29-300g;Sainsbury's Tadka Daal 300g;£1.75/unit;£5.83/kg;indian-ready-meals;110;5.4;8.6;1.2;4.3;0.9;7.7;0.81
sainsburys-tadka-daal-%28mild---earthy%29-300g;Sainsbury's Tadka Daal 300g;£1.75/unit;£5.83/kg;potato-vegetable-side-dishes;110;5.4;8.6;1.2;4.3;0.9;7.7;0.81
sainsburys-tadka-daal-%28mild---earthy%29-300g;Sainsbury's Tadka Daal 300g;£1.75/unit;£5.83/kg;vegetarian-meat-free-ready-meals;110;5.4;8.6;1.2;4.3;0.9;7.7;0.81
sainsburys-tagliatelle-carbonara--taste-the-difference-400g-6338424-p-44;Sainsbury's Tagliatelle Carbonara, Taste the Difference 400g;£3.30/unit;£8.25/kg;italian-ready-meals;199;8.6;16.7;1.2;10.4;5.3;1.8;0.78
sainsburys-tagliatelle-carbonara--taste-the-difference-400g-6338424-p-44;Sainsbury's Tagliatelle Carbonara, Taste the Difference 400g;£3.30/unit;£8.25/kg;meals-for-1-ready-meals;199;8.6;16.7;1.2;10.4;5.3;1.8;0.78
sainsburys-tagliatelle-carbonara--taste-the-difference-400g-6338424-p-44;Sainsbury's Tagliatelle Carbonara, Taste the Difference 400g;£3.30/unit;£8.25/kg;taste-the-difference-bistro-ready-meals;199;8.6;16.7;1.2;10.4;5.3;1.8;0.78
sainsburys-tahini-paste-180g;Sainsbury's Tahini Paste 180g;£1.75/unit;£0.97/100g;cooking-pastes;657;23.6;3.5;0.5;58.5;8.0;10.8;1.33
sainsburys-takeaway-bbq-chicken-pizza-540g;Sainsbury's Takeaway BBQ Chicken Pizza 540g;£3.00/unit;£5.56/kg;frozen-pizza-garlic-bread;258;10.3;30.2;7.0;10.0;2.6;2.8;0.68
sainsburys-takeaway-meat-feast-pizza-525g;Sainsbury's Takeaway Meat Feast Pizza 525g;£3.00/unit;£5.71/kg;frozen-pizza-garlic-bread;297;10.7;28.9;2.4;14.8;4.3;2.7;0.88
sainsburys-taleggio--taste-the-difference-200g;Sainsbury's Taleggio, Taste the Difference 200g;£2.25/unit;£11.25/kg;cheeseboard-delights;295;18.0;0.9;0.5;24.4;15.5;0.5;3.54
sainsburys-taleggio--taste-the-difference-200g;Sainsbury's Taleggio, Taste the Difference 200g;£2.25/unit;£11.25/kg;organic-taste-the-difference-cheese;295;18.0;0.9;0.5;24.4;15.5;0.5;3.54
sainsburys-tamarind-paste-115g;Sainsbury's Tamarind Paste 115g;£2.00/unit;£1.74/100g;cooking-pastes;293;2.2;49.2;25.5;8.7;1.6;4.8;0.54
sainsburys-tamarind-paste-115g;Sainsbury's Tamarind Paste 115g;£2.00/unit;£1.74/100g;herbs-spices-seasoning;293;2.2;49.2;25.5;8.7;1.6;4.8;0.54
sainsburys-tandoori-chicken-biryani--taste-the-difference-415g;Sainsbury's Tandoori Spiced Chicken Biryani, Taste The Difference 380g;£3.60/unit;£9.47/kg;healthier-choice-ready-meals;125;8.6;18.1;2.7;1.5;0.4;2.7;0.38
sainsburys-tandoori-chicken-biryani--taste-the-difference-415g;Sainsbury's Tandoori Spiced Chicken Biryani, Taste The Difference 380g;£3.60/unit;£9.47/kg;indian-ready-meals;125;8.6;18.1;2.7;1.5;0.4;2.7;0.38
sainsburys-tandoori-chicken-biryani--taste-the-difference-415g;Sainsbury's Tandoori Spiced Chicken Biryani, Taste The Difference 380g;£3.60/unit;£9.47/kg;meals-for-1-ready-meals;125;8.6;18.1;2.7;1.5;0.4;2.7;0.38
sainsburys-tandoori-chicken-biryani--taste-the-difference-415g;Sainsbury's Tandoori Spiced Chicken Biryani, Taste The Difference 380g;£3.60/unit;£9.47/kg;taste-the-difference-bistro-ready-meals;125;8.6;18.1;2.7;1.5;0.4;2.7;0.38
sainsburys-tangerines-x5-%28minimum%29;Sainsbury's Tangerines x5 (minimum);£1.50/unit;£1.50/ea;citrus-fruit;39;0.9;8.0;8.0;0.5;0.1;1.3;0.01
sainsburys-tapas-platter-205g;Sainsbury's Tapas Platter 205g;£5.00/unit;£2.44/100g;deli-meat-alternatives;404;12.2;66.2;2.8;8.9;3.6;5.1;2.33
sainsburys-tapas-platter-205g;Sainsbury's Tapas Platter 205g;£5.00/unit;£2.44/100g;olives-tapas-antipasti;404;12.2;66.2;2.8;8.9;3.6;5.1;2.33
sainsburys-taramasalata-230g;Sainsbury's Taramasalata 230g;£1.00/unit;£0.43/100g;fresh-dips-houmous;493;2.9;7.6;0.6;50.1;3.3;0.5;1.20
sainsburys-tart-au-citron--taste-the-difference-2x95g;Sainsbury's Tarte Au Citron, Taste the Difference 2x95g;£3.00/unit;£1.58/100g;desserts;380;3.9;53.2;31.2;16.6;10.1;1.4;
sainsburys-tarte-au-citron--taste-the-difference-480g-%28serves-6%29;Sainsbury's Tarte Au Citron, Taste the Difference 480g (serves 6);£4.00/unit;£0.83/100g;frozen-cold-desserts;290;4.7;40.7;22.0;11.5;7.7;2.6;0.32
sainsburys-tarte-au-citron--taste-the-difference-480g-%28serves-6%29;Sainsbury's Tarte Au Citron, Taste the Difference 480g (serves 6);£4.00/unit;£0.83/100g;frozen-hot-desserts;290;4.7;40.7;22.0;11.5;7.7;2.6;0.32
sainsburys-tarte-au-citron--taste-the-difference-500g;Sainsbury's Tarte Au Citron, Taste the Difference 500g;£3.00/unit;£0.60/100g;desserts;359;3.7;49.7;29.4;16.0;9.9;0.8;0.08
sainsburys-tarte-aux-apricots--taste-the-difference-595g;Sainsbury's Tarte Aux Apricots, Taste the Difference 595g;£5.00/unit;£0.84/100g;desserts;308;5.7;35.3;21.9;15.6;8.3;1.6;0.10
sainsburys-tarte-aux-pommes--taste-the-difference-470g;Sainsbury's Tarte Aux Pommes, Taste the Difference 470g;£4.00/unit;£0.85/100g;desserts;220;2.5;35.2;19.4;7.4;4.8;1.4;0.22
sainsburys-tarte-tatin--taste-the-difference-600g;Sainsbury's Tarte Tatin, Taste the Difference 600g;£4.00/unit;£0.67/100g;frozen-hot-desserts;218;1.9;34.0;16.9;7.7;5.4;2.3;0.20
sainsburys-taw-valley---caramelised-onion-quiche--taste-the-difference-400g;Sainsbury's Taw Valley & Caramelised Onion Quiche, Taste the Difference 400g;£3.00/unit;£0.75/100g;quiche;314;7.6;18.9;3.8;22.8;12.2;1.2;0.45
sainsburys-taw-valley-extra-mature-cheddar-400g;Sainsbury's Taw Valley Extra Mature Cheddar 400g;£3.50/unit;£8.75/kg;cheddar-british-regional-cheese;390;25.5;0.5;0.5;32.0;20.8;0.5;1.80
sainsburys-taw-valley-grated-extra-mature-cheddar-385g;Sainsbury's Taw Valley Grated Extra Mature Cheddar 385g;£2.50/unit;£6.49/kg;cheddar-british-regional-cheese;389;25.0;1.7;0.5;31.4;20.4;0.5;1.78
sainsburys-taw-valley-grated-extra-mature-cheddar-385g;Sainsbury's Taw Valley Grated Extra Mature Cheddar 385g;£2.50/unit;£6.49/kg;sliced-grated-cheese;389;25.0;1.7;0.5;31.4;20.4;0.5;1.78
sainsburys-teacakes--basics-x4-249g;Sainsbury's Teacakes, Basics x4 249g;£0.55/unit;£0.22/100g;cakes-scones-fruited-buns;271;9.2;49.1;15.2;3.5;0.9;3.0;0.53
sainsburys-teacakes--basics-x4-249g;Sainsbury's Teacakes, Basics x4 249g;£0.55/unit;£0.22/100g;scones-fruited-buns;271;9.2;49.1;15.2;3.5;0.9;3.0;0.53
sainsburys-teacakes-x6;Sainsbury's Teacakes x6;£1.00/unit;£0.17/ea;cakes-scones-fruited-buns;291;7.6;52.4;21.4;4.9;0.6;3.4;0.47
sainsburys-teacakes-x6;Sainsbury's Teacakes x6;£1.00/unit;£0.17/ea;scones-fruited-buns;291;7.6;52.4;21.4;4.9;0.6;3.4;0.47
sainsburys-tender-green-medley-175g;Sainsbury's Tender Green Medley 175g;£1.50/unit;£8.57/kg;fresh-vegetables-stir-fry;39;2.9;4.3;2.7;0.5;0.1;3.6;0.01
sainsburys-tender-green-medley-175g;Sainsbury's Tender Green Medley 175g;£1.50/unit;£8.57/kg;peas-beans-sweetcorn-asparagus;39;2.9;4.3;2.7;0.5;0.1;3.6;0.01
sainsburys-tenderstem-stir-fry--taste-the-difference-240g;Sainsbury's Tenderstem Stir Fry, Taste the Difference 240g;£2.50/unit;£1.04/100g;asian-ingredients;77;2.3;3.7;1.9;5.4;0.6;2.1;0.00
sainsburys-tenderstem-stir-fry--taste-the-difference-240g;Sainsbury's Tenderstem Stir Fry, Taste the Difference 240g;£2.50/unit;£1.04/100g;fresh-vegetables-stir-fry;77;2.3;3.7;1.9;5.4;0.6;2.1;0.00
sainsburys-tenderstem-stir-fry--taste-the-difference-240g;Sainsbury's Tenderstem Stir Fry, Taste the Difference 240g;£2.50/unit;£1.04/100g;fresh-vegetables-world-exotic;77;2.3;3.7;1.9;5.4;0.6;2.1;0.00
sainsburys-tenderstem-stir-fry--taste-the-difference-240g;Sainsbury's Tenderstem Stir Fry, Taste the Difference 240g;£2.50/unit;£1.04/100g;fruit-vegetables-organic-taste-the-difference;77;2.3;3.7;1.9;5.4;0.6;2.1;0.00
sainsburys-tenderstem-stir-fry--taste-the-difference-240g;Sainsbury's Tenderstem Stir Fry, Taste the Difference 240g;£2.50/unit;£1.04/100g;prepared-stir-fry;77;2.3;3.7;1.9;5.4;0.6;2.1;0.00
sainsburys-tenderstem-stir-fry--taste-the-difference-240g;Sainsbury's Tenderstem Stir Fry, Taste the Difference 240g;£2.50/unit;£1.04/100g;prepared-vegetables;77;2.3;3.7;1.9;5.4;0.6;2.1;0.00
sainsburys-teriyaki---ginger-stir-fry-sauce-175ml;Sainsbury's Fresh Teriyaki & Ginger Stir Fry Sauce 175ml;£1.00/unit;£0.57/100ml;asian-ingredients;87;1.1;17.2;12.6;1.5;0.1;0.5;1.40
sainsburys-teriyaki---ginger-stir-fry-sauce-175ml;Sainsbury's Fresh Teriyaki & Ginger Stir Fry Sauce 175ml;£1.00/unit;£0.57/100ml;chillies-herbs-ingredients;87;1.1;17.2;12.6;1.5;0.1;0.5;1.40
sainsburys-teriyaki---ginger-stir-fry-sauce-175ml;Sainsbury's Fresh Teriyaki & Ginger Stir Fry Sauce 175ml;£1.00/unit;£0.57/100ml;fresh-vegetables-stir-fry;87;1.1;17.2;12.6;1.5;0.1;0.5;1.40
sainsburys-teriyaki---ginger-stir-fry-sauce-175ml;Sainsbury's Fresh Teriyaki & Ginger Stir Fry Sauce 175ml;£1.00/unit;£0.57/100ml;fresh-vegetables-world-exotic;87;1.1;17.2;12.6;1.5;0.1;0.5;1.40
sainsburys-teriyaki---ginger-stir-fry-sauce-175ml;Sainsbury's Fresh Teriyaki & Ginger Stir Fry Sauce 175ml;£1.00/unit;£0.57/100ml;prepared-stir-fry;87;1.1;17.2;12.6;1.5;0.1;0.5;1.40
sainsburys-teriyaki---ginger-stir-fry-sauce-175ml;Sainsbury's Fresh Teriyaki & Ginger Stir Fry Sauce 175ml;£1.00/unit;£0.57/100ml;prepared-vegetables;87;1.1;17.2;12.6;1.5;0.1;0.5;1.40
sainsburys-tex-mex-dips-500g;Sainsbury's Tex Mex Dip Selection 500g;£2.55/unit;£0.51/100g;deli-meat-alternatives;352;4.8;6.1;2.0;34.2;7.2;0.5;1.33
sainsburys-tex-mex-dips-500g;Sainsbury's Tex Mex Dip Selection 500g;£2.55/unit;£0.51/100g;fresh-dips-houmous;352;4.8;6.1;2.0;34.2;7.2;0.5;1.33
sainsburys-tex-mex-mini-multi-dips-240g;Sainsbury's Tex Mex Dip Selection 240g;£1.70/unit;£0.71/100g;deli-meat-alternatives;212;1.5;4.2;2.9;20.2;7.4;3.7;0.50
sainsburys-tex-mex-mini-multi-dips-240g;Sainsbury's Tex Mex Dip Selection 240g;£1.70/unit;£0.71/100g;fresh-dips-houmous;212;1.5;4.2;2.9;20.2;7.4;3.7;0.50
sainsburys-thai-basil-paste-90g;Sainsbury's Thai Basil Paste 90g;£1.30/unit;£1.44/100g;cooking-pastes;202;1.2;10.1;5.9;16.9;1.0;2.5;3.95
sainsburys-thai-beetroot-soup--taste-the-difference-600g-7644183-p-44;Sainsbury's Thai Beetroot Soup, Taste the Difference 600g;£2.00/unit;£0.33/100g;fresh-soups;49;0.8;6.8;5.3;1.8;1.0;1.2;0.43
sainsburys-thai-green-curry---rice-450g;Sainsbury's Thai Green Curry & Rice 450g;£3.00/unit;£6.67/kg;meals-for-1-ready-meals;151;7.3;14.3;1.1;6.6;3.8;2.3;0.58
sainsburys-thai-green-curry---rice-450g;Sainsbury's Thai Green Curry & Rice 450g;£3.00/unit;£6.67/kg;oriental-ready-meals;151;7.3;14.3;1.1;6.6;3.8;2.3;0.58
sainsburys-thai-herb-paste-75g;Sainsbury's Thai Herb Paste 75g;£0.80/unit;£1.00/100g;asian-ingredients;71;1.2;6.9;5.4;3.6;0.3;3.2;0.39
sainsburys-thai-herb-paste-75g;Sainsbury's Thai Herb Paste 75g;£0.80/unit;£1.00/100g;cooking-pastes;71;1.2;6.9;5.4;3.6;0.3;3.2;0.39
sainsburys-thai-red-curry---rice--be-good-to-yourself-400g;Sainsbury's Thai Red Curry & Rice, Be Good To Yourself 400g;£3.00/unit;£7.50/kg;healthier-choice-ready-meals;87;6.2;11.2;1.3;1.6;0.8;1.6;0.38
sainsburys-thai-red-curry---rice--be-good-to-yourself-400g;Sainsbury's Thai Red Curry & Rice, Be Good To Yourself 400g;£3.00/unit;£7.50/kg;lunchtime-snacks;87;6.2;11.2;1.3;1.6;0.8;1.6;0.38
sainsburys-thai-red-curry---rice--be-good-to-yourself-400g;Sainsbury's Thai Red Curry & Rice, Be Good To Yourself 400g;£3.00/unit;£7.50/kg;meals-for-1-ready-meals;87;6.2;11.2;1.3;1.6;0.8;1.6;0.38
sainsburys-thai-red-curry---rice--be-good-to-yourself-400g;Sainsbury's Thai Red Curry & Rice, Be Good To Yourself 400g;£3.00/unit;£7.50/kg;oriental-ready-meals;87;6.2;11.2;1.3;1.6;0.8;1.6;0.38
sainsburys-thai-red-curry---rice-450g;Sainsbury's Thai Red Curry & Rice 450g;£3.00/unit;£6.67/kg;lunchtime-snacks;148;7.5;14.6;2.1;6.1;3.3;2.4;0.54
sainsburys-thai-red-curry---rice-450g;Sainsbury's Thai Red Curry & Rice 450g;£3.00/unit;£6.67/kg;meals-for-1-ready-meals;148;7.5;14.6;2.1;6.1;3.3;2.4;0.54
sainsburys-thai-red-curry---rice-450g;Sainsbury's Thai Red Curry & Rice 450g;£3.00/unit;£6.67/kg;oriental-ready-meals;148;7.5;14.6;2.1;6.1;3.3;2.4;0.54
sainsburys-thai-takeaway-for-2-11kg;Sainsbury's Thai Takeaway For 2 1.1kg;£7.50/unit;£6.82/kg;oriental-ready-meals;148;7.5;14.6;2.1;6.1;3.3;2.4;0.54
sainsburys-thick-cut-honey-roast-ham--be-good-to-yourself-80g;Sainsbury's Honey Roast Ham Thick Cut, Be Good To Yourself 80g;£1.80/unit;£2.25/100g;ham-82654-44;121;25.8;0.5;0.5;1.7;0.5;0.5;1.48
sainsburys-thick-cut-honey-roast-ham--be-good-to-yourself-80g;Sainsbury's Honey Roast Ham Thick Cut, Be Good To Yourself 80g;£1.80/unit;£2.25/100g;ham;121;25.8;0.5;0.5;1.7;0.5;0.5;1.48
sainsburys-thick-cut-wiltshire-ham--taste-the-difference-120g;Sainsbury's Thick Cut Wiltshire Ham, Taste the Difference 120g;£3.00/unit;£2.50/100g;cooked-meats-taste-the-difference;133;23.3;0.5;0.5;4.4;1.4;0.5;2.50
sainsburys-thick-cut-wiltshire-ham--taste-the-difference-120g;Sainsbury's Thick Cut Wiltshire Ham, Taste the Difference 120g;£3.00/unit;£2.50/100g;ham;133;23.3;0.5;0.5;4.4;1.4;0.5;2.50
sainsburys-thick-cut-wiltshire-ham--taste-the-difference-120g;Sainsbury's Thick Cut Wiltshire Ham, Taste the Difference 120g;£3.00/unit;£2.50/100g;mfp-cooked-meats-snacking-taste-the-difference;133;23.3;0.5;0.5;4.4;1.4;0.5;2.50
sainsburys-thick-smoked-bacon-rashers-x6-300g;Sainsbury's Thick Smoked Bacon Rashers x6 300g;£2.20/unit;£7.33/kg;bacon;262;30.9;0.5;0.5;15.4;5.8;0.5;4.33
sainsburys-thick-unsmoked-bacon-rasher-x6-300g;Sainsbury's Thick Unsmoked Bacon Rasher x6 300g;£2.20/unit;£7.33/kg;bacon;262;30.9;0.5;0.5;15.4;5.8;0.5;4.33
sainsburys-thin---crispy-bbq-chicken-10-pizza-346g;Sainsbury's Thin & Crispy BBQ Chicken Pizza 10'' 346g;£2.20/unit;£6.55/kg;pizza;247;12.9;28.7;3.9;8.2;3.5;3.3;0.98
sainsburys-thin---crispy-cheese---tomato-10-pizza-285g;Sainsbury's Thin & Crispy Cheese & Tomato Pizza 10'' 285g;£2.20/unit;£7.86/kg;pizza;294;14.8;28.6;2.6;12.8;6.1;2.8;1.30
sainsburys-thin---crispy-cheese---tomato-10-pizza-285g;Sainsbury's Thin & Crispy Cheese & Tomato Pizza 10'' 285g;£2.20/unit;£7.86/kg;vegetarian-meat-free-pizza-pasta;294;14.8;28.6;2.6;12.8;6.1;2.8;1.30
sainsburys-thin---crispy-ham---pineapple-10-pizza-360g;Sainsbury's Thin & Crispy Ham & Pineapple Pizza 10'' 360g;£2.20/unit;£6.47/kg;pizza;243;13.3;25.7;3.7;9.1;4.1;2.8;1.33
sainsburys-thin---crispy-hawaiian-pizza-325g;Sainsbury's Thin & Crispy Hawaiian Pizza 325g;£1.60/unit;£4.92/kg;frozen-pizza-garlic-bread;232;11.1;30.8;4.1;6.5;3.0;2.8;0.93
sainsburys-thin---crispy-margherita-pizza-312g;Sainsbury's Thin & Crispy Margherita Pizza 312g;£1.60/unit;£5.13/kg;frozen-pizza-garlic-bread;250;11.5;30.7;2.3;8.6;4.7;2.0;0.65
sainsburys-thin---crispy-meat-feast-pizza-10-325g;Sainsbury's Thin & Crispy Meat Feast Pizza 10'' 325g;£2.20/unit;£6.77/kg;pizza;275;14.9;25.6;2.4;12.0;4.8;2.5;1.38
sainsburys-thin---crispy-pepperoni-pizza-10-285g;Sainsbury's Thin & Crispy Pepperoni Pizza 10'' 285g;£2.20/unit;£7.72/kg;pizza;302;14.1;28.7;2.3;13.9;5.4;2.8;1.40
sainsburys-thin---crispy-pepperoni-pizza-301g;Sainsbury's Thin & Crispy Pepperoni Pizza 310g;£1.60/unit;£5.32/kg;frozen-pizza-garlic-bread;267;11.0;29.8;2.2;11.2;4.8;1.5;0.78
sainsburys-thin---crispy-pizza-base-twin-pack-10;Sainsbury's Thin & Crispy 10" Pizza Base x2 261g;£1.00/unit;£3.83/kg;pizza;313;9.7;49.9;2.1;7.8;0.6;2.1;0.70
sainsburys-thin---crispy-pizza-base-twin-pack-10;Sainsbury's Thin & Crispy 10" Pizza Base x2 261g;£1.00/unit;£3.83/kg;vegetarian-meat-free-pizza-pasta;313;9.7;49.9;2.1;7.8;0.6;2.1;0.70
sainsburys-thin---crispy-sweet-chilli-chicken-pizza-328g;Sainsbury's Thin & Crispy Sweet Chilli Chicken Pizza 328g;£1.60/unit;£4.88/kg;frozen-pizza-garlic-bread;221;9.3;28.8;4.3;7.1;2.4;2.5;0.97
sainsburys-thin---crispy-vegetable-pizza-320g;Sainsbury's Thin & Crispy Vegetable Pizza 320g;£1.60/unit;£5.00/kg;frozen-pizza-garlic-bread;230;7.4;29.0;2.7;8.8;2.6;2.8;1.12
sainsburys-thin---crispy-vegetable-supreme-10-pizza-345g;Sainsbury's Thin & Crispy Vegetable Supreme Pizza 10'' 345g;£2.20/unit;£6.57/kg;pizza;236;11.0;26.8;4.7;8.6;3.6;3.8;0.88
sainsburys-thin---crispy-vegetable-supreme-10-pizza-345g;Sainsbury's Thin & Crispy Vegetable Supreme Pizza 10'' 345g;£2.20/unit;£6.57/kg;vegetarian-meat-free-pizza-pasta;236;11.0;26.8;4.7;8.6;3.6;3.8;0.88
sainsburys-three-cheese---onion-quiche-170g;Sainsbury's Cheese & Onion Quiche 170g;£1.20/unit;£0.71/100g;deli-meat-alternatives;239;7.7;19.8;2.6;13.7;5.0;2.7;0.59
sainsburys-three-cheese---onion-quiche-170g;Sainsbury's Cheese & Onion Quiche 170g;£1.20/unit;£0.71/100g;lunchtime-snacks;239;7.7;19.8;2.6;13.7;5.0;2.7;0.59
sainsburys-three-cheese---onion-quiche-170g;Sainsbury's Cheese & Onion Quiche 170g;£1.20/unit;£0.71/100g;quiche;239;7.7;19.8;2.6;13.7;5.0;2.7;0.59
sainsburys-three-cheese-sauce-350g;Sainsbury's Three Cheese Sauce 350g;£1.40/unit;£0.40/100g;fresh-pasta-sauces;124;5.4;6.5;2.0;8.4;5.6;0.5;0.68
sainsburys-three-cheese-sauce-350g;Sainsbury's Three Cheese Sauce 350g;£1.40/unit;£0.40/100g;vegetarian-meat-free-pizza-pasta;124;5.4;6.5;2.0;8.4;5.6;0.5;0.68
sainsburys-three-colour-pilau-rice-500g;Sainsbury's Three Colour Pilau Rice 500g;£2.00/unit;£4.00/kg;indian-ready-meals;164;3.4;32.4;0.5;1.8;0.1;2.2;0.40
sainsburys-three-colour-pilau-rice-500g;Sainsbury's Three Colour Pilau Rice 500g;£2.00/unit;£4.00/kg;vegetarian-meat-free-ready-meals;164;3.4;32.4;0.5;1.8;0.1;2.2;0.40
sainsburys-tikka---jalfrezi-meal-for-2-14kg;Sainsbury's Tikka & Jalfrezi Meal For 2 1.4kg;£7.50/unit;£5.36/kg;indian-ready-meals;168;3.4;32.7;0.5;2.0;0.2;2.7;0.39
sainsburys-tikka---korma-meal-for-2-14kg;Sainsbury's Tikka & Korma Meal For 2 1.4kg;£7.50/unit;£5.36/kg;indian-ready-meals;147;12.1;8.4;5.4;6.9;3.2;1.0;1.38
sainsburys-tikka---madras-meal-for-2-14kg;Sainsbury's Tikka & Madras Meal For 2 1.4kg;£7.50/unit;£5.33/kg;indian-ready-meals;168;3.4;32.7;0.0;2.0;0.2;2.7;0.39
sainsburys-tikka-cooked-chicken-slices--basics-230g;Sainsbury's Cooked Chicken Slices, Tikka, Basics 230g;£2.05/unit;£0.89/100g;cooked-chicken-turkey;121;23.8;2.7;1.6;1.7;0.5;0.5;0.70
sainsburys-tikka-cooked-chicken-slices--basics-230g;Sainsbury's Cooked Chicken Slices, Tikka, Basics 230g;£2.05/unit;£0.89/100g;mfp-cooked-chicken-turkey;121;23.8;2.7;1.6;1.7;0.5;0.5;0.70
sainsburys-tikka-paste-290g;Sainsbury's Tikka Curry Paste 290g;£1.60/unit;£0.55/100g;cooking-pastes;116;2.6;9.2;8.5;6.7;1.6;4.4;1.17
sainsburys-timperley-rhubarb-west-country-yogurt--taste-the-difference-150g;Sainsbury's West Country Timperley Rhubarb Yogurt, Taste the Difference 150g;£0.75/unit;£0.50/100g;luxury-yogurts;506121;2.6;12.6;12.4;6.6;4.1;0.5;0.10
sainsburys-tiramisu-125g;Sainsbury's Tiramisu 125g;£1.10/unit;£0.88/100g;desserts;247;2.2;23.2;17.6;16.1;10.4;0.4;0.15
sainsburys-tiramisu-italian-dessert-2x100g;Sainsbury's Tiramisu Italian Dessert 2x100g;£1.50/unit;£0.75/100g;desserts;261;3.8;34;22;11;7.9;2.0;0.13
sainsburys-tiramisu-italian-dessert-500g;Sainsbury's Tiramisu Italian Dessert 500g;£2.25/unit;£0.45/100g;desserts;262;3.7;33;21;11;8.6;1.3;0.10
sainsburys-toad-in-the-hole--basics-250g;Sainsbury's Toad In The Hole, Basics 250g;£1.00/unit;£4.00/kg;frozen-ready-meals;235;13.7;22.4;2.3;9.5;3.4;2.5;0.95
sainsburys-toffee---pecan-roulade--taste-the-difference-420g-%28serves-6%29;Sainsbury's Toffee & Pecan Roulade, Taste the Difference 420g (serves 6);£4.00/unit;£0.95/100g;frozen-cold-desserts;391;3.7;54.6;46.4;17.4;10.3;0.6;0.18
sainsburys-toffee---vanilla-cones-4x110ml;Sainsbury's Ice Cream Cones, Toffee & Vanilla 4x110ml;£1.00/unit;£0.23/100ml;lollies-bars-cones;275;3.5;39.1;24.1;11.5;8.3;0.6;0.09
sainsburys-toffee---vanilla-ice-cream-900ml;Sainsbury's Toffee & Vanilla Ice Cream 900ml;£2.00/unit;£0.22/100ml;ice-cream-tubs;184;2.8;28.3;22.4;6.5;5.3;0.6;0.16
sainsburys-toffee-biscuit-7x40g;Sainsbury's Toffee Biscuit 7x40g;£1.50/unit;£0.54/100g;chocolate;495;5.0;64.0;47.0;24.0;14.0;1.7;0.40
sainsburys-toffee-honeycomb-500ml;Sainsbury's Toffee Honeycomb Ice Cream 500ml;£2.50/unit;£0.50/100ml;ice-cream-tubs;236;3.2;32.0;20.0;10.5;6.6;0.6;0.22
sainsburys-toffee-sponges-2x110g;Sainsbury's Toffee Sponges 2x110g;£1.75/unit;£0.80/100g;desserts;364;3.0;57;42;13;8.0;2.3;0.69
sainsburys-toffee-sundae-140g;Sainsbury's Toffee Sundae 140g;£1.10/unit;£0.79/100g;desserts;263;2.8;22.2;16.7;18.0;12.0;0.4;0.15
sainsburys-tom-yum-soup-paste-190g;Sainsbury's Tom Yum Soup Paste 190g;£1.99/unit;£1.05/100g;cooking-pastes;177;2.0;12.4;9.4;12.6;0.9;2.9;4.35
sainsburys-tomato---basil-chicken--be-good-to-yourself-400g;Sainsbury's Tomato & Basil Chicken, Be Good To Yourself 400g;£3.00/unit;£7.50/kg;healthier-choice-ready-meals;95;7.0;11.4;2.4;2.0;0.2;1.7;0.38
sainsburys-tomato---basil-chicken--be-good-to-yourself-400g;Sainsbury's Tomato & Basil Chicken, Be Good To Yourself 400g;£3.00/unit;£7.50/kg;meals-for-1-ready-meals;95;7.0;11.4;2.4;2.0;0.2;1.7;0.38
sainsburys-tomato---basil-chicken--be-good-to-yourself-400g;Sainsbury's Tomato & Basil Chicken, Be Good To Yourself 400g;£3.00/unit;£7.50/kg;mediterranean-other-cuisine-ready-meals;95;7.0;11.4;2.4;2.0;0.2;1.7;0.38
sainsburys-tomato---basil-chicken-pasta--be-good-to-yourself-225g;Sainsbury's Tomato & Basil Chicken Pasta, Be Good To Yourself 225g;£2.60/unit;£1.16/100g;coleslaw-salads;141;7.8;19.6;2.2;3.2;0.4;1.4;0.29
sainsburys-tomato---basil-chicken-pasta--be-good-to-yourself-225g;Sainsbury's Tomato & Basil Chicken Pasta, Be Good To Yourself 225g;£2.60/unit;£1.16/100g;lunchtime-snacks;141;7.8;19.6;2.2;3.2;0.4;1.4;0.29
sainsburys-tomato---basil-chicken-pasta-225g;Sainsbury's Tomato & Basil Chicken Pasta Salad 225g;£2.60/unit;£1.16/100g;coleslaw-salads;179;7.4;19.0;1.4;7.9;1.5;1.1;0.49
sainsburys-tomato---basil-chicken-pasta-225g;Sainsbury's Tomato & Basil Chicken Pasta Salad 225g;£2.60/unit;£1.16/100g;lunchtime-snacks;179;7.4;19.0;1.4;7.9;1.5;1.1;0.49
sainsburys-tomato---basil-chicken-pasta-225g;Sainsbury's Tomato & Basil Chicken Pasta Salad 225g;£2.60/unit;£1.16/100g;prepared-salad-herbs;179;7.4;19.0;1.4;7.9;1.5;1.1;0.49
sainsburys-tomato---basil-chicken-pasta-350g;Sainsbury's Tomato & Basil Chicken Pasta Salad 350g;£3.20/unit;£0.84/100g;coleslaw-salads;179;7.4;19.0;1.4;7.9;1.5;1.1;0.49
sainsburys-tomato---basil-chicken-pasta-350g;Sainsbury's Tomato & Basil Chicken Pasta Salad 350g;£3.20/unit;£0.84/100g;lunchtime-snacks;179;7.4;19.0;1.4;7.9;1.5;1.1;0.49
sainsburys-tomato---basil-chicken-pasta-350g;Sainsbury's Tomato & Basil Chicken Pasta Salad 350g;£3.20/unit;£0.84/100g;prepared-salad-herbs;179;7.4;19.0;1.4;7.9;1.5;1.1;0.49
sainsburys-tomato---basil-houmous--be-good-to-yourself-200g;Sainsbury's Tomato & Basil Houmous, Be Good To Yourself 200g;£1.00/unit;£0.50/100g;deli-meat-alternatives;164;5.9;10.4;0.7;9.2;1.0;7.8;0.79
sainsburys-tomato---basil-houmous--be-good-to-yourself-200g;Sainsbury's Tomato & Basil Houmous, Be Good To Yourself 200g;£1.00/unit;£0.50/100g;fresh-dips-houmous;164;5.9;10.4;0.7;9.2;1.0;7.8;0.79
sainsburys-tomato---basil-pasta-550g;Sainsbury's Tomato & Basil Pasta 550g;£2.00/unit;£0.50/100g;coleslaw--olives--salads---dips-30658-44;147;3.8;21.2;5.4;4.9;0.7;1.5;0.98
sainsburys-tomato---basil-pasta-550g;Sainsbury's Tomato & Basil Pasta 550g;£2.00/unit;£0.50/100g;coleslaw-salads;147;3.8;21.2;5.4;4.9;0.7;1.5;0.98
sainsburys-tomato---basil-pasta-550g;Sainsbury's Tomato & Basil Pasta 550g;£2.00/unit;£0.50/100g;dressings-coleslaw-accompaniments;147;3.8;21.2;5.4;4.9;0.7;1.5;0.98
sainsburys-tomato---basil-pasta-550g;Sainsbury's Tomato & Basil Pasta 550g;£2.00/unit;£0.50/100g;lunchtime-snacks;147;3.8;21.2;5.4;4.9;0.7;1.5;0.98
sainsburys-tomato---basil-pasta-550g;Sainsbury's Tomato & Basil Pasta 550g;£2.00/unit;£0.50/100g;prepared-salad-herbs;147;3.8;21.2;5.4;4.9;0.7;1.5;0.98
sainsburys-tomato---basil-sauce-350g;Sainsbury's Tomato & Basil Sauce 350g;£1.40/unit;£0.40/100g;fresh-pasta-sauces;58;1.6;7.0;6.9;2.5;0.4;0.7;0.30
sainsburys-tomato---basil-sauce-350g;Sainsbury's Tomato & Basil Sauce 350g;£1.40/unit;£0.40/100g;vegetarian-meat-free-pizza-pasta;58;1.6;7.0;6.9;2.5;0.4;0.7;0.30
sainsburys-tomato---basil-soup-600g;Sainsbury's Tomato & Basil Soup 600g;£1.40/unit;£0.23/100g;fresh-soups;40;1.4;5.7;5.3;1.1;0.2;0.7;0.43
sainsburys-tomato---cheese-bake--be-good-to-yourself-400g;Sainsbury's Tomato & Cheese Bake, Be Good To Yourself 400g;£2.40/unit;£6.00/kg;healthier-choice-ready-meals;91;3.7;14.2;3.4;1.9;1.1;1.1;0.42
sainsburys-tomato---cheese-bake--be-good-to-yourself-400g;Sainsbury's Tomato & Cheese Bake, Be Good To Yourself 400g;£2.40/unit;£6.00/kg;italian-ready-meals;91;3.7;14.2;3.4;1.9;1.1;1.1;0.42
sainsburys-tomato---cheese-bake--be-good-to-yourself-400g;Sainsbury's Tomato & Cheese Bake, Be Good To Yourself 400g;£2.40/unit;£6.00/kg;meals-for-1-ready-meals;91;3.7;14.2;3.4;1.9;1.1;1.1;0.42
sainsburys-tomato---cheese-bake--be-good-to-yourself-400g;Sainsbury's Tomato & Cheese Bake, Be Good To Yourself 400g;£2.40/unit;£6.00/kg;vegetarian-meat-free-ready-meals;91;3.7;14.2;3.4;1.9;1.1;1.1;0.42
sainsburys-tomato---chilli-chutney--taste-the-difference-300g;Sainsbury's Chutney Tomato & Chilli, Taste the Difference 300g;£1.80/unit;£0.60/100g;chutneys-pickle-relishes;198;1.4;38.1;36.2;3.8;0.7;2.7;1.25
sainsburys-tomato---garlic-pizza-bread-260g;Sainsbury's Tomato & Garlic Pizza bread 260g;£1.70/unit;£0.65/100g;garlic-bread;263;8.9;42.5;3.0;5.7;2.6;2.9;1.13
sainsburys-tomato---garlic-pizza-bread-260g;Sainsbury's Tomato & Garlic Pizza bread 260g;£1.70/unit;£0.65/100g;vegetarian-meat-free-pizza-pasta;263;8.9;42.5;3.0;5.7;2.6;2.9;1.13
sainsburys-tomato---herb-sauce-500g;Sainsbury's Tomato & Herb Sauce 500g;£2.00/unit;£0.40/100g;stock---gravy;64;2.0;7.8;7.3;2.5;0.3;1.2;0.25
sainsburys-tomato---jalapeno-relish-320g;Sainsbury's Tomato & Jalapeno Relish 320g;£1.20/unit;£0.38/100g;chutneys-pickle-relishes;136;1.3;31.6;29.2;0.5;0.1;1.9;2.03
sainsburys-tomato---mozzarella-800g;Sainsbury's Tomato & Mozzarella 800g;£3.50/unit;£4.38/kg;italian-ready-meals;129;4.8;17.0;3.2;3.9;1.5;3.4;0.45
sainsburys-tomato---mozzarella-800g;Sainsbury's Tomato & Mozzarella 800g;£3.50/unit;£4.38/kg;vegetarian-meat-free-ready-meals;129;4.8;17.0;3.2;3.9;1.5;3.4;0.45
sainsburys-tomato---mozzarella-bake-430g;Sainsbury's Tomato & Mozzarella Bake 430g;£2.30/unit;£5.35/kg;italian-ready-meals;129;4.8;17.0;3.2;3.9;1.5;3.4;0.45
sainsburys-tomato---mozzarella-bake-430g;Sainsbury's Tomato & Mozzarella Bake 430g;£2.30/unit;£5.35/kg;meals-for-1-ready-meals;129;4.8;17.0;3.2;3.9;1.5;3.4;0.45
sainsburys-tomato---mozzarella-salad-bowl--taste-the-difference-170g;Sainsbury's Tomato & Mozzarella Salad Bowl, Taste the Difference 170g;£2.50/unit;£1.56/100g;coleslaw-salads;102;6.2;3.7;2.3;6.6;2.1;1.6;0.40
sainsburys-tomato---mozzarella-salad-bowl--taste-the-difference-170g;Sainsbury's Tomato & Mozzarella Salad Bowl, Taste the Difference 170g;£2.50/unit;£1.56/100g;fresh-salad-prepared-ready-to-eat;102;6.2;3.7;2.3;6.6;2.1;1.6;0.40
sainsburys-tomato---mozzarella-salad-bowl--taste-the-difference-170g;Sainsbury's Tomato & Mozzarella Salad Bowl, Taste the Difference 170g;£2.50/unit;£1.56/100g;lunchtime-snacks;102;6.2;3.7;2.3;6.6;2.1;1.6;0.40
sainsburys-tomato---mozzarella-salad-bowl--taste-the-difference-170g;Sainsbury's Tomato & Mozzarella Salad Bowl, Taste the Difference 170g;£2.50/unit;£1.56/100g;prepared-salad-herbs;102;6.2;3.7;2.3;6.6;2.1;1.6;0.40
sainsburys-tomato---smoked-bacon-sauce-350g;Sainsbury's Tomato & Smoked Bacon Sauce 350g;£1.40/unit;£0.40/100g;fresh-pasta-sauces;53;3.3;6.6;6.0;1.3;0.2;0.6;0.50
sainsburys-tomato---smokey-bacon-pasta-430g;Sainsbury's Tomato & Smokey Bacon Pasta 430g;£2.30/unit;£5.35/kg;italian-ready-meals;92;4.2;11.1;4.6;2.8;0.9;2.8;0.38
sainsburys-tomato---smokey-bacon-pasta-430g;Sainsbury's Tomato & Smokey Bacon Pasta 430g;£2.30/unit;£5.35/kg;meals-for-1-ready-meals;92;4.2;11.1;4.6;2.8;0.9;2.8;0.38
sainsburys-tomato--lentil---red-pepper-soup-600g;Sainsbury's Tomato, Lentil & Red Pepper Soup 600g;£1.40/unit;£0.23/100g;fresh-soups;59;3.4;7.8;2.4;1.2;0.1;1.6;0.45
sainsburys-tomato--olive---spinach-pasta-350g;Sainsbury's Tomato, Olive & Spinach Pasta 350g;£2.00/unit;£0.57/100g;coleslaw--olives--salads---dips-30658-44;184;3.7;20.9;4.6;9.2;0.6;1.5;0.70
sainsburys-tomato--olive---spinach-pasta-350g;Sainsbury's Tomato, Olive & Spinach Pasta 350g;£2.00/unit;£0.57/100g;coleslaw-salads;184;3.7;20.9;4.6;9.2;0.6;1.5;0.70
sainsburys-tomato--olive---spinach-pasta-350g;Sainsbury's Tomato, Olive & Spinach Pasta 350g;£2.00/unit;£0.57/100g;dressings-coleslaw-accompaniments;184;3.7;20.9;4.6;9.2;0.6;1.5;0.70
sainsburys-tomato--olive---spinach-pasta-350g;Sainsbury's Tomato, Olive & Spinach Pasta 350g;£2.00/unit;£0.57/100g;lunchtime-snacks;184;3.7;20.9;4.6;9.2;0.6;1.5;0.70
sainsburys-tomato--olive---spinach-pasta-350g;Sainsbury's Tomato, Olive & Spinach Pasta 350g;£2.00/unit;£0.57/100g;prepared-salad-herbs;184;3.7;20.9;4.6;9.2;0.6;1.5;0.70
sainsburys-tomato-juice--not-from-concentrate-1l;Sainsbury's Tomato Juice, Not From Concentrate 1L;£1.40/unit;£0.14/100ml;chilled-fruit-juice;22;0.9;4.2;4.2;0.5;0.1;0.5;0.45
sainsburys-tomato-ketchup--basics-460g;Sainsbury's Tomato Ketchup, Basics 460g;£0.35/unit;£0.08/100g;tomato-ketchup-brown-bbq-other-sauces;112;1.2;24.9;24.9;0.5;0.1;0.9;0.80
sainsburys-tomato-ketchup--organic-460g;Sainsbury's Tomato Ketchup, SO Organic 460g;£1.40/unit;£0.30/100g;tomato-ketchup-brown-bbq-other-sauces;98;1.2;22.1;20.9;0.5;0.1;1.3;1.17
sainsburys-tomato-ketchup--reduced-salt-460g;Sainsbury's Tomato Ketchup, Reduced Salt 460g;£1.00/unit;£0.22/100g;tomato-ketchup-brown-bbq-other-sauces;68;2.1;13.9;12.4;0.1;0.0;1.4;0.49
sainsburys-tomato-ketchup-680g;Sainsbury's Tomato Ketchup 680g;£1.20/unit;£0.18/100g;tomato-ketchup-brown-bbq-other-sauces;99;1.9;22.0;21.6;0.5;0.1;1.4;1.05
sainsburys-tomato-ketchup-970g;Sainsbury's Tomato Ketchup 970g;£1.40/unit;£0.14/100g;tomato-ketchup-brown-bbq-other-sauces;99;1.9;22.0;21.6;0.5;0.1;1.4;1.05
sainsburys-tomato-relish-320g;Sainsbury's Tomato Relish 320g;£1.20/unit;£0.38/100g;chutneys-pickle-relishes;135;1.5;31.2;30.4;0.5;0.1;1.7;1.51
sainsburys-tomato-relish-320g;Sainsbury's Tomato Relish 320g;£1.20/unit;£0.38/100g;tomato-ketchup-brown-bbq-other-sauces;135;1.5;31.2;30.4;0.5;0.1;1.7;1.51
sainsburys-tomatoes-%28loose%29;Sainsbury's Tomatoes (loose);£2.00/kg;£2.00/kg;fresh-salad-tomatoes;20;0.7;3.1;3.1;0.5;0.1;1.0;0.02
sainsburys-tomatoes-%28loose%29;Sainsbury's Tomatoes (loose);£2.00/kg;£2.00/kg;fresh-vegetables-tomatoes;20;0.7;3.1;3.1;0.5;0.1;1.0;0.02
sainsburys-tomatoes--basics-450g;Sainsbury's Tomatoes, Basics 450g;£0.70/unit;£1.56/kg;fresh-salad-tomatoes;20;0.7;3.1;3.1;0.5;0.1;1.0;0.02
sainsburys-tomatoes--basics-450g;Sainsbury's Tomatoes, Basics 450g;£0.70/unit;£1.56/kg;fresh-vegetables-tomatoes;20;0.7;3.1;3.1;0.5;0.1;1.0;0.02
sainsburys-tomatoes-on-the-vine;Sainsbury's Tomatoes On The Vine 400g;£1.20/unit;£3.00/kg;fresh-salad-tomatoes;20;0.7;3.1;3.1;0.5;0.1;1.0;0.02
sainsburys-tomatoes-on-the-vine;Sainsbury's Tomatoes On The Vine 400g;£1.20/unit;£3.00/kg;fresh-vegetables-tomatoes;20;0.7;3.1;3.1;0.5;0.1;1.0;0.02
sainsburys-tonic--diet-twist-of-lime-1l;Sainsbury's Diet Indian Tonic with Lime 1L;£0.50/unit;£0.05/100ml;mixers-12333-44;2;0.5;0.5;0.5;0.5;0.1;0.5;0.04
sainsburys-tonic--diet-twist-of-lime-1l;Sainsbury's Diet Indian Tonic with Lime 1L;£0.50/unit;£0.05/100ml;mixers;2;0.5;0.5;0.5;0.5;0.1;0.5;0.04
sainsburys-tonic-water--diet-1l;Sainsbury's Diet Indian Tonic Water 1L;£0.50/unit;£0.05/100ml;mixers-12333-44;1;0.5;0.5;0.5;0.5;0.1;0.5;0.05
sainsburys-tonic-water--diet-1l;Sainsbury's Diet Indian Tonic Water 1L;£0.50/unit;£0.05/100ml;mixers;1;0.5;0.5;0.5;0.5;0.1;0.5;0.05
sainsburys-tonic-water--diet-with-a-dash-of-lemon-1l;Sainsbury's Diet Indian Tonic with Lemon 1L;£0.50/unit;£0.05/100ml;mixers-12333-44;2;0.5;0.5;0.5;0.5;0.1;0.5;0.04
sainsburys-tonic-water--diet-with-a-dash-of-lemon-1l;Sainsbury's Diet Indian Tonic with Lemon 1L;£0.50/unit;£0.05/100ml;mixers;2;0.5;0.5;0.5;0.5;0.1;0.5;0.04
sainsburys-tonic-water-6x250ml;Sainsbury's Indian Tonic Water 6x250ml;£2.10/unit;£0.14/100ml;mixers-12333-44;31;0.5;7.4;7.4;0.5;0.1;0.5;0.05
sainsburys-tonic-water-6x250ml;Sainsbury's Indian Tonic Water 6x250ml;£2.10/unit;£0.14/100ml;mixers;31;0.5;7.4;7.4;0.5;0.1;0.5;0.05
sainsburys-top-crust-steak-pie--taste-the-difference-600g;Sainsbury's Top Crust Steak Pie, Taste the Difference 600g;£5.50/unit;£0.92/100g;british-ready-meals;188;13.4;10.5;1.1;10.0;6.0;1.0;0.63
sainsburys-top-crust-steak-pie--taste-the-difference-600g;Sainsbury's Top Crust Steak Pie, Taste the Difference 600g;£5.50/unit;£0.92/100g;hot-cold-pies;188;13.4;10.5;1.1;10.0;6.0;1.0;0.63
sainsburys-top-crust-steak-pie--taste-the-difference-600g;Sainsbury's Top Crust Steak Pie, Taste the Difference 600g;£5.50/unit;£0.92/100g;taste-the-difference-bistro-ready-meals;188;13.4;10.5;1.1;10.0;6.0;1.0;0.63
sainsburys-topped---crusted-cod-with-a-chorizo---tomato-sauce-x2-300g;Sainsbury's Topped & Crusted Cod With A Chorizo & Tomato Sauce x2 300g;£3.25/unit;£10.83/kg;frozen-fish-seafood;122;11.9;7.3;3.2;4.9;1.2;0.8;0.85
sainsburys-topped---crusted-sole-with-a-creamy-cheddar-cheese---spinach-sauce-x2-300g;Sainsbury's Topped & Crusted Sole With A Creamy Cheddar Cheese & Spinach Sauce x2 300g;£3.25/unit;£10.83/kg;frozen-fish-seafood;162;16.7;7.1;0.7;7.2;3.2;0.7;0.70
sainsburys-toscano-extra-virgin-olive-oil--taste-the-difference-500ml;Sainsbury's Toscano Extra Virgin Olive Oil, Taste the Difference 500ml;£5.75/unit;£1.15/100ml;oils;823;0.5;0.5;0.5;91.4;13.1;0.5;0.01
sainsburys-toulouse-inspired-pork-sausages--taste-the-difference-%28gluten-free%29-x6-400g;Sainsbury's Gluten Free Toulouse Inspired Pork Sausages, Taste the Difference x6 400g;£2.80/unit;£7.00/kg;burgers-bbq;311;23.9;0.5;0.5;23.7;8.8;0.6;1.47
sainsburys-toulouse-inspired-pork-sausages--taste-the-difference-%28gluten-free%29-x6-400g;Sainsbury's Gluten Free Toulouse Inspired Pork Sausages, Taste the Difference x6 400g;£2.80/unit;£7.00/kg;organic-taste-the-difference;311;23.9;0.5;0.5;23.7;8.8;0.6;1.47
sainsburys-toulouse-inspired-pork-sausages--taste-the-difference-%28gluten-free%29-x6-400g;Sainsbury's Gluten Free Toulouse Inspired Pork Sausages, Taste the Difference x6 400g;£2.80/unit;£7.00/kg;sausages;311;23.9;0.5;0.5;23.7;8.8;0.6;1.47
sainsburys-traditional-sliced-runner-beans-400g;Sainsbury's Traditional Sliced Runner Beans 400g;£3.00/unit;£7.50/kg;peas-beans-sweetcorn-asparagus;30;1.6;3.2;2.8;0.4;0.1;3.4;0.00
sainsburys-traditional-sliced-runner-beans-400g;Sainsbury's Traditional Sliced Runner Beans 400g;£3.00/unit;£7.50/kg;prepared-vegetables;30;1.6;3.2;2.8;0.4;0.1;3.4;0.00
sainsburys-traditionally-cut-runner-beans-185g;Sainsbury's Traditionally Cut Runner Beans 185g;£1.50/unit;£8.11/kg;peas-beans-sweetcorn-asparagus;30;1.6;3.2;2.8;0.4;0.1;3.4;0.00
sainsburys-traditionally-cut-runner-beans-185g;Sainsbury's Traditionally Cut Runner Beans 185g;£1.50/unit;£8.11/kg;prepared-vegetables;30;1.6;3.2;2.8;0.4;0.1;3.4;0.00
sainsburys-treacle-tart-410g;Sainsbury's Treacle Tart 410g;£2.75/unit;£0.69/100g;desserts;398;3.5;63.4;41.7;14.2;7.8;1.3;0.58
sainsburys-trifle-sponges-160g;Sainsbury's Trifle Sponges 160g;£0.90/unit;£0.56/100g;meringues-bases;354;8.6;70.8;43.5;4.0;1.0;1.4;0.76
sainsburys-trimmed-mange-tout-200g;Sainsbury's Trimmed Mange Tout 200g;£1.50/unit;£7.50/kg;peas-beans-sweetcorn-asparagus;37;3.6;4.2;2.8;0.2;0.0;2.0;
sainsburys-trio-of-olives-250g;Sainsbury's Trio Of Olives 250g;£3.35/unit;£1.34/100g;deli-meat-alternatives;150;1.1;5.1;0.5;12.8;2.0;5.4;2.62
sainsburys-trio-of-olives-250g;Sainsbury's Trio Of Olives 250g;£3.35/unit;£1.34/100g;olives-tapas-antipasti;150;1.1;5.1;0.5;12.8;2.0;5.4;2.62
sainsburys-triple-chocolate-brownie-cake--taste-the-difference-875g;Sainsbury's Caramel Brownie Cake, Taste the Difference 875g;£6.00/unit;£0.82/100g;celebration-cakes;436;3.1;59.0;48.9;20.5;9.4;1.4;0.44
sainsburys-triple-chocolate-brownie-cake--taste-the-difference-875g;Sainsbury's Caramel Brownie Cake, Taste the Difference 875g;£6.00/unit;£0.82/100g;sponge-slab-loaf-cakes;436;3.1;59.0;48.9;20.5;9.4;1.4;0.44
sainsburys-triple-chocolate-chip-muffins-x4;Sainsbury's Mufffins, Triple Chocolate Chip x4;£1.70/unit;£0.43/ea;cakes-from-our-bakery-12374-44;1770423;6.3;47.7;39.9;22.4;4.8;3.0;0.43
sainsburys-triple-chocolate-chip-muffins-x4;Sainsbury's Mufffins, Triple Chocolate Chip x4;£1.70/unit;£0.43/ea;cakes-from-our-bakery;1770423;6.3;47.7;39.9;22.4;4.8;3.0;0.43
sainsburys-triple-chocolate-cookies--taste-the-difference-x4;Sainsbury's Cookies, Triple Chocolate, Taste the Difference x4;£1.00/unit;£0.25/ea;doughnuts-cookies;478;5.6;59.9;48.6;23.5;11.8;2.3;0.63
sainsburys-triple-chocolate-gateau-600g;Sainsbury's Triple Chocolate Gateau 600g;£2.00/unit;£0.33/100g;frozen-cold-desserts;242;4.2;27.8;21.2;12.3;7.4;2.0;0.15
sainsburys-triple-chocolate-sundae-140g;Sainsbury's Triple Chocolate Sundae 140g;£1.10/unit;£0.79/100g;desserts;261;3.7;24.1;12.8;16.5;10.1;0.4;0.13
sainsburys-triple-layer-blackcurrant-cake--taste-the-difference-580g;Sainsbury's Triple Layer Blackcurrant Cake, Taste the Difference 580g;£6.00/unit;£0.90/100g;celebration-cakes;439;2.9;57.6;39.4;21.6;9.7;1.4;0.40
sainsburys-triple-layer-blackcurrant-cake--taste-the-difference-580g;Sainsbury's Triple Layer Blackcurrant Cake, Taste the Difference 580g;£6.00/unit;£0.90/100g;sponge-slab-loaf-cakes;439;2.9;57.6;39.4;21.6;9.7;1.4;0.40
sainsburys-triple-layer-chocolate-cake;Sainsbury's Triple Layer Chocolate Cake;£12.00/unit;£6.32/kg;celebration-cakes;432;5.2;47.4;31.4;24.0;8.2;2.8;0.49
sainsburys-triple-layer-red-velvet-cake--taste-the-difference-580g;Sainsbury's Red Velvet Triple Layer Cake, Taste the Difference 580g;£6.00/unit;£1.06/100g;celebration-cakes;428;2.8;52.8;42.8;22.7;7.3;0.8;0.37
sainsburys-triple-layer-red-velvet-cake--taste-the-difference-580g;Sainsbury's Red Velvet Triple Layer Cake, Taste the Difference 580g;£6.00/unit;£1.06/100g;sponge-slab-loaf-cakes;428;2.8;52.8;42.8;22.7;7.3;0.8;0.37
sainsburys-triple-salami-stonebaked-pizza-408g;Sainsbury's Stonebaked Triple Salami Pizza 408g;£2.60/unit;£6.37/kg;frozen-pizza-garlic-bread;266;11.1;26.7;3.6;12.1;4.6;2.9;1.39
sainsburys-tropical-crunchy-1kg;Sainsbury's Granola, Tropical 1kg;£2.00/unit;£0.20/100g;bigger-packs;435;9.2;63.6;22.8;14.5;7.8;6.9;0.05
sainsburys-tropical-fruit-platter-400g;Sainsbury's Tropical Fruit Platter 400g;£2.50/unit;£6.25/kg;prepared-fruit;46;0.5;10.0;9.9;0.5;0.1;1.1;0.01
sainsburys-tropical-juice-1l;Sainsbury's Tropical Juice, Not From Concentrate 1L;£1.40/unit;£0.14/100ml;chilled-fruit-juice;47;0.5;11.2;11.2;0.5;0.1;0.5;0.01
sainsburys-trout-fillets--basics-%28approx-260g%29;Sainsbury's Trout Fillets, Basics (approx. 260g);£9.00/kg;£9.00/kg;filleted-whole-fish;149;24.0;0.5;0.5;5.8;1.0;0.5;0.15
sainsburys-trout-fillets-x2-%28approx-400g%29;Sainsbury's Trout Fillets x2 (approx. 400g);£12.75/kg;£12.75/kg;filleted-whole-fish;149;24.0;0.5;0.5;5.8;1.0;0.5;0.15
sainsburys-tuna---sweetcorn-deli-filler--be-good-to-yourself-230g;Sainsbury's Tuna & Sweetcorn Deli Filler, Be Good To Yourself 230g;£1.65/unit;£0.72/100g;sandwich-fillers2;128;12.6;7.2;1.5;5.1;0.4;1.2;0.70
sainsburys-tuna---sweetcorn-deli-filler--be-good-to-yourself-230g;Sainsbury's Tuna & Sweetcorn Deli Filler, Be Good To Yourself 230g;£1.65/unit;£0.72/100g;sandwich-fillers;128;12.6;7.2;1.5;5.1;0.4;1.2;0.70
sainsburys-tuna---sweetcorn-deli-filler-230g;Sainsbury's Tuna & Sweetcorn Deli Filler 230g;£1.65/unit;£0.72/100g;sandwich-fillers2;188;10.2;5.0;2.7;13.9;1.1;1.0;0.81
sainsburys-tuna---sweetcorn-deli-filler-230g;Sainsbury's Tuna & Sweetcorn Deli Filler 230g;£1.65/unit;£0.72/100g;sandwich-fillers;188;10.2;5.0;2.7;13.9;1.1;1.0;0.81
sainsburys-tuna---sweetcorn-pasta-300g;Sainsbury's Tuna & Sweetcorn Pasta Salad 300g;£2.00/unit;£0.67/100g;coleslaw-salads;165;5.5;22.7;2.0;5.5;0.6;1.3;0.44
sainsburys-tuna---sweetcorn-pasta-300g;Sainsbury's Tuna & Sweetcorn Pasta Salad 300g;£2.00/unit;£0.67/100g;lunchtime-snacks;165;5.5;22.7;2.0;5.5;0.6;1.3;0.44
sainsburys-tuna---sweetcorn-pasta-300g;Sainsbury's Tuna & Sweetcorn Pasta Salad 300g;£2.00/unit;£0.67/100g;prepared-salad-herbs;165;5.5;22.7;2.0;5.5;0.6;1.3;0.44
sainsburys-tuna-crunch-deli-filler-230g;Sainsbury's Tuna Crunch Deli Filler 230g;£1.65/unit;£0.72/100g;sandwich-fillers2;175;13.9;3.7;2.4;11.6;0.9;0.5;0.93
sainsburys-tuna-crunch-deli-filler-230g;Sainsbury's Tuna Crunch Deli Filler 230g;£1.65/unit;£0.72/100g;sandwich-fillers;175;13.9;3.7;2.4;11.6;0.9;0.5;0.93
sainsburys-tuna-p%C3%A2t%C3%A9-115g;Sainsbury's Tuna Pâté 115g;£1.20/unit;£1.04/100g;mfp-pate;379;11.4;10.8;0.5;32.1;6.0;0.5;0.65
sainsburys-tuna-p%C3%A2t%C3%A9-115g;Sainsbury's Tuna Pâté 115g;£1.20/unit;£1.04/100g;pate;379;11.4;10.8;0.5;32.1;6.0;0.5;0.65
sainsburys-tuna-pasta-bake-430g;Sainsbury's Tuna Pasta Bake 430g;£2.30/unit;£5.35/kg;italian-ready-meals;154;8.1;15.7;2.6;6.2;3.7;-1;0.43
sainsburys-tuna-pasta-bake-430g;Sainsbury's Tuna Pasta Bake 430g;£2.30/unit;£5.35/kg;meals-for-1-ready-meals;154;8.1;15.7;2.6;6.2;3.7;-1;0.43
sainsburys-tuna-steaks-x2-%28approx-200g%29;Sainsbury's Tuna Steaks x2 (approx. 200g);£22.00/kg;£22.00/kg;filleted-whole-fish;133;29.8;0.5;0.5;1.4;0.3;0.5;0.14
sainsburys-turkey-breast-fillet-portions-260g;Sainsbury's British Turkey Breast Fillet Portions 260g;£2.20/unit;£8.46/kg;turkey;127;29.4;0.5;0.5;1.0;0.4;0.5;0.15
sainsburys-turkey-breast-joint-500g;Sainsbury's Turkey Breast Joint 500g;£4.00/unit;£8.00/kg;turkey;171;29.3;0.5;0.5;5.7;1.6;0.5;0.25
sainsburys-turkey-breast-mince-250g;Sainsbury's Turkey Breast Mince 2% Fat 250g;£2.25/unit;£9.00/kg;turkey;164;36.0;0.5;0.5;2.0;0.5;0.5;0.25
sainsburys-turkey-breast-mini-fillets-500g;Sainsbury's Turkey Breast Mini Fillets 500g;£4.00/unit;£8.00/kg;turkey;0;0.5;0.5;0.5;0.5;0.1;0.5;0.01
sainsburys-turkey-meatballs-400g;Sainsbury's Turkey Meatballs 400g;£2.50/unit;£6.25/kg;turkey;164;23.8;5.8;0.5;5.0;1.6;0.5;0.75
sainsburys-turkey-steaks-230g;Sainsbury's Turkey Steaks 230g;£2.50/unit;£10.87/kg;turkey;140;30.0;0.5;0.5;1.9;0.5;1.4;0.20
sainsburys-turkey-steaks-460g;Sainsbury's Turkey Steaks 460g;£3.60/unit;£7.83/kg;great-prices-on-meat---fish;140;30.0;0.5;0.5;1.9;0.5;1.4;0.20
sainsburys-turkey-steaks-460g;Sainsbury's Turkey Steaks 460g;£3.60/unit;£7.83/kg;turkey;140;30.0;0.5;0.5;1.9;0.5;1.4;0.20
sainsburys-turkey-thigh-mince-800g;Sainsbury's British Turkey Thigh Mince 4% Fat 800g;£4.00/unit;£5.00/kg;turkey;126;22.4;0.5;0.5;4.0;1.3;0.5;0.18
sainsburys-turkish-delight-chocolate-bar-150g;Sainsbury's Turkish Delight Chocolate Bar 150g;£1.35/unit;£0.90/100g;chocolate;449;4.1;64.6;63.9;19.1;12.1;1.1;0.18
sainsburys-turkish-delight-rose---lemon-325g-ayr;Sainsbury's Turkish Delight Rose & Lemon 325g;£2.00/unit;£0.62/100g;chocolate;343;0.5;85.5;78.6;0.5;0.1;0.5;0.30
sainsburys-two-in-one-bread--medium-sliced-800g;Sainsbury's Two In One Bread, Medium Sliced 800g;£0.55/unit;£0.07/100g;half-and-half-bread;235;9.2;41.6;3.2;2.4;0.4;5.2;0.79
sainsburys-two-in-one-bread--thick-sliced-800g;Sainsbury's Two In One Bread, Thick Sliced 800g;£0.55/unit;£0.07/100g;half-and-half-bread;235;9.2;41.6;3.2;2.4;0.4;5.2;0.79
sainsburys-tzatziki-230g;Sainsbury's Tzatziki 230g;£1.00/unit;£0.43/100g;deli-meat-alternatives;129;4.4;4.4;2.9;10.4;4.4;0.5;0.58
sainsburys-tzatziki-230g;Sainsbury's Tzatziki 230g;£1.00/unit;£0.43/100g;fresh-dips-houmous;129;4.4;4.4;2.9;10.4;4.4;0.5;0.58
sainsburys-ultimate-chipolatas--taste-the-difference-625g;Sainsbury's Ultimate Pork Chipolata Sausages, Taste the Difference x20 625g;£3.50/unit;£5.60/kg;great-prices-on-meat---fish;323;21.6;3.0;0.5;24.7;9.0;0.8;1.45
sainsburys-ultimate-chipolatas--taste-the-difference-625g;Sainsbury's Ultimate Pork Chipolata Sausages, Taste the Difference x20 625g;£3.50/unit;£5.60/kg;sausages;323;21.6;3.0;0.5;24.7;9.0;0.8;1.45
sainsburys-ultimate-chocolate-muffin--taste-the-difference-x2;Sainsbury's Ultimate Chocolate Muffin, Taste the Difference x2;£1.50/unit;£0.75/ea;cakes-from-our-bakery;415;5.7;46.3;35.3;22.3;5.4;3.3;0.36
sainsburys-ultimate-chocolate-muffin--taste-the-difference;Sainsbury's Ultimate Chocolate Muffin, Taste the Difference;£1.00/unit;£1.00/ea;muffins-small-cakes;415;5.7;46.3;35.3;22.3;5.4;3.3;0.36
sainsburys-ultimate-oak-smoked-bacon--taste-the-difference-220g;Sainsbury's Ultimate Oak Smoked Bacon, Taste the Difference 220g;£2.50/unit;£11.37/kg;bacon;275;31.7;1.0;0.5;15.9;7.2;0.6;3.70
sainsburys-ultimate-oak-smoked-bacon--taste-the-difference-220g;Sainsbury's Ultimate Oak Smoked Bacon, Taste the Difference 220g;£2.50/unit;£11.37/kg;organic-taste-the-difference;275;31.7;1.0;0.5;15.9;7.2;0.6;3.70
sainsburys-ultimate-outdoor-bred-pork-chipolata--taste-the-difference-x12-375g;Sainsbury's Ultimate Pork Chipolata Sausages, Taste the Difference x12 375g;£2.80/unit;£7.47/kg;organic-taste-the-difference;323;21.6;3.0;0.5;24.7;9.0;0.8;1.45
sainsburys-ultimate-outdoor-bred-pork-chipolata--taste-the-difference-x12-375g;Sainsbury's Ultimate Pork Chipolata Sausages, Taste the Difference x12 375g;£2.80/unit;£7.47/kg;sausages;323;21.6;3.0;0.5;24.7;9.0;0.8;1.45
sainsburys-ultimate-outdoor-bred-pork-sausages--taste-the-difference-x6-400g;Sainsbury's Ultimate Pork Sausages, Taste the Difference x6 400g;£2.80/unit;£7.00/kg;organic-taste-the-difference;294;21.8;1.2;0.5;22.2;8.1;0.8;1.42
sainsburys-ultimate-outdoor-bred-pork-sausages--taste-the-difference-x6-400g;Sainsbury's Ultimate Pork Sausages, Taste the Difference x6 400g;£2.80/unit;£7.00/kg;sausages;294;21.8;1.2;0.5;22.2;8.1;0.8;1.42
sainsburys-ultimate-parma-ham--taste-the-difference-100g;Sainsbury's Italian Ultimate Parma Ham, Taste the Difference 100g;£6.00/unit;£6.00/100g;continental-meats;302;30.2;0.5;0.5;20.0;7.1;0.5;4.60
sainsburys-ultimate-parma-ham--taste-the-difference-100g;Sainsbury's Italian Ultimate Parma Ham, Taste the Difference 100g;£6.00/unit;£6.00/100g;cooked-meats-taste-the-difference;302;30.2;0.5;0.5;20.0;7.1;0.5;4.60
sainsburys-ultimate-parma-ham--taste-the-difference-100g;Sainsbury's Italian Ultimate Parma Ham, Taste the Difference 100g;£6.00/unit;£6.00/100g;mfp-continental-meats;302;30.2;0.5;0.5;20.0;7.1;0.5;4.60
sainsburys-ultimate-parma-ham--taste-the-difference-100g;Sainsbury's Italian Ultimate Parma Ham, Taste the Difference 100g;£6.00/unit;£6.00/100g;mfp-cooked-meats-snacking-taste-the-difference;302;30.2;0.5;0.5;20.0;7.1;0.5;4.60
sainsburys-ultimate-pink-madeira-cupcake;Sainsbury's Ultimate Pink Madeira Cupcake;£10.00/unit;£9.66/kg;muffins-small-cakes;417;3.4;62.6;41.7;16.7;4.9;1.1;0.41
sainsburys-ultimate-pork-sausages--taste-the-difference-x10-690g;Sainsbury's Ultimate Pork Sausages, Taste the Difference x10 690g;£3.30/unit;£4.78/kg;great-prices-on-meat---fish;294;21.8;1.2;0.5;22.2;8.1;0.8;1.42
sainsburys-ultimate-pork-sausages--taste-the-difference-x10-690g;Sainsbury's Ultimate Pork Sausages, Taste the Difference x10 690g;£3.30/unit;£4.78/kg;organic-taste-the-difference;294;21.8;1.2;0.5;22.2;8.1;0.8;1.42
sainsburys-ultimate-pork-sausages--taste-the-difference-x10-690g;Sainsbury's Ultimate Pork Sausages, Taste the Difference x10 690g;£3.30/unit;£4.78/kg;sausages;294;21.8;1.2;0.5;22.2;8.1;0.8;1.42
sainsburys-ultimate-smoked-streaky-bacon--taste-the-difference-220g;Sainsbury's Ultimate Smoked Streaky Bacon, Taste the Difference 220g;£2.50/unit;£11.37/kg;bacon;425;31.0;1.0;0.5;32.9;14.9;0.6;4.95
sainsburys-ultimate-smoked-streaky-bacon--taste-the-difference-220g;Sainsbury's Ultimate Smoked Streaky Bacon, Taste the Difference 220g;£2.50/unit;£11.37/kg;organic-taste-the-difference;425;31.0;1.0;0.5;32.9;14.9;0.6;4.95
sainsburys-ultimate-unsmoked-bacon--taste-the-difference-220g;Sainsbury's Ultimate Unsmoked Bacon, Taste the Difference 220g;£2.50/unit;£11.37/kg;bacon;285;33.8;1.2;0.5;15.9;7.7;0.7;3.73
sainsburys-ultimate-unsmoked-bacon--taste-the-difference-220g;Sainsbury's Ultimate Unsmoked Bacon, Taste the Difference 220g;£2.50/unit;£11.37/kg;organic-taste-the-difference;285;33.8;1.2;0.5;15.9;7.7;0.7;3.73
sainsburys-ultimate-unsmoked-streaky-bacon--taste-the-difference-220g;Sainsbury's Ultimate Unsmoked Streaky Bacon, Taste the Difference 220g;£2.50/unit;£11.37/kg;bacon;367;28.4;1.0;0.5;27.6;11.7;0.6;3.98
sainsburys-ultimate-unsmoked-streaky-bacon--taste-the-difference-220g;Sainsbury's Ultimate Unsmoked Streaky Bacon, Taste the Difference 220g;£2.50/unit;£11.37/kg;organic-taste-the-difference;367;28.4;1.0;0.5;27.6;11.7;0.6;3.98
sainsburys-umami-paste-90g;Sainsbury's Umami Paste 90g;£1.99/unit;£2.21/100g;cooking-pastes;152;5.9;13.0;11.8;8.0;2.2;2.4;7.75
sainsburys-umbrian-extra-virgin-olive-oil--taste-the-difference-500ml;Sainsbury's Umbrian Extra Virgin Olive Oil, Taste the Difference 500ml;£5.75/unit;£1.15/100ml;oils;823;0.5;0.5;0.5;91.4;13.1;0.5;0.01
sainsburys-unfiltered-extra-virgin-olive-oil--so-organic-500ml;Sainsbury's Unfiltered Extra Virgin Olive Oil, SO Organic 500ml;£2.50/unit;£0.50/100ml;oils;823;0;0;0;91.4;13.1;0;
sainsburys-unsalted-butter--basics-250g;Sainsbury's British Unsalted Butter, Basics 250g;£0.90/unit;£3.60/kg;butter;751;0.6;0.6;0.6;82.9;49.3;0.5;0.02
sainsburys-unsalted-butter--basics-250g;Sainsbury's British Unsalted Butter, Basics 250g;£0.90/unit;£3.60/kg;cooking-baking;751;0.6;0.6;0.6;82.9;49.3;0.5;0.02
sainsburys-unsmoked-back-bacon--basics-250g;Sainsbury's Unsmoked Back Bacon, Basics 250g;£1.50/unit;£6.00/kg;bacon;308;27.9;0.5;0.5;21.8;9.0;0.5;4.63
sainsburys-unsmoked-back-bacon-200g;Sainsbury's Unsmoked Back Bacon 200g;£2.00/unit;£10.00/kg;bacon;262;30.9;0.5;0.5;15.4;5.8;0.5;4.33
sainsburys-unsmoked-back-bacon-x8-300g;Sainsbury's Unsmoked Back Bacon x8 300g;£2.20/unit;£7.33/kg;bacon;262;30.9;0.5;0.5;15.4;5.8;0.5;4.33
sainsburys-unsmoked-bacon--so-organic-200g;Sainsbury's Unsmoked Bacon, SO Organic 200g;£4.00/unit;£20.00/kg;bacon;274;30.9;1.7;1.4;15.8;6.2;0.6;4.00
sainsburys-unsmoked-bacon--so-organic-200g;Sainsbury's Unsmoked Bacon, SO Organic 200g;£4.00/unit;£20.00/kg;organic-taste-the-difference;274;30.9;1.7;1.4;15.8;6.2;0.6;4.00
sainsburys-unsmoked-bacon-joint--basics-%28approx-600g---800g%29;Sainsbury's Unsmoked Bacon Joint, Basics (approx. 600g - 800g);£3.80/kg;£3.80/kg;gammon;238;25.8;0.5;0.5;14.9;5.2;0.5;4.72
sainsburys-unsmoked-bacon-joint-700g;Sainsbury's Unsmoked Bacon Joint 700g;£3.00/unit;£4.29/kg;gammon;220;18.6;0.8;0.8;15.8;6.3;0.5;4.00
sainsburys-unsmoked-bacon-medallions--be-good-to-yourself-200g;Sainsbury's Unsmoked Bacon Medallions, Be Good To Yourself 200g;£2.15/unit;£10.75/kg;bacon;186;37.4;1.2;1.2;3.5;1.4;0.5;3.00
sainsburys-unsmoked-bacon-rashers-x12-450g;Sainsbury's Unsmoked Bacon Rashers x12 450g;£3.30/unit;£7.33/kg;bacon;262;30.9;0.5;0.5;15.4;5.8;0.5;4.33
sainsburys-unsmoked-bacon-rashers-x12-450g;Sainsbury's Unsmoked Bacon Rashers x12 450g;£3.30/unit;£7.33/kg;great-prices-on-meat---fish;262;30.9;0.5;0.5;15.4;5.8;0.5;4.33
sainsburys-unsmoked-danish-lean-bacon-loin-steaks-x2-250g;Sainsbury's Unsmoked Danish Lean Bacon Loin Steaks x2 250g;£3.00/unit;£12.00/kg;bacon;159;28.9;1.1;1.1;4.3;1.7;0.5;2.48
sainsburys-unsmoked-gammon-joint--be-good-to-yourself-%28approx-700g%29;Sainsbury's Unsmoked Gammon Joint, Be Good To Yourself (approx. 700g);£8.00/kg;£8.00/kg;gammon;134;27.7;0.9;0.9;2.2;0.8;0.5;2.38
sainsburys-unsmoked-gammon-joint-1kg;Sainsbury's Unsmoked Gammon Joint 1kg;£4.30/unit;£4.30/kg;gammon;189;23.1;0.5;0.5;10.6;3.8;0.5;3.80
sainsburys-unsmoked-gammon-joint-1kg;Sainsbury's Unsmoked Gammon Joint 1kg;£4.30/unit;£4.30/kg;great-prices-on-meat---fish;189;23.1;0.5;0.5;10.6;3.8;0.5;3.80
sainsburys-unsmoked-gammon-joint-750g;Sainsbury's Unsmoked Gammon Joint 750g;£3.30/unit;£4.40/kg;gammon;189;23.1;0.5;0.5;10.6;3.8;0.5;3.80
sainsburys-unsmoked-gammon-joint-750g;Sainsbury's Unsmoked Gammon Joint 750g;£3.30/unit;£4.40/kg;great-prices-on-meat---fish;189;23.1;0.5;0.5;10.6;3.8;0.5;3.80
sainsburys-unsmoked-gammon-steaks-%28approx%29;Sainsbury's Unsmoked Gammon Steaks, Basics (approx. 450g);£4.05/kg;£4.05/kg;gammon;239;23.1;0.5;0.5;16.0;5.6;0.5;3.38
sainsburys-unsmoked-middle-bacon--basics-450g;Sainsbury's Unsmoked Middle Bacon, Basics 450g;£2.05/unit;£4.56/kg;bacon;310;27.3;0.5;0.5;22.3;8.4;0.5;4.38
sainsburys-unsmoked-reduced-salt-back-bacon-300g;Sainsbury's Unsmoked Reduced Salt Back Bacon x8 300g;£2.20/unit;£7.33/kg;bacon;216;28.7;1.3;1.3;10.7;4.0;0.5;2.95
sainsburys-unsmoked-rindless-gammon-steaks-x2-400g-av;Sainsbury's Unsmoked Rindless Gammon Steaks x2 400g Av;£4.00/unit;£10.00/kg;gammon;203;22.3;0.5;0.5;12.5;4.5;0.5;3.80
sainsburys-unsmoked-rindless-gammon-steaks-x2-400g;Sainsbury's Unsmoked Rindless Gammon Steaks x2 400g;£3.20/unit;£8.00/kg;gammon;203;22.3;0.5;0.5;12.5;4.5;0.5;3.80
sainsburys-unsmoked-streaky-bacon-rashers-300g;Sainsbury's Unsmoked Streaky Bacon Rashers 300g;£2.20/unit;£7.33/kg;bacon;344;32.0;0.5;0.5;24.0;9.0;0.5;4.05
sainsburys-unsmoked-streaky-bacon-rashers-300g;Sainsbury's Unsmoked Streaky Bacon Rashers 300g;£2.20/unit;£7.33/kg;great-prices-on-meat---fish;344;32.0;0.5;0.5;24.0;9.0;0.5;4.05
sainsburys-unsweetened-cappuccino-160g;Sainsbury's Unsweetened Cappuccino 160g;£1.90/unit;£1.19/100g;instant-coffee;34;1.8;4.0;3.5;1.2;1.0;0.5;0.10
sainsburys-unsweetened-soya-milk-alternative-1l;Sainsbury's Fresh Unsweetened Soya Milk Alternative 1L;£1.15/unit;£1.15/ltr;dairy-alternatives;20;2.0;0.5;0.5;1.1;0.2;0.5;0.01
sainsburys-unsweetened-soya-milk-alternative-1l;Sainsbury's Fresh Unsweetened Soya Milk Alternative 1L;£1.15/unit;£1.15/ltr;drinks-fresh-milk;20;2.0;0.5;0.5;1.1;0.2;0.5;0.01
sainsburys-unsweetened-soya-milk-alternative-1l;Sainsbury's Fresh Unsweetened Soya Milk Alternative 1L;£1.15/unit;£1.15/ltr;soya---dietary-needs;20;2.0;0.5;0.5;1.1;0.2;0.5;0.01
sainsburys-unwaxed-lemons--so-organic-x4;Sainsbury's Lemons Unwaxed, SO Organic x4;£1.90/unit;£0.48/ea;citrus-fruit;20;1.0;3.2;3.2;0.3;0;0;
sainsburys-unwaxed-lemons--so-organic-x4;Sainsbury's Lemons Unwaxed, SO Organic x4;£1.90/unit;£0.48/ea;fruit-vegetables-organic-taste-the-difference;20;1.0;3.2;3.2;0.3;0;0;
sainsburys-unwaxed-lemons-x5;Sainsbury's Lemons Unwaxed x5;£1.50/unit;£0.30/ea;citrus-fruit;20;1.0;3.2;3.2;0.5;0.1;0.5;0.01
sainsburys-unwaxed-lemons-x5;Sainsbury's Lemons Unwaxed x5;£1.50/unit;£0.30/ea;cocktail-ingredients;20;1.0;3.2;3.2;0.5;0.1;0.5;0.01
sainsburys-valencia-orange---cranberry-topped-ham--taste-the-difference-120g;Sainsbury's Ham with Orange & Cranberry Slices, Taste the Difference 120g;£3.00/unit;£2.50/100g;cooked-meats-taste-the-difference;132;24.7;3.6;3.6;2.0;0.7;0.5;2.00
sainsburys-valencia-orange---cranberry-topped-ham--taste-the-difference-120g;Sainsbury's Ham with Orange & Cranberry Slices, Taste the Difference 120g;£3.00/unit;£2.50/100g;ham-82654-44;132;24.7;3.6;3.6;2.0;0.7;0.5;2.00
sainsburys-valencia-orange---cranberry-topped-ham--taste-the-difference-120g;Sainsbury's Ham with Orange & Cranberry Slices, Taste the Difference 120g;£3.00/unit;£2.50/100g;ham;132;24.7;3.6;3.6;2.0;0.7;0.5;2.00
sainsburys-valencia-orange---cranberry-topped-ham--taste-the-difference-120g;Sainsbury's Ham with Orange & Cranberry Slices, Taste the Difference 120g;£3.00/unit;£2.50/100g;mfp-cooked-meats-snacking-taste-the-difference;132;24.7;3.6;3.6;2.0;0.7;0.5;2.00
sainsburys-valencia-orange-juice-1l;Sainsbury's 100% Valencia Orange Juice, Not From Concentrate 1L;£1.40/unit;£0.14/100ml;chilled-fruit-juice;44;0.6;10.0;10.0;0.5;0.1;0.5;0.01
sainsburys-valencia-orange-lollies--taste-the-difference-x4-292ml;Sainsbury's Valencia Orange Lollies, Taste the Difference x4 292ml;£2.50/unit;£0.86/100ml;lollies-bars-cones;92;0.7;21.6;21.6;0.5;0.1;0.6;0.06
sainsburys-vanilla-cheesecake-slices-2x100g;Sainsbury's Vanilla Cheesecake Slices 2x100g;£2.00/unit;£1.00/100g;desserts;363;5.1;30.3;19.1;24.4;13.1;1.2;0.48
sainsburys-vanilla-choc-cupcakes-x2;Sainsbury's Vanilla Choc Cupcakes x2;£1.45/unit;£0.73/ea;muffins-small-cakes;496;3.3;59;58;27;11;0.6;0.39
sainsburys-vanilla-cr%C3%A8me-br%C3%BBl%C3%A9e-2x100g;Sainsbury's Vanilla Crème Brûlée 2x100g;£1.75/unit;£0.88/100g;desserts;319;4.4;17.8;15.3;25.6;17.4;0.1;0.10
sainsburys-vanilla-custard--taste-the-difference-500g;Sainsbury's Vanilla Custard, Taste the Difference 500g;£1.90/unit;£0.38/100g;desserts;197;2.8;16.5;12.1;13.3;8.7;0.5;0.07
sainsburys-vanilla-custard--taste-the-difference-500g;Sainsbury's Vanilla Custard, Taste the Difference 500g;£1.90/unit;£0.38/100g;fresh-cream-custard;197;2.8;16.5;12.1;13.3;8.7;0.5;0.07
sainsburys-vanilla-custard-pots-4x150g;Sainsbury's Custard Pots 4x150g;£1.25/unit;£0.21/100g;custard;101;2.7;16.4;11.0;2.6;1.7;0.6;0.10
sainsburys-vanilla-custard-pots-4x150g;Sainsbury's Custard Pots 4x150g;£1.25/unit;£0.21/100g;dessert-pots;101;2.7;16.4;11.0;2.6;1.7;0.6;0.10
sainsburys-vanilla-custard-pots-4x150g;Sainsbury's Custard Pots 4x150g;£1.25/unit;£0.21/100g;kids-lunchbox-fruit-desserts;101;2.7;16.4;11.0;2.6;1.7;0.6;0.10
sainsburys-vanilla-flavour-ice-cream--basics-2l;Sainsbury's Vanilla Soft Scoop Ice Cream, Basics 2L;£1.05/unit;£0.05/100ml;ice-cream-tubs;146;2.5;21.9;20.8;5.2;3.1;0.6;0.20
sainsburys-vanilla-ice-cream--be-good-to-yourself-900ml;Sainsbury's Vanilla Ice Cream, Be Good To Yourself 900ml;£2.00/unit;£0.22/100ml;ice-cream-tubs;145;3.4;24.9;19.5;3.4;2.3;0.6;0.14
sainsburys-vanilla-ice-cream--taste-the-difference-500ml;Sainsbury's Vanilla Ice Cream, Taste the Difference 500ml;£3.25/unit;£0.65/100ml;ice-cream-tubs;243;4.4;19;18;16;11;0.6;0.13
sainsburys-vanilla-ice-cream-900ml;Sainsbury's Vanilla Ice Cream 900ml;£2.00/unit;£0.22/100ml;ice-cream-tubs;181;3.0;25.6;23.1;7.2;5.5;0.6;0.10
sainsburys-vanilla-ice-cream-slicing-block-1l;Sainsbury's Vanilla Ice Cream Slicing Block 1L;£1.00/unit;£0.10/100ml;ice-cream-desserts;151;3.1;18.2;15.7;7.1;5.6;0.6;0.18
sainsburys-vanilla-milk-lollies-8x35ml;Sainsbury's Vanilla Milk Lollies 8x35ml;£1.30/unit;£0.46/100ml;lollies-bars-cones;117;2.7;20.9;19.8;2.4;1.5;0.8;0.13
sainsburys-vanilla-soft-scoop-ice-cream-2l;Sainsbury's Vanilla Soft Scoop Ice Cream 2L;£1.80/unit;£0.09/100ml;ice-cream-tubs;165;2.9;23.2;19.4;6.5;5.6;0.6;0.14
sainsburys-vanilla-sponge-fairy-cakes-x12;Sainsbury's Vanilla Sponge Fairy Cakes x12;£1.00/unit;£0.08/ea;muffins-small-cakes;421;4.8;50.1;26.2;21.7;1.9;2.8;0.45
sainsburys-variety-ice-cream-lollies-x15-770ml;Sainsbury's Variety Ice Cream Lollies x15 750ml;£3.00/unit;£0.40/100ml;lollies-bars-cones;315;1.8;39.6;29.9;16.5;11.1;0.5;0.14
sainsburys-veal-escalope--taste-the-difference-%28approx-300g%29;Sainsbury's Veal Escalope, Taste the Difference (approx. 300g);£26.00/kg;£26.00/kg;beef;134;26.7;0.5;0.5;3.0;0.9;0.5;0.19
sainsburys-veal-escalope--taste-the-difference-%28approx-300g%29;Sainsbury's Veal Escalope, Taste the Difference (approx. 300g);£26.00/kg;£26.00/kg;organic-taste-the-difference;134;26.7;0.5;0.5;3.0;0.9;0.5;0.19
sainsburys-veg-goats-chse-stonebaked-pizza-441g;Sainsbury's Stonebaked Vegetables & Goats Cheese Pizza 441g;£2.60/unit;£5.90/kg;frozen-pizza-garlic-bread;205;8.8;26.1;4.0;6.7;2.7;2.5;0.90
sainsburys-vegetable-biryani-%28warm---fragrant%29-500g;Sainsbury's Vegetable Biryani 500g;£3.00/unit;£6.00/kg;indian-ready-meals;127;2.9;16.1;3.6;4.8;0.8;3.9;0.45
sainsburys-vegetable-biryani-%28warm---fragrant%29-500g;Sainsbury's Vegetable Biryani 500g;£3.00/unit;£6.00/kg;potato-vegetable-side-dishes;127;2.9;16.1;3.6;4.8;0.8;3.9;0.45
sainsburys-vegetable-biryani-%28warm---fragrant%29-500g;Sainsbury's Vegetable Biryani 500g;£3.00/unit;£6.00/kg;vegetarian-meat-free-ready-meals;127;2.9;16.1;3.6;4.8;0.8;3.9;0.45
sainsburys-vegetable-fingers-x16-452g;Sainsbury's Vegetable Fingers x16 452g;£1.80/unit;£3.98/kg;meat-free-vegetarian;243;4.6;30.0;2.7;10.7;1.2;4.1;0.49
sainsburys-vegetable-jalfrezi-%28spicy---vibrant%29-400g;Sainsbury's Vegetable Jalfrezi 400g;£3.30/unit;£8.25/kg;indian-ready-meals;78;2.0;5.3;4.0;4.5;0.3;4.2;0.50
sainsburys-vegetable-jalfrezi-%28spicy---vibrant%29-400g;Sainsbury's Vegetable Jalfrezi 400g;£3.30/unit;£8.25/kg;potato-vegetable-side-dishes;78;2.0;5.3;4.0;4.5;0.3;4.2;0.50
sainsburys-vegetable-jalfrezi-%28spicy---vibrant%29-400g;Sainsbury's Vegetable Jalfrezi 400g;£3.30/unit;£8.25/kg;vegetarian-meat-free-ready-meals;78;2.0;5.3;4.0;4.5;0.3;4.2;0.50
sainsburys-vegetable-lasagne--be-good-to-yourself-400g;Sainsbury's Vegetable Lasagne, Be Good To Yourself 400g;£2.40/unit;£6.00/kg;healthier-choice-ready-meals;83;3.0;11.8;4.4;2.2;0.9;1.7;0.43
sainsburys-vegetable-lasagne--be-good-to-yourself-400g;Sainsbury's Vegetable Lasagne, Be Good To Yourself 400g;£2.40/unit;£6.00/kg;italian-ready-meals;83;3.0;11.8;4.4;2.2;0.9;1.7;0.43
sainsburys-vegetable-lasagne--be-good-to-yourself-400g;Sainsbury's Vegetable Lasagne, Be Good To Yourself 400g;£2.40/unit;£6.00/kg;meals-for-1-ready-meals;83;3.0;11.8;4.4;2.2;0.9;1.7;0.43
sainsburys-vegetable-lasagne--be-good-to-yourself-400g;Sainsbury's Vegetable Lasagne, Be Good To Yourself 400g;£2.40/unit;£6.00/kg;vegetarian-meat-free-ready-meals;83;3.0;11.8;4.4;2.2;0.9;1.7;0.43
sainsburys-vegetable-lasagne-430g;Sainsbury's Vegetable Lasagne 430g;£2.30/unit;£5.35/kg;italian-ready-meals;111;3.6;11.6;4.3;5.2;2.6;-1;0.64
sainsburys-vegetable-lasagne-430g;Sainsbury's Vegetable Lasagne 430g;£2.30/unit;£5.35/kg;meals-for-1-ready-meals;111;3.6;11.6;4.3;5.2;2.6;-1;0.64
sainsburys-vegetable-mash-with-lentil--carrot---courgette-sauce--taste-the-difference-400g;Sainsbury's Vegetable Mash With Lentil, Carrot & Courgette Sauce, Taste the Difference 400g;£3.30/unit;£8.25/kg;meals-for-1-ready-meals;87;2.0;11.2;1.2;2.9;1.2;3.8;0.75
sainsburys-vegetable-mash-with-lentil--carrot---courgette-sauce--taste-the-difference-400g;Sainsbury's Vegetable Mash With Lentil, Carrot & Courgette Sauce, Taste the Difference 400g;£3.30/unit;£8.25/kg;potato-vegetable-side-dishes;87;2.0;11.2;1.2;2.9;1.2;3.8;0.75
sainsburys-vegetable-mash-with-lentil--carrot---courgette-sauce--taste-the-difference-400g;Sainsbury's Vegetable Mash With Lentil, Carrot & Courgette Sauce, Taste the Difference 400g;£3.30/unit;£8.25/kg;taste-the-difference-bistro-ready-meals;87;2.0;11.2;1.2;2.9;1.2;3.8;0.75
sainsburys-vegetable-mash-with-lentil--carrot---courgette-sauce--taste-the-difference-400g;Sainsbury's Vegetable Mash With Lentil, Carrot & Courgette Sauce, Taste the Difference 400g;£3.30/unit;£8.25/kg;vegetarian-meat-free-ready-meals;87;2.0;11.2;1.2;2.9;1.2;3.8;0.75
sainsburys-vegetable-mash-with-lentil--carrot---courgette-sauce--taste-the-difference-400g;Sainsbury's Vegetable Mash With Lentil, Carrot & Courgette Sauce, Taste the Difference 400g;£3.30/unit;£8.25/kg;vegetarian-ready-meals;87;2.0;11.2;1.2;2.9;1.2;3.8;0.75
sainsburys-vegetable-oil-1l;Sainsbury's Vegetable Oil 1L;£1.20/unit;£0.12/100ml;oils;825;0;0;0;91.7;6.1;0;
sainsburys-vegetable-oil-3l;Sainsbury's Vegetable Oil 3L;£3.40/unit;£0.11/100ml;oils;825;0;0;0;91.7;6.1;0;
sainsburys-vegetable-pies-x4-600g;Sainsbury's Vegetable Pies x4 600g;£2.00/unit;£0.33/100g;frozen-pies;218;5.8;27.1;2.9;9.2;4.4;1.9;0.52
sainsburys-vegetable-quarter-pounders-454g;Sainsbury's Vegetable Quarter Pounders 454g;£1.80/unit;£3.96/kg;meat-free-vegetarian;221;4.8;26.0;3.0;9.9;1.1;4.4;0.76
sainsburys-vegetable-samosa--basics-80g;Sainsbury's Vegetable Samosa, Basics 80g;£0.50/unit;£6.25/kg;indian-ready-meals;228;4.6;27.5;2.0;10.3;0.8;3.3;0.63
sainsburys-vegetable-samosa--basics-80g;Sainsbury's Vegetable Samosa, Basics 80g;£0.50/unit;£6.25/kg;potato-vegetable-side-dishes;228;4.6;27.5;2.0;10.3;0.8;3.3;0.63
sainsburys-vegetable-samosa--basics-80g;Sainsbury's Vegetable Samosa, Basics 80g;£0.50/unit;£6.25/kg;vegetarian-meat-free-ready-meals;228;4.6;27.5;2.0;10.3;0.8;3.3;0.63
sainsburys-vegetable-samosas-%28warm---aromatic%29-x4;Sainsbury's Vegetable Samosas x4;£2.00/unit;£10.00/kg;indian-ready-meals;231;4.2;25.2;2.1;11.7;0.8;4.1;0.83
sainsburys-vegetable-samosas-%28warm---aromatic%29-x4;Sainsbury's Vegetable Samosas x4;£2.00/unit;£10.00/kg;potato-vegetable-side-dishes;231;4.2;25.2;2.1;11.7;0.8;4.1;0.83
sainsburys-vegetable-samosas-%28warm---aromatic%29-x4;Sainsbury's Vegetable Samosas x4;£2.00/unit;£10.00/kg;vegetarian-meat-free-ready-meals;231;4.2;25.2;2.1;11.7;0.8;4.1;0.83
sainsburys-vegetable-selection-with-herb-butter-340g-7717361-p-44;Sainsbury's Vegetable Selection With Herb Butter 340g;£2.00/unit;£5.88/kg;prepared-vegetables;29771;3.1;5.9;3.8;3.2;2.0;3.2;0.18
sainsburys-vegetable-selection-with-herb-butter-340g;Sainsbury's Vegetable Selection With Herb Butter 340g;£2.00/unit;£5.88/kg;british-ready-meals;74;1.6;8.0;3.2;3.2;2.1;3.4;0.34
sainsburys-vegetable-selection-with-herb-butter-340g;Sainsbury's Vegetable Selection With Herb Butter 340g;£2.00/unit;£5.88/kg;coleslaw--olives--salads---dips-30658-44;74;1.6;8.0;3.2;3.2;2.1;3.4;0.34
sainsburys-vegetable-selection-with-herb-butter-340g;Sainsbury's Vegetable Selection With Herb Butter 340g;£2.00/unit;£5.88/kg;potato-vegetable-side-dishes;74;1.6;8.0;3.2;3.2;2.1;3.4;0.34
sainsburys-vegetable-selection-with-herb-butter-340g;Sainsbury's Vegetable Selection With Herb Butter 340g;£2.00/unit;£5.88/kg;prepared-vegetables;74;1.6;8.0;3.2;3.2;2.1;3.4;0.34
sainsburys-vegetable-selection-with-herb-butter-340g;Sainsbury's Vegetable Selection With Herb Butter 340g;£2.00/unit;£5.88/kg;vegetarian-meat-free-ready-meals;74;1.6;8.0;3.2;3.2;2.1;3.4;0.34
sainsburys-vegetable-spring-rolls--basics-120g;Sainsbury's Vegetable Spring Rolls, Basics 120g;£0.50/unit;£4.17/kg;oriental-ready-meals;224;3.2;31.1;4.9;9.5;0.8;0.5;0.79
sainsburys-vegetable-spring-rolls--basics-120g;Sainsbury's Vegetable Spring Rolls, Basics 120g;£0.50/unit;£4.17/kg;potato-vegetable-side-dishes;224;3.2;31.1;4.9;9.5;0.8;0.5;0.79
sainsburys-vegetable-spring-rolls--basics-120g;Sainsbury's Vegetable Spring Rolls, Basics 120g;£0.50/unit;£4.17/kg;vegetarian-meat-free-ready-meals;224;3.2;31.1;4.9;9.5;0.8;0.5;0.79
sainsburys-vegetable-spring-rolls-x4-245g;Sainsbury's Vegetable Spring Rolls x4 245g;£2.00/unit;£8.16/kg;deli-meat-alternatives;212;3.7;21.8;3.2;11.8;1.6;1.9;0.63
sainsburys-vegetable-spring-rolls-x4-245g;Sainsbury's Vegetable Spring Rolls x4 245g;£2.00/unit;£8.16/kg;oriental-ready-meals;212;3.7;21.8;3.2;11.8;1.6;1.9;0.63
sainsburys-vegetable-spring-rolls-x4-245g;Sainsbury's Vegetable Spring Rolls x4 245g;£2.00/unit;£8.16/kg;potato-vegetable-side-dishes;212;3.7;21.8;3.2;11.8;1.6;1.9;0.63
sainsburys-vegetable-spring-rolls-x4-245g;Sainsbury's Vegetable Spring Rolls x4 245g;£2.00/unit;£8.16/kg;vegetarian-meat-free-ready-meals;212;3.7;21.8;3.2;11.8;1.6;1.9;0.63
sainsburys-vegetable-springrolls-x10-210g;Sainsbury's Vegetable Springrolls x10 210g;£3.00/unit;£14.29/kg;party-food-128152-44;218;4.8;25.6;5.8;10.6;4.8;0.5;0.62
sainsburys-vegetable-stewpack-1kg;Sainsbury's Vegetable Stewpack 1kg;£1.50/unit;£1.50/kg;frozen-vegetables;34;0.7;5.9;5.3;0.5;0.1;2.4;0.08
sainsburys-vegetable-tomato---mascarpone-pasta-bake-400g;Sainsbury's Vegetable Tomato & Mascarpone Pasta Bake 400g;£2.30/unit;£5.75/kg;healthier-choice-ready-meals;97;3.6;11.5;2.0;3.7;1.8;1.4;0.53
sainsburys-vegetable-tomato---mascarpone-pasta-bake-400g;Sainsbury's Vegetable Tomato & Mascarpone Pasta Bake 400g;£2.30/unit;£5.75/kg;italian-ready-meals;97;3.6;11.5;2.0;3.7;1.8;1.4;0.53
sainsburys-vegetable-tomato---mascarpone-pasta-bake-400g;Sainsbury's Vegetable Tomato & Mascarpone Pasta Bake 400g;£2.30/unit;£5.75/kg;meals-for-1-ready-meals;97;3.6;11.5;2.0;3.7;1.8;1.4;0.53
sainsburys-vegetable-tomato---mascarpone-pasta-bake-400g;Sainsbury's Vegetable Tomato & Mascarpone Pasta Bake 400g;£2.30/unit;£5.75/kg;vegetarian-meat-free-ready-meals;97;3.6;11.5;2.0;3.7;1.8;1.4;0.53
sainsburys-vegetable-tomato---mascarpone-pasta-bake-400g;Sainsbury's Vegetable Tomato & Mascarpone Pasta Bake 400g;£2.30/unit;£5.75/kg;vegetarian-ready-meals;97;3.6;11.5;2.0;3.7;1.8;1.4;0.53
sainsburys-vegetarian-catalan-bean-stew-400g;Sainsbury's Vegetarian Catalan Bean Casserole 400g;£2.30/unit;£5.75/kg;healthier-choice-ready-meals;79;2.2;13.7;2.5;0.8;0.1;4.2;0.48
sainsburys-vegetarian-catalan-bean-stew-400g;Sainsbury's Vegetarian Catalan Bean Casserole 400g;£2.30/unit;£5.75/kg;meals-for-1-ready-meals;79;2.2;13.7;2.5;0.8;0.1;4.2;0.48
sainsburys-vegetarian-catalan-bean-stew-400g;Sainsbury's Vegetarian Catalan Bean Casserole 400g;£2.30/unit;£5.75/kg;mediterranean-other-cuisine-ready-meals;79;2.2;13.7;2.5;0.8;0.1;4.2;0.48
sainsburys-vegetarian-catalan-bean-stew-400g;Sainsbury's Vegetarian Catalan Bean Casserole 400g;£2.30/unit;£5.75/kg;vegetarian-meat-free-ready-meals;79;2.2;13.7;2.5;0.8;0.1;4.2;0.48
sainsburys-vegetarian-catalan-bean-stew-400g;Sainsbury's Vegetarian Catalan Bean Casserole 400g;£2.30/unit;£5.75/kg;vegetarian-ready-meals;79;2.2;13.7;2.5;0.8;0.1;4.2;0.48
sainsburys-vegetarian-cottage-pie-400g;Sainsbury's Vegetarian Cottage Pie 400g;£2.30/unit;£5.75/kg;british-ready-meals;102;2.3;13.6;2.6;3.3;1.4;4.5;0.63
sainsburys-vegetarian-cottage-pie-400g;Sainsbury's Vegetarian Cottage Pie 400g;£2.30/unit;£5.75/kg;healthier-choice-ready-meals;102;2.3;13.6;2.6;3.3;1.4;4.5;0.63
sainsburys-vegetarian-cottage-pie-400g;Sainsbury's Vegetarian Cottage Pie 400g;£2.30/unit;£5.75/kg;meals-for-1-ready-meals;102;2.3;13.6;2.6;3.3;1.4;4.5;0.63
sainsburys-vegetarian-cottage-pie-400g;Sainsbury's Vegetarian Cottage Pie 400g;£2.30/unit;£5.75/kg;vegetarian-meat-free-ready-meals;102;2.3;13.6;2.6;3.3;1.4;4.5;0.63
sainsburys-vegetarian-cottage-pie-400g;Sainsbury's Vegetarian Cottage Pie 400g;£2.30/unit;£5.75/kg;vegetarian-ready-meals;102;2.3;13.6;2.6;3.3;1.4;4.5;0.63
sainsburys-vegetarian-cumberland-sausage-264g;Sainsbury's Vegetarian Cumberland Sausage 264g;£1.80/unit;£6.82/kg;meat-free-vegetarian;181;16.3;3.7;1.4;10.7;0.8;2.3;1.00
sainsburys-vegetarian-hot-dog-270g;Sainsbury's Vegetarian Hot Dog 270g;£1.80/unit;£6.67/kg;meat-free-vegetarian;240;17.4;3.8;1.5;16.8;1.4;2.0;1.30
sainsburys-vegetarian-lasagne-400g-7718082-p-44;Sainsbury's Vegetarian Lasagne 400g;£1.80/unit;£4.50/kg;meat-free-vegetarian;88;3.0;12.2;2.8;2.6;1.3;1.7;0.44
sainsburys-vegetarian-pork-style-sausages-264g;Sainsbury's Vegetarian Pork Style Sausages 264g;£1.80/unit;£6.82/kg;meat-free-vegetarian;179;15.8;3.5;1.1;10.6;0.8;3.2;1.02
sainsburys-vegetarian-smoky-bacon-rashers-150g;Sainsbury's Vegetarian Smoky Bacon Rashers 150g;£1.80/unit;£12.00/kg;meat-free-vegetarian;309;24.6;2.2;1.0;21.6;1.8;3.3;2.50
sainsburys-venison-burgers-x-2--taste-the-difference-227g;Sainsbury's Venison Burgers, Taste the Difference x2 227g;£3.00/unit;£13.22/kg;duck-game;145;21.1;2.8;0.5;5.0;1.3;0.5;0.11
sainsburys-venison-burgers-x-2--taste-the-difference-227g;Sainsbury's Venison Burgers, Taste the Difference x2 227g;£3.00/unit;£13.22/kg;organic-taste-the-difference;145;21.1;2.8;0.5;5.0;1.3;0.5;0.11
sainsburys-venison-meatballs--taste-the-difference-300g;Sainsbury's Venison Meatballs, Taste the Difference 300g;£3.50/unit;£9.72/kg;duck-game;203;23.4;2.6;1.1;10.8;4.3;0.9;1.31
sainsburys-venison-meatballs--taste-the-difference-300g;Sainsbury's Venison Meatballs, Taste the Difference 300g;£3.50/unit;£9.72/kg;organic-taste-the-difference;203;23.4;2.6;1.1;10.8;4.3;0.9;1.31
sainsburys-very-berry-cheesecake--be-good-to-yourself-90g;Sainsbury's Very Berry Cheesecake, Be Good To Yourself 90g;£1.10/unit;£1.22/100g;desserts;158;4.4;29.2;18.3;2.3;1.0;1.4;0.28
sainsburys-victoria-fairy-cakes-x6;Sainsbury's Victoria Fairy Cakes x6;£1.80/unit;£0.30/ea;muffins-small-cakes;436;3.7;56.1;33.9;21.5;4.0;1.3;0.53
sainsburys-victoria-sponge-cake--taste-the-difference-5;Sainsbury's Victoria Sponge Cake, Taste the Difference 5'';£2.65/unit;£0.77/100g;sponge-slab-loaf-cakes;399;4.8;53.0;23.4;18.3;5.2;1.3;0.54
sainsburys-victoria-sponge-with-strawberry-conserve---cream-330g;Sainsbury's Victoria Sponge With Strawberry Conserve & Cream 330g;£2.50/unit;£0.74/100g;desserts;360;3.6;41;34;20;13;1.7;0.53
sainsburys-vine-ripened-tomatoes-250g;Sainsbury's Vine Ripened Tomatoes 250g;£1.20/unit;£4.80/kg;fresh-salad-tomatoes;20;0.7;3.1;3.1;0.5;0.1;1.0;0.02
sainsburys-vine-ripened-tomatoes-250g;Sainsbury's Vine Ripened Tomatoes 250g;£1.20/unit;£4.80/kg;fresh-vegetables-tomatoes;20;0.7;3.1;3.1;0.5;0.1;1.0;0.02
sainsburys-vine-tomatoes--so-organic-400g;Sainsbury's Vine Tomatoes, SO Organic 400g;£2.00/unit;£5.00/kg;fresh-salad-tomatoes;20;0.7;3.1;3.1;0.5;0.1;1.0;0.02
sainsburys-vine-tomatoes--so-organic-400g;Sainsbury's Vine Tomatoes, SO Organic 400g;£2.00/unit;£5.00/kg;fresh-vegetables-tomatoes;20;0.7;3.1;3.1;0.5;0.1;1.0;0.02
sainsburys-vine-tomatoes--so-organic-400g;Sainsbury's Vine Tomatoes, SO Organic 400g;£2.00/unit;£5.00/kg;fruit-vegetables-organic-taste-the-difference;20;0.7;3.1;3.1;0.5;0.1;1.0;0.02
sainsburys-vinegar--basics-568ml;Sainsbury's Vinegar, Basics 568ml;£0.40/unit;£0.70/ltr;vinegar;20;0.5;0.5;0.5;0.5;0.1;0.5;0.03
sainsburys-vittoria-tomatoes--taste-the-difference-270g;Sainsbury's Vittoria Tomatoes, Taste the Difference 270g;£1.90/unit;£7.04/kg;baby-vegetables;20;0.7;3.0;3.0;0.5;0.1;1.0;0.02
sainsburys-vittoria-tomatoes--taste-the-difference-270g;Sainsbury's Vittoria Tomatoes, Taste the Difference 270g;£1.90/unit;£7.04/kg;fresh-salad-tomatoes;20;0.7;3.0;3.0;0.5;0.1;1.0;0.02
sainsburys-vittoria-tomatoes--taste-the-difference-270g;Sainsbury's Vittoria Tomatoes, Taste the Difference 270g;£1.90/unit;£7.04/kg;fresh-vegetables-tomatoes;20;0.7;3.0;3.0;0.5;0.1;1.0;0.02
sainsburys-vittoria-tomatoes--taste-the-difference-270g;Sainsbury's Vittoria Tomatoes, Taste the Difference 270g;£1.90/unit;£7.04/kg;fruit-vegetables-organic-taste-the-difference;20;0.7;3.0;3.0;0.5;0.1;1.0;0.02
sainsburys-vittoria-tomatoes--taste-the-difference-400g;Sainsbury's Vittoria Tomatoes, Taste The Difference 400g;£2.70/unit;£6.75/kg;baby-vegetables;20;0.7;3.0;3.0;0.5;0.1;1.0;0.02
sainsburys-vittoria-tomatoes--taste-the-difference-400g;Sainsbury's Vittoria Tomatoes, Taste The Difference 400g;£2.70/unit;£6.75/kg;fresh-salad-tomatoes;20;0.7;3.0;3.0;0.5;0.1;1.0;0.02
sainsburys-vittoria-tomatoes--taste-the-difference-400g;Sainsbury's Vittoria Tomatoes, Taste The Difference 400g;£2.70/unit;£6.75/kg;fresh-vegetables-tomatoes;20;0.7;3.0;3.0;0.5;0.1;1.0;0.02
sainsburys-vittoria-tomatoes--taste-the-difference-400g;Sainsbury's Vittoria Tomatoes, Taste The Difference 400g;£2.70/unit;£6.75/kg;fruit-vegetables-organic-taste-the-difference;20;0.7;3.0;3.0;0.5;0.1;1.0;0.02
sainsburys-vivaldi-baking-potatoes--taste-the-difference-x4;Sainsbury's Vivaldi Baking Potatoes, Taste the Difference x4;£1.25/unit;£1.79/kg;fruit-vegetables-organic-taste-the-difference;140;3.8;31.0;2.4;0.2;0;2.7;0.03
sainsburys-vivaldi-baking-potatoes--taste-the-difference-x4;Sainsbury's Vivaldi Baking Potatoes, Taste the Difference x4;£1.25/unit;£1.79/kg;potatoes;140;3.8;31.0;2.4;0.2;0;2.7;0.03
sainsburys-vivaldi-salad-potatoes--taste-the-difference-1kg;Sainsbury's Vivaldi Salad Potatoes, Taste the Difference 1kg;£2.00/unit;£2.00/kg;baby-vegetables;81;1.8;17.5;0.8;0.5;0.1;1.6;100;0.01
sainsburys-vivaldi-salad-potatoes--taste-the-difference-1kg;Sainsbury's Vivaldi Salad Potatoes, Taste the Difference 1kg;£2.00/unit;£2.00/kg;fruit-vegetables-organic-taste-the-difference;81;1.8;17.5;0.8;0.5;0.1;1.6;100;0.01
sainsburys-vivaldi-salad-potatoes--taste-the-difference-1kg;Sainsbury's Vivaldi Salad Potatoes, Taste the Difference 1kg;£2.00/unit;£2.00/kg;potatoes;81;1.8;17.5;0.8;0.5;0.1;1.6;100;0.01
sainsburys-vivaldi-white-potatoes--taste-the-difference-2kg;Sainsbury's Vivaldi White Potatoes, Taste the Difference 2kg;£2.00/unit;£1.00/kg;fruit-vegetables-organic-taste-the-difference;81;1.8;17.5;0.8;0.5;0.1;1.6;100;0.01
sainsburys-vivaldi-white-potatoes--taste-the-difference-2kg;Sainsbury's Vivaldi White Potatoes, Taste the Difference 2kg;£2.00/unit;£1.00/kg;potatoes;81;1.8;17.5;0.8;0.5;0.1;1.6;100;0.01
sainsburys-vodka--basics-70cl;Sainsbury's Vodka, Basics 70cl;£10.50/unit;£15.00/ltr;vodka;860206;-1;-1;-1;-1;-1;-1;-1
sainsburys-vodka-15l;Sainsbury's Vodka 1.5L;£22.50/unit;£15.00/ltr;vodka;860206;-1;-1;-1;-1;-1;-1;-1
sainsburys-vodka-1l;Sainsbury's Vodka 1L;£15.50/unit;£15.50/ltr;vodka;860206;-1;-1;-1;-1;-1;-1;-1
sainsburys-vodka-35cl;Sainsbury's Vodka 35cl;£6.00/unit;£17.14/ltr;vodka;860206;-1;-1;-1;-1;-1;-1;-1
sainsburys-vodka-70cl;Sainsbury's Vodka 70cl;£11.50/unit;£16.43/ltr;vodka;860206;-1;-1;-1;-1;-1;-1;-1
sainsburys-wafer-thin-chicken-slices-200g;Sainsbury's British Cooked Chicken Wafer Thin Sliced 200g;£1.50/unit;£0.75/100g;cooked-chicken-turkey;124;19.5;2.7;0.5;3.9;1.3;0.5;1.50
sainsburys-wafer-thin-chicken-slices-200g;Sainsbury's British Cooked Chicken Wafer Thin Sliced 200g;£1.50/unit;£0.75/100g;mfp-cooked-chicken-turkey;124;19.5;2.7;0.5;3.9;1.3;0.5;1.50
sainsburys-wafer-thin-chicken-slices-400g;Sainsbury's British Cooked Chicken Wafer Thin Sliced 400g;£2.50/unit;£0.63/100g;cooked-chicken-turkey;124;19.5;2.7;0.5;3.9;1.3;0.5;1.50
sainsburys-wafer-thin-chicken-slices-400g;Sainsbury's British Cooked Chicken Wafer Thin Sliced 400g;£2.50/unit;£0.63/100g;mfp-cooked-chicken-turkey;124;19.5;2.7;0.5;3.9;1.3;0.5;1.50
sainsburys-wafer-thin-honey-cured-ham-200g;Sainsbury's British Honey Cured Ham Wafer Thin Sliced 200g;£1.50/unit;£0.75/100g;ham-82654-44;107;16.3;2.0;2.0;3.8;1.5;0.5;1.80
sainsburys-wafer-thin-honey-cured-ham-200g;Sainsbury's British Honey Cured Ham Wafer Thin Sliced 200g;£1.50/unit;£0.75/100g;ham;107;16.3;2.0;2.0;3.8;1.5;0.5;1.80
sainsburys-wafer-thin-honey-roast-ham-120g;Sainsbury's British Honey Roast Ham Wafer Thin Sliced 120g;£2.00/unit;£1.67/100g;ham-82654-44;120;22.3;1.4;1.4;2.8;1.0;0.5;1.63
sainsburys-wafer-thin-honey-roast-ham-120g;Sainsbury's British Honey Roast Ham Wafer Thin Sliced 120g;£2.00/unit;£1.67/100g;ham;120;22.3;1.4;1.4;2.8;1.0;0.5;1.63
sainsburys-walnut-cake;Sainsbury's Walnut Cake;£1.00/unit;£0.33/100g;sponge-slab-loaf-cakes;398;5.2;53.0;33.0;18.1;7.3;1.3;0.50
sainsburys-walnut-oil-250ml;Sainsbury's Walnut Oil 250ml;£1.65/unit;£0.66/100ml;oils;3408829;0.5;0.5;0.5;92.1;8.4;0.5;0.01
sainsburys-watercress--so-organic-75g;Sainsbury's Watercress, SO Organic 75g;£1.30/unit;£1.73/100g;fresh-salad-prepared-ready-to-eat;21;2.8;0.6;0.5;0.5;0.1;1.4;0.22
sainsburys-watercress--so-organic-75g;Sainsbury's Watercress, SO Organic 75g;£1.30/unit;£1.73/100g;fruit-vegetables-organic-taste-the-difference;21;2.8;0.6;0.5;0.5;0.1;1.4;0.22
sainsburys-watercress--so-organic-75g;Sainsbury's Watercress, SO Organic 75g;£1.30/unit;£1.73/100g;prepared-salad-herbs;21;2.8;0.6;0.5;0.5;0.1;1.4;0.22
sainsburys-watercress--spinach---rocket--so-organic-100g;Sainsbury's Watercress, Spinach & Rocket, SO Organic 100g;£1.75/unit;£1.75/100g;fresh-salad-prepared-ready-to-eat;25;3.0;1.0;0.5;0.6;0.1;1.7;0.25
sainsburys-watercress--spinach---rocket--so-organic-100g;Sainsbury's Watercress, Spinach & Rocket, SO Organic 100g;£1.75/unit;£1.75/100g;fruit-vegetables-organic-taste-the-difference;25;3.0;1.0;0.5;0.6;0.1;1.7;0.25
sainsburys-watercress--spinach---rocket--so-organic-100g;Sainsbury's Watercress, Spinach & Rocket, SO Organic 100g;£1.75/unit;£1.75/100g;prepared-salad-herbs;25;3.0;1.0;0.5;0.6;0.1;1.7;0.25
sainsburys-watercress--spinach---rocket-170g;Sainsbury's Watercress, Spinach & Rocket 170g;£2.00/unit;£1.18/100g;fresh-salad-prepared-ready-to-eat;25;3.0;1.0;0.5;0.6;0.1;1.7;0.25
sainsburys-watercress--spinach---rocket-170g;Sainsbury's Watercress, Spinach & Rocket 170g;£2.00/unit;£1.18/100g;prepared-salad-herbs;25;3.0;1.0;0.5;0.6;0.1;1.7;0.25
sainsburys-watercress--spinach---rocket-salad-100g;Sainsbury's Watercress, Spinach & Rocket Salad 100g;£1.50/unit;£1.50/100g;fresh-salad-prepared-ready-to-eat;25;3.0;1.0;0.5;0.6;0.1;1.7;0.25
sainsburys-watercress--spinach---rocket-salad-100g;Sainsbury's Watercress, Spinach & Rocket Salad 100g;£1.50/unit;£1.50/100g;prepared-salad-herbs;25;3.0;1.0;0.5;0.6;0.1;1.7;0.25
sainsburys-watercress-sauce-300g;Sainsbury's Watercress Sauce 300g;£1.50/unit;£0.50/100g;filleted-whole-fish;87;2.8;4.2;2.6;6.4;4.0;0.5;0.75
sainsburys-watercress-sauce-300g;Sainsbury's Watercress Sauce 300g;£1.50/unit;£0.50/100g;fuss-free-fish;87;2.8;4.2;2.6;6.4;4.0;0.5;0.75
sainsburys-watercress-sauce-300g;Sainsbury's Watercress Sauce 300g;£1.50/unit;£0.50/100g;stock---gravy;87;2.8;4.2;2.6;6.4;4.0;0.5;0.75
sainsburys-watercress-twin-pack-2x35g;Sainsbury's Watercress Baby Leaf Twin Pack 2x40g;£1.00/unit;£1.43/100g;fresh-salad-prepared-ready-to-eat;21;2.8;0.6;0.5;0.5;0.1;1.4;0.22
sainsburys-watercress-twin-pack-2x35g;Sainsbury's Watercress Baby Leaf Twin Pack 2x40g;£1.00/unit;£1.43/100g;prepared-salad-herbs;21;2.8;0.6;0.5;0.5;0.1;1.4;0.22
sainsburys-watermelon--mango---red-grape-240g;Sainsbury's Watermelon, Mango & Red Grape 240g;£2.00/unit;£8.33/kg;bananas-grapes;51;0.5;11.2;11.1;0.5;0.1;1.0;0.01
sainsburys-watermelon--mango---red-grape-240g;Sainsbury's Watermelon, Mango & Red Grape 240g;£2.00/unit;£8.33/kg;melon-pineapple-kiwi;51;0.5;11.2;11.1;0.5;0.1;1.0;0.01
sainsburys-watermelon--mango---red-grape-240g;Sainsbury's Watermelon, Mango & Red Grape 240g;£2.00/unit;£8.33/kg;prepared-fruit;51;0.5;11.2;11.1;0.5;0.1;1.0;0.01
sainsburys-watermelon-wedge-220g;Sainsbury's Watermelon Wedge 220g;£1.00/unit;£4.55/kg;melon-pineapple-kiwi;35;0.6;7.6;6.2;0.5;0.1;0.5;0.01
sainsburys-watermelon-wedge-220g;Sainsbury's Watermelon Wedge 220g;£1.00/unit;£4.55/kg;prepared-fruit;35;0.6;7.6;6.2;0.5;0.1;0.5;0.01
sainsburys-welsh-hill-lamb-carvery-leg--taste-the-difference-%28approx-119kg%29;Sainsbury's Lamb Carvery Leg, Taste the Difference (approx. 1.25kg);£12.50/kg;£12.50/kg;lamb;239;17.6;0.5;0.5;18.7;9.5;0.5;0.22
sainsburys-welsh-hill-lamb-carvery-leg--taste-the-difference-%28approx-119kg%29;Sainsbury's Lamb Carvery Leg, Taste the Difference (approx. 1.25kg);£12.50/kg;£12.50/kg;organic-taste-the-difference;239;17.6;0.5;0.5;18.7;9.5;0.5;0.22
sainsburys-welsh-hill-lamb-cutlets--taste-the-difference-%28approx-250g%29;Sainsbury's Welsh Hill Lamb Cutlets, Taste the Difference (approx. 250g);£22.00/kg;£22.00/kg;lamb;234;17.3;3.0;0.5;17.0;7.8;0.5;0.25
sainsburys-welsh-hill-lamb-cutlets--taste-the-difference-%28approx-250g%29;Sainsbury's Welsh Hill Lamb Cutlets, Taste the Difference (approx. 250g);£22.00/kg;£22.00/kg;organic-taste-the-difference;234;17.3;3.0;0.5;17.0;7.8;0.5;0.25
sainsburys-welsh-slate-cavern-aged-cheddar--taste-the-difference-200g;Sainsbury's Welsh Slate Cavern Aged Cheddar, Taste the Difference 200g;£2.50/unit;£12.50/kg;cheddar-british-regional-cheese;405;23.8;3.0;0.5;33.0;20.1;0.5;1.78
sainsburys-welsh-slate-cavern-aged-cheddar--taste-the-difference-200g;Sainsbury's Welsh Slate Cavern Aged Cheddar, Taste the Difference 200g;£2.50/unit;£12.50/kg;organic-taste-the-difference-cheese;405;23.8;3.0;0.5;33.0;20.1;0.5;1.78
sainsburys-wensleydale---apricot-200g;Sainsbury's Wensleydale & Apricot 200g;£2.00/unit;£10.00/kg;cheddar-british-regional-cheese;345;18.3;14.6;14.6;23.4;15.4;1.6;0.95
sainsburys-wensleydale--so-organic-270g;Sainsbury's Wensleydale, SO Organic 270g;£2.50/unit;£9.26/kg;cheddar-british-regional-cheese;375;22.8;0.5;0.5;31.5;19.7;0.5;1.35
sainsburys-wensleydale--so-organic-270g;Sainsbury's Wensleydale, SO Organic 270g;£2.50/unit;£9.26/kg;cheeseboard-delights;375;22.8;0.5;0.5;31.5;19.7;0.5;1.35
sainsburys-wensleydale--so-organic-270g;Sainsbury's Wensleydale, SO Organic 270g;£2.50/unit;£9.26/kg;organic-taste-the-difference-cheese;375;22.8;0.5;0.5;31.5;19.7;0.5;1.35
sainsburys-wensleydale--taste-the-difference-240g;Sainsbury's Wensleydale, Taste the Difference 240g;£3.00/unit;£12.50/kg;cheddar-british-regional-cheese;375;22.8;0.5;0.5;31.5;19.7;0.5;1.30
sainsburys-wensleydale--taste-the-difference-240g;Sainsbury's Wensleydale, Taste the Difference 240g;£3.00/unit;£12.50/kg;cheeseboard-delights;375;22.8;0.5;0.5;31.5;19.7;0.5;1.30
sainsburys-wensleydale--taste-the-difference-240g;Sainsbury's Wensleydale, Taste the Difference 240g;£3.00/unit;£12.50/kg;organic-taste-the-difference-cheese;375;22.8;0.5;0.5;31.5;19.7;0.5;1.30
sainsburys-wensleydale-with-cranberries-200g;Sainsbury's Wensleydale With Cranberries 200g;£2.00/unit;£10.00/kg;cheddar-british-regional-cheese;376;20.5;10.3;8.8;27.9;16.9;0.7;1.30
sainsburys-wensleydale-with-cranberries-200g;Sainsbury's Wensleydale With Cranberries 200g;£2.00/unit;£10.00/kg;cheeseboard-delights;376;20.5;10.3;8.8;27.9;16.9;0.7;1.30
sainsburys-west-country-cheddar-coleslaw--taste-the-difference-300g;Sainsbury's West Country Cheddar Coleslaw, Taste the Difference 300g;£1.80/unit;£0.60/100g;coleslaw--olives--salads---dips-30658-44;314;4.1;6.6;4.6;29.9;5.4;1.3;1.02
sainsburys-west-country-cheddar-coleslaw--taste-the-difference-300g;Sainsbury's West Country Cheddar Coleslaw, Taste the Difference 300g;£1.80/unit;£0.60/100g;coleslaw-salads;314;4.1;6.6;4.6;29.9;5.4;1.3;1.02
sainsburys-west-country-cheddar-coleslaw--taste-the-difference-300g;Sainsbury's West Country Cheddar Coleslaw, Taste the Difference 300g;£1.80/unit;£0.60/100g;dressings-coleslaw-accompaniments;314;4.1;6.6;4.6;29.9;5.4;1.3;1.02
sainsburys-west-country-cheddar-coleslaw--taste-the-difference-300g;Sainsbury's West Country Cheddar Coleslaw, Taste the Difference 300g;£1.80/unit;£0.60/100g;prepared-salad-herbs;314;4.1;6.6;4.6;29.9;5.4;1.3;1.02
sainsburys-west-country-farmhouse-extra-mature-cheddar--taste-the-difference-250g;Sainsbury's West Country Farmhouse Extra Mature Cheddar, Taste the Difference 250g;£2.75/unit;£11.00/kg;cheddar-british-regional-cheese;410;25.0;0.5;0.5;34.4;21.7;0.5;1.68
sainsburys-west-country-farmhouse-extra-mature-cheddar--taste-the-difference-250g;Sainsbury's West Country Farmhouse Extra Mature Cheddar, Taste the Difference 250g;£2.75/unit;£11.00/kg;cheeseboard-delights;410;25.0;0.5;0.5;34.4;21.7;0.5;1.68
sainsburys-west-country-farmhouse-extra-mature-cheddar--taste-the-difference-250g;Sainsbury's West Country Farmhouse Extra Mature Cheddar, Taste the Difference 250g;£2.75/unit;£11.00/kg;organic-taste-the-difference-cheese;410;25.0;0.5;0.5;34.4;21.7;0.5;1.68
sainsburys-west-country-farmhouse-extra-mature-cheddar--taste-the-difference-400g;Sainsbury's West Country Farmhouse Extra Mature Cheddar, Taste the Difference 400g;£3.50/unit;£8.75/kg;cheddar-british-regional-cheese;410;25.0;0.5;0.5;34.4;21.7;0.5;1.68
sainsburys-west-country-farmhouse-extra-mature-cheddar--taste-the-difference-400g;Sainsbury's West Country Farmhouse Extra Mature Cheddar, Taste the Difference 400g;£3.50/unit;£8.75/kg;cheeseboard-delights;410;25.0;0.5;0.5;34.4;21.7;0.5;1.68
sainsburys-west-country-farmhouse-extra-mature-cheddar--taste-the-difference-400g;Sainsbury's West Country Farmhouse Extra Mature Cheddar, Taste the Difference 400g;£3.50/unit;£8.75/kg;organic-taste-the-difference-cheese;410;25.0;0.5;0.5;34.4;21.7;0.5;1.68
sainsburys-west-country-farmhouse-mature-cheddar-270g;Sainsbury's West Country Farmhouse Mature Cheddar 270g;£2.15/unit;£7.96/kg;cheddar-british-regional-cheese;410;25.0;0.5;0.5;34.4;21.7;0.5;1.68
sainsburys-west-country-farmhouse-mature-cheddar-cheese-400g;Sainsbury's West Country Farmhouse Mature Cheddar Cheese 400g;£3.00/unit;£7.50/kg;cheddar-british-regional-cheese;410;25.0;0.5;0.5;34.4;21.7;0.5;1.68
sainsburys-west-country-farmhouse-mature-cheddar-cheese-400g;Sainsbury's West Country Farmhouse Mature Cheddar Cheese 400g;£3.00/unit;£7.50/kg;cheeseboard-delights;410;25.0;0.5;0.5;34.4;21.7;0.5;1.68
sainsburys-westmoreland-ham--taste-the-difference-120g;Sainsbury's Westmoreland Ham, Taste the Difference 120g;£3.00/unit;£2.50/100g;cooked-meats-taste-the-difference;197;22.7;1.6;1.5;11.1;3.8;0.5;1.55
sainsburys-westmoreland-ham--taste-the-difference-120g;Sainsbury's Westmoreland Ham, Taste the Difference 120g;£3.00/unit;£2.50/100g;ham;197;22.7;1.6;1.5;11.1;3.8;0.5;1.55
sainsburys-westmoreland-ham--taste-the-difference-120g;Sainsbury's Westmoreland Ham, Taste the Difference 120g;£3.00/unit;£2.50/100g;mfp-cooked-meats-snacking-taste-the-difference;197;22.7;1.6;1.5;11.1;3.8;0.5;1.55
sainsburys-westmorland-ale--taste-the-difference-500ml;Sainsbury's Westmorland Ale, Taste the Difference 500ml;£1.90/unit;£3.80/ltr;ale-stout;36;-1;-1;-1;-1;-1;-1;-1
sainsburys-whipping-cream-300ml;Sainsbury's Whipping Cream 300ml;£0.85/unit;£0.28/100ml;fresh-cream-custard;367;1.9;2.5;2.5;38.9;24.4;0.5;0.06
sainsburys-whipping-cream-600ml;Sainsbury's Whipping Cream 600ml;£1.60/unit;£0.27/100ml;fresh-cream-custard;367;1.9;2.5;2.5;38.9;24.4;0.5;0.06
sainsburys-white---brown-crab-meat--taste-the-difference-100g;Sainsbury's White & Brown Crab Meat, Taste the Difference 100g;£3.50/unit;£3.50/100g;cooked-fish-seafood;124;18.4;3.1;0.5;4.1;1.5;0.7;1.20
sainsburys-white---brown-crab-meat--taste-the-difference-100g;Sainsbury's White & Brown Crab Meat, Taste the Difference 100g;£3.50/unit;£3.50/100g;mfp-cooked-fish-seafood;124;18.4;3.1;0.5;4.1;1.5;0.7;1.20
sainsburys-white---brown-crab-meat--taste-the-difference-100g;Sainsbury's White & Brown Crab Meat, Taste the Difference 100g;£3.50/unit;£3.50/100g;prawns-shellfish;124;18.4;3.1;0.5;4.1;1.5;0.7;1.20
sainsburys-white-baps--giant-360g;Sainsbury's White Baps, Giant 360g;£0.90/unit;£0.23/ea;rolls;260;9.1;46.3;6.3;3.5;0.4;3.2;0.88
sainsburys-white-bread--medium-sliced-800g;Sainsbury's White Bread, Medium Sliced 800g;£0.55/unit;£0.07/100g;white-bread;235;8.0;44.1;4.2;2.0;0.4;4.4;0.75
sainsburys-white-bread--so-organic-800g;Sainsbury's White Bread, SO Organic 800g;£1.20/unit;£0.15/100g;white-bread;237;8.2;45;3.9;2.2;0.6;3.1;0.96
sainsburys-white-burger-buns-x6;Sainsbury's White Burger Buns x6;£0.90/unit;£0.15/ea;rolls;267;8.6;51.5;4.0;2.6;0.4;1.5;0.98
sainsburys-white-cabbage-%28loose%29;Sainsbury's White Cabbage (loose);£0.80/kg;£0.80/kg;broccoli-cauliflower-cabbage-greens;28;1.2;4.6;4.6;0.5;0.1;2.0;0.02
sainsburys-white-cabbage-%28loose%29;Sainsbury's White Cabbage (loose);£0.80/kg;£0.80/kg;new-in-season;28;1.2;4.6;4.6;0.5;0.1;2.0;0.02
sainsburys-white-cheese-slices--mature--be-good-to-yourself-240g;Sainsbury's White Cheese Slices, Mature, Be Good To Yourself 240g;£2.00/unit;£8.33/kg;cheddar-british-regional-cheese;258;29.9;0.5;0.5;15.3;9.9;0.5;1.65
sainsburys-white-cheese-slices--mature--be-good-to-yourself-240g;Sainsbury's White Cheese Slices, Mature, Be Good To Yourself 240g;£2.00/unit;£8.33/kg;cottage-cheese---healthier-choice;258;29.9;0.5;0.5;15.3;9.9;0.5;1.65
sainsburys-white-cheese-slices--mature--be-good-to-yourself-240g;Sainsbury's White Cheese Slices, Mature, Be Good To Yourself 240g;£2.00/unit;£8.33/kg;sliced-grated-cheese;258;29.9;0.5;0.5;15.3;9.9;0.5;1.65
sainsburys-white-cheshire-250g;Sainsbury's White Cheshire 250g;£2.00/unit;£8.00/kg;cheddar-british-regional-cheese;381;23.7;0.5;0.5;31.8;21.1;0.5;1.58
sainsburys-white-chocolate--basics-100g;Sainsbury's White Chocolate, Basics 100g;£0.35/unit;£0.35/100g;chocolate;2286547;4.4;62;62;31;19;0.5;0.20
sainsburys-white-chocolate--fairtrade-200g;Sainsbury's White Chocolate, Fairtrade 200g;£1.35/unit;£0.68/100g;chocolate;2408578;7.1;51.4;50.7;38.2;24.2;0.5;0.25
sainsburys-white-chocolate-buttons-70g;Sainsbury's White Chocolate Buttons 70g;£0.40/unit;£0.57/100g;chocolate;548;5.1;61.2;61.2;31.3;20.3;0.5;0.25
sainsburys-white-chocolate-egg-with-gummy-mix-175g;Sainsbury's White Chocolate Medium Easter Egg with Gummy Mix 175g;£1.25/unit;£0.71/100g;chocolate;529;6.6;63.2;62.8;27.6;16.6;0.5;0.18
sainsburys-white-chocolate-indulgence-x4-480ml;Sainsbury's Indulgence Ice Cream, White Chocolate 4x120ml;£2.00/unit;£0.42/100ml;lollies-bars-cones;317;3.1;31.9;30.2;19.7;12.7;0.5;0.27
sainsburys-white-closed-cup-mushrooms-%28loose%29;Sainsbury's Closed Cup White Mushrooms (loose);£2.70/kg;£2.70/kg;mushrooms;11;1.8;0.3;0.2;0.3;0.0;0.2;
sainsburys-white-closed-cup-mushrooms-500g;Sainsbury's Closed Cup White Mushrooms 500g;£1.45/unit;£2.90/kg;mushrooms;11;1.8;0.3;0.2;0.3;0.0;0.2;
sainsburys-white-condiment-vinegar-250ml;Sainsbury's White Condiment Vinegar 250ml;£1.80/unit;£7.20/ltr;vinegar;115;0.5;28.6;21.7;0.5;0.1;0.5;0.01
sainsburys-white-cooking-wine-250ml;Sainsbury's White Cooking Wine 250ml;£1.02/unit;£4.08/ltr;oils;-1;-1;-1;-1;-1;-1;-1;
sainsburys-white-crab-meat--taste-the-difference-100g;Sainsbury's White Crab Meat, Taste the Difference 100g;£5.00/unit;£5.00/100g;cooked-fish-seafood;91;19.0;1.4;1.0;0.9;0.3;0.5;1.17
sainsburys-white-crab-meat--taste-the-difference-100g;Sainsbury's White Crab Meat, Taste the Difference 100g;£5.00/unit;£5.00/100g;mfp-cooked-fish-seafood;91;19.0;1.4;1.0;0.9;0.3;0.5;1.17
sainsburys-white-crab-meat--taste-the-difference-100g;Sainsbury's White Crab Meat, Taste the Difference 100g;£5.00/unit;£5.00/100g;prawns-shellfish;91;19.0;1.4;1.0;0.9;0.3;0.5;1.17
sainsburys-white-fish-fillets--basics-520g;Sainsbury's White Fish Fillets, Basics 520g;£1.70/unit;£3.27/kg;frozen-fish-seafood;86;20.4;0.5;0.5;0.5;0.1;0.5;0.25
sainsburys-white-flesh-sweet-potatoes-750g;Sainsbury's White Flesh Sweet Potatoes 750g;£1.85/unit;£2.47/kg;fresh-vegetables-world-exotic;71;0.5;15.2;10.5;0.5;0.2;2.4;0.13
sainsburys-white-flesh-sweet-potatoes-750g;Sainsbury's White Flesh Sweet Potatoes 750g;£1.85/unit;£2.47/kg;potatoes;71;0.5;15.2;10.5;0.5;0.2;2.4;0.13
sainsburys-white-grape---peach-juice-drink-1l;Sainsbury's White Grape & Peach Juice Drink 1L;£1.00/unit;£0.10/100ml;chilled-fruit-juice;38;0.5;9.1;6.2;0.5;0.1;0.5;0.01
sainsburys-white-grapefruit-%28each%29;Sainsbury's Grapefruit, White (each);£0.40/unit;£0.40/ea;citrus-fruit;34;0.8;6.8;6.8;0.5;0.1;1.3;0.01
sainsburys-white-iced-ring-donuts-x4;Sainsbury's White Iced Ring Doughnuts x4;£1.00/unit;£0.25/ea;doughnuts-cookies;374;6.2;51.5;18.0;15.5;6.8;1.7;0.35
sainsburys-white-iced-ring-donuts-x4;Sainsbury's White Iced Ring Doughnuts x4;£1.00/unit;£0.25/ea;instore-bakery-doughnuts-cookies;374;6.2;51.5;18.0;15.5;6.8;1.7;0.35
sainsburys-white-jumbo-hot-dog-rolls-x6;Sainsbury's White Jumbo Hot Dog Rolls x6;£0.90/unit;£0.15/ea;rolls;251;8.1;46.2;4.2;3.2;0.6;2.3;0.90
sainsburys-white-muffins-x6;Sainsbury's White Muffins x6;£0.90/unit;£0.15/ea;crumpets-breakfast-muffins-pancakes;245;11.2;45.6;8.3;1.4;0.2;2.8;1.00
sainsburys-white-mushrooms--sliced-250g;Sainsbury's Mushrooms, Sliced 250g;£1.00/unit;£4.00/kg;mushrooms;16;1.8;0.5;0.5;0.5;0.1;1.1;0.5
sainsburys-white-mushrooms--so-organic-250g;Sainsbury's White Mushrooms, SO Organic 250g;£1.00/unit;£4.00/kg;fruit-vegetables-organic-taste-the-difference;16;1.8;0.5;0.5;0.5;0.1;1.1;0.5
sainsburys-white-mushrooms--so-organic-250g;Sainsbury's White Mushrooms, SO Organic 250g;£1.00/unit;£4.00/kg;mushrooms;16;1.8;0.5;0.5;0.5;0.1;1.1;0.5
sainsburys-white-pitta--basics-x6;Sainsbury's White Pitta, Basics x6;£0.35/unit;£0.12/100g;wraps-bagels-pittas;261;8.8;53;2.8;1.2;0.3;2.0;1.0
sainsburys-white-potatoes--so-organic-15kg;Sainsbury's White Potatoes, SO Organic 1.5kg;£2.35/unit;£1.57/kg;fruit-vegetables-organic-taste-the-difference;72;1.8;16.2;1.4;0.1;0;1.2;
sainsburys-white-potatoes--so-organic-15kg;Sainsbury's White Potatoes, SO Organic 1.5kg;£2.35/unit;£1.57/kg;potatoes;72;1.8;16.2;1.4;0.1;0;1.2;
sainsburys-white-potatoes-25kg-6001313-p-44;Sainsbury's White Potatoes 2.5kg;£1.60/unit;£0.64/kg;potatoes;72;1.8;15.4;0.6;0.1;0;1.2;100;
sainsburys-white-rice-microwavable-bags-x4-200g;Sainsbury's White Rice Microwavable Bags x4 200g;£1.40/unit;£1.75/kg;frozen-rice;132;2.9;29.5;0.5;0.5;0.1;0.5;0.03
sainsburys-white-rolls--basics-x12;Sainsbury's White Rolls, Basics x12;£0.50/unit;£0.04/ea;rolls;245;9.1;45.1;4.4;2.6;0.3;2.5;0.95
sainsburys-white-rolls--taste-the-difference-x6;Sainsbury's White Rolls, Taste the Difference x6;£1.20/unit;£0.20/ea;rolls;1077255;8.4;47.3;4.8;2.9;0.3;2.9;0.68
sainsburys-white-rum--basics-70cl;Sainsbury's White Rum, Basics 70cl;£11.00/unit;£15.71/ltr;rum;263;0.5;0.5;0.5;-1;-1;-1;-1
sainsburys-white-seedless-grapes-%28approx-600g%29;Sainsbury's White Seedless Grapes (approx. 600g);£4.00/kg;£4.00/kg;bananas-grapes;66;0.4;15.4;15.4;0.1;0.0;0.7;
sainsburys-white-seedless-grapes-250g;Sainsbury's White Seedless Grapes 250g;£1.50/unit;£6.00/kg;bananas-grapes;66;0.4;15.4;15.4;0.1;0.0;0.7;
sainsburys-white-sliced-bread--basics-800g;Sainsbury's White Sliced Bread, Basics 800g;£0.40/unit;£0.05/100g;white-bread;238;8.1;45.4;4.1;1.9;0.3;3.2;0.90
sainsburys-white-sliced-bread--thick-sliced-800g;Sainsbury's White Sliced Bread, Thick Sliced 800g;£0.55/unit;£0.07/100g;white-bread;235;8.0;44.1;4.2;2.0;0.4;4.4;0.75
sainsburys-white-sub-rolls-x4-420g;Sainsbury's White Sub Rolls x4 420g;£1.30/unit;£0.33/ea;rolls;273;9.1;52;5.8;2.7;0.3;2.9;0.98
sainsburys-white-toastie-bread--extra-thick-800g;Sainsbury's White Toastie Bread, Extra Thick Sliced 800g;£0.55/unit;£0.07/100g;white-bread;240;8.4;44.4;3.9;2.5;0.4;3.0;1.00
sainsburys-white-turnips-%28loose%29;Sainsbury's Scottish White Turnips (loose);£2.40/kg;£2.40/kg;carrots-root-vegetables;29;0.9;4.7;4.5;0.5;0.1;1.8;0.04
sainsburys-white-wine--basics-75cl;Sainsbury's White Wine, Basics 75cl;£3.45/unit;£3.45/75cl;buyer-recommends;65;-1;-1;-1;-1;-1;-1;-1
sainsburys-white-wine-sauce-300g;Sainsbury's White Wine Sauce 300g;£2.00/unit;£0.67/100g;stock---gravy;132;2.1;5.6;1.2;11.1;6.2;0.5;1.00
sainsburys-white-wine-vinegar--so-organic-500ml;Sainsbury's White Wine Vinegar, SO Organic 500ml;£1.50/unit;£3.00/ltr;vinegar;22;0.5;0.7;0.7;0.5;0.1;0.5;0.02
sainsburys-whole-cooked-roast-chicken-%28approx1kg%29;Sainsbury's British Roast Whole Chicken (approx.1kg);£5.00/kg;£5.00/kg;cooked-chicken-turkey;175;25.3;0.5;0.5;8.0;2.3;0.5;0.65
sainsburys-whole-cooked-roast-chicken-%28approx1kg%29;Sainsbury's British Roast Whole Chicken (approx.1kg);£5.00/kg;£5.00/kg;mfp-cooked-chicken-turkey;175;25.3;0.5;0.5;8.0;2.3;0.5;0.65
sainsburys-whole-duck-wth-giblets-%28approx-125-225kg%29;Sainsbury's Whole Duck Wth Giblets (approx. 1.25-2.25kg);£8.00/kg;£8.00/kg;duck-game;12;47;1;1;21;21;0;5
sainsburys-whole-green-beans-1kg;Sainsbury's Whole Green Beans 1kg;£1.20/unit;£1.20/kg;frozen-vegetables;32;1.8;4.4;2.1;0.1;0;3.0;
sainsburys-whole-long-life-milk-1l;Sainsbury's Whole Long Life Milk 1L;£0.70/unit;£0.70/ltr;longer-life-milk;64;3.4;4.6;4.6;3.6;2.3;0.5;0.11
sainsburys-wholegrain-bran-flakes-1kg;Sainsbury's Wholegrain Bran Flakes 1kg;£1.95/unit;£0.20/100g;bigger-packs;365;10.5;69.4;16.3;2.0;0.4;13.8;0.78
sainsburys-wholegrain-fruit---fibre-1kg;Sainsbury's Wholegrain Fruit & Fibre 1kg;£2.50/unit;£0.25/100g;bigger-packs;376;9.3;67.5;20.4;5.6;3.3;9.0;0.70
sainsburys-wholegrain-malties-cereal-750g;Sainsbury's Wholegrain Malties Cereal 750g;£1.90/unit;£0.25/100g;bigger-packs;366;10;73;16;1.9;0.3;8.2;0.60
sainsburys-wholemeal-baps--giant-x4;Sainsbury's Wholemeal Baps, Giant x4;£0.90/unit;£0.23/ea;rolls;239;10.7;37.6;5.2;3.5;0.4;7.1;0.83
sainsburys-wholemeal-bloomer--taste-the-difference-400g;Sainsbury's Wholemeal Bloomer, Taste the Difference 400g;£1.15/unit;£0.29/100g;small-loaves;222;11.1;34.3;2.8;2.6;0.4;8.4;0.95
sainsburys-wholemeal-bloomer--taste-the-difference-400g;Sainsbury's Wholemeal Bloomer, Taste the Difference 400g;£1.15/unit;£0.29/100g;wholemeal-brown-bread;222;11.1;34.3;2.8;2.6;0.4;8.4;0.95
sainsburys-wholemeal-bread--medium-sliced-800g;Sainsbury's Wholemeal Bread, Medium Sliced 800g;£0.55/unit;£0.07/100g;wholemeal-brown-bread;232;10.7;37.8;5.4;2.7;0.4;7.0;0.74
sainsburys-wholemeal-bread--so-organic-400g;Sainsbury's Wholemeal Bread, SO Organic 400g;£0.85/unit;£0.21/100g;small-loaves;243;10.2;41.0;3.2;2.8;0.3;6.3;1.00
sainsburys-wholemeal-bread--so-organic-400g;Sainsbury's Wholemeal Bread, SO Organic 400g;£0.85/unit;£0.21/100g;wholemeal-brown-bread;243;10.2;41.0;3.2;2.8;0.3;6.3;1.00
sainsburys-wholemeal-bread--so-organic-800g;Sainsbury's Wholemeal Bread, SO Organic 800g;£1.20/unit;£0.15/100g;wholemeal-brown-bread;226;10;37;3.5;2.4;0.6;7.8;0.94
sainsburys-wholemeal-bread--thick-sliced-800g;Sainsbury's Wholemeal Bread, Thick Sliced 800g;£0.55/unit;£0.07/100g;wholemeal-brown-bread;232;10.7;37.8;5.4;2.7;0.4;7.0;0.74
sainsburys-wholemeal-hot-cross-buns-x-6;Sainsbury's Wholemeal Hot Cross Buns x 6;£1.30/unit;£0.22/ea;easter-treats;258;8.7;43.9;20.3;5.3;1.1;6.0;0.50
sainsburys-wholemeal-hot-cross-buns-x-6;Sainsbury's Wholemeal Hot Cross Buns x 6;£1.30/unit;£0.22/ea;scones-fruited-buns;258;8.7;43.9;20.3;5.3;1.1;6.0;0.50
sainsburys-wholemeal-muffins-x6;Sainsbury's Wholemeal Muffins x6;£0.90/unit;£0.15/ea;crumpets-breakfast-muffins-pancakes;240;12.8;37.3;5.4;2.9;0.9;6.8;0.95
sainsburys-wholemeal-seeded-rolls--so-organic-x4;Sainsbury's Wholemeal Seeded Rolls, SO Organic x4;£1.00/unit;£0.25/ea;rolls;294;11.2;36.0;2.7;10.3;1.1;6.3;0.85
sainsburys-wholemeal-sub-rolls-x4-420g;Sainsbury's Wholemeal Sub Rolls x4 420g;£1.30/unit;£0.33/ea;rolls;261;12;43;3.7;3.0;0.4;7.4;0.84
sainsburys-wholemeal-tortilla-x8-10;Sainsbury's Wholemeal Tortilla x8 10";£1.00/unit;£0.13/ea;wraps-bagels-pittas;269;8.6;44.3;2.5;4.5;1.9;8.4;0.93
sainsburys-wild-keta-salmon-230g;Sainsbury's Wild Keta Salmon 230g;£3.30/unit;£14.35/kg;filleted-whole-fish;164;27.1;0.5;0.5;6.0;0.1;0.5;0.22
sainsburys-wild-keta-salmon-230g;Sainsbury's Wild Keta Salmon 230g;£3.30/unit;£14.35/kg;great-prices-on-meat---fish;164;27.1;0.5;0.5;6.0;0.1;0.5;0.22
sainsburys-wild-rocket--so-organic-70g;Sainsbury's Wild Rocket, SO Organic 70g;£1.30/unit;£1.86/100g;fresh-salad-prepared-ready-to-eat;30;3.6;1.5;0.5;0.5;0.1;2.5;0.40
sainsburys-wild-rocket--so-organic-70g;Sainsbury's Wild Rocket, SO Organic 70g;£1.30/unit;£1.86/100g;fruit-vegetables-organic-taste-the-difference;30;3.6;1.5;0.5;0.5;0.1;2.5;0.40
sainsburys-wild-rocket--so-organic-70g;Sainsbury's Wild Rocket, SO Organic 70g;£1.30/unit;£1.86/100g;prepared-salad-herbs;30;3.6;1.5;0.5;0.5;0.1;2.5;0.40
sainsburys-wild-rocket-110g;Sainsbury's Wild Rocket 110g;£1.50/unit;£1.36/100g;fresh-salad-prepared-ready-to-eat;30;3.6;1.5;0.5;0.5;0.1;2.5;0.40
sainsburys-wild-rocket-110g;Sainsbury's Wild Rocket 110g;£1.50/unit;£1.36/100g;prepared-salad-herbs;30;3.6;1.5;0.5;0.5;0.1;2.5;0.40
sainsburys-wild-rocket-leaves-70g;Sainsbury's Wild Rocket Leaves 70g;£1.00/unit;£1.43/100g;fresh-salad-prepared-ready-to-eat;30;3.6;1.5;0.5;0.5;0.1;2.5;0.40
sainsburys-wild-rocket-leaves-70g;Sainsbury's Wild Rocket Leaves 70g;£1.00/unit;£1.43/100g;prepared-salad-herbs;30;3.6;1.5;0.5;0.5;0.1;2.5;0.40
sainsburys-wild-salmon-fillets--taste-the-difference-230g;Sainsbury's Wild Salmon Fillets, Taste the Difference 230g;£4.50/unit;£19.56/kg;filleted-whole-fish;191;25.5;0.5;0.5;9.8;1.9;0.5;0.18
sainsburys-wild-salmon-fillets--taste-the-difference-230g;Sainsbury's Wild Salmon Fillets, Taste the Difference 230g;£4.50/unit;£19.56/kg;great-prices-on-meat---fish;191;25.5;0.5;0.5;9.8;1.9;0.5;0.18
sainsburys-wild-salmon-fillets--taste-the-difference-230g;Sainsbury's Wild Salmon Fillets, Taste the Difference 230g;£4.50/unit;£19.56/kg;organic-taste-the-difference;191;25.5;0.5;0.5;9.8;1.9;0.5;0.18
sainsburys-wild-sockeye-smoked-salmon--taste-the-difference-120g;Sainsbury's Wild Sockeye Smoked Salmon, Taste the Difference 120g;£5.75/unit;£4.79/100g;cooked-fish-seafood;113;21.7;0.5;0.5;2.7;0.7;0.5;3.90
sainsburys-wild-sockeye-smoked-salmon--taste-the-difference-120g;Sainsbury's Wild Sockeye Smoked Salmon, Taste the Difference 120g;£5.75/unit;£4.79/100g;cooked-meats-taste-the-difference;113;21.7;0.5;0.5;2.7;0.7;0.5;3.90
sainsburys-wild-sockeye-smoked-salmon--taste-the-difference-120g;Sainsbury's Wild Sockeye Smoked Salmon, Taste the Difference 120g;£5.75/unit;£4.79/100g;mfp-cooked-fish-seafood;113;21.7;0.5;0.5;2.7;0.7;0.5;3.90
sainsburys-wild-sockeye-smoked-salmon--taste-the-difference-120g;Sainsbury's Wild Sockeye Smoked Salmon, Taste the Difference 120g;£5.75/unit;£4.79/100g;mfp-cooked-meats-snacking-taste-the-difference;113;21.7;0.5;0.5;2.7;0.7;0.5;3.90
sainsburys-wild-sockeye-smoked-salmon--taste-the-difference-120g;Sainsbury's Wild Sockeye Smoked Salmon, Taste the Difference 120g;£5.75/unit;£4.79/100g;organic-taste-the-difference;113;21.7;0.5;0.5;2.7;0.7;0.5;3.90
sainsburys-wild-sockeye-smoked-salmon--taste-the-difference-120g;Sainsbury's Wild Sockeye Smoked Salmon, Taste the Difference 120g;£5.75/unit;£4.79/100g;smoked-fish;113;21.7;0.5;0.5;2.7;0.7;0.5;3.90
sainsburys-wiltshire-cured-ham--taste-the-difference-120g;Sainsbury's Wiltshire Cured Ham, Taste the Difference 120g;£3.00/unit;£2.50/100g;cooked-meats-taste-the-difference;133;23.3;0.5;0.5;4.4;1.4;0.5;2.50
sainsburys-wiltshire-cured-ham--taste-the-difference-120g;Sainsbury's Wiltshire Cured Ham, Taste the Difference 120g;£3.00/unit;£2.50/100g;ham-82654-44;133;23.3;0.5;0.5;4.4;1.4;0.5;2.50
sainsburys-wiltshire-cured-ham--taste-the-difference-120g;Sainsbury's Wiltshire Cured Ham, Taste the Difference 120g;£3.00/unit;£2.50/100g;ham;133;23.3;0.5;0.5;4.4;1.4;0.5;2.50
sainsburys-wiltshire-cured-ham--taste-the-difference-120g;Sainsbury's Wiltshire Cured Ham, Taste the Difference 120g;£3.00/unit;£2.50/100g;mfp-cooked-meats-snacking-taste-the-difference;133;23.3;0.5;0.5;4.4;1.4;0.5;2.50
sainsburys-wiltshire-cured-ham--taste-the-difference-240g;Sainsbury's Wiltshire Cured Ham, Taste the Difference 240g;£4.00/unit;£1.67/100g;cooked-meats-taste-the-difference;133;23.3;0.5;0.5;4.4;1.4;0.5;2.50
sainsburys-wiltshire-cured-ham--taste-the-difference-240g;Sainsbury's Wiltshire Cured Ham, Taste the Difference 240g;£4.00/unit;£1.67/100g;ham-82654-44;133;23.3;0.5;0.5;4.4;1.4;0.5;2.50
sainsburys-wiltshire-cured-ham--taste-the-difference-240g;Sainsbury's Wiltshire Cured Ham, Taste the Difference 240g;£4.00/unit;£1.67/100g;ham;133;23.3;0.5;0.5;4.4;1.4;0.5;2.50
sainsburys-wiltshire-cured-ham--taste-the-difference-240g;Sainsbury's Wiltshire Cured Ham, Taste the Difference 240g;£4.00/unit;£1.67/100g;mfp-cooked-meats-snacking-taste-the-difference;133;23.3;0.5;0.5;4.4;1.4;0.5;2.50
sainsburys-wiltshire-cured-oak-smoked-bacon--taste-the-difference-240g;Sainsbury's Wiltshire Cured Oak Smoked Bacon, Taste the Difference 240g;£2.50/unit;£10.42/kg;bacon;278;32.7;1.0;0.5;15.8;6.8;0.6;4.97
sainsburys-wiltshire-cured-oak-smoked-bacon--taste-the-difference-240g;Sainsbury's Wiltshire Cured Oak Smoked Bacon, Taste the Difference 240g;£2.50/unit;£10.42/kg;organic-taste-the-difference;278;32.7;1.0;0.5;15.8;6.8;0.6;4.97
sainsburys-wiltshire-cured-unsmoked-back-bacon--taste-the-difference-240g;Sainsbury's Wiltshire Cured Unsmoked Back Bacon, Taste the Difference 240g;£2.50/unit;£10.42/kg;bacon;298;34.0;1.0;0.5;17.4;7.2;0.6;5.58
sainsburys-wiltshire-cured-unsmoked-back-bacon--taste-the-difference-240g;Sainsbury's Wiltshire Cured Unsmoked Back Bacon, Taste the Difference 240g;£2.50/unit;£10.42/kg;organic-taste-the-difference;298;34.0;1.0;0.5;17.4;7.2;0.6;5.58
sainsburys-wiltshire-ham-gratin--taste-the-difference-400g-7583037-p-44;Sainsbury's Wiltshire Ham Gratin, Taste the Difference 400g;£3.30/unit;£8.25/kg;british-ready-meals;172;9.2;13.1;1.5;8.7;4.8;2.1;0.70
sainsburys-wiltshire-ham-gratin--taste-the-difference-400g-7583037-p-44;Sainsbury's Wiltshire Ham Gratin, Taste the Difference 400g;£3.30/unit;£8.25/kg;meals-for-1-ready-meals;172;9.2;13.1;1.5;8.7;4.8;2.1;0.70
sainsburys-wiltshire-ham-gratin--taste-the-difference-400g-7583037-p-44;Sainsbury's Wiltshire Ham Gratin, Taste the Difference 400g;£3.30/unit;£8.25/kg;taste-the-difference-bistro-ready-meals;172;9.2;13.1;1.5;8.7;4.8;2.1;0.70
sainsburys-wiltshire-ham-gratin--taste-the-difference-bistro-800g;Sainsbury's Wiltshire Ham Gratin, Taste the Difference Bistro 800g;£6.00/unit;£7.50/kg;british-ready-meals;172;9.2;13.1;1.5;8.7;4.8;2.1;0.70
sainsburys-wiltshire-ham-gratin--taste-the-difference-bistro-800g;Sainsbury's Wiltshire Ham Gratin, Taste the Difference Bistro 800g;£6.00/unit;£7.50/kg;taste-the-difference-bistro-ready-meals;172;9.2;13.1;1.5;8.7;4.8;2.1;0.70
sainsburys-wine-vinegar--red-wine-500ml;Sainsbury's Wine Vinegar, Red Wine 500ml;£1.15/unit;£2.30/ltr;vinegar;22;0.5;0.8;0.5;0.5;0.1;0.5;0.02
sainsburys-wine-vinegar--white-wine-500ml;Sainsbury's Wine Vinegar, White Wine 500ml;£1.15/unit;£2.30/ltr;vinegar;21;0.5;0.6;0.5;0.5;0.1;0.5;0.02
sainsburys-winemakers-rheinhessen-dornfelder-ros%C3%A9-75cl;Sainsbury's Winemakers' Rheinhessen Dornfelder Rosé 75cl;£4.75/unit;£4.75/75cl;rose-wine;-1;-1;-1;-1;-1;-1;-1;-1
sainsburys-winemakers-selection-moscato-75cl;Sainsbury's Winemakers' Moscato 75cl;£6.50/unit;£6.50/75cl;low-alcohol-wine;-1;-1;-1;-1;-1;-1;-1;-1
sainsburys-winemakers-selection-moscato-75cl;Sainsbury's Winemakers' Moscato 75cl;£6.50/unit;£6.50/75cl;sparkling-wine;-1;-1;-1;-1;-1;-1;-1;-1
sainsburys-winemakers-selection-prosecco-doc-brut-75cl;Sainsbury's Winemakers Selection Prosecco D'oc Brut 75cl;£7.00/unit;£7.00/75cl;sparkling-wine;63;-1;-1;1.3;-1;-1;-1;0.01
sainsburys-winemakers-selection-ros%C3%A9-semi-sparkling-veneto-75cl;Sainsbury's Winemakers' Rosé Vino Frizzante 75cl;£5.00/unit;£5.00/75cl;buyer-recommends;62;-1;-1;0.8;-1;-1;-1;0.08
sainsburys-winemakers-selection-ros%C3%A9-semi-sparkling-veneto-75cl;Sainsbury's Winemakers' Rosé Vino Frizzante 75cl;£5.00/unit;£5.00/75cl;rose-wine;62;-1;-1;0.8;-1;-1;-1;0.08
sainsburys-winemakers-selection-ros%C3%A9-semi-sparkling-veneto-75cl;Sainsbury's Winemakers' Rosé Vino Frizzante 75cl;£5.00/unit;£5.00/75cl;sparkling-wine;62;-1;-1;0.8;-1;-1;-1;0.08
sainsburys-winemakers-zinfandel-spritzer-75cl;Sainsbury's Winemakers Zinfandel Spritzer 75cl;£3.00/unit;£3.00/75cl;low-alcohol-wine;20349;-1;-1;-1;-1;-1;-1;-1
sainsburys-winemakers-zinfandel-spritzer-75cl;Sainsbury's Winemakers Zinfandel Spritzer 75cl;£3.00/unit;£3.00/75cl;rose-wine;20349;-1;-1;-1;-1;-1;-1;-1
sainsburys-winterberries-juice-drink-1l;Sainsbury's Winterberries Juice Drink 1L;£1.40/unit;£0.14/100ml;chilled-fruit-juice;44;0.5;10.6;9.1;0.5;0.1;0.5;0.01
sainsburys-wizard-fairy-cakes-x12;Sainsbury's Wizard Fairy Cakes x12;£1.00/unit;£0.08/ea;cakes-from-our-bakery-12374-44;417;4.4;56.5;33.6;19.0;2.2;1.2;0.43
sainsburys-wizard-fairy-cakes-x12;Sainsbury's Wizard Fairy Cakes x12;£1.00/unit;£0.08/ea;cakes-from-our-bakery;417;4.4;56.5;33.6;19.0;2.2;1.2;0.43
sainsburys-woodland-free-ranged-mixed-weight-eggs-x15;Sainsbury's Woodland Free Ranged Mixed Weight Eggs x15;£2.00/unit;£0.13/ea;eggs;143;14.1;0.5;0.5;9.6;2.7;0.5;0.38
sainsburys-woodland-fruit-strudel-x2-300g-%28serves-6%29;Sainsbury's Woodland Fruit Strudel x2 600g (Serves 6);£1.50/unit;£0.25/100g;frozen-hot-desserts;268;3.0;34.5;14.7;12.7;7.0;2.1;0.30
sainsburys-wraps--be-good-to-yourself-x8;Sainsbury's Wraps, Be Good To Yourself x8;£1.00/unit;£0.13/ea;wraps-bagels-pittas;261;7.1;51.5;2.2;2.0;0.5;4.0;0.93
sainsburys-x6-mini-egg-snack-bags-72g;Sainsbury's Egg Bites, Mini x6 72g;£0.65/unit;£0.90/100g;lunchtime-snacks;288;9.4;21.7;0.5;17.8;4.8;1.6;0.88
sainsburys-x6-mini-egg-snack-bags-72g;Sainsbury's Egg Bites, Mini x6 72g;£0.65/unit;£0.90/100g;sausage-rolls-savouries;288;9.4;21.7;0.5;17.8;4.8;1.6;0.88
sainsburys-yeast-extract--reduced-salt-225g;Sainsbury's Yeast Extract, Reduced Salt 225g;£1.90/unit;£0.84/100g;marmite-yeast-extracts;246;41.2;17.6;1.9;0.5;0.1;4.3;6.50
sainsburys-yellowfin-tuna--lime---coriander-fishcakes--taste-the-difference-x2-300g;Sainsbury's Yellowfin Tuna, Lime & Coriander Fishcakes, Taste the Difference x2 300g;£3.00/unit;£10.00/kg;breaded-coated-fish-seafood;190;12.7;17.0;1.4;7.3;0.8;2.7;0.43
sainsburys-yellowfin-tuna--lime---coriander-fishcakes--taste-the-difference-x2-300g;Sainsbury's Yellowfin Tuna, Lime & Coriander Fishcakes, Taste the Difference x2 300g;£3.00/unit;£10.00/kg;fishcakes-breaded-fish;190;12.7;17.0;1.4;7.3;0.8;2.7;0.43
sainsburys-yellowfin-tuna--lime---coriander-fishcakes--taste-the-difference-x2-300g;Sainsbury's Yellowfin Tuna, Lime & Coriander Fishcakes, Taste the Difference x2 300g;£3.00/unit;£10.00/kg;fuss-free-fish-135654-44;190;12.7;17.0;1.4;7.3;0.8;2.7;0.43
sainsburys-yellowfin-tuna--lime---coriander-fishcakes--taste-the-difference-x2-300g;Sainsbury's Yellowfin Tuna, Lime & Coriander Fishcakes, Taste the Difference x2 300g;£3.00/unit;£10.00/kg;organic-taste-the-difference;190;12.7;17.0;1.4;7.3;0.8;2.7;0.43
sainsburys-yellowfin-tuna-steaks--taste-the-difference-x2-300g;Sainsbury's Yellowfin Tuna Steaks, Taste the Difference x2 300g;£3.75/unit;£12.50/kg;frozen-fish-seafood;133;29.8;0.5;0.5;1.4;0.3;0.5;0.14
sainsburys-yorkshire-bitter--taste-the-difference-500ml;Sainsbury's Yorkshire Bitter, Taste the Difference 500ml;£1.90/unit;£3.80/ltr;ale-stout;54;0.6;4.1;4.1;0.5;0.1;1.5;0.01
sainsburys-yorkshire-pudding--basics-x15-230g;Sainsbury's Yorkshire Pudding, Basics x15 230g;£0.65/unit;£2.95/kg;frozen-yorkshire-puddings;285;9.0;42.1;2.8;8.3;0.7;2.8;0.53
sainsburys-yorkshire-puddings-x12-220g;Sainsbury's Yorkshire Puddings x12 220g;£1.00/unit;£4.55/kg;frozen-yorkshire-puddings;276;9.3;40.1;2.5;8.0;0.7;3.2;0.50
sainsburys-yorkshire-puddings-x6-132g;Sainsbury's Yorkshire Puddings x6 132g;£1.00/unit;£7.58/kg;beef;275;8.3;40.3;4.0;8.3;0.7;3.0;0.45
sainsburys-yorkshire-top-chicken-dinner--be-good-to-yourself-350g;Sainsbury's Yorkshire Top Chicken Dinner, Be Good To Yourself 350g;£2.40/unit;£6.86/kg;british-ready-meals;89;7.0;10.7;1.2;1.6;0.4;1.8;0.35
sainsburys-yorkshire-top-chicken-dinner--be-good-to-yourself-350g;Sainsbury's Yorkshire Top Chicken Dinner, Be Good To Yourself 350g;£2.40/unit;£6.86/kg;healthier-choice-ready-meals;89;7.0;10.7;1.2;1.6;0.4;1.8;0.35
sainsburys-yorkshire-top-chicken-dinner--be-good-to-yourself-350g;Sainsbury's Yorkshire Top Chicken Dinner, Be Good To Yourself 350g;£2.40/unit;£6.86/kg;meals-for-1-ready-meals;89;7.0;10.7;1.2;1.6;0.4;1.8;0.35
sainsburys-young-leaf-salad--basics-75g;Sainsbury's Young Leaf Salad, Basics 75g;£1.00/unit;£1.33/100g;fresh-salad-prepared-ready-to-eat;23;2.0;1.4;0.6;0.6;0.1;1.9;0.03
sainsburys-young-leaf-salad--basics-75g;Sainsbury's Young Leaf Salad, Basics 75g;£1.00/unit;£1.33/100g;prepared-salad-herbs;23;2.0;1.4;0.6;0.6;0.1;1.9;0.03
sainsburys-young-leaf-spinach-100g;Sainsbury's Young Leaf Spinach 100g;£1.00/unit;£10.00/kg;broccoli-cauliflower-cabbage-greens;24;2.7;1.2;0.5;0.6;0.1;1.4;0.15
sainsburys-young-leaf-spinach-100g;Sainsbury's Young Leaf Spinach 100g;£1.00/unit;£10.00/kg;prepared-salad-herbs;24;2.7;1.2;0.5;0.6;0.1;1.4;0.15
sainsburys-young-leaf-spinach-100g;Sainsbury's Young Leaf Spinach 100g;£1.00/unit;£10.00/kg;prepared-vegetables;24;2.7;1.2;0.5;0.6;0.1;1.4;0.15
sainsburys-young-leaf-spinach-200g;Sainsbury's Young Leaf Spinach 200g;£1.50/unit;£7.50/kg;broccoli-cauliflower-cabbage-greens;24;2.7;1.2;0.5;0.6;0.1;1.4;0.15
sainsburys-young-leaf-spinach-200g;Sainsbury's Young Leaf Spinach 200g;£1.50/unit;£7.50/kg;fresh-salad-prepared-ready-to-eat;24;2.7;1.2;0.5;0.6;0.1;1.4;0.15
sainsburys-young-leaf-spinach-200g;Sainsbury's Young Leaf Spinach 200g;£1.50/unit;£7.50/kg;prepared-salad-herbs;24;2.7;1.2;0.5;0.6;0.1;1.4;0.15
sainsburys-young-leaf-spinach-200g;Sainsbury's Young Leaf Spinach 200g;£1.50/unit;£7.50/kg;prepared-vegetables;24;2.7;1.2;0.5;0.6;0.1;1.4;0.15
sainsburys-young-spinach--so-organic-160g;Sainsbury's Young Spinach, SO Organic 160g;£2.00/unit;£12.50/kg;broccoli-cauliflower-cabbage-greens;24;2.7;1.2;0.5;0.6;0.1;1.4;0.15
sainsburys-young-spinach--so-organic-160g;Sainsbury's Young Spinach, SO Organic 160g;£2.00/unit;£12.50/kg;fresh-salad-prepared-ready-to-eat;24;2.7;1.2;0.5;0.6;0.1;1.4;0.15
sainsburys-young-spinach--so-organic-160g;Sainsbury's Young Spinach, SO Organic 160g;£2.00/unit;£12.50/kg;prepared-salad-herbs;24;2.7;1.2;0.5;0.6;0.1;1.4;0.15
sainsburys-young-spinach--so-organic-160g;Sainsbury's Young Spinach, SO Organic 160g;£2.00/unit;£12.50/kg;prepared-vegetables;24;2.7;1.2;0.5;0.6;0.1;1.4;0.15
sainsburys-young-spinach--so-organic-200g;Sainsbury's Young Spinach, SO Organic 200g;£1.60/unit;£8.00/kg;broccoli-cauliflower-cabbage-greens;29;2.8;1.6;1.5;0.8;0.1;2.1;0.35
sainsburys-young-spinach--so-organic-200g;Sainsbury's Young Spinach, SO Organic 200g;£1.60/unit;£8.00/kg;fresh-salad-prepared-ready-to-eat;29;2.8;1.6;1.5;0.8;0.1;2.1;0.35
sainsburys-young-spinach--so-organic-200g;Sainsbury's Young Spinach, SO Organic 200g;£1.60/unit;£8.00/kg;fruit-vegetables-organic-taste-the-difference;29;2.8;1.6;1.5;0.8;0.1;2.1;0.35
sainsburys-young-spinach--so-organic-200g;Sainsbury's Young Spinach, SO Organic 200g;£1.60/unit;£8.00/kg;prepared-salad-herbs;29;2.8;1.6;1.5;0.8;0.1;2.1;0.35
sainsburys-young-spinach--so-organic-200g;Sainsbury's Young Spinach, SO Organic 200g;£1.60/unit;£8.00/kg;prepared-vegetables;29;2.8;1.6;1.5;0.8;0.1;2.1;0.35
sainsburys-young-spinach-260g;Sainsbury's Young Spinach 260g;£1.50/unit;£5.77/kg;broccoli-cauliflower-cabbage-greens;19;2.6;0.5;0.5;0.6;0.1;1.2;0.08
san-leandro-extra-virgin-olive-oil-500ml;San Leandro Extra Virgin Olive Oil 500ml;£5.50/unit;£1.10/100ml;oils;824;0;0;0;91.6;12.8;-1;0
san-leandro-extra-virgin-olive-oil-500ml;San Leandro Extra Virgin Olive Oil 500ml;£5.50/unit;£1.10/100ml;salad-dressings;824;0;0;0;91.6;12.8;-1;0
san-pellegrino-aranciata--sparkling-concentrate-fruit-juice-in-glass-bottle-6x200ml;San Pellegrino Aranciata, Italian Sparkling Orange 6x200ml;£4.00/unit;£0.33/100ml;adult-soft-drinks;43;0;10.3;9.7;0;0;0;0
san-pellegrino-aranciata-rossa--italian-sparkling-orange-bevarage-6x330ml;San Pellegrino Aranciata Rossa, Italian Sparkling Blood Orange 6x330ml;£4.00/unit;£0.20/100ml;fruit-flavoured;Per 100g nutrition not found
san-pellegrino-lemon-6x330ml;San Pellegrino Limonata, Italian Sparkling Lemon 6x330ml;£4.00/unit;£0.20/100ml;fruit-flavoured;Per 100g nutrition not found
san-pellegrino-lemon-6x330ml;San Pellegrino Limonata, Italian Sparkling Lemon 6x330ml;£4.00/unit;£0.20/100ml;lemonade;Per 100g nutrition not found
san-pellegrino-natural-sparkling-mineral-water-4x500ml;San Pellegrino Natural Sparkling Mineral Water 4x500ml;£2.20/unit;£0.11/100ml;sparkling-water;Per 100g nutrition not found
san-pellegrino-orange-6x330ml;San Pellegrino Aranciata, Italian Sparkling Orange 6x330ml;£4.00/unit;£0.20/100ml;fruit-flavoured;Per 100g nutrition not found
san-pellegrino-pompelmo--italian-sparkling-fruit-beverage-6x33cl;San Pellegrino Pompelmo, Italian Sparkling Grapefruit 6x33cl;£4.00/unit;£0.20/100ml;fruit-flavoured;53;0.0;12.4;12.1;0.0;0.0;-1;0.0;87002000
san-pellegrino-sparkling-mineral-water-6x1l;San Pellegrino Sparkling Mineral Water 6x1L;£5.50/unit;£0.09/100ml;sparkling-water;Per 100g nutrition not found
san-pellegrino-sparkling-mineral-water-6x1l;San Pellegrino Sparkling Mineral Water 6x1L;£5.50/unit;£0.09/100ml;water-bigger-multipacks;Per 100g nutrition not found
san-pellegrino-sparkling-mineral-water-750ml;San Pellegrino Sparkling Mineral Water 750ml;£1.00/unit;£0.13/100ml;sparkling-water;Per 100g nutrition not found
san-pellegrino-sparkling-water-1l;San Pellegrino Sparkling Mineral Water 1L;£1.25/unit;£0.13/100ml;sparkling-water;Per 100g nutrition not found
santa-maria-green-jalapenos-hot-200g;Santa Maria Green Jalapenos Hot 200g;£1.00/unit;£0.50/100g;pickled-food;6716;0.4;0.7;0.7;0.9;0.3;-1;5.4
santa-maria-red-jalapenos-hot-200g;Santa Maria Red Jalapenos Hot 200g;£1.00/unit;£0.50/100g;pickled-food;30472;0.7;15.8;15.1;0.3;0.1;-1;4.3
santa-maria-soft-tortillas--plain-flour-x8-360g;Santa Maria Soft Tortillas, Plain Flour x8 360g;£1.00/unit;£0.31/100g;wraps-bagels-pittas;295;7.5;50.8;3.2;6.3;3.0;-1;3.0
scan-pork---beef-swedish-meatballs-350g;Scan Pork & Beef Swedish Meatballs 350g;£2.00/unit;£5.71/kg;beef;230;12.0;8.0;1.1;17;5.0;1.0;1.6
scheckters-organic-energy-250ml-7547421-p-44;Scheckter's Organic Energy 250ml;£1.30/unit;£0.52/100ml;energy-drinks;13431;00;7;7;00;00;-1;00
scheckters-organic-energy-250ml;Scheckter's Organic Energy 250ml;£1.30/unit;£0.52/100ml;energy-drinks;19847;00;11;11;00;00;-1;00
schwartz-chip-seasoning-55g;Schwartz Chip Seasoning 55g;£1.65/unit;£0.30/10g;herbs-spices-seasoning;Per 100g nutrition not found
schwartz-no-added-salt-chicken-seasoning-43g;Schwartz Reduced Salt Chicken Seasoning 43g;£1.65/unit;£0.38/10g;herbs-spices-seasoning;1411337;11.7;47.4;23.6;6.3;1.0;-1;0.15
schwartz-no-added-salt-season-all-37g;Schwartz Reduced Salt Season-All Herb & Spice Blend 37g;£1.65/unit;£0.45/10g;herbs-spices-seasoning;1370326;11.3;49.7;9.2;4.4;1.5;-1;0.18;95
schwartz-no-added-salt-steak-seasoning-44g;Schwartz No Added Salt Steak Seasoning 44g;£1.65/unit;£0.38/10g;herbs-spices-seasoning;1445345;12.3;43.5;15.4;8.8;1.0;-1;0.18;95
schwartz-spanish-seasoning-33g;Schwartz Spanish Seasoning 33g;£1.65/unit;£0.50/10g;herbs-spices-seasoning;Per 100g nutrition not found
schweppes-bitter-lemon--can-150ml;Schweppes Bitter Lemon Mini 150ml;£0.45/unit;£0.30/100ml;mixers-12333-44;-1;0;8.1;8.1;0;0;-1;
schweppes-bitter-lemon--can-150ml;Schweppes Bitter Lemon Mini 150ml;£0.45/unit;£0.30/100ml;mixers;-1;0;8.1;8.1;0;0;-1;
schweppes-bitter-lemon--slimline-1l;Schweppes Bitter Lemon Slimline 1L;£1.20/unit;£0.12/100ml;mixers-12333-44;Per 100g nutrition not found
schweppes-bitter-lemon--slimline-1l;Schweppes Bitter Lemon Slimline 1L;£1.20/unit;£0.12/100ml;mixers;Per 100g nutrition not found
schweppes-bitter-lemon-1l;Schweppes Bitter Lemon 1L;£1.20/unit;£0.12/100ml;mixers-12333-44;Per 100g nutrition not found
schweppes-bitter-lemon-1l;Schweppes Bitter Lemon 1L;£1.20/unit;£0.12/100ml;mixers;Per 100g nutrition not found
schweppes-dry-ginger-ale-mini-cans-12x150ml;Schweppes Dry Ginger Ale Mini 12x150ml;£4.25/unit;£0.24/100ml;mixers-12333-44;38;0;9.1;9.1;0;0;-1;0
schweppes-dry-ginger-ale-mini-cans-12x150ml;Schweppes Dry Ginger Ale Mini 12x150ml;£4.25/unit;£0.24/100ml;mixers;38;0;9.1;9.1;0;0;-1;0
schweppes-elderflower-tonic-water-1l;Schweppes Elderflower Tonic Water 1L;£1.20/unit;£0.12/100ml;mixers-12333-44;Per 100g nutrition not found
schweppes-elderflower-tonic-water-1l;Schweppes Elderflower Tonic Water 1L;£1.20/unit;£0.12/100ml;mixers;Per 100g nutrition not found
schweppes-ginger-beer-4x250ml;Schweppes Ginger Beer 4x250ml;£2.50/unit;£0.25/100ml;mixers-12333-44;Per 100g nutrition not found
schweppes-ginger-beer-4x250ml;Schweppes Ginger Beer 4x250ml;£2.50/unit;£0.25/100ml;mixers;Per 100g nutrition not found
schweppes-lemonade--diet-2l;Schweppes Lemonade, Diet 2L;£1.30/unit;£0.07/100ml;diet-sugar-free-fizzy-drinks;Per 100g nutrition not found
schweppes-lemonade--diet-2l;Schweppes Lemonade, Diet 2L;£1.30/unit;£0.07/100ml;fruit-flavoured;Per 100g nutrition not found
schweppes-lemonade--diet-2l;Schweppes Lemonade, Diet 2L;£1.30/unit;£0.07/100ml;lemonade;Per 100g nutrition not found
schweppes-lemonade--diet-6x330ml;Schweppes Lemonade, Diet 6x330ml;£2.50/unit;£0.13/100ml;diet-sugar-free-fizzy-drinks;Per 100g nutrition not found
schweppes-lemonade--diet-6x330ml;Schweppes Lemonade, Diet 6x330ml;£2.50/unit;£0.13/100ml;fruit-flavoured;Per 100g nutrition not found
schweppes-lemonade--diet-6x330ml;Schweppes Lemonade, Diet 6x330ml;£2.50/unit;£0.13/100ml;lemonade;Per 100g nutrition not found
schweppes-lemonade-12x150ml;Schweppes Lemonade Mini 12x150ml;£4.25/unit;£0.24/100ml;lemonade;Per 100g nutrition not found
schweppes-lemonade-12x150ml;Schweppes Lemonade Mini 12x150ml;£4.25/unit;£0.24/100ml;mixers-12333-44;Per 100g nutrition not found
schweppes-lemonade-12x150ml;Schweppes Lemonade Mini 12x150ml;£4.25/unit;£0.24/100ml;mixers;Per 100g nutrition not found
schweppes-lemonade-6x330ml;Schweppes Lemonade 6x330ml;£2.50/unit;£0.13/100ml;fruit-flavoured;Per 100g nutrition not found
schweppes-lemonade-6x330ml;Schweppes Lemonade 6x330ml;£2.50/unit;£0.13/100ml;lemonade;Per 100g nutrition not found
schweppes-slimline-indian-tonic-water--mixed-with-lemon-zest-1l;Schweppes Slimline Indian Tonic Water with Lemon 1L;£1.20/unit;£0.12/100ml;mixers-12333-44;Per 100g nutrition not found
schweppes-slimline-indian-tonic-water--mixed-with-lemon-zest-1l;Schweppes Slimline Indian Tonic Water with Lemon 1L;£1.20/unit;£0.12/100ml;mixers;Per 100g nutrition not found
schweppes-slimline-indian-tonic-water-mini-can-150ml;Schweppes Slimline Tonic Water Mini 150ml;£0.45/unit;£0.30/100ml;mixers-12333-44;82;0;0;0;0;0;-1;0.10
schweppes-slimline-indian-tonic-water-mini-can-150ml;Schweppes Slimline Tonic Water Mini 150ml;£0.45/unit;£0.30/100ml;mixers;82;0;0;0;0;0;-1;0.10
schweppes-slimline-tonic-water-1l;Schweppes Slimline Tonic Water 1L;£1.20/unit;£0.12/100ml;mixers-12333-44;Per 100g nutrition not found
schweppes-slimline-tonic-water-1l;Schweppes Slimline Tonic Water 1L;£1.20/unit;£0.12/100ml;mixers;Per 100g nutrition not found
schweppes-slimline-tonic-water-x12-150ml;Schweppes Slimline Tonic Water Mini 12x150ml;£4.25/unit;£0.24/100ml;mixers-12333-44;Per 100g nutrition not found
schweppes-slimline-tonic-water-x12-150ml;Schweppes Slimline Tonic Water Mini 12x150ml;£4.25/unit;£0.24/100ml;mixers;Per 100g nutrition not found
schweppes-slimline-tonic-water-x3-1l;Schweppes Slimline Tonic Water 3x1L;£3.20/unit;£0.11/100ml;mixers-12333-44;Per 100g nutrition not found
schweppes-slimline-tonic-water-x3-1l;Schweppes Slimline Tonic Water 3x1L;£3.20/unit;£0.11/100ml;mixers;Per 100g nutrition not found
schweppes-soda-water--can-150ml;Schweppes Soda Water 150ml;£0.45/unit;£0.30/100ml;mixers-12333-44;00;0;0;0;0;0;-1;0.05
schweppes-soda-water--can-150ml;Schweppes Soda Water 150ml;£0.45/unit;£0.30/100ml;mixers;00;0;0;0;0;0;-1;0.05
schweppes-soda-water-1l;Schweppes Soda Water 1L;£1.20/unit;£0.12/100ml;mixers-12333-44;Per 100g nutrition not found
schweppes-soda-water-1l;Schweppes Soda Water 1L;£1.20/unit;£0.12/100ml;mixers;Per 100g nutrition not found
schweppes-tonic-water--can-150ml;Schweppes Tonic Water Mini 150ml;£0.45/unit;£0.30/100ml;mixers-12333-44;Per 100g nutrition not found
schweppes-tonic-water--can-150ml;Schweppes Tonic Water Mini 150ml;£0.45/unit;£0.30/100ml;mixers;Per 100g nutrition not found
schweppes-tonic-water-1l;Schweppes Tonic Water 1L;£1.20/unit;£0.12/100ml;mixers-12333-44;Per 100g nutrition not found
schweppes-tonic-water-1l;Schweppes Tonic Water 1L;£1.20/unit;£0.12/100ml;mixers;Per 100g nutrition not found
schweppes-tonic-water-x12-150ml;Schweppes Tonic Water Mini 12x150ml;£4.25/unit;£0.24/100ml;mixers-12333-44;Per 100g nutrition not found
schweppes-tonic-water-x12-150ml;Schweppes Tonic Water Mini 12x150ml;£4.25/unit;£0.24/100ml;mixers;Per 100g nutrition not found
schweppes-tonic-water-x3-1l;Schweppes Tonic Water 3x1L;£3.20/unit;£0.11/100ml;mixers-12333-44;22;0;5.1;5.1;0;0;-1;0
schweppes-tonic-water-x3-1l;Schweppes Tonic Water 3x1L;£3.20/unit;£0.11/100ml;mixers;22;0;5.1;5.1;0;0;-1;0
science-in-sport-go-isotonic-gel--orange-x6;SiS Go Isotonic Gel, Orange x6;£4.00/unit;£0.67/ea;energy-drinks;613144;0.0;36;1.0;0.1;0.0;0.1;0.01
science-in-sport-go-isotonic-gel--orange-x6;SiS Go Isotonic Gel, Orange x6;£4.00/unit;£0.67/ea;sports-drinks;613144;0.0;36;1.0;0.1;0.0;0.1;0.01
scooby-doo-freezepop-20x50ml;Calypso Scooby Doo Freezepop 20x45ml;£1.10/unit;£0.11/100ml;ice-cream-cones-wafers;11928;0;7;-1;0;-1;-1;-1
scooby-doo-freezepop-20x50ml;Calypso Scooby Doo Freezepop 20x45ml;£1.10/unit;£0.11/100ml;kids-lunchbox-fruit-desserts;11928;0;7;-1;0;-1;-1;-1
scooby-doo-freezepop-20x50ml;Calypso Scooby Doo Freezepop 20x45ml;£1.10/unit;£0.11/100ml;lollies-bars-cones;11928;0;7;-1;0;-1;-1;-1
seriously-strong-cheddar-200g;Seriously Strong Cheddar 200g;£2.75/unit;£13.75/kg;cheddar-british-regional-cheese;1725416;25.4;0.1;0.1;34.9;21.7;-1;1.80
seriously-strong-cheddar-350g;Seriously Strong Extra Mature Cheddar 350g;£2.50/unit;£7.14/kg;cheddar-british-regional-cheese;1725416;25.4;0.1;0.1;34.9;21.7;-1;1.80
seriously-strong-mature-white-cheddar-350g;Seriously Strong Mature White Cheddar 350g;£2.50/unit;£7.14/kg;cheddar-british-regional-cheese;Per 100g nutrition not found
seriously-strong-spreadable-125g;Seriously Strong Spreadable 125g;£1.65/unit;£13.20/kg;snacking-lunchbox-cheese;1260304;16;1.5;1.5;26;18;-1;2.3
seriously-strong-spreadable-125g;Seriously Strong Spreadable 125g;£1.65/unit;£13.20/kg;soft---spreadable;1260304;16;1.5;1.5;26;18;-1;2.3
seriously-strong-spreadable-250g;Seriously Strong Spreadable 250g;£2.50/unit;£10.00/kg;snacking-lunchbox-cheese;1260304;16;1.5;1.5;26;18;-1;2.3
seriously-strong-spreadable-250g;Seriously Strong Spreadable 250g;£2.50/unit;£10.00/kg;soft---spreadable;1260304;16;1.5;1.5;26;18;-1;2.3
seriously-strong-spreadable-lighter-125g;Seriously Strong Spreadable Lighter 125g;£1.65/unit;£13.20/kg;cottage-cheese---healthier-choice;935225;15.5;2.5;2.5;17;12;-1;2.5
seriously-strong-spreadable-lighter-125g;Seriously Strong Spreadable Lighter 125g;£1.65/unit;£13.20/kg;snacking-lunchbox-cheese;935225;15.5;2.5;2.5;17;12;-1;2.5
seriously-strong-spreadable-lighter-125g;Seriously Strong Spreadable Lighter 125g;£1.65/unit;£13.20/kg;soft---spreadable;935225;15.5;2.5;2.5;17;12;-1;2.5
seriously-strong-spreadable-smokey-125g;Seriously Strong Spreadable Smokey 125g;£1.65/unit;£13.20/kg;snacking-lunchbox-cheese;1161280;14;1;1;24.5;17;-1;2.8
seriously-strong-spreadable-smokey-125g;Seriously Strong Spreadable Smokey 125g;£1.65/unit;£13.20/kg;soft---spreadable;1161280;14;1;1;24.5;17;-1;2.8
seriously-strong-vintage-cheddar-350g;Seriously Strong Vintage Cheddar 350g;£2.50/unit;£7.14/kg;cheddar-british-regional-cheese;Per 100g nutrition not found
shaken-udder-kids-banana-3x200ml;Shaken Udder Kids Banana Milkshake 3x200ml;£1.85/unit;£3.08/ltr;flavoured-milk;Per 100g nutrition not found
shaken-udder-kids-chocolate-3x200ml;Shaken Udder Kids Chocolate Milkshake 3x200ml;£1.85/unit;£3.08/ltr;flavoured-milk;Per 100g nutrition not found
shaken-udder-kids-strawberry-3x200ml;Shaken Udder Kids Strawberry Milkshake 3x200ml;£1.85/unit;£3.08/ltr;flavoured-milk;Per 100g nutrition not found
shandy-bass-330ml;Shandy Bass 330ml;£0.60/unit;£0.18/100ml;traditional;9322;0;4.7;4.6;0;0;-1;0.01
shape-blackberry---cherry-4x120g;Shape 0% Fat Blackberry & Cherry Yogurt 4x120g;£1.00/unit;£0.21/100g;diet-low-fat-yogurts;52;4.9;7.2;6.9;0.2;0.1;1.1;0.2
shape-crumble-yogurts-4x120g;Shape 0% Fat Apple & Rhubarb Crumble Yogurt 4x120g;£1.00/unit;£0.21/100g;diet-low-fat-yogurts;49;4.8;7.0;6.6;0.1;0.0;0.2;0.2
shape-crumble-yogurts-4x120g;Shape 0% Fat Apple & Rhubarb Crumble Yogurt 4x120g;£1.00/unit;£0.21/100g;rice-dessert-style-yogurts;49;4.8;7.0;6.6;0.1;0.0;0.2;0.2
shape-delights-chocolate-4x110g;Shape Dessert Chocolate 4x110g;£1.00/unit;£0.23/100g;diet-low-fat-yogurts;420100;3.4;16.0;13.5;2.3;1.6;0.6;0.1
shape-delights-chocolate-4x110g;Shape Dessert Chocolate 4x110g;£1.00/unit;£0.23/100g;rice-dessert-style-yogurts;420100;3.4;16.0;13.5;2.3;1.6;0.6;0.1
shape-mango---peach-4x120g;Shape 0% Fat Peach & Apricot Yogurt 4x120g;£1.00/unit;£0.21/100g;diet-low-fat-yogurts;49;4.9;7.2;7.0;0.1;0.0;0.2;0.2
shape-pineapple---coconut-yogurt-4x120g;Shape Pineapple & Coconut Yogurt 4x120g;£1.00/unit;£0.21/100g;diet-low-fat-yogurts;52;4.7;7.2;7.0;0.1;0.0;1.6;0.2
shape-raspberry---strawberry-4x120g;Shape Raspberry & Strawberry Yogurt 4x120g;£1.00/unit;£0.21/100g;diet-low-fat-yogurts;49;4.6;6.8;6.3;0.1;0.0;1;0.2
share-chorizo-koftas-136g;Sainsbury's Share Chorizo Koftas 136g;£2.50/unit;£1.84/100g;olives-tapas-antipasti;258;15.8;14.3;4.0;14.8;3.1;2.3;1.00
sharwoods-chicken-korma-375g;Sharwood's Chicken Korma 375g;£1.10/unit;£2.93/kg;frozen-ready-meals;692164;5.7;24.5;2.0;4.4;2.8;1.7;0.40
sharwoods-mango-chutney--green-label-530g;Sharwood's Mango Chutney, Green Label 530g;£2.50/unit;£0.47/100g;chutneys-pickle-relishes;240;0.3;59.5;44.7;0.1;0.1;0.4;2.9
sharwoods-tikka-masala-375g;Sharwood's Tikka Masala 375g;£1.10/unit;£2.93/kg;frozen-ready-meals;540128;5.3;20.1;3.0;2.7;1.0;1.0;0.51
shazan-halal-baby-whole-chicken-800g;Shazans Halal Baby Whole Chicken 800g;£3.00/unit;£3.75/kg;chicken;Per 100g nutrition not found
shazan-halal-baby-whole-chicken-800g;Shazans Halal Baby Whole Chicken 800g;£3.00/unit;£3.75/kg;halal-chilled-foods;Per 100g nutrition not found
shazan-halal-chicken-breast-fillet-760g;Shazans Halal Chicken Breast Fillet 760g;£5.00/unit;£6.58/kg;chicken;Per 100g nutrition not found
shazan-halal-chicken-breast-fillet-760g;Shazans Halal Chicken Breast Fillet 760g;£5.00/unit;£6.58/kg;halal-chilled-foods;Per 100g nutrition not found
shazan-halal-chicken-drumsticks---thighs-1kg;Shazans Halal Chicken Drumsticks & Thighs 1kg;£3.50/unit;£3.50/kg;chicken;Per 100g nutrition not found
shazan-halal-chicken-drumsticks---thighs-1kg;Shazans Halal Chicken Drumsticks & Thighs 1kg;£3.50/unit;£3.50/kg;halal-chilled-foods;Per 100g nutrition not found
shazan-halal-chicken-drumsticks-1kg;Shazans Halal Chicken Drumsticks 1kg;£3.50/unit;£3.50/kg;chicken;Per 100g nutrition not found
shazan-halal-chicken-drumsticks-1kg;Shazans Halal Chicken Drumsticks 1kg;£3.50/unit;£3.50/kg;halal-chilled-foods;Per 100g nutrition not found
shazan-halal-chicken-wings-12kg;Shazans Halal Chicken Wings 1.2kg;£3.50/unit;£2.92/kg;chicken;Per 100g nutrition not found
shazan-halal-chicken-wings-12kg;Shazans Halal Chicken Wings 1.2kg;£3.50/unit;£2.92/kg;halal-chilled-foods;Per 100g nutrition not found
shazans-halal-chicken-skinless-thighs-1kg;Shazans Halal Chicken Skinless Thighs 1kg;£3.50/unit;£3.50/kg;chicken;Per 100g nutrition not found
shazans-halal-chicken-skinless-thighs-1kg;Shazans Halal Chicken Skinless Thighs 1kg;£3.50/unit;£3.50/kg;halal-chilled-foods;Per 100g nutrition not found
shippams-crab-75g;Shippam's Crab 75g;£0.70/unit;£0.93/100g;savoury-pastes;634152;12.6;7.5;-1;7.1;-1;-1;-1
shloer-apple-sparkling-juice-750ml;Shloer Apple Sparkling Juice 750ml;£2.00/unit;£0.27/100ml;adult-soft-drinks;17040;0.1;9.7;9.7;0;0;-1;0
shloer-berry-punch-750ml;Shloer Berry Punch 750ml;£2.00/unit;£0.27/100ml;adult-soft-drinks;16238;0.1;9.2;9.2;0;0;-1;0
shloer-celebration-pink-fizz-750ml;Shloer Celebration Pink Fizz 750ml;£3.00/unit;£0.40/100ml;adult-soft-drinks;19746;0.1;11.3;11.3;0;0;-1;0
shloer-celebration-white-750ml;Shloer Celebration White 750ml;£3.00/unit;£0.40/100ml;adult-soft-drinks;19947;0.1;11.4;11.4;0;0;-1;0
shloer-red-grape-sparkling-juice-750ml;Shloer Red Grape Sparkling Juice 750ml;£2.00/unit;£0.27/100ml;adult-soft-drinks;18343;0.1;10.3;10.3;0;0;-1;0
shloer-rose-sparkling-juice-750ml;Shloer Rose Sparkling Juice 750ml;£2.00/unit;£0.27/100ml;adult-soft-drinks;18844;0.1;10.7;10.7;0;0;-1;0
shloer-white-grape---elderflower-750ml;Shloer White Grape & Elderflower 750ml;£2.00/unit;£0.27/100ml;adult-soft-drinks;17040;0.1;9.8;9.8;0;0;-1;0
shloer-white-grape-sparkling-juice-750ml;Shloer White Grape Sparkling Juice 750ml;£2.00/unit;£0.27/100ml;adult-soft-drinks;19045;0.1;10.9;10.9;0;0;-1;0
silver-spoon-half-spoon-granulated-sugar-1kg;Silver Spoon Half Spoon Granulated Sugar 1kg;£2.00/unit;£2.00/kg;tea-coffee-sugar;400;0.8;98.9;98.9;0;0;0;0;;;
silver-spoon-half-spoon-sugar-500g;Silver Spoon Half Spoon Sugar 500g;£1.20/unit;£2.40/kg;tea-coffee-sugar;400;0.8;98.9;98.9;0;0;0;0
silver-spoon-sweetener-x400;Silver Spoon Sweetener x400;£1.50/unit;£0.04/10tblt;tea-coffee-sweeteners;1448341;22.06;65.66;40.68;0.16;0.15;-1;0.85
silver-spoon-truvia-pouch-150g;Silver Spoon Truvia Pouch 150g;£3.00/unit;£20.00/kg;tea-coffee-sweeteners;0;0;99.0;0;0;0;-1;0
silver-spoon-truvia-sweetener-tablets-x100-5g;Silver Spoon Truvia Sweetener Tablets x100 5g;£2.50/unit;£0.25/10tblt;tea-coffee-sweeteners;376;3.0;89.9;-1;0.2;-1;-1;-1
simplee-aloe-1l;Simplee Aloe 1L;£3.00/unit;£0.30/100ml;chilled-fruit-juice;28;0;6.9;6.7;0;0;0;0
simpsons-swirler-string-cheese-x8;Simpsons Swirler String Cheese x8;£2.00/unit;£0.25/ea;snacking-lunchbox-cheese;1208290;252;06;00;208;14.3;-1;15
sizzling-danish-smoked-back-bacon-2x200g;Sizzling Danish Smoked Back Bacon 2x200g;£3.80/unit;£9.50/kg;bacon;1172282;26.3;0.5;0.5;19.6;8.6;0.5;4.8
sizzling-danish-smoked-bacon-rashers-x10-300g;Sizzling Danish Smoked Bacon Rashers x10 300g;£2.00/unit;£6.67/kg;bacon;282;26.3;0.1;0.1;19.6;8.6;0.1;4.8
sizzling-danish-unsmoked-back-bacon-2x200g;Sizzling Danish Unsmoked Back Bacon 2x200g;£3.80/unit;£9.50/kg;bacon;1172282;26.3;0.5;0.5;19.6;8.6;0.5;4.8
sizzling-danish-unsmoked-bacon-rashers-x10-300g;Sizzling Danish Unsmoked Bacon Rashers x10 300g;£2.00/unit;£6.67/kg;bacon;282;26.3;0.1;0.1;19.6;8.6;0.1;4.8
ski-greek-style-lemon-yogurts-4x120g;Ski Greek Style Lemon Yogurts 4x120g;£2.00/unit;£0.42/100g;diet-low-fat-yogurts;106;4.8;15.0;14.2;3.0;1.8;-1;0.2
ski-greek-style-lemon-yogurts-4x120g;Ski Greek Style Lemon Yogurts 4x120g;£2.00/unit;£0.42/100g;natural-greek-yogurts;106;4.8;15.0;14.2;3.0;1.8;-1;0.2
ski-greek-style-strawberry-yogurt-4x120g;Ski Greek Style Strawberry Yogurt 4x120g;£2.00/unit;£0.42/100g;diet-low-fat-yogurts;105;4.8;14.9;14.0;3.0;1.8;-1;0.2
ski-greek-style-strawberry-yogurt-4x120g;Ski Greek Style Strawberry Yogurt 4x120g;£2.00/unit;£0.42/100g;natural-greek-yogurts;105;4.8;14.9;14.0;3.0;1.8;-1;0.2
ski-lemon-meringue-mousse-4x60g;Ski Mousse Lemon Meringue  4x60g;£1.00/unit;£0.42/100g;rice-dessert-style-yogurts;127;3.7;17.6;17.3;4.7;3.2;-1;0.3
ski-mousse-ltd-edition-4x59g;Ski Mousse Ltd Edition 4x59g;£1.00/unit;£0.42/100g;rice-dessert-style-yogurts;126;3.7;16.7;15.9;4.9;3.4;-1;0.2
ski-smooth-cherry---blackcurrant-yogurts-4x120g;Ski Smooth Cherry & Blackcurrant Yogurts 4x120g;£1.69/unit;£0.35/100g;corners-everyday-yogurts;87;3.7;12.2;11.9;2.6;1.7;-1;0.1
ski-smooth-strawberry---raspberry-4x120g;Ski Smooth Strawberry & Raspberry Yogurt 4x120g;£1.69/unit;£0.35/100g;corners-everyday-yogurts;94;3.9;13.6;13.2;2.7;1.8;-1;0.1
ski-strawberry-mousse-4x60g;Ski Mousse Strawberry 4x60g;£1.00/unit;£0.42/100g;rice-dessert-style-yogurts;128;3.8;16.6;14.2;5.2;3.6;-1;0.2
ski-tropical-4x120g;Ski Tropical Yogurt 4x120g;£1.69/unit;£0.35/100g;corners-everyday-yogurts;91;3.8;13.2;12.9;2.6;1.7;-1;0.1
ski-variety-4x120g;Ski Variety Yogurt 4x120g;£1.69/unit;£0.35/100g;corners-everyday-yogurts;90;3.8;13.0;12.6;2.6;1.6;-1;0.1
skinny-cow-triple-mint-chocolate-x3-300ml;Skinny Cow Triple Mint Chocolate x3 300ml;£2.49/unit;£0.83/100ml;lollies-bars-cones;194;3.3;30.0;25.1;5.6;4.4;4.2;0.15;10066.0;
slim-fast-ready-to-drink-banana-325ml;Slim.fast! Ready To Drink Milkshake Banana 325ml;£1.60/unit;£0.49/100ml;vitamins-health-drinks;0;0;0;0;0;0;0;
slimfast%21-milkshake--mocha-325ml;Slim.fast! Milkshake, Mocha 325ml;£1.60/unit;£0.49/100ml;vitamins-health-drinks;0;0;0;0;0;0;0;
slimfast-ready-to-drink-vanilla-325ml;Slim.fast! Milkshake, Vanilla 325ml;£1.60/unit;£0.49/100ml;vitamins-health-drinks;0;0;0;0;0;0;0;
sliver-spoon-sweetener-75g;Silver Spoon Sweetener 75g;£1.00/unit;£13.33/kg;tea-coffee-sweeteners;374;1.4;92.2;-1;0;-1;-1;-1
smarties-cupcakes-x6;Smarties Cupcakes x6;£1.00/unit;£0.17/ea;muffins-small-cakes;471;4.8;54.7;39.3;25.4;11.5;2.0;0.45;
smarties-hexatube-38g;Smarties Hexatube 38g;£0.60/unit;£1.58/100g;chocolate;Per 100g nutrition not found
smarties-multipack-x4-38g;Smarties Multipack x4 38g;£1.50/unit;£0.99/100g;chocolate;462;4.8;68.8;63.4;18.4;10.5;0.9;0.15;
smarties-split-pot-vanilla-4x120g;Smarties Split Pot Yogurt 4x120g;£2.00/unit;£0.42/100g;corners-everyday-yogurts;Per 100g nutrition not found
smarties-split-pot-vanilla-4x120g;Smarties Split Pot Yogurt 4x120g;£2.00/unit;£0.42/100g;kids-yogurts;Per 100g nutrition not found
smarties-split-pot-vanilla-4x120g;Smarties Split Pot Yogurt 4x120g;£2.00/unit;£0.42/100g;rice-dessert-style-yogurts;Per 100g nutrition not found
smirnoff---cranberry-juice-250ml;Smirnoff & Cranberry Juice 250ml;£2.00/unit;£8.00/ltr;pre-mixed-spirits;31876;0;8;-1;0;-1;-1;-1
smirnoff-ice-4x275ml;Smirnoff Ice 4x275ml;£4.00/unit;£3.64/ltr;alcopops;26764;0;8;-1;0;-1;-1;-1
smirnoff-ice-4x275ml;Smirnoff Ice 4x275ml;£4.00/unit;£3.64/ltr;pre-mixed-spirits;26764;0;8;-1;0;-1;-1;-1
smoky-jalapeno-topped-houmous-200g;Sainsbury's Smoky Jalapeno Topped Houmous 200g;£1.55/unit;£0.78/100g;deli-meat-alternatives;267;6.8;10.4;1.9;20.8;2.2;5.7;0.88
smoky-jalapeno-topped-houmous-200g;Sainsbury's Smoky Jalapeno Topped Houmous 200g;£1.55/unit;£0.78/100g;fresh-dips-houmous;267;6.8;10.4;1.9;20.8;2.2;5.7;0.88
snickers-duo-954g;Snickers Duo 83.4g;£0.75/unit;£0.90/100g;chocolate;Per 100g nutrition not found
snickers-single-58g;Snickers Single 48g;£0.60/unit;£1.25/100g;chocolate;Per 100g nutrition not found
snickers-x3-144g;Snickers x3 144g;£1.50/unit;£1.04/100g;chocolate;Per 100g nutrition not found
so-organic-cos;Sainsbury's Cos Lettuce, SO Organic;£1.60/unit;£1.60/ea;fruit-vegetables-organic-taste-the-difference;15;0.8;1.7;1.7;0.5;0.1;0.9;0.00
so-organic-cos;Sainsbury's Cos Lettuce, SO Organic;£1.60/unit;£1.60/ea;lettuce;15;0.8;1.7;1.7;0.5;0.1;0.9;0.00
soreen-banana-loaf;Soreen Banana Loaf;£1.00/unit;£0.38/100g;cakes-scones-fruited-buns;316;7.0;60.7;20.2;4.9;0.9;5.0;0.7
soreen-banana-loaf;Soreen Banana Loaf;£1.00/unit;£0.38/100g;scones-fruited-buns;316;7.0;60.7;20.2;4.9;0.9;5.0;0.7
soreen-banana-lunchbox-loaves-x5;Soreen Banana Lunchbox Loaves x5;£1.45/unit;£0.29/ea;cake-bars-mini-rolls;313;7.8;58.4;19.2;5.3;0.9;5.5;0.7
soreen-banana-lunchbox-loaves-x5;Soreen Banana Lunchbox Loaves x5;£1.45/unit;£0.29/ea;scones-fruited-buns;313;7.8;58.4;19.2;5.3;0.9;5.5;0.7
soreen-fruity-malt-loaf--sliced-350g;Soreen Fruity Malt Loaf, Sliced 350g;£1.00/unit;£1.00/ea;cakes-scones-fruited-buns;313;8.6;63.5;20.6;2.0;0.3;3.2;0.6
soreen-fruity-malt-loaf--sliced-350g;Soreen Fruity Malt Loaf, Sliced 350g;£1.00/unit;£1.00/ea;scones-fruited-buns;313;8.6;63.5;20.6;2.0;0.3;3.2;0.6
soreen-large-fruit-loaf-260g;Soreen Large Fruit Loaf 260g;£1.00/unit;£0.38/100g;cakes-scones-fruited-buns;-1;7.1;63.1;18.3;2.4;0.6;3.6;0.28;0.71
soreen-large-fruit-loaf-260g;Soreen Large Fruit Loaf 260g;£1.00/unit;£0.38/100g;scones-fruited-buns;-1;7.1;63.1;18.3;2.4;0.6;3.6;0.28;0.71
soreen-malt-lunchbox-loaves-x5;Soreen Malt Lunchbox Loaves x5;£1.45/unit;£0.29/ea;cake-bars-mini-rolls;313;9.2;64.5;19.1;2.8;0.4;4.4;0.6
soreen-malt-lunchbox-loaves-x5;Soreen Malt Lunchbox Loaves x5;£1.45/unit;£0.29/ea;scones-fruited-buns;313;9.2;64.5;19.1;2.8;0.4;4.4;0.6
soreen-orange-loaf;Soreen Orange Loaf;£1.00/unit;£1.00/ea;cakes-scones-fruited-buns;324;7.1;61.1;21.0;4.7;0.9;4.7;0.6
soreen-orange-loaf;Soreen Orange Loaf;£1.00/unit;£1.00/ea;scones-fruited-buns;324;7.1;61.1;21.0;4.7;0.9;4.7;0.6
special-k-breakfast-cereal--chocolate-300g;Kellogg's Special K Breakfast Cereal, Chocolate 300g;£2.70/unit;£0.90/100g;family-cereals;1682398;8;76;24;6;3;4;0.85
special-k-breakfast-cereal--chocolate-300g;Kellogg's Special K Breakfast Cereal, Chocolate 300g;£2.70/unit;£0.90/100g;healthier-cereals;1682398;8;76;24;6;3;4;0.85
spiderman-mask-celebration-cake;Spiderman Celebration Cake;£10.00/unit;£9.51/kg;celebration-cakes;399;2.5;68.1;55.3;12.8;2.6;-1;0.36
splenda-500-tablets;Splenda 500 Tablets;£5.60/unit;£0.11/10tblt;tea-coffee-sweeteners;Per 100g nutrition not found
splenda-cake-can-125g;Splenda Cake Can 125g;£2.50/unit;£20.00/kg;tea-coffee-sweeteners;391;0;97.7;6.9;0;0;0;
splenda-ceka-can-75g;Splenda Ceka Can 75g;£2.50/unit;£33.33/kg;tea-coffee-sweeteners;391;0;97.7;6.9;0;0;0;
splenda-low-cal-sweeteners-300-tablets;Splenda Low Cal Sweeteners 300 Tablets;£3.50/unit;£0.12/10tblt;tea-coffee-sweeteners;Per 100g nutrition not found
spongebob-celebration-cake;Spongebob Celebration Cake;£10.00/unit;£10.00/cake;celebration-cakes;405;2.4;67.5;58.9;13.8;3.9;-1;0.31
sprinkle-factory-divine-desserts-67g;Sprinkles Factory Divine Desserts 67g;£2.70/unit;£4.03/100g;sauces-toppings;473;4.8;70.2;64.6;19.1;10.4;2.1;0.2
sprinkles-factory-ice-cream---dessert-sprinkles-161g;Sprinkles Factory Ice Cream & Dessert Sprinkles 161g;£2.30/unit;£1.43/100g;sauces-toppings;417;0.3;92.5;83.2;5.4;4.0;0.3;0.0
sprinkles-factory-ice-cream---dessert-sprinkles-161g;Sprinkles Factory Ice Cream & Dessert Sprinkles 161g;£2.30/unit;£1.43/100g;wafers-sauces-toppings;417;0.3;92.5;83.2;5.4;4.0;0.3;0.0
sprite-sparkling-lemon---lime-drink-2l;Sprite Sparkling Lemon & Lime Drink 2L;£1.85/unit;£0.09/100ml;fruit-flavoured;28;0;6.6;6.6;0;0;-1;0
sprite-sparkling-lemon---lime-drink-2l;Sprite Sparkling Lemon & Lime Drink 2L;£1.85/unit;£0.09/100ml;lemonade;28;0;6.6;6.6;0;0;-1;0
sprite-sparkling-lemon---lime-drink-500ml;Sprite Sparkling Lemon & Lime Drink 500ml;£1.25/unit;£0.25/100ml;fruit-flavoured;Per 100g nutrition not found
sprite-sparkling-lemon---lime-drink-500ml;Sprite Sparkling Lemon & Lime Drink 500ml;£1.25/unit;£0.25/100ml;lemonade;Per 100g nutrition not found
sprite-sparkling-lemon---lime-drink-x6-330ml;Sprite Sparkling Lemon & Lime Drink x6 330ml;£3.20/unit;£0.16/100ml;fruit-flavoured;28;0;6.6;6.6;0;0;-1;0
sprite-sparkling-lemon---lime-drink-x6-330ml;Sprite Sparkling Lemon & Lime Drink x6 330ml;£3.20/unit;£0.16/100ml;lemonade;28;0;6.6;6.6;0;0;-1;0
sprite-zero-2l;Sprite Zero 2L;£1.85/unit;£0.09/100ml;diet-sugar-free-fizzy-drinks;Per 100g nutrition not found
sprite-zero-2l;Sprite Zero 2L;£1.85/unit;£0.09/100ml;fruit-flavoured;Per 100g nutrition not found
sprite-zero-2l;Sprite Zero 2L;£1.85/unit;£0.09/100ml;lemonade;Per 100g nutrition not found
sprite-zero-6x330ml;Sprite Zero 6x330ml;£3.20/unit;£0.16/100ml;diet-sugar-free-fizzy-drinks;1.0;0;0;0;0;0;-1;0.07
sprite-zero-6x330ml;Sprite Zero 6x330ml;£3.20/unit;£0.16/100ml;fruit-flavoured;1.0;0;0;0;0;0;-1;0.07
sprite-zero-6x330ml;Sprite Zero 6x330ml;£3.20/unit;£0.16/100ml;lemonade;1.0;0;0;0;0;0;-1;0.07
st-dalfour-apricot-fruit-spread-284g;St. Dalfour Apricot Fruit Spread 284g;£2.00/unit;£0.70/100g;jams---conserves;211.;0.5;52;52;0.1;0.1;1.1;
st-dalfour-black-cherry-fruit-spread-284g;St. Dalfour Black Cherry Fruit Spread 284g;£2.00/unit;£0.70/100g;jams---conserves;212.;0.8;52;52;0.1;0.1;1.2;
st-dalfour-orange---ginger-spread-284g;St. Dalfour Orange & Ginger Spread 284g;£2.00/unit;£0.70/100g;jams---conserves;239.;0.5;59;59;0.1;0.1;1;
st-dalfour-orange-thick-cut-fruit-spread-284g;St. Dalfour Orange Thick Cut Fruit Spread 284g;£2.00/unit;£0.70/100g;jams---conserves;211.;0.6;52;52;0.1;0.1;1.6;
st-dalfour-raspberry---pomegranate-spread-284g;St. Dalfour Raspberry & Pomegranate Spread 284g;£2.00/unit;£0.70/100g;jams---conserves;229.;0.6;56;56;0.3;0.1;1.9;
st-dalfour-raspberry-fruit-spread-284g;St. Dalfour Raspberry Fruit Spread 284g;£2.00/unit;£0.70/100g;jams---conserves;229.;0.6;56;56;0.3;0.1;2.8;
st-dalfour-strawberry-fruit-spread-284g;St. Dalfour Strawberry Fruit Spread 284g;£2.00/unit;£0.70/100g;jams---conserves;211.;0.5;52;52;0.1;0.1;1.2;
st-dalfour-wild-blueberry-fruit-spread-284g;St. Dalfour Wild Blueberry Fruit Spread 284g;£2.00/unit;£0.70/100g;jams---conserves;211.;0.6;52;52;0.1;0.1;1.1;
st-helens-farm-goats-butter-250g;St Helen's Farm Goats Butter 250g;£1.90/unit;£7.60/kg;butter;794;0.5;0;0;88.0;60.4;-1;1.5
st-helens-farm-natural-goats-milk-yogurt-450g;St Helen's Farm Goat's Milk Natural Yogurt 450g;£2.30/unit;£0.51/100g;big-pots-pouring-yogurts;105;5.5;4.3;3.2;7.3;5.0;-1;0.1
st-helens-farm-natural-goats-milk-yogurt-450g;St Helen's Farm Goat's Milk Natural Yogurt 450g;£2.30/unit;£0.51/100g;soya-dairy-alternatives-yogurts;105;5.5;4.3;3.2;7.3;5.0;-1;0.1
st-helens-semi-skimmed-goats-milk-1l;St Helen's Semi Skimmed Goats Milk 1L;£1.60/unit;£1.60/ltr;drinks-fresh-milk;44;3.0;4.3;4.3;1.6;1.1;-1;0.1
st-helens-semi-skimmed-goats-milk-1l;St Helen's Semi Skimmed Goats Milk 1L;£1.60/unit;£1.60/ltr;fresh-milk;44;3.0;4.3;4.3;1.6;1.1;-1;0.1
st-helens-semi-skimmed-goats-milk-1l;St Helen's Semi Skimmed Goats Milk 1L;£1.60/unit;£1.60/ltr;soya---dietary-needs;44;3.0;4.3;4.3;1.6;1.1;-1;0.1
st-helens-skimmed-goats-milk-1l;St Helen's Skimmed Goats Milk 1L;£1.60/unit;£1.60/ltr;drinks-fresh-milk;30;3.0;4.3;4.3;0.1;0.07;-1;0.1
st-helens-skimmed-goats-milk-1l;St Helen's Skimmed Goats Milk 1L;£1.60/unit;£1.60/ltr;fresh-milk;30;3.0;4.3;4.3;0.1;0.07;-1;0.1
st-helens-skimmed-goats-milk-1l;St Helen's Skimmed Goats Milk 1L;£1.60/unit;£1.60/ltr;soya---dietary-needs;30;3.0;4.3;4.3;0.1;0.07;-1;0.1
st-helens-whole-goats-milk-1l;St Helen's Whole Goats Milk 1L;£1.60/unit;£1.60/ltr;drinks-fresh-milk;61;2.8;4.3;4.3;3.6;2.5;-1;0.1
st-helens-whole-goats-milk-1l;St Helen's Whole Goats Milk 1L;£1.60/unit;£1.60/ltr;fresh-milk;61;2.8;4.3;4.3;3.6;2.5;-1;0.1
st-helens-whole-goats-milk-1l;St Helen's Whole Goats Milk 1L;£1.60/unit;£1.60/ltr;soya---dietary-needs;61;2.8;4.3;4.3;3.6;2.5;-1;0.1
starbucks-discoveries-qandi-caramel-220ml;Starbucks Discoveries Qandi Caramel 220ml;£1.60/unit;£7.27/ltr;drinks-fresh-milk;26062;28;91;91;16;10;-1;009
starbucks-discoveries-qandi-caramel-220ml;Starbucks Discoveries Qandi Caramel 220ml;£1.60/unit;£7.27/ltr;flavoured-milk-92153-44;26062;28;91;91;16;10;-1;009
starbucks-discoveries-qandi-caramel-220ml;Starbucks Discoveries Qandi Caramel 220ml;£1.60/unit;£7.27/ltr;flavoured-milk;26062;28;91;91;16;10;-1;009
starbucks-discoveries-qandi-caramel-220ml;Starbucks Discoveries Qandi Caramel 220ml;£1.60/unit;£7.27/ltr;instant-coffee;26062;28;91;91;16;10;-1;009
starbucks-doubleshot-200ml;Starbucks Doubleshot Espresso 200ml;£1.60/unit;£8.00/ltr;drinks-fresh-milk;30172;28;93;92;26;17;-1;008
starbucks-doubleshot-200ml;Starbucks Doubleshot Espresso 200ml;£1.60/unit;£8.00/ltr;flavoured-milk-92153-44;30172;28;93;92;26;17;-1;008
starbucks-doubleshot-200ml;Starbucks Doubleshot Espresso 200ml;£1.60/unit;£8.00/ltr;flavoured-milk;30172;28;93;92;26;17;-1;008
starbucks-doubleshot-200ml;Starbucks Doubleshot Espresso 200ml;£1.60/unit;£8.00/ltr;instant-coffee;30172;28;93;92;26;17;-1;008
starbucks-mocha-frappucino-250ml;Starbucks Mocha Frappucino 250ml;£1.60/unit;£6.40/ltr;drinks-fresh-milk;Per 100g nutrition not found
starbucks-mocha-frappucino-250ml;Starbucks Mocha Frappucino 250ml;£1.60/unit;£6.40/ltr;flavoured-milk-92153-44;Per 100g nutrition not found
starbucks-mocha-frappucino-250ml;Starbucks Mocha Frappucino 250ml;£1.60/unit;£6.40/ltr;flavoured-milk;Per 100g nutrition not found
starbucks-mocha-frappucino-250ml;Starbucks Mocha Frappucino 250ml;£1.60/unit;£6.40/ltr;instant-coffee;Per 100g nutrition not found
starbucks-seattle-latte-220ml;Starbucks Seattle Latte 220ml;£1.60/unit;£7.27/ltr;drinks-fresh-milk;29670;28;91;91;26;17;-1;008
starbucks-seattle-latte-220ml;Starbucks Seattle Latte 220ml;£1.60/unit;£7.27/ltr;flavoured-milk-92153-44;29670;28;91;91;26;17;-1;008
starbucks-seattle-latte-220ml;Starbucks Seattle Latte 220ml;£1.60/unit;£7.27/ltr;flavoured-milk;29670;28;91;91;26;17;-1;008
starbucks-seattle-latte-220ml;Starbucks Seattle Latte 220ml;£1.60/unit;£7.27/ltr;instant-coffee;29670;28;91;91;26;17;-1;008
starbucks-skinny-cappuccino-220ml;Starbucks Skinny Cappuccino 220ml;£1.60/unit;£0.73/100ml;flavoured-milk-92153-44;16639;28;51;50;09;06;-1;009
starbucks-skinny-cappuccino-220ml;Starbucks Skinny Cappuccino 220ml;£1.60/unit;£0.73/100ml;flavoured-milk;16639;28;51;50;09;06;-1;009
starbucks-skinny-cappuccino-220ml;Starbucks Skinny Cappuccino 220ml;£1.60/unit;£0.73/100ml;instant-coffee;16639;28;51;50;09;06;-1;009
stork-margarine-1kg;Stork Original Spread 1kg;£2.05/unit;£2.05/kg;cooking-baking;2592623;0.5;0.5;0.5;70;18;-1;1.5
stork-margarine-1kg;Stork Original Spread 1kg;£2.05/unit;£2.05/kg;spreads;2592623;0.5;0.5;0.5;70;18;-1;1.5
sugar-puffs-320g;Honey Monster Puffs 320g;£1.50/unit;£0.47/100g;kids-cereals;379;6.6;83;29;1.2;0.4;5.0;0.01;
sun-maid-california-snacking-raisins-12x14g;Sun-Maid California Snacking Raisins 12x14g;£2.00/unit;£1.19/100g;dessert-fruit;316;3.0;76.9;71.4;0.7;0.0;5.8;0.02
sunny-raisin-multipack-14x14g;Sunny Raisin x14 196g;£2.00/unit;£1.02/100g;dessert-fruit;1249294;2.6;70.0;70.0;0.4;0.1;5.3;
sunny-raisin-multipack-14x14g;Sunny Raisin x14 196g;£2.00/unit;£1.02/100g;snacking-fruit-nuts;1249294;2.6;70.0;70.0;0.4;0.1;5.3;
sunny-raisins-box-x6-425g;Sunny Raisin 6x42.5g;£2.00/unit;£0.78/100g;dessert-fruit;1249294;2.6;70.0;70.0;0.4;0.1;5.3;
sunny-raisins-box-x6-425g;Sunny Raisin 6x42.5g;£2.00/unit;£0.78/100g;snacking-fruit-nuts;1249294;2.6;70.0;70.0;0.4;0.1;5.3;
swedish-glace-non-dairy-vanilla-750ml;Swedish Glace Dairy Free Vanilla Dessert 750ml;£2.30/unit;£0.31/100ml;ice-cream-tubs;Per 100g nutrition not found
sweet-freedom-choc-shot-320g;Sweet Freedom Choc Shot 320g;£2.50/unit;£0.78/100g;hot-chocolate-milky-drinks;278;3;56;50;4;2;4;0
sweetex-tablets-600;Sweetex Tablets, 600;£1.60/unit;£0.03/10tblt;tea-coffee-sweeteners;0;0;0;-1;0;-1;-1;-1
tabasco-sauce---marinade-peppery-deep-south-creole-270g;Tabasco Sauce & Marinade Peppery Deep South Creole 270g;£2.00/unit;£0.74/100g;tomato-ketchup-brown-bbq-other-sauces;540129;0.9;17.0;12.3;6.1;0.6;-1;1.11
tabasco-sauce---marinade-sweet-chipotle---cola-280g;Tabasco Sauce & Marinade Sweet Chipotle & Cola 280g;£2.00/unit;£0.71/100g;tomato-ketchup-brown-bbq-other-sauces;423101;1.0;23.5;17.4;0.1;0.0;-1;1.33
tango-apple-6x330ml;Tango Apple 6x330ml;£3.20/unit;£0.16/100ml;fruit-flavoured;4410;0;2.1;2.1;0;0;-1;0.05
tango-apple-drink-2l;Tango Apple Drink 2L;£1.85/unit;£0.09/100ml;fruit-flavoured;4410;0;2.1;2.1;0;0;-1;0.05
tango-blackcurrant-2l;Tango Blackcurrant 2L;£1.85/unit;£0.09/100ml;fruit-flavoured;5112;0;2.6;2.5;0;0;-1;0.03
tango-cherry-2l;Tango Cherry 2L;£1.85/unit;£0.09/100ml;fruit-flavoured;4511;0;2.4;2.4;0;0;-1;0.06
tango-cherry-6x330ml;Tango Cherry 6x330ml;£3.00/unit;£0.15/100ml;fruit-flavoured;4511;0;2.4;2.4;0;0;-1;0.05
tango-intense-citrus-arrgh%21-6x330ml;Tango Intense Citrus ARRGH! 6x330ml;£3.20/unit;£0.16/100ml;fruit-flavoured;4210;0;1.9;1.9;0;0;-1;0.05
tango-orange-2l;Tango Orange 2L;£1.85/unit;£0.09/100ml;fruit-flavoured;7919;0;4.2;4.2;0;0;-1;0.06
tango-orange-6x330ml;Tango Orange 6x330ml;£3.20/unit;£0.16/100ml;fruit-flavoured;7919;0;4.3;4.3;0;0;-1;0.06
tassimo-carte-noire-cappuccino-267g;Tassimo Carte Noire Cappuccino 267g;£4.00/unit;£1.50/100g;coffee-machine-pods;Per 100g nutrition not found
tassimo-carte-noire-latte-475g;Tassimo Carte Noire Latte 475g;£4.50/unit;£0.95/100g;coffee-machine-pods;Per 100g nutrition not found
tassimo-cn-caramel-latte-macchiato-475g;Tassimo Carte Noire Caramel Latte Macchiato 475g;£4.50/unit;£0.95/100g;coffee-machine-pods;Per 100g nutrition not found
tassimo-costa-cappuccino-x8-280g;Tassimo Costa Cappuccino x8 280g;£4.30/unit;£1.54/100g;coffee-machine-pods;30;16;17;17;19;12;00;012;
tassimo-costa-caramel-latte-488g;Tassimo Costa Caramel Latte 488g;£5.00/unit;£1.02/100g;coffee-machine-pods;43;16;51;51;18;12;00;015;
tassimo-costa-latte-x8-488g;Tassimo Costa Latte x8 488g;£5.00/unit;£1.02/100g;coffee-machine-pods;34;18;18;18;21;14;00;015;
tassimo-oreo-coffe-x8-332g;Tassimo Oreo Drink x8 332g;£4.50/unit;£1.36/100g;coffee-machine-pods;Per 100g nutrition not found
taste-original-mini-chicken-satay-x12;Taste Original Mini Chicken Satay x12;£2.00/unit;£1.67/100g;cooked-chicken-turkey;700167;24;3.0;1.8;6.5;0.9;1.4;0.9
taste-original-mini-chicken-satay-x12;Taste Original Mini Chicken Satay x12;£2.00/unit;£1.67/100g;snacking-cooked-sausage;700167;24;3.0;1.8;6.5;0.9;1.4;0.9
terrys-plain-chocolate-orange-175g;Terry's Chocolate Orange Plain 175g;£1.95/unit;£1.11/100g;chocolate;525;5.5;55.5;52.5;29;18;8.1;
thai-taste-green-curry-paste-200g;Thai Taste Green Curry Paste 200g;£1.89/unit;£0.95/100g;cooking-pastes;Per 100g nutrition not found
thai-taste-nam-prik-prao-114g;Thai Taste Nam Prik Prao 114g;£1.50/unit;£1.32/100g;cooking-pastes;32577;1.9;7.6;0;4.4;0.9;-1;6.8
thai-taste-red-curry-paste-200g;Thai Taste Red Curry Paste 200g;£1.89/unit;£0.95/100g;cooking-pastes;575137;4.5;26.2;9.9;1.6;0.3;-1;9
the-collective-suckies-peach---apricot-100g;The Collective Suckies Peach & Apricot 100g;£0.60/unit;£0.60/100g;kids-yogurts;38591;3.1;13.0;12.4;2.9;2.0;-1;0.1
the-collective-suckies-strawberry-100g;The Collective Suckies Strawberry 100g;£0.60/unit;£0.60/100g;kids-yogurts;38090;3.1;12.7;12.2;3.0;2.0;-1;0.1
the-collective-suckies-tropical-100g;The Collective Suckies Tropical 100g;£0.60/unit;£0.60/100g;kids-yogurts;-1;3.1;12.3;11.8;2.9;2.0;-1;0.1
the-fabulous-bakin-boys-choccy-cupcakes-x6;Fabulous Bakin' Boys Choccy Cupcakes x6;£1.50/unit;£0.25/ea;muffins-small-cakes;456;3.5;53.7;34.6;25.8;11.8;-1;0.80
the-fruit-factory--fruit-hearts-strawberry-5x20g;The Fruit Factory Strawberry Fruit Hearts 5x20g;£2.00/unit;£2.00/100g;dessert-fruit;1325310;2.0;74.2;47.2;0.3;0.3;2.0;0.1
the-fruit-factory--fruit-hearts-strawberry-5x20g;The Fruit Factory Strawberry Fruit Hearts 5x20g;£2.00/unit;£2.00/100g;snacking-fruit-nuts;1325310;2.0;74.2;47.2;0.3;0.3;2.0;0.1
the-fruit-factory-fruit-stars-mango---mixed-fruit-5x20g;The Fruit Factory Strawberry, Apple & Orange Fruit Stars 5x20g;£2.00/unit;£2.00/100g;dessert-fruit;1325310;2.0;74.2;47.2;0.3;0.3;2.0;0.1
the-fruit-factory-fruit-stars-mango---mixed-fruit-5x20g;The Fruit Factory Strawberry, Apple & Orange Fruit Stars 5x20g;£2.00/unit;£2.00/100g;snacking-fruit-nuts;1325310;2.0;74.2;47.2;0.3;0.3;2.0;0.1
the-fruit-factory-fruit-strings-strawberry-x5-100g;The Fruit Factory Strawberry Fruit Strings 5x20g;£2.00/unit;£2.00/100g;dessert-fruit;1405335;7.1;74.2;48.2;0.2;0.1;2.0;0.1
the-fruit-factory-fruit-strings-strawberry-x5-100g;The Fruit Factory Strawberry Fruit Strings 5x20g;£2.00/unit;£2.00/100g;snacking-fruit-nuts;1405335;7.1;74.2;48.2;0.2;0.1;2.0;0.1
the-fruit-factory-fruit-strings-x5-100g;The Fruit Factory Strawberry, Apple & Orange Fruit Strings 5x20g;£2.00/unit;£2.00/100g;dessert-fruit;1375325;7.5;71.6;47.2;0.4;0.3;1.8;0.1
the-fruit-factory-fruit-strings-x5-100g;The Fruit Factory Strawberry, Apple & Orange Fruit Strings 5x20g;£2.00/unit;£2.00/100g;snacking-fruit-nuts;1375325;7.5;71.6;47.2;0.4;0.3;1.8;0.1
the-good-food-company-agave-nectar-mild-organic-natural-sweetener-250ml;The Groovy Food Company Agave Nectar Light & Mild 250ml;£2.50/unit;£10.00/ltr;tea-coffee-sweeteners;298;0;77.73;66.11;0;0;-1;0
the-laughing-cow-cheese-triangles--extra-light-x8-140g;Laughing Cow Cheese Triangles, Extra Light x8 140g;£1.35/unit;£9.64/kg;healthier-choice-special-diet-cheese;460108;17;5.5;5.5;2;1.3;-1;1.9
the-laughing-cow-cheese-triangles--extra-light-x8-140g;Laughing Cow Cheese Triangles, Extra Light x8 140g;£1.35/unit;£9.64/kg;snacking-lunchbox-cheese;460108;17;5.5;5.5;2;1.3;-1;1.9
the-laughing-cow-cheese-triangles--extra-light-x8-140g;Laughing Cow Cheese Triangles, Extra Light x8 140g;£1.35/unit;£9.64/kg;soft---spreadable;460108;17;5.5;5.5;2;1.3;-1;1.9
the-laughing-cow-cheese-triangles--light-x16-280g;Laughing Cow Cheese Triangles, Light x16 280g;£2.15/unit;£7.68/kg;cottage-cheese---healthier-choice;620147;15;6;6;7;4.7;-1;1.5
the-laughing-cow-cheese-triangles--light-x16-280g;Laughing Cow Cheese Triangles, Light x16 280g;£2.15/unit;£7.68/kg;snacking-lunchbox-cheese;620147;15;6;6;7;4.7;-1;1.5
the-laughing-cow-cheese-triangles--light-x16-280g;Laughing Cow Cheese Triangles, Light x16 280g;£2.15/unit;£7.68/kg;soft---spreadable;620147;15;6;6;7;4.7;-1;1.5
the-laughing-cow-cheese-triangles-x16-280g;Laughing Cow Cheese Triangles x16 280g;£2.15/unit;£7.68/kg;snacking-lunchbox-cheese;990239;11.5;6.5;6.5;18.5;12.5;-1;1.8
the-laughing-cow-cheese-triangles-x16-280g;Laughing Cow Cheese Triangles x16 280g;£2.15/unit;£7.68/kg;soft---spreadable;990239;11.5;6.5;6.5;18.5;12.5;-1;1.8
the-laughing-cow-dip-n-crunch-140g;Laughing Cow Dip 'n Crunch 140g;£1.45/unit;£10.36/kg;snacking-lunchbox-cheese;Per 100g nutrition not found
the-saucy-fish-co-beurre-blanc---dill-sauce-smashing-on-sea-bass-fillet-x2-230g;The Saucy Fish Co. Sea Bass Fillet With Beurre Blanc & Dill Sauce x2 230g;£4.50/unit;£21.43/kg;filleted-whole-fish;154;17.9;1.0;0.7;8.6;3.6;0.6;0.9
the-saucy-fish-co-beurre-blanc---dill-sauce-smashing-on-sea-bass-fillet-x2-230g;The Saucy Fish Co. Sea Bass Fillet With Beurre Blanc & Dill Sauce x2 230g;£4.50/unit;£21.43/kg;fuss-free-fish-135654-44;154;17.9;1.0;0.7;8.6;3.6;0.6;0.9
the-saucy-fish-co-beurre-blanc---dill-sauce-smashing-on-sea-bass-fillet-x2-230g;The Saucy Fish Co. Sea Bass Fillet With Beurre Blanc & Dill Sauce x2 230g;£4.50/unit;£21.43/kg;fuss-free-fish;154;17.9;1.0;0.7;8.6;3.6;0.6;0.9
the-saucy-fish-co-chilli--lime---ginger-dressing-superb-on-salmon-fillet-x2-280g;The Saucy Fish Co. Salmon Fillet With Chilli, Lime & Ginger Dressing x2 280g;£4.50/unit;£16.07/kg;filleted-whole-fish;219;20.2;6.1;6.0;12.5;1.8;0.8;0.2
the-saucy-fish-co-chilli--lime---ginger-dressing-superb-on-salmon-fillet-x2-280g;The Saucy Fish Co. Salmon Fillet With Chilli, Lime & Ginger Dressing x2 280g;£4.50/unit;£16.07/kg;fuss-free-fish-135654-44;219;20.2;6.1;6.0;12.5;1.8;0.8;0.2
the-saucy-fish-co-chilli--lime---ginger-dressing-superb-on-salmon-fillet-x2-280g;The Saucy Fish Co. Salmon Fillet With Chilli, Lime & Ginger Dressing x2 280g;£4.50/unit;£16.07/kg;fuss-free-fish;219;20.2;6.1;6.0;12.5;1.8;0.8;0.2
the-saucy-fish-co-davidstow-cheddar---chive-sauce-smashing-on-smoked-haddock-fillet-x2-240g;The Saucy Fish Co. Smoked Haddock Fillet With Davidstow Cheddar & Chive Sauce x2 240g;£4.50/unit;£18.75/kg;filleted-whole-fish;128;21.5;1.0;0.1;4.1;2.3;0.6;0.7
the-saucy-fish-co-davidstow-cheddar---chive-sauce-smashing-on-smoked-haddock-fillet-x2-240g;The Saucy Fish Co. Smoked Haddock Fillet With Davidstow Cheddar & Chive Sauce x2 240g;£4.50/unit;£18.75/kg;fuss-free-fish-135654-44;128;21.5;1.0;0.1;4.1;2.3;0.6;0.7
the-saucy-fish-co-davidstow-cheddar---chive-sauce-smashing-on-smoked-haddock-fillet-x2-240g;The Saucy Fish Co. Smoked Haddock Fillet With Davidstow Cheddar & Chive Sauce x2 240g;£4.50/unit;£18.75/kg;fuss-free-fish;128;21.5;1.0;0.1;4.1;2.3;0.6;0.7
the-saucy-fish-co-davidstow-cheddar---chive-sauce-smashing-on-smoked-haddock-fillet-x2-240g;The Saucy Fish Co. Smoked Haddock Fillet With Davidstow Cheddar & Chive Sauce x2 240g;£4.50/unit;£18.75/kg;smoked-fish;128;21.5;1.0;0.1;4.1;2.3;0.6;0.7
the-saucy-fish-co-sweet-chilli-dressing-spectacular-on-salmon-fillet-x2-270g;The Saucy Fish Co. Salmon Fillet With Sweet Chilli Dressing x2 270g;£4.50/unit;£16.67/kg;filleted-whole-fish;247;18.5;1.3;1.0;18.5;4.3;0.6;0.3
the-saucy-fish-co-sweet-chilli-dressing-spectacular-on-salmon-fillet-x2-270g;The Saucy Fish Co. Salmon Fillet With Sweet Chilli Dressing x2 270g;£4.50/unit;£16.67/kg;fuss-free-fish-135654-44;247;18.5;1.3;1.0;18.5;4.3;0.6;0.3
the-saucy-fish-co-sweet-chilli-dressing-spectacular-on-salmon-fillet-x2-270g;The Saucy Fish Co. Salmon Fillet With Sweet Chilli Dressing x2 270g;£4.50/unit;£16.67/kg;fuss-free-fish;247;18.5;1.3;1.0;18.5;4.3;0.6;0.3
this-water-lemons---limes-1l;This Water Lemons & Limes 1L;£2.30/unit;£0.23/100ml;chilled-fruit-juice;38;0.2;9.5;8.7;0;0;0;0
this-water-lemons---limes-420ml;This Water Lemons & Limes 420ml;£1.30/unit;£0.31/100ml;chilled-fruit-juice;38;0.2;9.5;8.7;0;0;0;0
this-water-oranges---lemons-420ml;This Water Oranges & Lemons 420ml;£1.30/unit;£0.31/100ml;chilled-fruit-juice;40;0.2;9.9;8.6;0;0;0;0
this-water-raspberry---apple-1l;This Water Raspberries & Apples 1L;£2.30/unit;£0.23/100ml;chilled-fruit-juice;34;0.2;8.3;8.1;0;0;0;0
this-water-raspberry---apples-420ml;This Water Raspberries & Apples 420ml;£1.30/unit;£0.31/100ml;chilled-fruit-juice;34;0.2;8.3;8.1;0;0;0;0
thomas---friends-cake-138kg;Thomas & Friends Cake 1.38kg;£10.00/unit;£10.00/ea;celebration-cakes;1672397;2.6;71.8;56.9;10.8;2.7;0.9;0.15;0.37
thorntons-caramel-shortcake-x3;Thorntons Caramel Shortcake x3;£0.80/unit;£0.27/ea;flapjacks-traybakes-bites;Per 100g nutrition not found
thorntons-chocolate-celebration-cake;Thorntons Chocolate Celebration Cake;£10.00/unit;£10.00/ea;celebration-cakes;Per 100g nutrition not found
thorntons-classic-collection-587g;Thorntons Classic Collection 587g;£8.00/unit;£1.36/100g;chocolate;Per 100g nutrition not found
thorntons-harry-hopalot-white-chocolate-filling-25g;Thorntons Harry Hopalot White Chocolate Filling 25g;£0.60/unit;£2.40/100g;chocolate;Per 100g nutrition not found
thorntons-mini-caramel-shortcakes-x10;Thorntons Mini Caramel Shortcakes x10;£1.45/unit;£0.15/ea;flapjacks-traybakes-bites;Per 100g nutrition not found
thorntons-mini-chocolate-fudge-brownies-x10;Thorntons Mini Chocolate Fudge Brownies x10;£1.45/unit;£0.15/ea;flapjacks-traybakes-bites;Per 100g nutrition not found
thorntons-toffee-cake;Thorntons Toffee Cake (serves 10);£7.00/unit;£7.00/ea;celebration-cakes;Per 100g nutrition not found
thorntons-triple-layer-chocolate-cakes-x5;Thorntons Triple Layer Chocolate Cakes x5;£1.45/unit;£0.29/ea;muffins-small-cakes;Per 100g nutrition not found
thorntons-triple-layer-toffee-cakes-x5;Thorntons Triple Layer Toffee Cakes x5;£1.45/unit;£0.29/ea;muffins-small-cakes;Per 100g nutrition not found
tickler-extra-mature-cheddar-350g;Tickler Extra Mature Cheddar 350g;£3.50/unit;£10.00/kg;cheddar-british-regional-cheese;1618390;26;0.1;0.1;32;21;-1;1.8
tiger-tiger-brown-sauce-300g;Tiger Tiger Brown Sauce 300g;£1.59/unit;£0.53/100g;tomato-ketchup-brown-bbq-other-sauces;40897;0.74;23.3;20.1;0.09;0.01;1.2;1.0
tiger-tiger-tomato-ketchup-315g;Tiger Tiger Gluten Free Tomato Ketchup 315g;£1.59/unit;£0.50/100g;tomato-ketchup-brown-bbq-other-sauces;36888;0.9;20.9;18.8;0.05;0.02;0.5;1.2
tip-top-squirty-cream-250g;Tip Top Squirty Cream 250g;£1.45/unit;£0.58/100g;dessert-milk-cream;276;2.4;8.0;8.0;26.0;16.0;0;;
tiptree-bbq-sauce-310g;Tiptree BBQ Sauce 310g;£2.00/unit;£0.65/100g;tomato-ketchup-brown-bbq-other-sauces;187;1.2;42;41;0.6;0.1;-1;1.6
tiptree-brown-sauce-310g;Tiptree Brown Sauce 310g;£2.10/unit;£0.68/100g;tomato-ketchup-brown-bbq-other-sauces;191;0.9;44;40;0;0;-1;1.4
tiptree-ketchup-310g;Tiptree Ketchup 310g;£2.10/unit;£0.68/100g;tomato-ketchup-brown-bbq-other-sauces;182;1.5;41;31;0;0;-1;1.2
tivall-vegetarian-cocktail-sausages-280g;Tivall Vegetarian Cocktail Sausages 280g;£2.50/unit;£8.93/kg;frozen-world-foods;232;18.0;5.5;2.3;15.0;1.7;1.5;0.7;1.8;
tivall-vegetarian-cocktail-sausages-280g;Tivall Vegetarian Cocktail Sausages 280g;£2.50/unit;£8.93/kg;meat-free-vegetarian;232;18.0;5.5;2.3;15.0;1.7;1.5;0.7;1.8;
tivall-vegetarian-frankfurter-sausages-300g;Tivall Vegetarian Frankfurter Sausages 300g;£3.00/unit;£10.00/kg;deli-meat-alternatives;967232;18.0;5.5;2.3;15.0;1.7;1.5;0.7;1.8;
tivall-vegetarian-frankfurter-sausages-300g;Tivall Vegetarian Frankfurter Sausages 300g;£3.00/unit;£10.00/kg;frozen-world-foods;967232;18.0;5.5;2.3;15.0;1.7;1.5;0.7;1.8;
tivall-vegetarian-nuggets;Tivall Vegetarian Nuggets 300g;£2.65/unit;£1.10/100g;frozen-world-foods;920220;15.0;14.0;1.0;11.0;1.2;2.5;0.45;1.1;
tivall-vegetarian-schnitzel-400g;Tivall Vegetarian Schnitzel 400g;£3.00/unit;£0.75/100g;deli-meat-alternatives;805192;16.0;12.5;1.0;8.0;0.9;3.0;0.6;1.5;
tivall-vegetarian-schnitzel-400g;Tivall Vegetarian Schnitzel 400g;£3.00/unit;£0.75/100g;frozen-world-foods;805192;16.0;12.5;1.0;8.0;0.9;3.0;0.6;1.5;
toblerone-100g;Toblerone 100g;£1.40/unit;£1.40/100g;chocolate;Per 100g nutrition not found
toblerone-200g;Toblerone 200g;£2.00/unit;£1.00/100g;chocolate;Per 100g nutrition not found
toblerone-white-100g;Toblerone White 100g;£1.40/unit;£1.40/100g;chocolate;Per 100g nutrition not found
toffee-crisp-38g;Toffee Crisp 38g;£0.60/unit;£1.58/100g;chocolate;513;3.6;63.5;49.7;26.8;16.9;1.3;0.35;
toffee-crisp-x8-304g;Toffee Crisp x8 304g;£2.00/unit;£0.66/100g;chocolate;513;3.6;63.5;49.7;26.8;16.9;1.3;0.35;
top-taste-crispy-onions-100g;Top Taste Crispy Onions 100g;£1.20/unit;£1.20/100g;salad-dressings;Per 100g nutrition not found
total-cows-milk-greek-yogurt-500g;Fage Total Greek Natural Yogurt 500g;£2.50/unit;£0.50/100g;natural-greek-yogurts;96;9.0;3.8;3.8;5.0;3.6;-1;0.1
total-sweet-xylitol-225g;Total Sweet Xylitol 225g;£2.70/unit;£12.00/kg;tea-coffee-sweeteners;Per 100g nutrition not found
trex-vegetable-fat-500g;Trex Vegetable Fat 500g;£1.30/unit;£2.60/kg;cooking-baking;3700900;0;0;0;100;34;0;
tropicana-apple---blackcurrant-1l;Tropicana Apple & Blackcurrant 1L;£2.50/unit;£0.25/100ml;chilled-fruit-juice;Per 100g nutrition not found
tropicana-apple---mango-juice-1l;Tropicana Apple & Mango Juice 1L;£2.50/unit;£0.25/100ml;chilled-fruit-juice;Per 100g nutrition not found
tropicana-apple---raspberry-juice-1l;Tropicana Apple & Raspberry Juice 1L;£2.50/unit;£0.25/100ml;chilled-fruit-juice;Per 100g nutrition not found
tropicana-apple-juice-175l;Tropicana Apple Juice 1.75L;£3.60/unit;£0.21/100ml;chilled-fruit-juice;Per 100g nutrition not found
tropicana-cloudy-apple-juice-1l;Tropicana Pressed Apple Juice 1L;£2.50/unit;£0.25/100ml;chilled-fruit-juice;Per 100g nutrition not found
tropicana-energy-mango---guava-with-passionfruit-150ml;Tropicana Energy Mango & Guava with Passionfruit 150ml;£1.25/unit;£0.83/100ml;energy-drinks;Per 100g nutrition not found
tropicana-energy-pineapple--mango---banana-with-lime-150ml;Tropicana Energy Pineapple, Mango & Banana with Lime 150ml;£1.25/unit;£0.83/100ml;energy-drinks;Per 100g nutrition not found
tropicana-energy-raspberry---blackcurrant-with-blackberry-150ml;Tropicana Energy Raspberry & Blackcurrant with Blackberry 150ml;£1.25/unit;£0.83/100ml;energy-drinks;Per 100g nutrition not found
tropicana-essentials-juice-with-calcium-1l;Tropicana Essentials Orange Juice with Calcium 1L;£2.50/unit;£0.25/100ml;chilled-fruit-juice;Per 100g nutrition not found
tropicana-essentials-juice-with-multivitamins-1l;Tropicana Essentials Multifruit Juice with Multivitamins 1L;£2.50/unit;£0.25/100ml;chilled-fruit-juice;Per 100g nutrition not found
tropicana-golden-grapefruit-juice-1l;Tropicana Golden Grapefruit Juice 1L;£2.50/unit;£0.25/100ml;chilled-fruit-juice;Per 100g nutrition not found
tropicana-kids-apple-4pk-%284x200ml%29;Tropicana Kids Apple Juice Drink 4x200ml;£2.40/unit;£0.30/100ml;chilled-fruit-juice;Per 100g nutrition not found
tropicana-kids-orange-4pk-%284x200ml%29;Tropicana Kids Orange Juice Drink 4x200ml;£2.40/unit;£0.30/100ml;chilled-fruit-juice;Per 100g nutrition not found
tropicana-lemon---lime-1l;Tropicana Lemon & Lime 1L;£2.50/unit;£0.25/100ml;chilled-fruit-juice;Per 100g nutrition not found
tropicana-mango--peach---papaya-juice-1l;Tropicana Mango, Peach & Papaya Juice 1L;£2.50/unit;£0.25/100ml;chilled-fruit-juice;Per 100g nutrition not found
tropicana-orange---lime-juice-1l;Tropicana Orange & Lime Juice 1L;£2.50/unit;£0.25/100ml;chilled-fruit-juice;Per 100g nutrition not found
tropicana-orange---mango-juice-1l;Tropicana Orange & Mango Juice 1L;£2.50/unit;£0.25/100ml;chilled-fruit-juice;Per 100g nutrition not found
tropicana-orange---passionfruit-juice-1l;Tropicana Orange & Passionfruit Juice 1L;£2.50/unit;£0.25/100ml;chilled-fruit-juice;Per 100g nutrition not found
tropicana-orange---raspberry-juice-1l;Tropicana Orange & Raspberry Juice 1L;£2.50/unit;£0.25/100ml;chilled-fruit-juice;Per 100g nutrition not found
tropicana-orange-juice-with-extra-juicy-bits-175l;Tropicana Orange Juice with Extra Juicy Bits 1.75L;£3.60/unit;£0.21/100ml;chilled-fruit-juice;Per 100g nutrition not found
tropicana-orange-juice-with-extra-juicy-bits-1l;Tropicana Orange Juice with Extra Juicy Bits 1L;£2.50/unit;£0.25/100ml;chilled-fruit-juice;Per 100g nutrition not found
tropicana-original-orange-juice-175l;Tropicana Orange Juice 1.75L;£3.60/unit;£0.21/100ml;chilled-fruit-juice;Per 100g nutrition not found
tropicana-original-orange-juice-multipack-x4-250ml;Tropicana Orange Juice with Juicy Bits 4x250ml;£3.00/unit;£0.30/100ml;chilled-fruit-juice;Per 100g nutrition not found
tropicana-original-orange-juice-with-bits-1l;Tropicana Orange Juice with Bits 1L;£2.50/unit;£0.25/100ml;chilled-fruit-juice;48;0.8;10.0;10.0;0;0;0.7;0
tropicana-pineapple-juice-1l;Tropicana Pineapple Juice 1L;£2.50/unit;£0.25/100ml;chilled-fruit-juice;Per 100g nutrition not found
tropicana-red-grape-juice-1l;Tropicana Red Grape Juice 1L;£2.50/unit;£0.25/100ml;chilled-fruit-juice;Per 100g nutrition not found
tropicana-ruby-breakfast-juice-1l;Tropicana Ruby Breakfast Juice 1L;£2.50/unit;£0.25/100ml;chilled-fruit-juice;Per 100g nutrition not found
tropicana-smooth-orange-juice-175l;Tropicana Smooth Orange Juice 1.75L;£3.60/unit;£0.21/100ml;chilled-fruit-juice;Per 100g nutrition not found
tropicana-smooth-orange-juice-1l;Tropicana Smooth Orange Juice 1L;£2.50/unit;£0.25/100ml;chilled-fruit-juice;Per 100g nutrition not found
tropicana-smooth-orange-juice-multipack-x4-250ml;Tropicana Smooth Orange Juice 4x250ml;£3.00/unit;£0.30/100ml;chilled-fruit-juice;Per 100g nutrition not found
tropicana-trop50-orange---mango-juice-drink-1l;Tropicana Trop50 Orange & Mango Juice Drink 1L;£2.50/unit;£0.25/100ml;chilled-fruit-juice;9723;0.3;4.4;4.4;0;0;0.8;0
tropicana-trop50-orange-juice-drink-with-bits-1l;Tropicana Trop50 Orange with Bits Juice Drink 1L;£2.50/unit;£0.25/100ml;chilled-fruit-juice;9422;0.4;4.1;4.1;0;0;0.8;0
tropicana-trop50-pomegranate---blueberry-juice-drink-1l;Tropicana Trop50 Pomegranate & Blueberry Juice Drink 1L;£2.50/unit;£0.25/100ml;chilled-fruit-juice;9422;0;4.8;4.7;0;0;0.8;0
tropicana-trop50-smooth-orange-juice-drink-1l;Tropicana Trop50 Smooth Orange Juice Drink 1L;£2.50/unit;£0.25/100ml;chilled-fruit-juice;8921;0.3;3.9;3.9;0;0;0.8;0
tropicana-trop50-tropical-1l;Tropicana Trop50 Tropical 1L;£2.50/unit;£0.25/100ml;chilled-fruit-juice;9823;0.2;4.5;4.5;0;0;1.0;0
tropicana-tropical-juice-15l;Tropicana Tropical Fruit Juice 1.5L;£3.60/unit;£0.24/100ml;chilled-fruit-juice;47;0.4;10.1;9.9;0;0;1.3;0
tropicana-tropical-juice-1l;Tropicana Tropical Fruit Juice 1L;£2.50/unit;£0.25/100ml;chilled-fruit-juice;Per 100g nutrition not found
truvia-sweetener-jar-270g;Truvia Sweetener Jar 270g;£5.00/unit;£18.52/kg;tea-coffee-sweeteners;0;0;99.0;-1;0;-1;-1;-1
twix-caramel-slice-x6-145g;Twix Caramel Slice x6 145g;£1.60/unit;£0.27/ea;flapjacks-traybakes-bites;492;4.6;58.5;37.4;26.4;13.8;1.4;0.6
twix-mix-standard-pouch-140g;Twix Mix Standard Pouch 126g;£1.50/unit;£1.19/100g;chocolate;Per 100g nutrition not found
twix-twin-58g;Twix Twin 50g;£0.60/unit;£1.20/100g;chocolate;Per 100g nutrition not found
twix-x3-150g;Twix x3 150g;£1.50/unit;£1.00/100g;chocolate;Per 100g nutrition not found
twix-x7-350g;Twix x7 350g;£2.50/unit;£0.71/100g;chocolate;Per 100g nutrition not found
two-chicks-liquid-egg-white-500g;Two Chicks Liquid Egg White 500g;£3.00/unit;£0.60/100g;cooking-baking;20850;10.5;1.0;1.0;0;0;0;0.16
two-chicks-liquid-egg-white-500g;Two Chicks Liquid Egg White 500g;£3.00/unit;£0.60/100g;eggs;20850;10.5;1.0;1.0;0;0;0;0.16
udis-soft---tasty-cinnamon---raisin-bagels-350g;Udi's Cinnamon And Raisin Bagel 350g;£2.30/unit;£6.57/100g;wraps-bagels-pittas;273;6.3;45.2;7.9;6.2;0.5;5.7;0.8
udis-soft---tasty-plain-bagels-350g;Udi's Plain Bagel 350g;£2.30/unit;£6.57/100g;wraps-bagels-pittas;264;6.4;43.9;4.1;6.2;0.7;3.7;0.8
unique-green-harissa-paste-90g;Unique Italian Green Harissa Paste 90g;£1.99/unit;£2.12/100g;cooking-pastes;419100;0.72;9.80;2.50;6.21;0.71;-1;1.00
unique-italian-sofrito-paste-90g;Unique Italian Sofrito Paste 90g;£1.00/unit;£1.11/100g;cooking-pastes;226;0.8;4.9;4.9;23;3.7;1.4;2
usn-diet-fuel-ready-to-drink--chocolate-330ml;USN Diet Fuel Ready To Drink, Chocolate 330ml;£2.00/unit;£0.61/100ml;sports-drinks;55;8.0;5.0;3.5;0.2;0.1;0.5;0.053
usn-diet-fuel-ready-to-drink--chocolate-330ml;USN Diet Fuel Ready To Drink, Chocolate 330ml;£2.00/unit;£0.61/100ml;sports-nutritional-drinks;55;8.0;5.0;3.5;0.2;0.1;0.5;0.053
usn-diet-fuel-ready-to-drink--chocolate-330ml;USN Diet Fuel Ready To Drink, Chocolate 330ml;£2.00/unit;£0.61/100ml;vitamins-health-drinks;55;8.0;5.0;3.5;0.2;0.1;0.5;0.053
usn-diet-fuel-ready-to-drink--strawberry-330ml;USN Diet Fuel Ready To Drink, Strawberry 330ml;£2.00/unit;£0.61/100ml;sports-drinks;50;8.3;3.8;3.8;0.1;0;0.1;0.055
usn-diet-fuel-ready-to-drink--strawberry-330ml;USN Diet Fuel Ready To Drink, Strawberry 330ml;£2.00/unit;£0.61/100ml;sports-nutritional-drinks;50;8.3;3.8;3.8;0.1;0;0.1;0.055
usn-diet-fuel-ready-to-drink--strawberry-330ml;USN Diet Fuel Ready To Drink, Strawberry 330ml;£2.00/unit;£0.61/100ml;vitamins-health-drinks;50;8.3;3.8;3.8;0.1;0;0.1;0.055
usn-protein-fuel-25-chocolate-330ml;USN Protein Fuel 25 Chocolate 330ml;£2.40/unit;£0.73/100ml;sports-drinks;59;7.6;5.4;3.9;0.6;0.3;0.5;70
usn-protein-fuel-25-chocolate-330ml;USN Protein Fuel 25 Chocolate 330ml;£2.40/unit;£0.73/100ml;sports-nutritional-drinks;59;7.6;5.4;3.9;0.6;0.3;0.5;70
usn-protein-fuel-25-chocolate-330ml;USN Protein Fuel 25 Chocolate 330ml;£2.40/unit;£0.73/100ml;vitamins-health-drinks;59;7.6;5.4;3.9;0.6;0.3;0.5;70
usn-protein-fuel-25-strawberry-330ml;USN Protein Fuel 25 Strawberry 330ml;£2.40/unit;£0.73/100ml;sports-drinks;50;7.6;3.9;3.9;0.4;0.1;0.1;63
usn-protein-fuel-25-strawberry-330ml;USN Protein Fuel 25 Strawberry 330ml;£2.40/unit;£0.73/100ml;sports-nutritional-drinks;50;7.6;3.9;3.9;0.4;0.1;0.1;63
usn-protein-fuel-25-strawberry-330ml;USN Protein Fuel 25 Strawberry 330ml;£2.40/unit;£0.73/100ml;vitamins-health-drinks;50;7.6;3.9;3.9;0.4;0.1;0.1;63
valley-foods-chicken-fillets-750g;Valley Foods Chicken Fillets 750g;£4.50/unit;£6.00/kg;frozen-chicken;115;25.6;0.1;0.1;1.4;0.4;0.5;1.37
valley-foods-skinless-chicken-fillets-500g;Valley Foods Skinless Chicken Fillets 500g;£2.00/unit;£4.00/kg;frozen-chicken;115;25.6;0.1;0.1;1.4;0.4;0.5;0.55;1.37
vanilla-coke-175l;Vanilla Coke 1.75L;£1.85/unit;£0.11/100ml;cola;Per 100g nutrition not found
venison-quick-fry-steaks-200g;Holme Farmed Venison Quick Fry Steaks 200g;£5.00/unit;£25.00/kg;duck-game;449106;22.7;1.1;0.3;1.2;0.6;-1;0.2
very-lazy-garlic-125g;Very Lazy Garlic 125g;£1.50/unit;£1.20/100g;herbs-spices-seasoning;41698;6.1;16.7;2.0;0.8;0.3;-1;
very-lazy-ginger-115g;Very Lazy Ginger 115g;£1.50/unit;£1.30/100g;herbs-spices-seasoning;21152;0.7;10.9;0.3;0.8;0.3;-1;
very-lazy-red-chillies-115g;Very Lazy Red Chillies 115g;£1.50/unit;£1.30/100g;herbs-spices-seasoning;21752;4.3;2.5;1.9;2.7;0.7;-1;
viennetta-ice-cream--mint-650ml-%28serves-6%29;Viennetta Ice Cream Dessert, Mint 650ml;£1.50/unit;£0.23/100ml;ice-cream-desserts;Per 100g nutrition not found
viennetta-ice-cream--strawberry-650ml-%28serves-6%29;Viennetta Ice Cream Dessert, Strawberry 650ml;£1.50/unit;£0.23/100ml;ice-cream-desserts;Per 100g nutrition not found
viennetta-ice-cream--vanilla-650ml-%28serves-6%29;Viennetta Ice Cream Dessert, Vanilla 650ml;£1.50/unit;£0.23/100ml;ice-cream-desserts;Per 100g nutrition not found
vimto-fizzy--no-added-sugar-2l;Vimto Fizzy, No Added Sugar 2L;£1.00/unit;£0.05/100ml;diet-sugar-free-fizzy-drinks;123;0;0.5;0.5;0;0;-1;0.02
vimto-fizzy--no-added-sugar-2l;Vimto Fizzy, No Added Sugar 2L;£1.00/unit;£0.05/100ml;fruit-flavoured;123;0;0.5;0.5;0;0;-1;0.02
vimto-lollie-6x45ml;Vimto Lollie 6x45ml;£1.00/unit;£0.37/100ml;lollies-bars-cones;84;0;21.0;-1;0;-1;-1;-1
vimto-sparkling--no-added-sugar-6x330ml;Vimto Sparkling, No Added Sugar 6x330ml;£2.70/unit;£0.14/100ml;diet-sugar-free-fizzy-drinks;72;0;0.4;0.4;0;0;0;
vimto-sparkling--no-added-sugar-6x330ml;Vimto Sparkling, No Added Sugar 6x330ml;£2.70/unit;£0.14/100ml;fruit-flavoured;72;0;0.4;0.4;0;0;0;
vimto-sparkling-fruit-flavour-drink-2l;Vimto Sparkling Fruit Flavour Drink 2L;£1.00/unit;£0.05/100ml;fruit-flavoured;15136;0;9.1;9.1;0;0;-1;0
vita-coco-cafe-latte-330ml;Vita Coco Cafe Latte 330ml;£1.90/unit;£0.58/100ml;flavoured-milk-92153-44;Per 100g nutrition not found
vita-coco-cafe-latte-330ml;Vita Coco Cafe Latte 330ml;£1.90/unit;£0.58/100ml;flavoured-milk;Per 100g nutrition not found
vita-coco-cafe-latte-330ml;Vita Coco Cafe Latte 330ml;£1.90/unit;£0.58/100ml;instant-coffee;Per 100g nutrition not found
vita-coco-coconut-water-4x330ml;Vita Coco Coconut Water 4x330ml;£4.80/unit;£0.36/100ml;coconut-water-115153-44;18;0;5;5;0;0;0;0.01
vita-coco-kidscoco-water-appple---blackcurrant-4x180ml;Vita Coco Kids Coconut Water Apple & Blackcurrant 4x180ml;£3.00/unit;£0.42/100ml;chilled-fruit-juice;22;0;5.6;5;0;0;-1;0.01
vita-coco-kidscoco-water-appple---blackcurrant-4x180ml;Vita Coco Kids Coconut Water Apple & Blackcurrant 4x180ml;£3.00/unit;£0.42/100ml;coconut-water-115153-44;22;0;5.6;5;0;0;-1;0.01
vita-coco-kidscoco-water-mango---pineapple-4x180ml;Vita Coco Kids Coconut Water Mango & Pineapple 4x180ml;£3.00/unit;£0.42/100ml;chilled-fruit-juice;22;0;5.6;5;0;0;-1;0.01
vita-coco-kidscoco-water-mango---pineapple-4x180ml;Vita Coco Kids Coconut Water Mango & Pineapple 4x180ml;£3.00/unit;£0.42/100ml;coconut-water-115153-44;22;0;5.6;5;0;0;-1;0.01
vita-coco-with-pineapple-1l;Vita Coco with Pineapple 1L;£3.50/unit;£0.35/100ml;chilled-fruit-juice;25;0;6;6;0;0;0;17
vita-coco-with-pineapple-1l;Vita Coco with Pineapple 1L;£3.50/unit;£0.35/100ml;coconut-water-115153-44;25;0;6;6;0;0;0;17
vitalite-500g;Vitalite Dairy Free Spread 500g;£1.20/unit;£2.40/kg;spreads;2068503;0;0;0;56;12.6;-1;1.5
vogel-soya---linseed-bread-800g;Vogel Soya & Linseed Bread 800g;£1.50/unit;£0.19/100g;seeded-grains-bread;227;11.7;34.1;3.6;4.9;0.5;6.8;0.5
vogel-sunflower---barley-bread-800g;Vogel Sunflower & Barley Bread 800g;£1.50/unit;£0.19/100g;seeded-grains-bread;239;9.4;40.3;2.9;4.5;0.6;6.7;0.5
vogel-wholemeal---oat-bread-800g;Vogel Wholemeal & Oat Bread 800g;£1.50/unit;£0.19/100g;wholemeal-brown-bread;205;8.7;34.3;3.3;1.5;0.3;9.7;0.4
volvic-favoured-mineral-water--touch-of-strawberry-750ml;Volvic Touch Of Fruit, Strawberry Water 750ml;£1.15/unit;£0.15/100ml;flavoured-vitamin-water;20;0;4.8;4.8;0;0;-1;0.01
volvic-favoured-mineral-water--touch-of-strawberry-750ml;Volvic Touch Of Fruit, Strawberry Water 750ml;£1.15/unit;£0.15/100ml;still-water;20;0;4.8;4.8;0;0;-1;0.01
volvic-flavoured-mineral-water--touch-of-lemon---lime-750ml;Volvic Touch Of Fruit, Lemon & Lime Water 750ml;£1.15/unit;£0.15/100ml;flavoured-vitamin-water;22;0.5;5.5;5.5;0;0;-1;0
volvic-flavoured-mineral-water--touch-of-lemon---lime-750ml;Volvic Touch Of Fruit, Lemon & Lime Water 750ml;£1.15/unit;£0.15/100ml;still-water;22;0.5;5.5;5.5;0;0;-1;0
volvic-juiced-berry-medley-1l;Volvic Juiced Berry Medley 1L;£1.15/unit;£0.12/100ml;flavoured-vitamin-water;25;0.5;6.2;6.2;0.5;0.0;-1;0.01
volvic-juiced-berry-medley-500ml;Volvic Juiced Berry Medley 500ml;£1.25/unit;£0.25/100ml;flavoured-vitamin-water;Per 100g nutrition not found
volvic-juiced-lemonade-1l;Volvic Juiced Lemonade 1L;£1.15/unit;£0.12/100ml;flavoured-vitamin-water;Per 100g nutrition not found
volvic-juiced-orchard-apple-1l;Volvic Juiced Orchard Apple 1L;£1.15/unit;£0.12/100ml;flavoured-vitamin-water;Per 100g nutrition not found
volvic-juiced-strawberry-splash-1l;Volvic Juiced Strawberry Splash 1L;£1.15/unit;£0.12/100ml;flavoured-vitamin-water;Per 100g nutrition not found
volvic-mineral-water-15l;Volvic Mineral Water 1.5L;£0.60/unit;£0.04/100ml;still-water;Per 100g nutrition not found
volvic-mineral-water-1l;Volvic Mineral Water 1L;£0.90/unit;£0.09/100ml;still-water;Per 100g nutrition not found
volvic-mineral-water-6x15l;Volvic Mineral Water 6x1.5L;£3.20/unit;£0.04/100ml;still-water;Per 100g nutrition not found
volvic-mineral-water-6x15l;Volvic Mineral Water 6x1.5L;£3.20/unit;£0.04/100ml;water-bigger-multipacks;Per 100g nutrition not found
volvic-mineral-water-6x500ml;Volvic Mineral Water 6x500ml;£1.00/unit;£0.04/100ml;still-water;Per 100g nutrition not found
volvic-touch-of-fruit--coco-pineapple-15l;Volvic Touch Of Fruit, Coco Pineapple 1.5L;£1.00/unit;£0.07/100ml;flavoured-vitamin-water;Per 100g nutrition not found
volvic-touch-of-fruit--coco-pineapple-15l;Volvic Touch Of Fruit, Coco Pineapple 1.5L;£1.00/unit;£0.07/100ml;still-water;Per 100g nutrition not found
volvic-touch-of-fruit-cherry-15l;Volvic Touch Of Fruit Cherry 1.5L;£1.00/unit;£0.07/100ml;flavoured-vitamin-water;20;0.5;5.0;5.0;0.5;0;-1;0.01
volvic-touch-of-fruit-cherry-15l;Volvic Touch Of Fruit Cherry 1.5L;£1.00/unit;£0.07/100ml;still-water;20;0.5;5.0;5.0;0.5;0;-1;0.01
volvic-touch-of-fruit-lemon---lime-6x500ml;Volvic Touch Of Fruit Lemon & Lime 6x500ml;£3.00/unit;£0.10/100ml;flavoured-vitamin-water;Per 100g nutrition not found
volvic-touch-of-fruit-lemon---lime-6x500ml;Volvic Touch Of Fruit Lemon & Lime 6x500ml;£3.00/unit;£0.10/100ml;still-water;Per 100g nutrition not found
volvic-touch-of-fruit-orange---peach-flavoured-water-15l;Volvic Touch Of Fruit, Orange & Peach Water 1.5L;£1.00/unit;£0.07/100ml;flavoured-vitamin-water;19;0.5;4.8;4.8;0.5;0;-1;0.01
volvic-touch-of-fruit-orange---peach-flavoured-water-15l;Volvic Touch Of Fruit, Orange & Peach Water 1.5L;£1.00/unit;£0.07/100ml;still-water;19;0.5;4.8;4.8;0.5;0;-1;0.01
volvic-touch-of-fruit-original--strawberry-15l;Volvic Touch Of Fruit, Strawberry Water 1.5L;£1.00/unit;£0.07/100ml;flavoured-vitamin-water;20;0;4.8;4.8;0;0;-1;0.01
volvic-touch-of-fruit-original--strawberry-15l;Volvic Touch Of Fruit, Strawberry Water 1.5L;£1.00/unit;£0.07/100ml;still-water;20;0;4.8;4.8;0;0;-1;0.01
volvic-touch-of-fruit-original-lemon---lime-15l;Volvic Touch Of Fruit, Lemon & Lime Water 1.5L;£1.00/unit;£0.07/100ml;flavoured-vitamin-water;22;0.5;5.5;5.5;0;0;-1;0
volvic-touch-of-fruit-original-lemon---lime-15l;Volvic Touch Of Fruit, Lemon & Lime Water 1.5L;£1.00/unit;£0.07/100ml;still-water;22;0.5;5.5;5.5;0;0;-1;0
volvic-touch-of-fruit-strawberry-6x500ml;Volvic Touch Of Fruit Strawberry 6x500ml;£3.00/unit;£0.10/100ml;flavoured-vitamin-water;20;0;4.8;4.8;0;0;-1;0.01
volvic-touch-of-fruit-strawberry-6x500ml;Volvic Touch Of Fruit Strawberry 6x500ml;£3.00/unit;£0.10/100ml;still-water;20;0;4.8;4.8;0;0;-1;0.01
volvic-touch-of-fruit-sugarfree-lemon---lime-15l;Volvic Touch Of Fruit, Sugarfree Lemon & Lime Water 1.5L;£1.00/unit;£0.07/100ml;flavoured-vitamin-water;1;0.5;0.5;0;0.5;0;-1;0.01
volvic-touch-of-fruit-sugarfree-lemon---lime-15l;Volvic Touch Of Fruit, Sugarfree Lemon & Lime Water 1.5L;£1.00/unit;£0.07/100ml;still-water;1;0.5;0.5;0;0.5;0;-1;0.01
volvic-touch-of-fruit-sugarfree-strawberry-15l;Volvic Touch Of Fruit, Sugarfree Strawberry Water 1.5L;£1.00/unit;£0.07/100ml;flavoured-vitamin-water;1;0;0;0;0;0;-1;0.01
volvic-touch-of-fruit-sugarfree-strawberry-15l;Volvic Touch Of Fruit, Sugarfree Strawberry Water 1.5L;£1.00/unit;£0.07/100ml;still-water;1;0;0;0;0;0;-1;0.01
volvic-touch-of-fruit-summer-fruits-flavoured-water-15l;Volvic Touch Of Fruit, Summer Fruits Water 1.5L;£1.00/unit;£0.07/100ml;flavoured-vitamin-water;18;0;4.5;4.5;0;0;-1;0.01
walkers-nonsuch-creamy-toffee-50g;Walkers Nonsuch Creamy Toffee 50g;£0.40/unit;£0.80/100g;chocolate;-1;2.1;72.1;72.1;20.4;12.9;-1;0.2
walls-cream-of-cornish-1l;Wall's Cream Of Cornish Vanilla Ice Cream 1L;£2.00/unit;£0.20/100ml;ice-cream-tubs;Per 100g nutrition not found
walls-ready-baked-pork-sausages-275g;Wall's Ready Baked Pork Sausages 275g;£2.50/unit;£9.09/kg;sausages;249;11;16;1.5;15;5.6;-1;1.7
walls-sausage-500g;Wall's Sausage 500g;£2.00/unit;£4.00/kg;frozen-burgers-sausages;267;13.3;11.7;1.3;18.2;7.6;1.8;0.7;1.7
walls-sausage-500g;Wall's Sausage 500g;£2.00/unit;£4.00/kg;frozen-pork;267;13.3;11.7;1.3;18.2;7.6;1.8;0.7;1.7
walls-smoked-bacon-220g;Wall's Smoked Bacon 220g;£2.00/unit;£9.09/kg;bacon;Per 100g nutrition not found
walls-soft-scoop-vanilla-light-18l;Wall's Soft Scoop Vanilla Light Ice Cream 1.8L;£2.00/unit;£0.11/100ml;ice-cream-tubs;Per 100g nutrition not found
walls-soft-scoop-vanilla-soft-scoop-18l;Wall's Soft Scoop Vanilla Ice Cream 1.8L;£2.00/unit;£0.11/100ml;ice-cream-tubs;Per 100g nutrition not found
walls-solero-ice-lollies-exotic-fruits-3x90ml;Wall's Solero Exotic Ice Cream Lolly 3x88ml;£2.50/unit;£0.95/100ml;lollies-bars-cones;Per 100g nutrition not found
walls-unsmoked-bacon-220g;Wall's Unsmoked Bacon 220g;£2.00/unit;£9.09/kg;bacon;Per 100g nutrition not found
walnut-whip-multipack-x3-34g;Nestle Walnut Whip Multipack x3 34g;£1.50/unit;£1.53/100g;chocolate;Per 100g nutrition not found
warburtons-6-pancakes;Warburtons Pancakes x6;£0.75/unit;£0.13/ea;crumpets-breakfast-muffins-pancakes;254;6.1;42.2;17.2;6.4;0.9;1.8;1.18
warburtons-batch-bread--seeded--large-800g;Warburtons Seeded Batch Bread, Thick Sliced 800g;£1.50/unit;£0.19/100g;seeded-grains-bread;300;12.3;39.7;2.6;8.9;1.3;6.0;0.98
warburtons-blackpool-milk-roll-400g;Warburtons Blackpool Milk Roll 400g;£0.85/unit;£0.21/100g;small-loaves;254;11.0;45.0;4.0;2.8;1.3;2.4;1.00
warburtons-blackpool-milk-roll-400g;Warburtons Blackpool Milk Roll 400g;£0.85/unit;£0.21/100g;white-bread;254;11.0;45.0;4.0;2.8;1.3;2.4;1.00
warburtons-brown-farmhouse-800g;Warburtons Brown Farmhouse 800g;£1.45/unit;£0.18/100g;wholemeal-brown-bread;246;9.9;42.8;3.8;2.7;0.5;5.3;1.00
warburtons-brown-premium-bread--sliced-400g;Warburtons Brown Premium Bread, Sliced 400g;£0.80/unit;£0.20/100g;small-loaves;258;10.6;43.2;4.8;3.7;0.8;4.3;1.00
warburtons-brown-premium-bread--sliced-400g;Warburtons Brown Premium Bread, Sliced 400g;£0.80/unit;£0.20/100g;wholemeal-brown-bread;258;10.6;43.2;4.8;3.7;0.8;4.3;1.00
warburtons-brown-sandwich-thins-x6;Warburtons Brown Sandwich Thins x6;£1.30/unit;£0.22/ea;rolls;239;9.9;46.0;4.8;2.6;0.5;4.8;0.98
warburtons-brown-sandwich-thins-x6;Warburtons Brown Sandwich Thins x6;£1.30/unit;£0.22/ea;wraps-bagels-pittas;239;9.9;46.0;4.8;2.6;0.5;4.8;0.98
warburtons-brown-square-wraps-x6;Warburtons Brown Square Wraps x6;£1.50/unit;£0.25/ea;wraps-bagels-pittas;287;12.4;47.7;5.0;4.0;0.8;3.6;0.98
warburtons-burger-buns-x6;Warburtons Burger Buns x6;£1.15/unit;£0.19/ea;rolls;245;9.0;37.4;4.2;6.5;1.0;2.0;0.90
warburtons-crumpets-x6;Warburtons Crumpets x6;£0.90/unit;£0.15/ea;crumpets-breakfast-muffins-pancakes;178;5.6;36.1;2.0;0.7;0.2;2.3;1.48
warburtons-crumpets-x9;Warburtons Crumpets x9;£1.00/unit;£0.11/ea;crumpets-breakfast-muffins-pancakes;178;5.6;36.1;2.0;0.7;0.2;2.3;1.48
warburtons-crusty-white-bread-400g;Warburtons Crusty White Bread 400g;£0.80/unit;£0.20/100g;small-loaves;254;10.6;46.5;2.3;2.3;0.6;2.6;1.00
warburtons-crusty-white-bread-400g;Warburtons Crusty White Bread 400g;£0.80/unit;£0.20/100g;white-bread;254;10.6;46.5;2.3;2.3;0.6;2.6;1.00
warburtons-danish-white-bread--sliced-400g;Warburtons Danish White Bread, Sliced 400g;£0.80/unit;£0.20/100g;small-loaves;243;10.5;45.8;2.3;1.2;0.2;2.6;1.00
warburtons-danish-white-bread--sliced-400g;Warburtons Danish White Bread, Sliced 400g;£0.80/unit;£0.20/100g;white-bread;243;10.5;45.8;2.3;1.2;0.2;2.6;1.00
warburtons-farmhouse-bread--original-soft-800g;Warburtons Original Soft White Loaf, Farmhouse 800g;£1.45/unit;£0.18/100g;white-bread;241;9.9;43.4;1.7;2.5;1.0;2.7;1.00
warburtons-freefrom-3-seeded-wraps-248g;Warburtons Newburn Bakehouse Seeded Wraps 4x60g;£2.99/unit;£1.25/100g;wraps-bagels-pittas;302;5.5;48.1;6.3;8.4;0.8;5.4;1.13
warburtons-freefrom-seeded-sandwich-thins-x4;Warburtons Gluten & Wheat Free Seeded Sandwich Thins x4;£2.50/unit;£1.04/100g;wraps-bagels-pittas;294;4.7;41.7;4.2;11.2;1.0;4.0;0.75
warburtons-fruit-loaf-with-orange-400g;Warburtons Fruit Loaf With Orange 400g;£1.20/unit;£0.30/100g;cakes-scones-fruited-buns;266;6.8;50.8;14.5;3.0;0.6;3.8;0.85
warburtons-fruit-loaf-with-orange-400g;Warburtons Fruit Loaf With Orange 400g;£1.20/unit;£0.30/100g;scones-fruited-buns;266;6.8;50.8;14.5;3.0;0.6;3.8;0.85
warburtons-half---half-rolls-x8;Warburtons Half & Half Rolls x8;£1.15/unit;£0.14/ea;rolls;261;10.4;42.7;4.1;4.5;0.8;4.0;0.98
warburtons-half---half-thins-x6;Warburtons Half & Half Thins x6;£1.30/unit;£0.22/ea;rolls;239;10.1;45.0;4.9;2.5;0.5;4.5;0.90
warburtons-half---half-thins-x6;Warburtons Half & Half Thins x6;£1.30/unit;£0.22/ea;wraps-bagels-pittas;239;10.1;45.0;4.9;2.5;0.5;4.5;0.90
warburtons-half---half-toastie-bread-750g;Warburtons Half & Half Toastie Bread 750g;£1.35/unit;£0.18/100g;half-and-half-bread;240;8.8;44.2;2.4;2.0;0.3;5.0;1.00
warburtons-honey-wheat-400g;Warburtons Honey Wheat 400g;£1.40/unit;£0.35/100g;small-loaves;249;9.4;45.2;5.0;2.4;0.5;4.3;1.00
warburtons-honey-wheat-400g;Warburtons Honey Wheat 400g;£1.40/unit;£0.35/100g;wholemeal-brown-bread;249;9.4;45.2;5.0;2.4;0.5;4.3;1.00
warburtons-hot-dog-rolls-x6;Warburtons Hot Dog Rolls x6;£1.15/unit;£0.19/ea;rolls;274;10.4;49.4;3.1;4.3;0.9;2.3;0.93
warburtons-malty-grain-loaf-400g;Warburtons Malty Grain Loaf 400g;£1.40/unit;£0.35/100g;seeded-grains-bread;276;12.6;43.4;3.7;4.6;0.8;5.4;1.00
warburtons-malty-grain-loaf-400g;Warburtons Malty Grain Loaf 400g;£1.40/unit;£0.35/100g;small-loaves;276;12.6;43.4;3.7;4.6;0.8;5.4;1.00
warburtons-medium-half---half-750g;Warburtons Half & Half Bread, Medium Sliced 750g;£1.35/unit;£0.18/100g;half-and-half-bread;240;8.8;44.2;2.4;2.0;0.3;5.0;1.0
warburtons-old-english-white-bread-400g;Warburtons Old English White Bread 400g;£1.40/unit;£0.35/100g;small-loaves;248;9.8;44.3;2.6;2.9;0.6;2.8;0.98
warburtons-old-english-white-bread-400g;Warburtons Old English White Bread 400g;£1.40/unit;£0.35/100g;white-bread;248;9.8;44.3;2.6;2.9;0.6;2.8;0.98
warburtons-original-softwhite-loaf--farmhouse-400g;Warburtons Original Soft White Loaf, Farmhouse 400g;£0.80/unit;£0.20/100g;small-loaves;245;10.1;43.7;2.5;2.6;0.8;2.8;1.00
warburtons-original-softwhite-loaf--farmhouse-400g;Warburtons Original Soft White Loaf, Farmhouse 400g;£0.80/unit;£0.20/100g;white-bread;245;10.1;43.7;2.5;2.6;0.8;2.8;1.00
warburtons-raisin-loaf-with-cinnamon;Warburtons Raisin Loaf With Cinnamon 400g;£1.20/unit;£0.30/100g;cakes-scones-fruited-buns;273;7.2;51.1;21.6;3.7;0.6;3.2;0.83
warburtons-raisin-loaf-with-cinnamon;Warburtons Raisin Loaf With Cinnamon 400g;£1.20/unit;£0.30/100g;scones-fruited-buns;273;7.2;51.1;21.6;3.7;0.6;3.2;0.83
warburtons-round-potato-cakes-x6;Warburtons Round Potato Cakes x6;£0.75/unit;£0.13/ea;crumpets-breakfast-muffins-pancakes;260;4.7;37.5;4.4;10.1;3.2;3.5;1.98
warburtons-sandwich-thins--brown-x9;Warburtons Sandwich Thins, Brown x9;£1.50/unit;£0.16/ea;rolls;239;9.9;46.0;4.8;2.6;0.5;4.8;0.98
warburtons-sandwich-thins--brown-x9;Warburtons Sandwich Thins, Brown x9;£1.50/unit;£0.16/ea;wraps-bagels-pittas;239;9.9;46.0;4.8;2.6;0.5;4.8;0.98
warburtons-sandwich-thins--white-x9;Warburtons Sandwich Thins, White x9;£1.50/unit;£0.16/ea;rolls;239;9.0;45.0;4.6;2.5;0.4;3.1;0.98
warburtons-sandwich-thins--white-x9;Warburtons Sandwich Thins, White x9;£1.50/unit;£0.16/ea;wraps-bagels-pittas;239;9.0;45.0;4.6;2.5;0.4;3.1;0.98
warburtons-sandwich-thins-x6;Warburtons Sandwich Thins x6;£1.30/unit;£0.22/ea;rolls;239;9.2;47.1;4.6;2.5;0.4;3.8;0.39;0.98
warburtons-sandwich-thins-x6;Warburtons Sandwich Thins x6;£1.30/unit;£0.22/ea;wraps-bagels-pittas;239;9.2;47.1;4.6;2.5;0.4;3.8;0.39;0.98
warburtons-seeded-sandwich-thins-x6;Warburtons Seeded Sandwich Thins x6;£1.30/unit;£0.22/ea;rolls;239;9.8;41.5;4.6;4.0;0.7;4.5;0.98
warburtons-seeded-sandwich-thins-x6;Warburtons Seeded Sandwich Thins x6;£1.30/unit;£0.22/ea;wraps-bagels-pittas;239;9.8;41.5;4.6;4.0;0.7;4.5;0.98
warburtons-square-wraps-x6-395g;Warburtons Square Wraps x6 395g;£1.50/unit;£0.25/ea;wraps-bagels-pittas;245;12.4;45.0;4.5;3.9;0.7;2.1;0.98
warburtons-teacakes-x4;Warburtons Teacakes x4;£0.80/unit;£0.20/ea;cakes-scones-fruited-buns;262;8.7;48.0;14.3;3.0;0.5;3.2;0.75
warburtons-teacakes-x4;Warburtons Teacakes x4;£0.80/unit;£0.20/ea;scones-fruited-buns;262;8.7;48.0;14.3;3.0;0.5;3.2;0.75
warburtons-toasting-muffins-x4;Warburtons Toasting Muffins x4;£0.85/unit;£0.21/ea;crumpets-breakfast-muffins-pancakes;228;8.7;42.1;2.9;2.1;0.4;2.7;0.78
warburtons-weightwatchers-white-danish-400g;Warburtons Weightwatchers White Danish 400g;£0.80/unit;£0.20/100g;white-bread;243;9.8;46.5;2.7;1.3;0.4;2.9;1.0
warburtons-weightwatchers-wholemeal-toastie-bread-400g;Warburtons Weightwatchers Wholemeal Toastie Bread 400g;£0.80/unit;£0.20/100g;small-loaves;227;10.2;38.9;2.6;2.1;0.5;6.3;1.0
warburtons-weightwatchers-wholemeal-toastie-bread-400g;Warburtons Weightwatchers Wholemeal Toastie Bread 400g;£0.80/unit;£0.20/100g;wholemeal-brown-bread;227;10.2;38.9;2.6;2.1;0.5;6.3;1.0
warburtons-white-batch-bread--seeded-400g;Warburtons Seeded Batch Bread, Thick Sliced 400g;£0.85/unit;£0.21/100g;seeded-grains-bread;287;11.2;38.8;2.6;8.4;1.3;6.0;1.00
warburtons-white-batch-bread--seeded-400g;Warburtons Seeded Batch Bread, Thick Sliced 400g;£0.85/unit;£0.21/100g;small-loaves;287;11.2;38.8;2.6;8.4;1.3;6.0;1.00
warburtons-white-bread--medium-sliced-400g;Warburtons White Bread, Medium Sliced 400g;£0.80/unit;£0.20/100g;small-loaves;244;10.3;45.1;2.2;1.9;0.7;2.4;1.00
warburtons-white-bread--medium-sliced-400g;Warburtons White Bread, Medium Sliced 400g;£0.80/unit;£0.20/100g;white-bread;244;10.3;45.1;2.2;1.9;0.7;2.4;1.00
warburtons-white-bread--medium-sliced-800g;Warburtons White Bread, Medium Sliced 800g;£1.00/unit;£0.13/100g;white-bread;239;9.9;43.8;2.2;2.0;0.7;2.6;1.00
warburtons-white-sandwich-thins-4-pack;Warburtons Newburn Bakehouse Sliced White Sandwich Thins x4;£2.50/unit;£1.08/100g;wraps-bagels-pittas;292;4.3;43.2;6.5;10.3;1.3;4.6;0.75
warburtons-white-sliced-bread--toastie-800g;Warburtons White Sliced Bread, Toastie 800g;£1.00/unit;£0.13/100g;white-bread;239;9.9;43.8;2.2;2.0;0.7;2.6;1.00
warburtons-white-sliced-rolls-x12;Warburtons White Sliced Rolls x12;£1.50/unit;£0.13/ea;rolls;263;9.7;44.6;2.3;4.5;1.2;2.4;1.00
warburtons-white-sliced-thickest-bread-800g;Warburtons White Sliced Thickest Bread 800g;£1.00/unit;£0.13/100g;white-bread;239;9.9;43.8;2.2;2.0;0.7;2.6;1.00
warburtons-white-sub-roll-x2;Warburtons White Sub Roll x2;£0.85/unit;£0.43/ea;rolls;269;11.0;45.0;2.9;4.4;1.2;2.4;0.95
warburtons-white-toastie-bread--sliced-400g;Warburtons White Toastie Bread, Sliced 400g;£0.80/unit;£0.20/100g;small-loaves;244;10.3;45.1;2.2;1.9;0.7;2.4;1.00
warburtons-white-toastie-bread--sliced-400g;Warburtons White Toastie Bread, Sliced 400g;£0.80/unit;£0.20/100g;white-bread;244;10.3;45.1;2.2;1.9;0.7;2.4;1.00
warburtons-wholegrain---oats-loaf-400g;Warburtons Wholegrain & Oats Loaf 400g;£1.40/unit;£0.35/100g;seeded-grains-bread;245;11.7;38.8;3.8;3.5;0.7;5.9;0.95
warburtons-wholegrain---oats-loaf-400g;Warburtons Wholegrain & Oats Loaf 400g;£1.40/unit;£0.35/100g;small-loaves;245;11.7;38.8;3.8;3.5;0.7;5.9;0.95
warburtons-wholemeal-bread--medium-sliced-400g;Warburtons Wholemeal Bread, Medium Sliced 400g;£0.80/unit;£0.20/100g;small-loaves;231;10.6;37.8;2.4;2.8;0.5;6.4;0.95
warburtons-wholemeal-bread--medium-sliced-400g;Warburtons Wholemeal Bread, Medium Sliced 400g;£0.80/unit;£0.20/100g;wholemeal-brown-bread;231;10.6;37.8;2.4;2.8;0.5;6.4;0.95
warburtons-wholemeal-bread--sliced-800g;Warburtons Wholemeal Bread, Medium Sliced 800g;£1.45/unit;£0.18/100g;wholemeal-brown-bread;231;10.6;37.8;2.4;2.8;0.5;6.4;0.95
weetabix-on-the-go-chocolate-drink-250ml;Weetabix On The Go Chocolate Drink 250ml;£1.40/unit;£0.56/100ml;flavoured-milk;85;3.8;10;9.0;2.8;1.7;2.3;0.17
weetabix-on-the-go-strawberry-drink-250ml;Weetabix On The Go Strawberry Drink 250ml;£1.40/unit;£0.56/100ml;flavoured-milk;89;3.8;10;9.0;3.2;1.9;2.3;0.18
weetabix-on-the-go-vanilla-drink-250ml;Weetabix On The Go Vanilla Drink 250ml;£1.40/unit;£0.56/100ml;flavoured-milk;90;3.8;10;9.0;3.3;2.0;2.3;0.18
weight-watchers-beef-hotpot-320g;Weight Watchers Beef Hotpot 320g;£1.75/unit;£5.47/kg;frozen-healthier-meals;82;3.9;10.3;1.7;2.5;0.6;1.3;0.6
weight-watchers-beef-hotpot-320g;Weight Watchers Beef Hotpot 320g;£1.75/unit;£5.47/kg;frozen-ready-meals;82;3.9;10.3;1.7;2.5;0.6;1.3;0.6
weight-watchers-beef-lasagne-300g;Weight Watchers Beef Lasagne 300g;£1.75/unit;£5.83/kg;frozen-healthier-meals;86;6.1;9.3;1.2;2.6;1.2;0.4;0.2;0.6
weight-watchers-beef-lasagne-300g;Weight Watchers Beef Lasagne 300g;£1.75/unit;£5.83/kg;frozen-ready-meals;86;6.1;9.3;1.2;2.6;1.2;0.4;0.2;0.6
weight-watchers-bolognese-al-forno-380g;Weight Watchers Bolognese Al Forno 380g;£2.70/unit;£7.11/kg;healthier-choice-ready-meals;93;6.0;11.9;2.5;2.2;1.1;0.8;0.4
weight-watchers-bolognese-al-forno-380g;Weight Watchers Bolognese Al Forno 380g;£2.70/unit;£7.11/kg;italian-ready-meals;93;6.0;11.9;2.5;2.2;1.1;0.8;0.4
weight-watchers-bolognese-al-forno-380g;Weight Watchers Bolognese Al Forno 380g;£2.70/unit;£7.11/kg;meals-for-1-ready-meals;93;6.0;11.9;2.5;2.2;1.1;0.8;0.4
weight-watchers-caramel-crunch-178g-%28serves-2%29;Weight Watchers Caramel Crunch 178g (Serves 2);£1.70/unit;£0.96/100g;frozen-cold-desserts;199;4.6;37.9;26.4;2.9;1.8;1.7;0.3
weight-watchers-carrot-cake-slice-x5;Weight Watchers Carrot Cake Slices x5;£1.30/unit;£0.26/ea;slices-pies-tarts;1364;3.5;63.2;43.3;5.6;3.5;2.8;0.3
weight-watchers-chicken---white-wine-320g;Weight Watchers Chicken & White Wine 320g;£2.00/unit;£6.25/kg;frozen-healthier-meals;95;6.0;11.2;1.7;2.7;1.4;1.1;0.6
weight-watchers-chicken---white-wine-320g;Weight Watchers Chicken & White Wine 320g;£2.00/unit;£6.25/kg;frozen-ready-meals;95;6.0;11.2;1.7;2.7;1.4;1.1;0.6
weight-watchers-chicken--lemon-risotto-320g;Weight Watchers Chicken & Lemon Risotto 320g;£2.00/unit;£6.25/kg;frozen-healthier-meals;96;6.3;13.8;0.8;1.6;0.6;0.6;0.5
weight-watchers-chicken--lemon-risotto-320g;Weight Watchers Chicken & Lemon Risotto 320g;£2.00/unit;£6.25/kg;frozen-ready-meals;96;6.3;13.8;0.8;1.6;0.6;0.6;0.5
weight-watchers-chicken-curry-320g;Weight Watchers Chicken Curry 320g;£1.75/unit;£5.47/kg;frozen-healthier-meals;94;5.1;15.6;0.6;1.1;0.2;0.4;0.5
weight-watchers-chicken-curry-320g;Weight Watchers Chicken Curry 320g;£1.75/unit;£5.47/kg;frozen-ready-meals;94;5.1;15.6;0.6;1.1;0.2;0.4;0.5
weight-watchers-chicken-hotpot-320g;Weight Watchers Chicken Hotpot 320g;£1.75/unit;£5.47/kg;frozen-healthier-meals;83;5.4;10.5;2.6;1.9;0.5;1.0;0.6
weight-watchers-chicken-hotpot-320g;Weight Watchers Chicken Hotpot 320g;£1.75/unit;£5.47/kg;frozen-ready-meals;83;5.4;10.5;2.6;1.9;0.5;1.0;0.6
weight-watchers-chicken-ratatouille---bulger-wheat--limited-edition-380g;Weight Watchers Ltd Edition Jambalaya 380g;£2.70/unit;£7.11/kg;healthier-choice-ready-meals;84;6.3;11.0;1.8;1.3;0.4;1.5;0.5
weight-watchers-chicken-ratatouille---bulger-wheat--limited-edition-380g;Weight Watchers Ltd Edition Jambalaya 380g;£2.70/unit;£7.11/kg;lunchtime-snacks;84;6.3;11.0;1.8;1.3;0.4;1.5;0.5
weight-watchers-chicken-ratatouille---bulger-wheat--limited-edition-380g;Weight Watchers Ltd Edition Jambalaya 380g;£2.70/unit;£7.11/kg;meals-for-1-ready-meals;84;6.3;11.0;1.8;1.3;0.4;1.5;0.5
weight-watchers-chicken-tikka-380g;Weight Watchers Chicken Tikka 380g;£2.70/unit;£7.11/kg;healthier-choice-ready-meals;90;6.6;11.8;1.4;1.7;0.3;1.1;0.4
weight-watchers-chicken-tikka-380g;Weight Watchers Chicken Tikka 380g;£2.70/unit;£7.11/kg;indian-ready-meals;90;6.6;11.8;1.4;1.7;0.3;1.1;0.4
weight-watchers-chicken-tikka-380g;Weight Watchers Chicken Tikka 380g;£2.70/unit;£7.11/kg;meals-for-1-ready-meals;90;6.6;11.8;1.4;1.7;0.3;1.1;0.4
weight-watchers-chicken-tikka-masala-320g;Weight Watchers Chicken Tikka Masala 320g;£2.00/unit;£6.25/kg;frozen-healthier-meals;111;5.9;16.6;3.3;2.2;0.9;0.6;0.3
weight-watchers-chicken-tikka-masala-320g;Weight Watchers Chicken Tikka Masala 320g;£2.00/unit;£6.25/kg;frozen-ready-meals;111;5.9;16.6;3.3;2.2;0.9;0.6;0.3
weight-watchers-chocolate-mini-rolls-x5;Weight Watchers Chocolate Mini Rolls x5;£1.30/unit;£0.26/ea;cake-bars-mini-rolls;1726;4.6;65.5;50.0;13.9;8.0;2.3;0.44
weight-watchers-chocolate-toffee-mini-pot-swirls-400ml;Weight Watchers Mini Pot Swirls Chocolate Honeycomb & Toffee Fudge 4x100ml;£2.50/unit;£0.63/100ml;ice-cream-desserts;683;3.1;28.1;26.0;2.7;1.1;8.4;0.1
weight-watchers-chocolate-toffee-mini-pot-swirls-400ml;Weight Watchers Mini Pot Swirls Chocolate Honeycomb & Toffee Fudge 4x100ml;£2.50/unit;£0.63/100ml;ice-cream-tubs;683;3.1;28.1;26.0;2.7;1.1;8.4;0.1
weight-watchers-cottage-pie-400g;Weight Watchers Cottage Pie 400g;£2.70/unit;£6.75/kg;british-ready-meals;89;5.5;10.4;0.3;2.4;1.2;2.0;0.4
weight-watchers-cottage-pie-400g;Weight Watchers Cottage Pie 400g;£2.70/unit;£6.75/kg;healthier-choice-ready-meals;89;5.5;10.4;0.3;2.4;1.2;2.0;0.4
weight-watchers-cottage-pie-400g;Weight Watchers Cottage Pie 400g;£2.70/unit;£6.75/kg;meals-for-1-ready-meals;89;5.5;10.4;0.3;2.4;1.2;2.0;0.4
weight-watchers-crustless-cheese---onion-quiche-160g;Weight Watchers Crustless Cheese & Onion Quiche 160g;£1.50/unit;£9.38/kg;british-ready-meals;699;11.3;11.1;1.7;7.7;4.0;4.3;0.7
weight-watchers-crustless-cheese---onion-quiche-160g;Weight Watchers Crustless Cheese & Onion Quiche 160g;£1.50/unit;£9.38/kg;deli-meat-alternatives;699;11.3;11.1;1.7;7.7;4.0;4.3;0.7
weight-watchers-crustless-cheese---onion-quiche-160g;Weight Watchers Crustless Cheese & Onion Quiche 160g;£1.50/unit;£9.38/kg;healthier-choice-ready-meals;699;11.3;11.1;1.7;7.7;4.0;4.3;0.7
weight-watchers-crustless-cheese---onion-quiche-160g;Weight Watchers Crustless Cheese & Onion Quiche 160g;£1.50/unit;£9.38/kg;lunchtime-snacks;699;11.3;11.1;1.7;7.7;4.0;4.3;0.7
weight-watchers-crustless-cheese---onion-quiche-160g;Weight Watchers Crustless Cheese & Onion Quiche 160g;£1.50/unit;£9.38/kg;quiche;699;11.3;11.1;1.7;7.7;4.0;4.3;0.7
weight-watchers-double-chocolate-brownies-172g-%28serves-2%29;Weight Watchers Double Chocolate Brownies 172g (Serves 2);£1.70/unit;£0.99/100g;frozen-cold-desserts;194;5.1;33.7;25.5;3.8;2.6;2.4;0.3
weight-watchers-fat-free-berry-fruits-fromage-frais-4x100g;Weight Watchers Fat Free Berry Fruits Fromage Frais 4x100g;£1.59/unit;£0.40/100g;diet-low-fat-yogurts;Per 100g nutrition not found
weight-watchers-fat-free-citrus-fruit-yogurt-4x120g;Weight Watchers Fat Free Citrus Fruit Yogurt 4x120g;£1.59/unit;£0.33/100g;diet-low-fat-yogurts;46;4.1;5.7;5.2;0.1;0.1;0.9;0.26
weight-watchers-fat-free-confectionary-yogurt-4x120g;Weight Watchers Fat Free Confectionary Yogurt 4x120g;£1.59/unit;£0.33/100g;diet-low-fat-yogurts;45;4.1;6.1;5.2;0.1;0.1;0.1;0.15
weight-watchers-fat-free-dessert-recipe-yogurts-4x120g;Weight Watchers Fat Free Dessert Recipe Yogurts 4x120g;£1.59/unit;£0.33/100g;diet-low-fat-yogurts;51;4.1;7.2;6.6;0.3;0.2;0.1;0.20
weight-watchers-fat-free-summer-fruits-fromage-frais-4x100g-2787152-p-44;Weight Watchers Fat Free Summer Fruits Fromage Frais 4x100g;£1.59/unit;£0.40/100g;diet-low-fat-yogurts;Per 100g nutrition not found
weight-watchers-fat-free-summer-fruits-yogurt-4x120g;Weight Watchers Fat Free Summer Fruits Yogurt 4x120g;£1.59/unit;£0.33/100g;diet-low-fat-yogurts;45;4.1;5.9;5.5;0.1;0.1;0.3;0.15
weight-watchers-hot-chocolate-drink-with-real-chocolate-220g;Weight Watchers Hot Chocolate Drink With Real Chocolate 220g;£3.00/unit;£1.36/100g;hot-chocolate-milky-drinks;1474;12.0;60.4;37.3;3.9;2.4;12.4;2.3
weight-watchers-malted-bread--danish-sliced-400g;Warburtons Weight Watchers Malted Bread, Danish Sliced 400g;£0.80/unit;£0.20/100g;small-loaves;249;11.8;45.1;2.6;1.5;0.4;4.2;1.0
weight-watchers-malted-bread--danish-sliced-400g;Warburtons Weight Watchers Malted Bread, Danish Sliced 400g;£0.80/unit;£0.20/100g;white-bread;249;11.8;45.1;2.6;1.5;0.4;4.2;1.0
weight-watchers-mature-grated-cheese-200g;Weight Watchers Mature Grated Cheese 200g;£2.00/unit;£10.00/kg;cheddar-british-regional-cheese;900;30.5;0.6;0.1;10.0;6.5;0.1;0.8;2.0
weight-watchers-mature-grated-cheese-200g;Weight Watchers Mature Grated Cheese 200g;£2.00/unit;£10.00/kg;healthier-choice-special-diet-cheese;900;30.5;0.6;0.1;10.0;6.5;0.1;0.8;2.0
weight-watchers-mature-grated-cheese-200g;Weight Watchers Mature Grated Cheese 200g;£2.00/unit;£10.00/kg;sliced-grated-cheese;900;30.5;0.6;0.1;10.0;6.5;0.1;0.8;2.0
weight-watchers-mexican-chilli-wedges-320g;Weight Watchers Mexican Chilli Wedges 320g;£1.75/unit;£5.47/kg;frozen-healthier-meals;81;4.2;10.5;2.5;2.1;0.9;1.6;0.5
weight-watchers-mexican-chilli-wedges-320g;Weight Watchers Mexican Chilli Wedges 320g;£1.75/unit;£5.47/kg;frozen-ready-meals;81;4.2;10.5;2.5;2.1;0.9;1.6;0.5
weight-watchers-mixed-fruit-in-jelly-4-x-120g;Weight Watchers Mixed Fruit in Jelly 4 x 120g;£2.50/unit;£0.52/100g;dessert-pots;19;0.1;4.6;3.2;0.1;0.1;0.5;0.1
weight-watchers-mixed-fruit-in-jelly-4-x-120g;Weight Watchers Mixed Fruit in Jelly 4 x 120g;£2.50/unit;£0.52/100g;jelly;19;0.1;4.6;3.2;0.1;0.1;0.5;0.1
weight-watchers-ocean-pie-300g;Weight Watchers Ocean Pie 300g;£1.75/unit;£5.83/kg;frozen-healthier-meals;66;4.7;9.4;1.9;0.8;0.5;0.8;0.6
weight-watchers-ocean-pie-300g;Weight Watchers Ocean Pie 300g;£1.75/unit;£5.83/kg;frozen-ready-meals;66;4.7;9.4;1.9;0.8;0.5;0.8;0.6
weight-watchers-pear-in-jelly-4x120g;Weight Watchers Pear in Jelly 4x120g;£2.50/unit;£0.52/100g;dessert-pots;17;0.1;3.8;3.4;0.1;0.1;0.7;0.1
weight-watchers-pear-in-jelly-4x120g;Weight Watchers Pear in Jelly 4x120g;£2.50/unit;£0.52/100g;jelly;17;0.1;3.8;3.4;0.1;0.1;0.7;0.1
weight-watchers-red-thai-chicken-curry-400g-7676980-p-44;Weight Watchers Red Thai Chicken Curry 400g;£2.70/unit;£6.75/kg;healthier-choice-ready-meals;90;5.7;12.1;1.1;1.9;0.9;1.0;0.4
weight-watchers-red-thai-chicken-curry-400g-7676980-p-44;Weight Watchers Red Thai Chicken Curry 400g;£2.70/unit;£6.75/kg;meals-for-1-ready-meals;90;5.7;12.1;1.1;1.9;0.9;1.0;0.4
weight-watchers-red-thai-chicken-curry-400g-7676980-p-44;Weight Watchers Red Thai Chicken Curry 400g;£2.70/unit;£6.75/kg;oriental-ready-meals;90;5.7;12.1;1.1;1.9;0.9;1.0;0.4
weight-watchers-reduced-fat-mature-cheese-slices-8x20g;Weight Watchers Reduced Fat Mature Cheese Slices 8x20g;£2.00/unit;£12.50/kg;cheddar-british-regional-cheese;910;31.0;0.1;0.1;10.3;6.7;0.1;0.75;1.9
weight-watchers-reduced-fat-mature-cheese-slices-8x20g;Weight Watchers Reduced Fat Mature Cheese Slices 8x20g;£2.00/unit;£12.50/kg;cottage-cheese---healthier-choice;910;31.0;0.1;0.1;10.3;6.7;0.1;0.75;1.9
weight-watchers-reduced-fat-mature-cheese-slices-8x20g;Weight Watchers Reduced Fat Mature Cheese Slices 8x20g;£2.00/unit;£12.50/kg;sliced-grated-cheese;910;31.0;0.1;0.1;10.3;6.7;0.1;0.75;1.9
weight-watchers-reduced-fat-thick-cream-200g;Weight Watchers Reduced Fat Thick Cream 200g;£1.00/unit;£0.50/100g;fresh-cream-custard;594;2.5;6.7;4.5;11.5;7.6;0.8;0.04;0.1
weight-watchers-salmon---broccoli-melt-320g;Weight Watchers Salmon & Broccoli Melt 320g;£2.00/unit;£6.25/kg;frozen-healthier-meals;88;5.8;11.1;2.3;2.0;1.0;1.1;0.5
weight-watchers-salmon---broccoli-melt-320g;Weight Watchers Salmon & Broccoli Melt 320g;£2.00/unit;£6.25/kg;frozen-ready-meals;88;5.8;11.1;2.3;2.0;1.0;1.1;0.5
weight-watchers-spaghetti-bolognese-320g;Weight Watchers Spaghetti Bolognese 320g;£1.75/unit;£5.47/kg;frozen-healthier-meals;95;5.2;14.3;2.4;1.6;0.7;1.0;0.5
weight-watchers-spaghetti-bolognese-320g;Weight Watchers Spaghetti Bolognese 320g;£1.75/unit;£5.47/kg;frozen-ready-meals;95;5.2;14.3;2.4;1.6;0.7;1.0;0.5
weight-watchers-spanish-chicken-400g-7521910-p-44;Weight Watchers Spanish Chicken 400g;£2.70/unit;£6.75/kg;healthier-choice-ready-meals;87;5.1;10.5;1.6;2.4;0.5;1.4;0.5
weight-watchers-spanish-chicken-400g-7521910-p-44;Weight Watchers Spanish Chicken 400g;£2.70/unit;£6.75/kg;meals-for-1-ready-meals;87;5.1;10.5;1.6;2.4;0.5;1.4;0.5
weight-watchers-spanish-chicken-400g-7521910-p-44;Weight Watchers Spanish Chicken 400g;£2.70/unit;£6.75/kg;mediterranean-other-cuisine-ready-meals;87;5.1;10.5;1.6;2.4;0.5;1.4;0.5
weight-watchers-toffee-sponge-puddings-2x100g;Weight Watchers Toffee Sponge Puddings 2x100g;£2.00/unit;£1.00/100g;desserts;727;3.5;26.9;22.7;1.4;0.7;19.8;0.19;0.5
weight-watchers-tomato---basil-chicken-320g;Weight Watchers Tomato & Basil Chicken 320g;£2.00/unit;£6.25/kg;frozen-healthier-meals;82;5.1;10.8;3.3;1.7;0.6;1.4;0.4
weight-watchers-tomato---basil-chicken-320g;Weight Watchers Tomato & Basil Chicken 320g;£2.00/unit;£6.25/kg;frozen-ready-meals;82;5.1;10.8;3.3;1.7;0.6;1.4;0.4
weight-watchers-triangles-8x175g;Weight Watchers Cheese Spread Triangles x8 140g;£1.35/unit;£9.64/kg;cottage-cheese---healthier-choice;605;11.0;5.0;5.0;9.0;6.0;0.1;0.77;1.9
weight-watchers-triangles-8x175g;Weight Watchers Cheese Spread Triangles x8 140g;£1.35/unit;£9.64/kg;snacking-lunchbox-cheese;605;11.0;5.0;5.0;9.0;6.0;0.1;0.77;1.9
weight-watchers-triangles-8x175g;Weight Watchers Cheese Spread Triangles x8 140g;£1.35/unit;£9.64/kg;soft---spreadable;605;11.0;5.0;5.0;9.0;6.0;0.1;0.77;1.9
weight-watcherssweet---sour-chicken-320g;Weight Watchers Sweet & Sour Chicken 320g;£2.00/unit;£6.25/kg;frozen-healthier-meals;98;5.0;18.2;5.9;0.4;0.1;0.5;0.2
weight-watcherssweet---sour-chicken-320g;Weight Watchers Sweet & Sour Chicken 320g;£2.00/unit;£6.25/kg;frozen-ready-meals;98;5.0;18.2;5.9;0.4;0.1;0.5;0.2
weight-wtchers-dessert-style-yogs-4x120g;Weight Watchers Fat Free Dessert Recipe Yogurt 4x120g;£1.59/unit;£0.33/100g;diet-low-fat-yogurts;49;4.1;7.1;6.5;0.1;0.1;0.2;0.15
weight-wtchers-dessert-style-yogs-4x120g;Weight Watchers Fat Free Dessert Recipe Yogurt 4x120g;£1.59/unit;£0.33/100g;rice-dessert-style-yogurts;49;4.1;7.1;6.5;0.1;0.1;0.2;0.15
weightwatchers-dairy-spread-250g;Weight Watchers Dairy Spread 250g;£1.40/unit;£5.60/kg;spreads;479;0.1;4.1;0.1;10.9;6.9;0.5;1.0
welchs-purple-grape-juice-750ml;Welch's Purple Grape Juice 750ml;£2.30/unit;£0.31/100ml;chilled-fruit-juice;68;0.1;16.5;16.5;0.0;0.0;0.0;0.0
whiptop-whipped-cream-spray-can-200ml;Whiptop Whipped Cream Spray Can 200ml;£2.40/unit;£1.20/100ml;dessert-milk-cream;866208;0.5;17.8;13.9;15.0;14.9;-1;0.25
whitby-seafoods-hot---spicy-prawns-215g;Whitby Seafoods Hot & Spicy Prawns 215g;£2.50/unit;£11.63/kg;frozen-fish-seafood;255;9.3;28.0;2.1;8.6;0.8;2.2;1.4
whitby-seafoods-scampi-220g;Whitby Seafoods Scampi 220g;£2.50/unit;£11.36/kg;frozen-fish-seafood;203;9.0;23.2;1.1;8.8;0.7;2.0;1.49
whitworths-banana---strawberry-smoothie-munch-70g;Whitworths Banana & Strawberry Smoothie Munch 70g;£1.00/unit;£1.43/100g;dessert-fruit;430;4.9;57.2;38.7;20.3;10.5;2.4;0.1
whitworths-banana---strawberry-smoothie-munch-70g;Whitworths Banana & Strawberry Smoothie Munch 70g;£1.00/unit;£1.43/100g;snacking-fruit-nuts;430;4.9;57.2;38.7;20.3;10.5;2.4;0.1
whitworths-banana-chips-18g;Whitworths Banana Chips 18g;£0.50/unit;£2.78/100g;dessert-fruit;524;1.9;60.5;14.6;29.7;25.4;3.4;
whitworths-banana-chips-18g;Whitworths Banana Chips 18g;£0.50/unit;£2.78/100g;snacking-fruit-nuts;524;1.9;60.5;14.6;29.7;25.4;3.4;
whitworths-berry---white-chocolate-shot-25g;Whitworths Berry & White Chocolate Shot 25g;£0.50/unit;£2.00/100g;snacking-fruit-nuts;957235;2.3;39.3;37.4;7.5;4.6;0.8;0.1
whitworths-cinnamon---apple-munch-70g;Whitworths Cinnamon & Apple Munch 70g;£1.00/unit;£1.43/100g;dessert-fruit;502;10.1;42.4;34.9;31.5;7.1;4.1;0.1
whitworths-cinnamon---apple-munch-70g;Whitworths Cinnamon & Apple Munch 70g;£1.00/unit;£1.43/100g;snacking-fruit-nuts;502;10.1;42.4;34.9;31.5;7.1;4.1;0.1
whitworths-cranberries-150g-7498056-p-44;Whitworths Cranberries 150g;£2.00/unit;£1.33/100g;dessert-fruit;1401331;0.1;76.7;65.0;1.4;0.1;5.7;
whitworths-cranberries-150g-7498056-p-44;Whitworths Cranberries 150g;£2.00/unit;£1.33/100g;snacking-fruit-nuts;1401331;0.1;76.7;65.0;1.4;0.1;5.7;
whitworths-cranberries-25g;Whitworths Cranberries 25g;£0.50/unit;£2.00/100g;dessert-fruit;331;0.1;76.7;65.0;1.4;0.1;5.7;
whitworths-cranberries-25g;Whitworths Cranberries 25g;£0.50/unit;£2.00/100g;snacking-fruit-nuts;331;0.1;76.7;65.0;1.4;0.1;5.7;
whitworths-fruity-biscuit-shot-25g;Whitworths Fruity Biscuit Shot 25g;£0.50/unit;£2.00/100g;snacking-fruit-nuts;1057251;1.7;39.1;33.6;9.5;5.2;1.8;0.1
whitworths-maple---pecan-danish-munch-70g;Whitworths Maple & Pecan Danish Munch 70g;£1.00/unit;£1.43/100g;dessert-fruit;447;8.8;46.8;44.4;24.1;2.1;4.0;0.1
whitworths-maple---pecan-danish-munch-70g;Whitworths Maple & Pecan Danish Munch 70g;£1.00/unit;£1.43/100g;snacking-fruit-nuts;447;8.8;46.8;44.4;24.1;2.1;4.0;0.1
whitworths-orange---chocolate-seed-shot-25g;Whitworths Orange & Chocolate Seed Shot 25g;£0.50/unit;£2.00/100g;snacking-fruit-nuts;1136270;7.0;31.8;31.2;12.8;4.3;1.9;0.1
whitworths-pineapple-25g;Whitworths Pineapple 25g;£0.50/unit;£2.00/100g;dessert-fruit;350;0.4;86.3;85.4;0.2;0.1;0.5;0.5
whitworths-pineapple-25g;Whitworths Pineapple 25g;£0.50/unit;£2.00/100g;snacking-fruit-nuts;350;0.4;86.3;85.4;0.2;0.1;0.5;0.5
whitworths-prunes-200g;Whitworths Prunes 200g;£2.00/unit;£1.00/100g;dessert-fruit;678160;2.5;33.8;33.8;0.4;0.1;5.7;
whitworths-prunes-200g;Whitworths Prunes 200g;£2.00/unit;£1.00/100g;snacking-fruit-nuts;678160;2.5;33.8;33.8;0.4;0.1;5.7;
whitworths-raisin---chocolate-shot-25g;Whitworths Raisin & Chocolate Shot 25g;£0.50/unit;£2.00/100g;snacking-fruit-nuts;1492354;3.3;66.0;62.0;8.0;4.8;2.2;0.1
whitworths-raisins-30g;Whitworths Raisins 30g;£0.50/unit;£1.67/100g;dessert-fruit;293;2.1;69.3;69.3;0.4;0.1;2.0;0.2
whitworths-raisins-30g;Whitworths Raisins 30g;£0.50/unit;£1.67/100g;snacking-fruit-nuts;293;2.1;69.3;69.3;0.4;0.1;2.0;0.2
whitworths-raisins-325g;Whitworths Raisins 325g;£2.00/unit;£0.62/100g;dessert-fruit;1245293;2.1;69.3;69.3;0.4;0.1;2.0;0.1
whitworths-raisins-325g;Whitworths Raisins 325g;£2.00/unit;£0.62/100g;snacking-fruit-nuts;1245293;2.1;69.3;69.3;0.4;0.1;2.0;0.1
whitworths-red-berry-yoghurt-flakes-munch-70g;Whitworths Red Berry Yoghurt Flakes Munch 70g;£1.00/unit;£1.43/100g;dessert-fruit;429;5.1;60.1;49.0;18.0;7.5;3.0;0.1
whitworths-red-berry-yoghurt-flakes-munch-70g;Whitworths Red Berry Yoghurt Flakes Munch 70g;£1.00/unit;£1.43/100g;snacking-fruit-nuts;429;5.1;60.1;49.0;18.0;7.5;3.0;0.1
whitworths-sweetened-apple-snack-pack-25g;Whitworths Sweetened Apples  25g;£0.50/unit;£2.00/100g;dessert-fruit;318;0.2;78.9;68.7;0.1;0.1;0.4;0.6
whitworths-sweetened-apple-snack-pack-25g;Whitworths Sweetened Apples  25g;£0.50/unit;£2.00/100g;snacking-fruit-nuts;318;0.2;78.9;68.7;0.1;0.1;0.4;0.6
whitworths-toffee-pecan-shot-25g;Whitworths Toffee Pecan Shot 25g;£0.50/unit;£2.00/100g;snacking-fruit-nuts;1348323;3.7;36.4;26.9;17.4;3.0;2.5;0.3
whitworths-white-cubes-sugar-500g;Whitworths White Sugar Cubes 500g;£1.00/unit;£2.00/kg;tea-coffee-sugar;400;0.0;99.9;99.9;0.0;0.0;-1;0.0
wholebake-9bar-original-4x40g;9 Bar Original Bars 4x40g;£2.00/unit;£1.25/100g;breakfast-cereal-bars-breakfast-biscuits;5552310;18.3;29.2;26.2;40.6;10.1;-1;-1
wiggles-the-caterpillar-cake-717g;Wiggles The Caterpillar Cake 717g;£5.00/unit;£6.88/kg;celebration-cakes;425;5.2;57.3;43.5;19.0;11.9;1.9;0.45
willow-vegetable-fat-spread-250g;Willow Vegetable Fat Spread 250g;£1.00/unit;£4.00/kg;butter;2906707;0.5;0.7;0.7;78;38.2;0;0.7
willow-vegetable-fat-spread-250g;Willow Vegetable Fat Spread 250g;£1.00/unit;£4.00/kg;spreads;2906707;0.5;0.7;0.7;78;38.2;0;0.7
woodlands-park-sheeps-milk-yogurt-450g;Woodlands Park Sheep's Milk Yogurt 450g;£2.00/unit;£0.44/100g;big-pots-pouring-yogurts;92;5.2;4.8;4.8;5.8;3.8;0;0.1
woodlands-park-sheeps-milk-yogurt-450g;Woodlands Park Sheep's Milk Yogurt 450g;£2.00/unit;£0.44/100g;soya-dairy-alternatives-yogurts;92;5.2;4.8;4.8;5.8;3.8;0;0.1
wyke-farms-just-delicious-extra-mature-cheddar-320g;Wyke Farms Just Delicious Extra Mature Cheddar 320g;£3.50/unit;£10.94/kg;cheddar-british-regional-cheese;1700410;25.0;0.1;0.1;34.4;21.7;0;0.7
wyke-farms-rich---creamy-cheddar-320g;Wyke Farms Rich & Creamy Cheddar 320g;£3.50/unit;£10.94/kg;cheddar-british-regional-cheese;1700410;25.0;0.1;0.1;34.4;21.7;0;0.7
wyke-farms-simply-gorgeous-vintage-cheddar-320g;Wyke Farms Simply Gorgeous Vintage Cheddar 320g;£3.50/unit;£10.94/kg;cheddar-british-regional-cheese;1700410;25.0;0.1;0.1;34.4;21.7;0;0.7
wyke-farms-somerset-old-smokey-extra-mature-cheddar-200g;Wyke Farms Somerset Old Smokey Extra Mature Cheddar 200g;£2.00/unit;£10.00/kg;cheddar-british-regional-cheese;Per 100g nutrition not found
yakult-7x65ml;Yakult Yogurt Drink 7x65ml;£2.75/unit;£0.60/100ml;active-health-yogurts-drinks;Per 100g nutrition not found
yakult-light-7x65ml;Yakult Light Yogurt Drink 7x65ml;£2.75/unit;£0.60/100ml;active-health-yogurts-drinks;Per 100g nutrition not found
yarden-aubergines-in-mayonnaise;Yarden Aubergines In Mayonnaise;£1.90/unit;£0.76/100g;deli-meat-alternatives;757181;1.0;6.0;3.0;17.0;2.0;-1;1.37
yarden-aubergines-in-mayonnaise;Yarden Aubergines In Mayonnaise;£1.90/unit;£0.76/100g;fresh-dips-houmous;757181;1.0;6.0;3.0;17.0;2.0;-1;1.37
yarden-aubergines-in-mayonnaise;Yarden Aubergines In Mayonnaise;£1.90/unit;£0.76/100g;kosher-chilled-foods;757181;1.0;6.0;3.0;17.0;2.0;-1;1.37
yarden-chicken-nuggets-700g;Yarden Chicken Nuggets 700g;£6.00/unit;£0.86/100g;frozen-chicken;Per 100g nutrition not found
yarden-chicken-nuggets-700g;Yarden Chicken Nuggets 700g;£6.00/unit;£0.86/100g;frozen-world-foods;Per 100g nutrition not found
yarden-chicken-sausages-400g;Yarden Chicken Sausages 400g;£3.25/unit;£0.81/100g;chicken;252;10;8;-1;20;6;-1;1.5
yarden-chicken-sausages-400g;Yarden Chicken Sausages 400g;£3.25/unit;£0.81/100g;kosher-chilled-foods;252;10;8;-1;20;6;-1;1.5
yarden-chicken-sausages-400g;Yarden Chicken Sausages 400g;£3.25/unit;£0.81/100g;sausages;252;10;8;-1;20;6;-1;1.5
yarden-chicken-schnitzel-700g;Yarden Chicken Schnitzel 700g;£8.00/unit;£11.43/kg;frozen-chicken;Per 100g nutrition not found
yarden-chicken-schnitzel-700g;Yarden Chicken Schnitzel 700g;£8.00/unit;£11.43/kg;frozen-world-foods;Per 100g nutrition not found
yarden-greek-aubergine-250g;Yarden Greek Aubergine 250g;£1.90/unit;£0.76/100g;deli-meat-alternatives;803192;2.0;9.2;3.9;16.3;1.0;-1;1.37
yarden-greek-aubergine-250g;Yarden Greek Aubergine 250g;£1.90/unit;£0.76/100g;fresh-dips-houmous;803192;2.0;9.2;3.9;16.3;1.0;-1;1.37
yarden-greek-aubergine-250g;Yarden Greek Aubergine 250g;£1.90/unit;£0.76/100g;kosher-chilled-foods;803192;2.0;9.2;3.9;16.3;1.0;-1;1.37
yarden-grilled-aubergines-250g;Yarden Grilled Aubergines 250g;£1.90/unit;£0.76/100g;deli-meat-alternatives;568136;1.0;5.0;1.1;12.5;0.8;-1;1.3
yarden-grilled-aubergines-250g;Yarden Grilled Aubergines 250g;£1.90/unit;£0.76/100g;fresh-dips-houmous;568136;1.0;5.0;1.1;12.5;0.8;-1;1.3
yarden-grilled-aubergines-250g;Yarden Grilled Aubergines 250g;£1.90/unit;£0.76/100g;kosher-chilled-foods;568136;1.0;5.0;1.1;12.5;0.8;-1;1.3
yarden-homestyle-latka-500g;Yarden Homestyle Latka 500g;£2.75/unit;£5.50/kg;frozen-world-foods;Per 100g nutrition not found
yarden-houmous--reduced-calorie-250g;Yarden Houmous, Reduced Calorie 250g;£2.00/unit;£0.80/100g;deli-meat-alternatives;Per 100g nutrition not found
yarden-houmous--reduced-calorie-250g;Yarden Houmous, Reduced Calorie 250g;£2.00/unit;£0.80/100g;fresh-dips-houmous;Per 100g nutrition not found
yarden-houmous--reduced-calorie-250g;Yarden Houmous, Reduced Calorie 250g;£2.00/unit;£0.80/100g;kosher-chilled-foods;Per 100g nutrition not found
yarden-houmous-250g;Yarden Houmous 250g;£2.00/unit;£0.80/100g;deli-meat-alternatives;1400335;6.5;12.0;0.3;29.0;3.0;-1;1.25
yarden-houmous-250g;Yarden Houmous 250g;£2.00/unit;£0.80/100g;fresh-dips-houmous;1400335;6.5;12.0;0.3;29.0;3.0;-1;1.25
yarden-houmous-250g;Yarden Houmous 250g;£2.00/unit;£0.80/100g;kosher-chilled-foods;1400335;6.5;12.0;0.3;29.0;3.0;-1;1.25
yarden-houmous-extra-250g;Yarden Houmous Extra 250g;£2.00/unit;£0.80/100g;deli-meat-alternatives;1426341;6.5;6.1;0.4;31.0;2.4;-1;1.12
yarden-houmous-extra-250g;Yarden Houmous Extra 250g;£2.00/unit;£0.80/100g;fresh-dips-houmous;1426341;6.5;6.1;0.4;31.0;2.4;-1;1.12
yarden-houmous-extra-250g;Yarden Houmous Extra 250g;£2.00/unit;£0.80/100g;kosher-chilled-foods;1426341;6.5;6.1;0.4;31.0;2.4;-1;1.12
yarden-mini-homestyle-latka-500g;Yarden Mini Homestyle Latka 500g;£2.75/unit;£5.50/kg;frozen-world-foods;Per 100g nutrition not found
yarden-mini-turkey-kabanos-250g;Yarden Mini Turkey Kabanos 250g;£3.75/unit;£1.50/100g;continental-meats;Per 100g nutrition not found
yarden-mini-turkey-kabanos-250g;Yarden Mini Turkey Kabanos 250g;£3.75/unit;£1.50/100g;cooked-chicken-turkey;Per 100g nutrition not found
yarden-mini-turkey-kabanos-250g;Yarden Mini Turkey Kabanos 250g;£3.75/unit;£1.50/100g;kosher-chilled-foods;Per 100g nutrition not found
yarden-mini-turkey-kabanos-250g;Yarden Mini Turkey Kabanos 250g;£3.75/unit;£1.50/100g;snacking-cooked-sausage;Per 100g nutrition not found
yarden-red-cabbage-in-mayonnaise-250g;Yarden Red Cabbage in Mayonnaise 250g;£1.90/unit;£0.76/100g;coleslaw--olives--salads---dips-30658-44;894214;1.5;11.5;8.4;18.0;2.7;-1;1.25
yarden-red-cabbage-in-mayonnaise-250g;Yarden Red Cabbage in Mayonnaise 250g;£1.90/unit;£0.76/100g;coleslaw-salads;894214;1.5;11.5;8.4;18.0;2.7;-1;1.25
yarden-red-cabbage-in-mayonnaise-250g;Yarden Red Cabbage in Mayonnaise 250g;£1.90/unit;£0.76/100g;kosher-chilled-foods;894214;1.5;11.5;8.4;18.0;2.7;-1;1.25
yarden-smoked-chicken-breast-142g;Yarden Smoked Chicken Breast 142g;£2.60/unit;£1.83/100g;cooked-chicken-turkey;-1;20;1.5;0;1.5;0.5;-1;0.9
yarden-smoked-chicken-breast-142g;Yarden Smoked Chicken Breast 142g;£2.60/unit;£1.83/100g;kosher-chilled-foods;-1;20;1.5;0;1.5;0.5;-1;0.9
yarden-smoked-turkey-kabanos-210g;Yarden Smoked Turkey Kabanos 210g;£2.85/unit;£1.36/100g;continental-meats;389;17;6;1;33;11;-1;2.5
yarden-smoked-turkey-kabanos-210g;Yarden Smoked Turkey Kabanos 210g;£2.85/unit;£1.36/100g;cooked-chicken-turkey;389;17;6;1;33;11;-1;2.5
yarden-smoked-turkey-kabanos-210g;Yarden Smoked Turkey Kabanos 210g;£2.85/unit;£1.36/100g;kosher-chilled-foods;389;17;6;1;33;11;-1;2.5
yarden-smoked-turkey-kabanos-210g;Yarden Smoked Turkey Kabanos 210g;£2.85/unit;£1.36/100g;snacking-cooked-sausage;389;17;6;1;33;11;-1;2.5
yarden-tachina-250g;Yarden Tachina 250g;£2.00/unit;£0.80/100g;deli-meat-alternatives;1220292;8.5;10.5;0.5;24;3.5;-1;1.17
yarden-tachina-250g;Yarden Tachina 250g;£2.00/unit;£0.80/100g;fresh-dips-houmous;1220292;8.5;10.5;0.5;24;3.5;-1;1.17
yarden-tachina-250g;Yarden Tachina 250g;£2.00/unit;£0.80/100g;kosher-chilled-foods;1220292;8.5;10.5;0.5;24;3.5;-1;1.17
yarden-turkey-breast--smoked-142g;Yarden Turkey Breast, Smoked 142g;£2.60/unit;£1.83/100g;cooked-chicken-turkey;-1;16;4;0;2;0.7;-1;0.98
yarden-turkey-breast--smoked-142g;Yarden Turkey Breast, Smoked 142g;£2.60/unit;£1.83/100g;kosher-chilled-foods;-1;16;4;0;2;0.7;-1;0.98
yarden-turkey-pastrami--smoked-142g;Yarden Turkey Pastrami, Smoked 142g;£2.75/unit;£1.94/100g;continental-meats;-1;15;3;0;4;1.2;-1;0.98
yarden-turkey-pastrami--smoked-142g;Yarden Turkey Pastrami, Smoked 142g;£2.75/unit;£1.94/100g;cooked-chicken-turkey;-1;15;3;0;4;1.2;-1;0.98
yarden-turkey-pastrami--smoked-142g;Yarden Turkey Pastrami, Smoked 142g;£2.75/unit;£1.94/100g;kosher-chilled-foods;-1;15;3;0;4;1.2;-1;0.98
yarden-turkey-schnitzel-700g;Yarden Turkey Schnitzel 700g;£8.00/unit;£1.14/100g;frozen-world-foods;Per 100g nutrition not found
yarden-turkey-schnitzel-700g;Yarden Turkey Schnitzel 700g;£8.00/unit;£1.14/100g;turkey-duck-game;Per 100g nutrition not found
yarden-vienna-sausage-250g;Yarden Vienna Sausage 250g;£2.20/unit;£0.88/100g;continental-meats;1046252;10;8;0;20;6;-1;1.5
yarden-vienna-sausage-250g;Yarden Vienna Sausage 250g;£2.20/unit;£0.88/100g;kosher-chilled-foods;1046252;10;8;0;20;6;-1;1.5
yarden-vienna-sausage-250g;Yarden Vienna Sausage 250g;£2.20/unit;£0.88/100g;snacking-cooked-sausage;1046252;10;8;0;20;6;-1;1.5
yarden-wafer-thin-smoked-chicken-breast-142g;Yarden Wafer Thin Smoked Chicken Breast 142g;£3.20/unit;£2.25/100g;cooked-chicken-turkey;-1;16;4.5;0;1.5;0.5;-1;0.85
yarden-wafer-thin-smoked-chicken-breast-142g;Yarden Wafer Thin Smoked Chicken Breast 142g;£3.20/unit;£2.25/100g;kosher-chilled-foods;-1;16;4.5;0;1.5;0.5;-1;0.85
yarden-wafer-thin-turkey-roll-142g;Yarden Wafer Thin Turkey Roll 142g;£2.95/unit;£2.08/100g;cooked-chicken-turkey;-1;10;10;0;9;3;0;0.98
yarden-wafer-thin-turkey-roll-142g;Yarden Wafer Thin Turkey Roll 142g;£2.95/unit;£2.08/100g;kosher-chilled-foods;-1;10;10;0;9;3;0;0.98
yarden-wafer-thin-turkey-salami-142g;Yarden Wafer Thin Turkey Salami 142g;£2.95/unit;£2.08/100g;continental-meats;-1;12;7;0;18;6;-1;0.9
yarden-wafer-thin-turkey-salami-142g;Yarden Wafer Thin Turkey Salami 142g;£2.95/unit;£2.08/100g;cooked-chicken-turkey;-1;12;7;0;18;6;-1;0.9
yarden-wafer-thin-turkey-salami-142g;Yarden Wafer Thin Turkey Salami 142g;£2.95/unit;£2.08/100g;kosher-chilled-foods;-1;12;7;0;18;6;-1;0.9
yazoo-sterilised-flavoured-milk-drink--banana-1l;Yazoo Sterilised Flavoured Milk Drink, Banana 1L;£1.35/unit;£1.35/ltr;flavoured-milk;26060;3.0;9.6;9.6;1.2;0.9;-1;0.1
yazoo-sterilised-flavoured-milk-drink--chocolate-1l;Yazoo Sterilised Flavoured Milk Drink, Chocolate 1L;£1.35/unit;£1.35/ltr;flavoured-milk;28065;3.2;9.9;9.4;1.5;1.1;-1;0.1
yazoo-sterilised-flavoured-milk-drink--chocolate-x4-200ml;Yazoo Sterilised Flavoured Milk Drink, Chocolate x4 200ml;£1.60/unit;£2.00/ltr;flavoured-milk;28065;3.2;10.0;9.4;1.5;1.1;-1;0.1
yazoo-sterilised-flavoured-milk-drink--strawberry-1l;Yazoo Sterilised Flavoured Milk Drink, Strawberry 1L;£1.35/unit;£1.35/ltr;flavoured-milk;26060;3.0;9.6;9.6;1.2;0.9;-1;0.1
yazoo-sterilised-flavoured-milk-drink--strawberry-4x200ml;Yazoo Sterilised Flavoured Milk Drink, Strawberry 4x200ml;£1.60/unit;£2.00/ltr;flavoured-milk;26060;3.0;9.5;9.5;1.2;0.9;-1;0.1
yeo-valley-fat-free-creme-fraiche-200g;Yeo Valley Organic Fat Free Creme Fraiche 200g;£0.95/unit;£0.48/100g;fresh-cream-custard;25961;7.6;7.0;7.0;0;0;-1;0.15
yeo-valley-greek-style-yogurt-with-honey-450g;Yeo Valley Organic Greek Style with Honey Yogurt 450g;£1.80/unit;£0.40/100g;big-pots-pouring-yogurts;623149;3.8;14.8;14.3;8.3;5.2;-1;0.14;
yeo-valley-greek-style-yogurt-with-honey-450g;Yeo Valley Organic Greek Style with Honey Yogurt 450g;£1.80/unit;£0.40/100g;natural-greek-yogurts;623149;3.8;14.8;14.3;8.3;5.2;-1;0.14;
yeo-valley-little-yeos-mellow-yellow-6x45g;Yeo Valley Organic Little Yeos, Mellow Yellow 6x45g;£1.80/unit;£0.67/100g;kids-yogurts;40095;6.3;11.5;11.0;2.6;1.5;-1;0.12;
yeo-valley-little-yeos-merry-berries-6x45g;Yeo Valley Organic Little Yeos, Merry Berries 6x45g;£1.80/unit;£0.67/100g;kids-yogurts;40096;6.3;11.4;10.9;2.7;1.5;-1;0.12;
yeo-valley-little-yeos-strawberry---mango-6x45g;Yeo Valley Organic Little Yeos, Strawberry & Mango 6x45g;£1.80/unit;£0.67/100g;kids-yogurts;38892;6.2;10.9;9.5;2.6;1.4;-1;0.12;
yeo-valley-little-yeos-strawberry---pear-6x45g;Yeo Valley Organic Little Yeos, Strawberry & Pear 6x45g;£1.80/unit;£0.67/100g;kids-yogurts;38491;6.2;10.7;9.2;2.6;1.4;-1;0.12;
yeo-valley-little-yeos-tubes-9x40g;Yeo Valley Organic Little Yeos Tubes 9x40g;£1.75/unit;£0.49/100g;kids-yogurts;420100;6.2;12.6;12.2;2.7;1.6;-1;0.20;
yeo-valley-natural-yogurt-1kg;Yeo Valley Organic Natural Yogurt 1kg;£2.50/unit;£0.25/100g;big-pots-pouring-yogurts;34482;4.6;6.5;6.5;4.2;2.7;-1;0.18
yeo-valley-natural-yogurt-1kg;Yeo Valley Organic Natural Yogurt 1kg;£2.50/unit;£0.25/100g;natural-greek-yogurts;34482;4.6;6.5;6.5;4.2;2.7;-1;0.18
yeo-valley-organic-british-butter-250g;Yeo Valley Organic Farm Butter 250g;£1.90/unit;£7.60/kg;butter;3017734;0.6;0.6;0.6;81.0;52.1;-1;1.5
yeo-valley-organic-creme-fraiche-200g;Yeo Valley Organic Half Fat Creme Fraiche 200g;£0.95/unit;£0.48/100g;fresh-cream-custard;694168;3.4;4.8;4.8;15.0;9.3;-1;0.13;
yeo-valley-organic-fat-free-natural-yogurt-150g;Yeo Valley Organic 0% Fat Natural Yogurt 150g;£0.50/unit;£0.33/100g;diet-low-fat-yogurts;24959;5.9;8.5;8.5;0;0;-1;0.23
yeo-valley-organic-fat-free-natural-yogurt-150g;Yeo Valley Organic 0% Fat Natural Yogurt 150g;£0.50/unit;£0.33/100g;natural-greek-yogurts;24959;5.9;8.5;8.5;0;0;-1;0.23
yeo-valley-organic-fat-free-natural-yogurt-1kg;Yeo Valley Organic 0% Fat Natural Yogurt 1kg;£2.50/unit;£0.25/100g;big-pots-pouring-yogurts;24959;5.9;8.5;8.5;0;0;-1;0.23
yeo-valley-organic-fat-free-natural-yogurt-1kg;Yeo Valley Organic 0% Fat Natural Yogurt 1kg;£2.50/unit;£0.25/100g;diet-low-fat-yogurts;24959;5.9;8.5;8.5;0;0;-1;0.23
yeo-valley-organic-fat-free-natural-yogurt-1kg;Yeo Valley Organic 0% Fat Natural Yogurt 1kg;£2.50/unit;£0.25/100g;natural-greek-yogurts;24959;5.9;8.5;8.5;0;0;-1;0.23
yeo-valley-organic-fruity-favourites-yogurts-4x120g;Yeo Valley Organic Yogurt Fruity Favourites 4x120g;£1.75/unit;£0.36/100g;corners-everyday-yogurts;448107;4.8;13.2;12.9;3.8;2.4;-1;0.18
yeo-valley-organic-greek-style-yogurt---honey-4x100g;Yeo Valley Organic Yogurt Greek Style With Honey 4x100g;£1.75/unit;£0.44/100g;corners-everyday-yogurts;623149;3.3;14.8;14.3;8.3;5.2;-1;0.14;
yeo-valley-organic-greek-style-yogurt---honey-4x100g;Yeo Valley Organic Yogurt Greek Style With Honey 4x100g;£1.75/unit;£0.44/100g;natural-greek-yogurts;623149;3.3;14.8;14.3;8.3;5.2;-1;0.14;
yeo-valley-organic-kids-little-yeos-yogurt-4x90g;Yeo Valley Organic Little Yeos, Fruity Favourites 4x90g;£1.75/unit;£0.49/100g;kids-yogurts;451108;5.4;11.5;10.8;4.5;2.9;-1;0.17;
yeo-valley-organic-natural-fat-free-yogurt-500g;Yeo Valley Organic 0% Fat Natural Yogurt 500g;£1.50/unit;£0.30/100g;big-pots-pouring-yogurts;24959;5.9;8.5;8.5;0;0;-1;0.23
yeo-valley-organic-natural-fat-free-yogurt-500g;Yeo Valley Organic 0% Fat Natural Yogurt 500g;£1.50/unit;£0.30/100g;diet-low-fat-yogurts;24959;5.9;8.5;8.5;0;0;-1;0.23
yeo-valley-organic-natural-fat-free-yogurt-500g;Yeo Valley Organic 0% Fat Natural Yogurt 500g;£1.50/unit;£0.30/100g;natural-greek-yogurts;24959;5.9;8.5;8.5;0;0;-1;0.23
yeo-valley-organic-natural-greek-style-yogurt-450g;Yeo Valley Organic Greek Style Natural Yogurt 450g;£1.80/unit;£0.40/100g;big-pots-pouring-yogurts;537129;4.5;6.4;6.4;9.5;5.9;-1;0.18
yeo-valley-organic-natural-greek-style-yogurt-450g;Yeo Valley Organic Greek Style Natural Yogurt 450g;£1.80/unit;£0.40/100g;natural-greek-yogurts;537129;4.5;6.4;6.4;9.5;5.9;-1;0.18
yeo-valley-organic-natural-yogurt-150g;Yeo Valley Organic Natural Yogurt 150g;£0.50/unit;£0.33/100g;natural-greek-yogurts;34482;4.6;6.5;6.5;4.2;2.7;-1;0.18
yeo-valley-organic-natural-yogurt-500g;Yeo Valley Organic Natural Yogurt 500g;£1.50/unit;£0.30/100g;big-pots-pouring-yogurts;34482;4.6;6.5;6.5;4.2;2.7;-1;0.18
yeo-valley-organic-natural-yogurt-500g;Yeo Valley Organic Natural Yogurt 500g;£1.50/unit;£0.30/100g;natural-greek-yogurts;34482;4.6;6.5;6.5;4.2;2.7;-1;0.18
yeo-valley-organic-semi-skimmed-milk-1l;Yeo Valley Organic Semi Skimmed Milk 1L;£1.10/unit;£1.10/ltr;drinks-fresh-milk;20147;3.6;4.8;4.8;1.8;1.1;-1;0.10
yeo-valley-organic-semi-skimmed-milk-1l;Yeo Valley Organic Semi Skimmed Milk 1L;£1.10/unit;£1.10/ltr;fresh-milk;20147;3.6;4.8;4.8;1.8;1.1;-1;0.10
yeo-valley-organic-semi-skimmed-milk-1l;Yeo Valley Organic Semi Skimmed Milk 1L;£1.10/unit;£1.10/ltr;organic-milk;20147;3.6;4.8;4.8;1.8;1.1;-1;0.10
yeo-valley-organic-semi-skimmed-milk-2l;Yeo Valley Organic Semi Skimmed Milk 2L;£1.90/unit;£0.95/ltr;drinks-fresh-milk;20147;3.6;4.8;4.8;1.8;1.1;-1;0.10
yeo-valley-organic-semi-skimmed-milk-2l;Yeo Valley Organic Semi Skimmed Milk 2L;£1.90/unit;£0.95/ltr;fresh-milk;20147;3.6;4.8;4.8;1.8;1.1;-1;0.10
yeo-valley-organic-semi-skimmed-milk-2l;Yeo Valley Organic Semi Skimmed Milk 2L;£1.90/unit;£0.95/ltr;organic-milk;20147;3.6;4.8;4.8;1.8;1.1;-1;0.10
yeo-valley-organic-soured-cream-227g;Yeo Valley Organic Soured Cream 227g;£0.95/unit;£0.42/100g;fresh-cream-custard;785190;2.5;3.6;3.6;18.5;11.4;-1;0.08;
yeo-valley-organic-spreadable-500g;Yeo Valley Organic Farm Buttery & Spreadable 500g;£3.00/unit;£6.00/kg;butter;3022735;0.4;0.4;0.4;81.3;36.3;-1;1.3
yeo-valley-organic-strawberry-yogurts-4x120g;Yeo Valley Organic Yogurt Strawberry 4x120g;£1.75/unit;£0.36/100g;corners-everyday-yogurts;446106;4.7;13.2;12.9;3.8;2.4;-1;0.18
yeo-valley-organic-whole-milk-1l;Yeo Valley Organic Whole Milk 1L;£1.10/unit;£1.10/ltr;drinks-fresh-milk;28268;3.4;4.7;4.7;4.0;2.6;-1;0.10
yeo-valley-organic-whole-milk-1l;Yeo Valley Organic Whole Milk 1L;£1.10/unit;£1.10/ltr;fresh-milk;28268;3.4;4.7;4.7;4.0;2.6;-1;0.10
yeo-valley-organic-whole-milk-1l;Yeo Valley Organic Whole Milk 1L;£1.10/unit;£1.10/ltr;organic-milk;28268;3.4;4.7;4.7;4.0;2.6;-1;0.10
yeo-valley-organic-whole-milk-2l;Yeo Valley Organic Whole Milk 2L;£1.90/unit;£0.95/ltr;drinks-fresh-milk;28268;3.4;4.7;4.7;4.0;2.6;-1;0.10
yeo-valley-organic-whole-milk-2l;Yeo Valley Organic Whole Milk 2L;£1.90/unit;£0.95/ltr;fresh-milk;28268;3.4;4.7;4.7;4.0;2.6;-1;0.10
yeo-valley-organic-whole-milk-2l;Yeo Valley Organic Whole Milk 2L;£1.90/unit;£0.95/ltr;organic-milk;28268;3.4;4.7;4.7;4.0;2.6;-1;0.10
yeo-valley-organic-yogurt-apricot-450g;Yeo Valley Organic Apricot Yogurt 450g;£1.60/unit;£0.36/100g;big-pots-pouring-yogurts;449107;4.8;13.3;12.9;3.8;2.4;-1;0.18
yeo-valley-organic-yogurt-blueberry-450g;Yeo Valley Organic Blueberry Yogurt 450g;£1.60/unit;£0.36/100g;big-pots-pouring-yogurts;458109;4.8;13.8;13.5;3.8;2.4;-1;0.18
yeo-valley-organic-yogurt-fat-free-vanilla-450g;Yeo Valley Organic 0% Fat Vanilla Yogurt 450g;£1.60/unit;£0.36/100g;big-pots-pouring-yogurts;36887;5.9;15.5;15.5;0;0;-1;0.23
yeo-valley-organic-yogurt-fat-free-vanilla-450g;Yeo Valley Organic 0% Fat Vanilla Yogurt 450g;£1.60/unit;£0.36/100g;diet-low-fat-yogurts;36887;5.9;15.5;15.5;0;0;-1;0.23
yeo-valley-organic-yogurt-limited-edition-450g;Yeo Valley Organic Limited Edition Yogurt 450g;£1.60/unit;£0.36/100g;big-pots-pouring-yogurts;442105;4.6;13.1;12.8;3.8;2.4;-1;0.17
yeo-valley-organic-yogurt-limited-edition-450g;Yeo Valley Organic Limited Edition Yogurt 450g;£1.60/unit;£0.36/100g;diet-low-fat-yogurts;442105;4.6;13.1;12.8;3.8;2.4;-1;0.17
yeo-valley-organic-yogurt-strawberry-450g;Yeo Valley Organic Strawberry Yogurt 450g;£1.60/unit;£0.36/100g;big-pots-pouring-yogurts;446106;4.7;13.2;12.9;3.8;2.4;-1;0.18
yeo-valley-raspberry-yogurt-450g;Yeo Valley Organic Raspberry Yogurt 450g;£1.60/unit;£0.36/100g;big-pots-pouring-yogurts;446106;4.7;13.1;12.8;3.8;2.4;-1;0.18
yeo-valley-yogurt-lemon-curd-4x120g;Yeo Valley Organic Yogurt Lemon Curd 4x120g;£1.75/unit;£0.36/100g;corners-everyday-yogurts;536127;4.7;17.2;16.9;4.4;2.8;-1;0.18
yeo-valley-yogurt-tropical-fruit-4x120g;Yeo Valley Organic Yogurt Tropical Fruit 4x120g;£1.75/unit;£0.36/100g;corners-everyday-yogurts;459109;4.5;14.6;14.2;3.6;2.3;-1;0.18
yeo-valley-yogurt-tropical-fruit-4x120g;Yeo Valley Organic Yogurt Tropical Fruit 4x120g;£1.75/unit;£0.36/100g;luxury-yogurts;459109;4.5;14.6;14.2;3.6;2.3;-1;0.18
yoomoo-frozen-yogurt-strawberry-500ml;Yoomoo Frozen Yogurt Strawberry 500ml;£3.00/unit;£0.60/100ml;frozen-yogurt-sorbet;143;2.7;28.4;23.3;1.3;0.7;3.5;0.1
yoomoo-frozen-yogurt-vanilla-500ml;Yoomoo Frozen Yogurt Vanilla 500ml;£3.00/unit;£0.60/100ml;frozen-yogurt-sorbet;124;2.6;23.7;18.6;1.2;0.7;4.0;0.1
yop-raspberry-500g;Yop Raspberry Yogurt Drink 500g;£1.00/unit;£0.20/100g;drinks-fresh-milk;30372;2.8;11.2;10.9;1.3;0.9;0.1;0.12
yop-raspberry-500g;Yop Raspberry Yogurt Drink 500g;£1.00/unit;£0.20/100g;flavoured-milk-92153-44;30372;2.8;11.2;10.9;1.3;0.9;0.1;0.12
yop-raspberry-500g;Yop Raspberry Yogurt Drink 500g;£1.00/unit;£0.20/100g;flavoured-milk;30372;2.8;11.2;10.9;1.3;0.9;0.1;0.12
yop-strawberry-500g;Yop Strawberry Yogurt Drink 500g;£1.00/unit;£0.20/100g;drinks-fresh-milk;30572;2.8;11.3;11.0;1.3;0.9;0.1;0.12
yop-strawberry-500g;Yop Strawberry Yogurt Drink 500g;£1.00/unit;£0.20/100g;flavoured-milk-92153-44;30572;2.8;11.3;11.0;1.3;0.9;0.1;0.12
yop-strawberry-500g;Yop Strawberry Yogurt Drink 500g;£1.00/unit;£0.20/100g;flavoured-milk;30572;2.8;11.3;11.0;1.3;0.9;0.1;0.12
yoplait-perle-de-lait-coconut-4x125g;Yoplait Perle de Lait Coconut Yogurt 4x125g;£1.00/unit;£0.20/100g;luxury-yogurts;144;2.9;10.1;9.1;9.8;6.7;0.1;0.11
yoplait-perle-de-lait-greek-style-mango-4x125g;Yoplait Perle De Lait Greek Style Mango 4x125g;£1.00/unit;£0.20/100g;luxury-yogurts;126;2.3;12.6;11.2;7.0;4.7;0.2;0.10
yoplait-perle-de-lait-greek-style-strawberry-4x125g;Yoplait Perle De Lait Greek Style Strawberry 4x125g;£1.00/unit;£0.20/100g;luxury-yogurts;125;2.3;12.3;11.0;7.0;4.7;0.3;0.12
yoplait-perle-de-lait-lemon-4x125g;Yoplait Perle de Lait Lemon Yogurt 4x125g;£1.00/unit;£0.20/100g;luxury-yogurts;142;2.8;12.4;11.4;8.6;5.8;0.1;0.14
yoplait-petit-filous-strawberry-frubes-9x40g;Petits Filous Frubes Strawberry 9x40g;£2.00/unit;£0.56/100g;kids-yogurts;431102;4.9;13.4;12.8;2.8;1.9;0.1;0.13
yoplait-thomas---friends-fromage-frais-6x45g;Yoplait Thomas & Friends Fromage Frais 6x45g;£1.00/unit;£0.37/100g;kids-yogurts;40496;5.3;12.3;12.0;2.4;1.6;0.1;0.05
yoplait-wildlife-choobs-dessert-6x40g;Yoplait Wildlife Choobs Dessert 6x40g;£1.00/unit;£0.42/100g;kids-yogurts;431102;4.9;13.4;12.9;2.8;1.9;0.1;0.13
yoplait-wildlife-choobs-strawberry-6x40g;Yoplait Wildlife Choobs Strawberry 6x40g;£1.00/unit;£0.42/100g;kids-yogurts;431102;4.9;13.4;12.8;2.8;1.9;0.1;0.13
yoplait-wildlife-fromage-frais-18x45g;Yoplait Wildlife Fromage Frais 18x45g;£2.00/unit;£0.25/100g;kids-yogurts;40195;5.3;12.4;12.0;2.3;1.6;0.1;0.13
yorkshire-wensleydale-200g;Yorkshire Wensleydale 200g;£2.00/unit;£10.00/kg;cheddar-british-regional-cheese;1580381;23.7;0.1;0.1;31.8;21.1;-1;1.3
youngs-admirals-pie-340g;Young's Admirals Pie 340g;£1.30/unit;£3.82/kg;frozen-ready-meals;Per 100g nutrition not found
youngs-battered-calamari-250g;Young's Battered Calamari 250g;£3.00/unit;£12.00/kg;frozen-fish-seafood;Per 100g nutrition not found
youngs-boneless-pink-salmon-fillets-x4-360g;Young's Boneless Pink Salmon Fillets x4 360g;£4.00/unit;£11.11/kg;frozen-fish-seafood;106;18.5;0;0;3.8;0.7;0;0.05;0.1
youngs-boneless-scottish-smoked-haddock-fillets-x4-400g;Young's Boneless Scottish Smoked Haddock Fillets x4 400g;£5.00/unit;£12.50/kg;frozen-fish-seafood;99;23.6;0;0;1.2;0.3;0;0.6;1.5
youngs-breaded-cod-fillets-x4-480g;Young's Breaded Cod Fillets x4 480g;£4.00/unit;£8.33/kg;frozen-fish-seafood;Per 100g nutrition not found
youngs-breaded-fish-fillets-x4-400g;Young's Breaded Fish Fillets x4 400g;£3.00/unit;£7.50/kg;frozen-fish-seafood;194;10.1;19.3;2.9;8.3;1.5;1.2;0.33;0.8
youngs-chip-shop-extra-large-fish-fillets-320g;Young's Chip Shop Extra Large Fish Fillets 320g;£2.00/unit;£6.25/kg;frozen-fish-seafood;Per 100g nutrition not found
youngs-chip-shop-fish-fillets-x4-400g;Young's Chip Shop Fish Fillets x4 400g;£3.00/unit;£7.50/kg;frozen-fish-seafood;Per 100g nutrition not found
youngs-chip-shop-large-cod-fillets-480g;Young's Chip Shop Large Cod Fillets 480g;£4.00/unit;£8.33/kg;frozen-fish-seafood;Per 100g nutrition not found
youngs-chip-shop-large-haddock-fillets-480g;Young's Chip Shop Large Haddock Fillets 480g;£4.00/unit;£8.33/kg;frozen-fish-seafood;Per 100g nutrition not found
youngs-chip-shop-xl-cod-fillets-x2-320g;Young's Chip Shop Xl Cod Fillets x2 320g;£3.00/unit;£9.38/kg;frozen-fish-seafood;Per 100g nutrition not found
youngs-fish-in-butter-sauce-560g;Young's Fish In Butter Sauce 560g;£3.50/unit;£6.25/kg;frozen-fish-seafood;Per 100g nutrition not found
youngs-fish-in-parsley-sauce-560g;Young's Fish In Parsley Sauce 560g;£3.50/unit;£6.25/kg;frozen-fish-seafood;Per 100g nutrition not found
youngs-fishermans-pie-340g;Young's Fisherman's Pie 340g;£1.00/unit;£2.94/kg;frozen-ready-meals;Per 100g nutrition not found
youngs-gastro-basa-fillets--light---crispy-320g;Young's Gastro Basa Fillets, Light & Crispy 320g;£3.00/unit;£9.38/kg;frozen-fish-seafood;Per 100g nutrition not found
youngs-gastro-basa-fillets-dusted-with-sea-salt---black-pepper-x2-320g;Young's Gastro Basa Fillets Dusted With Sea Salt & Black Pepper x2 320g;£3.00/unit;£9.38/kg;frozen-fish-seafood;Per 100g nutrition not found
youngs-gastro-cod--spinach---cheese-gratin-380g;Young's Gastro Cod, Spinach & Cheese Gratin 380g;£2.00/unit;£5.26/kg;frozen-ready-meals;Per 100g nutrition not found
youngs-gastro-garlic---herb-plaice-fillets-230g;Young's Gastro Garlic & Herb Plaice Fillets 230g;£3.00/unit;£13.04/kg;frozen-fish-seafood;Per 100g nutrition not found
youngs-gastro-plaice-goujons-250g;Young's Gastro Plaice Goujons 250g;£4.00/unit;£16.00/kg;frozen-fish-seafood;Per 100g nutrition not found
youngs-homestyle-xl-cod-fillets-x2-320g;Young's Homestyle Xl Cod Fillets x2 320g;£3.00/unit;£9.38/kg;frozen-fish-seafood;219;11.5;15.4;0.8;12.2;2.0;0.8;0.35;0.9
youngs-jumbo-whole-scampi-220g;Young's Jumbo Whole Scampi 220g;£4.00/unit;£18.18/kg;frozen-fish-seafood;Per 100g nutrition not found
youngs-large-canadian-prawns-200g;Young's Canadian Prawns 200g;£4.00/unit;£20.00/kg;frozen-fish-seafood;Per 100g nutrition not found
youngs-luxury-ocean-pie-400g;Young's Luxury Ocean Pie 400g;£2.50/unit;£6.25/kg;frozen-ready-meals;Per 100g nutrition not found
youngs-omega-fish-fingers-x20-500g;Young's Omega 3 Fish Fingers x20 500g;£2.00/unit;£4.00/kg;frozen-fish-seafood;Per 100g nutrition not found
youngs-organic-smoked-salmon-100g;Young's Organic Smoked Salmon 100g;£5.00/unit;£5.00/100g;canapes-snacking;Per 100g nutrition not found
youngs-organic-smoked-salmon-100g;Young's Organic Smoked Salmon 100g;£5.00/unit;£5.00/100g;cooked-fish-seafood;Per 100g nutrition not found
youngs-organic-smoked-salmon-100g;Young's Organic Smoked Salmon 100g;£5.00/unit;£5.00/100g;mfp-cooked-fish-seafood;Per 100g nutrition not found
youngs-organic-smoked-salmon-100g;Young's Organic Smoked Salmon 100g;£5.00/unit;£5.00/100g;smoked-fish;Per 100g nutrition not found
youngs-pollock-fillets--in-lemon---herb-480g;Young's Pollock Fillets, In Lemon & Herb 480g;£4.00/unit;£8.33/kg;frozen-fish-seafood;173;12.6;13.4;1.7;7.5;1.2;0.8;0.36;0.9
youngs-pollock-fillets--light-seasoned-480g;Young's Pollock Fillets, Light Seasoned 480g;£4.00/unit;£8.33/kg;frozen-fish-seafood;175;12.7;12.6;1.1;8.0;1.3;1.1;0.35;0.9
youngs-rollmops-260g;Young's Rollmops 260g;£1.00/unit;£0.38/100g;canapes-snacking;159;13.2;9.5;7.6;7.4;1.7;0.9;2.8
youngs-rollmops-260g;Young's Rollmops 260g;£1.00/unit;£0.38/100g;cooked-fish-seafood;159;13.2;9.5;7.6;7.4;1.7;0.9;2.8
youngs-rollmops-260g;Young's Rollmops 260g;£1.00/unit;£0.38/100g;mfp-cooked-fish-seafood;159;13.2;9.5;7.6;7.4;1.7;0.9;2.8
youngs-rollmops-260g;Young's Rollmops 260g;£1.00/unit;£0.38/100g;snacking-cooked-sausage;159;13.2;9.5;7.6;7.4;1.7;0.9;2.8
youngs-salmon-fillet-dinner-380g;Young's Salmon Fillet Dinner 380g;£2.00/unit;£5.26/kg;frozen-ready-meals;Per 100g nutrition not found
youngs-salmon-fillets-300g;Young's Salmon Fillets 300g;£3.00/unit;£10.00/kg;filleted-whole-fish;Per 100g nutrition not found
youngs-salmon-fillets-440g;Young's Salmon Fillets 440g;£5.50/unit;£12.50/kg;filleted-whole-fish;Per 100g nutrition not found
youngs-scampi-220g;Young's Scampi 220g;£2.00/unit;£9.09/kg;frozen-fish-seafood;Per 100g nutrition not found
youngs-scottish-whole-scampi-220g;Young's Scottish Whole Scampi 220g;£4.00/unit;£18.18/kg;frozen-fish-seafood;Per 100g nutrition not found
youngs-seafood-sticks-200g;Young's Seafood Sticks x16 200g;£1.20/unit;£0.60/100g;canapes-snacking;Per 100g nutrition not found
youngs-seafood-sticks-200g;Young's Seafood Sticks x16 200g;£1.20/unit;£0.60/100g;cooked-fish-seafood;Per 100g nutrition not found
youngs-seafood-sticks-200g;Young's Seafood Sticks x16 200g;£1.20/unit;£0.60/100g;mfp-cooked-fish-seafood;Per 100g nutrition not found
youngs-seafood-sticks-200g;Young's Seafood Sticks x16 200g;£1.20/unit;£0.60/100g;prawns-shellfish;Per 100g nutrition not found
youngs-seafood-sticks-200g;Young's Seafood Sticks x16 200g;£1.20/unit;£0.60/100g;snacking-cooked-sausage;Per 100g nutrition not found
youngs-skinless---boneless-atlantic-cod-chunky-fillets-x4-00g;Young's Skinless & Boneless Atlantic Cod Chunky Fillets x4 00g;£4.00/unit;£10.00/kg;frozen-fish-seafood;90;21.8;0;0;1.2;0.4;0;0.1;0.25
youngs-white-fish-fillets-x5-500g;Young's White Fish Fillets x5 500g;£3.00/unit;£6.00/kg;frozen-fish-seafood;94;21.3;0;0;1.4;0.4;0;0.07;0.2
yutaka-miso-paste--organic-300g;Yutaka Miso Paste, Organic 300g;£2.99/unit;£1.00/100g;cooking-pastes;176;7.0;20.4;11.7;5.9;1.0;-1;10.9
zico-original-coconut-water-1l;Zico Original Coconut Water 1L;£3.50/unit;£0.35/100ml;chilled-fruit-juice;Per 100g nutrition not found
zico-original-coconut-water-400ml;Zico Original Coconut Water 400ml;£2.00/unit;£0.50/100ml;chilled-fruit-juice;17;0;3.9;3.9;0;0;0;0.06
zugos-bacon---cheese-panini-145g-7292821-p-44;Zugo's Bacon & Cheese Panini 145g;£2.00/unit;£13.79/kg;lunchtime-snacks;299;15;24.5;1.9;15.2;6.4;-1;2
zugos-bacon---cheese-panini-145g-7292821-p-44;Zugo's Bacon & Cheese Panini 145g;£2.00/unit;£13.79/kg;meals-for-1-ready-meals;299;15;24.5;1.9;15.2;6.4;-1;2
zugos-cafe-deli-chicken---pesto-panini-150g;Zugo's Deli Cafe Chicken & Pesto Panini 150g;£2.00/unit;£13.33/kg;lunchtime-snacks;247;15.5;25.1;1.5;9.2;3.3;-1;1.2
zugos-cafe-deli-chicken---pesto-panini-150g;Zugo's Deli Cafe Chicken & Pesto Panini 150g;£2.00/unit;£13.33/kg;meals-for-1-ready-meals;247;15.5;25.1;1.5;9.2;3.3;-1;1.2
zugos-four-cheese---onion-panini-150g;Zugo's Four Cheese & Onion Panini 150g;£2.00/unit;£13.33/kg;lunchtime-snacks;319;12.4;32.1;7.5;15.3;8.9;-1;1.2
zugos-four-cheese---onion-panini-150g;Zugo's Four Cheese & Onion Panini 150g;£2.00/unit;£13.33/kg;meals-for-1-ready-meals;319;12.4;32.1;7.5;15.3;8.9;-1;1.2
zugos-mediterranean-chicken-panini-152g;Zugo's Mediterranean Chicken Panini 152g;£2.00/unit;£2.00/kg;lunchtime-snacks;251;13.9;30.7;6.4;7.6;3.1;-1;1.2
zugos-mediterranean-chicken-panini-152g;Zugo's Mediterranean Chicken Panini 152g;£2.00/unit;£2.00/kg;meals-for-1-ready-meals;251;13.9;30.7;6.4;7.6;3.1;-1;1.2
