284477375;Tesco Apple Selection 4 Pack 590G;£2.00;£3.39/kg;Apples, Pears & Rhubarb;53;0.4;null;11.8;0.1;<0.1;1.8;<0.01;
284477317;Tesco Best Of British Apple 4 Pack 590G;£2.00;£3.39/kg;Apples, Pears & Rhubarb;53;0.4;null;11.8;0.1;<0.1;1.8;<0.01;
284475550;Tesco Gala Apple Min 5 Pack 670G;£1.50;£2.24/kg;Apples, Pears & Rhubarb;53;0.4;null;11.8;0.1;<0.1;1.8;<0.01;
284477058;Tesco British Apple Min 6 Pack 670G;£1.50;£2.24/kg;Apples, Pears & Rhubarb;53;0.4;null;11.8;0.1;<0.1;1.8;<0.01;
284477283;Tesco Braeburn Apple 4 Pack 590G;£2.00;£3.39/kg;Apples, Pears & Rhubarb;53;0.4;null;11.8;0.1;<0.1;1.8;<0.01;
253807413;Tesco Braeburn Apples Loose;£0.31;£1.95/kg;Apples, Pears & Rhubarb;53;0.4;null;11.8;0.1;<0.1;1.8;<0.01;
284477542;Tesco Pink Lady Apple Min 5 Pack 690G;£3.00;£4.35/kg;Apples, Pears & Rhubarb;53;0.4;null;11.8;0.1;<0.1;1.8;<0.01;
284477801;Tesco Kanzi Apple 6Pack 670G;£2.00;£2.99/kg;Apples, Pears & Rhubarb;53;0.4;null;11.8;0.1;<0.1;1.8;<0.01;
284477628;Tesco Jazz Apple 6 Pack 670G;£2.00;£2.99/kg;Apples, Pears & Rhubarb;null;null;null;null;null;null;null;null;
284477862;Tesco Empire Apple Min 5 Pack 700G;£2.25;£3.22/kg;Apples, Pears & Rhubarb;53;0.4;null;11.8;0.1;<0.1;1.8;<0.01;
284475262;Tesco Evelina Apple 6 Pack 670G;£2.00;£2.99/kg;Apples, Pears & Rhubarb;53;0.4;null;11.8;0.1;<0.1;1.8;0.1;
284475354;Tesco Opal Apple Min 4 Pack 590G;£2.00;£3.39/kg;Apples, Pears & Rhubarb;null;null;null;null;null;null;null;null;
284477450;Tesco Pink Lady Apple 4 Pack 590G;£2.50;£4.24/kg;Apples, Pears & Rhubarb;53;0.4;null;11.8;0.1;<0.1;1.8;<0.01;
253559147;Tesco Gala Apples Loose;£0.31;£1.95/kg;Apples, Pears & Rhubarb;53;0.4;null;11.8;0.1;<0.1;1.8;<0.01;
254304534;Tesco Cox Apples Loose;£0.31;£1.95/kg;Apples, Pears & Rhubarb;53;0.4;null;11.8;0.1;<0.1;1.8;<0.01;
284477156;Tesco Gala Apple 4 Pack 590G;£2.00;£3.39/kg;Apples, Pears & Rhubarb;53;0.4;null;11.8;0.1;<0.1;1.8;<0.01;
253558033;Tesco Bramley Apples Loose;£0.32;£1.30/kg;Apples, Pears & Rhubarb;41;0.3;null;8.9;0.1;<0.1;1.6;<0.01;
284475671;Tesco Braeburn Apple Min 5 Pack 670G;£0.79;£1.18/kg;Apples, Pears & Rhubarb;53;0.4;null;11.8;0.1;<0.1;1.8;<0.01;
284477507;Tesco Bramley Apple 775G;£1.25;£1.62/kg;Apples, Pears & Rhubarb;41;0.3;null;8.9;0.1;<0.1;1.6;<0.01;
253562396;Tesco Empire Apples Loose;£0.44;£2.75/kg;Apples, Pears & Rhubarb;53;0.4;null;11.8;0.1;<0.1;1.8;<0.01;
265299361;Tesco Ready To Eat Large Avocados Each;£1.00;£1.00/each;Avocados;null;null;null;null;null;null;null;null;
256074560;Tesco Ripen At Home Avocados 4 Pack;£1.75;£0.44/each;Avocados;null;null;null;null;null;null;null;null;
265299741;Tesco Ready To Eat Avocados Twin Pack;£1.80;£0.90/each;Avocados;null;null;null;null;null;null;null;null;
268437188;Tesco Organic Goodness Bananas Pack;£1.50;£0.25/each;Bananas;null;null;null;null;null;null;null;null;
268734435;Tesco Organic Fair Trade Bananas 6 Pack;£1.65;£0.28/each;Bananas;null;null;null;null;null;null;null;null;
285157326;Tesco Small Bananas 6 Pack;£1.00;£0.17/each;Bananas;null;null;null;null;null;null;null;null;
266420677;Tesco Keep Me Bananas 5 Pack;£1.00;£0.20/each;Bananas;null;null;null;null;null;null;null;null;
266419328;Tesco Eat Me Bananas 5 Pack;£1.00;£0.20/each;Bananas;null;null;null;null;null;null;null;null;
253555203;Tesco Bananas Loose;£0.12;£0.68/kg;Bananas;null;null;null;null;null;null;null;null;
274026003;Tesco Organic Strawberries 300G;£2.50;£8.34/kg;Berries & Cherries;28;0.8;null;null;0.1;null;1.1;null;
250414859;Tesco Organic Raspberries 125G;£1.60;£0.27/100ml;Berries & Cherries;null;null;null;null;null;null;null;null;
287357000;Tesco Blueberries 250G;£3.00;£12.00/kg;Berries & Cherries;null;null;null;null;null;null;null;null;
287529575;Tesco Strawberries 600G;£3.00;£5.00/kg;Berries & Cherries;null;null;null;null;null;null;null;null;
287356888;Tesco Blueberries 150G;£2.00;£13.34/kg;Berries & Cherries;null;null;null;null;null;null;null;null;
256991482;Tesco Organic Blueberries 150G;£3.00;£20.00/kg;Berries & Cherries;null;null;null;null;null;null;null;null;
287530336;Tesco Everyday Value Strawberry 400G;£1.75;£4.38/kg;Berries & Cherries;null;null;null;null;null;null;null;null;
286199925;Tesco Berry Trio 300G;£3.50;£11.67/kg;Berries & Cherries;null;null;null;null;null;null;null;null;
253559504;Tesco Large Cherries Loose;£6.24;£12.49/kg;Berries & Cherries;null;null;null;null;null;null;null;null;
287377736;Tesco Raspberries 250G;£3.00;£12.00/kg;Berries & Cherries;null;null;null;null;null;null;null;null;
258420257;Tesco Blackberries 150G;£2.00;£13.34/kg;Berries & Cherries;null;null;null;null;null;null;null;null;
266291241;Tesco Cherries 200G;£2.50;£12.50/kg;Berries & Cherries;null;null;null;null;null;null;null;null;
278452718;Tesco Raspberries 150G;£2.00;£13.34/kg;Berries & Cherries;null;null;null;null;null;null;null;null;
287529333;Tesco Strawberries 400G;£2.00;£5.00/kg;Berries & Cherries;null;null;null;null;null;null;null;null;
268793976;Tesco Blackberries 300G;£0.70;£0.23/100ml;Berries & Cherries;null;null;null;null;null;null;null;null;
268215543;Jaffa Reds Orange Pack;£2.25;£2.25/kg;Citrus Fruit;null;null;null;null;null;null;null;null;
259397933;Tesco Everyday Value Lemons Min 3 Pack;£0.89;£0.30/each;Citrus Fruit;null;null;null;null;null;null;null;null;
253556127;Tesco Clementine Or Sweet Easy Peeler Loose;£0.30;£2.90/kg;Citrus Fruit;42;0.9;null;8.7;0.1;0;1.2;<0.01;
257742718;Jaffa Oranges Min 4 Pack;£1.85;£0.31/each;Citrus Fruit;39;1.1;null;8.5;0.1;0;1.7;null;
262792946;Tesco Organic Oranges Min 3 Pack;£1.75;£0.35/each;Citrus Fruit;43;1.1;null;8.5;0.1;<0.1;1.7;0.1;
255617024;Tesco Large Orange Pack;£1.80;£0.36/each;Citrus Fruit;43;1.1;null;8.5;0.1;null;1.7;0.1;
259397340;Tesco Everyday Value Oranges Min 4 Pack;£0.76;£0.19/each;Citrus Fruit;43;1.1;null;8.5;0.1;0;1.7;0.1;
265891385;Tesco Limes Min 5 Pack;£1.50;£0.30/each;Citrus Fruit;null;null;null;null;null;null;null;null;
267000614;Tesco Giant Oranges 4 Pack;£2.20;£0.55/each;Citrus Fruit;43;1.1;null;8.5;0.1;null;1.7;0.1;
266499399;Tesco Clementine Or Sweet Easy Peeler Pack 600G;£1.25;£2.09/kg;Citrus Fruit;42;0.9;null;8.7;0.1;0;1.2;<0.01;
287437551;Tesco Red Grapefruit 3 Pack;£1.00;£0.33/each;Citrus Fruit;null;null;null;null;null;null;null;null;
253556398;Tesco Lemons Each;£0.30;£0.30/each;Citrus Fruit;null;null;null;null;null;null;null;null;
265281220;Tesco Unwaxed Lemons Min 5 Pack;£1.50;£0.30/each;Citrus Fruit;20;1.0;null;3.2;0.3;0.1;0;0.1;
253556346;Tesco Pink Grapefruit Each;£0.50;£0.50/each;Citrus Fruit;34;0.8;null;6.8;0.1;trace;1.3;null;
266357752;Jaffa Clementine Or Sweet Easy Peeler Pack 650G;£1.85;£2.85/kg;Citrus Fruit;39;0.9;null;8.7;0.1;0;1.2;null;
253561443;Tesco Red Grapefruit Each;£0.50;£0.50/each;Citrus Fruit;34;0.8;null;6.8;0.1;trace;1.3;null;
253554014;Tesco Oranges Each;£0.30;£0.30/each;Citrus Fruit;43;1.1;null;8.5;0.1;0;1.7;0.1;
253832428;Tesco Yellow Grapefruit Each;£0.40;£0.40/each;Citrus Fruit;34;0.8;null;6.8;0.1;trace;1.3;null;
273660278;Tesco Finest Oranges 5 Pack;£2.20;£0.44/each;Citrus Fruit;43;1.1;null;8.5;0.1;0;1.7;0.1;
253560634;Tesco Limes Each;£0.30;£0.30/each;Citrus Fruit;null;null;null;null;null;null;null;null;
274157867;Tesco Deglet Nour Dates 300G;£2.00;£6.67/kg;Dried Fruit & Nuts;289;2.2;null;51.0;0.3;0.2;6.9;<0.01;
275218570;Tesco Finest King Solomon Dates 225G;£2.99;£13.29/kg;Dried Fruit & Nuts;295;3.3;null;68.0;0.2;0.1;4.0;0;
257398518;Tesco Wholefoods Blueberries 100G;£2.50;£25.00/kg;Dried Fruit & Nuts;335;2.0;null;77.5;1.0;0.2;3.2;0.1;
257399828;Tesco Wholefoods Cranberries 100G;£1.50;£15.00/kg;Dried Fruit & Nuts;358;0.4;null;73.9;0.7;0.2;4.7;0.1;
269018130;Tesco Dried Mango Snack Pack 40G;£1.00;£25.00/kg;Dried Fruit & Nuts;311;1.6;null;57.6;0.3;0.1;8.9;0.2;
256754153;Tesco Wholefoods Dried Apricots 225G;£2.00;£8.00/kg;Dried Fruit & Nuts;215;4.8;null;43.4;0.6;0;6.6;null;
268323017;Tesco Goodness Dried Selection Fruit Packs 10X25g;£2.00;£8.00/kg;Dried Fruit & Nuts;297;2.1;null;69.0;0.9;0.1;2.0;null;
284196413;Eat Me Dates Deglet Nour Pitted 200G;£1.50;£7.50/kg;Dried Fruit & Nuts;null;null;null;null;null;null;null;null;
268973406;Tesco Kids Mini Raisins 10X14g;£1.25;£8.93/kg;Dried Fruit & Nuts;297;2.1;null;69.0;0.9;0.1;2.0;null;
268961298;Tesco Goodness Raisin Mix 30G;£0.40;£13.34/kg;Dried Fruit & Nuts;292;2.3;null;56.0;0.6;0.2;3.6;0.1;
268967695;Tesco Goodness Kids Apricots 30G;£0.40;£13.34/kg;Dried Fruit & Nuts;219;2.0;null;23.0;0.4;0.3;5.7;0.1;
283196305;Tesco Wholefoods Dried Apple Wedges 120G;£2.00;£16.67/kg;Dried Fruit & Nuts;282;1.0;null;54.0;0.2;0.1;9.9;0.1;
258057537;Tesco Wholefoods Dried Apricots 250G;£2.05;£8.20/kg;Dried Fruit & Nuts;219;2.0;null;23.0;0.4;0.3;5.7;0.1;
266594764;Tesco Halawi Dates 200G;£1.00;£5.00/kg;Dried Fruit & Nuts;327;2.1;null;67.5;0.4;<0.1;5.6;0.3;
283111545;Tesco Snacking Raisins And Berries 60G;£1.00;£16.67/kg;Dried Fruit & Nuts;334;2.2;null;61.4;0.5;<0.1;3.8;0.1;
250281502;Tesco Organic Medjool Dates 200G;£2.00;£10.00/kg;Dried Fruit & Nuts;275;1.8;null;58.5;0.2;<0.1;7.3;0.1;
268968832;Tesco Goodness Dried Banana 25G;£0.40;£16.00/kg;Dried Fruit & Nuts;323;4.3;null;51.0;0.4;0.2;6.1;0.6;
283111272;Tesco Snacking Lemon Jumbo Golden Raisins 60G;£1.00;£16.67/kg;Dried Fruit & Nuts;293;2.1;null;69.3;0.4;0;2.0;0.2;
286169408;Tesco Dried Apricots 60G;£1.00;£16.67/kg;Dried Fruit & Nuts;219;2.0;null;23.0;0.4;0.3;5.7;0.1;
274171043;Tesco Soft Pitted Dates 250G;£2.00;£8.00/kg;Dried Fruit & Nuts;289;2.2;null;51.0;0.3;0.2;6.9;<0.01;
267408167;Tesco Green Seedless Grapes Pack 500G;£2.00;£4.00/kg;Grapes;66;0.4;null;15.4;0.1;<0.1;0.7;<0.01;
260138854;Tesco Red Seedless Grapes 500G;£2.00;£4.00/kg;Grapes;66;0.4;null;15.4;0.1;<0.1;0.7;<0.01;
253558396;Tesco Red Seedless Grapes Loose;£2.60;£4.00/kg;Grapes;66;0.4;null;15.4;0.1;<0.1;0.7;<0.01;
262640958;Tesco Black Seedless Grapes 500G;£2.00;£4.00/kg;Grapes;66;0.4;null;15.4;0.1;<0.1;0.7;<0.01;
260138514;Tesco Seedless Grape Selection Pack 500G;£2.00;£4.00/kg;Grapes;66;0.4;null;15.4;0.1;<0.1;0.7;<0.01;
259421180;Tesco Everyday Value Green/Red Grapes 500G;£1.25;£2.50/kg;Grapes;66;0.4;null;15.4;0.1;null;0.7;<0.01;
250299925;Tesco Organic Red Or Black Grapes 400G;£2.50;£6.25/kg;Grapes;null;null;null;null;null;null;null;null;
258358596;Tesco Organic Green Grapes 400G;£2.50;£6.25/kg;Grapes;null;null;null;null;null;null;null;null;
253554469;Tesco Green Seedless Grapes Loose;£2.60;£4.00/kg;Grapes;null;null;null;null;null;null;null;null;
260278123;Tesco Giant Mango Each;£1.80;£1.80/each;Kiwi & Mango;null;null;null;null;null;null;null;null;
268416311;Tesco Kiwi Berries 125G;£2.00;£16.00/kg;Kiwi & Mango;87;1.2;null;7.6;0.6;0;3.2;0.1;
282154363;Tesco Ripe And Ready Mango 3 Pack;£2.50;£0.83/each;Kiwi & Mango;null;null;null;null;null;null;null;null;
252949690;Tesco Perfectly Ripe Kiwi Pack 4 Pack;£1.65;£0.41/each;Kiwi & Mango;55;1.1;null;10.3;0.5;0.1;1.9;null;
255805844;Tesco Perfectly Ripe Mango;£1.00;£1.00/each;Kiwi & Mango;70;0.7;null;13.8;0.2;null;2.6;null;
253554285;Tesco Large Kiwi Fruit Each;£0.30;£0.30/each;Kiwi & Mango;null;null;null;null;null;null;null;null;
282744270;Tesco Mango, Melon And Apple Fingers 240G;£2.00;£8.34/kg;Kiwi & Mango;45;0.5;null;9.5;0.1;0;1.7;<0.01;
253381878;Tesco Kiwi Fruits 6 Pack;£0.79;£0.16/each;Kiwi & Mango;55;1.1;null;10.3;0.5;<0.1;1.9;<0.01;
259417448;Tesco Everyday Value Kiwi Fruit Pack;£0.83;£0.14/each;Kiwi & Mango;55;1.1;null;10.3;0.5;0.2;1.9;<0.01;
282764188;Tesco Mango 275G;£2.00;£7.28/kg;Kiwi & Mango;63;0.7;null;13.3;0.2;0.1;1.8;null;
279934971;Tesco Mouthwatering Melon 130G;£1.00;£7.70/kg;Melons & Pineapples;29;0.5;null;5.9;0.2;0;0.6;0.1;
254814662;Tesco Pineapple Chunks 400G;£2.00;£5.00/kg;Melons & Pineapples;45;0.4;null;9.8;0.2;<0.1;1.2;<0.01;
279907364;Melon And Grape Duo 130G;£1.00;£7.70/kg;Melons & Pineapples;33;0.6;null;7.0;0.1;0;0.7;0.1;
260905678;Tesco Extra Large Pineapple Each;£1.50;£1.50/each;Melons & Pineapples;null;null;null;null;null;null;null;null;
254638605;Tesco Watermelon;£3.00;£3.00/each;Melons & Pineapples;null;null;null;null;null;null;null;null;
259414298;Tesco Everyday Value Pineapple Each;£0.80;£0.80/each;Melons & Pineapples;null;null;null;null;null;null;null;null;
255230763;Tesco Pineapple;£1.00;£1.00/each;Melons & Pineapples;null;null;null;null;null;null;null;null;
254650837;Tesco Piel De Sapo Melon Each;£2.25;£2.25/each;Melons & Pineapples;null;null;null;null;null;null;null;null;
256582085;Tesco Cantaloupe Melon Each;£1.75;£1.75/each;Melons & Pineapples;22;0.6;null;4.2;0.1;<0.1;1.0;0.1;
254384645;Tesco Honeydew Melon;£2.00;£2.00/each;Melons & Pineapples;null;null;null;null;null;null;null;null;
265107198;Tesco Melon And Grapes Duo 400G;£2.00;£5.00/kg;Melons & Pineapples;33;0.6;null;7.0;0.1;0;0.7;0.1;
280004867;Tesco Pineapple Chunks 130G;£1.00;£7.70/kg;Melons & Pineapples;45;0.4;null;9.8;0.2;<0.1;1.2;<0.01;
258336461;Tesco Everyday Value Melon;£0.90;£0.90/each;Melons & Pineapples;null;null;null;null;null;null;null;null;
254385356;Tesco Galia Melon Each;£1.75;£1.75/each;Melons & Pineapples;null;null;null;null;null;null;null;null;
266782962;Tesco Super Sweet Nectarine Pack;£1.49;£2.98/kg;Nectarines & Peaches;null;null;null;null;null;null;null;null;
266782985;Tesco Super Sweet Peaches Min 3 Pack;£1.50;£1.25/100g;Nectarines & Peaches;null;null;null;null;null;null;null;null;
265421948;Tesco Ripen At Home Peaches Min 4 Pack;null;null;Nectarines & Peaches;null;null;null;null;null;null;null;null;
265421879;Tesco Ripen At Home Nectarines Min 4 Pack;£1.50;£0.38/each;Nectarines & Peaches;null;null;null;null;null;null;null;null;
262792946;Tesco Organic Oranges Min 3 Pack;£1.75;£0.35/each;Organic Fruit;43;1.1;null;8.5;0.1;<0.1;1.7;0.1;
287024550;Tesco Organic Orchard Selection 550G;£2.50;£4.55/kg;Organic Fruit;null;null;null;null;null;null;null;null;
250281502;Tesco Organic Medjool Dates 200G;£2.00;£10.00/kg;Organic Fruit;275;1.8;null;58.5;0.2;<0.1;7.3;0.1;
266565966;Tesco Organic Cashew Nuts 150G;£2.75;£18.34/kg;Organic Fruit;583;17.7;null;4.6;48.2;8.3;3.2;null;
258358596;Tesco Organic Green Grapes 400G;£2.50;£6.25/kg;Organic Fruit;null;null;null;null;null;null;null;null;
252201146;Tesco Organic Unwaxed Lemons Min 3 Pack;£1.00;£0.33/each;Organic Fruit;20;1.0;null;3.2;0.3;0.1;<0.1;0.1;
268437188;Tesco Organic Goodness Bananas Pack;£1.50;£0.25/each;Organic Fruit;null;null;null;null;null;null;null;null;
250299925;Tesco Organic Red Or Black Grapes 400G;£2.50;£6.25/kg;Organic Fruit;null;null;null;null;null;null;null;null;
266356851;Tesco Organic Almonds 200G;£2.80;£14.00/kg;Organic Fruit;592;21.2;null;3.9;49.4;3.7;12.2;<0.01;
287024383;Tesco Organic Braeburn Apples 630G;£2.50;£3.97/kg;Organic Fruit;null;null;null;null;null;null;null;null;
287024262;Tesco Organic Goodness Apples 630G;£1.50;£2.39/kg;Organic Fruit;null;null;null;null;null;null;null;null;
287009091;Tesco Organic Gala Apples 630G;£2.50;£3.97/kg;Organic Fruit;null;null;null;null;null;null;null;null;
262057163;Tesco Organic Roasted Pistachios 100G;£2.25;£22.50/kg;Organic Fruit;585;20.9;null;7.7;44.8;5.5;9.9;0.1;
268734435;Tesco Organic Fair Trade Bananas 6 Pack;£1.65;£0.28/each;Organic Fruit;null;null;null;null;null;null;null;null;
256991482;Tesco Organic Blueberries 150G;£3.00;£20.00/kg;Organic Fruit;null;null;null;null;null;null;null;null;
287024855;Tesco Organic British Apples 630G;£2.00;£3.18/kg;Organic Fruit;null;null;null;null;null;null;null;null;
261834005;Tesco Organic Walnuts 100G;£2.25;£22.50/kg;Organic Fruit;689;15.2;null;2.6;65.2;6.1;6.7;<0.01;
250404353;Tesco Organic Sweet Easy Peeler Min 4 Pack;£1.75;£0.44/each;Organic Fruit;42;0.9;null;8.7;0.1;0;1.2;<0.01;
266356816;Tesco Organic Hazelnuts 200G;£2.50;£12.50/kg;Organic Fruit;665;14.1;null;4.0;63.5;4.7;6.5;0.1;
250414859;Tesco Organic Raspberries 125G;£1.60;£0.27/100ml;Organic Fruit;null;null;null;null;null;null;null;null;
264778166;Tesco Ripen At Home Plums 400G;£0.79;£1.98/kg;Plums & Apricots;null;null;null;null;null;null;null;null;
259417145;Tesco Everyday Value Plums 1Kg;£2.20;£2.20/kg;Plums & Apricots;null;null;null;null;null;null;null;null;
280967222;Tesco Yellow Plums 300G;£1.50;£5.00/kg;Plums & Apricots;null;null;null;null;null;null;null;null;
253559216;Tesco Plums Loose;£0.20;£3.99/kg;Plums & Apricots;null;null;null;null;null;null;null;null;
267246790;Tesco Finest Plums Min 4 Pack;£2.00;£0.50/each;Plums & Apricots;null;null;null;null;null;null;null;null;
287651953;Tesco Apple, Plum And Grapes With Drizzle 225G;£2.00;£8.89/kg;Fresh Cut Fruit;60;0.5;null;12.7;0.2;<0.1;2.0;<0.01;
284735485;Tesco Kiwi, Strawberry And Melon 240G;£2.00;£8.34/kg;Fresh Cut Fruit;43;0.9;null;7.7;0.3;0;2.6;0.1;
274983314;Tesco Melon Grapes And Pineapple Fingers 300G;£2.00;£0.67/100g;Fresh Cut Fruit;41;0.5;null;9.0;0.1;0;1.0;<0.01;
280115275;Tesco Berry Medley 240G;£2.00;£8.34/kg;Fresh Cut Fruit;50;0.6;null;11.2;0.1;0;1.1;<0.01;
282595172;Tesco Grape, Plum And Blueberry 240G;£2.00;£8.34/kg;Fresh Cut Fruit;58;0.6;null;12.1;0.1;0;1.1;<0.01;
286681826;Tesco Grape Snack Pack 80G;£0.50;£6.25/kg;Fresh Cut Fruit;66;0.4;null;15.4;0.1;<0.1;1.0;<0.01;
279844956;Tesco Grape And Strawberry Fruit Salad 125G;£1.00;£8.00/kg;Fresh Cut Fruit;54;0.5;null;12.4;0.1;0;0.8;<0.01;
279934971;Tesco Mouthwatering Melon 130G;£1.00;£7.70/kg;Fresh Cut Fruit;29;0.5;null;5.9;0.2;0;0.6;0.1;
286681924;Tesco Apple Snack Pack 80G;£0.50;£6.25/kg;Fresh Cut Fruit;55;0.3;null;12.3;0.1;<0.1;1.8;0.1;
286681740;Tesco Apple And Grape Snack Pack 80G;£0.50;£6.25/kg;Fresh Cut Fruit;57;0.3;null;12.3;0.1;<0.1;2.6;0.1;
285363433;Tesco Chunky Melon Slices 550G;£2.50;£4.55/kg;Fresh Cut Fruit;17;0.4;null;3.4;0.1;0;0.5;0.1;
280134494;Tesco Berry Medley 240G;£2.00;£8.34/kg;Fresh Cut Fruit;50;0.6;null;11.2;0.1;0;1.1;<0.01;
285363312;Tesco Mango And Pineapple Fingers 80G;£1.00;£12.50/kg;Fresh Cut Fruit;54;0.6;null;11.6;0.2;0.1;1.5;<0.01;
287652042;Tesco Mango And Pineapple With Drizzle 220G;£2.00;£8.34/kg;Fresh Cut Fruit;74;0.6;null;13.0;1.4;1.1;1.7;<0.01;
279844518;Tesco Apple And Strawberry Fruit Salad 125G;£1.00;£8.00/kg;Fresh Cut Fruit;46;0.5;null;9.9;0.1;0;1.6;<0.01;
274983482;Tesco Melon And Pineapple Finger Trio 300G;£2.00;£6.67/kg;Fresh Cut Fruit;35;0.4;null;7.6;0.2;0;0.8;0.1;
269022942;Tesco Grape Snack Pack 80G;£0.50;£6.25/kg;Fresh Cut Fruit;66;0.4;null;15.4;0.1;<0.1;1.0;<0.01;
279532444;Tesco Coconut Pieces 100G;£1.00;£10.00/kg;Fresh Cut Fruit;371;3.8;null;3.5;36.0;31.0;9.0;0.1;
287651812;Tesco Fruit Salad 240G;£2.00;£8.34/kg;Fresh Cut Fruit;51;0.6;null;10.8;0.2;<0.1;1.4;<0.01;
279565543;Tesco Melon And Grapes 130G;£1.00;£7.70/kg;Fresh Cut Fruit;33;0.6;null;7.0;0.1;0;0.7;0.1;
254650837;Tesco Piel De Sapo Melon Each;£2.25;£2.25/each;Tropical & Exotic Fruit;null;null;null;null;null;null;null;null;
253554452;Tesco Coconuts Each;£0.80;£0.80/each;Tropical & Exotic Fruit;397;3.2;null;2.0;35.0;30.6;7.2;0.1;
282154363;Tesco Ripe And Ready Mango 3 Pack;£2.50;£0.83/each;Tropical & Exotic Fruit;null;null;null;null;null;null;null;null;
255547786;Tesco Ripe Papaya Each;£1.50;£1.50/each;Tropical & Exotic Fruit;43;0.5;null;8.8;0.1;0;2.2;null;
258336461;Tesco Everyday Value Melon;£0.90;£0.90/each;Tropical & Exotic Fruit;null;null;null;null;null;null;null;null;
256582085;Tesco Cantaloupe Melon Each;£1.75;£1.75/each;Tropical & Exotic Fruit;22;0.6;null;4.2;0.1;<0.1;1.0;0.1;
260905678;Tesco Extra Large Pineapple Each;£1.50;£1.50/each;Tropical & Exotic Fruit;null;null;null;null;null;null;null;null;
260278123;Tesco Giant Mango Each;£1.80;£1.80/each;Tropical & Exotic Fruit;null;null;null;null;null;null;null;null;
255805844;Tesco Perfectly Ripe Mango;£1.00;£1.00/each;Tropical & Exotic Fruit;70;0.7;null;13.8;0.2;null;2.6;null;
287872305;Tesco Granadilla Each;£1.00;£1.00/each;Tropical & Exotic Fruit;null;null;null;null;null;null;null;null;
254385356;Tesco Galia Melon Each;£1.75;£1.75/each;Tropical & Exotic Fruit;null;null;null;null;null;null;null;null;
253554982;Tesco Pomegranates Each;£1.50;£1.50/each;Tropical & Exotic Fruit;null;null;null;null;null;null;null;null;
254638605;Tesco Watermelon;£3.00;£3.00/each;Tropical & Exotic Fruit;null;null;null;null;null;null;null;null;
259414298;Tesco Everyday Value Pineapple Each;£0.80;£0.80/each;Tropical & Exotic Fruit;null;null;null;null;null;null;null;null;
252949690;Tesco Perfectly Ripe Kiwi Pack 4 Pack;£1.65;£0.41/each;Tropical & Exotic Fruit;55;1.1;null;10.3;0.5;0.1;1.9;null;
254384645;Tesco Honeydew Melon;£2.00;£2.00/each;Tropical & Exotic Fruit;null;null;null;null;null;null;null;null;
253381878;Tesco Kiwi Fruits 6 Pack;£0.79;£0.16/each;Tropical & Exotic Fruit;55;1.1;null;10.3;0.5;<0.1;1.9;<0.01;
255230763;Tesco Pineapple;£1.00;£1.00/each;Tropical & Exotic Fruit;null;null;null;null;null;null;null;null;
259417448;Tesco Everyday Value Kiwi Fruit Pack;£0.83;£0.14/each;Tropical & Exotic Fruit;55;1.1;null;10.3;0.5;0.2;1.9;<0.01;
253554285;Tesco Large Kiwi Fruit Each;£0.30;£0.30/each;Tropical & Exotic Fruit;null;null;null;null;null;null;null;null;
285278678;Tesco Baby Turnips 320G;£1.60;£5.00/kg;Baby Vegetables;null;null;null;null;null;null;null;null;
256301753;Tesco Baby Leeks 110G;£1.60;£14.55/kg;Baby Vegetables;null;null;null;null;null;null;null;null;
256989802;Tesco Babycorn And Mangetout 175G;null;null;Baby Vegetables;31;2.9;null;2.5;0.2;<0.1;2.1;<0.01;
259764349;Tesco Baby Parsnips 230G;£1.60;£6.96/kg;Baby Vegetables;null;null;null;null;null;null;null;null;
268889136;Tesco Prepared Baby Sprouts 180G;£1.00;£6.67/kg;Baby Vegetables;51;3.5;null;3.1;1.4;0.3;4.1;null;
279336786;Tesco Baby Corn 190G;£1.40;£7.37/kg;Baby Vegetables;28;2.5;null;1.9;0.4;<0.1;2.0;0.3;
257211126;Tesco Baby Courgettes 200G;£1.40;£7.00/kg;Baby Vegetables;null;null;null;null;null;null;null;null;
273483804;Tesco Baby Spinach 240G;£1.50;£0.63/100g;Baby Vegetables;30;2.8;null;1.5;0.8;0.1;2.7;0.4;
264653295;Tesco Stir Fry Vegetable Medley 220G;£2.35;£10.69/kg;Baby Vegetables;41;2.6;null;4.8;0.4;0.1;2.3;0.1;
250869015;Tesco Organic Baby Corn 125G;£1.60;£12.80/kg;Baby Vegetables;28;2.3;null;1.9;0.4;<0.1;2.0;0.1;
252544097;Tesco Baby Leaf Greens 200G;£1.00;£5.00/kg;Baby Vegetables;null;null;null;null;null;null;null;null;
253430898;Tesco Chefs Vegetable Medley 280G;£2.35;£8.40/kg;Baby Vegetables;33;2.1;null;3.7;0.4;null;2.0;null;
264512762;Tesco Finest Sweetfire Baby Beetroot 180G;£1.50;£8.34/kg;Baby Vegetables;null;null;null;null;null;null;null;null;
279627298;Tesco Tendersweet Carrots 150G;£2.00;£13.34/kg;Baby Vegetables;null;null;null;null;null;null;null;null;
282648902;Tesco Baby Pak Choi 120G;£1.60;£13.34/kg;Baby Vegetables;null;null;null;null;null;null;null;null;
259264100;Tesco Baby Carrots 200G;£1.60;£8.00/kg;Baby Vegetables;null;null;null;null;null;null;null;null;
276775005;Tesco Cabbage And Leek (C;£1.25;£4.17/kg;Broccoli, Brussel Sprouts, Cabbage & Cauliflower;null;null;null;null;null;null;null;null;
271925361;Tesco Cauliflower Extra Large Each;£1.85;£1.85/each;Broccoli, Brussel Sprouts, Cabbage & Cauliflower;null;null;null;null;null;null;null;null;
257479195;Tesco Organic Cauliflower Each;£2.00;£2.00/each;Broccoli, Brussel Sprouts, Cabbage & Cauliflower;null;null;null;null;null;null;null;null;
279232920;Tesco Tender Stem Broccoli 220G;£2.00;£0.40/100g;Broccoli, Brussel Sprouts, Cabbage & Cauliflower;38;4.4;null;1.5;0.9;0.2;2.6;0.1;
254941983;Tesco Sweetheart Cabbage Each;£0.49;£0.49/each;Broccoli, Brussel Sprouts, Cabbage & Cauliflower;null;null;null;null;null;null;null;null;
264105668;Tesco Broccoli 335G;£0.49;£1.47/kg;Broccoli, Brussel Sprouts, Cabbage & Cauliflower;null;null;null;null;null;null;null;null;
259416031;Tesco Everyday Value Cabbage;£0.69;£0.69/each;Broccoli, Brussel Sprouts, Cabbage & Cauliflower;null;null;null;null;null;null;null;null;
256473491;Tesco Red Cabbage Each;£0.52;£0.80/kg;Broccoli, Brussel Sprouts, Cabbage & Cauliflower;null;null;null;null;null;null;null;null;
255838396;Tesco Savoy Cabbage Each;£0.80;£0.80/each;Broccoli, Brussel Sprouts, Cabbage & Cauliflower;null;null;null;null;null;null;null;null;
257231200;Tesco Broccoli Loose;£0.53;£1.40/kg;Broccoli, Brussel Sprouts, Cabbage & Cauliflower;null;null;null;null;null;null;null;null;
253382096;Tesco Green Cabbage Each;£0.80;£0.80/each;Broccoli, Brussel Sprouts, Cabbage & Cauliflower;null;null;null;null;null;null;null;null;
259418956;Tesco Everyday Value Cauliflower Each;£0.89;£0.89/each;Broccoli, Brussel Sprouts, Cabbage & Cauliflower;null;null;null;null;null;null;null;null;
280108932;Tesco Tender Stem Tips 120G;£1.35;£11.25/kg;Broccoli, Brussel Sprouts, Cabbage & Cauliflower;38;4.4;null;1.5;0.9;0.2;2.6;0.1;
280404472;Tesco Purple Sprouting Broccoli 200G;£1.75;£8.75/kg;Broccoli, Brussel Sprouts, Cabbage & Cauliflower;null;null;null;null;null;null;null;null;
253558119;Tesco Cauliflower Each;£1.00;£1.00/each;Broccoli, Brussel Sprouts, Cabbage & Cauliflower;null;null;null;null;null;null;null;null;
253561414;Tesco White Cabbage Each;£0.55;£0.60/kg;Broccoli, Brussel Sprouts, Cabbage & Cauliflower;null;null;null;null;null;null;null;null;
279647204;Tesco Asparagus And Tender Stem Broccoli 190G;£2.25;£11.85/kg;Broccoli, Brussel Sprouts, Cabbage & Cauliflower;null;null;null;null;null;null;null;null;
267815791;Tesco Organic Broccoli 300G;£1.25;£4.17/kg;Broccoli, Brussel Sprouts, Cabbage & Cauliflower;null;null;null;null;null;null;null;null;
256725879;Tesco Organic Seasonal Cabbage;£1.30;£1.30/each;Broccoli, Brussel Sprouts, Cabbage & Cauliflower;40;3.0;null;2.7;1.0;0.1;3.4;<0.01;
276775218;Tesco Cauliflower / Broccoli Florets 400G (M;£1.00;£2.50/kg;Broccoli, Brussel Sprouts, Cabbage & Cauliflower;null;null;null;null;null;null;null;null;
259264100;Tesco Baby Carrots 200G;£1.60;£8.00/kg;Carrots & Root Veg;null;null;null;null;null;null;null;null;
253557408;Tesco Parsnips Loose;£0.19;£1.29/kg;Carrots & Root Veg;null;null;null;null;null;null;null;null;
257804652;Tesco Carrots 600G;£0.50;£0.83/kg;Carrots & Root Veg;null;null;null;null;null;null;null;null;
268875020;Tesco Finest Imperator Carrots 450G;£1.00;£2.23/kg;Carrots & Root Veg;42;0.6;null;7.4;0.3;0.1;2.4;0.1;
256301753;Tesco Baby Leeks 110G;£1.60;£14.55/kg;Carrots & Root Veg;null;null;null;null;null;null;null;null;
279627298;Tesco Tendersweet Carrots 150G;£2.00;£13.34/kg;Carrots & Root Veg;null;null;null;null;null;null;null;null;
253555998;Tesco Leeks Loose;£0.44;£1.75/kg;Carrots & Root Veg;27;1.6;null;2.2;0.5;0.1;2.2;<0.01;
268474258;Tesco Everyday Value Leeks 750G;£1.40;£1.87/kg;Carrots & Root Veg;27;1.6;null;2.2;0.5;0.1;2.2;<0.01;
255964067;Tesco Parsnips Pack 500G;£0.85;£1.70/kg;Carrots & Root Veg;null;null;null;null;null;null;null;null;
253430898;Tesco Chefs Vegetable Medley 280G;£2.35;£8.40/kg;Carrots & Root Veg;33;2.1;null;3.7;0.4;null;2.0;null;
285794147;Tesco Bunched Carrots Each;£1.50;£1.50/each;Carrots & Root Veg;null;null;null;null;null;null;null;null;
259764349;Tesco Baby Parsnips 230G;£1.60;£6.96/kg;Carrots & Root Veg;null;null;null;null;null;null;null;null;
253560588;Tesco Carrots 1Kg;£0.60;£0.60/kg;Carrots & Root Veg;null;null;null;null;null;null;null;null;
279525234;Tesco Chantenay Carrots 500G;£0.90;£1.80/kg;Carrots & Root Veg;null;null;null;null;null;null;null;null;
264512762;Tesco Finest Sweetfire Baby Beetroot 180G;£1.50;£8.34/kg;Carrots & Root Veg;null;null;null;null;null;null;null;null;
267524806;Tesco Leeks 500G;£1.50;£3.00/kg;Carrots & Root Veg;27;1.6;null;2.2;0.5;0.1;2.2;<0.01;
254638565;Tesco Carrots Loose;£0.08;£0.75/kg;Carrots & Root Veg;null;null;null;null;null;null;null;null;
259505409;Tesco Everyday Value Parsnips 750G;£0.90;£1.20/kg;Carrots & Root Veg;null;null;null;null;null;null;null;null;
280084097;Tesco Small Swede Each;£0.70;£0.70/each;Carrots & Root Veg;null;null;null;null;null;null;null;null;
274234200;Tesco Everyday Value Carrots Minimum 1Kg;£0.53;£0.53/kg;Carrots & Root Veg;null;null;null;null;null;null;null;null;
256339363;Tesco Red Chillies 60G;£0.60;£10.00/kg;Chillies, Garlic & Ginger;null;null;null;null;null;null;null;null;
262453391;Tesco Mixed Chillies 65G;£0.60;£9.24/kg;Chillies, Garlic & Ginger;null;null;null;null;null;null;null;null;
259413656;Tesco Everyday Value Garlic 3 Pack;£0.49;£0.16/each;Chillies, Garlic & Ginger;110;7.9;null;1.6;0.6;0.1;4.1;<0.01;
263943986;Tesco Organic Garlic 3 Pack;£0.90;£0.30/each;Chillies, Garlic & Ginger;110;7.9;null;1.6;0.6;0.1;4.1;null;
272682288;Tesco Chef's Choice Garlic Each;£0.50;£0.50/each;Chillies, Garlic & Ginger;110;7.9;null;1.6;0.6;0.1;4.1;null;
263386065;Tesco Garlic Each;£0.30;£0.30/each;Chillies, Garlic & Ginger;110;7.9;null;1.6;0.6;0.1;4.1;<0.01;
253559297;Tesco Root Ginger Loose;£0.90;£3.00/kg;Chillies, Garlic & Ginger;null;null;null;null;null;null;null;null;
263388823;Tesco Ginger 125G;£0.99;£7.92/kg;Chillies, Garlic & Ginger;44;1.4;null;2.4;0.6;0.2;2.0;0.1;
253194105;Tesco Finger Chillies 80G;£0.90;£11.25/kg;Chillies, Garlic & Ginger;20;2.9;null;0.7;0.6;<0.1;0;0.1;
253553948;Tesco Green Chillies 65G;£0.60;£9.24/kg;Chillies, Garlic & Ginger;null;null;null;null;null;null;null;null;
262979857;Tesco Garlic 4 Pack;£1.00;£0.25/each;Chillies, Garlic & Ginger;110;7.9;null;1.6;0.6;0.1;4.1;<0.01;
279336607;Tesco Asparagus Tips 125G;£2.25;£22.50/kg;Courgettes, Aubergines & Asparagus;null;null;null;null;null;null;null;null;
266674936;Tesco Asparagus Bundles 250G;£1.65;£6.60/kg;Courgettes, Aubergines & Asparagus;29;2.9;null;1.9;0.6;0.1;2.1;<0.01;
257211126;Tesco Baby Courgettes 200G;£1.40;£7.00/kg;Courgettes, Aubergines & Asparagus;null;null;null;null;null;null;null;null;
278637454;Tesco Fine Asparagus 110G;£1.65;£15.00/kg;Courgettes, Aubergines & Asparagus;28;2.9;null;1.9;0.6;0.1;1.7;0.3;
266344767;Tesco Aubergine Each;£0.75;£0.75/each;Courgettes, Aubergines & Asparagus;20;0.9;null;2.0;0.4;0.1;2.0;null;
253554596;Tesco Courgettes Loose;£0.40;£2.00/kg;Courgettes, Aubergines & Asparagus;20;1.8;null;1.7;0.4;null;0.9;0;
280404837;Tesco Courgettes Pre Packed 500G;£1.50;£3.00/kg;Courgettes, Aubergines & Asparagus;null;null;null;null;null;null;null;null;
279647204;Tesco Asparagus And Tender Stem Broccoli 190G;£2.25;£11.85/kg;Courgettes, Aubergines & Asparagus;null;null;null;null;null;null;null;null;
268124986;Found! Dried Mixed Wild Mushrooms 25G;£2.00;£80.00/kg;Mushrooms;75 ;6.9 ;6 ;null;1.3 ;null;5.7 ;0.03 ;
285398979;Tesco Finest Asian Selection 150G;£1.75;£11.67/kg;Mushrooms;null;null;null;null;null;null;null;null;
277812433;Tesco Everyday Value Closed Cup Mushrooms 350G;£0.79;£2.26/kg;Mushrooms;16;1.8;null;0.2;0.5;0.1;1.1;0.1;
279856049;Tesco Family Pack Chestnut Mushrooms 525G;£2.00;£3.81/kg;Mushrooms;16;1.8;null;0.2;0.5;0.1;1.1;0.1;
250247999;Tesco Sliced Mushrooms 250G;£1.00;£4.00/kg;Mushrooms;null;null;null;null;null;null;null;null;
255932232;Tesco Large Flat Mushrooms 300G;£1.20;£4.00/kg;Mushrooms;16;1.8;null;0.2;0.5;0.1;1.1;0.1;
280046454;Tesco Baby Button Mushrooms 200G;£1.00;£5.00/kg;Mushrooms;16;1.8;null;0.2;0.5;0.1;1.1;0.1;
273796797;Tesco Organic Chestnut Mushrooms 250G;£1.25;£5.00/kg;Mushrooms;null;null;null;null;null;null;null;null;
272866906;Tesco Finest Wild Mushrooms 100G;£1.50;£15.00/kg;Mushrooms;null;null;null;null;null;null;null;null;
280172612;Tesco Finest Large Flat Forestiere Mushrooms 250G;£1.75;£7.00/kg;Mushrooms;null;null;null;null;null;null;null;null;
280108566;Tesco Sliced Mushroom And Garlic Butter 135G;£1.00;£7.41/kg;Mushrooms;59;2.4;null;0.5;3.8;2.4;1.3;0.1;
277248006;Tesco Organic White Mushrooms 290G;£1.00;£3.45/kg;Mushrooms;null;null;null;null;null;null;null;null;
253560219;Tesco Closed Cup Mushrooms Loose;£0.19;£2.68/kg;Mushrooms;16;1.8;null;0.2;0.5;0.1;1.1;0.1;
273796618;Tesco Chestnut Mushrooms 250G;£1.00;£4.00/kg;Mushrooms;16;1.8;null;0.2;0.5;0.1;1.1;0.1;
279316390;Tesco Family Pack Mushrooms 625G;£2.00;£3.20/kg;Mushrooms;16;1.8;null;0.2;0.5;0.1;1.1;0.1;
280046682;Tesco Closed Cup Mushrooms 300G;£1.00;£3.34/kg;Mushrooms;16;1.8;null;0.2;0.5;0.1;1.1;0.1;
278192789;Tesco Stuffed Mini Mushrooms 240G;£1.75;£7.30/kg;Mushrooms;92;2.2;null;1.5;7.1;4.5;1.0;0.1;
273654879;Tesco Finest Forestiere Mushrooms 250G;£1.25;£5.00/kg;Mushrooms;null;null;null;null;null;null;null;null;
286021474;Tesco Finest Oyster Mushrooms 100G;£1.00;£10.00/kg;Mushrooms;null;null;null;null;null;null;null;null;
273664769;Tesco Finest Shiitake Mushrooms 125G;£1.25;£10.00/kg;Mushrooms;null;null;null;null;null;null;null;null;
281425851;Tesco Red Onions 3Pack Min 385G;£1.00;£2.60/kg;Onions & Shallots;null;null;null;null;null;null;null;null;
252903928;Shallots Onions 300G;£1.00;£3.34/kg;Onions & Shallots;24;1.5;null;3.3;0.2;<0.1;1.4;<0.01;
282649089;Tesco Finest Sweet Onion 3 Pack Min 385G;£1.50;£3.90/kg;Onions & Shallots;null;null;null;null;null;null;null;null;
286784440;Tesco Diced Onion 450G;£0.90;£2.00/kg;Onions & Shallots;42;1.2;null;3.7;0.2;0.1;1.9;0;
258114107;Tesco Red Onions Loose;£0.18;£0.85/kg;Onions & Shallots;41;1.2;null;5.5;0.2;0;1.4;0.1;
286784601;Tesco Sliced Red Onion 320G;£1.00;£3.13/kg;Onions & Shallots;37;0.9;null;4.7;0.2;<0.1;1.6;0.1;
259098826;Tesco Finest Echalion Shallots 400G;£1.50;£3.75/kg;Onions & Shallots;24;1.5;null;3.3;0.2;trace;1.4;null;
281426090;Tesco Brown Onions 3 Pack Min 485G;£1.00;£2.07/kg;Onions & Shallots;null;null;null;null;null;null;null;null;
264705160;Tesco Organic Red Onions;£1.00;£1.87/kg;Onions & Shallots;41;1.2;null;5.6;0.2;<0.1;1.4;<0.01;
281054492;Tesco Jumbo Spring Onions 130G;£1.00;£7.70/kg;Onions & Shallots;null;null;null;null;null;null;null;null;
255284687;Tesco Salad Onions 125G;£0.89;£7.12/kg;Onions & Shallots;null;null;null;null;null;null;null;null;
281035500;Tesco Bunched Spring Onions 100G;£0.49;£4.90/kg;Onions & Shallots;null;null;null;null;null;null;null;null;
273761014;Tesco Everyday Value Onions 1Kg;£0.63;£0.63/kg;Onions & Shallots;null;null;null;null;null;null;null;null;
285959495;Tesco Rosanna Onions 1Kg;£0.50;£0.50/kg;Onions & Shallots;null;null;null;null;null;null;null;null;
253557034;Loose Brown Onions;£0.16;£0.78/kg;Onions & Shallots;41;1.2;null;5.6;0.2;0;1.4;0.1;
265958666;Tesco Red Onions 1Kg;£1.00;£1.00/kg;Onions & Shallots;41;1.2;null;5.5;0.2;0;1.4;0.1;
268597343;Tesco Organic Brown Onions 750G;£1.00;£1.34/kg;Onions & Shallots;41;1.2;null;5.6;0.2;0;1.4;0.1;
280198242;Cooking Onions Brown Onions 2.5Kg;£1.95;£0.78/kg;Onions & Shallots;null;null;null;null;null;null;null;null;
255736044;Tesco Brown Onions 1Kg;£0.79;£0.79/kg;Onions & Shallots;41;1.2;null;5.6;0.2;0;1.4;0.1;
277248006;Tesco Organic White Mushrooms 290G;£1.00;£3.45/kg;Organic Vegetables;null;null;null;null;null;null;null;null;
273796797;Tesco Organic Chestnut Mushrooms 250G;£1.25;£5.00/kg;Organic Vegetables;null;null;null;null;null;null;null;null;
253764572;Tesco Organic Carrots 1.20Kg;£1.70;£1.42/kg;Organic Vegetables;null;null;null;null;null;null;null;null;
265911756;Tesco Organic Curly Kale 200G;£1.50;£5.00/kg;Organic Vegetables;40;3.4;null;1.3;1.6;0.2;3.1;0.1;
264705160;Tesco Organic Red Onions;£1.00;£1.87/kg;Organic Vegetables;41;1.2;null;5.6;0.2;<0.1;1.4;<0.01;
250260090;Tesco Organic Mangetout 150G;£1.60;£10.67/kg;Organic Vegetables;38;3.6;null;3.4;0.2;<0.1;2.3;0.1;
267815791;Tesco Organic Broccoli 300G;£1.25;£4.17/kg;Organic Vegetables;null;null;null;null;null;null;null;null;
253564647;Tesco Organic Red Or White Cabbages Loose;£1.27;£1.75/kg;Organic Vegetables;null;null;null;null;null;null;null;null;
257479195;Tesco Organic Cauliflower Each;£2.00;£2.00/each;Organic Vegetables;null;null;null;null;null;null;null;null;
277926811;Tesco Organic Tender Stem Broccoli 200G;£2.50;£12.50/kg;Organic Vegetables;null;null;null;null;null;null;null;null;
256687445;Tesco Organic Carrots 700G;£1.00;£1.43/kg;Organic Vegetables;42;0.6;null;7.4;0.3;0.1;2.4;0;
250869015;Tesco Organic Baby Corn 125G;£1.60;£12.80/kg;Organic Vegetables;28;2.3;null;1.9;0.4;<0.1;2.0;0.1;
264786644;Tesco Organic Salad Potatoes 1.3Kg;£1.70;£1.31/kg;Organic Vegetables;76;1.7;null;1.3;0.3;0.1;1.0;0.1;
256858664;Tesco Organic Leeks 400G;£2.00;£5.00/kg;Organic Vegetables;null;null;null;null;null;null;null;null;
263943944;Tesco Organic Potatoes 2Kg;£2.00;£1.00/kg;Organic Vegetables;82;2.1;null;0.6;0.2;0.1;1.3;<0.01;
268597343;Tesco Organic Brown Onions 750G;£1.00;£1.34/kg;Organic Vegetables;41;1.2;null;5.6;0.2;0;1.4;0.1;
250342022;Tesco Organic Spinach 200G;£1.50;£7.50/kg;Organic Vegetables;29;2.8;null;1.5;0.8;0.1;2.1;0.4;
279426357;Tesco Organic Green Beans 225G;£1.60;£7.12/kg;Organic Vegetables;null;null;null;null;null;null;null;null;
263943986;Tesco Organic Garlic 3 Pack;£0.90;£0.30/each;Organic Vegetables;110;7.9;null;1.6;0.6;0.1;4.1;null;
256725879;Tesco Organic Seasonal Cabbage;£1.30;£1.30/each;Organic Vegetables;40;3.0;null;2.7;1.0;0.1;3.4;<0.01;
256989802;Tesco Babycorn And Mangetout 175G;null;null;Peas, Beans & Sweetcorn;31;2.9;null;2.5;0.2;<0.1;2.1;<0.01;
279336901;Tesco Fine Beans 220G;£1.40;£6.37/kg;Peas, Beans & Sweetcorn;29;1.9;null;2.3;0.5;0.1;2.2;<0.01;
258491673;Tesco Green Beans 220G;£1.00;£1.00/kg;Peas, Beans & Sweetcorn;29;1.9;null;2.3;0.5;0.1;2.2;<0.01;
279337376;Tesco Runner Beans 255G;£1.40;£5.50/kg;Peas, Beans & Sweetcorn;null;null;null;null;null;null;null;null;
250869015;Tesco Organic Baby Corn 125G;£1.60;£12.80/kg;Peas, Beans & Sweetcorn;28;2.3;null;1.9;0.4;<0.1;2.0;0.1;
251788587;Tesco Mini Corn On The Cob 4 Pack;£1.50;£0.38/each;Peas, Beans & Sweetcorn;120;4.2;null;2.3;2.3;0.3;2.2;<0.01;
279337445;Tesco Stringless Beans 275G;£1.40;£5.10/kg;Peas, Beans & Sweetcorn;null;null;null;null;null;null;null;null;
282151147;Tesco Fine Beans And Tender Stem Broccoli 210G;£2.00;£9.53/kg;Peas, Beans & Sweetcorn;32;2.5;null;2.2;0.4;0.1;2.6;0;
253430898;Tesco Chefs Vegetable Medley 280G;£2.35;£8.40/kg;Peas, Beans & Sweetcorn;33;2.1;null;3.7;0.4;null;2.0;null;
253555825;Tesco Corn On The Cob Twinpack;£1.50;£0.75/each;Peas, Beans & Sweetcorn;120;4.2;null;2.3;2.3;0.3;2.2;<0.01;
279337595;Tesco Sugarsnaps 215G;£0.70;£0.23/10g;Peas, Beans & Sweetcorn;37;3.4;null;3.5;null;<0.1;1.5;0.1;
264653295;Tesco Stir Fry Vegetable Medley 220G;£2.35;£10.69/kg;Peas, Beans & Sweetcorn;41;2.6;null;4.8;0.4;0.1;2.3;0.1;
253558465;Tesco Super Sweet Sweetcorn Family Pack;£2.00;£0.50/each;Peas, Beans & Sweetcorn;120;4.2;null;2.3;2.3;0.3;2.2;<0.01;
279337186;Tesco Mangetout 215G;£1.40;£6.52/kg;Peas, Beans & Sweetcorn;38;3.6;null;3.4;0.2;<0.1;2.3;0.1;
279426357;Tesco Organic Green Beans 225G;£1.60;£7.12/kg;Peas, Beans & Sweetcorn;null;null;null;null;null;null;null;null;
274872803;Tesco Three Bean Casserole 500G;£1.50;£3.00/kg;Peas, Beans & Sweetcorn;136;7.8;null;4.7;0.8;0.2;7.9;0.2;
256443924;Tesco Finest Extra Fine Beans 250G;£2.00;£8.00/kg;Peas, Beans & Sweetcorn;29;1.9;null;2.3;0.5;0.1;2.2;<0.01;
279336786;Tesco Baby Corn 190G;£1.40;£7.37/kg;Peas, Beans & Sweetcorn;28;2.5;null;1.9;0.4;<0.1;2.0;0.3;
255094898;Tesco Charlotte Potatoes 1Kg;£1.00;£1.00/kg;Potatoes;null;null;null;null;null;null;null;null;
273150945;Tesco Finest Venezia Potatoes 750G;£1.00;£1.34/kg;Potatoes;76;1.7;null;1.3;0.3;0.1;1.0;0.1;
272405065;Tesco Finest Elfe Baking Potatoes 4 Pack;£1.25;£0.31/each;Potatoes;null;null;null;null;null;null;null;null;
268670469;Tesco Sweet Potatoes 1.25Kg;null;null;Potatoes;98;1.2;null;5.7;0.3;0.1;2.4;null;
268132813;Greenvale Potatoes 2Kg;£2.00;£1.00/kg;Potatoes;75;2.1;17.2;null;0.2;null;1.3;0.02;
264786644;Tesco Organic Salad Potatoes 1.3Kg;£1.70;£1.31/kg;Potatoes;76;1.7;null;1.3;0.3;0.1;1.0;0.1;
263943944;Tesco Organic Potatoes 2Kg;£2.00;£1.00/kg;Potatoes;82;2.1;null;0.6;0.2;0.1;1.3;<0.01;
286544391;Tesco Finest Elfe Potatoes 2Kg;£2.00;£1.00/kg;Potatoes;null;null;null;null;null;null;null;null;
253558183;Tesco Baking Potatoes Loose;£0.30;£1.00/kg;Potatoes;null;null;null;null;null;null;null;null;
258423784;Tesco Desiree Potatoes 2.5Kg;£1.00;£0.40/kg;Potatoes;null;null;null;null;null;null;null;null;
252367214;Tesco Organic Sweet Potatoes 750G;£2.00;£2.67/kg;Potatoes;98;1.2;null;5.7;0.3;0.1;2.4;null;
253555232;Tesco Seasonal New Potatoes Loose;£0.24;£1.99/kg;Potatoes;null;null;null;null;null;null;null;null;
266125635;Tesco Miniature New Potatoes 750G;£1.50;£2.00/kg;Potatoes;null;null;null;null;null;null;null;null;
280505378;Tesco Baking Sweet Potato 725G;£1.25;£0.17/100g;Potatoes;98;1.2;null;5.7;0.3;0.1;2.4;null;
259408260;Tesco Everyday Value White Potatoes 2.5Kg;£1.18;£0.47/kg;Potatoes;null;null;null;null;null;null;null;null;
258423951;Tesco Baking Potatoes 2.5Kg;£2.00;£0.80/kg;Potatoes;null;null;null;null;null;null;null;null;
253559199;Tesco Sweet Potatoes Loose;£0.44;£1.25/kg;Potatoes;98;1.2;null;5.7;0.3;0.1;2.4;null;
283668519;Tesco Baking Potatoes 2 Pack Min 350G;£1.25;£3.58/kg;Potatoes;null;null;null;null;null;null;null;null;
282029944;Greenvale Jacket Potatoes 4 Pack;£1.50;£0.38/each;Potatoes;75;2.1;17.2;null;0.2;null;1.3;0.02;
262988351;A Bartlett Rooster Potatoes 2Kg Pack;£2.00;£1.00/kg;Potatoes;73;1.8;null;0.6;0.1;trace;1.5;null;
250247999;Tesco Sliced Mushrooms 250G;£1.00;£4.00/kg;Prepared Vegetables;null;null;null;null;null;null;null;null;
267111051;Tesco Maris Piper Mashed Potato 425G;£1.00;£2.36/kg;Prepared Vegetables;84;1.5;null;1.6;2.3;1.5;1.8;0.5;
282488083;Tesco Beer Battered Crispy Slices 350G;£1.75;£5.00/kg;Prepared Vegetables;227;2.1;null;2.4 (3% of NRV;14.2;1.0;2.6;0.9 (15% of NRV;
277885115;Tesco Parmentiers Potatoes 520G;£1.75;£3.37/kg;Prepared Vegetables;145;2.3;null;3.1;5.4;1.8;2.6;0.2;
277902091;Tesco Carrot Batons 600G;£1.00;£1.39/kg;Prepared Vegetables;42;0.6;null;7.2;0.3;0.1;3.0;null;
260999122;Tesco Peeled Potatoes 750G;£1.00;£1.34/kg;Prepared Vegetables;89;1.6;null;1.7;0.1;<0.1;1.9;0.1;
279934527;Tesco Roast Potatoes 800G;£2.50;£3.13/kg;Prepared Vegetables;145;2.3;null;2.5;5.5;1.4;2.5;0.1;
263696533;Tesco Hand Shelled Peas 170G;£1.25;£7.36/kg;Prepared Vegetables;96;6.9;null;2.3;1.5;0.3;4.7;<0.01;
286784601;Tesco Sliced Red Onion 320G;£1.00;£3.13/kg;Prepared Vegetables;37;0.9;null;4.7;0.2;<0.1;1.6;0.1;
272336935;Tesco Baby Potatoes With Herb Butter 360G;£1.00;£2.78/kg;Prepared Vegetables;95;1.9;null;1.6;2.4;0.7;2.0;0.1;
282488175;Tesco Memphis Barbecue Style Sweet Potatoes 380G;£2.00;£5.27/kg;Prepared Vegetables;96;1.4;null;12.9;2.9;0.2;3.9;0.2;
278192789;Tesco Stuffed Mini Mushrooms 240G;£1.75;£7.30/kg;Prepared Vegetables;92;2.2;null;1.5;7.1;4.5;1.0;0.1;
277901570;Tesco Butternut Squash And Sweet Potato 350G;£1.25;£3.48/kg;Prepared Vegetables;47;0.9;null;6.5;0.4;0.1;2.1;<0.01;
277884433;Tesco Crispy Slices 350G;£1.50;£4.29/kg;Prepared Vegetables;256;3.0;null;0.7 (1% of NRV;15.1;1.1;2.1;0.3 (5% of NRV;
280218827;Tesco Root Vegetable Mash 425G;£1.00;£2.36/kg;Prepared Vegetables;67;1.5;null;1.7;1.4;0.9;2.4;0.3;
264541531;Pots With Garlic Butter And Parsley 360G;£1.00;£2.78/kg;Prepared Vegetables;84;1.7;null;2.1 (2% of NRV;1.4;0.3;2.3;0.1 (2% of NRV;
279684822;Edamame Beans 150G;£1.50;£10.00/kg;Prepared Vegetables;196;14.4;null;1.7;11.7;2.0;6.0;0.8;
286784440;Tesco Diced Onion 450G;£0.90;£2.00/kg;Prepared Vegetables;42;1.2;null;3.7;0.2;0.1;1.9;0;
280108566;Tesco Sliced Mushroom And Garlic Butter 135G;£1.00;£7.41/kg;Prepared Vegetables;59;2.4;null;0.5;3.8;2.4;1.3;0.1;
264488640;Tesco Broccoli Florets 240G;£1.25;£6.25/kg;Prepared Vegetables;39;4.4;null;1.5;0.9;0.2;3.0;<0.01;
264512762;Tesco Finest Sweetfire Baby Beetroot 180G;£1.50;£8.34/kg;Seasonal Veg;null;null;null;null;null;null;null;null;
259098826;Tesco Finest Echalion Shallots 400G;£1.50;£3.75/kg;Seasonal Veg;24;1.5;null;3.3;0.2;trace;1.4;null;
250869015;Tesco Organic Baby Corn 125G;£1.60;£12.80/kg;Seasonal Veg;28;2.3;null;1.9;0.4;<0.1;2.0;0.1;
264653295;Tesco Stir Fry Vegetable Medley 220G;£2.35;£10.69/kg;Seasonal Veg;41;2.6;null;4.8;0.4;0.1;2.3;0.1;
256989802;Tesco Babycorn And Mangetout 175G;null;null;Seasonal Veg;31;2.9;null;2.5;0.2;<0.1;2.1;<0.01;
268875020;Tesco Finest Imperator Carrots 450G;£1.00;£2.23/kg;Seasonal Veg;42;0.6;null;7.4;0.3;0.1;2.4;0.1;
273664769;Tesco Finest Shiitake Mushrooms 125G;£1.25;£10.00/kg;Seasonal Veg;null;null;null;null;null;null;null;null;
279336901;Tesco Fine Beans 220G;£1.40;£6.37/kg;Seasonal Veg;29;1.9;null;2.3;0.5;0.1;2.2;<0.01;
279647204;Tesco Asparagus And Tender Stem Broccoli 190G;£2.25;£11.85/kg;Seasonal Veg;null;null;null;null;null;null;null;null;
256443924;Tesco Finest Extra Fine Beans 250G;£2.00;£8.00/kg;Seasonal Veg;29;1.9;null;2.3;0.5;0.1;2.2;<0.01;
257211126;Tesco Baby Courgettes 200G;£1.40;£7.00/kg;Seasonal Veg;null;null;null;null;null;null;null;null;
280172612;Tesco Finest Large Flat Forestiere Mushrooms 250G;£1.75;£7.00/kg;Seasonal Veg;null;null;null;null;null;null;null;null;
279337186;Tesco Mangetout 215G;£1.40;£6.52/kg;Seasonal Veg;38;3.6;null;3.4;0.2;<0.1;2.3;0.1;
253430898;Tesco Chefs Vegetable Medley 280G;£2.35;£8.40/kg;Seasonal Veg;33;2.1;null;3.7;0.4;null;2.0;null;
286021474;Tesco Finest Oyster Mushrooms 100G;£1.00;£10.00/kg;Seasonal Veg;null;null;null;null;null;null;null;null;
272866906;Tesco Finest Wild Mushrooms 100G;£1.50;£15.00/kg;Seasonal Veg;null;null;null;null;null;null;null;null;
273150945;Tesco Finest Venezia Potatoes 750G;£1.00;£1.34/kg;Seasonal Veg;76;1.7;null;1.3;0.3;0.1;1.0;0.1;
279336786;Tesco Baby Corn 190G;£1.40;£7.37/kg;Seasonal Veg;28;2.5;null;1.9;0.4;<0.1;2.0;0.3;
273654879;Tesco Finest Forestiere Mushrooms 250G;£1.25;£5.00/kg;Seasonal Veg;null;null;null;null;null;null;null;null;
272405065;Tesco Finest Elfe Baking Potatoes 4 Pack;£1.25;£0.31/each;Seasonal Veg;null;null;null;null;null;null;null;null;
252544097;Tesco Baby Leaf Greens 200G;£1.00;£5.00/kg;Spinach, Greens & kale;null;null;null;null;null;null;null;null;
273483804;Tesco Baby Spinach 240G;£1.50;£0.63/100g;Spinach, Greens & kale;30;2.8;null;1.5;0.8;0.1;2.7;0.4;
267908975;Tesco Choi Sum 200G;£1.60;£8.00/kg;Spinach, Greens & kale;null;null;null;null;null;null;null;null;
276414111;Tesco Spinach 200G;£1.00;£5.00/kg;Spinach, Greens & kale;29;2.8;null;1.5;0.8;0.1;2.1;0.4;
264013961;Tesco Chicory 270G;£1.50;£5.56/kg;Spinach, Greens & kale;null;null;null;null;null;null;null;null;
257961418;Tesco Fresh Greens 500G;£0.68;£1.36/kg;Spinach, Greens & kale;null;null;null;null;null;null;null;null;
252167192;Tesco Kale Tenderleaf 206G;£1.00;£4.86/kg;Spinach, Greens & kale;null;null;null;null;null;null;null;null;
275549004;Tesco Spinach 450G;£2.00;£4.00/kg;Spinach, Greens & kale;29;2.8;null;1.5;0.8;0.1;2.1;0.4;
260918818;Tesco Okra 175G;£1.99;£11.38/kg;Spinach, Greens & kale;null;null;null;null;null;null;null;null;
250342022;Tesco Organic Spinach 200G;£1.50;£7.50/kg;Spinach, Greens & kale;29;2.8;null;1.5;0.8;0.1;2.1;0.4;
273718534;Tesco Fresh Greens Sliced 300G;£1.30;£4.34/kg;Spinach, Greens & kale;null;null;null;null;null;null;null;null;
282648902;Tesco Baby Pak Choi 120G;£1.60;£13.34/kg;Spinach, Greens & kale;null;null;null;null;null;null;null;null;
278233914;Tesco Cooking Spinach 400G;£2.00;£5.00/kg;Spinach, Greens & kale;29;2.8;null;1.5;0.8;0.1;2.1;0.4;
265911756;Tesco Organic Curly Kale 200G;£1.50;£5.00/kg;Spinach, Greens & kale;40;3.4;null;1.3;1.6;0.2;3.1;0.1;
252895723;Tesco Pak Choi 250G;£1.40;£5.60/kg;Spinach, Greens & kale;19;1.5;null;1.2;0.2;<0.1;1.0;0.2;
261118197;Tesco Finest Black Kale 160G;£1.29;£8.07/kg;Spinach, Greens & kale;34;3.4;null;1.3;1.6;0.2;3.1;null;
278720966;Tesco Kale 500G;£2.00;£4.00/kg;Spinach, Greens & kale;null;null;null;null;null;null;null;null;
264653295;Tesco Stir Fry Vegetable Medley 220G;£2.35;£10.69/kg;Stir Fry;41;2.6;null;4.8;0.4;0.1;2.3;0.1;
279336786;Tesco Baby Corn 190G;£1.40;£7.37/kg;Stir Fry;28;2.5;null;1.9;0.4;<0.1;2.0;0.3;
280003459;Tesco Mushroom Stir Fry 320G;£1.00;£3.13/kg;Stir Fry;50;2.5;null;2.0;2.8;0.7;2.0;0.1;
284718546;Finest Bang Bang Paste And Chilli Splash 90G;£1.25;£13.89/kg;Stir Fry;0;0;null;0;0;0;0;0;
280003373;Tesco Vegetable And Beansprout Stir Fry 333G;£1.00;£3.01/kg;Stir Fry;49;1.9;null;3.3;2.6;0.6;2.2;0.1;
273679101;Tesco Beansprouts 370G;£0.60;£1.63/kg;Stir Fry;40;2.1;null;2.3;2.1;0.2;1.3;0.1;
280003776;Tesco Vegetable Stir Fry 380G;£1.00;£2.64/kg;Stir Fry;55;1.9;null;2.8;2.4;0.6;2.6;0.1;
272792238;Tesco Mixed Mushroom Stir Fry 280G;£1.70;£6.08/kg;Stir Fry;55;2.5;null;2.9;3.1;1.0;2.0;0.1;
272108215;Tesco Stir Fry Crunchy Vegetable 285G;£1.70;£5.97/kg;Stir Fry;56;1.9;null;3.0;3.2;0.6;2.2;0.1;
276886260;Tesco Mixed Pepper Stir Fry 280G;£1.50;£5.36/kg;Stir Fry;54;1.9;null;3.1;3.3;0.8;2.1;0.1;
252895723;Tesco Pak Choi 250G;£1.40;£5.60/kg;Stir Fry;19;1.5;null;1.2;0.2;<0.1;1.0;0.2;
267908975;Tesco Choi Sum 200G;£1.60;£8.00/kg;Stir Fry;null;null;null;null;null;null;null;null;
280003281;Tesco Large Stir Fry 570G;£1.70;£2.99/kg;Stir Fry;37;1.9;null;3.5;1.0;0.2;2.2;0.2;
264875049;Tesco Everyday Value Vegetable Stir Fry 700G;£1.00;£1.43/kg;Stir Fry;30;2.4;null;3.1;0.4;0.1;2.1;null;
282648902;Tesco Baby Pak Choi 120G;£1.60;£13.34/kg;Stir Fry;null;null;null;null;null;null;null;null;
256989802;Tesco Babycorn And Mangetout 175G;null;null;Stir Fry;31;2.9;null;2.5;0.2;<0.1;2.1;<0.01;
250869015;Tesco Organic Baby Corn 125G;£1.60;£12.80/kg;Stir Fry;28;2.3;null;1.9;0.4;<0.1;2.0;0.1;
284931984;Tesco Spinach And Kale Medley 175G;£1.50;£8.58/kg;Stir Fry;34;2.4;null;1.4;0.4;0.1;3.5;0.1;
274645687;Tesco Chinese Stir Fry Bowl 300G;£1.70;£5.67/kg;Stir Fry;62;1.9;null;4.1;3.3;1.0;2.1;0.1;
276886317;Tesco Pepper Stir-Fry Pack 300G;£1.00;£3.34/kg;Stir Fry;48;1.9;null;3.5;2.4;0.8;2.1;0.1;
263386065;Tesco Garlic Each;£0.30;£0.30/each;World Vegetables;110;7.9;null;1.6;0.6;0.1;4.1;<0.01;
259413656;Tesco Everyday Value Garlic 3 Pack;£0.49;£0.16/each;World Vegetables;110;7.9;null;1.6;0.6;0.1;4.1;<0.01;
263388823;Tesco Ginger 125G;£0.99;£7.92/kg;World Vegetables;44;1.4;null;2.4;0.6;0.2;2.0;0.1;
260918818;Tesco Okra 175G;£1.99;£11.38/kg;World Vegetables;null;null;null;null;null;null;null;null;
262979857;Tesco Garlic 4 Pack;£1.00;£0.25/each;World Vegetables;110;7.9;null;1.6;0.6;0.1;4.1;<0.01;
272682288;Tesco Chef's Choice Garlic Each;£0.50;£0.50/each;World Vegetables;110;7.9;null;1.6;0.6;0.1;4.1;null;
263943986;Tesco Organic Garlic 3 Pack;£0.90;£0.30/each;World Vegetables;110;7.9;null;1.6;0.6;0.1;4.1;null;
265299361;Tesco Ready To Eat Large Avocados Each;£1.00;£1.00/each;Avocado;null;null;null;null;null;null;null;null;
265299741;Tesco Ready To Eat Avocados Twin Pack;£1.80;£0.90/each;Avocado;null;null;null;null;null;null;null;null;
256074560;Tesco Ripen At Home Avocados 4 Pack;£1.75;£0.44/each;Avocado;null;null;null;null;null;null;null;null;
284605046;Tesco Ready To Eat Extra Large Avocados Each;£1.75;£1.75/each;Avocado;null;null;null;null;null;null;null;null;
282137758;Smokey Shredded Beetroot 180G;£1.25;£6.95/kg;Beetroot;null;null;null;null;null;null;null;null;
281055891;Tesco Organic Raw Beetroot 450G;£1.75;£3.89/kg;Beetroot;null;null;null;null;null;null;null;null;
272947742;Tesco Cooked Beetroot Vacuum Pack 300G;£0.80;£2.67/kg;Beetroot;null;null;null;null;null;null;null;null;
253877571;Tesco Everyday Value Beetroot Vacuum Pack 500G;£0.49;£0.98/kg;Beetroot;null;null;null;null;null;null;null;null;
264512762;Tesco Finest Sweetfire Baby Beetroot 180G;£1.50;£8.34/kg;Beetroot;null;null;null;null;null;null;null;null;
257990562;Tesco Traditional Fresh Cooked Beetroot 300G;£1.00;£3.34/kg;Beetroot;null;null;null;null;null;null;null;null;
281055568;Tesco Organic Celery 350G;£1.00;£2.86/kg;Celery & Spring Onions;null;null;null;null;null;null;null;null;
258745178;Tesco Celery Sticks 350G;£1.00;£2.86/kg;Celery & Spring Onions;null;null;null;null;null;null;null;null;
281054448;Tesco Celery Hearts 350G;£1.00;£2.86/kg;Celery & Spring Onions;null;null;null;null;null;null;null;null;
281054492;Tesco Jumbo Spring Onions 130G;£1.00;£7.70/kg;Celery & Spring Onions;null;null;null;null;null;null;null;null;
255284687;Tesco Salad Onions 125G;£0.89;£7.12/kg;Celery & Spring Onions;null;null;null;null;null;null;null;null;
281035500;Tesco Bunched Spring Onions 100G;£0.49;£4.90/kg;Celery & Spring Onions;null;null;null;null;null;null;null;null;
281035552;Tesco Celery 450G;£0.69;£1.54/kg;Celery & Spring Onions;null;null;null;null;null;null;null;null;
253559366;Tesco Cucumber Portion;£0.35;£0.35/each;Cucumber;null;null;null;null;null;null;null;null;
253558972;Tesco Whole Cucumber Each;£0.49;£0.49/each;Cucumber;null;null;null;null;null;null;null;null;
251582605;Tesco Organic Whole Cucumber;£1.00;£1.00/each;Cucumber;null;null;null;null;null;null;null;null;
253194105;Tesco Finger Chillies 80G;£0.90;£11.25/kg;Fresh Herbs & Chillies;20;2.9;null;0.7;0.6;<0.1;0;0.1;
252474219;Tesco Bunched Coriander 100G;£1.25;£0.13/10g;Fresh Herbs & Chillies;null;null;null;null;null;null;null;null;
256339363;Tesco Red Chillies 60G;£0.60;£10.00/kg;Fresh Herbs & Chillies;null;null;null;null;null;null;null;null;
255344507;Tesco Flat Leaf Parsley 31G;£0.70;£0.23/10g;Fresh Herbs & Chillies;null;null;null;null;null;null;null;null;
262453391;Tesco Mixed Chillies 65G;£0.60;£9.24/kg;Fresh Herbs & Chillies;null;null;null;null;null;null;null;null;
253358108;Tesco Basil Large Pot;£2.00;£2.00/each;Fresh Herbs & Chillies;null;null;null;null;null;null;null;null;
256200481;Tesco Bulb Chives Medium Pot;£1.25;£1.25/each;Fresh Herbs & Chillies;null;null;null;null;null;null;null;null;
259095927;Tesco Chives 30G;£0.70;£0.23/10g;Fresh Herbs & Chillies;null;null;null;null;null;null;null;null;
257482311;Tesco Bunched Flat Leaf Parsley 100G;£1.25;£0.13/10g;Fresh Herbs & Chillies;null;null;null;null;null;null;null;null;
287650136;Tesco Cut Curled Parsley 35G;£0.70;£0.20/10g;Fresh Herbs & Chillies;null;null;null;null;null;null;null;null;
255344104;Tesco Coriander 31G;£0.70;£0.23/10g;Fresh Herbs & Chillies;null;null;null;null;null;null;null;null;
259095864;Tesco Mint 30G;£0.70;£0.23/10g;Fresh Herbs & Chillies;null;null;null;null;null;null;null;null;
253553948;Tesco Green Chillies 65G;£0.60;£9.24/kg;Fresh Herbs & Chillies;null;null;null;null;null;null;null;null;
259095547;Tesco Tarragon 30G;£0.70;£0.23/10g;Fresh Herbs & Chillies;null;null;null;null;null;null;null;null;
256731301;Tesco Thai Lemon Grass Min 2 Stems;£0.70;£0.35/each;Fresh Herbs & Chillies;null;null;null;null;null;null;null;null;
256180514;Tesco Basil Medium Pot;£1.25;£1.25/each;Fresh Herbs & Chillies;null;null;null;null;null;null;null;null;
267917814;Tesco Cut Thyme 30G;£0.70;£0.23/10g;Fresh Herbs & Chillies;null;null;null;null;null;null;null;null;
255344058;Tesco Basil 31G;£0.70;£0.23/10g;Fresh Herbs & Chillies;null;null;null;null;null;null;null;null;
259095708;Tesco Rosemary 30G;£0.70;£0.23/10g;Fresh Herbs & Chillies;null;null;null;null;null;null;null;null;
259095242;Tesco Dill 30G;£0.70;£0.23/10g;Fresh Herbs & Chillies;null;null;null;null;null;null;null;null;
253557495;Tesco Iceberg Lettuce Each;£0.49;£0.49/each;Lettuce & Chicory;null;null;null;null;null;null;null;null;
253559988;Tesco Chinese Leaf Each;£1.20;£1.20/each;Lettuce & Chicory;null;null;null;null;null;null;null;null;
267315167;Fresh And Naked Just Lambs Lettuce 60G;£0.90;£15.00/kg;Lettuce & Chicory;null;null;null;null;null;null;null;null;
264013961;Tesco Chicory 270G;£1.50;£5.56/kg;Lettuce & Chicory;null;null;null;null;null;null;null;null;
283086891;Tesco Sandwich Iceberg 150G;£1.25;£0.83/100g;Lettuce & Chicory;16;0.7;null;1.9;0.3;0;1.4;<0.01;
253560041;Tesco Little Gem Lettuce Twin Pack;£0.80;£0.40/each;Lettuce & Chicory;null;null;null;null;null;null;null;null;
288044334;Tesco Round Lettuce Each;£0.51;£0.51/each;Lettuce & Chicory;null;null;null;null;null;null;null;null;
265960269;Tesco Romaine Lettuce Hearts Twin Pack;£1.25;£0.63/each;Lettuce & Chicory;null;null;null;null;null;null;null;null;
264534350;Tesco Sweet Gem Lettuce 2 Pack;£1.00;£0.50/each;Lettuce & Chicory;null;null;null;null;null;null;null;null;
284744186;Tesco Finest Super Sweet Seedless Chiquino Pepper 200G;£1.50;£7.50/kg;Peppers;31;1.2;null;5.1;0.2;0.1;1.7;<0.01;
258905427;Tesco Yellow Peppers Each;£0.60;£0.60/each;Peppers;null;null;null;null;null;null;null;null;
258421636;Tesco Red Peppers Each;£0.60;£0.60/each;Peppers;36;1.0;null;6.1;0.4;0.1;1.6;<0.01;
251298216;Tesco Finest Sweet Pointed Peppers 220G;£1.50;£6.82/kg;Peppers;null;null;null;null;null;null;null;null;
283434013;Tesco Sweet Mirabella Peppers 200G;£1.20;£6.00/kg;Peppers;null;null;null;null;null;null;null;null;
277856916;Tesco Family Pack Mini Sweet Peppers 500G;£2.50;£5.00/kg;Peppers;31;1.2;null;5.1;0.2;0.1;1.7;<0.01;
281068426;Tesco Organic Pepper 250G;£1.49;£5.96/kg;Peppers;null;null;null;null;null;null;null;null;
258421665;Tesco Orange Peppers Each;£0.60;£0.60/each;Peppers;31;1.2;null;5.1;0.2;0.1;1.7;<0.01;
281068789;Tesco Organic Sweet Pointed Peppers 180G;£1.79;£9.95/kg;Peppers;null;null;null;null;null;null;null;null;
280145855;Everyday Value Peppers 900G;£1.50;£1.67/kg;Peppers;null;null;null;null;null;null;null;null;
277072870;Tesco Mixed Peppers 3 Pack 500G;£0.99;£0.33/each;Peppers;null;null;null;null;null;null;null;null;
258270595;Tesco Green Peppers Each;£0.60;£0.60/each;Peppers;null;null;null;null;null;null;null;null;
253892828;Tesco Growing Salad Cress Each;£0.24;£0.24/each;Radish & Cress;null;null;null;null;null;null;null;null;
261049366;Tesco Radish Pack 240G;£0.53;£2.21/kg;Radish & Cress;null;null;null;null;null;null;null;null;
264786644;Tesco Organic Salad Potatoes 1.3Kg;£1.70;£1.31/kg;Salad Potatoes;76;1.7;null;1.3;0.3;0.1;1.0;0.1;
255094898;Tesco Charlotte Potatoes 1Kg;£1.00;£1.00/kg;Salad Potatoes;null;null;null;null;null;null;null;null;
277438133;Norfolk Potatoes 750G;£1.50;£2.00/kg;Salad Potatoes;336 4;null;null;null;null;null;null;null;
253558183;Tesco Baking Potatoes Loose;£0.30;£1.00/kg;Salad Potatoes;null;null;null;null;null;null;null;null;
255095718;Tesco Baby Potatoes 1Kg;£0.98;£0.98/kg;Salad Potatoes;76;1.7;null;1.3;0.3;0.1;1.0;<0.01;
266125635;Tesco Miniature New Potatoes 750G;£1.50;£2.00/kg;Salad Potatoes;null;null;null;null;null;null;null;null;
253555232;Tesco Seasonal New Potatoes Loose;£0.24;£1.99/kg;Salad Potatoes;null;null;null;null;null;null;null;null;
273150945;Tesco Finest Venezia Potatoes 750G;£1.00;£1.34/kg;Salad Potatoes;76;1.7;null;1.3;0.3;0.1;1.0;0.1;
259410037;Tesco Everyday Value Baby Tomatoes 250G;£0.65;£2.60/kg;Tomatoes;null;null;null;null;null;null;null;null;
282997799;Tesco Salad Tomatoes 360G;£0.69;£1.92/kg;Tomatoes;null;null;null;null;null;null;null;null;
254999782;Tesco Beef Tomatoes Each;£0.80;£0.80/each;Tomatoes;null;null;null;null;null;null;null;null;
282723462;Tesco Organic Large On The Vine Tomatoes 400G;£1.50;£3.75/kg;Tomatoes;null;null;null;null;null;null;null;null;
277407971;Tesco Finest Baby Plum Tomatoes 250G;£1.50;£6.00/kg;Tomatoes;null;null;null;null;null;null;null;null;
285026044;Tesco Tomatoes On The Vine 380G;£1.00;£2.64/kg;Tomatoes;null;null;null;null;null;null;null;null;
256890526;Tesco Everyday Value Tomatoes 500G;£0.75;£1.50/kg;Tomatoes;20;0.7;null;3.1;0.3;0.1;1.0;0.1;
267457540;Tesco Salad Tomatoes 1Kg;£1.60;£1.60/kg;Tomatoes;null;null;null;null;null;null;null;null;
265927258;Tesco Organic Mini Tomatino 225G;£1.00;£4.00/kg;Tomatoes;null;null;null;null;null;null;null;null;
285026234;Tesco Sweet Vine Ripened Tomatoes 230G;£1.00;£4.35/kg;Tomatoes;null;null;null;null;null;null;null;null;
284863217;Family Pack Plum Tomatoes 750G;£1.50;£2.00/kg;Tomatoes;null;null;null;null;null;null;null;null;
278004806;Tesco Finest Mini San Marzano Tomatoes 270G;£1.50;£5.56/kg;Tomatoes;null;null;null;null;null;null;null;null;
267459342;Tesco Baby Plum Tomatoes 325G;£1.00;£3.08/kg;Tomatoes;null;null;null;null;null;null;null;null;
285026378;Tesco Finest Temptation Tomatoes 300G;£1.50;£5.00/kg;Tomatoes;null;null;null;null;null;null;null;null;
265555588;Tesco Organic Cherry On The Vine Tomatoes;£1.75;£8.75/kg;Tomatoes;null;null;null;null;null;null;null;null;
259945562;Tesco Finest Piccolo Cherry Tomatoes 220G;£1.50;£6.82/kg;Tomatoes;null;null;null;null;null;null;null;null;
280716474;Tesco Finest Sugardrop Tomatoes 220G;£1.50;£6.82/kg;Tomatoes;null;null;null;null;null;null;null;null;
282773626;Tesco Amber And Rosso Tomatoes On The Vine 425G;£2.00;£4.71/kg;Tomatoes;null;null;null;null;null;null;null;null;
285212132;Tesco Cherry Tomatoes 330G;£0.90;£2.73/kg;Tomatoes;20;0.7;null;3.1;0.3;0.1;1.0;0.1;
278838476;Tesco Sweet Mixed Baby Tomatoes 250G;£1.50;£6.00/kg;Tomatoes;null;null;null;null;null;null;null;null;
267315167;Fresh And Naked Just Lambs Lettuce 60G;£0.90;£15.00/kg;Salad Bags;null;null;null;null;null;null;null;null;
256667728;Florette Crispy Salad 200G;£1.75;£0.88/100g;Salad Bags;18;1.5;null;null;0.3;null;2.5;<0.1;
267917077;Tesco Beetroot Salad 160G;£1.50;£0.94/100g;Salad Bags;32;2.0;null;3.6;0.4;0.1;2.5;0.2;
275319911;Florette Sweet Crispy 150G;£1.00;£0.67/100g;Salad Bags;17;1.3;null;null;0.2;null;1.7;<0.1;
272107544;Fresh And Naked Spinach 125G;£0.90;£7.20/kg;Salad Bags;null;null;null;null;null;null;null;null;
276995418;Florette Peppery Crispy 120G;£1.00;£0.83/100g;Salad Bags;22;1.9;null;null;0.4;null;1.8;<0.1;
264699459;Tesco Babyleaf Salad 83G;£1.00;£1.21/100g;Salad Bags;21;1.5;null;1.6;0.6;0.1;1.8;0.1;
268477290;Fresh And Naked Mixed Little Leaves 90G;£0.90;£10.00/kg;Salad Bags;null;null;null;null;null;null;null;null;
268477226;Fresh And Naked Seasonal Little Leaves 90G;£0.90;£10.00/kg;Salad Bags;null;null;null;null;null;null;null;null;
268303963;Tesco Alfresco Salad 250G;£1.25;£0.50/100g;Salad Bags;26;0.8;null;3.7;0.4;0.1;1.9;0.1;
264230104;Tesco Aromatic Babyleaf Herb Salad 105G;£1.50;£1.43/100g;Salad Bags;26;2.1;null;1.6;0.7;0.1;2.3;0.3;
267315115;Fresh And Naked Just Wild Rocket 60G;£0.90;£15.00/kg;Salad Bags;null;null;null;null;null;null;null;null;
264437338;Florette Mixed Salad 200G;£1.38;£0.55/100g;Salad Bags;null;null;null;null;null;null;null;null;
282279411;Tesco Crispy Salad 120G;£1.00;£0.83/100g;Salad Bags;17;0.8;null;1.8;0.4;0.1;1.5;<0.01;
277488084;Tesco Family Babyleaf Salad 140G;£1.50;£1.08/100g;Salad Bags;21;1.5;null;1.6;0.6;0.1;1.8;0.1;
259840948;Tesco Everyday Value Crisp Mixed Salad 290G;£0.80;£0.28/100g;Salad Bags;24;1.1;null;3.1;0.4;0;1.8;0.1;
285846482;Florette Baby Kale 60G;£1.00;£16.67/kg;Salad Bags;22;2.9;null;null;0.4;null;1.7;0.50;
283086891;Tesco Sandwich Iceberg 150G;£1.25;£0.83/100g;Salad Bags;16;0.7;null;1.9;0.3;0;1.4;<0.01;
273483804;Tesco Baby Spinach 240G;£1.50;£0.63/100g;Salad Bags;30;2.8;null;1.5;0.8;0.1;2.7;0.4;
286893610;Florette Sweet And Crunchy 200G;£1.00;£0.50/100g;Salad Bags;22;1.1;null;null;0.2;null;1.9;<0.1;
280711456;Tesco Broad Bean Asparagus And Mint Houmous 182G;£1.00;£0.55/100g;Chilled Dips;282;7.1;null;0.5;23.0;2.2;3.7;1.0;
279490377;Tesco Finest Butter Bean And Roast Garlic Houmous 165G;£1.50;£0.91/100g;Chilled Dips;310;5.6;null;1.6;27.0;3.0;5.8;0.9;
272453329;Tesco Chunky Houmous 200G;£1.00;£0.47/100g;Chilled Dips;302;8.3;null;0.6;24.1;2.3;5.5;0.7;
256299023;Tesco Houmous 300G;£1.30;£0.43/100g;Chilled Dips;320;7.7;null;0.6;27.2;2.6;4.8;1.1;
260258101;Tesco Organic Houmous 200G;£1.00;£0.50/100g;Chilled Dips;332;6.8;null;0.8;29.0;3.6;7.2;1.0;
281296806;Tesco Healthy Living Spiced Lentil And Chickpea Dip 182G;£1.00;£0.55/100g;Chilled Dips;178;6.1;null;3.6;9.4;1.2;4.0;1.1;
281381550;Tesco Healthy Living Beetroot And Mint Houmous 182G;£1.00;£0.55/100g;Chilled Dips;183;5.9;null;1.5;11.3;1.0;6.5;0.6;
277043369;Tesco Finest Spiced Moroccan Houmous 165G;£1.50;£0.91/100g;Chilled Dips;298;6.4;null;2.8;24.9;2.3;5.3;0.8;
279489869;Tesco Houmous Mini Multipack 210G;£1.35;£0.64/100g;Chilled Dips;268;6.5;null;7.4;19.7;2.0;3.4;0.6;
282153675;Tesco Houmous Snacking Dips 160G;£1.25;£0.78/100g;Chilled Dips;320;7.7;null;0.6;27.2;2.6;4.8;1.1;
280677818;Tesco Lemon And Coriander Houmous 182G;£1.00;£0.55/100g;Chilled Dips;278;6.4;null;2.3;22.5;2.6;5.7;1.4;
279490037;Tesco Reduced Fat Caramelised Houmous 300G;£1.30;£0.43/100g;Chilled Dips;180;5.8;null;8.5;8.9;0.9;3.3;0.8;
281296979;Tesco Healthy Living Reduced Fat Houmous Stacker 3X70G;£1.25;£0.60/100g;Chilled Dips;223;8.0;null;2.0;14.4;1.7;4.5;0.8;
274833804;Tesco Everyday Value Houmous Dip 300G;£1.00;£0.33/100g;Chilled Dips;222;5.4;null;0.6;15.6;1.8;4.8;1.3;
260083981;Tesco Houmous 200G;£1.00;£0.50/100g;Chilled Dips;320;7.7;null;0.6;27.2;2.6;4.8;1.1;
260084012;Tesco Reduced Fat Houmous Dip 200G;£1.00;£0.50/100g;Chilled Dips;239;9.3;null;0.7;16.4;1.9;4.5;1.0;
281109045;Tesco Jalapeno And Red Pepper Houmous 182G;£1.00;£0.55/100g;Chilled Dips;294;7.4;null;1.2;23.8;2.1;5.1;0.8;
281296933;Tesco Health Living Reduced Fat Houmous 182G;£1.00;£0.55/100g;Chilled Dips;233;8.6;null;1.0;15.6;1.7;5.1;0.8;
282153001;Tesco Moroccan Houmous 182G;£1.00;£0.55/100g;Chilled Dips;212;7.3;null;2.2;13.6;1.5;8.4;1.0;
280738027;Tesco Caramelised Onion Houmous 182G;£1.00;£0.55/100g;Chilled Dips;247;4.1;null;4.8;19.4;1.9;4.3;1.6;
257457653;Tesco Coleslaw 180G;£0.48;£0.27/100g;Coleslaw & Potato Salad;277;1.1;null;3.0;27.9;3.1;0.5;0.5;
266882626;Tesco Potato Salad 600G;£1.20;£0.15/100g;Coleslaw & Potato Salad;180;1.0;null;1.1;14.2;1.2;1.3;null;
281319424;Tesco Healthy Living Coleslaw Salad 180G;£0.48;£0.27/100g;Coleslaw & Potato Salad;127;1.0;null;5.2;11.0;1.3;1.6;0.6;
257462957;Tesco Potato Salad 300G;£0.64;£0.21/100g;Coleslaw & Potato Salad;179;1.0;null;1.1;14.2;1.2;1.3;0.7;
251523072;Tesco Potato Salad Creamy Coleslaw 2 Pack 500G;£1.30;£0.26/100g;Coleslaw & Potato Salad;153;1.2;null;2.4;12.5;1.0;2.9;0.5;
277117058;Tesco Finest Deli Style Potato Salad 275G;£2.15;£0.78/100g;Coleslaw & Potato Salad;166;1.6;null;0.8;12.9;1.0;1.2;0.3;
277220148;Tesco Finest Coleslaw Salad 600G;£2.00;£0.33/100g;Coleslaw & Potato Salad;247;1.1;null;1.7;25.6;1.9;1.6;0.3;
255412053;Tesco Cheese Coleslaw 300G;£1.00;£0.33/100g;Coleslaw & Potato Salad;200;3.2;null;4.7;18.1;3.4;1.5;0.8;
281319545;Tesco Healthy Living Coleslaw 300G;£0.64;£0.21/100g;Coleslaw & Potato Salad;127;1.0;null;5.2;11.0;1.3;1.6;0.6;
277117162;Tesco Everyday Value Coleslaw 250G;£0.25;£0.10/100g;Coleslaw & Potato Salad;110;1.0;null;3.3;9.8;1.0;1.9;0.6;
266881787;Tesco Coleslaw 600G;£1.00;£0.13/100g;Coleslaw & Potato Salad;185;0.9;null;5.3;17.1;1.7;1.6;null;
281318713;Tesco Healthy Living Potato Salad 300G;£0.64;£0.21/100g;Coleslaw & Potato Salad;110;1.3;null;2.2;5.9;0.8;0.9;0.5;
277116059;Tesco Finest Coleslaw 335G;£1.15;£0.34/100g;Coleslaw & Potato Salad;247;1.1;null;1.7;25.6;1.9;1.6;0.3;
257457716;Tesco Coleslaw 300G;£0.64;£0.21/100g;Coleslaw & Potato Salad;183;0.9;null;5.3;17.1;1.7;1.6;0.6;
252740515;Tesco Everyday Value Potato Salad 250G;£0.35;£0.14/100g;Coleslaw & Potato Salad;149;1.0;null;1.8;10.8;0.8;1.3;0.6;
276252774;Tesco Finest Coleslaw 180G;£0.70;£0.39/100g;Coleslaw & Potato Salad;247;1.1;null;1.7;25.6;1.9;1.6;0.3;
281341615;Tesco Healthy Living Coleslaw 600G;£1.20;£0.20/100g;Coleslaw & Potato Salad;127;1.0;null;5.2;11.0;1.3;1.6;0.6;
278504445;Tesco Finest Chunky Coleslaw 630G;£2.30;£0.37/100g;Coleslaw & Potato Salad;233;1.2;null;4.1;22.9;1.8;2.9;0.3;
283356860;Tesco Finest Mango Chilli And Lime 150Ml;£1.50;£1.00/100ml;Dressings & Toppers;304;1.0;null;12.2;27.9;1.9;0.5;0.8;
282530816;Fresh Gourmet Ciabatta 28G;£0.75;£2.68/100g;Dressings & Toppers;1801kJ;9.5;null;null;13.1;null;4.6;null;
282530678;Fresh Gourmet Sea Salt And Cracked Black Pepper 28G;£0.75;£2.68/100g;Dressings & Toppers;1958kJ;12.7;null;null;16.6;null;2.1;null;
274157683;Good4u Super Shoots Peppery Flavour 50G;£1.25;£2.50/100g;Dressings & Toppers;null;4.7;null;null;1.2;null;2.5;0.04;
277811359;Tesco Reduce Fat French Dressing 150Ml;£1.00;£6.67/l;Dressings & Toppers;90;0.4;null;9.8;3.3;0.2;0.6;1.7;
271613200;Tesco Honey And Mustard Dressing 150Ml;£1.00;£0.67/100ml;Dressings & Toppers;507;1.1;null;5.6;53.0;7.2;0.7;1.0;
283148997;Fresh Gourmet Caesar Croutons 28G;£0.75;£2.68/100g;Dressings & Toppers;549kJ;3.6;null;null;4.7;null;0.56;0.7;
282530874;Fresh Gourmet Cheese And Garlic Case 28G;£0.75;£2.68/100g;Dressings & Toppers;1961kJ;13.0;null;null;17.0;null;2.0;null;
262138062;Good4u Lentil Pea And Bean Shoots 180G;£1.25;£0.69/100g;Dressings & Toppers;null;11.7;null;null;0.2;null;8.9;0.04;
282152282;Tesco Finest Caesar Salad Dressing 150Ml;£1.50;£10.00/l;Dressings & Toppers;559;2.8;null;0.9;60.3;5.0;0.5;1.2;
271605849;Tesco Finest Balsamic Dressing 150Ml;£1.50;£1.00/100ml;Dressings & Toppers;306;1.2;null;21.6;23.5;2.2;0.5;1.1;
271605434;Tesco Caesar Dressing 150Ml;£1.00;£0.67/100ml;Dressings & Toppers;448;2.1;null;2.4;47.1;4.0;0.6;1.3;
282530724;Fresh Gourmet Tortilla Strips 28G;£0.75;£2.68/100g;Dressings & Toppers;2430kJ;6.1;null;null;40.2;null;5.2;null;
282570774;Fresh Gourmet Crispy Onions 28G;£0.75;£2.68/100g;Dressings & Toppers;2444kJ;7.3;null;null;42.8;null;2.9;null;
283087331;Tesco Dressing Vinaigrette 150Ml;£1.00;£0.67/100ml;Dressings & Toppers;null;null;null;null;null;null;null;null;
277993724;Good4u Sunflower Linseed And Sesame Sprinkles 20G;£0.75;£3.75/100g;Dressings & Toppers;445kj;3.8;null;null;9;null;13;0.2;
265855072;Tesco Chicken And Bacon Pasta 465G;£2.20;£0.47/100g;Prepared Salad & Pasta;234;9.4;null;0.8;13.1;1.2;2.0;0.7;
283670913;Tesco Chilli Chicken Noodle Salad 245G;£2.50;£1.25/100g;Prepared Salad & Pasta;102;6.3;null;5.6;2.1;0.8;1.7;0.7;
282745430;Tesco Finest Lentil And Sweet Potato Salad 220G;£2.15;£0.98/100g;Prepared Salad & Pasta;123;6.0;null;3.7;3.2;0.3;4.5;0.3;
254500181;Tesco Flamegrilled Chicken And Bacon Pasta 300G;£2.00;£0.67/100g;Prepared Salad & Pasta;211;7.6;null;1.1;11.8;1.3;1.9;0.5;
282745418;Tesco Chicken And Red Pepper Couscous 400G;£2.20;£0.55/100g;Prepared Salad & Pasta;158;8.6;null;2.2;4.8;0.4;1.6;0.9;
268858906;Tesco Fried Chicken And Hoisin Noodle Salad 220G;£1.80;£0.82/100g;Prepared Salad & Pasta;158;6.7;null;3.7;3.5;0.6;1.6;0.7;
266078241;Tesco Finest Spinach Pinenut Pasta 215G;£2.15;£1.00/100g;Prepared Salad & Pasta;240;7.2;null;1.0;12.9;2.2;1.5;1.0;
279725222;Tesco Pesto Pasta Salad 190G;£1.35;£0.71/100g;Prepared Salad & Pasta;184;4.6;null;1.4;8.8;1.4;1.7;1.0;
264510919;Tesco Southern Fried Chicken Pasta 300G;£2.00;£0.67/100g;Prepared Salad & Pasta;197;6.4;null;2.9;9.2;1.3;1.2;0.6;
265855135;Tesco Prawn Pasta 465G;£2.20;£0.47/100g;Prepared Salad & Pasta;179;4.8;null;2.2;7.5;0.6;1.3;0.6;
278935113;Tesco Feta And Slow Roast Tomato Pasta 290G;£2.00;£0.69/100g;Prepared Salad & Pasta;126;5.2;null;2.3;4.0;1.1;1.2;0.5;
274661794;Tesco Spicy Chicken And Piri Piri Pasta 285G;£2.00;£0.70/100g;Prepared Salad & Pasta;142;6.9;null;3.0;1.9;0.3;1.6;0.3;
254954991;Tesco Cheese And Tomato Pasta 300G;£1.60;£0.53/100g;Prepared Salad & Pasta;172;6.8;null;3.8;5.6;1.5;2.2;0.6;
283195859;Tesco Sweet Chilli Noodle Pot;£1.60;£1.60/each;Prepared Salad & Pasta;119;2.8;null;9.0;0.3;0.1;1.1;0.3;
254501341;Tesco Honey And Mustard Chicken Pasta 300G;£2.00;£0.67/100g;Prepared Salad & Pasta;235;6.8;null;2.4;11.8;1.6;1.4;0.5;
274809022;Tesco Spinach Pinenut Pasta 400G;£3.50;£0.88/100g;Prepared Salad & Pasta;240;7.2;null;1.0;12.9;2.2;1.5;1.0;
279725372;Tesco Curried Noodle 400G;£2.20;£0.55/100g;Prepared Salad & Pasta;184;3.8;null;2.0;9.5;0.7;1.1;1.1;
277131484;Tesco Finest Chargrill Mushroom Pasta 220G;£2.15;£0.98/100g;Prepared Salad & Pasta;214;7.1;null;0.8;10.7;1.7;1.4;0.8;
277116364;Tesco Sweet Chilli Noodle Salad 200G;£1.35;£0.68/100g;Prepared Salad & Pasta;180;3.1;null;11.2;5.3;0.3;0.8;0.7;
277043997;Tesco Italian Pasta 550G;£2.20;£0.40/100g;Prepared Salad & Pasta;134;3.4;null;5.2;4.2;0.4;1.3;0.4;
254263380;Anchor Original Block Butter 500G;£3.25;£6.50/kg;Butter, Spreads & Margarine;744;0.6;null;null;82.2;null;null;1.7;
261819456;Tesco Everyday Value Unsalted Block Butter 250G >>;£0.86;£3.44/kg;Butter, Spreads & Margarine;747;0.6;null;0.6;82.2;52.1;0;0.1;
254263339;Lurpak Slightly Salted Block Butter 250G;£1.70;£6.80/kg;Butter, Spreads & Margarine;739 ;0.6 ;0.7 ;null;82 ;null;null;1.2 ;
255878060;Lurpak Unsalted Block Butter 250G;£1.70;£6.80/kg;Butter, Spreads & Margarine;747 ;0.6 ;0.7 ;null;82 ;null;null;<0.01 ;
258605615;Tesco Everyday Value Salted Block Butter 250G >>;£0.86;£3.44/kg;Butter, Spreads & Margarine;743;0.4;null;0.3;82.2;52.1;0;1.7;
253484799;Country Life Unsalted Block Butter 250G;£1.50;£6.00/kg;Butter, Spreads & Margarine;746;0.5;null;null;82.7;null;Nil;null;
277733993;President Slightly Salted Butter 250G;£1.65;£6.60/kg;Butter, Spreads & Margarine;null;null;null;null;null;null;null;null;
254263374;Anchor Original Block Butter 250G;£1.70;£6.80/kg;Butter, Spreads & Margarine;744;0.6;null;null;82.2;null;null;1.7;
262611446;Lurpak Garlic Butter 125G;£1.25;£10.00/kg;Butter, Spreads & Margarine;692 ;1.3 ;3.7 ;null;75 ;null;null;2.0 ;
259395941;Anchor Unsalted Block Butter 250G;£1.70;£6.80/kg;Butter, Spreads & Margarine;744;0.6;null;null;82.2;null;null;0.02;
250760137;President Unsalted Butter 250G;£1.65;£6.60/kg;Butter, Spreads & Margarine;null;null;null;null;null;null;null;null;
254263190;Country Life Original Block Butter 250G;£1.50;£6.00/kg;Butter, Spreads & Margarine;737;0.5;null;null;81.7;null;Nil;null;
254347811;Anchor Original Spreadable 250G;£1.75;£7.00/kg;Butter, Spreads & Margarine;696;0.3;0.3;null;77;null;null;1.1;
251607518;Anchor Lighter Spreadable 500G;£2.00;£4.00/kg;Butter, Spreads & Margarine;516;0.3;0.3;null;57;null;null;1.1;
251599085;St Helens Farm Goats Butter 250G;£1.90;£7.60/kg;Butter, Spreads & Margarine;null;0.5;null;null;88.0;null;null;1.5;
256542847;Tesco English Salted Block Butter 250G >>;£0.88;£3.52/kg;Butter, Spreads & Margarine;745;0.6;null;0.7;82.2;52.1;0;1.7;
250759439;Tesco Finest Salted Normandy Butter 250G;£1.75;£7.00/kg;Butter, Spreads & Margarine;725;0.7;null;0.5;80.0;53.6;0;2.0;
261819888;Tesco English Unsalted Block Butter 250G >>;£0.88;£3.52/kg;Butter, Spreads & Margarine;747;0.6;null;0.6;82.2;52.1;0;0.1;
254263282;Kerrygold Pure Irish Block Butter 250G;£1.60;£6.40/kg;Butter, Spreads & Margarine;723;0.4;null;null;80;null;null;null;
260388338;Tesco English Slightly Salted Block Butter 250G >>;£0.88;£3.52/kg;Butter, Spreads & Margarine;745;0.7;null;0.6;82.2;52.1;0;1.1;
285952957;Happy Egg White Free Range Eggs 6;£1.89;£0.32/each;Eggs;547kJ;12.6;null;null;9.0;null;null;0.385;
283845615;Happy Egg Organic 6 Pack Mixed Sizes;£2.20;£0.37/each;Eggs;547 kJ;12.6;null;null;9.0;null;null;0.385;
280418591;Rymer Farm Eggs Large Free Range 6 Eggs;£1.80;£0.30/each;Eggs;null;null;null;null;null;null;null;null;
260298462;Tesco Free Range Eggs Medium Box Of 12 >>;£1.75;£0.15/each;Eggs;null;null;null;null;null;null;null;null;
253270171;Big And Fresh Eggs Box Of 6;£1.00;£0.17/each;Eggs;547kJ;12.6;<0.5;null;9.0;null;null;0.385;
251744530;Big And Fresh Eggs Box Of 10;£1.50;£0.15/each;Eggs;547kJ;12.6;<0.5;null;9.0;null;null;0.385;
278418052;Tesco East Anglian Free Range Eggs Very Large 6 Pack;£1.85;£0.31/each;Eggs;131;12.6;null;<0.1;9.0;2.5;0;0.4;
280418429;Rymer Farm Eggs Medium Free Range 6 Eggs;£1.70;£0.28/each;Eggs;null;null;null;null;null;null;null;null;
250802567;Tesco Free Range Eggs Large Box Of 6;£1.30;£0.22/each;Eggs;null;null;null;null;null;null;null;null;
262705406;T East Anglian Free Range Eggs Large Box Of 6;£1.30;£0.22/each;Eggs;131;12.6;null;<0.1;9.0;2.5;0;0.4;
252114301;Tesco Everyday Value Eggs Minimum Weight Box Of 15 >>;£1.20;£0.08/each;Eggs;null;null;null;null;null;null;null;null;
250802613;Tesco Free Range Eggs Medium Box Of 6;£1.00;£0.17/each;Eggs;null;null;null;null;null;null;null;null;
260298456;Tesco Free Range Eggs Large Box Of 12 >>;£2.25;£0.19/each;Eggs;null;null;null;null;null;null;null;null;
259642505;Tesco Everyday Value Eggs Minimum Weight Box Of 10 >>;£1.00;£0.10/each;Eggs;null;null;null;null;null;null;null;null;
252114249;Tesco Everyday Value Eggs Minimum Weight Box Of 6 >>;£0.70;£0.12/each;Eggs;null;null;null;null;null;null;null;null;
285527908;Rymer Farm Eggs Medium Free Range 12 Eggs;£2.95;£0.25/each;Eggs;null;null;null;null;null;null;null;null;
264328992;Happy Egg Free Range Large Box Of 6;£1.90;£0.32/each;Eggs;547 kJ;12.6;null;null;9.0;null;null;0.385;
285527920;Rymer Farm Eggs Large Free Range 12 Eggs;£3.35;£0.28/each;Eggs;null;null;null;null;null;null;null;null;
274457564;Happy Egg Free Range Eggs Large Box Of 10;£3.15;£0.32/each;Eggs;547 kJ;12.6;null;null;9.0;null;null;0.385;
262705399;T East Anglian Free Range Eggs Medium Box Of 6;£1.00;£0.17/each;Eggs;131;12.6;null;<0.1;9.0;2.5;0;0.4;
262478806;Tesco Fresh British Double Cream 150Ml;£0.60;£0.40/100ml;Fresh Cream & Custard;467;1.5;null;1.6;50.5;31.4;0;0.1;
262480058;Tesco Fresh British Extra Thick Double Cream 300Ml >>;null;null;Fresh Cream & Custard;467;1.5;null;1.6;50.5;31.4;0;0.1;
264836160;Tesco British Half Fat Soured Cream 300Ml >>;£0.90;£0.30/100ml;Fresh Cream & Custard;112;4.4;null;5.4;8.1;5.4;0;0.1;
262479625;Tesco Fresh British Single Cream 600Ml >>;£1.35;£0.23/100ml;Fresh Cream & Custard;194;3.3;null;2.2;19.1;12.2;0;0.1;
262478920;Tesco Fresh British Whipping Cream 300Ml >>;£0.90;£0.30/100ml;Fresh Cream & Custard;366;1.9;null;2.6;38.7;24.2;0;0.1;
262479736;Tesco Fresh British Double Cream 600Ml >>;null;null;Fresh Cream & Custard;467;1.5;null;1.6;50.5;31.4;0;0.1;
262479245;Tesco Fresh British Single Cream 300Ml >>;£0.70;£0.23/100ml;Fresh Cream & Custard;194;3.3;null;2.2;19.1;12.2;0;0.1;
263772685;Tesco Half Fat Creme Fraiche 300Ml >>;£0.90;£0.30/100ml;Fresh Cream & Custard;169;3.0;null;3.7;15.0;10.2;0;0.1;
251614235;Yeo Valley Half Fat Organic Creme Fraiche 200G;£0.95;£0.48/100g;Fresh Cream & Custard;168;3.4;null;null;15.0;null;null;null;
262478586;Tesco Fresh British Single Cream 150Ml;£0.55;£0.37/100ml;Fresh Cream & Custard;194;3.3;null;2.2;19.1;12.2;0;0.1;
285421181;Yeo Valley 0% Creme Fraiche 200G;£0.95;£0.48/100g;Fresh Cream & Custard;61;7.6;null;null;0;null;null;null;
262480260;Tesco British Extra Thick Fresh Double Cream 600Ml >>;£1.75;£0.29/100ml;Fresh Cream & Custard;467;1.5;null;1.6;50.5;31.4;0;0.1;
277065654;Tesco Healthy Living Creme Fraiche 300Ml >>;£0.90;£0.30/100ml;Fresh Cream & Custard;80;5.8;null;5.7;2.4;1.5;<0.1;0.2;
250646398;Yeo Valley Organic Double Cream 227Ml;£0.95;£0.42/100ml;Fresh Cream & Custard;422;1.6;null;null;45.1;null;null;null;
259784550;Weight Watchers Creme Fraiche 200Ml;£0.97;£0.49/100ml;Fresh Cream & Custard;null;5.1;null;null;2.7;null;<0.5;null;
286815172;Yeo Valley Organic Soured Cream 227G;£0.95;£0.42/100g;Fresh Cream & Custard;190;2.5;null;null;18.5;null;null;null;
263772662;Tesco Creme Fraiche 300Ml >>;£0.90;£0.30/100ml;Fresh Cream & Custard;302;2.7;null;2.7;31.1;21.6;0;0.1;
262479533;Tesco Fresh British Double Cream 300Ml >>;null;null;Fresh Cream & Custard;467;1.5;null;1.6;50.5;31.4;0;0.1;
263772679;Tesco British Half Fat Creme Fraiche 600Ml >>;£1.60;£0.27/100ml;Fresh Cream & Custard;169;3.0;null;3.7;15.0;10.2;0;0.1;
263763736;Tesco Creme Fraiche 600Ml >>;£1.60;£0.27/100ml;Fresh Cream & Custard;302;2.7;null;2.7;31.1;21.6;0;0.1;
252207566;Tesco British Whole Milk 1.136L/2Pints;£0.75;£0.66/l;Fresh Milk;64;3.2;null;4.7;3.6;2.3;0;0.1;
251500030;Tesco Organic British Whole Milk 2.272L/4 Pints;£1.84;£0.81/l;Fresh Milk;68;3.4;null;4.7;4.0;2.6;0;0.1;
253732988;Tesco Pure British Whole Milk 2L;£1.49;£0.75/l;Fresh Milk;63;3.1;null;4.5;3.6;2.3;0;0.1;
287259122;A2 Whole Milk 1 Litre;£1.39;£1.39/l;Fresh Milk;null;null;null;null;null;null;null;null;
254957550;Tesco British Whole Milk 3.408L/6 Pints;£1.48;£0.43/l;Fresh Milk;64;3.2;null;4.7;3.6;2.3;0;0.1;
253689102;Tesco Organic British Whole Milk 568Ml/1 Pint;£0.58;£1.03/l;Fresh Milk;68;3.4;null;4.7;4.0;2.6;0;0.1;
254656543;Tesco British Semi Skimmed Milk 2.272Ltr/4Pints;null;null;Fresh Milk;50;3.6;null;4.8;1.8;1.1;0;0.1;
287259076;A2 Semiskimmed Milk 1 Litre;£1.39;£1.39/l;Fresh Milk;null;null;null;null;null;null;null;null;
252207537;Tesco British Semi Skimmed Milk 1.136L/2Pints;£0.75;£0.66/l;Fresh Milk;50;3.6;null;4.8;1.8;1.1;0;0.1;
257862075;Yeo Valley Organic Whole Milk 1L;£1.00;£1.00/l;Fresh Milk;68;3.4;null;null;4.0;null;null;null;
257265436;Cravendale Whole Milk 2 Litres;£1.90;£0.95/l;Fresh Milk;null;3.4;null;null;3.6;null;null;0.1;
262586694;Yeo Valley Organic Whole Milk 2L;£1.88;£0.94/l;Fresh Milk;68;3.4;null;null;4.0;null;null;null;
251314233;Tesco British Whole Milk 568Ml/1 Pint;£0.49;£0.86/l;Fresh Milk;64;3.2;null;4.7;3.6;2.3;0;0.1;
257750530;Tesco Finest Channel Island Milk 1L;£1.00;£1.00/l;Fresh Milk;79;4.0;null;4.6;5.0;3.2;0;0.1;
254656399;Tesco British Whole Milk 2.272L/4 Pints;£1.00;£0.44/l;Fresh Milk;64;3.2;null;4.7;3.6;2.3;0;0.1;
265227539;Tesco Pure British Whole Milk 1L;£1.00;£1.00/l;Fresh Milk;63;3.1;null;4.5;3.6;2.3;0;0.1;
255986260;Tesco British Semi Skimmed Milk 3.480L/6Pints;£1.48;£0.43/l;Fresh Milk;50;3.6;null;4.8;1.8;1.1;0;0.1;
251499900;Tesco Organic British Whole Milk 1.136L/2Pints;£1.14;£1.01/l;Fresh Milk;68;3.4;null;4.7;4.0;2.6;0;0.1;
251314158;Tesco British Semi Skimmed Milk 568Ml/1 Pint;£0.49;£0.86/l;Fresh Milk;50;3.6;null;4.8;1.8;1.1;0;0.1;
268601414;Gold Top Milk 1L;£1.10;£1.10/l;Fresh Milk;80;3.7;null;null;5;null;null;0.2;
269002678;Jus Rol All Butter Puff Pastry Ready Rolled 320G;£2.19;£6.85/kg;Fresh Pastry & Fresh Baking;1633kJ 817kJ -;6.1;null;null;24.0;null;2.2;0.71;
259727803;Jus Rol Puff Pastry Ready Rolled 320G;£1.00;£2.67/kg;Fresh Pastry & Fresh Baking;1589kJ 794kJ -;4.9;null;null;24.1;null;2.1;0.63;
266524105;Tesco Lighter Ready Rolled Shortcrust Pastry 375G;£1.30;£3.47/kg;Fresh Pastry & Fresh Baking;355;5.3;null;2.0;18.4;8.0;2.1;0.4;
277201603;Tesco Shortcrust Pastry Block500g;£1.10;£0.22/100g;Fresh Pastry & Fresh Baking;462;5.4;null;2.3;31.4;12.6;2.1;0.4;
259727861;Jus Rol Shortcrust Pastry Block 500G;£1.25;£2.50/kg;Fresh Pastry & Fresh Baking;1862kJ 931kJ -;6.3;null;null;29.3;null;2.2;0.59;
267662383;Tesco Shortcrust Pastry Ready Rolled 375G;£1.30;£3.47/kg;Fresh Pastry & Fresh Baking;442;5.0;null;1.7;28.0;11.2;1.8;0.5;
280987941;Jus Rol Bake It Fresh Apple Danish 320G;£2.00;£6.25/kg;Fresh Pastry & Fresh Baking;1379kJ 731kJ -;6.2;null;null;13.3;null;1.2;1.50;
259728007;Jus-Rol Puff Pastry Block 500G;£1.25;£2.50/kg;Fresh Pastry & Fresh Baking;1566kJ 783kJ -;5.7;null;null;23.6;null;2.0;0.89;
268973059;Jus Rol Shortcrust Pastry Ready Rolled 320G;£1.00;£3.13/kg;Fresh Pastry & Fresh Baking;1820kJ 910kJ -;6.1;null;null;28.8;null;2.1;0.58;
284906197;Jus-Rol Sweet Dessert Pastry 320G;£1.75;£5.47/kg;Fresh Pastry & Fresh Baking;1849kJ 925kJ -;5.8;null;null;27.0;null;1.5;0.56;
250829305;Theos Filo Pastry Ready Rolled 250G;£1.80;£7.20/kg;Fresh Pastry & Fresh Baking;315 Kcal;8.0;null;null;2.1;null;null;null;
273847951;Jus-Rol Bake It Fresh White Rolls 330G;£1.00;£0.30/100g;Fresh Pastry & Fresh Baking;1031kJ 567kJ -;9.5;null;null;2.7;null;1.9;1.99;
266524232;Tesco Puff Pastry Ready Rolled 375G;£1.30;£3.47/kg;Fresh Pastry & Fresh Baking;385;5.0;null;0.8;24.1;11.5;2.1;0.5;
273798478;Jus-Rol Bake It Fresh Garlic Pizza Bread 340G;£2.65;£0.78/100g;Fresh Pastry & Fresh Baking;1240kJ 533kJ -;8.3;null;null;11.1;null;1.7;1.55;
277200593;Tesco Puff Pastry Block 500G;£1.10;£0.22/100g;Fresh Pastry & Fresh Baking;380;5.7;null;3.6;23.3;11.2;2.6;0.5;
266524284;Tesco Lighter Puff Pastry Ready Rolled 375G;£1.30;£3.47/kg;Fresh Pastry & Fresh Baking;320;6.5;null;0.8;13.2;6.5;2.3;0.5;
273798639;Jus-Rol Bake It Fresh Pain Au Chocolate 275G;£2.00;£0.73/100g;Fresh Pastry & Fresh Baking;1540kJ 708kJ -;7.4;null;null;19.0;null;2.2;1.72;
267687286;Jus Rol Bake It Fresh Croissant 250G;£1.00;£0.40/100g;Fresh Pastry & Fresh Baking;1374kJ 577kJ -;7.8;null;null;16.1;null;1.5;2.22;
273798564;Jus-Rol Bake It Fresh Pizza 330G;£2.65;£0.80/100g;Fresh Pastry & Fresh Baking;756kJ 514kJ -;6.8;null;null;2.0;null;2.0;1.59;
269002874;Jus-Rol Light Puff Pastry Sheet 320G;£1.00;£3.13/kg;Fresh Pastry & Fresh Baking;1389kJ 649kJ -;6.4;null;null;16.5;null;2.3;1.00;
262611446;Lurpak Garlic Butter 125G;£1.25;£10.00/kg;Dairy Cooks Ingredients;692 ;1.3 ;3.7 ;null;75 ;null;null;2.0 ;
282979692;Lurpak Cooks Range Clarified Butter 250G;£3.25;£1.30/100g;Dairy Cooks Ingredients;898;0.0;null;null;null;null;null;0.0;
282123432;Tesco Roast Garlic And Herb Butter 60G;£1.00;£1.67/100g;Dairy Cooks Ingredients;625;2.2;null;1.9;64.0;42.5;1.5;1.1;
282979752;Lurpak Cooks Range Perfect Baking 500G;£3.25;£0.65/100g;Dairy Cooks Ingredients;635;0.5;null;null;70.0;null;null;0.0;
282123417;Tesco Lime Coriander And Chilli Butter 4 Pack;£1.00;£0.25/each;Dairy Cooks Ingredients;547;1.4;null;2.8;56.8;34.6;1.9;1.1;
282979717;Lurpak Cooks Cooking Mist 200Ml;£2.70;£1.35/100ml;Dairy Cooks Ingredients;792;0.1;null;null;87.9;null;null;0.5;
282123392;Tesco Basil, Parmesan And Tomato Butter 4 Pack;£1.00;£0.25/each;Dairy Cooks Ingredients;522;3.6;null;6.3;52.2;27.4;1.6;1.3;
256567363;Tesco Everyday Value Mild White Cheese Extra Large;£4.85;£4.85/kg;Cheddar Cheese;416;25.4;null;0.1;34.9;21.7;0;1.8;
268768585;Cathedral City Mild Cheddar 350G;£3.00;£8.58/kg;Cheddar Cheese;416;25.4;null;null;34.9;null;Nil;null;
255639574;Cathedral City Mature Cheddar 200G;£2.75;£13.75/kg;Cheddar Cheese;416;25.4;null;null;34.9;null;null;1.8;
280068854;Colliers Powerful Welsh Cheddar 350G;£4.00;£11.43/kg;Cheddar Cheese;416;25.4;null;null;34.9;null;Nil;null;
256566272;Tesco Everyday Value Mild White Cheese Small;£2.54;£5.65/kg;Cheddar Cheese;416;25.4;null;0.1;34.9;21.7;0;1.8;
281788518;Tesco Mild White Cheddar 340G;£2.50;£7.36/kg;Cheddar Cheese;416;25.4;null;0.1;34.9;21.7;0;1.8;
281788484;Tesco Mild White Cheddar 200G;£1.50;£7.50/kg;Cheddar Cheese;416;25.4;null;0.1;34.9;21.7;0;1.8;
277925449;Cathedral City Mature Cheddar 550G;£4.00;£7.28/kg;Cheddar Cheese;416;25.4;null;null;34.9;null;null;1.8;
285099158;Mu Medium 300G;£2.00;£6.67/kg;Cheddar Cheese;null;25.4;0.1;null;34.9;null;null;1.8;
256567305;Tesco Everyday Value Mild White Cheese Medium;£3.08;£5.40/kg;Cheddar Cheese;416;25.4;null;0.1;34.9;21.7;0;1.8;
282301604;Davidstow 3 Year Old 250G;£4.00;£16.00/kg;Cheddar Cheese;416;25.4;null;null;34.9;null;null;1.8;
282111564;Anchor Mature Cheddar 500G;£5.50;£11.00/kg;Cheddar Cheese;390;25.5;0.1;null;32.0;null;null;1.80;
277553324;Anchor Cheddar Mature 350G;£4.50;£12.86/kg;Cheddar Cheese;390;25.5;0.1;null;32.0;null;null;1.80;
281788432;Tesco Medium White Cheddar 200G;£1.50;£7.50/kg;Cheddar Cheese;416;25.4;null;0.1;34.9;21.7;0;1.8;
281814771;Tesco British Mild Cheddar 450G;£3.00;£6.67/kg;Cheddar Cheese;416;25.4;null;0.1;34.9;21.7;0;1.8;
272621937;Cathedral City Variety Twin Pack 2X350g;£7.50;£10.72/kg;Cheddar Cheese;416;25.4;null;null;34.9;null;null;1.8;
265787808;Cathedral City Mature Twin Pack 2 X 350G;£7.50;£10.72/kg;Cheddar Cheese;416;25.4;null;null;34.9;null;null;1.8;
268768873;Cathedral City Mature Cheddar 350G;£4.00;£11.43/kg;Cheddar Cheese;416;25.4;null;null;34.9;null;null;1.8;
281814707;Tesco British Medium Cheddar 450G;null;null;Cheddar Cheese;416;25.4;null;0.1;34.9;21.7;0;1.8;
281814431;Tesco Medium White Cheddar 340G;£2.50;£7.36/kg;Cheddar Cheese;416;25.4;null;0.1;34.9;21.7;0;1.8;
273197112;Cheestrings 8 Pack Twister 160G;£2.75;£17.19/kg;Cheese Spreads & Snacks;1264kJ 253kJ;23;null;null;22.5;null;null;1.9;
279427212;Dairylea Dunkers Mat Cheddar Ritz 4 X 46G Pack;£2.25;£12.23/kg;Cheese Spreads & Snacks;1265 kJ 583 kJ -;11.0;null;null;16.0;null;1.3;1.50;
285140259;Dairylea Light Cheese Spread 180G;£1.00;£5.56/kg;Cheese Spreads & Snacks;667kJ/ 167kJ/;16.5;null;null;7.2;null;0;1.53;
256041933;Dairylea Dunkers Jumbo Chipsticks (4X47g;£2.25;£11.25/kg;Cheese Spreads & Snacks;null;null;null;null;null;null;null;null;
273197498;Cheestrings 80G Cheddar 4 Pack 80G;£1.65;£20.63/kg;Cheese Spreads & Snacks;1264kJ 253kJ;23;null;null;22.5;null;null;1.9;
273197423;Cheestrings Twister 4 Pack 80G;£1.65;£20.63/kg;Cheese Spreads & Snacks;1264kJ 253kJ;23;null;null;22.5;null;null;1.9;
261533102;Dairylea Lunchables Ham And Cheese 101.9G;£1.50;£14.73/kg;Cheese Spreads & Snacks;1135 kJ 1155 kJ 8400 kJ/;17.0;null;null;11.5;null;1.4;1.73;
268835391;Chedds Cheese And Toasties 3 Pack;£2.20;£22.23/kg;Cheese Spreads & Snacks;414;19.3;null;null;22.7;null;null;1.4;
256041829;Dairylea Dunkers And Breadsticks (4X47g;£2.25;£11.25/kg;Cheese Spreads & Snacks;1030 kJ 483 kJ -;10.0;null;null;8.4;null;2.0;1.30;
272374993;Dairylea Dunkers Ritz 6X46g;£3.00;£10.87/kg;Cheese Spreads & Snacks;1115 kJ 513 kJ -;9.5;null;null;13.5;null;1.3;1.53;
273197665;Cheesestring Attack A Snack Ham Wrap 99G;£1.75;£17.68/kg;Cheese Spreads & Snacks;232;13.4;null;null;8.2;null;1.9;1.59;
273196620;Cheesestring Attack A Snack Chicken Wrap 99G;£1.75;£17.68/kg;Cheese Spreads & Snacks;232;13.4;null;null;8.1;null;2.0;1.45;
277746868;Chedds Nibbles 96G;£2.20;£22.92/kg;Cheese Spreads & Snacks;416;25.4;null;null;34.9;null;null;1.8;
273197354;Cheestrings Twister 12 Pack 240G;£4.00;£16.67/kg;Cheese Spreads & Snacks;1264kJ 253kJ;23;null;null;22.5;null;null;1.9;
282100174;Dairylea Lunchables Chicken And Cheese 93.9G;£1.50;£15.98/kg;Cheese Spreads & Snacks;1190 kJ 1120 kJ 8400 kJ/;18.0;null;null;12.5;null;1.5;1.78;
277486236;Attack A Snack Chicken And Barbecue 99G;£1.75;£17.68/kg;Cheese Spreads & Snacks;226;13.0;null;null;7.4;null;1.7;1.40;
273197279;Cheestrings Mega 12 Pack 240G;£4.00;£16.67/kg;Cheese Spreads & Snacks;1264kJ 253kJ;23;null;null;22.5;null;null;1.9;
268927553;Cheese Strings Spaghetti 68G;£1.77;£26.03/kg;Cheese Spreads & Snacks;1366kJ 232kJ;28;null;null;24;null;0;null;
273196994;Cheestrings 8 Pack Cheddar 160G;£2.75;£17.19/kg;Cheese Spreads & Snacks;1264kJ 253kJ;23;null;null;22.5;null;null;1.9;
265762469;Dairylea Dunkers Jumbo (6X47g) 282G;£3.00;£10.64/kg;Cheese Spreads & Snacks;1090kJ 513kJ;8.7;null;null;12.0;null;1.5;null;
280136244;Tesco Healthy Living Cottage Cheese with Cucumber & Mint 150g;£1.00;£6.67/kg;Cottage & Soft Cheese;68;9.5;null;4.7;1.2;0.8;0.4;0.6;
285249362;Tesco Healthy Living 0% Fat Cottage Cheese 600G;£1.90;£3.17/kg;Cottage & Soft Cheese;64;10.1;null;4.7;0.2;0.2;0.5;0.5;
280199791;Tesco Healthy Living 0% Fat Cottage Cheese 300G;£1.20;£4.00/kg;Cottage & Soft Cheese;64;10.1;null;4.7;0.2;0.2;0.5;0.5;
264562500;Tesco Everyday Value Natural Cottage Cheese 300G;£0.64;£2.14/kg;Cottage & Soft Cheese;63;9.5;null;3.5;0.5;0.4;0;0.6;
272315937;Philadelphia Cadbury Chocolate Light 160G;£1.90;£11.88/kg;Cottage & Soft Cheese;1190 kJ 357 kJ;6.1;null;null;13.0;null;1.8;0.53;
285140743;Philadelphia Light 180G;£1.85;£10.28/kg;Cottage & Soft Cheese;632 kJ 189 kJ;7.4;null;null;11;null;0.5;0.80;
285863550;Philadelphia Duo Cremoso Vine Tomatoes 150G;£2.20;£14.67/kg;Cottage & Soft Cheese;1155 kJ 347 kJ -;5.2;null;null;27.0;null;1.0;1.00;
263278809;Tesco Healthy Living Onion And Chive Cottage Cheese 300G;£1.20;£4.00/kg;Cottage & Soft Cheese;75;10.0;null;3.9;1.6;1.1;0.5;0.6;
274436278;Tesco Natural Cottage Cheese 6% Fat 600G;£1.90;£3.17/kg;Cottage & Soft Cheese;110;9.2;null;2.3;6.1;3.7;0;0.6;
276700792;Philadelphia Cadbury Snack 3 X 50G;£2.00;£13.34/kg;Cottage & Soft Cheese;1425 kJ 713 kJ 8400 kJ/;6.3;null;null;14.5;null;3.3;0.75;
263278654;Tesco Healthy Living Pineapple Cottage Cheese 300G;£1.20;£4.00/kg;Cottage & Soft Cheese;93;8.9;null;8.0;1.2;0.8;0;0.5;
278131488;Lake District Quark Natural 250G;£0.83;£3.32/kg;Cottage & Soft Cheese;270kJ;11.6;null;null;0.4;null;null;0.10;
285863636;Philadelphia Duo Cremoso Cracked Peppercorns 150G;£2.20;£14.67/kg;Cottage & Soft Cheese;1160kJ 348kJ -;5.3;null;null;27.0;null;1.1;1.0;
274436192;Tesco Healthy Living Sweet Chilli Cottage Cheese 300G;£1.20;£4.00/kg;Cottage & Soft Cheese;81;10.3;null;5.3;1.5;1.0;0.5;0.6;
285140772;Philadelphia Light 280G;£2.40;£8.58/kg;Cottage & Soft Cheese;632 kJ 189 kJ;7.4;null;null;11.0;null;0.5;0.80;
276865567;Tesco Healthy Living Black Pepper Cottage Cheese 150G;£1.00;£6.67/kg;Cottage & Soft Cheese;71;10.0;null;3.0;1.5;1.0;0.7;0.6;
285863509;Philadelphia Duo Cremoso Garlic And Fine Herbs 150G;£2.20;£14.67/kg;Cottage & Soft Cheese;1145 kJ 344 kJ -;5.2;null;null;26.5;null;1.0;1.15;
278148198;Lake District Quark Vanilla 250G;£0.83;£3.32/kg;Cottage & Soft Cheese;409kJ -;8.9;null;null;0.4;null;null;0.10;
267332077;Tesco Healthy Living Cottage Cheese Natural 600G;£1.90;£3.17/kg;Cottage & Soft Cheese;73;10.8;null;3.7;1.3;0.8;0;0.5;
263278815;Tesco Healthy Living Natural Cottage Cheese 300G;£1.20;£4.00/kg;Cottage & Soft Cheese;73;10.8;null;3.7;1.3;0.8;0;0.5;
281788121;Tesco Red Leicester Cheese 200G;£1.50;£7.50/kg;Regional Cheese;411;24.9;null;0.1;34.5;21.6;0;1.7;
264157669;Tesco Finest British Handmade Wensleydale 250G;£3.00;£12.00/kg;Regional Cheese;390;21.8;null;1.9;32.8;20.7;0;1.2;
281787387;Tesco Wensleydale Cheese 200G;£1.50;£7.50/kg;Regional Cheese;381;23.7;null;0.1;31.8;21.1;0;1.3;
262143166;Tesco Finest Wensleydale C/Bry&Bl/Bry175g;£2.30;£13.15/kg;Regional Cheese;359;17.9;null;13.3;24.8;12.3;2.1;1.0;
260636921;Tesco Everyday Value Double Gloucester Portions;£2.59;£5.75/kg;Regional Cheese;411;24.9;null;0.1;34.5;21.6;0;1.7;
281787646;Tesco Cheshire Cheese 200G;£1.50;£7.50/kg;Regional Cheese;381;23.7;null;0.1;31.8;21.1;0;1.3;
281787986;Tesco Double Gloucester Cheese 200G;£1.50;£7.50/kg;Regional Cheese;411;24.9;null;0.1;34.5;21.6;0;1.7;
278906534;Tesco Finest Tasty Lancashire Cheddar 250G;£3.00;£12.00/kg;Regional Cheese;389;23.2;null;0.1;32.9;21.5;0;1.8;
281814926;Tesco Red Leicester 400G;£3.00;£7.50/kg;Regional Cheese;411;24.9;null;0.1;34.5;21.6;0;1.7;
281787462;Tesco Lancashire Cheese 200G;£1.50;£7.50/kg;Regional Cheese;381;23.7;null;0.1;31.8;21.1;0;1.3;
264156837;Tesco Finest British Extra Mature Handmade Red Leicester 250G;£3.00;£12.00/kg;Regional Cheese;421;23.6;null;0;35.8;23.9;0;2.0;
264157560;Tesco Finest British Extra Mature Handmade Double Gloucester 250G;£3.00;£12.00/kg;Regional Cheese;409;22.5;null;1.6;34.7;22.6;0;1.7;
264152657;T Double Gloucester Onion And Chives 140G;£2.00;£14.29/kg;Regional Cheese;389;23.1;null;0.5;32.1;22.2;2.6;1.6;
264785714;Low Low Mature Cheese Slice 160G;£1.50;£9.38/kg;Sliced & Grated Cheese;302;26;null;null;22;null;0;null;
282072914;Anchor Mature Slices 160G;£2.00;£12.50/kg;Sliced & Grated Cheese;390;25.5;0.1;null;32.0;null;null;1.80;
265787820;Cath City Lighter Slices 150G;£1.95;£13.00/kg;Sliced & Grated Cheese;311;28.6;null;null;21.8;null;null;1.8;
264156434;Tesco British Extra Mature Cheddar Slices 250G;£2.00;£8.00/kg;Sliced & Grated Cheese;416;25.4;null;0.1;34.9;21.7;0;1.8;
262175800;Tesco Edam Slices 250G;£2.00;£8.00/kg;Sliced & Grated Cheese;313;25.0;null;0.1;23.6;16.4;0;2.0;
250585402;Port Salut Slices 120G;£2.00;£16.67/kg;Sliced & Grated Cheese;338 ;21,5 ;null;null;28 ;null;null;1,9 ;
264156296;Tesco British Mild 10 Cheddar Slices 250G;£2.00;£8.00/kg;Sliced & Grated Cheese;416;25.4;null;0.1;34.9;21.7;0;1.8;
264156169;Tesco British Mature 10 Cheddar Slices 250G;£2.00;£8.00/kg;Sliced & Grated Cheese;416;25.4;null;0.1;34.9;21.7;0;1.8;
264641188;Tesco Lighter Mature Grated Lighter 250G;£2.00;£8.00/kg;Sliced & Grated Cheese;324;27.6;null;0.2;22.7;14.8;0;1.6;
273939900;Leerdammer Light Slices 160G;£1.70;£10.63/kg;Sliced & Grated Cheese;271 ;29.5 ;null;null;17 ;null;null;1.6 ;
264156405;Tesco 10 Red Leicester Slices 250G;£2.00;£8.00/kg;Sliced & Grated Cheese;411;24.9;null;0.1;34.5;21.6;0;1.7;
260637004;Tesco Everyday Value Mild Cheddar Slices 240G;£1.31;£5.46/kg;Sliced & Grated Cheese;416;25.4;null;0.1;34.9;21.7;0;1.8;
277599650;Leerdammer Toastie 150G;£1.90;£12.67/kg;Sliced & Grated Cheese;352 ;21.5 ;null;null;29.5 ;null;null;1.6 ;
273939566;Leerdammer Slices 160G;£1.70;£10.63/kg;Sliced & Grated Cheese;356 ;27 ;null;null;27.5 ;null;null;1.5 ;
277969011;Cathedral City Matured Sliced 150G;£1.95;£13.00/kg;Sliced & Grated Cheese;416;25.4;null;null;34.9;null;null;1.8;
266659527;Mexicana Slices 160G;£1.75;£10.94/kg;Sliced & Grated Cheese;396;23.7;4.7;null;null;null;null;2.0;
259481468;Creamfields Dutch Gouda Slices 250G;£1.30;£5.20/kg;Sliced & Grated Cheese;357;24.0;null;0.1;29.0;20.0;0;1.8;
264156267;Tesco British 10 Medium Cheddar Slices 250G;£2.00;£8.00/kg;Sliced & Grated Cheese;416;25.4;null;0.1;34.9;21.7;0;1.8;
272621563;Cathedral City Thick Sliced 200G;£2.25;£11.25/kg;Sliced & Grated Cheese;416;25.4;null;null;34.9;null;null;1.8;
266498360;Tesco Lighter Medium Grated Cheese 250G;£2.00;£8.00/kg;Sliced & Grated Cheese;324;27.6;null;0.2;22.7;14.8;0;1.6;
261535054;Tesco British Blue Stilton 220G;£1.85;£8.41/kg;Speciality & Continental Cheese;410;23.7;null;0.1;35.0;23.0;0;2.0;
285354559;Tesco Try Me Blue Stilton 125G;£1.50;£12.00/kg;Speciality & Continental Cheese;410;23.7;null;0.1;35.0;23.0;0;2.0;
282316760;Tesco Halloumi Burger Slices 200G;£2.50;£12.50/kg;Speciality & Continental Cheese;344;23.5;null;1.0;26.6;18.0;1.4;2.3;
276929124;Tesco Blue Shropshire 220G;£2.15;£9.78/kg;Speciality & Continental Cheese;410;23.7;null;0.1;35.0;23.0;0;2.0;
253201997;Creme De St Agur 150G;£2.00;£13.34/kg;Speciality & Continental Cheese;1185 kJ/ 355 kJ;13.0;null;null;25.0;null;null;1.5;
264284184;Tesco Creamy Gorgonzola 125G;£1.00;£8.00/kg;Speciality & Continental Cheese;306;18.7;null;0;25.7;18.7;0;2.5;
252890607;St Agur Blue Veined Cheese 150G;£1.75;£11.67/kg;Speciality & Continental Cheese;1493 kJ/ 448 kJ/;16.0;null;null;33.0;null;null;2.2;
252965693;Galbani Dolcelatte 150G;£2.15;£14.34/kg;Speciality & Continental Cheese;null;null;null;null;null;null;null;null;
259481447;Creamfields Dutch Edam Slices 250G;£1.30;£5.20/kg;Speciality & Continental Cheese;307;25.0;null;0.1;23.0;15.9;0;1.8;
274233558;Jarlsberg Cheese Cheese 190G;£2.00;£10.53/kg;Speciality & Continental Cheese;null;null;null;null;null;null;null;null;
259481453;Creamfields Emmental Slices 250G;£1.50;£6.00/kg;Speciality & Continental Cheese;373;28.0;null;0.1;29.0;19.0;0;1.3;
260608828;Tesco Cambozola Blue Brie 175G;£2.10;£12.00/kg;Speciality & Continental Cheese;426;13.5;null;0.5;41.1;27.0;0;1.7;
277465578;Tesco Roquefort 100G;£1.80;£18.00/kg;Speciality & Continental Cheese;372;21.0;null;0;32.0;20.0;0;3.6;
265762694;Leerdammer Wedge 225G;£2.15;£9.56/kg;Speciality & Continental Cheese;356 ;27 ;null;null;27.5 ;null;null;1.5 ;
250745191;Tesco Danish Blue 150G;£1.50;£10.00/kg;Speciality & Continental Cheese;341;20.2;null;0.7;28.6;18.2;0;3.8;
285512612;Tesco Everyday Value Blue Cheese 100G;£0.72;£7.20/kg;Speciality & Continental Cheese;340;21.0;null;0.5;28.0;20.0;0;2.6;
251722896;Castello Danish Blue Extra Creamy 125G;£1.75;£14.00/kg;Speciality & Continental Cheese;400 ;17 ;null;null;37 ;null;null;3.2 ;
262143166;Tesco Finest Wensleydale C/Bry&Bl/Bry175g;£2.30;£13.15/kg;Speciality & Continental Cheese;359;17.9;null;13.3;24.8;12.3;2.1;1.0;
261543021;Tescofinest Long Clawson Mature Stilton 215G;£2.50;£11.63/kg;Speciality & Continental Cheese;410;23.7;null;0.1;35.0;23.0;0;2.0;
262979759;Castello Blue 150G;£1.90;£12.67/kg;Speciality & Continental Cheese;null;null;null;null;null;null;null;1.6 ;
278215608;Tesco 7 Cheese Selection Pack 590G;£4.00;£6.78/kg;Cheese Boards & Gifts;374;18.9;null;9.4;27.6;18.1;2.2;1.0;
264913731;Tesco British Cheese Selection 484G;£5.50;£11.37/kg;Cheese Boards & Gifts;415;24.9;null;0.1;34.5;21.6;0;null;
264156837;Tesco Finest British Extra Mature Handmade Red Leicester 250G;£3.00;£12.00/kg;Cheese For Entertaining;421;23.6;null;0;35.8;23.9;0;2.0;
278906534;Tesco Finest Tasty Lancashire Cheddar 250G;£3.00;£12.00/kg;Cheese For Entertaining;389;23.2;null;0.1;32.9;21.5;0;1.8;
279819514;Tesco Finest Barrel Aged Feta 150G;£1.85;£12.34/kg;Cheese For Entertaining;281;15.8;null;1.7;23.5;15.1;0;2.5;
279835057;Tesco Finest Gouda 180G;£2.75;£13.75/kg;Cheese For Entertaining;436;28.0;null;0.1;36.0;24.3;0;1.8;
264157669;Tesco Finest British Handmade Wensleydale 250G;£3.00;£12.00/kg;Cheese For Entertaining;390;21.8;null;1.9;32.8;20.7;0;1.2;
260655190;Tesco Finest Cave Aged Swiss Emmental 195G;£2.20;£11.29/kg;Cheese For Entertaining;404;29.0;null;0;32.0;20.5;0;0.5;
257372401;Tesco Finest Ossau Iraty 180G;£3.00;£16.67/kg;Cheese For Entertaining;402;24.0;null;0.1;34.0;25.1;0;1.6;
260810162;Tesco Finest Comte 200G;£3.00;£15.00/kg;Cheese For Entertaining;417;28.3;null;0.1;33.7;21.4;0;0.8;
260655103;Tesco Finest Reserve Swiss Gruyere 195G;£3.00;£15.39/kg;Cheese For Entertaining;398;27.5;null;0;32.0;19.4;0;1.5;
277081058;Tesco Finest Queso De Romaro Cheese 175G;£3.00;£17.15/kg;Cheese For Entertaining;443;23.8;null;0.2;37.4;24.8;0;1.5;
261543021;Tescofinest Long Clawson Mature Stilton 215G;£2.50;£11.63/kg;Cheese For Entertaining;410;23.7;null;0.1;35.0;23.0;0;2.0;
282317079;Tesco 8 Camembert Bites With A Cranberry Dip 216G;£3.00;£1.39/100g;Cheese For Entertaining;331;12.4;null;8.6;20.1;9.6;1.6;1.0;
264728841;Tesco Finest Fresh Grated Parmesan 60G;£1.75;£29.17/kg;Cheese For Entertaining;392;33.0;null;0;28.4;18.7;0;1.6;
272865654;Tesco Finest Cave Aged Cheddar 190G;£3.00;£15.79/kg;Cheese For Entertaining;416;25.4;null;0.1;34.9;21.7;0;1.8;
264157560;Tesco Finest British Extra Mature Handmade Double Gloucester 250G;£3.00;£12.00/kg;Cheese For Entertaining;409;22.5;null;1.6;34.7;22.6;0;1.7;
276772509;Tesco Finest Parmigiano Reggiano Parmesan 170G;£3.00;£17.65/kg;Cheese For Entertaining;392;33.0;null;0;28.4;18.7;0;1.6;
262143166;Tesco Finest Wensleydale C/Bry&Bl/Bry175g;£2.30;£13.15/kg;Cheese For Entertaining;359;17.9;null;13.3;24.8;12.3;2.1;1.0;
279749545;Tesco Finest Farmhouse Cheese Selection;£3.00;£3.00/each;Cheese For Entertaining;341;20.0;null;0.1;29.0;19.3;0;2.0;
277248375;Tesco Finest Manchego 175G;£2.80;£16.00/kg;Cheese For Entertaining;454;24.0;null;0.4;39.0;27.7;0.4;2.5;
256147668;Tesco Finest Vintage Canadian Cheddar 250G;£3.00;£12.00/kg;Cheese For Entertaining;420;25.4;null;0.1;34.9;21.7;0;1.8;
275076707;Glenilen Mango Passion Fruit Yoghurt 500G;£1.99;£0.40/100g;Yoghurts;92;3.2;null;null;2.6;null;null;null;
272361023;Glenilen Summer Berries Yoghurt Pot 500G;£1.99;£0.40/100g;Yoghurts;86;3.3;null;null;2.6;null;null;null;
278834209;Tesco Finest Fig, Butterscotch And Cinnamon Yoghurt 150G;£0.75;£0.50/100g;Yoghurts;170;2.9;null;20.6;8.1;5.4;0.2;0.1;
267338802;Glenilen Raspberry Yoghurt Pot 500G;£1.99;£3.98/kg;Yoghurts;87;3.3;null;null;2.6;null;null;null;
267979089;Tesco Finest Raspberry & White Chocolate Yoghurt 150G;£0.75;£0.50/100g;Yoghurts;157;2.7;null;16.1;8.3;5.7;0.5;0.1;
253028177;Tesco Finest Swiss Black Cherry Yoghurt 150G;£0.75;£0.50/100g;Yoghurts;137;2.8;null;14.1;6.9;4.8;0.5;0.1;
275642268;Tesco Finest Chocolate And Hazlenut Yoghurt 150G;£0.75;£0.50/100g;Yoghurts;190;3.4;null;17.8;11.3;6.9;0.1;0.1;
253076810;Tesco Finest Fudge Yoghurt 150G;£0.75;£0.50/100g;Yoghurts;180;2.9;null;19.9;8.5;5.3;<0.1;0.2;
252894154;Tesco Finest Strawberry And Cream Yoghurt 150G;£0.75;£0.50/100g;Yoghurts;143;3.4;null;14.3;7.7;5.1;0.7;0.1;
278839164;Tesco Finest Rum And Fudge Yoghurt 150G;£0.75;£0.50/100g;Yoghurts;171;3.1;null;18.1;9.5;6.2;0.3;0.1;
285322200;Tesco Finest Limited Ed Chai And Honey 150G;£0.75;£0.50/100g;Yoghurts;124;2.7;null;13.9;6.4;4.4;0;0.1;
283584670;Tesco Finest Salted Caramel Yoghurt 150G;£0.75;£0.50/100g;Yoghurts;156;2.9;null;16.2;8.8;6.2;0;0.3;
283583066;Tesco Finest B/Berry, Raspberry And Cranberry Yoghurt 400G;£1.50;£0.38/100g;Yoghurts;141;2.6;null;15.4;7.6;5.5;0;0.1;
267338952;Glenilen Strawberry Yoghurt Pot 500G;£1.99;£3.98/kg;Yoghurts;87;3.2;null;null;2.5;null;null;null;
255644398;Tesco Finest Hazelnut Yoghurt 150G;£0.75;£0.50/100g;Yoghurts;175;3.5;null;15.4;10.3;5.7;0.3;0.1;
251905035;Tesco Finest Champagne Rhubarb Yoghurt 150G;£0.75;£0.50/100g;Yoghurts;141;3.4;null;14.1;7.7;5.0;0.7;0.1;
251905058;Tesco Finest Lemon Curd Yoghurt 150G;£0.75;£0.50/100g;Yoghurts;165;3.2;null;16.0;8.9;6.1;0.1;0.1;
263719963;Muller Light Vanilla And Chocolate Yoghurt 165G;£0.68;£0.41/100g;Yoghurts;228kJ;4.3;null;null;0.5;null;null;0.2;
251905162;Tesco Finest Raspberry Yoghurt 150G;£0.75;£0.50/100g;Yoghurts;138;2.9;null;12.4;7.1;4.9;1.4;0.1;
283584497;Tesco Finest Raspberry Curd And Rose Yoghurt 150G;£0.75;£0.50/100g;Yoghurts;168;3.0;null;19.6;8.6;6.1;0.2;0.1;
250468081;Actimel Fat Free Original Drink 8X100g;£2.78;£0.35/100g;Yoghurt Drinks;null;null;null;null;null;null;null;null;
260928737;Actimel Blueberry Drink 8X100g;£2.78;£0.35/100g;Yoghurt Drinks;null;null;null;null;null;null;null;null;
258837908;Actimel Fat Free Raspberry Drink 8X100g;£2.78;£0.35/100g;Yoghurt Drinks;null;null;null;null;null;null;null;null;
283315114;Actimel Strawberry And Blueberry Drink 12X100g;£3.85;£0.32/100g;Yoghurt Drinks;null;null;null;null;null;null;null;null;
282029132;Actimel Strawberry Drink 12X100g;£3.85;£0.32/100g;Yoghurt Drinks;null;null;null;null;null;null;null;null;
255024950;Actimel Fat Free Strawberry Drink 8X100g;£2.78;£0.35/100g;Yoghurt Drinks;null;null;null;null;null;null;null;null;
286061558;Actimel For Kids Raspberry And Strawberry 6X100g;£2.29;£0.38/100g;Yoghurt Drinks;null;null;null;null;null;null;null;null;
286061535;Actimel For Kids Strawberry 6X100g;£2.29;£0.38/100g;Yoghurt Drinks;null;null;null;null;null;null;null;null;
256572206;Actimel Original Drink 8X100;£2.78;£0.35/100g;Yoghurt Drinks;71;2.8;null;null;1.6;null;0;0.1;
256145937;Actimel Multifruit Drink 8X100g;£2.78;£0.35/100g;Yoghurt Drinks;null;null;null;null;null;null;null;null;
266158550;Actimel Raspberry Drink 8X100g;£2.78;£0.35/100g;Yoghurt Drinks;null;null;null;null;null;null;null;null;
251354317;Yakult Fermented Milk Drink 7X65ml;£2.75;£0.60/100ml;Yoghurt Drinks;66 ;1.3 ;null;null;0 ;null;null;0.04 ;
279564642;Actimel Mango And Passion Fruit Yoghurt Drink 8X100g;£2.78;£0.35/100g;Yoghurt Drinks;null;null;null;null;null;null;null;null;
282029230;Actimel Fat Free Original Drink 12X100g;£3.85;£0.32/100g;Yoghurt Drinks;null;null;null;null;null;null;null;null;
282029452;Actimel Multifruit Drink 12X100g;£3.85;£0.32/100g;Yoghurt Drinks;325/77 4;null;null;null;null;null;null;null;
263761531;Actimel Vanilla Drink 8X100g;£2.78;£0.35/100g;Yoghurt Drinks;null;null;null;null;null;null;null;null;
255084895;Actimel Strawberry Drink 8X100g;£2.78;£0.35/100g;Yoghurt Drinks;null;null;null;null;null;null;null;null;
253530336;Yakult Light Milk Drink 7X65ml;£2.75;£0.60/100ml;Yoghurt Drinks;42 ;1.4 ;null;null;0 ;null;null;0.04 ;
286061587;Actimel For Kids Vanilla And Strawberry 6X100g;£2.29;£0.38/100g;Yoghurt Drinks;null;null;null;null;null;null;null;null;
260467222;Actimel Coconut Drink 8X100g;£2.78;£0.35/100g;Yoghurt Drinks;null;null;null;null;null;null;null;null;
252552749;Benecol Light Spread 500G;£3.49;£6.98/kg;Cholesterol Reducing Dairy;324;2.6;null;null;35;null;0;1.1;
250139200;Flora Pro.Activ Light Spread 250G;£1.90;£7.60/kg;Cholesterol Reducing Dairy;320;<0.5;1.0;null;null;null;null;1.0;
277468310;Flora Pro.Activ Original Yoghurt M/Drink 6X100ml;£3.50;£0.00/100g;Cholesterol Reducing Dairy;45 ;2.5 ;null;null;null;null;null;0.1 ;
280825002;Benecolplus Heart Vitamin Multi Yoghurt Drink 405G;£3.99;£9.86/kg;Cholesterol Reducing Dairy;54;2.8;null;null;1.9;null;0.2;0.02;
258208141;Benecol Strawberry Yoghurt Drink 6X67.5G;£3.78;£0.93/100g;Cholesterol Reducing Dairy;53;2.8;null;null;1.9;null;2.2;0.1;
277468379;Flora Pro.Activ Strawberry Yoghurt M/Drink 6X100ml;£3.50;£0.00/100g;Cholesterol Reducing Dairy;45 ;2.5 ;null;null;null;null;null;0.1 ;
260191530;Benecol Peach And Apricot Yoghurt Drink 6X67.5G;£3.78;£0.93/100g;Cholesterol Reducing Dairy;56;2.9;null;null;2;null;0.2;0.01;
252574274;Benecol Olive Oil Spread 500G;£3.49;£6.98/kg;Cholesterol Reducing Dairy;496;0.4;null;null;55;null;0;1.0;
277468402;Flora Pro.Activ P/Gran Yoghurt M/Drink 6X100ml;£3.50;£0.00/100g;Cholesterol Reducing Dairy;45 ;2.5 ;null;null;null;null;null;0.1 ;
268890208;Benecol Blueberry Yoghurt Drink 6X67.5G;£3.78;£0.93/100g;Cholesterol Reducing Dairy;52;2.8;null;null;1.9;null;0.3;Trace;
268467054;Benecol Raspberry Yoghurt Drink 6X67.5G;£3.78;£0.93/100g;Cholesterol Reducing Dairy;53;2.9;null;null;1.9;null;0.2;0.1;
275889684;Tesco Chol Red Apricot And Peach Yoghurt Drink 600G;£2.25;£0.38/100g;Cholesterol Reducing Dairy;53;2.7;null;3.7;1.5;0.1;0.2;0.1;
273196424;Tesco Chol Red Original Yoghurt Drink 6X100g;£2.25;£0.38/100g;Cholesterol Reducing Dairy;51;2.7;null;5.1;1.6;0.3;0.8;0.1;
251023076;Flora Pro.Activ Light Spread 500G;£3.49;£6.98/kg;Cholesterol Reducing Dairy;320;<0.5;1.0;null;null;null;null;1.0;
266656726;Flora Pro.Activ Buttery Spread 500G;£3.49;£6.98/kg;Cholesterol Reducing Dairy;540;<0.5;<0.5;null;null;null;null;1.0;
260439056;Benecol Buttery Spread 500G;£3.49;£6.98/kg;Cholesterol Reducing Dairy;542;0.5;null;null;60;null;0;1.3;
255080338;Benecol Light Natural Yoghurt Drink 6 X 67.5G;£3.78;£0.93/100g;Cholesterol Reducing Dairy;57;2.8;null;null;1.9;null;0.2;0.1;
273196447;Tesco Chol Red Blueberry Yoghurt Drink 6X100g;£2.25;£0.38/100g;Cholesterol Reducing Dairy;49;2.5;null;3.2;1.5;0.1;0.1;0.1;
280825022;Benecolplus Bone Health Strawberry Yoghurt Drink 405G;£3.99;£9.86/kg;Cholesterol Reducing Dairy;53;2.7;null;null;1.9;null;0;0.11;
258070221;Flora Pro.Activ Olive Spread 500G;£3.49;£6.98/kg;Cholesterol Reducing Dairy;320;<0.5;1.0;null;null;null;null;1.0;
253250771;Vitalite Sunflower Spread 500G;£1.00;£2.00/kg;Dairy Alternatives;503;0;null;null;56;null;null;1.5;
281307438;Alpro Simply Mild Drink 1 Litre;£1.39;£1.39/l;Dairy Alternatives;35 ;3.0 ;null;null;1.8 ;null;0.5 ;0.09 ;
260454237;St Helen's Fresh Whole Goats Milk 1L;£1.60;£1.60/l;Dairy Alternatives;null;2.8;null;null;3.6;null;null;0.1;
266567296;Alpro Unsweetened Soya Fresh Milk Alternative 1L;£1.39;£1.39/l;Dairy Alternatives;32 ;3.3 ;null;0.1 ;1.8 ;0.3 ;0.6 ;0.03 ;
277569317;Lactofree Skimmed Milk 1L;£1.35;£1.35/l;Dairy Alternatives;33Kcal;3.8;null;null;0.4;null;null;0.1;
280084362;Blue Diamond Original Almond Breeze 1 Litre;£1.59;£1.59/l;Dairy Alternatives;null;0.5;1.5;null;1.1;null;null;0.15;
273701571;Almond Breeze Unsweetened Fresh Milk Alternative 1L;£1.49;£0.15/100ml;Dairy Alternatives;null;0.5;0.2;null;1.2;null;0.3;null;
262085221;Alpro Original Soya Fresh Milk Alternative 1L;£1.39;£1.10/l;Dairy Alternatives;40 ;3.0 ;null;2.7 ;1.8 ;0.3 ;0.5 ;0.06 ;
284371125;Almond Breeze Iced Capuccino 250Ml;£1.29;£5.16/l;Dairy Alternatives;null;0.4;4.8;null;0.8;null;0.2;0.11;
255769120;Alpro Chocolate Soya Fresh Milk Alternative 1L;£1.45;£1.45/l;Dairy Alternatives;77 ;3.3 ;null;9.1 ;2.1 ;0.6 ;1.0 ;0.14 ;
258877943;Lactofree Fresh Semi Skimmed Milk 1L;£1.35;£1.35/l;Dairy Alternatives;40;3.6;null;null;1.5;null;null;0.1;
259742068;Lactofree Fresh Whole Milk 1L;£1.35;£1.35/l;Dairy Alternatives;57;3.4;null;null;3.5;null;null;0.1;
258878182;Alpro Light Soya Fresh Milk Alternative 1L;£1.39;£1.39/l;Dairy Alternatives;22 ;2.0 ;null;0.1 ;1.2 ;0.2 ;1.2 ;0.10 ;
254263587;Pure Sunflower 500G;£1.50;£3.00/kg;Dairy Alternatives;null;null;null;null;null;null;null;null;
275067782;Alpro Almond Unsweetened Drink 1 Litre;£1.00;£0.10/100ml;Dairy Alternatives;null;0.4 ;0.1 ;0.1 ;1.1 ;0.1 ;0.4 ;null;
276993737;Koko Dairy Free Coconut Fresh Milk Alternative 1L;£1.39;£1.39/l;Dairy Alternatives;28;0.3;null;null;1.9;null;0.5;0.1;
272103255;Alpro Almond Fresh Milk Alternative 1L;£1.79;£1.79/l;Dairy Alternatives;24 ;0.5 ;null;-;1.1 ;-;0.2 ;0.13 ;
284371200;Almond Breeze Iced Mocha 250Ml;£1.29;£5.16/l;Dairy Alternatives;null;0.4;4.9;null;0.8;null;0.4;0.11;
272103606;Alpro Hazelnut Fresh Milk Alternative 1L;£1.79;£1.79/l;Dairy Alternatives;29 ;0.4 ;null;3.1 ;1.6 ;0.2 ;0.3 ;0.13 ;
282925010;Alpro Coconut 1 Litre;£1.00;£1.00/l;Dairy Alternatives;20 ;0.1 ;null;1.9 ;0.9 ;0.9 ;0.0 ;0.13 ;
272592014;Butchers Choice Unsmoked Streaky Bacon 250G;£2.99;£11.96/kg;Fresh Bacon & Gammon;282;17.0;null;1.4;23.1;8.7;0;2.6;
261992145;Tesco Finest Smoked Drycure Streaky Bacon 240G;£3.00;£12.50/kg;Fresh Bacon & Gammon;362;27.9;null;0.2;27.5;9.2;0.9;5.7;
265279667;Tesco Finest Oak Smoked Lardons 180G;£3.00;£16.67/kg;Fresh Bacon & Gammon;251;18.7;null;0.4;18.8;7.6;0.6;2.9;
275280505;I Love Bacon Unsmoked Twin Pack 2X200g;£3.00;£6.82/kg;Fresh Bacon & Gammon;null;null;null;null;null;null;null;null;
266988460;Mattessons Smoked Turkey Rashers 200G;£2.75;£13.75/kg;Fresh Bacon & Gammon;513kJ 226kJ 3% 8400kJ;26.7;null;null;0.8;null;0.3;2.3;
267994082;Tesco Everyday Value Smoked Back Bacon 300G;£1.50;£5.00/kg;Fresh Bacon & Gammon;275;16.7;null;1.1;22.5;8.8;0;2.8;
263409512;Tesco Everyday Value Streaky Bacon 275G;£1.04;£3.79/kg;Fresh Bacon & Gammon;285;13.7;null;0;25.1;8.3;0;2.6;
272592141;Butchers Choice Smoked Streaky Bacon 250G;£2.99;£11.96/kg;Fresh Bacon & Gammon;282;17.0;null;1.4;23.1;8.7;0;2.6;
275280655;I Love Bacon Smoked Twin Pack 2X200g;£3.00;£6.82/kg;Fresh Bacon & Gammon;null;null;null;null;null;null;null;null;
273985959;I Love' Unsmoked Back Bacon 250G;£3.50;£11.67/kg;Fresh Bacon & Gammon;265 ;30.0;null;null;16.0;null;null;null;
275174361;Tesco Finest Smoked Dry Cure Back Bacon 8 Rashers 240G;£3.00;£12.50/kg;Fresh Bacon & Gammon;260;29.5;null;0.1;15.5;4.8;1.1;4.8;
268880975;Butchers Choice Unsmoked Bacon 250G;£2.50;£10.00/kg;Fresh Bacon & Gammon;209;20.2;null;0.3;14.0;5.3;0.5;2.9;
260832441;Tesco Everyday Value Cooking Bacon 500G;£0.80;£1.60/kg;Fresh Bacon & Gammon;191;16.8;null;0;13.8;5.4;0;2.9;
260842890;Mattessons Unsmoked Turkey Rashers 200G;£2.75;£13.75/kg;Fresh Bacon & Gammon;492kJ 197kJ 3% 8400kJ;25.9;null;null;0.8;null;0.3;2.3;
268274380;Tesco Finest Pancetta 180G;£3.00;£16.67/kg;Fresh Bacon & Gammon;323;16.4;null;0.4;28.0;11.4;0.6;3.4;
259703198;Tesco Finest Smoked Wiltshire Cure Back Bacon 240G;£3.00;£12.50/kg;Fresh Bacon & Gammon;160;17.4;null;0;10.0;3.3;0;2.8;
260541318;Tesco Everyday Value Middle Bacon 500G;£2.00;£4.00/kg;Fresh Bacon & Gammon;221;15.8;null;0;17.3;7.0;0;2.4;
273985994;I Love' Smoked Back Bacon 250G;£3.50;£11.67/kg;Fresh Bacon & Gammon;265 ;30.0;null;null;16.0;null;null;null;
267993244;Tesco Everyday Value Unsmoked Back Bacon 300G;£1.50;£5.00/kg;Fresh Bacon & Gammon;275;16.7;null;1.1;22.5;8.8;0;2.8;
268881104;Butchers Choice Smoked Bacon 250G;£2.50;£10.00/kg;Fresh Bacon & Gammon;210;20.2;null;0.3;14.0;5.3;0.5;2.9;
286767046;Tesco Beef Joint With Basting Fat 700G;£6.00;£8.58/kg;Fresh Beef;213;19.8;null;0;14.9;6.6;0;0.2;
265077134;Tesco Finest Large Beef Roasting Joint;£20.78;£8.66/kg;Fresh Beef;null;null;null;null;null;null;null;null;
257904508;Tesco Beef Brisket;£8.00;£8.00/kg;Fresh Beef;null;null;null;null;null;null;null;null;
283024464;Tesco 2 Peppered Beef Steaks 309G;£4.00;£12.95/kg;Fresh Beef;135;20.8;null;1.0;4.6;1.9;0.3;0.7;
254286335;Tesco 2 Beef Sirloin Steak;£11.28;£17.35/kg;Fresh Beef;null;null;null;null;null;null;null;null;
257565093;Tesco 1 Beef Fillet Steak;£7.80;£30.00/kg;Fresh Beef;null;null;null;null;null;null;null;null;
281762157;Tesco 2 Beef Medallion Steaks 320G;£3.50;£10.94/kg;Fresh Beef;null;null;null;null;null;null;null;null;
258724163;Tesco Finest Small Beef Roasting Joint;£7.79;£8.66/kg;Fresh Beef;null;null;null;null;null;null;null;null;
277221406;Tesco Mini Beef Silverside Roast Joint 500G;£5.50;£11.00/kg;Fresh Beef;215;20.4;null;0;14.8;5.9;0;null;
254269241;Tesco Finest Medium Beef Roasting Joint;£10.39;£8.66/kg;Fresh Beef;null;null;null;null;null;null;null;null;
258719325;Tesco Small Beef Roasting Joint With Basting Fat;£9.00;£10.00/kg;Fresh Beef;173;20.5;null;0;10.1;4.6;0;0.3;
253230568;Tesco Everyday Value Beef Roasting Joint;£5.75;£5.75/kg;Fresh Beef;181;20.7;null;0;10.9;5.2;0;0.1;
284539631;Tesco Brisket Beef 500G;£5.00;£10.00/kg;Fresh Beef;null;null;null;null;null;null;null;null;
284539591;Tesco Finest Rump Joint Cornish Sea Salt And Pepper 500G;£7.00;£14.00/kg;Fresh Beef;182;20.4;null;0.2;11.0;4.4;0.1;0.5;
274025062;Tesco Medium Beef Roasting Joint;£9.00;£10.00/kg;Fresh Beef;192;22.2;null;0;11.5;4.7;0;0.2;
256534080;Tesco 2 Beef Rump Steaks;£8.46;£15.39/kg;Fresh Beef;null;null;null;null;null;null;null;null;
258139435;Tesco Medium Beef Roasting Joint With Basting Fat;£12.00;£10.00/kg;Fresh Beef;173;20.5;null;0;10.1;4.6;0;0.3;
261946777;Tesco 2 Beef Fillet Steak;£12.00;£30.00/kg;Fresh Beef;null;null;null;null;null;null;null;null;
275504974;Tesco 2 Beef Ribeye Steaks;£10.41;£17.35/kg;Fresh Beef;null;null;null;null;null;null;null;null;
275492600;Tesco Large Beef Roasting Joint With Basting Fat;£35.00;£10.00/kg;Fresh Beef;173;20.5;null;0;10.1;4.6;0;0.3;
250055327;Tesco Lamb Boneless Rolled Shoulder Joint;£7.50;£10.00/kg;Fresh Lamb;null;null;null;null;null;null;null;null;
256531486;Tesco Lamb Half Shoulder Joint;£10.50;£7.00/kg;Fresh Lamb;null;null;null;null;null;null;null;null;
285174622;Tesco Boneless Lamb Leg Joint With Salt And Pepper;£11.70;£13.00/kg;Fresh Lamb;146;19.8;null;0.1;7.2;3.5;0.5;0.9;
275851936;Tesco Lamb Mince 20% Fat 250G;£2.00;£8.00/kg;Fresh Lamb;245;16.8;null;0;19.8;9.5;0;0.2;
279753234;Tesco Everyday Value Stewing Lamb;£4.95;£5.50/kg;Fresh Lamb;null;null;null;null;null;null;null;null;
277552999;Tesco Lean Lamb Medallions 375G;£5.00;£13.34/kg;Fresh Lamb;null;null;null;null;null;null;null;null;
253188113;Tesco Lamb Whole Leg Joint;£24.00;£10.00/kg;Fresh Lamb;null;null;null;null;null;null;null;null;
256530838;Tesco Lamb Neck Fillet;£6.50;£13.00/kg;Fresh Lamb;235;18.4;null;0;17.6;8.3;0;null;
250202937;Tesco Everyday Value Lamb Chops;£7.69;£10.25/kg;Fresh Lamb;null;null;null;null;null;null;null;null;
282524801;Tesco Lamb Diced Leg 300G;£4.00;£13.34/kg;Fresh Lamb;null;null;null;null;null;null;null;null;
284351247;Tesco Lamb Chops 450G;£6.00;£13.34/kg;Fresh Lamb;null;null;null;null;null;null;null;null;
261941310;Tesco Lamb Mince 20% Fat 500G;£4.00;£8.00/kg;Fresh Lamb;245;16.8;null;0;19.8;9.5;0;0.2;
262624333;Tesco Lamb Leg Shanks;£8.40;£7.00/kg;Fresh Lamb;null;null;null;null;null;null;null;null;
282526160;Tesco Lamb Chops 300G;£4.00;£13.34/kg;Fresh Lamb;null;null;null;null;null;null;null;null;
285866005;Tesco 2 British Lamb Chops 150G;£2.00;£13.34/kg;Fresh Lamb;null;null;null;null;null;null;null;null;
252513382;Tesco Organic Lamb Half Leg Joint;£16.32;£12.00/kg;Fresh Lamb;null;null;null;null;null;null;null;null;
258550552;Tesco Everyday Value Lamb Breast Joint;£5.39;£5.39/kg;Fresh Lamb;null;null;null;null;null;null;null;null;
287349315;Tesco Lamb Half Leg Joint;£17.00;£10.00/kg;Fresh Lamb;null;null;null;null;null;null;null;null;
285174651;Tesco Lamb 4 Cutlets 300G;£4.00;£13.34/kg;Fresh Lamb;null;null;null;null;null;null;null;null;
258768721;Tesco Finest Lamb 2 Hand Cut Loin Chops;£12.73;£17.00/kg;Fresh Lamb;264;17.9;null;0;21.4;11.1;0;0.3;
285476645;Tesco Beef Joint With Gravy 500G;£6.00;£12.00/kg;Fresh Ready to Cook Meat;98;18.1;null;0.8;2.3;1.2;0.1;0.5;
258016172;Tesco Lambs Kidneys;£1.36;£2.99/kg;Fresh Offal;95;17.0;null;0;2.6;0.9;0;null;
262718804;Tesco Ox Liver;£1.02;£1.70/kg;Fresh Offal;155;21.1;null;<0.1;7.8;2.9;0;0.2;
275113296;Tesco Lambs Liver With Onion Casserole Mix 378G;£2.00;£5.30/kg;Fresh Offal;170;20.4;null;1.3;6.1;3.2;0.9;null;
258016074;Tesco Pigs Liver;£0.90;£1.50/kg;Fresh Offal;115;21.3;null;0;3.1;1.0;0;null;
254548648;Counter Tesco British Lamb Liver;£1.50;£3.00/kg;Fresh Offal;null;null;null;null;null;null;null;null;
277772888;Counter Tesco British Ox Kidney;£1.80;£3.00/kg;Fresh Offal;null;null;null;0;2.1;0.8;null;0.4;
265411196;Tesco Sliced Beef Heart;£2.10;£3.50/kg;Fresh Offal;104;18.2;null;0;3.5;1.7;0;0.2;
254261635;Tesco Lambs Hearts;£1.59;£3.50/kg;Fresh Offal;120;17.1;null;0;5.6;2.1;0;null;
258016045;Tesco British Lambs Liver;£2.03;£3.99/kg;Fresh Offal;null;null;null;null;null;null;null;null;
258016016;Tesco Lambs Liver;£1.33;£2.22/kg;Fresh Offal;null;null;null;null;null;null;null;null;
284934324;Tesco British Chinese Pork Belly With Hoisin Sauce 400G;£3.00;£7.50/kg;Fresh Pork;231;16.3;null;3.5;16.1;5.8;0.5;0.5;
268787166;Discounter Spam Fritters 300G;£1.78;£5.94/kg;Fresh Pork;299 ;9.7;null;null;19.4;null;1.0;null;
260717371;Tesco Everyday Value Pork Belly Slices;£3.12;£4.80/kg;Fresh Pork;null;null;null;null;null;null;null;null;
272584462;Tesco Basted Pork Loin Joint 800G;£5.00;£6.25/kg;Fresh Pork;206;18.2;null;0.6;14.4;5.2;0.5;1.3;
282819992;Tesco Pork Shoulder Flattened Cajun Rub;£6.50;£6.50/kg;Fresh Pork;183;17.3;null;4.8;9.7;3.3;0.5;0.4;
274183075;Tesco Large Pork Leg Joint;£12.58;£6.99/kg;Fresh Pork;213;19.0;null;0;15.2;5.1;0;0.3;
285293187;Tesco 4 Pork Loin Steaks 440G;£3.00;£6.82/kg;Fresh Pork;225;19.9;null;0;16.1;5.9;0;0.3;
259541778;Tesco Large Vacuum Pack Pork Shoulder Joint;£10.78;£5.99/kg;Fresh Pork;218;18.1;null;0;16.2;5.3;0;0.3;
285280761;Tesco 1 Pork Chop 230G;£1.50;£6.53/kg;Fresh Pork;null;null;null;null;null;null;null;null;
262518010;Tesco Mini Pork Shoulder Joint 700G;£4.00;£5.72/kg;Fresh Pork;null;null;null;null;null;null;null;null;
285280784;Tesco 2 Pork Chops 470G;£3.00;£6.39/kg;Fresh Pork;270;18.6;null;0;21.7;8.0;0;0.3;
285401470;Tesco Finest Pork Salt And Pepper Belly 700G;£5.00;£7.15/kg;Fresh Pork;300;15.8;null;0;26.3;14.4;0;0.6;
258232969;Tesco Pork Leg Crackling Joint;£5.00;£5.00/kg;Fresh Pork;213;19.0;null;0;15.2;5.1;0;0.3;
284906030;Tesco Stuffed Pork Belly Joint;£5.00;£5.00/kg;Fresh Pork;210;17.9;null;1.0;14.1;5.0;0.5;0.3;
285280847;Tesco 2 Pork Loin Steaks 290G;£2.00;£6.90/kg;Fresh Pork;225;19.9;null;0;16.1;5.9;0;0.3;
254501715;Tesco Pork Belly Joint With Rind;£4.00;£4.00/kg;Fresh Pork;258;19.1;null;0;20.2;7.3;0;0.3;
260708566;Tesco Everyday Pork Shoulder Joint;£3.29;£3.29/kg;Fresh Pork;280;16.2;null;0;23.6;8.6;0;null;
259038518;Tesco Finest British Pork Leg Joint;£14.97;£4.99/kg;Fresh Pork;201;20.0;null;0;13.4;5.3;0;0.3;
267227974;Tesco Finest British Pork Loin Joint With B Pepper And Sea Salt;£12.49;£9.99/kg;Fresh Pork;225;21.4;null;0;15.5;4.7;0;0.5;
258261577;Tesco Pork Loin Joint;£21.58;£8.99/kg;Fresh Pork;261;17.0;null;0;21.4;9.1;0;0.3;
274586756;Chefs Selection Venison Steaks Whisky Jus 350G;£6.99;£19.98/kg;Venison & Veal;357kJ;17;null;0.7;0.9;null;0.5;null;
284803785;Tesco Finest Veal Meatballs 336G;£3.00;£8.93/kg;Venison & Veal;175;19.6;null;1.5;9.7;4.4;0.1;1.3;
286816939;Tesco Venison Burgers 227G;£3.00;£13.22/kg;Venison & Veal;132;19.3;null;0.7;3.5;2.4;0.5;0.9;
278946647;Tesco Venison Shoulder Steaks 250G;£4.00;£13.34/kg;Venison & Veal;null;null;null;null;null;null;null;null;
282529836;Tesco Finest Veal Burger Herb And Parmesan 284G;£3.00;£10.57/kg;Venison & Veal;172;18.0;null;1.1;10.0;5.1;1.4;0.8;
286816974;Tesco Venison Meatballs 336G;£3.00;£8.93/kg;Venison & Veal;132;19.3;null;0.7;3.5;2.4;0.5;0.9;
284803612;Tesco Finest Diced Veal 250G;£3.00;£12.00/kg;Venison & Veal;null;null;null;null;null;null;null;null;
277885224;Chef's Selection Venison Sausages 300G;£3.00;£10.00/kg;Venison & Veal;695kJ;17.5;null;null;9.5;null;<0.5;null;
273147114;Chef's Selection Venison Grill Steaks 300G;£3.00;£10.00/kg;Venison & Veal;606kJ;16.1;null;null;6.4;null;<0.5;1.7;
283771166;Chefs Selection Diced Venison With Marinade 400G;£4.00;£11.43/kg;Venison & Veal;430kJ;15;null;null;3.8;null;0.6;0.22;
285611463;Raymond Blanc Peppercorn Sauce 200G;£2.49;£1.25/100g;Fresh Meat Stocks, Sauces & Stuffing;88;4.8;null;null;5.4;null;1.5;0.8;
279857198;Tesco Diane Sauce 200G;£1.50;£0.83/100g;Fresh Meat Stocks, Sauces & Stuffing;64;1.4;null;2.0;4.4;1.2;0.5;1.0;
279858370;Tesco Finest 3 Peppercorn And Brandy Sauce 200G;£1.75;£0.97/100g;Fresh Meat Stocks, Sauces & Stuffing;105;2.6;null;2.1;8.1;5.2;1.5;1.1;
279858456;Tesco Parsley Sauce 200G;£1.50;£0.83/100g;Fresh Meat Stocks, Sauces & Stuffing;90;2.9;null;3.4;6.4;4.4;1.1;1.4;
274872826;Tesco Finest Carmelised Onion Gravy 500G;£2.00;£0.40/100g;Fresh Meat Stocks, Sauces & Stuffing;74;1.7;null;3.9;3.7;1.5;0.5;0.5;
275575071;Tesco Finest 6 Fresh Yorkshire Puddings 180G;£1.75;£0.97/100g;Fresh Meat Stocks, Sauces & Stuffing;286;9.7;null;3.1;9.6;1.2;2.4;0.5;
274859169;Tesco Finest British Roast Beef Stock 300G;£2.00;£0.67/100g;Fresh Meat Stocks, Sauces & Stuffing;19;3.1;null;0.3;0.4;0.1;0.5;0.3;
279867802;Tesco Cider And Mustard Sauce 180G;£1.50;£0.83/100g;Fresh Meat Stocks, Sauces & Stuffing;101;1.8;null;2.9;7.3;3.2;0.7;1.4;
284507062;Tesco Large Yorkshire Pudding 200G;£1.50;£0.75/100g;Fresh Meat Stocks, Sauces & Stuffing;265;9.5;null;0.8;8.3;0.8;2.8;0.4;
279867779;Tesco Peppercorn Sauce 180G;£1.50;£0.83/100g;Fresh Meat Stocks, Sauces & Stuffing;91;1.5;null;4.1;6.4;4.2;0.7;1.2;
284850371;Tesco Finest Wild Sage And Buttered Onion Stuffing 225G;£2.49;£1.11/100g;Fresh Meat Stocks, Sauces & Stuffing;303;5.0;null;2.5;18.6;7.4;3.2;1.5;
284850296;Tesco Sage And Onion Stuffing 336G;£2.39;£0.71/100g;Fresh Meat Stocks, Sauces & Stuffing;228;5.0;null;2.4;10.1;3.2;3.0;1.5;
279526878;Tesco Finest Yorkshire Puddings 4 Pack 160G;£1.70;£1.07/100g;Fresh Meat Stocks, Sauces & Stuffing;249;9.3;null;2.7;7.1;0.7;3.9;0.4;
268857762;Tesco Finest Fresh Lamb Gravy 500G;£2.00;£0.40/100g;Fresh Meat Stocks, Sauces & Stuffing;59;1.5;null;3.6;2.2;0.7;0.1;1.2;
285611411;Raymond Blanc Red Wine Gravy 500G;£2.99;£0.60/100g;Fresh Meat Stocks, Sauces & Stuffing;null;3.3;null;null;0.9;null;0.3;0.5;
279857935;Tesco Barbecue Bourbon Sauce 180G;£1.50;£0.83/100g;Fresh Meat Stocks, Sauces & Stuffing;187;1.3;null;31.4;5.6;1.1;1.0;1.3;
267056133;Tesco Finest Beef Gravy 500G;£2.00;£0.40/100g;Fresh Meat Stocks, Sauces & Stuffing;54;2.4;null;1.4;2.4;1.3;0.3;0.8;
279857584;Tesco Hollandaise Sauce 180G;£1.50;£0.83/100g;Fresh Meat Stocks, Sauces & Stuffing;167;2.0;null;1.7;15.6;10.1;0.1;1.0;
275491411;Tesco British Extra Large Whole Chicken 2.0-2.5Kg;£7.56;£2.80/kg;Fresh Chicken & Breaded Chicken;198;20.0;null;0;13.1;3.7;0;0.3;
277867644;Tesco Everyday Value British Whole Chicken 1.0Kg-2.0Kg;£2.48;£2.48/kg;Fresh Chicken & Breaded Chicken;198;20.0;null;0;13.1;3.7;0;0.3;
286200873;Tesco British Whole Medium Chicken 1.35-1.55Kg;£4.00;£2.97/kg;Fresh Chicken & Breaded Chicken;198;20.0;null;0;13.1;3.7;0;0.3;
287174636;Tesco British Chicken Breast Portions 715G;£5.00;£7.00/kg;Fresh Chicken & Breaded Chicken;109;23.5;null;0;1.7;0.5;0;0.3;
275455524;Tesco British Butter Basted Whole Chicken 1.5Kg;£5.50;£3.67/kg;Fresh Chicken & Breaded Chicken;150;18.4;null;0;8.5;2.4;0;0.3;
252465357;Tesco British Chicken Breast Quarters 240G-350G;£1.40;£4.00/kg;Fresh Chicken & Breaded Chicken;null;null;null;null;null;null;null;null;
275490971;Tesco British Small Whole Chicken 0.9-1.19Kg;£3.81;£3.20/kg;Fresh Chicken & Breaded Chicken;198;20.0;null;0;13.1;3.7;0;0.3;
277181821;Tesco British Large Whole Chicken 1.6-1.9Kg;£5.00;£3.23/kg;Fresh Chicken & Breaded Chicken;198;20.0;null;0;13.1;3.7;0;0.3;
285210436;Tesco British Chicken Legs 0.8Kg-1.2Kg;£3.00;£3.75/kg;Fresh Chicken & Breaded Chicken;null;null;null;null;null;null;null;null;
250527991;Tesco Organic Whole Chicken 1.0 - 2.40Kg;£13.00;£6.50/kg;Fresh Chicken & Breaded Chicken;176;19.4;null;0;10.9;2.9;0;0.3;
284953900;Tesco Roast In Bag Whole Chicken Extra Tasty 1.5Kg;£5.50;£3.67/kg;Fresh Chicken & Breaded Chicken;135;19.9;null;0;6.1;1.6;0;0.6;
265920146;Tesco Bagged Chicken Fillets 943G;£8.00;£8.49/kg;Fresh Chicken & Breaded Chicken;109;23.5;null;0;1.7;0.5;0;0.3;
279844357;Tesco Garlic And Rosemary Chicken Crown 700G;£5.50;£7.86/kg;Fresh Chicken & Breaded Chicken;175;21.2;null;0.1;9.8;3.5;0.5;0.2;
275455075;Tesco Roast In Bag Whole Chicken Piri Piri 1.5Kg;£5.50;£3.67/kg;Fresh Chicken & Breaded Chicken;170;19.2;null;0.6;9.8;2.6;0.4;0.4;
287175065;Tesco British Chicken Breast Portions 475G;£4.00;£8.43/kg;Fresh Chicken & Breaded Chicken;109;23.5;null;0;1.7;0.5;0;0.3;
275461706;Tesco Roast In Bag Whole Chicken Pork Sage And Onion Stuffed 1.5Kg;£5.50;£3.67/kg;Fresh Chicken & Breaded Chicken;142;18.4;null;0.8;6.7;2.2;0;0.4;
279844680;Tesco Chicken Harissa Crown 700G;£5.50;£7.86/kg;Fresh Chicken & Breaded Chicken;166;20.4;null;0.4;8.5;2.5;0.5;0.8;
277268593;Tesco British Chicken Crown With Salt And Pepper 700G;£5.50;£7.86/kg;Fresh Chicken & Breaded Chicken;165;20.8;null;0.8;8.1;2.4;0.5;0.9;
285210344;Tesco British Chicken Drumsticks 0.8Kg-1.2Kg;£3.00;£3.75/kg;Fresh Chicken & Breaded Chicken;230;17.6;null;0;17.7;6.3;0;0.3;
276054144;Tesco Finest British Cornfed Free Range Whole Chicken 1.0Kg 1.7Kg;£8.50;£5.00/kg;Fresh Chicken & Breaded Chicken;169;20.3;null;0;9.7;2.6;0;0.3;
274991005;Gressingham Fruity Duck Breasts 350G;£6.00;£17.15/kg;Fresh Duck, Goose & Game;145;15.9;null;null;6.8;null;0.4;0.2;
266804039;Gressingham Spatchcock Poussin 450G;£3.25;£7.23/kg;Fresh Duck, Goose & Game;203;23.4;null;null;12.0;null;<0.5;1.1;
264106696;Gressingham Whole Duck 1.6Kg-3.0Kg;£16.50;£5.50/kg;Fresh Duck, Goose & Game;214;24.5;null;null;12.7;null;<0.5;0.33;
276492823;Gressingham Sticky Duck Legs 500G;£4.00;£8.00/kg;Fresh Duck, Goose & Game;225;22.3;null;null;12.0;null;<0.5;1.2;
268397729;Gressingham Duck Legs 462G;£3.75;£8.12/kg;Fresh Duck, Goose & Game;223;25.2;null;null;13.3;null;<0.5;0.34;
268405255;Gressingham Duck Breast Fillets 397G;£8.50;£21.42/kg;Fresh Duck, Goose & Game;194;27.2;null;null;9.4;null;<0.5;0.3;
262511806;Gressingham Whole Guinea Fowl 1.05Kg;£5.50;£5.24/kg;Fresh Duck, Goose & Game;216;25.8;null;null;12.4;null;<0.5;0.36;
272943055;Gressingham Duck Breasts In Plum Sauce 400G;£6.00;£15.00/kg;Fresh Duck, Goose & Game;211;14.2;null;null;9.0;null;0.5;1.3;
266571209;Gressingham Fresh Poussin 450G;£3.25;£7.23/kg;Fresh Duck, Goose & Game;198;25.2;null;null;10.6;null;<0.5;0.3;
281973112;Tesco Boozy Bourbon Bird Spatchcock Chicken 1.2Kg;£6.00;£5.00/kg;Fresh Ready to Cook Poultry;203;14.5;null;10.3;11.4;3.3;0.8;0.5;
281762134;Tesco Healthy Living Ginger Lime And Chilli Chicken 290G;£4.00;£13.80/kg;Fresh Ready to Cook Poultry;118;21.4;null;0.9;2.9;0.7;0.5;0.5;
282319486;Tesco Hawaiian Chicken Breasts 325G;£4.00;£12.31/kg;Fresh Ready to Cook Poultry;130;20.5;null;1.9;4.1;1.9;0.5;0.8;
266306623;Tesco Piri Piri Spatchcock Chicken 1.20Kg;£6.00;£5.00/kg;Fresh Ready to Cook Poultry;202;17.6;null;0.6;14.2;4.1;0.9;0.6;
268236846;Tesco Hunters Chicken 430G;£4.00;£9.31/kg;Fresh Ready to Cook Poultry;158;17.6;null;9.8;5.2;2.5;0.9;0.8;
285512868;Tesco Chicken Mini Roasts With Gravy 438G;£4.00;£9.14/kg;Fresh Ready to Cook Poultry;153;16.4;null;1.1;8.3;2.9;0.7;0.7;
278974884;Tesco Chicken Fillets With Tikka Masala Sauce 370G;£4.00;£10.82/kg;Fresh Ready to Cook Poultry;125;17.1;null;3.5;4.4;0.8;0.6;0.7;
282243042;Tesco Chicken Breast Fillets Wrapped In Prosciutto 330G;£4.00;£12.13/kg;Fresh Ready to Cook Poultry;158;23.7;null;0.1;6.6;3.1;0.5;0.5;
267345880;Tesco Garlic And Herb Spatchcock Chicken 1.2Kg;£6.00;£5.00/kg;Fresh Ready to Cook Poultry;195;17.9;null;0.1;13.5;4.4;0.5;0.4;
284848075;Tesco Chicken Breast With Cheese, Leeks And Smoked Bacon 390G;£4.00;£10.26/kg;Fresh Ready to Cook Poultry;149;19.7;null;0.2;6.9;3.4;0.5;0.6;
280171777;Tesco 2 Chicken Breast Wrapped In Bacon And Cheese 385G;£4.00;£10.39/kg;Fresh Ready to Cook Poultry;146;19.3;null;0.7;7.2;2.7;0.6;0.7;
282150943;Tesco Lemon Garlic Turkey Steaks 290G;£4.00;£13.80/kg;Fresh Ready to Cook Poultry;159;21.2;null;1.2;6.0;3.4;0.5;0.4;
284847911;Tesco Chicken Breast With Spinach And Ricotta Crumb 360G;£4.00;£11.12/kg;Fresh Ready to Cook Poultry;163;20.1;null;0.3;7.9;3.9;0.5;0.6;
280172119;Tesco 2 Chicken Breasts With Garlic Mushroom 375G;£4.00;£11.60/kg;Fresh Ready to Cook Poultry;126;19.1;null;0.1;4.9;2.5;0.5;0.2;
284848032;Tesco Chicken Breast With Tomato And Pecorino 395G;£4.00;£10.13/kg;Fresh Ready to Cook Poultry;122;17.4;null;1.7;4.5;1.9;0.5;0.6;
281761446;Tesco Healthy Living Mediterranean Chicken Fillets 330G;£4.00;£12.13/kg;Fresh Ready to Cook Poultry;98;17.4;null;2.6;1.7;0.4;0.5;0.4;
266508874;Tesco Butter Chicken Joint;£5.50;£8.60/kg;Fresh Ready to Cook Poultry;169;21.1;null;0.1;9.2;3.4;0.5;0.2;
266395959;Tesco Chicken Breast Lattice With Pork Sage And Onion Joint 640G;£5.50;£8.60/kg;Fresh Ready to Cook Poultry;169;19.5;null;0.9;9.3;3.5;0.5;0.7;
284848403;Tesco Chicken Breast With Green Thai Sauce 390G;£4.00;£10.26/kg;Fresh Ready to Cook Poultry;112;14.9;null;1.7;4.4;2.2;0.8;0.6;
278974861;Tesco Chicken Breast With Puff Pastry Lattice 410G;£4.00;£9.76/kg;Fresh Ready to Cook Poultry;171;18.6;null;1.5;7.9;3.8;0.6;0.4;
285863383;Tasty Sauces Balti Curry Sauce 400G;£2.00;£0.50/100g;Fresh Poultry Stocks & Sauces;102;1.76;7.8;null;6.4;null;2.8;null;
285863325;Tasty Sauces Tikka Masala Curry Sauce 400G;£2.00;£0.50/100g;Fresh Poultry Stocks & Sauces;111;2.0;9.4;null;7.8;null;2.2;null;
274588380;Tesco Finest Free Range Chicken Gravy 500G;£2.00;£0.40/100g;Fresh Poultry Stocks & Sauces;89;2.9;null;1.2;6.4;1.7;0.7;0.6;
282719102;Tesco One Pot Marie Rose 130G;£1.25;£0.96/100g;Fresh Poultry Stocks & Sauces;479;1.6;null;5.0;48.3;3.3;0.5;0.6;
279857152;Tesco Fresh Barbecue Sauce 180G;£1.50;£0.83/100g;Fresh Poultry Stocks & Sauces;191;0.9;null;33.3;4.7;0.3;0.5;1.5;
274859100;Tesco Finest Roast Chicken Stock 300G;£2.00;£0.67/100g;Fresh Poultry Stocks & Sauces;19;3.6;null;0.1;0.4;0.2;0.5;0.5;
266507796;Tesco Butter Basted Turkey Joint 640G;£5.50;£8.60/kg;Fresh Turkey;141;20.5;null;0.2;6.2;1.6;0;0.4;
288514182;Tesco 2 British Turkey Fillets 330G;£3.00;£8.83/kg;Fresh Turkey;null;null;null;null;null;null;null;null;
259851540;Bernard Matthews Breaded Turkey Escalopes 390G;£2.50;£6.42/kg;Fresh Turkey;null;11.8;null;null;16.2;null;2.5;null;
282150943;Tesco Lemon Garlic Turkey Steaks 290G;£4.00;£13.80/kg;Fresh Turkey;159;21.2;null;1.2;6.0;3.4;0.5;0.4;
280988525;Tesco Everyday Value Turkey Breast Pieces 700G;£5.00;£7.15/kg;Fresh Turkey;null;null;null;null;null;null;null;null;
285727637;Tesco Mini Turkey Breast Fillets 320G;£3.00;£9.38/kg;Fresh Turkey;null;null;null;null;null;null;null;null;
281946787;Tesco Turkey Breast Hot And Spicy Steaks 350G;£3.50;£10.00/kg;Fresh Turkey;110;24.1;null;1.4;0.3;0.2;0.1;0.5;
275457044;Tesco Turkey Breast Mince 2% Fat 500G;£4.00;£8.00/kg;Fresh Turkey;null;null;null;null;null;null;null;null;
279534851;Tesco Turkey Breast Stir Fry 400G;£3.50;£8.75/kg;Fresh Turkey;100;22.3;null;0;1.2;0.6;0;0.3;
266623529;Tesco Everyday Value Turkey Drumstick 700-900G;£2.69;£2.99/kg;Fresh Turkey;null;null;null;null;null;null;null;null;
288514251;Tesco Turkey Breast Quick Cook Steaks 400G;£4.00;£9.10/kg;Fresh Turkey;100;22.3;null;0;1.2;0.6;0;0.3;
275576513;Tesco British Turkey Breast Steaks 2 Pack;£4.00;£10.00/kg;Fresh Turkey;null;null;null;null;null;null;null;null;
279792728;Tesco Whole Turkey Fillet;£4.05;£9.00/kg;Fresh Turkey;null;null;null;null;null;null;null;null;
275576761;Tesco Turkey Breast 6 Quick Cook Steaks;£6.20;£10.00/kg;Fresh Turkey;100;22.3;null;0;1.2;0.6;0;0.3;
284590096;Tesco Boneless Thigh Joint Sage And Onion Stuffing 575G;£3.50;£6.09/kg;Fresh Turkey;180;16.2;null;0.6;11.8;3.5;0.6;0.5;
275457021;Tesco Turkey Thigh Mince 7% Fat 500G;£2.45;£4.90/kg;Fresh Turkey;130;19.9;null;0;5.6;1.6;0;0.3;
284589790;Tesco Turkey Steaks With Cheese And Chive Melts 350G;£3.50;£10.00/kg;Fresh Turkey;180;22.0;null;0.4;9.9;5.9;0.3;0.4;
285727597;Tesco Turkey Breast Diced 320G;£3.00;£9.38/kg;Fresh Turkey;null;null;null;null;null;null;null;null;
279694712;Tesco Turkey Thigh Mince 7% Fat 250G;£1.75;£7.00/kg;Fresh Turkey;130;19.9;null;0;5.6;1.6;0;0.3;
266507875;Tesco Pork Crackling Joint 640G;£5.50;£8.60/kg;Ready To Cook Meat;189;20.2;null;0.1;11.8;4.2;0.5;0.4;
278906350;Tesco Sirloin Steaks With Red Wine Sauce 390G;£7.00;£17.95/kg;Ready To Cook Meat;149;16.8;null;3.0;7.5;3.2;0.1;0.6;
278995484;Tesco Slow Cooked Lamb Shoulder With Redcurrant 440G;£6.00;£13.64/kg;Ready To Cook Meat;293;24.9;null;7.3;18.1;7.9;0.5;0.6;
284507750;Tesco Pork Steaks Mustard And Ale Sauce 310G;£4.00;£12.91/kg;Ready To Cook Meat;245;17.3;null;0.3;19.4;9.1;0.1;0.4;
278942133;Tesco Pork Fillets With Mediterranean Sauce 450G;£4.00;£8.89/kg;Ready To Cook Meat;89;16.1;null;1.3;1.9;0.6;0.6;0.4;
285476334;Tesco Beef Steak With Pepper Corn Sauce 320G;£4.00;£12.50/kg;Ready To Cook Meat;113;17.1;null;0.3;4.6;2.2;0.1;0.4;
266507731;Tesco Gammon Joint With Honey Glaze 640G;£5.50;£8.60/kg;Ready To Cook Meat;129;18.1;null;5.9;2.1;0.8;0.5;1.6;
285476645;Tesco Beef Joint With Gravy 500G;£6.00;£12.00/kg;Ready To Cook Meat;98;18.1;null;0.8;2.3;1.2;0.1;0.5;
266507915;Tesco Pork Loin Steaks With Apple Sauce 430G;£4.00;£9.31/kg;Ready To Cook Meat;168;19.1;null;2.1;8.6;3.4;0.5;0.5;
267345880;Tesco Garlic And Herb Spatchcock Chicken 1.2Kg;£6.00;£5.00/kg;Ready To Cook Poultry;195;17.9;null;0.1;13.5;4.4;0.5;0.4;
266395959;Tesco Chicken Breast Lattice With Pork Sage And Onion Joint 640G;£5.50;£8.60/kg;Ready To Cook Poultry;169;19.5;null;0.9;9.3;3.5;0.5;0.7;
282319486;Tesco Hawaiian Chicken Breasts 325G;£4.00;£12.31/kg;Ready To Cook Poultry;130;20.5;null;1.9;4.1;1.9;0.5;0.8;
284847911;Tesco Chicken Breast With Spinach And Ricotta Crumb 360G;£4.00;£11.12/kg;Ready To Cook Poultry;163;20.1;null;0.3;7.9;3.9;0.5;0.6;
266508874;Tesco Butter Chicken Joint;£5.50;£8.60/kg;Ready To Cook Poultry;169;21.1;null;0.1;9.2;3.4;0.5;0.2;
278974861;Tesco Chicken Breast With Puff Pastry Lattice 410G;£4.00;£9.76/kg;Ready To Cook Poultry;171;18.6;null;1.5;7.9;3.8;0.6;0.4;
278974884;Tesco Chicken Fillets With Tikka Masala Sauce 370G;£4.00;£10.82/kg;Ready To Cook Poultry;125;17.1;null;3.5;4.4;0.8;0.6;0.7;
281761331;Tesco Mediterranean Chicken Thigh Fillets 850G;£6.00;£7.06/kg;Ready To Cook Poultry;114;10.5;null;4.1;5.6;1.4;0.5;0.4;
285512868;Tesco Chicken Mini Roasts With Gravy 438G;£4.00;£9.14/kg;Ready To Cook Poultry;153;16.4;null;1.1;8.3;2.9;0.7;0.7;
266306623;Tesco Piri Piri Spatchcock Chicken 1.20Kg;£6.00;£5.00/kg;Ready To Cook Poultry;202;17.6;null;0.6;14.2;4.1;0.9;0.6;
284848403;Tesco Chicken Breast With Green Thai Sauce 390G;£4.00;£10.26/kg;Ready To Cook Poultry;112;14.9;null;1.7;4.4;2.2;0.8;0.6;
282243042;Tesco Chicken Breast Fillets Wrapped In Prosciutto 330G;£4.00;£12.13/kg;Ready To Cook Poultry;158;23.7;null;0.1;6.6;3.1;0.5;0.5;
268236846;Tesco Hunters Chicken 430G;£4.00;£9.31/kg;Ready To Cook Poultry;158;17.6;null;9.8;5.2;2.5;0.9;0.8;
284848032;Tesco Chicken Breast With Tomato And Pecorino 395G;£4.00;£10.13/kg;Ready To Cook Poultry;122;17.4;null;1.7;4.5;1.9;0.5;0.6;
280172119;Tesco 2 Chicken Breasts With Garlic Mushroom 375G;£4.00;£11.60/kg;Ready To Cook Poultry;126;19.1;null;0.1;4.9;2.5;0.5;0.2;
280171777;Tesco 2 Chicken Breast Wrapped In Bacon And Cheese 385G;£4.00;£10.39/kg;Ready To Cook Poultry;146;19.3;null;0.7;7.2;2.7;0.6;0.7;
284848075;Tesco Chicken Breast With Cheese, Leeks And Smoked Bacon 390G;£4.00;£10.26/kg;Ready To Cook Poultry;149;19.7;null;0.2;6.9;3.4;0.5;0.6;
281761446;Tesco Healthy Living Mediterranean Chicken Fillets 330G;£4.00;£12.13/kg;Ready To Cook Poultry;98;17.4;null;2.6;1.7;0.4;0.5;0.4;
281973112;Tesco Boozy Bourbon Bird Spatchcock Chicken 1.2Kg;£6.00;£5.00/kg;Ready To Cook Poultry;203;14.5;null;10.3;11.4;3.3;0.8;0.5;
281762134;Tesco Healthy Living Ginger Lime And Chilli Chicken 290G;£4.00;£13.80/kg;Ready To Cook Poultry;118;21.4;null;0.9;2.9;0.7;0.5;0.5;
284448592;Low And Slow Minted Lamb Shank 400G;£4.00;£10.00/kg;Slow Cooked Meat & Poultry;164;16.7;null;null;null;3.7;0.5;1.3;
284448180;Low And Slow Barbecue Beef Ribs 390G;£4.00;£10.26/kg;Slow Cooked Meat & Poultry;201;15.5;null;null;null;4.9;0.5;0.5;
284552462;Tesco Barbecue Bourbon Glazed Pork Ribs 460G;£4.00;£8.70/kg;Slow Cooked Meat & Poultry;256;20.5;null;6.4;16.3;6.1;0.5;1.1;
284949975;Tesco Finest Pork Rib And Chimichurri 595G;£6.00;£10.09/kg;Slow Cooked Meat & Poultry;285;19.0;null;1.7;21.5;5.4;0.5;1.3;
282137695;Tesco Barbecue Apple Pulled Pork 410G;£4.00;£9.76/kg;Slow Cooked Meat & Poultry;226;22.2;null;10.3;10.6;3.9;0.5;0.5;
282137842;Tesco Barbecue Chipotle Chilli Pulled Pork 410G;£4.00;£9.76/kg;Slow Cooked Meat & Poultry;223;21.2;null;11.6;9.6;3.7;0.5;0.8;
284552695;Tesco Grill Maple Barbecue Pork Rib 460G;£4.00;£8.70/kg;Slow Cooked Meat & Poultry;276;20.5;null;7.4;17.9;6.9;0.5;0.8;
284949892;Tesco Half Chicken And Herb 575G;£4.00;£6.96/kg;Slow Cooked Meat & Poultry;170;23.8;null;0.2;8.1;2.1;0.5;0.8;
284950114;Tesco Finest Pulled Pork 655G;£6.00;£9.17/kg;Slow Cooked Meat & Poultry;249;20.4;null;8.7;14.6;5.3;0.5;0.5;
284949825;Tesco Pork Belly With Cider 370G;£4.00;£10.82/kg;Slow Cooked Meat & Poultry;366;18.8;null;2.2;31.2;11.7;0.5;1.3;
284430252;Tesco Sweet Chilli Pork Ribs 460G;£4.00;£8.70/kg;Slow Cooked Meat & Poultry;272;19.0;null;6.6;18.2;6.6;0.5;1.4;
284949802;Tesco New York Style Pork Rib 460G;£4.00;£8.70/kg;Slow Cooked Meat & Poultry;252;20.1;null;8.4;13.6;5.6;0.5;1.3;
284950045;Tesco Chorizo And Spanish Sauce Chicken Thighs 480G;£4.00;£8.34/kg;Slow Cooked Meat & Poultry;236;18.9;null;1.6;17.0;4.8;0.5;0.8;
284552326;Tesco Slow Cooked Beef Joint With Gravy 500G;£5.00;£10.00/kg;Slow Cooked Meat & Poultry;152;24.3;null;1.9;4.5;2.1;0.5;0.8;
284552643;Tesco Barbecue Hoi Sin Pork Rib Rack 460G;£4.00;£8.70/kg;Slow Cooked Meat & Poultry;302;20.8;null;7.8;20.7;8.4;0.5;1.3;
284552643;Tesco Barbecue Hoi Sin Pork Rib Rack 460G;£4.00;£8.70/kg;BBQ Meat & Poultry;302;20.8;null;7.8;20.7;8.4;0.5;1.3;
284949892;Tesco Half Chicken And Herb 575G;£4.00;£6.96/kg;BBQ Meat & Poultry;170;23.8;null;0.2;8.1;2.1;0.5;0.8;
284950045;Tesco Chorizo And Spanish Sauce Chicken Thighs 480G;£4.00;£8.34/kg;BBQ Meat & Poultry;236;18.9;null;1.6;17.0;4.8;0.5;0.8;
284552695;Tesco Grill Maple Barbecue Pork Rib 460G;£4.00;£8.70/kg;BBQ Meat & Poultry;276;20.5;null;7.4;17.9;6.9;0.5;0.8;
284950114;Tesco Finest Pulled Pork 655G;£6.00;£9.17/kg;BBQ Meat & Poultry;249;20.4;null;8.7;14.6;5.3;0.5;0.5;
284552462;Tesco Barbecue Bourbon Glazed Pork Ribs 460G;£4.00;£8.70/kg;BBQ Meat & Poultry;256;20.5;null;6.4;16.3;6.1;0.5;1.1;
284448592;Low And Slow Minted Lamb Shank 400G;£4.00;£10.00/kg;BBQ Meat & Poultry;164;16.7;null;null;null;3.7;0.5;1.3;
284949975;Tesco Finest Pork Rib And Chimichurri 595G;£6.00;£10.09/kg;BBQ Meat & Poultry;285;19.0;null;1.7;21.5;5.4;0.5;1.3;
278995484;Tesco Slow Cooked Lamb Shoulder With Redcurrant 440G;£6.00;£13.64/kg;BBQ Meat & Poultry;293;24.9;null;7.3;18.1;7.9;0.5;0.6;
284552326;Tesco Slow Cooked Beef Joint With Gravy 500G;£5.00;£10.00/kg;BBQ Meat & Poultry;152;24.3;null;1.9;4.5;2.1;0.5;0.8;
259552963;Tesco 2 Peppered Beef Grillsteaks 340G;£2.00;£5.89/kg;Burgers & Meatballs;291;15.2;null;1.2;23.6;9.3;0.5;0.7;
280469437;Tesco 6 Quick Cook Beef Burgers 336G;£3.00;£8.93/kg;Burgers & Meatballs;277;16.6;null;1.7;22.3;10.2;0.5;0.7;
261742386;Tesco Finest 4 Caramelised Onion Burger 454G;£3.50;£7.71/kg;Burgers & Meatballs;250;15.0;null;4.6;18.1;8.4;0.5;0.7;
282390543;Tesco 12 Lamb And Herb Meatballs 336G;£2.50;£7.45/kg;Burgers & Meatballs;244;15.7;null;2.3;17.9;9.3;0.5;0.5;
282389471;Tesco Finest 6 Mini Beef Burgers 360G;£3.50;£9.73/kg;Burgers & Meatballs;230;17.7;null;1.0;16.5;7.0;0.1;0.8;
282011772;Tesco Finest 12 British Beef Meatballs 336G;£3.00;£8.93/kg;Burgers & Meatballs;225;17.7;null;1.0;16.0;6.8;0.1;0.8;
282223852;Tesco 2 Gluten Free Beef Burgers 227G;£2.00;£8.82/kg;Burgers & Meatballs;259;16.0;null;0.3;20.0;8.4;1.1;0.6;
277661766;Tesco Finest 4 British Beef Steak Burgers 454G;£3.50;£7.71/kg;Burgers & Meatballs;230;17.7;null;1.0;16.5;7.0;0.1;0.8;
282025194;Tesco Finest 12 Beef Italian Style Meatballs 336G;£3.00;£8.93/kg;Burgers & Meatballs;235;16.8;null;1.7;16.9;7.8;1.4;0.6;
253609248;Tesco 4 1/4Lb Beef Burgers 454G;£3.00;£6.61/kg;Burgers & Meatballs;277;16.6;null;1.7;22.3;10.2;0.5;0.7;
277103558;Tesco 20 Mini Meatballs 400G;£2.00;£5.00/kg;Burgers & Meatballs;277;16.6;null;1.7;22.3;10.2;0.5;0.7;
279251148;Tesco Finest 4 Three Chilli Beef Burgers 454G;£3.50;£7.71/kg;Burgers & Meatballs;228;17.5;null;1.0;16.3;7.2;0.7;0.7;
277102127;Tesco Finest 2 British Beef Steak Burgers 227G;£2.00;£8.82/kg;Burgers & Meatballs;230;17.7;null;1.0;16.5;7.0;0.1;0.8;
284541302;Tesco Finest Pork Gluten Free Burgers 454G;£3.50;£7.71/kg;Burgers & Meatballs;null;null;null;null;null;null;null;null;
282373472;Tesco Finest 4 Xl Beef Burgers 454G;£3.50;£7.71/kg;Burgers & Meatballs;230;17.7;null;1.0;16.5;7.0;0.1;0.8;
281974465;Tesco 12 Beef Meatballs 336G;£2.00;£5.96/kg;Burgers & Meatballs;277;16.6;null;1.7;22.3;10.2;0.5;0.7;
278437962;Tesco Finest 4 Chorizo Style Pork Burger 454G;£3.50;£7.71/kg;Burgers & Meatballs;256;13.4;null;3.6;19.8;8.0;1.1;0.9;
287970771;Tesco 2 Lamb Burgers 227G;£2.00;£4.41/kg;Burgers & Meatballs;239;14.1;null;1.0;19.0;8.8;0.9;0.7;
280469875;Tesco Cheese Burgers In Buns 505G;£3.50;£7.47/kg;Burgers & Meatballs;256;10.9;null;5.5;14.0;5.9;1.7;0.9;
282011659;Tesco 24 Beef Meatballs 672G;£4.00;£5.96/kg;Burgers & Meatballs;277;16.6;null;1.7;22.3;10.2;0.5;0.7;
268849386;Butchers Choice Cider And Apple Pork Sausages 454G;£1.70;£3.75/kg;Sausages;273;11.5;null;3.3;20.8;7.6;2.0;1.1;
281137408;Heck Chicken Italia Sausages 340G;£2.99;£8.80/kg;Sausages;106 ;18.7;null;null;2.3;null;null;1.9;
260391909;Powters 6 Newmarket Sausages 400G;£3.00;£7.50/kg;Sausages;929kJ/ 474kJ/;16.6;null;null;13;null;2;1.96;
254274712;Richmond 12 Thin Pork Sausages 340G;£2.00;£5.89/kg;Sausages;254;11.7;null;null;15.9;null;2.6;null;
250262859;Debbie And Andrew 6 Perfect Pork Sausages 400G;£3.00;£7.50/kg;Sausages;528kJ 851kJ;10.2;null;null;8.1;null;1.4;0.89;
263344046;Richmond 12 Thick Pork Sausages 681G;£3.00;£4.41/kg;Sausages;254;11.7;null;null;15.9;null;2.6;null;
264693523;Riverway 12 Cumberland Sausages 681G;£5.00;£7.35/kg;Sausages;1085kJ 1080kJ;12.9;null;null;17.6;null;0.5;1.2;
250165978;Richmond 8 Skinless Pork Sausages 213G;£1.50;£7.05/kg;Sausages;288;10.3;null;null;22.3;null;1.4;null;
266728066;Richmond 16 Thick Pork Sausages 2X454g;£4.00;£4.42/kg;Sausages;254 ;11.7;null;null;15.9;null;2.61;null;
257577171;Debbie And Andrew 6 Harrogate 97% Sausages 400G;£3.00;£7.50/kg;Sausages;471kJ 924kJ;9.3;null;null;7.7;null;3.7;0.74;
277643857;Heck 97% Pork Sausages 400G;£2.49;£6.23/kg;Sausages;202 ;16.5;null;null;14.1;null;null;1.62;
278774314;Butchers Choice Pork And Leek Sausage 454G;£1.70;£3.75/kg;Sausages;295;12.0;null;1.2;24.9;9.2;2.6;1.4;
257447210;Richmond 12 Skinless Pork Sausages 319G;£2.00;£6.27/kg;Sausages;288;10.3;null;null;22.3;null;1.4;null;
281919526;Debbie &Andrew's Butchers Classic Pork Sausages 454G;£2.50;£5.51/kg;Sausages;222;15.8;null;null;14.2;null;1.1;1.75;
268419481;Powters Low Fat Sausages 400G;£3.00;£7.50/kg;Sausages;614kJ/ 313kJ/;18.2;null;null;2.5;null;1.9;2.03;
254058047;Broad Oak Farm 8 Premium Pork Sausages 454G;£2.50;£5.51/kg;Sausages;1288kJ 732kJ;11.9;null;null;25.8;null;0.4;null;
254274735;Richmond 8 Thick Pork Sausages 454G;£2.00;£4.41/kg;Sausages;254;11.7;null;null;15.9;null;2.6;null;
265414272;Richmond 18 Thin Pork Sausages 510G;£3.00;£5.89/kg;Sausages;254;11.7;null;null;15.9;null;2.6;null;
277450359;Butchers Choice Turkey Sausages 400G;£1.70;£4.25/kg;Sausages;234;13.4;null;1.2;15.1;4.6;0.5;1.0;
281919699;Debbie&Andrew's Butchers Classic Cumberland Sausages 454G;£2.50;£5.51/kg;Sausages;230;16.1;null;null;15.3;null;0.9;1.34;
268029016;Saucy Centres 2 Salm/Hollandaise Fishcakes 270G;£2.00;£7.41/kg;Chilled Fish;186;11.4;null;null;7.8;null;1.8;0.9;
281541690;Tesco Lightly Dusted Haddock Fillets 260G;£2.80;£10.77/kg;Chilled Fish;178;16.3;null;0.6;8.5;0.7;0.7;0.9;
273681103;Tesco 2 Breaded Chunky Cod Fillets 350G;£2.80;£8.00/kg;Chilled Fish;165;14.2;null;1.5;5.2;0.4;1.0;0.5;
268307246;Tesco 2 Smoked Haddock Fishcakes 270G;£1.65;£6.12/kg;Chilled Fish;165;11.0;null;0.9;5.8;0.3;1.5;0.7;
277161839;Tesco Boneless Cod Fillets;£5.53;£13.90/kg;Chilled Fish;null;null;null;null;null;null;null;null;
268306390;Tesco Finest Cod Melt In Middle Fishcakes 290G;£2.80;£9.66/kg;Chilled Fish;187;10.1;null;2.1;8.5;2.2;1.4;0.7;
268337976;Tesco Finest Thai Prawn Chilli And Lemon Grass Fishcakes 290G;£2.80;£9.66/kg;Chilled Fish;182;9.1;null;3.5;6.9;0.8;2.7;0.7;
279456321;Tesco Boneless Trout Fillets;£4.25;£12.50/kg;Chilled Fish;null;null;null;null;null;null;null;null;
282086881;Tesco Gluten Free Cod Fishcakes 270G;£1.65;£6.12/kg;Chilled Fish;182;9.0;null;0.5;7.8;0.5;1.3;1.0;
284743262;Tesco Chilli Sauce Topped Cod With Nacho 360G;£3.00;£8.34/kg;Chilled Fish;207;11.5;null;1.7;8.7;2.5;0.8;0.8;
280146128;Youngs Breaded 4 Fish Fillets 600G;£4.00;£6.67/kg;Chilled Fish;805kJ 1111kJ - -;13.9;null;null;9.0;null;2.3;0.7;
284743285;Tesco 4 Breaded White Fish Fillets 600G;£4.00;£6.67/kg;Chilled Fish;null;null;null;null;null;null;null;null;
268337669;Tesco Finest Salmon, Spinach Lemon Fish Cake 290G;£2.80;£9.66/kg;Chilled Fish;272;12.1;null;1.8;16.4;3.2;1.4;0.3;
251875720;Tesco 2 Cod Loins;£3.74;£11.00/kg;Chilled Fish;null;null;null;null;null;null;null;null;
268307227;Tesco 2 Salmon Fishcakes 270G;£1.65;£6.12/kg;Chilled Fish;201;14.7;null;1.9;8.4;1.1;1.7;0.5;
268307210;Tesco 2 Cod Fishcakes 270G;£1.65;£6.12/kg;Chilled Fish;176;9.4;null;1.4;7.0;0.5;1.4;0.6;
271284352;Tesco Battered Haddock Goujons 200G;£3.00;£15.00/kg;Chilled Fish;295;10.4;null;0.4;13.0;1.4;1.2;1.2;
268307072;Tesco Finest Smoked Haddock Melt In Middle Fishcakes 290G;£2.80;£9.66/kg;Chilled Fish;201;12.3;null;1.7;10.2;3.4;1.5;0.6;
281541661;Tesco Lightly Dusted Cod Fillets 260G;£2.80;£10.77/kg;Chilled Fish;186;14.2;null;0.8;8.4;0.7;1.0;1.0;
268337410;Tesco Finest Cod And Four Cheese Fishcakes 290G;£2.80;£9.66/kg;Chilled Fish;224;13.2;null;1.5;10.9;3.1;1.6;0.8;
283846044;Lyons Chilean Mussels 150G;£1.00;£6.67/kg;Chilled Seafood;null;12.7;null;null;2.6;null;0.5;null;
252053188;Tesco Finest Cold Water Prawns 190G;£4.00;£2.11/100g;Chilled Seafood;62;13.7;null;0;0.8;0.3;0;1.3;
258386487;Counter Cooked And Peeled King Prawns;£16.00;£16.00/kg;Chilled Seafood;80;17.0;null;0.3;0.9;0.3;0;null;
264377380;Tesco Finest Tiger Prawns 150G;£6.00;£4.00/100g;Chilled Seafood;77;17.5;null;0.3;0.6;0.1;0;1.5;
282319405;Fisherman's Cockles 90G;£3.00;£33.34/kg;Chilled Seafood;null;13.7;null;null;0.2;null;null;1.69;
284831941;Tesco Mussels In Spicy Tomato And Chorizo Sauce 500G;£3.00;£6.00/kg;Chilled Seafood;59;7.5;null;1.5;1.5;0.8;0.5;1.8;
264339057;Tesco Everyday Value Cold Water Prawns 300G;£3.10;£1.04/100g;Chilled Seafood;62;13.7;null;0;0.8;0.3;0;1.3;
275339674;Counter Cooked Crevettes;£16.00;£16.00/kg;Chilled Seafood;null;null;null;null;null;null;null;null;
256995648;Tesco Cooked And Peeled Prawns 200G;£3.00;£1.50/100g;Chilled Seafood;62;13.7;null;0;0.8;0.3;0;1.3;
281054425;Tesco Garlic And Herb Marinated King Prawns 150G;£4.00;£2.67/100g;Chilled Seafood;97;15.7;null;0.2;3.3;0.4;0.5;1.1;
285364265;Tesco King Prawn Seafood Selection 200G;£3.50;£1.75/100g;Chilled Seafood;80;17.7;null;0.1;1.0;0.4;0;1.3;
282319371;Fisherman's Brown Shrimp 90G;£4.00;£44.45/kg;Chilled Seafood;null;19.1;null;null;0.3;null;null;1.70;
281054108;Tesco Raw King Prawns 175G;£3.70;£21.15/kg;Chilled Seafood;66;14.4;null;0.1;0.8;0.4;0.5;1.4;
285364639;Tesco Raw Scallops 150G;£4.00;£26.67/kg;Chilled Seafood;81;16.7;null;0.1;0.6;0.3;0.5;0.8;
254294607;Counter Cooked Jellied Eels;£5.40;£9.00/kg;Chilled Seafood;167;10.1;null;<0.1 (less than 1% of NRV;13.9;null;0.5;null;
262919342;Counter Cooked Dressed Crab 200G;£5.00;£25.00/kg;Chilled Seafood;142;16.8;null;0.4;6.7;1.3;0.2;0.9;
284861467;Lyons Jumbo King Prawns 135G;£3.00;£22.23/kg;Chilled Seafood;null;14.2;null;null;0.1;null;null;1.5;
277130623;Tesco Mussels In White Wine And Garlic 500G;£3.00;£6.00/kg;Chilled Seafood;84;9.8;null;0.9;4.0;2.3;0.6;1.4;
281037319;Tesco Cooked And Peeled King Prawns 160G;£3.50;£2.19/100g;Chilled Seafood;81;17.9;null;0.1;0.9;0.4;0.5;1.1;
281054293;Tesco Marinated King Prawns In Chilli And Coriander 150G;£4.00;£2.67/100g;Chilled Seafood;79;15.4;null;NaN.0;1.6;0.2;0.5;1.1;
266452276;Tesco Continental Selection Platter 120G;£2.60;£2.17/100g;Continental Meat;348;24.7;null;0.4;27.1;10.2;0.6;3.3;
267533657;From The Deli Continental Meat Selection;£2.43;£19.45/kg;Continental Meat;null;null;null;null;null;null;null;null;
282854531;The Bath Pig Chorizo Coin 100G;£2.00;£2.00/100g;Continental Meat;464 Kcal;27.1;null;null;39.1;null;null;3.36;
277615125;Tesco Finest Spanish Platter 120G;£3.50;£2.92/100g;Continental Meat;406;22.9;null;0.5;33.9;12.1;0.8;3.5;
268558488;Tesco Spnch Cooking Chorizo Sausages 200G;£2.50;£1.25/100g;Continental Meat;427;20.7;null;1.8;36.1;13.1;2.5;3.2;
261781844;Tesco Finest Spanish Chorizo Ring 225G;£2.50;£1.12/100g;Continental Meat;461;24.3;null;0.9;39.2;15.0;0.7;3.5;
277686322;Tesco Finest Italian Antipasto Selection Platter 120G;£3.50;£2.92/100g;Continental Meat;364;25.8;null;0.5;28.8;11.3;0;4.3;
285415148;Tesco Italian Meat Selection 100G;£2.50;£2.50/100g;Continental Meat;216;27.2;null;0.5;11.7;4.5;0;4.8;
285400534;Tesco Spanish Meat Platter 100G;£2.50;£2.50/100g;Continental Meat;247;29.9;null;0.4;13.9;5.2;0.1;3.8;
285398910;Tesco Mediterranean Platter 230G;£2.50;£1.09/100g;Continental Meat;143;7.1;null;5.4;9.2;3.5;3.0;1.4;
285415085;Tesco Prosciutto Platter 180G;£4.00;£2.23/100g;Continental Meat;216;27.2;null;0.5;11.7;4.5;0;4.8;
277615194;Tesco Spanish Sliced Chorizo Selection 120G;£1.70;£1.42/100g;Continental Meat;398;23.4;null;0.6;32.9;11.3;0.7;3.9;
285399039;Tesco Tapas Platter 200G;£2.50;£1.25/100g;Continental Meat;423;13.2;null;3.7;13.1;5.6;10.3;2.3;
285401032;Tesco Spanish Spicy Sliced Chorizo 80G;£1.00;£1.25/100g;Continental Meat;363;25.9;null;2.0;27.5;10.2;0.9;2.8;
285400730;Tesco Spicy Chorizo Coins 125G;£1.75;£1.40/100g;Continental Meat;461;24.3;null;0.9;39.2;15.0;0.7;3.5;
285400626;Tesco Spicy Spanish Meats Platter 100G;£1.75;£1.75/100g;Continental Meat;247;29.9;null;0.4;13.9;5.2;0.1;3.8;
277570378;Tesco Spanish Diced Chorizo 130G;£1.75;£1.35/100g;Continental Meat;398;23.4;null;0.6;32.9;11.3;0.7;3.9;
285415004;Tesco Italian Antipasto Selection Platter 200G;£4.00;£2.00/100g;Continental Meat;290;28.6;null;0.2;19.3;6.7;0;4.0;
273429784;Tesco Spinach Sliced Chorizo Sausage 150G;£1.70;£1.14/100g;Continental Meat;398;23.4;null;0.6;32.9;11.3;0.7;3.9;
285400678;Tesco Spanish Meat Platter 200G;£3.00;£1.50/100g;Continental Meat;339;26.7;null;0.5;25.0;9.6;1.0;4.0;
264786045;Tesco Everyday Value Sliced Tikka Chicken 240G;£2.00;£0.83/100g;Cooked Chicken;126;25.0;null;0.9;2.3;0.7;0.7;0.6;
279797769;Tesco Ready To Eat Flamegrilled Chicken Breast Pieces 180G;£3.00;£1.67/100g;Cooked Chicken;null;null;null;null;null;null;null;null;
279819267;Tesco British Ready To Eat Hot And Spicy Roast Chicken Wings 525G;£3.00;£0.57/100g;Cooked Chicken;null;null;null;null;null;null;null;null;
280376792;Tesco Ready To Eat Sliced Roast Chicken Breast 130G;£2.00;£1.54/100g;Cooked Chicken;120;23.1;null;0;2.2;0.6;0;1.0;
264465356;Tesco 2 Ready To Eat Roast Boneless Chicken Breast Fillets 245G;£4.00;£1.64/100g;Cooked Chicken;157;23.9;null;0.1;6.7;2.3;0.1;0.7;
279819238;Tesco British Ready To Eat Barbecue Roast Chicken Drumsticks 430G;£2.00;£0.47/100g;Cooked Chicken;null;null;null;null;null;null;null;null;
279817839;Tesco Ready To Eat Sliced Roast Chicken Breast 200G;£3.00;£1.50/100g;Cooked Chicken;120;23.1;null;0;2.2;0.6;0;1.0;
264465402;Tesco 4 Ready To Eat Roast Boneless Chicken Breast Fillets 485G;£6.00;£1.24/100g;Cooked Chicken;null;null;null;null;null;null;null;null;
282363121;Tesco Ready To Eat Roast Piri Piri Chicken Breast Pieces 180G;£3.00;£1.67/100g;Cooked Chicken;125;19.9;null;4.3;1.4;0.4;0;0.9;
252233442;Tesco Chunky Flamed Grilled Chicken 100g;£1.50;£1.50/100g;Cooked Chicken;107;23.3;null;0.3;1.3;0.4;0.2;0.7;
264786016;Tesco Everyday Value Sliced Cooked Chicken 240G;£2.00;£0.83/100g;Cooked Chicken;114;24.8;null;0.1;1.4;0.5;0.4;0.9;
268889741;Castle Lea Ready To Eat Roast Chicken Breast Pieces 200G;£2.00;£1.00/100g;Cooked Chicken;null;21.5;null;null;1.3;null;0.0;0.98;
279797809;Tesco Ready To Eat Tikka Chicken Breast Pieces 180G;£3.00;£1.67/100g;Cooked Chicken;118;23.4;null;1.2;1.9;0.5;0.7;0.7;
279817782;Tesco Ready To Eat Sweet Chilli Chicken Breast Pieces 180G;£3.00;£1.67/100g;Cooked Chicken;130;25.6;null;1.5;1.4;0.3;0.9;0.8;
279817753;Tesco Ready To Eat Roast Barbecue Chicken Breast Pieces 180G;£3.00;£1.67/100g;Cooked Chicken;null;null;null;null;null;null;null;null;
282363167;Tesco British Ready To Eat Roast Buffalo Chicken Wings 525G;£3.00;£0.57/100g;Cooked Chicken;206;19.2;null;4.0;10.9;2.8;0.5;0.5;
279817799;Tesco Ready To Eat Flame Grilled Chicken Mini Fillets 170G;£3.00;£1.77/100g;Cooked Chicken;110;24.3;null;0.1;1.0;0.4;0.1;0.7;
279819342;Tesco British Ready To Eat Barbecue Roast Chicken Wings 525G;£3.00;£0.57/100g;Cooked Chicken;null;null;null;null;null;null;null;null;
268889466;Castle Lea Ready To Eat Chinese Chicken Breast Pieces 200G;£2.00;£1.00/100g;Cooked Chicken;null;21.9;null;null;1.3;null;0.0;1.77;
279817822;Tesco Ready To Eat Peri Peri Chicken Mini Fillets 170G;£3.00;£1.77/100g;Cooked Chicken;125;21.0;null;4.2;0.8;0.2;0;0.6;
282484712;Tesco British Roast Ham Joint 400G;£4.00;£1.00/100g;Cooked Ham Joints;112;21.5;null;1.4;2.1;0.8;0.5;1.8;
282484640;Tesco British Honey Roast Ham Joint 400G;£4.00;£1.00/100g;Cooked Ham Joints;114;21.3;null;1.8;2.3;0.8;0.5;1.6;
273429784;Tesco Spinach Sliced Chorizo Sausage 150G;£1.70;£1.14/100g;Cooked Meat Snacks, Frankfurters & Cooked Sausage;398;23.4;null;0.6;32.9;11.3;0.7;3.9;
284275625;Herta Chicken Snackfurters 200G;£2.00;£1.00/100g;Cooked Meat Snacks, Frankfurters & Cooked Sausage;884 kJ 443 kJ 8400 kJ -;13.0 ;null;null;17.0 ;null;1.0 ;1.70 ;
268849046;Mattessons Fridge Raiders Hot And Spicy 60G;£1.29;£2.15/100g;Cooked Meat Snacks, Frankfurters & Cooked Sausage;131;12.7;null;null;7.3;null;null;0.8;
283670585;Mattessons Fridge Raiders Big Eat Roast 100G;£1.49;£1.49/100g;Cooked Meat Snacks, Frankfurters & Cooked Sausage;874kJ/ 437kJ/ 5 8400kJ/;21;null;null;11;null;null;1.5;
258246573;Peperami Hot 5X25g;£2.50;£2.00/100g;Cooked Meat Snacks, Frankfurters & Cooked Sausage;2139kJ 535kJ 6%;23;null;null;44;null;null;4;
266453995;Mattessons Fridge Raiders Southern Fried Chicken Multipack 3X25g;£1.00;£0.95/100g;Cooked Meat Snacks, Frankfurters & Cooked Sausage;755kJ/ 189kJ/ 2% 8400kJ/;18;null;null;10;null;null;1.4;
268336872;Tesco Snack Salami 5X25g;£1.65;£1.32/100g;Cooked Meat Snacks, Frankfurters & Cooked Sausage;472;25.3;null;0.4;40.4;18.1;0.6;4.1;
257904848;Herta 10 Frankfurters Chicken 350G;£2.00;£0.57/100g;Cooked Meat Snacks, Frankfurters & Cooked Sausage;892 kJ 314 kJ -;13.5;null;null;17.0;null;1.0;1.80;
277570378;Tesco Spanish Diced Chorizo 130G;£1.75;£1.35/100g;Cooked Meat Snacks, Frankfurters & Cooked Sausage;398;23.4;null;0.6;32.9;11.3;0.7;3.9;
265312110;Mattessons Fridge Raiders Roast Chicken Bites 3X25g;£1.00;£0.95/100g;Cooked Meat Snacks, Frankfurters & Cooked Sausage;794kJ/ 198kJ/ 2% 8400kJ/;21;null;null;10;null;null;1.6;
283966898;Mattessons Fridge Raiders Large Multipack Roast 5X25g;£2.30;£1.84/100g;Cooked Meat Snacks, Frankfurters & Cooked Sausage;794kJ/ 198kJ/ 2 8400kJ;21;null;null;10;null;null;1.6;
261781844;Tesco Finest Spanish Chorizo Ring 225G;£2.50;£1.12/100g;Cooked Meat Snacks, Frankfurters & Cooked Sausage;461;24.3;null;0.9;39.2;15.0;0.7;3.5;
268336895;Tesco Mini Snack Salami 10X10 G;£1.65;£1.65/100g;Cooked Meat Snacks, Frankfurters & Cooked Sausage;472;25.3;null;0.4;40.4;18.1;0.6;4.1;
267462838;Herta 10 Frankfurters 350G;£2.00;£0.57/100g;Cooked Meat Snacks, Frankfurters & Cooked Sausage;1181 kJ 416 kJ -;12.5;null;null;25.0;null;1.2;1.60;
262913515;Herta 4 Jumbo Frankfurters 360G;£2.00;£0.56/100g;Cooked Meat Snacks, Frankfurters & Cooked Sausage;1174 kJ 1057 kJ 8400 kJ -;12.0;null;null;25.0;null;1.4;1.60;
254273362;Peperami Original 5X25g;£2.50;£2.00/100g;Cooked Meat Snacks, Frankfurters & Cooked Sausage;2145kJ 536kJ 6%;24;null;null;44;null;null;3.9;
268558488;Tesco Spnch Cooking Chorizo Sausages 200G;£2.50;£1.25/100g;Cooked Meat Snacks, Frankfurters & Cooked Sausage;427;20.7;null;1.8;36.1;13.1;2.5;3.2;
259635065;Hessy's 10 Hot Dogs 350G;£1.00;£0.29/100g;Cooked Meat Snacks, Frankfurters & Cooked Sausage;kcal 266 / kJ 1103;14;null;null;22;null;null;2,0;
254273258;Herta Classics Frankfurters 4'S 140G;£1.59;£1.14/100g;Cooked Meat Snacks, Frankfurters & Cooked Sausage;1181 kJ 416 kJ 8400 kJ -;12.5;null;null;25.0;null;1.2;1.60;
250591613;Peperami Mini Original 10X10g;£2.00;£2.00/100g;Cooked Meat Snacks, Frankfurters & Cooked Sausage;1662kJ 166kJ 2%;26;null;null;31;null;null;4.1;
280375945;Counter British Smoked Cherrywood Ham;£6.95;£13.90/kg;Cooked Sliced Meat;137;20.3;null;0.4;6.0;2.1;0;1.6;
268901635;From The Deli Crumbed Wiltshire Ham 4 Slice;£2.72;£16.50/kg;Cooked Sliced Meat;160;23.0;null;0.3;7.2;2.6;0.3;1.8;
253184328;From The Deli Crumbed Ham 6 Slices;£5.99;£14.50/kg;Cooked Sliced Meat;112;20.5;null;0.6;2.9;1.1;0.5;2.0;
279533685;Premium Ham Trim 400G;£1.95;£0.49/100g;Cooked Sliced Meat;150;19.8;null;null;7.0;null;Trace;2.3;
287961511;Counter Honey Baked Ham;£12.50;£12.50/kg;Cooked Sliced Meat;null;null;null;null;null;null;null;null;
254387924;Counter Honey Roast Ham;£6.95;£13.90/kg;Cooked Sliced Meat;117;20.8;null;1.4;3.0;1.0;0.4;1.4;
256334443;Counter Ham Cooked On The Bone;£6.50;£13.00/kg;Cooked Sliced Meat;116;20.2;null;1.5;3.0;1.1;0.5;2.8;
268517468;Counter Oven Baked Ham;£7.00;£14.00/kg;Cooked Sliced Meat;140;23.7;null;null;4.6;1.6;null;1.9;
253184288;From The Deli Crumbed Ham 4 Slices;£3.99;£14.50/kg;Cooked Sliced Meat;112;20.5;null;0.6;2.9;1.1;0.5;2.0;
273794033;Broadoak Farm Sliced Crumbed Gammon Ham 100G;£3.23;£19.00/each;Cooked Sliced Meat;120;19.9;null;null;4.4;null;0.1;2.2;
286749722;Reinert Teddy Bear Sausage 90G;£1.00;£1.12/100g;Cooked Sliced Meat;795 kJ/ 87 kJ/;13.0 ;null;null;15.0 ;null;0.3 ;2.3 ;
253078898;From The Deli Yorkshire Style Ham 6 Slices;£3.22;£12.40/kg;Cooked Sliced Meat;109;22.0;null;0.2;2.1;0.7;0.5;1.6;
253078748;From The Deli Yorkshire Style Ham 4 Slices;£2.87;£15.50/kg;Cooked Sliced Meat;109;22.0;null;0.2;2.1;0.7;0.5;1.6;
279468664;Red Lion Crumbed Ham 125G;£2.00;£1.60/100g;Cooked Sliced Meat;99;18.9;null;null;2.1;null;null;2.0;
254943178;From The Deli Honey Roast Ham 4 Slices;£3.99;£14.50/kg;Cooked Sliced Meat;110;21.0;null;0.3;2.6;0.8;0.5;2.5;
256858186;Counter Cooked Ham;£4.50;£9.00/kg;Cooked Sliced Meat;110;18.0;null;0.8;3.8;1.5;0;1.7;
264876624;From The Deli Finest Roast Ham 4 Slices;£3.27;£16.50/kg;Cooked Sliced Meat;142;22.7;null;0.8;5.3;2.0;0;1.7;
253077588;From The Deli Finest Roast Ham 6 Slices;£4.90;£16.50/kg;Cooked Sliced Meat;142;22.7;null;0.8;5.3;2.0;0;1.7;
254577792;Counter Lean Country Ham;£7.25;£14.50/kg;Cooked Sliced Meat;124;26.7;null;0.2;1.7;0.6;0.5;1.6;
284350847;Counter Yorkshire Cured Ham;£5.00;£10.00/kg;Cooked Sliced Meat;114;21.0;null;0.1;3.2;1.1;0.5;2.5;
272365364;Tesco Everyday Value Pitted Green Olives 95G;£1.00;£1.06/100g;Fresh Olives & Antipasti;178;1.2;null;0.3;18.2;2.6;4.0;2.9;
266073373;Tesco Black And Green Olives With Feta 150G;£2.00;£1.34/100g;Fresh Olives & Antipasti;199;3.0;null;0.3;19.8;4.7;3.6;2.8;
273423174;Tesco Feta Stuffed Peppers 145G;£2.50;£1.73/100g;Fresh Olives & Antipasti;223;3.3;null;13.2;16.4;3.0;1.4;0.6;
282481447;Tesco Spicy Pimento Stuffed Olives 160G;£2.00;£1.25/100g;Fresh Olives & Antipasti;116;1.1;null;0.5;10.9;1.7;4.1;3.4;
287804330;Tesco Marinated Greek Olive Selection 180G;£2.00;£1.25/100g;Fresh Olives & Antipasti;181;1.3;null;0.3;18.6;2.6;3.4;4.4;
285398674;Tesco Spanish Olives With Chorizo And Iberico 220G;£3.00;£1.37/100g;Fresh Olives & Antipasti;205;5.1;null;0.5;19.4;4.8;2.8;2.5;
272390950;Tesco Falafel 132G;£2.00;£1.52/100g;Fresh Olives & Antipasti;307;8.7;null;1.8;19.5;1.5;9.5;1.5;
282481015;Tesco Finest Chilli Marinated Anchovies 150G;£2.50;£1.67/100g;Fresh Olives & Antipasti;314;16.0;null;0.2;26.3;3.5;0.4;1.8;
274579327;Tesco Everyday Value Pitted Black And Green Olives 95G;£1.00;£1.06/100g;Fresh Olives & Antipasti;147;1.2;null;0.3;14.9;2.4;3.5;2.8;
280804145;Tesco Halkidiki With Slow Roasted Vine Tomatoes 250G;£3.00;£1.20/100g;Fresh Olives & Antipasti;179;1.4;null;1.5;17.7;2.4;3.7;2.6;
285398910;Tesco Mediterranean Platter 230G;£2.50;£1.09/100g;Fresh Olives & Antipasti;143;7.1;null;5.4;9.2;3.5;3.0;1.4;
267965923;Tesco Halkidiki Olives With Sun Dried Tomatoes 160G;£2.00;£1.25/100g;Fresh Olives & Antipasti;179;1.4;null;1.5;17.7;2.4;3.7;2.6;
287531822;Tesco Semi-Dried Tomato And Mozzarella Balls 190G;£2.50;£1.25/100g;Fresh Olives & Antipasti;259;9.4;null;5.3;21.3;6.4;2.6;1.0;
272695094;Tesco Ardennes Pate 200G;£1.00;£0.50/100g;Pate;361;11.3;null;2.0;33.9;13.2;0.5;1.9;
282186578;Tesco Chicken Liver Pate 170G;£1.00;£0.59/100g;Pate;311;9.8;null;2.0;28.1;11.0;0.5;1.9;
251613743;Tesco Brussels Pate 175G;£0.60;£0.34/100g;Pate;318;8.8;null;2.7;28.7;11.0;1.2;1.9;
272694562;Tesco Brussels Pate 200G;£1.00;£0.50/100g;Pate;352;14.0;null;2.8;31.2;12.7;0.9;2.0;
251563692;Tesco Brussels With Garlic Pate 170G;£1.00;£0.59/100g;Pate;360;8.8;null;2.4;33.2;12.1;0;1.9;
253390996;Tesco Farmhouse Pate With Mushrooms 170G;£1.00;£0.59/100g;Pate;344;13.1;null;1.8;31.3;11.2;0;1.9;
251613720;Tesco Ardennes Pate 175G;£0.60;£0.34/100g;Pate;243;13.1;null;2.7;19.5;7.5;0.9;1.7;
264608845;Tesco Duck And Orange Pate Slice 170G;£1.00;£0.59/100g;Pate;359;8.9;null;5.3;32.8;12.0;1.0;1.7;
263307114;Tesco Reduced Fat Brussels Pate 175G;£0.60;£0.34/100g;Pate;243;12.0;null;5.1;18.7;7.2;0.5;1.8;
268333938;Tesco Smoked Scottish Salmon Pate 90G;£1.00;£1.12/100g;Pate;274;8.4;null;2.2;23.3;7.2;0.6;1.7;
268380674;Tesco Tuna Pate 110G;£1.00;£0.91/100g;Pate;289;17.5;null;0.5;23.1;2.6;0.5;0.9;
277570499;Tesco Finest Ardenne Pate 160G;£2.00;£1.25/100g;Pate;337;13.7;null;1.8;28.7;10.4;1.1;1.8;
282644561;Tesco Finest Duck And Ruby Port Pate 100G;£2.00;£2.00/100g;Pate;261;10.0;null;3.3;21.9;9.7;1.4;1.3;
277614512;Tesco Finest Rannoch Smoked Duck Pate 113G;£1.50;£1.33/100g;Pate;240;12.2;null;5.3;17.5;6.5;1.4;1.5;
277570856;Tesco Finest Brussels Pate 160G;£2.00;£1.25/100g;Pate;355;9.0;null;2.9;33.3;12.4;0.8;2.0;
268380697;Tesco Smoked Mackerel Pate 100G;£1.00;£1.00/100g;Pate;267;13.6;null;1.3;21.3;5.4;0.5;1.4;
255084250;Tesco Everyday Value Liver And Bacon Spreading Pate 150G;£0.54;£0.36/100g;Pate;335;11.5;null;2.1;30.0;10.8;1.8;2.0;
272694913;Tesco Reduced Fat Farmhouse And Mushroom Pate 170G;£1.00;£0.59/100g;Pate;259;14.4;null;1.6;21.4;8.0;0.8;2.0;
282186647;Tesco Limited Edition Pate 170G;£1.00;£0.59/100g;Pate;320;10.1;null;2.6;28.6;10.5;2.8;2.1;
272694700;Tesco Chicken And Chorizo Pate 170G;£1.00;£0.59/100g;Pate;453;9.3;null;1.4;44.9;12.4;0.8;2.1;
275476009;Tesco Cheese And Onion Sandwich Filler 270G;£1.35;£0.50/100g;Sandwich Fillers;330;10.2;null;1.3;29.5;9.4;0.6;1.0;
281761106;Tesco Healthy Living Egg Mayonnaise Sandwich Filler 270G;£1.35;£0.50/100g;Sandwich Fillers;122;9.5;null;0.8;7.3;1.2;0.5;0.7;
275465587;Tesco Egg And Bacon Sandwich Filler 270G;£1.35;£0.50/100g;Sandwich Fillers;224;14.4;null;0.8;17.1;2.5;0.5;1.4;
275465529;Tesco Chicken Tikka Sandwich Filler 270G;£1.35;£0.50/100g;Sandwich Fillers;177;15.0;null;3.4;11.2;0.9;0.7;0.5;
286137464;Tesco Chicken And Sweetcorn Sandwich Filler 450G;£2.00;£0.44/100g;Sandwich Fillers;198;10.7;null;2.0;13.7;1.0;1.1;0.6;
288286957;Tesco Healthy Living Tuna And Sweetcorn Sandwich Filler 270G;£1.35;£0.59/100g;Sandwich Fillers;136;11.4;null;0.8;6.3;1.2;0.8;1.0;
281108639;Tesco Healthy Living Cheese And Onion Sandwich Filler 270G;£1.35;£0.50/100g;Sandwich Fillers;166;7.8;null;2.1;12.0;3.5;0.6;0.7;
275465224;Tesco Chicken And Bacon Sandwich Filler 182G;£1.35;£0.74/100g;Sandwich Fillers;224;17.3;null;0.2;16.3;1.8;0.5;0.9;
268325996;Tesco Egg Mayonnaise Sandwich Filler 450G;£2.00;£0.44/100g;Sandwich Fillers;199;10.9;null;0.8;15.6;1.9;0.5;0.7;
286134029;Tesco Coronation Chicken Sandwich Filler 450G;£2.00;£0.44/100g;Sandwich Fillers;293;11.4;null;7.7;23.2;2.0;0.7;0.8;
275476096;Tesco Coronation Chicken Sandwich Filler 270G;£1.35;£0.50/100g;Sandwich Fillers;293;11.4;null;7.7;23.2;2.0;0.7;0.8;
280471059;Tesco All Day Breakfast Sandwich Filler 270G;£1.35;£0.50/100g;Sandwich Fillers;184;12.1;null;0.2;13.4;2.3;0.5;0.8;
275465282;Tesco Chicken And Stuffing Sandwich Filler 270G;£1.35;£0.50/100g;Sandwich Fillers;226;11.3;null;0.1;17.0;1.8;0.9;0.7;
275531601;Tesco Tuna And Sweetcorn Sandwich Filler 270G;£1.35;£0.50/100g;Sandwich Fillers;231;8.6;null;3.4;18.1;1.4;0.6;0.6;
277649661;Tesco Cheese Savoury Sandwich Filler 270G;£1.35;£0.50/100g;Sandwich Fillers;263;9.5;null;2.0;22.8;10.2;1.8;0.9;
275465397;Tesco Chicken And Sweetcorn Sandwich Filler 270G;£1.35;£0.50/100g;Sandwich Fillers;198;10.7;null;2.0;13.7;1.0;1.1;0.6;
275476504;Tesco Egg Mayonnaise Sandwich Filler 270G;£1.35;£0.50/100g;Sandwich Fillers;199;10.9;null;0.8;15.6;1.9;0.5;0.7;
286133589;Tesco Cheese And Onion Sandwich Filler 450G;£2.00;£0.44/100g;Sandwich Fillers;330;10.2;null;1.3;29.5;9.4;0.6;1.0;
278288394;Tesco Everyday Value Chicken Sweetcorn And Bacon Sandwich Filler 220G;£1.00;£0.46/100g;Sandwich Fillers;231;8.9;null;2.3;18.2;1.9;0.7;0.9;
286168375;Tesco Tuna And Sweetcorn Sandwich Filler 450G;£2.00;£0.44/100g;Sandwich Fillers;231;8.6;null;3.4;18.1;1.4;0.6;0.6;
273331795;Tesco Al Fresco Breaded Mozzarella Sticks 200G;£2.50;£12.50/kg;Al Fresco Meals;280;14.0;null;2.3;13.4;4.7;2.1;null;
283111453;Tesco Al Fresco Lamb Shawarma 150G;£2.50;£16.67/kg;Al Fresco Meals;209;8.0;null;8.6;7.5;2.5;3.0;0.5;
283111672;Tesco Al Fresco Chicken And Roasted Mushroom 150G;£2.50;£16.67/kg;Al Fresco Meals;123;16.4;null;1.1;5.8;2.3;0.6;0.6;
283149541;Tesco Al Fresco Lamb And Mint Kofta With Rice 175G;£2.50;£14.29/kg;Al Fresco Meals;210;8.7;null;4.7;8.2;3.3;3.3;0.6;
283111568;Tesco Al Fresco Garlic Mushroom 170G;£2.50;£14.71/kg;Al Fresco Meals;135;2.9;null;0.5;12.1;6.8;1.7;0.7;
283110984;Tesco Al Fresco Chorizo And Red Wine 150G;£2.50;£16.67/kg;Al Fresco Meals;216;6.0;null;3.2;19.0;5.0;1.4;0.9;
282998504;Tesco Al Fresco Mediterranean Olives 140G;£2.50;£17.86/kg;Al Fresco Meals;199;1.3;null;0.5;20.6;2.7;3.3;4.0;
283150302;Tesco Al Fresco Bean, Peas And Feta 200G;£2.50;£12.50/kg;Al Fresco Meals;147;11.3;null;2.2;7.1;4.4;5.9;0.6;
283111021;Tesco Al Fresco Chicken With Romesco Sauce 150G;£2.50;£16.67/kg;Al Fresco Meals;122;13.0;null;3.9;5.1;0.5;2.4;0.7;
283150170;Tesco Al Fresco Marinated Chicken With Rice 180G;£2.50;£13.89/kg;Al Fresco Meals;209;9.8;null;1.3;9.2;3.0;3.1;0.6;
283149161;Tesco Al Fresco Parmesan & Rosemary Fries 270G;£2.50;£9.26/kg;Al Fresco Meals;196;4.5;null;6.3;7.2;1.4;2.9;0.5;
283111522;Tesco Al Fresco Chilli Beef Empanadas 95G;£2.50;£26.32/kg;Al Fresco Meals;266;9.7;null;4.2;5.6;1.2;4.2;0.9;
283111764;Tesco Al Fresco Chicken And Chorizo Paella 160G;£2.50;£15.63/kg;Al Fresco Meals;154;12.5;null;0.3;6.0;1.5;1.0;0.8;
283111476;Tesco Al Fresco Chorizo And Cheese Croquettes 234G;£2.50;£10.69/kg;Al Fresco Meals;243;6.5;null;1.2;10.9;2.1;2.3;0.8;
282998366;Tesco Al Fresco Bruschetta Selection 100G;£2.50;£25.00/kg;Al Fresco Meals;428;11.5;null;5.3;12.1;1.3;2.9;1.9;
283110108;Tesco Al Fresco King Prawn And Orzo Pasta 160G;£2.50;£15.63/kg;Al Fresco Meals;89;5.6;null;2.7;3.2;0.5;1.6;0.6;
282998343;Tesco Al Fresco Antipasti Selection 140G;£2.50;£17.86/kg;Al Fresco Meals;223;3.3;null;13.2;16.4;3.0;1.4;0.6;
283150348;Tesco Al Fresco Lemon And Chicken Kebab With Roast Potatoes 170G;£2.50;£14.71/kg;Al Fresco Meals;204;11.2;null;3.3;11.4;1.7;2.1;0.6;
283150135;Tesco Al Fresco Beef Stifado With Potatoes 150G;£2.50;£16.67/kg;Al Fresco Meals;109;10.4;null;2.0;4.0;0.8;1.4;0.5;
283149633;Tesco Al Fresco Harissa Chicken With Fruity Cous Cous 145G;£2.50;£17.25/kg;Al Fresco Meals;221;11.8;null;6.0;8.5;1.7;2.5;0.6;
282571865;Tesco Levi Roots Barbecue Chicken And Rice 450G;£3.30;£0.73/100g;Caribbean Meals;148;7.5;null;null;2.2;null;1.2;0.8;
260709496;Port Royal Salt Fish Jamaican Patty 140G;£0.60;£0.43/100g;Caribbean Meals;256 ;6.6;null;null;12.4;null;1.7;0.5;
260709536;Port Royal Chicken Jamaican Patty 140G;£0.60;£0.43/100g;Caribbean Meals;247 ;6.9;null;null;11.6;null;1.3;1.0;
282571992;Tesco Levi Roots Curried Chicken Noodles 450G;£3.30;£0.73/100g;Caribbean Meals;107;7.6;null;null;3.3;null;1.4;0.6;
260709225;Port Royal Lamb Jamaican Patty 140G;£0.60;£0.43/100g;Caribbean Meals;259 ;6.7;null;null;13.1;null;1.3;1.0;
260709526;Port Royal Beef Jamaican Patty 140G;£0.60;£0.43/100g;Caribbean Meals;250 ;6.1;null;null;12.4;null;1.3;1.0;
282571442;Tesco Levi Roots Hot Chilli Beef 450G;£3.30;£0.73/100g;Caribbean Meals;132;7.4;null;null;4.1;null;1.6;0.7;
282571928;Tesco Levi Roots Chicken And Butternut Squash 450G;£3.30;£0.73/100g;Caribbean Meals;127;6.8;null;null;3.7;null;1.1;0.5;
282571519;Tesco Levi Roots Pasta Chicken 450G;£3.30;£0.73/100g;Caribbean Meals;123;8.2;null;null;3.6;null;1.4;0.4;
273465112;Tesco 4 Vegetable Spring Rolls 240G;£2.00;£8.34/kg;Chinese Meals;248;3.6;null;4.3;12.4;1.0;1.4;0.8;
281426176;Tesco Ken Hom Chicken And Blackbean With Egg Fried Rice 500G;£3.30;£6.60/kg;Chinese Meals;132;7.4;null;2.1;4.4;0.5;1.6;0.6;
281426239;Tesco Ken Hom Chicken And Cashew With Egg Fried Rice 500G;£3.30;£6.60/kg;Chinese Meals;152;8.3;null;3.3;5.7;0.7;1.1;0.6;
281426297;Tesco Ken Hom Chicken And Mushroom With Egg Fried Rice 500G;£3.30;£6.60/kg;Chinese Meals;115;6.4;null;1.9;3.6;0.4;1.0;0.6;
265214556;Tesco Ken Hom Crispy Chilli Beef 250G;£3.30;£13.20/kg;Chinese Meals;271;6.4;null;11.0;14.7;1.2;0.7;1.3;
280472375;Tesco Ken Hom 16 Chinese Selection 322G;£2.00;£6.22/kg;Chinese Meals;null;null;null;null;null;null;null;null;
276770166;Tesco Big Night Time In Sweet And Sour Chicken And Egg Fried Rice 450G;£3.00;£6.67/kg;Chinese Meals;143;7.3;null;6.1;2.3;0.4;1.9;0.6;
279506165;Tesco Ken Hom 10 Duck Spring Rolls And Dip 220G;£3.00;£13.64/kg;Chinese Meals;300;8.0;null;7.1;12.2;5.1;2.4;0.8;
276780200;Tesco Big Night In Chinese 6 Mini Vegetable Rolls 100G;£1.75;£17.50/kg;Chinese Meals;244;4.8;null;3.7;11.8;5.0;2.5;0.4;
286213909;Tasty Favourites Chicken Curry And Rice 500G;£1.95;£3.90/kg;Chinese Meals;107 ;6.4;null;null;1.6;null;0.1;0.5;
276770379;Tesco Big Night In Chinese Chicken Curry And Egg Fried Rice 450G;£3.00;£6.67/kg;Chinese Meals;127;7.1;null;2.4;3.8;1.1;1.0;0.6;
286214004;Tasty Favourites Sweet And Sour With Rice 500G;£1.95;£3.90/kg;Chinese Meals;118 ;6.2;null;null;0.6;null;0.5;0.4;
279505961;Tesco Ken Hom 8 Chinese Dim Sum Selection 200G;£3.00;£15.00/kg;Chinese Meals;128;9.8;null;3.7;1.0;0.4;0.7;0.7;
282843849;Tesco Ken Hom 12 Piece Oriental Selection 210G;£3.00;£14.29/kg;Chinese Meals;290;9.4;null;3.7;13.2;7.3;2.2;1.2;
281426412;Tesco Ken Hom Chinese Chicken Curry Egg Fried Rice 500G;£3.30;£6.60/kg;Chinese Meals;145;7.6;null;3.0;5.0;1.0;0.4;0.6;
265213855;Tesco Ken Hom Crispy Chilli Prawns 300G;£3.30;£11.00/kg;Chinese Meals;172;5.7;null;8.9;8.3;2.1;0.9;1.1;
279505759;Tesco Ken Hom 6 Chicken Satay And Satay Dip 160G;£3.00;£18.75/kg;Chinese Meals;173;28.5;null;1.7;5.0;1.7;2.3;0.9;
265214595;Tesco Ken Hom Chicken Chow Mein 450G;£3.30;£7.34/kg;Chinese Meals;109;10.1;null;1.4;2.1;0.3;1.0;0.5;
276770108;Tesco Big Night In Chinese Chicken Chow Mein 450G;£3.00;£6.67/kg;Chinese Meals;107;7.9;null;1.7;2.0;0.3;1.5;0.6;
276770523;Tesco Big Night Time In Beef Blackbean And Egg Fried Rice Rice 450G;£3.00;£6.67/kg;Chinese Meals;127;6.8;null;2.4;2.6;0.4;2.1;0.6;
282977201;Tasty Favourites Chicken Cheese And Bacon Wedges 500G;£1.95;£3.90/kg;Classic British Meals;107 ;6.5;null;null;4.0;null;1.3;0.7;
275261718;Tesco Chicken And Mushroom Hotpot 450G;£2.30;£5.12/kg;Classic British Meals;135;7.3;null;2.5;6.5;2.0;0.4;0.3;
282950394;Tasty Favourites Chilli Con Carne 500G;£1.95;£3.90/kg;Classic British Meals;115 ;4.9;null;null;2.2;null;1.8;0.2;
285490184;Tasty Favourites Piri Piri Chicken And Rice 500G;£1.95;£3.90/kg;Classic British Meals;null;null;null;null;null;null;null;null;
265246430;Tesco Braised Beef And Mash 450G;£2.30;£5.12/kg;Classic British Meals;97;6.1;null;1.6;3.9;1.9;0.4;0.6;
265245569;Tesco Fish Pie 450G;£2.30;£5.12/kg;Classic British Meals;92;7.1;null;0.7;3.0;1.8;2.9;0.3;
268798497;Tesco Chicken Casserole And Dumplings 450G;£2.30;£5.12/kg;Classic British Meals;131;8.7;null;1.3;5.6;2.6;0.5;0.9;
285175108;Tesco Fish Pie 800G;£3.60;£4.50/kg;Classic British Meals;102;7.7;null;1.3;4.2;2.7;1.4;0.5;
253185738;Tesco Liver And Bacon 450G;£2.30;£5.12/kg;Classic British Meals;121;12.3;null;2.7;4.0;1.1;0.9;0.5;
265245195;Tesco Cottage Pie 450G;£2.30;£5.12/kg;Classic British Meals;107;6.8;null;1.3;3.6;2.0;0.8;0.4;
268798439;Tesco Chicken And Bacon Pie 450G;£2.30;£5.12/kg;Classic British Meals;116;7.6;null;2.5;5.0;2.9;0.5;0.5;
265248261;Tesco Beef Casserole And Dumplings 450G;£2.30;£5.12/kg;Classic British Meals;141;7.4;null;0.9;5.6;2.4;0.9;0.5;
279477181;Tesco Chicken Roast Dinner 400G;£3.50;£8.75/kg;Classic British Meals;93;6.7;null;1.1;2.9;0.6;1.9;0.5;
279477601;Tesco Chicken And Stuffing 450G;£2.30;£5.12/kg;Classic British Meals;79;6.2;null;1.6;1.4;0.4;1.0;0.5;
279477578;Tesco Chicken In Mushroom Sauce With Rice 450G;£2.30;£5.12/kg;Classic British Meals;106;4.7;null;1.2;3.8;1.5;0.9;0.2;
265245235;Tesco Cumberland Pie 450G;£2.30;£5.12/kg;Classic British Meals;125;7.3;null;1.5;5.3;2.6;1.3;0.5;
285174904;Tesco Cottage Pie 800G;£3.60;£4.50/kg;Classic British Meals;94;4.6;null;1.0;3.6;1.0;1.3;0.5;
279477630;Tesco Chicken In Red Wine With Potatoes 450G;£2.30;£5.12/kg;Classic British Meals;99;5.8;null;1.5;1.7;0.2;3.6;0.3;
286213973;Tasty Favourites Beef Hot Pot 500G;£1.95;£3.90/kg;Classic British Meals;93 ;5.1;null;null;2.6;null;1.6;0.6;
286213380;Tasty Favourites Cottage Pie 500G;£1.95;£3.90/kg;Classic British Meals;null;null;null;null;null;null;null;null;
273122553;Tesco Everyday Value Chicken Korma And Rice 400G;£0.95;£2.38/kg;Everyday Value Meals;156;7.3;null;2.7;7.4;3.5;2.6;0.5;
273168544;Tesco Everyday Value Fishermans Pie 400G;£0.95;£2.38/kg;Everyday Value Meals;81;4.0;null;0.6;2.2;1.2;0.7;0.5;
272971539;Tesco Everyday Value Spaghetti Bolognese 400G;£0.95;£2.38/kg;Everyday Value Meals;110;4.1;null;1.7;4.2;1.8;1.5;0.4;
272971891;Tesco Everyday Value Macaroni Cheese 400G;£0.95;£2.38/kg;Everyday Value Meals;166;5.7;null;2.1;7.1;4.4;0.9;0.5;
273126894;Tesco Everyday Value Sausage And Mash 400G;£0.95;£2.38/kg;Everyday Value Meals;101;2.4;null;0.5;3.8;1.0;1.6;0.6;
273126779;Tesco Everyday Value Creamy Mushroom Chicken And Rice 400G;£0.95;£2.38/kg;Everyday Value Meals;118;5.9;null;1.2;3.3;1.6;0.9;0.4;
273122720;Tesco Everyday Value Chicken Tikka And Rice 400G;£0.95;£2.38/kg;Everyday Value Meals;134;7.3;null;2.9;5.4;1.8;2.2;0.5;
273126831;Tesco Everyday Value Sweet And Sour Chicken And Rice 400G;£0.95;£2.38/kg;Everyday Value Meals;120;5.0;null;7.4;1.4;0.3;1.1;0.7;
273168314;Tesco Everyday Value Cottage Pie 400G;£0.95;£2.38/kg;Everyday Value Meals;73;2.6;null;0.4;1.3;0.4;1.1;0.4;
272971654;Tesco Everyday Value Lasagne 400G;£0.95;£2.38/kg;Everyday Value Meals;140;5.8;null;2.3;7.1;3.3;1.2;0.5;
254179071;Tesco Everyday Value Lasagne 1.5Kg;£2.98;£1.99/kg;Everyday Value Meals;140;5.8;null;2.3;7.1;3.3;1.2;0.5;
285635665;Tesco Family Favourites Chicken And Tomato Pasta Bake 1.5Kg;£6.00;£4.00/kg;Family Meals;136;7.5;null;2.7;3.2;0.7;1.6;0.4;
285671949;Tesco Family Favourites Chilli And Rice 1.5Kg;£6.00;£4.00/kg;Family Meals;108;5.7;null;0.9;2.3;0.8;2.2;0.3;
285672136;Tesco Family Favourites Sweet And Sour Chicken With Rice 1.5Kg;£6.00;£4.00/kg;Family Meals;116;7.0;null;5.6;1.7;0.3;1.8;0.2;
285551470;Tesco Family Favourites Sausage Casserole 1Kg;£6.00;£6.00/kg;Family Meals;89;6.6;null;4.3;2.8;0.7;1.2;0.4;
285551222;Tesco Family Favourites Chicken Cheese And Bac. 1Kg;£6.00;£6.00/kg;Family Meals;114;11.8;null;1.1;5.3;2.2;0.8;0.6;
285634136;Tesco Family Favourites Lasagne 1.5Kg;£5.00;£3.34/kg;Family Meals;110;8.6;null;2.8;3.4;1.6;1.3;0.5;
285551090;Tesco Family Favourites Chicken And Vegetable Casserole 1Kg;£6.00;£6.00/kg;Family Meals;98;9.9;null;2.7;3.9;1.0;1.2;0.6;
285635826;Tesco Family Favourites Tomato And Mozzarella Pasta Bake 1.5Kg;£6.00;£4.00/kg;Family Meals;137;4.4;null;3.4;4.5;1.2;2.7;0.4;
285635918;Tesco Family Favourites Carbonara Pasta 1.5Kg;£5.00;£3.34/kg;Family Meals;125;6.7;null;1.2;2.9;1.5;2.1;0.5;
285551585;Tesco Family Favourites Beef Casserole 1Kg;£5.00;£5.00/kg;Family Meals;99;6.7;null;5.0;4.4;1.0;1.4;0.6;
285671258;Tesco Family Favourites Cottage Pie 1.5Kg;£5.00;£3.34/kg;Family Meals;74;3.1;null;1.1;1.1;0.5;2.0;0.3;
274842309;Tesco Finest Aberdeen Angus Cottage Pie 1.2Kg;£7.00;£5.84/kg;Finest Meals;113;5.8;null;0.8;5.3;2.5;1.1;0.7;
279899165;Tesco Finest Aberdeen Angus Cottage Pie 400G;£3.60;£9.00/kg;Finest Meals;113;5.8;null;0.8;5.3;2.5;1.1;0.7;
255960708;Tesco Finest Cumberland Sausage And Mash 500G;£3.85;£7.70/kg;Finest Meals;143;5.5;null;2.2;8.7;3.5;0.8;0.5;
275491768;Tesco Finest Lancashire Hotpot 400G;£3.60;£9.00/kg;Finest Meals;116;7.1;null;2.3;3.7;1.2;0.7;0.4;
258085457;Tesco Finest Creamy Fish Pie 700G;£5.00;£7.15/kg;Finest Meals;132;8.0;null;1.0;7.7;4.2;1.0;0.5;
273968479;Tesco Finest Chicken In A White Wine Sauce With Leeks 400G;£6.00;£15.00/kg;Finest Meals;117;15.9;null;1.6;4.5;1.5;0.4;0.2;
265188999;Tesco Finest Beef Wellington 415G;£11.00;£26.51/kg;Finest Meals;289;14.7;null;1.9;13.8;8.3;0.5;0.2;
281841162;Tesco Finest Lamb Aubergine And Chickpea Filo Pie 335G;£6.00;£1.80/100g;Finest Meals;237;7.7;null;7.2;12.3;6.0;3.1;0.7;
258137155;Tesco Finest Creamy Fish Pie 400G;£3.60;£9.00/kg;Finest Meals;142;7.6;null;2.7;8.4;4.4;1.3;0.7;
280542356;Tesco Finest Chicken With Lemon And Herb Butter 425G;£6.00;£14.12/kg;Finest Meals;209;19.8;null;1.9;8.3;3.6;0.5;0.6;
261891754;Tesco Finest Aberdeen Angus Cottage Pie 800G;£5.00;£6.25/kg;Finest Meals;113;5.8;null;0.8;5.3;2.5;1.1;0.7;
253917496;Tesco Finest Chicken Kiev 475G;£6.00;£12.64/kg;Finest Meals;175;21.9;null;0.2;5.9;0.9;0.5;0.5;
281734669;Tesco Finest Chicken Potato Topped Pie 800G;£6.00;£7.50/kg;Finest Meals;121;7.7;null;1.9;5.7;2.7;0.5;0.6;
279904684;Tesco Finest Cod And Crab Bake 400G;£3.60;£9.00/kg;Finest Meals;86;6.9;null;0.9;3.0;1.4;1.0;0.4;
280610996;Tesco Finest Chicken Leek And Bacon Filo Pie 460G;£6.00;£1.31/100g;Finest Meals;241;11.4;null;3.1;13.9;7.0;0.8;0.7;
261892046;Tesco Finest Lamb Moussaka 700G;£5.00;£7.15/kg;Finest Meals;168;7.3;null;3.2;11.6;4.3;1.3;0.7;
265192066;Tesco Finest Lamb Shanks With Roasted Vegetable 1.15Kg;£10.00;£8.70/kg;Finest Meals;115;11.2;null;5.3;4.9;1.8;1.5;0.7;
279899286;Tesco Finest Ham Hock And Potato Gratin 400G;£3.60;£9.00/kg;Finest Meals;111;5.6;null;3.5;5.8;3.0;1.0;0.9;
251930718;Tesco Finest Chicken Chasseur 420G;£6.00;£14.29/kg;Finest Meals;90;14.4;null;2.0;2.4;0.4;1.4;0.8;
279899257;Tesco Finest Beef Stroganoff With Rice 450G;£3.85;£8.56/kg;Finest Meals;153;7.6;null;0.8;6.6;3.8;1.7;0.6;
279360883;New Covent Garden British Chicken With Pepper Soup 700G;£1.17;£0.17/100g;Fresh Soup & Lunch Pots;88;3.1;null;null;6.3;null;0.4;0.6;
285610579;New Covent Garden Vegetable And Supergrain Soup 700G;£1.17;£0.17/100g;Fresh Soup & Lunch Pots;49;1.1;null;null;1.5;null;1.9;0.48;
279361507;New Covent Garden Soup Of The Month 700G;£1.17;£0.17/100g;Fresh Soup & Lunch Pots;39;0.6;null;null;2.1;null;0.7;0.44;
287651135;Glorious! New England In Autumn Soup 600G;£2.20;£0.37/100g;Fresh Soup & Lunch Pots;145kJ 434kJ - 8400kJ;0.6;null;null;0.9;null;0.7;0.5;
279361133;New Covent Garden Potato And Leek With Chives Soup 700G;£1.17;£0.17/100g;Fresh Soup & Lunch Pots;53;0.9;null;null;2.2;null;1.4;0.68;
285610314;New Covent Garden Puled/Prk And Bean Soup 700G;£1.17;£0.17/100g;Fresh Soup & Lunch Pots;37;2.1;null;null;0.9;null;1.2;0.38;
279361087;New Covent Garden Slow Roasted Tomato And Basil Soup 700G;£1.17;£0.17/100g;Fresh Soup & Lunch Pots;28;0.9;null;null;0.4;null;1.5;0.35;
279361369;New Covent Garden Lentil And Smoked Bacon Soup 700G;£1.17;£0.17/100g;Fresh Soup & Lunch Pots;51;3.7;null;null;1.0;null;4.3;0.46;
274747584;Tesco Butternut Squash Soup 600G;£1.60;£0.27/100g;Fresh Soup & Lunch Pots;42;0.4;null;3.1;2.1;0.7;0.7;0.5;
279361824;New Covent Garden Skinny Tomato And Vegetable Green Soup 700G;£1.17;£0.17/100g;Fresh Soup & Lunch Pots;44;2.1;null;null;0.8;null;2.0;0.28;
279361663;New Covent Garden Skinny Spiced Chicken And Lentils Soup 700G;£1.17;£0.17/100g;Fresh Soup & Lunch Pots;44;3.3;null;null;0.4;null;1.9;0.28;
252074422;Tesco Broccoli And Stilton Soup 600G;£1.60;£0.27/100g;Fresh Soup & Lunch Pots;57;2.3;null;1.5;3.4;1.8;1.2;0.4;
252074226;Tesco Carrot Coriander Soup 600G;£1.60;£0.27/100g;Fresh Soup & Lunch Pots;48;0.6;null;3.7;2.8;1.1;1.5;0.4;
287651187;Glorious! Thai Tuk Tuks And Turmeric 600G;£2.20;£0.37/100g;Fresh Soup & Lunch Pots;164kJ 491kJ - 8400kJ;0.3;null;null;1.7;null;1.6;0.6;
279361317;New Covent Garden Carrot And Butternut Squash Soup 700G;£1.17;£0.17/100g;Fresh Soup & Lunch Pots;28;0.5;null;null;1.0;null;1.6;0.53;
285778518;Glorious! Sicily Tom And Balsamic Soup 600G;£2.20;£0.37/100g;Fresh Soup & Lunch Pots;124kJ 372kJ - 8400kJ;1.1;null;null;1.0;null;2.4;0.4;
279361185;New Covent Garden Hearty Five Vegetable Soup 700G;£1.17;£0.17/100g;Fresh Soup & Lunch Pots;38;1.3;null;null;1.1;null;2.0;0.43;
274748001;Tesco Chicken And Mushroom Soup 600G;£1.60;£0.27/100g;Fresh Soup & Lunch Pots;41;2.7;null;0.5;1.3;0.6;0.4;0.6;
279361565;New Covent Garden Skinny Souper Grns Italian Pesto Soup 700G;£1.17;£0.17/100g;Fresh Soup & Lunch Pots;36;1.6;null;null;1.2;null;2.0;0.28;
287651227;Glorious! San Antonio Fiesta Soup 600G;£2.20;£0.37/100g;Fresh Soup & Lunch Pots;139kJ 417kJ - 8400kJ;1.1;null;null;0.5;null;1.7;0.4;
271752236;The City Kitchen Hoisin Duck Noodles 385G;£3.80;£9.88/kg;Healthy Ready Meals;111;6.2;null;7.2;3.0;0.6;1.4;0.9;
276116406;Tesco Finest Light Chicken And King Prawn Paella 375G;£3.85;£10.27/kg;Healthy Ready Meals;124;6.7;null;3.2;3.7;0.6;1.6;0.6;
273246061;Tesco Finest Light Chicken Tikka W/Rice And Lime Relish 385G;£3.85;£10.00/kg;Healthy Ready Meals;126;7.2;null;2.5;4.0;0.5;1.7;0.6;
268873552;Weight Watchers Chicken Pie 400G;£2.60;£6.50/kg;Healthy Ready Meals;null;5.5;null;null;1.9;null;1.1;0.5;
282645491;Weight Watchers Hunters Chicken 360G;£2.60;£0.68/100g;Healthy Ready Meals;null;5.2;null;null;1.1;null;0.7;0.3;
282646046;Weight Watchers Macaroni Cheese 380G;£2.60;£6.85/kg;Healthy Ready Meals;null;3.5;null;null;2.7;null;1.1;0.5;
282645364;Weight Watchers Chicken Korma With Basmati Rice 360G;£2.60;£0.72/100g;Healthy Ready Meals;null;6.6;null;null;2.0;null;1.5;0.4;
258767123;Weight Watchers Chicken Lasagne 400G;£2.60;£6.50/kg;Healthy Ready Meals;null;7.4;null;null;2.2;null;0.6;0.3;
283631027;The City Kitchen Barbeque Pulled Pork 450G;£3.80;£8.45/kg;Healthy Ready Meals;136;7.0;null;6.5;4.0;0.9;1.8;0.9;
282646173;Weight Watchers Chicken Tikka Masala 380G;£2.60;£6.85/kg;Healthy Ready Meals;null;6.6;null;null;1.7;null;1.1;0.4;
280933216;The City Kitchen Skinny Teriyaki Chicken Noodles 385G;£3.80;£9.88/kg;Healthy Ready Meals;95;7.2;null;4.3;1.3;0.2;1.4;0.7;
283631004;The City Kitchen Beef Chilli And Rice 485G;£3.80;£7.84/kg;Healthy Ready Meals;131;6.5;null;2.9;3.6;0.7;2.0;0.8;
273246124;Tesco Finest Light Lemon And Pepper Chicken Pasta 375G;£3.85;£10.27/kg;Healthy Ready Meals;117;9.5;null;1.7;3.2;0.6;0.5;0.5;
283672099;Tesco Finest Light Tomato And Olive Chicken 400G;£3.85;£9.63/kg;Healthy Ready Meals;76;6.0;null;2.9;2.5;0.5;1.1;0.4;
282646242;Weight Watchers Bolognese Bake 380G;£2.60;£6.85/kg;Healthy Ready Meals;null;6.0;null;null;2.2;null;0.8;0.4;
274887291;The City Kitchen Skinny Thai Coconut Chicken 270G;£3.80;£9.88/kg;Healthy Ready Meals;98;6.2;null;1.1;4.3;2.1;2.2;0.6;
276116280;Tesco Finest Light Malaysian Chicken Curry 375G;£3.85;£10.27/kg;Healthy Ready Meals;100;7.4;null;2.4;2.2;1.2;0.8;0.6;
274887129;The City Kitchen Skinny Bombay Chicken 300G;£3.80;£9.88/kg;Healthy Ready Meals;103;6.5;null;1.9;3.1;0.5;0.5;0.6;
282645456;Weight Watchers Chilli And Wedges 380G;£2.60;£0.68/100g;Healthy Ready Meals;null;5.2;null;null;2.8;null;2.3;0.3;
273246366;Tesco Finest Light Thai Prawn Noodles 375G;£3.85;£10.27/kg;Healthy Ready Meals;90;4.7;null;3.3;2.1;0.3;2.1;0.9;
274887129;The City Kitchen Skinny Bombay Chicken 300G;£3.80;£9.88/kg;Indian Meals;103;6.5;null;1.9;3.1;0.5;0.5;0.6;
276731864;Tesco Big Night In Indian Vegetable Balti And Pilau Rice 500G;£3.00;£6.00/kg;Indian Meals;137;2.8;null;2.9;5.3;1.1;2.4;0.7;
276771234;Tesco Big Night In Indian Saag Aloo 250G;£1.75;£7.00/kg;Indian Meals;132;2.1;null;2.0;8.4;3.4;2.1;0.8;
279507538;Tesco Beef Madras And Rice 500G;£3.30;£6.60/kg;Indian Meals;152;8.5;null;2.2;5.0;1.3;2.4;0.5;
276771770;Tesco Big Night In Lamb Rogan Josh And Rice 450G;£3.00;£6.67/kg;Indian Meals;132;5.0;null;3.2;5.7;1.1;2.0;0.4;
259778333;Tesco Chicken Korma 350G;£2.00;£5.72/kg;Indian Meals;157;13.0;null;3.2;9.5;3.7;2.1;0.5;
276770857;Tesco Big Night In Indian Tarka Dahl 250G;£1.75;£7.00/kg;Indian Meals;143;5.7;null;1.4;6.8;1.7;6.3;0.4;
276771977;Tesco Big Night In Chicken Jalfrezi And Pilau Rice 450G;£3.00;£6.67/kg;Indian Meals;133;7.0;null;3.2;5.2;0.5;2.6;0.4;
279507498;Tesco Chicken Balti 350G;£3.20;£9.15/kg;Indian Meals;121;14.1;null;2.6;5.0;0.7;1.4;0.5;
279507607;Tesco Butter Chicken And Rice 500G;£3.30;£6.60/kg;Indian Meals;180;9.0;null;1.3;7.9;3.6;1.4;0.6;
276731789;Tesco Big Night In Indian Chicken Biryani 450G;£3.00;£6.67/kg;Indian Meals;183;7.3;null;2.1;5.4;0.5;1.6;0.7;
276771885;Tesco Big Night In Chicken Tikka And Pilau Rice 450G;£3.00;£6.67/kg;Indian Meals;156;7.6;null;3.2;7.3;2.3;1.4;0.5;
276771954;Tesco Big Night In Indian Chicken Korma And Rice 450G;£3.00;£6.67/kg;Indian Meals;158;7.4;null;2.6;7.6;2.5;2.8;0.5;
276772423;Tesco Big Night In Indian 4 Vegetable Samosas 215G;£1.75;£8.14/kg;Indian Meals;232;4.7;null;3.1;11.6;0.9;3.5;0.6;
262805281;Tesco Chicken Korma And Pilau Rice 550G;£3.30;£6.00/kg;Indian Meals;162;8.7;null;2.1;7.1;2.4;3.1;0.5;
259778598;Tesco Chicken Madras 350G;£3.20;£9.15/kg;Indian Meals;123;12.0;null;3.7;6.1;2.2;2.5;0.4;
276771113;Tesco Big Night In Indian Bombay Potatoes 250G;£1.75;£7.00/kg;Indian Meals;75;1.7;null;4.6;2.4;0.2;2.4;0.7;
276772066;Tesco Big Night In Indian 4 Onion Bhajis 195G;£1.75;£8.98/kg;Indian Meals;271;5.0;null;4.1;18.4;1.4;4.0;0.8;
282977161;Tasty Favourites Tikka And Rice 500G;£1.95;£3.90/kg;Indian Meals;135 ;6.5;null;null;4.5;null;1.0;0.8;
282950906;Tasty Favourites Chicken Korma And Rice 500G;£1.95;£3.90/kg;Indian Meals;126 ;6.7;null;null;3.8;null;1.1;0.7;
282487464;Tesco Finest Traditional Lasagne 700G;£5.00;£7.15/kg;Italian Meals;147;9.4;null;1.5;7.0;3.1;1.4;0.5;
281306710;Tesco Italian Chicken Breast In Creamy Mushroom 375G;£3.75;£10.00/kg;Italian Meals;92;14.2;null;1.2;2.9;1.5;0.7;0.8;
275143346;Tesco Italian Barbecue Chicken Pasta 450G;£2.30;£5.12/kg;Italian Meals;147;8.5;null;5.1;2.3;0.9;0.6;0.4;
283053999;Tesco Italian Chicken Fajita Pasta 400G;£2.30;£5.75/kg;Italian Meals;98;7.7;null;2.6;1.9;0.2;1.2;0.4;
285635826;Tesco Family Favourites Tomato And Mozzarella Pasta Bake 1.5Kg;£6.00;£4.00/kg;Italian Meals;137;4.4;null;3.4;4.5;1.2;2.7;0.4;
282978534;Tesco Italian Beef Lasagne 800G;£3.60;£4.50/kg;Italian Meals;143;7.2;null;1.8;7.6;3.9;1.7;0.5;
275114525;Tesco Italian Beef Lasagne 450G;£2.30;£5.12/kg;Italian Meals;145;8.1;null;2.0;7.5;4.1;2.0;0.5;
275130442;Tesco Italian Ham And Mushroom Tagliatelle 450G;£2.30;£5.12/kg;Italian Meals;136;6.5;null;1.5;5.6;3.2;1.3;0.6;
282977316;Tesco Italian Chicken Lasagne 450G;£2.30;£5.12/kg;Italian Meals;109;6.5;null;2.7;4.5;2.6;1.2;0.4;
275142629;Tesco Italian Beef Lasagne 1.5Kg;£6.00;£4.00/kg;Italian Meals;153;7.5;null;2.2;8.4;4.4;1.3;0.5;
282950322;Tasty Favourites Bolognese Pasta 500G;£1.95;£3.90/kg;Italian Meals;113 ;6.0;null;null;2.2;null;1.1;0.5;
281306785;Tesco Italian Chicken Breast In Tomato And Basil 375G;£3.75;£10.00/kg;Italian Meals;93;13.0;null;2.5;2.9;0.5;1.9;0.6;
265272496;Tesco Italian Chicken And Bacon Pasta Bake 800G;£3.60;£4.50/kg;Italian Meals;170;10.1;null;1.4;6.8;4.0;1.6;0.6;
285635918;Tesco Family Favourites Carbonara Pasta 1.5Kg;£5.00;£3.34/kg;Italian Meals;125;6.7;null;1.2;2.9;1.5;2.1;0.5;
275115403;Tesco Italian Beef Cannelloni 450G;£2.30;£5.12/kg;Italian Meals;149;8.2;null;2.3;8.1;4.0;1.0;0.6;
283054013;Tesco Italian Chilli Beef Lasagne 400G;£2.30;£5.75/kg;Italian Meals;142;6.7;null;1.7;7.3;3.7;2.0;0.5;
285634136;Tesco Family Favourites Lasagne 1.5Kg;£5.00;£3.34/kg;Italian Meals;110;8.6;null;2.8;3.4;1.6;1.3;0.5;
285635665;Tesco Family Favourites Chicken And Tomato Pasta Bake 1.5Kg;£6.00;£4.00/kg;Italian Meals;136;7.5;null;2.7;3.2;0.7;1.6;0.4;
282979493;Tesco Italian Chicken Arrabbiata 450G;£2.30;£5.75/kg;Italian Meals;123;8.1;null;2.7;2.4;0.4;1.3;0.4;
275130690;Tesco Italian Chicken And Bacon Pasta Bake 450G;£2.30;£5.12/kg;Italian Meals;169;10.0;null;1.5;6.9;4.0;0.7;0.6;
271752081;The City Kitchen Chicken Katsu Curry 385G;£3.80;£9.88/kg;Japanese Meals;123;6.1;null;2.5;3.4;1.4;1.3;0.9;
286999059;Annabel Karmel Chicken, Tomato And Veggie Risotto 200G;£2.50;£12.50/kg;Kids Meals;null;null;null;null;null;null;null;null;
286999376;Annabel Karmel Tomato And M'pone With Vegetables 200G;£2.50;£12.50/kg;Kids Meals;null;null;null;null;null;null;null;null;
260502360;Little Dish 1Yr+ Fish Pie 200G;£2.50;£12.50/kg;Kids Meals;379kJ 758kJ;4.1;null;null;3.9;null;1.5;0.15;
283970489;Little Dish 1Yr+ Pasta Bolognese 200G;£2.50;£12.50/kg;Kids Meals;383kJ 766kJ;4.5;null;null;2.4;null;1.5;0.075;
286999255;Annabel Karmel Mild Chicken Tikka And Rice 200G;£2.50;£12.50/kg;Kids Meals;null;null;null;null;null;null;null;null;
286999013;Annabel Karmel Tasty Chicken And Potato Pie 200G;£2.50;£12.50/kg;Kids Meals;null;null;null;null;null;null;null;null;
265512795;Little Dish 1Yr+ Chicken And Vegetable Risotto 200G;£2.50;£12.50/kg;Kids Meals;444kJ 889kJ;6.2;null;null;2.9;null;0.9;0.23;
286999284;Annabel Karmel Tasty Spaghetti And Meatballs 200G;£2.50;£12.50/kg;Kids Meals;null;null;null;null;null;null;null;null;
285666547;Little Dish 3Yr+ Chunky Chicken Pot Roast 300G;£3.25;£10.84/kg;Kids Meals;407kJ 1222kJ;6.1;null;null;4.0;null;1.4;0.09;
260502452;Little Dish 1Yr+ Chicken Curry With Rice 200G;£2.50;£12.50/kg;Kids Meals;476kJ 952kJ;6.1;null;null;3.6;null;1.6;0.07;
283970529;Little Dish 1Yr+ Shepherds Pie 200G;£2.50;£12.50/kg;Kids Meals;434kJ 867kJ;5.1;null;null;3.5;null;2.1;0.18;
286999157;Annabel Karmel Delicious Beef Cottage Pie 200G;£2.50;£12.50/kg;Kids Meals;null;null;null;null;null;null;null;null;
283970627;Little Dish 1Yr+ Salmon And Broccoli Pasta 200G;£2.50;£12.50/kg;Kids Meals;386kJ 772kJ;4.7;null;null;4.0;null;1.9;0.15;
285666622;Little Dish 3Yr+ 7 Vegetable Lasagne 300G;£3.25;£10.84/kg;Kids Meals;392kJ 1175kJ;2.2;null;null;4.4;null;1.0;0.19;
269009740;Little Dish 1Yr+ Beef Lasagne 200G;£2.50;£12.50/kg;Kids Meals;391kJ 783kJ;5.0;null;null;3.7;null;1.2;0.15;
286980622;Annabel Karmel Lovely Beef Lasagne 200G;£2.50;£12.50/kg;Kids Meals;null;null;null;null;null;null;null;null;
286999192;Annabel Karmel Scrummy Fish Pie 200G;£2.50;£12.50/kg;Kids Meals;null;null;null;null;null;null;null;null;
285650237;Little Dish 3Yr+ Mild Beef Chilli And Rice 300G;£3.25;£10.84/kg;Kids Meals;472kJ 1417kJ;4.9;null;null;4.8;null;2.2;0.09;
259517113;Little Dish 1Yr+ Chicken And Butternut Squash Pie 200G;£2.50;£12.50/kg;Kids Meals;401kJ 802kJ;6.7;null;null;4.1;null;0.9;0.1;
260502331;Little Dish 1Yr+ Cottage Pie With 7 Vegetable 200G;£2.50;£12.50/kg;Kids Meals;383kJ 765kJ;6.8;null;null;4.1;null;1.9;0.2;
276770523;Tesco Big Night Time In Beef Blackbean And Egg Fried Rice Rice 450G;£3.00;£6.67/kg;Meal Deals;127;6.8;null;2.4;2.6;0.4;2.1;0.6;
276770379;Tesco Big Night In Chinese Chicken Curry And Egg Fried Rice 450G;£3.00;£6.67/kg;Meal Deals;127;7.1;null;2.4;3.8;1.1;1.0;0.6;
280505384;Tesco Finest Chicken And Chorizo Paella 700G;£6.00;£8.58/kg;Meal Deals;121;9.0;null;2.0;3.7;0.7;1.8;0.6;
281734669;Tesco Finest Chicken Potato Topped Pie 800G;£6.00;£7.50/kg;Meal Deals;121;7.7;null;1.9;5.7;2.7;0.5;0.6;
276771977;Tesco Big Night In Chicken Jalfrezi And Pilau Rice 450G;£3.00;£6.67/kg;Meal Deals;133;7.0;null;3.2;5.2;0.5;2.6;0.4;
276770108;Tesco Big Night In Chinese Chicken Chow Mein 450G;£3.00;£6.67/kg;Meal Deals;107;7.9;null;1.7;2.0;0.3;1.5;0.6;
276780200;Tesco Big Night In Chinese 6 Mini Vegetable Rolls 100G;£1.75;£17.50/kg;Meal Deals;244;4.8;null;3.7;11.8;5.0;2.5;0.4;
279749545;Tesco Finest Farmhouse Cheese Selection;£3.00;£3.00/each;Meal Deals;341;20.0;null;0.1;29.0;19.3;0;2.0;
280542356;Tesco Finest Chicken With Lemon And Herb Butter 425G;£6.00;£14.12/kg;Meal Deals;209;19.8;null;1.9;8.3;3.6;0.5;0.6;
281841162;Tesco Finest Lamb Aubergine And Chickpea Filo Pie 335G;£6.00;£1.80/100g;Meal Deals;237;7.7;null;7.2;12.3;6.0;3.1;0.7;
280610996;Tesco Finest Chicken Leek And Bacon Filo Pie 460G;£6.00;£1.31/100g;Meal Deals;241;11.4;null;3.1;13.9;7.0;0.8;0.7;
279928126;Tesco Finest Beef In Chianti 450G;£6.00;£13.34/kg;Meal Deals;95;10.4;null;2.1;2.1;0.6;0.8;0.5;
282487464;Tesco Finest Traditional Lasagne 700G;£5.00;£7.15/kg;Meal Deals;147;9.4;null;1.5;7.0;3.1;1.4;0.5;
283761072;Tesco Takeaway Chinese Meal 1315G;£7.50;£5.71/kg;Meal Deals;101;9.4;null;3.1;4.4;2.1;1.1;0.6;
272541334;Tesco Finest Pork And Chorizo Meatballs 500G;£6.00;£12.00/kg;Meal Deals;152;6.7;null;3.3;9.2;3.0;0.9;0.2;
273968479;Tesco Finest Chicken In A White Wine Sauce With Leeks 400G;£6.00;£15.00/kg;Meal Deals;117;15.9;null;1.6;4.5;1.5;0.4;0.2;
276770166;Tesco Big Night Time In Sweet And Sour Chicken And Egg Fried Rice 450G;£3.00;£6.67/kg;Meal Deals;143;7.3;null;6.1;2.3;0.4;1.9;0.6;
273968859;Tesco Finest Sea Salt And Black Pepper Wedges 400G;£2.60;£6.50/kg;Meal Deals;100;1.8;null;1.6;1.6;0.3;3.4;0.6;
256363264;Tesco Finest Mushroom Leek And Gruyere Parcels 320G;£5.00;£15.63/kg;Meal Deals;295;6.3;null;3.4;20.1;11.6;1.6;0.6;
283814566;Tesco Finest Smoked Haddock Fishcakes 350G;£6.00;£17.15/kg;Meal Deals;202;8.9;null;0.7;11.0;2.2;1.5;1.6;
282855150;Tesco Chilli Con Carne And Rice 450G;£3.00;£6.67/kg;Mexican & Tex Mex Meals;116;7.7;null;1.4;2.4;0.5;1.1;0.4;
282855098;Tesco Tex Mex Spicy Beef Burrito 400G;£3.00;£7.50/kg;Mexican & Tex Mex Meals;192;6.7;null;2.2;6.8;2.4;1.9;0.6;
282855115;Tesco Chicken Fajitas 450G;£3.00;£6.67/kg;Mexican & Tex Mex Meals;135;9.3;null;0.5;4.0;1.5;2.4;0.7;
265726035;Tesco Rack Of Ribs 500G;£3.35;£6.70/kg;Mexican & Tex Mex Meals;238;16.7;null;10.3;13.7;5.4;0.5;0.5;
275902658;Tesco Americana Chipotle Chilli Rack Of Ribs 500G;£3.35;£6.70/kg;Mexican & Tex Mex Meals;225;14.6;null;4.7;15.0;6.1;0.2;0.3;
285529025;Tesco Tex Mex Curly Fries With Barbecue Dip 350G;£2.50;£7.15/kg;Mexican & Tex Mex Meals;77;0.3;null;11.6;0.4;0.2;0.5;0.4;
285529117;Tesco Tex Mex Spicy Potatoes 400G;£2.50;£6.25/kg;Mexican & Tex Mex Meals;166;3.2;null;1.6;5.0;0.4;4.1;0.5;
285528815;Tesco Spicy Potato Wedges Sour Cream And Chive Dip 455G;£2.50;£5.50/kg;Mexican & Tex Mex Meals;300;3.1;null;2.5;29.7;6.5;1.7;0.9;
279935324;Tesco Hickory Barbecue Pulled Pork 285G;£4.00;£14.04/kg;Mexican & Tex Mex Meals;163;16.2;null;8.5;7.1;2.6;0.2;0.7;
282855075;Tesco Chicken Enchiladas 400G;£3.00;£7.50/kg;Mexican & Tex Mex Meals;184;10.4;null;2.3;9.0;4.2;2.6;0.9;
279935359;Tesco Barbecue Beef Short Rib 500G;£4.00;£8.00/kg;Mexican & Tex Mex Meals;218;19.4;null;1.0;15.1;6.9;0.1;0.5;
282997269;Rustlers The Big One 211G;£2.40;£11.38/kg;Microwavable Snacks;278;13.6;null;null;14.1;null;null;1.2;
274419114;Rustlers Double Decker Cheese Burger 237G;£2.40;£10.13/kg;Microwavable Snacks;319;14.2;null;null;22;null;null;1.3;
255956906;Rustlers Quarter Pounder Cheese 190G;£2.20;£11.58/kg;Microwavable Snacks;293;13.4;null;null;16.3;null;null;1.3;
275281412;Speedy Snacks Chicken Burger 228G;£2.20;£9.65/kg;Microwavable Snacks;246;11.4;null;null;8.2;null;null;1.5;
268962061;Zugo's Chicken And Pesto Panini 150G;£2.20;£14.67/kg;Microwavable Snacks;null;15.5;null;null;9.2;null;null;1.2;
280218188;Zugo's Cheese And Onion Chutney Panini 150G;£2.20;£14.67/kg;Microwavable Snacks;null;12.4;null;null;15.3;null;null;1.2;
282997603;Rustlers Barbecue Pork Rib Sandwich 157G;£2.00;£12.74/kg;Microwavable Snacks;270;14.3;null;null;13;null;null;1.2;
282997321;Rustlers The Deluxe With Bacon /Cheese 191G;£1.00;£5.24/kg;Microwavable Snacks;263;14.1;null;null;13.7;null;null;1.4;
258859602;Speedy Snacks Beef Burger 220G;£2.20;£10.00/kg;Microwavable Snacks;278;10.5;null;null;13.7;null;null;1.3;
253141802;Rustlers Hot Dog 146G;£1.00;£6.85/kg;Microwavable Snacks;236;9.2;null;null;9.9;null;null;1.5;
255956866;Rustlers Chicken Sandwich 150G;£2.00;£13.34/kg;Microwavable Snacks;245;13.3;null;null;11.6;null;null;1.5;
282980093;Speedy Snacks Hot Dog 135G;£1.75;£12.97/kg;Microwavable Snacks;1035kJ;8.3;null;null;10.4;null;null;1.7;
279959982;Zugo's Mediterranean Chicken Panini 152G;£2.20;£14.48/kg;Microwavable Snacks;null;13.9;null;null;7.6;null;null;1.2;
282979988;Rustlers Cheeseburger 162G;£2.00;£12.35/kg;Microwavable Snacks;275;13.2;null;null;14;null;null;1.2;
262956648;Zugo's Bacon And Cheese Panini 145G;£2.20;£15.18/kg;Microwavable Snacks;null;15;null;null;15.2;null;null;2;
265500659;Rustlers Southern Fried Chicken 158G;£2.20;£13.93/kg;Microwavable Snacks;268;11;null;null;11.8;null;null;1.4;
268853311;Zugo's Carbonara Pasta Pot 300G;£2.20;£7.34/kg;Microwavable Snacks;194;5.2;null;null;11.4;null;null;0.7;
276772521;Tesco Big Night In Onion Rings 150G;£1.75;£11.67/kg;Party Food;271;3.7;null;6.1;11.3;0.9;3.1;1.0;
276355629;Tesco Mini Sticky Barbecue Ribs 340G;£2.20;£6.48/kg;Party Food;251;17.1;null;14.6;13.1;5.1;0.5;0.6;
276772567;Tesco Big Night In Spicy Potato Wedges 250G;£1.75;£7.00/kg;Party Food;176;2.8;null;2.6;8.1;0.6;2.9;0.4;
276772481;Tesco Big Night In Breaded Mushrooms 180G;£1.75;£9.73/kg;Party Food;188;4.0;null;0.3;11.3;0.9;2.6;0.5;
285528268;Tesco Tex Mex Cheese And Bacon Skin With Chive Dip 295G;£2.50;£8.48/kg;Party Food;231;8.3;null;2.6;15.1;6.0;2.6;0.7;
285528625;Tesco Breaded Mushrooms With Garlic And Onion Dip 290G;£2.50;£11.12/kg;Party Food;188;4.0;null;0.3;11.3;0.9;2.6;0.5;
276872264;Tesco Big Night In Sticks And Pops 200G;£1.75;£8.75/kg;Party Food;275;14.8;null;0.7;16.8;2.5;0.5;1.0;
276872368;Tesco Big Night In Barbecue Chicken Wings 175G;£1.75;£10.00/kg;Party Food;230;20.1;null;6.3;13.1;3.4;1.6;1.2;
280115382;Tesco Finest Roast Potatoes With Goose Fat 450G;£2.60;£5.78/kg;Potato & Veg Side Dishes;154;1.9;null;1.1;7.8;1.8;2.0;0.6;
261893078;Tesco Finest Cauliflower Cheese 350G;£2.60;£7.43/kg;Potato & Veg Side Dishes;133;5.0;null;2.9;8.6;5.7;1.2;0.5;
280004441;Tesco Finest Rosemary Roasted Potatoes 380G;£2.60;£6.85/kg;Potato & Veg Side Dishes;110;2.8;null;0.7;1.4;0.3;2.6;0.5;
267721947;Tesco Finest Garlic Mushrooms 300G;£2.60;£8.67/kg;Potato & Veg Side Dishes;168;5.0;null;0.8;13.7;5.1;2.3;0.7;
250337893;Tesco Finest Cornish Butter Mash 500G;£2.60;£5.20/kg;Potato & Veg Side Dishes;129;1.4;null;1.2;7.8;5.2;1.2;0.4;
283814508;Tesco Finest Roasted Mediterranean Vegetable Rice 300G;£2.60;£8.67/kg;Potato & Veg Side Dishes;143;2.5;null;2.1;3.0;0.7;1.6;0.1;
260713093;Tesco Cheddar Mash 500G;£1.30;£2.60/kg;Potato & Veg Side Dishes;132;3.6;null;0.8;6.3;4.2;1.6;0.4;
264512670;Tesco Jacket Potatoes With Cheese 450G;£2.50;£5.56/kg;Potato & Veg Side Dishes;128;2.9;null;0.6;4.9;3.0;1.5;0.5;
275443924;Tesco Finest Mediterranean Vegetable Selection 250G;£2.60;£10.40/kg;Potato & Veg Side Dishes;73;1.6;null;5.8;3.2;0.3;1.8;0.3;
256752011;Tesco Finest Potato Dauphinoise 450G;£2.60;£5.78/kg;Potato & Veg Side Dishes;163;2.6;null;1.4;11.7;7.6;1.6;0.5;
259391041;Tesco Finest Creamed Spinach 250G;£2.60;£10.40/kg;Potato & Veg Side Dishes;115;2.2;null;0.7;9.4;4.6;2.0;0.6;
277418278;Tesco Fresh Mash 800G;£2.00;£2.50/kg;Potato & Veg Side Dishes;90;1.9;null;2.1;3.5;2.3;1.5;0.5;
250283609;Tesco 6 Potato Croquettes 220G;£1.50;£6.82/kg;Potato & Veg Side Dishes;203;2.8;null;0.5;9.0;1.4;1.8;0.5;
255836346;Tesco Potato Gratin 450G;£2.00;£4.45/kg;Potato & Veg Side Dishes;150;2.5;null;0.8;10.2;6.8;1.4;0.6;
260763856;Tesco Finest Vintage Cheddar Mash 500G;£2.60;£5.20/kg;Potato & Veg Side Dishes;108;3.0;null;0.7;4.9;3.3;1.5;0.4;
283508687;Tesco Baby Pots With Herb Dressing 400G;£2.20;£5.50/kg;Potato & Veg Side Dishes;86;1.5;null;2.6;1.8;0.2;1.6;0.3;
281734681;Tesco Fluffy Jacket Potatoes Cheese And Bacon 450G;£2.00;£4.45/kg;Potato & Veg Side Dishes;114;4.6;null;1.0;4.2;2.6;1.8;0.5;
262586141;Tesco Fresh Mash 500G;£1.00;£2.00/kg;Potato & Veg Side Dishes;90;1.9;null;2.1;3.5;2.3;1.5;0.5;
259343479;Tesco Finest Green Vegetable Selection 260G;£2.60;£10.00/kg;Potato & Veg Side Dishes;95;2.8;null;2.4;6.6;4.1;3.6;0.4;
261893654;Tesco Finest Chunky Chips 450G;£2.60;£5.78/kg;Potato & Veg Side Dishes;121;1.6;null;1.7;3.5;0.3;2.0;0.6;
268902104;Red Pepper And Chorizo Spanish Tortilla 500G;£3.00;£0.60/100g;Spanish Tapas;140;5.0;null;0.6;7.0;1.5;2.5;0.8;
283150256;Tesco Al Fresco Lentil Salad With Beet And Cheese 135G;£2.50;£18.52/kg;Spanish Tapas;264;8.6;null;3.1;18.5;3.8;10.0;0.6;
254259506;Counter Atlantica Spanish Potato And Onion Omelette;£2.50;£0.50/100g;Spanish Tapas;null;4.0;null;null;6.0;null;2.5;1.1;
271752167;The City Kitchen King Prawn Red Thai Curry 385G;£3.80;£9.88/kg;Thai Meals;112;3.8;null;2.8;4.8;2.3;1.3;0.7;
282645393;Weight Watchers Red Thai Chicken Curry 400G;£2.60;£0.65/100g;Thai Meals;null;5.7;null;null;1.9;null;1.0;0.4;
283761092;Tesco Takeaway Thai Meal 1315G;£7.50;£5.71/kg;Thai Meals;469;1.6;null;11.0;19.0;8.4;2.3;1.9;
283741899;Tesco Takeaway Chilli Pork 385G;£3.50;£9.10/kg;Thai Meals;144;6.3;null;3.5;4.1;0.6;0.7;0.7;
283631246;The City Kitchen Chicken Fried Rice Pot 450G;£2.75;£6.12/kg;Thai Meals;106;4.1;null;2.5;1.6;0.4;0.9;0.5;
283741876;Tesco Takeaway Red Thai Chicken Curry 385G;£3.50;£9.10/kg;Thai Meals;121;8.9;null;4.0;6.8;3.0;0.5;0.7;
283741712;Tesco Takeaway Green Thai Chicken Curry 385G;£3.50;£9.10/kg;Thai Meals;105;8.5;null;2.3;6.2;3.1;0.9;0.9;
283741980;Tesco Takeaway Chilli Vegetable Noodles 300G;£2.00;£6.67/kg;Thai Meals;123;3.9;null;2.7;2.0;0.2;1.2;0.5;
273246429;Tesco Ken Hom Green Thai Chicken Curry And Rice 450G;£3.30;£6.60/kg;Thai Meals;126;7.6;null;1.4;4.2;1.8;0.6;0.6;
283740606;Tesco Takeaway Singapore Noodles 385G;£3.50;£9.10/kg;Thai Meals;162;6.2;null;1.9;5.5;0.8;1.3;0.6;
276770759;Tesco Big Night In Thai Green Chicken Curry And Jasmine Rice 450G;£3.00;£6.67/kg;Thai Meals;163;8.5;null;1.7;5.2;2.0;1.4;0.5;
276770609;Tesco Big Night In Thai Red Chicken Curry And Rice 450G;£3.00;£6.67/kg;Thai Meals;157;8.3;null;1.9;4.7;2.5;1.6;0.4;
283741939;Tesco Takeaway Sticky Jasmine Rice 500G;£2.00;£4.00/kg;Thai Meals;126;2.5;null;<0.1;0.2;0.1;0;0.1;
273246562;Tesco Ken Hom Red Thai Chicken Curry And Rice 450G;£3.30;£6.60/kg;Thai Meals;127;6.7;null;1.9;4.5;1.8;0.6;0.6;
266752278;Cauldron Foods Lincolnshire Sausages 6 Pack 276G;£2.20;£7.98/kg;Vegetarian Meals;758kJ;16.1;null;null;9.8;null;3.6;1.3;
285592098;Quorn Meat Free Pork Steaks 176G;£2.20;£12.50/kg;Vegetarian Meals;663kJ 550kJ 7% 8400kJ;16.5;null;null;8.5;null;5.3;0.8;
266725046;Quorn Peppered Beef Style Slices 100G;£1.70;£17.00/kg;Vegetarian Meals;null;14.5;null;null;2.1;null;4.0;-;
285585959;Quorn Chef Selection Fillets 180G;£2.20;£12.23/kg;Vegetarian Meals;359kJ 323kJ 4% 8400kJ;11.5;null;null;1.5;null;5.0;0.8;
266728037;Cauldron Foods Marinated Tofu Pieces 160G;£1.80;£11.25/kg;Vegetarian Meals;965kJ 772kJ;17.5;null;null;17.0;null;2.7;1.5;
266725242;Quorn Smokey Ham Style Slices 100G;£1.70;£17.00/kg;Vegetarian Meals;571kJ 143kJ;15.5;null;null;2.0;null;5.0;1.3;
258961100;Quorn Chicken Style Pieces 350G;£3.00;£8.58/kg;Vegetarian Meals;373kJ;14.0;null;null;1.4;null;8.3;0.8;
258292396;Quorn 2 Gruyere Cheese Escalopes 220G;£2.20;£10.00/kg;Vegetarian Meals;1015kJ 1117kJ 13% 8400kJ;10.0;null;null;14.0;null;2.6;1.3;
273968859;Tesco Finest Sea Salt And Black Pepper Wedges 400G;£2.60;£6.50/kg;Vegetarian Meals;100;1.8;null;1.6;1.6;0.3;3.4;0.6;
259363109;Quorn Mince 350G;£3.00;£8.58/kg;Vegetarian Meals;441 kJ;14.5;null;null;2.0;null;5.5;0.3;
266727804;Cauldron Foods Falafel 200G;£1.80;£9.00/kg;Vegetarian Meals;1119kJ 560kJ;7.5;null;null;14.0;null;6.0;0.4;
283970869;Quorn Indian Samosa 184G;£2.20;£11.96/kg;Vegetarian Meals;976kJ 224kJ 3% 8400kJ;6.4;null;null;11.8;null;2.8;0.9;
251922538;Quorn 2 Peppered Steaks 196G;£2.20;£11.23/kg;Vegetarian Meals;529kJ 518kJ;13.6;null;null;4.0;null;6.9;1.5;
286748743;Quorn Picnic Egg 180G;£1.70;£9.45/kg;Vegetarian Meals;1075kJ;15.0;null;null;11.5;null;4.6;1.8;
275119497;Tesco Italian Vegetable Lasagne 450G;£2.30;£5.12/kg;Vegetarian Meals;109;2.9;null;2.4;5.8;2.4;1.6;0.4;
266749507;Quorn Roast Style Sliced Fillets 140G;£2.20;£15.72/kg;Vegetarian Meals;589kJ 412kJ 5% 8400kJ;15.5;null;null;6.0;null;5.5;0.5;
266727466;Cauldron Foods Tofu 396G;£1.80;£4.55/kg;Vegetarian Meals;null;8.4;null;null;3.5;null;0.6;null;
257389543;Quorn Sausages 250G;£2.00;£8.00/kg;Vegetarian Meals;738kJ;10.2;null;null;7.8;null;6.2;1.4;
266725196;Quorn Roast Chicken Style Slices 100G;£1.70;£17.00/kg;Vegetarian Meals;null;17.0;null;null;2.3;null;3.0;null;
255940873;Quorn Cottage Pie 500G;£3.00;£6.00/kg;Vegetarian Meals;372kJ;4.5;null;null;2.5;null;2.4;0.5;
250485624;Tesco 2 Iced Custard Slice 2X108g;£1.15;£0.58/each;Fresh Cream Desserts;283;3.2;null;27.5;11.3;6.0;0.9;0.3;
272046247;Cadbury Chocolate And Caramel Chaos Pot 450G;£3.50;£0.78/100g;Fresh Cream Desserts;null;null;null;null;null;null;null;null;
272051804;Tesco 2 Pack Strawberry And Frshcrm Victoria Sponge 200G;£2.00;£1.00/100g;Fresh Cream Desserts;349;4.1;null;23.0;21.3;11.0;0.8;0.5;
268018483;Tesco 2 Fresh Toffee Cream Meringues 2X30g;£1.15;£1.92/100g;Fresh Cream Desserts;411;3.9;null;45.3;23.6;15.2;0.5;0.2;
258263068;Tesco 2 Fresh Cream Horns 2X55g;£1.60;£1.46/100g;Fresh Cream Desserts;432;4.1;null;19.7;29.3;15.9;0.5;0.4;
251158170;Tesco 2 Belgian Chocolate Choux Buns;£1.15;£0.58/each;Fresh Cream Desserts;349;7.3;null;12.9;24.5;10.6;1.2;0.2;
251275791;Tesco 2 Fresh Cream And Strawberry Jam Scones 175G;£1.15;£0.66/100g;Fresh Cream Desserts;352;5.4;null;16.5;17.0;8.6;1.3;1.0;
252267004;Tesco 2 Fresh Cream Bramley Apple Turnovers 2X88g;£1.00;£0.57/100g;Fresh Cream Desserts;301;3.5;null;12.5;18.1;9.0;2.1;0.5;
272047252;Tesco 2 Chocolate And Fresh Cream Meringues 143G;£2.00;£1.40/100g;Fresh Cream Desserts;402;4.0;null;49.2;20.2;13.0;0.7;0.2;
268018496;Tesco 2 Fresh Cream Meringues 60G;£1.15;£1.92/100g;Fresh Cream Desserts;416;3.8;null;41.1;24.3;16.3;0.3;0.2;
266372981;Cadbury Chocolate Fresh Cream Cake 430G;£3.50;£0.81/100g;Fresh Cream Desserts;null;null;null;null;null;null;null;null;
254985769;Tesco 2 Fresh Cream Belgian Chocolate Eclairs;£1.15;£0.58/each;Fresh Cream Desserts;382;7.3;null;17.2;25.3;10.8;1.0;0.2;
272046627;Tesco 2 Strawberry And Fresh Cream Scones;£2.00;£1.00/each;Fresh Cream Desserts;342;6.1;null;22.7;14.0;8.5;1.2;0.6;
253552538;Tesco 2 Fresh Cream Raspberry Turnovers;£1.60;£0.80/each;Fresh Cream Desserts;345;4.2;null;9.2;23.2;12.0;1.9;0.3;
252865158;Tesco 2 Custard And Raspberry Sauce Doughnuts;null;null;Fresh Cream Desserts;264;5.0;null;14.0;10.8;4.1;1.4;0.6;
255999008;Tesco 2 Fresh Cream And Strawberry Jam Slices;£1.15;£0.58/each;Fresh Cream Desserts;383;4.0;null;27.7;19.0;10.6;1.2;0.2;
251111323;Tesco 4 Belgian Chocolate Eclairs;£1.30;£0.33/each;Fresh Cream Desserts;374;6.1;null;19.6;24.8;11.9;1.5;0.2;
278508746;Tesco 24 Pack Belgian Chocolate Profiteroles;£2.75;£0.12/each;Fresh Cream Desserts;403;8.5;null;19.9;29.4;14.1;0.7;0.2;
282430537;2 Pack Fresh Cream Toffee Doughnuts;£1.40;£0.70/each;Fresh Cream Desserts;358;6.1;null;16.8;18.3;8.3;1.0;0.9;
264490193;Tesco 2 Fresh Cream And Strawberry Jam Doughnuts 2X74g;£1.15;£0.38/each;Fresh Cream Desserts;329;5.4;null;14.5;16.5;7.3;1.0;0.6;
283995644;Continental Caf Latte Dessert 65G;£1.00;£1.54/100g;Individual Desserts;331;5.0;null;25.1;15.3;13.2;1.0;0.2;
264394825;Cadbury Flake Twinpot 90G;£0.78;£0.87/100g;Individual Desserts;240;4.4;null;null;12.6;null;0.6;0.25;
282995012;Tesco New York Cheesecake 2X85g;£1.50;£0.88/100g;Individual Desserts;333;4.1;null;25.8;19.1;9.1;1.1;0.7;
281570948;Cadbury Pots Of Joy 4 Pack Limited Edition 4X70g;£2.58;£0.92/100g;Individual Desserts;null;null;null;null;null;null;null;null;
282995605;Tesco Finest Rumbaba Dessert 2X73g;£2.50;£1.72/100g;Individual Desserts;296;2.4;null;22.2;20.2;12.7;0.4;0.2;
285355627;Tesco Italian Tiramisu 2 X 90G;£1.30;£0.72/100g;Individual Desserts;239;3.0;null;23.5;9.4;8.0;1.8;0.2;
265949520;Tesco Caramel Panna Cotta 2X120g;£1.30;£0.54/100g;Individual Desserts;262;2.7;null;29.2;12.4;9.6;0.7;0.2;
263930886;Cadbury Mini Eggs Twinpot 90G;£0.78;£0.87/100g;Individual Desserts;250;4.1;null;null;12.2;null;0.5;0.25;
285355489;Tesco Profiteroles 2 X 80G;£1.30;£0.81/100g;Individual Desserts;313;4.1;null;23.1;19.0;14.7;1.8;0.3;
274529445;Tesco Everyday Value Tiramisu 2X90g;£1.00;£0.56/100g;Individual Desserts;251;3.1;null;24.5;9.4;8.1;1.4;0.2;
285365114;Tesco Toffee Delight 288G;£1.60;£0.56/100g;Individual Desserts;146;3.2;null;16.5;6.4;4.1;0.3;0.1;
281465428;Tesco Healthy Living Chocolate Sundae 120G;£1.25;£1.05/100g;Individual Desserts;116;4.5;null;13.9;2.4;1.5;1.1;0.1;
277268339;Cadbury Pots Of Joy 4 Pack Dairy Milk Chunk 4 X 70G;£2.58;£0.92/100g;Individual Desserts;945KJ 660kJ -;4.2;null;null;11.7;null;0.1;0.1;
268876094;Delice Chocolate Dessert/Creamy Topping 200G;£0.39;£0.20/100g;Individual Desserts;95;2.8;null;null;1.4;null;0.5;null;
281465549;Tesco Healthy Living Lemon Meringue Dessert 85g;£1.25;£1.48/100g;Individual Desserts;136;4.6;null;16.6;3.1;2.0;0.4;0.2;
278631265;Jumbo Toffee Sundae 200G;£1.50;£0.75/100g;Individual Desserts;200;3.7;null;22.6;8.2;5.1;0.4;0.2;
264395179;Cadbury Milk Buttons Twinpot 90G;£0.78;£0.87/100g;Individual Desserts;245;4.4;null;null;13.0;null;0.6;0.25;
264395277;Cadbury Milk Chunks Twinpot 90G;£0.78;£0.87/100g;Individual Desserts;250;4.4;null;null;13.5;null;0.6;0.25;
274436163;Tesco Everyday Value Chocolate Dessert With Cream 6X100g;£0.99;£0.17/100g;Individual Desserts;121;2.7;null;14.9;4.0;2.8;0.4;0.2;
286670528;Cadbury Twinpot Pebbles 1X90g;£0.78;£0.87/100g;Individual Desserts;280;4.8;null;null;13.7;null;0.5;0.2;
277201119;Gu Chocolate Melting Middles 2X100g;£3.00;£1.50/100g;Indulgent Desserts;1845kJ;null;null;null;null;null;null;null;
258731511;Tesco Creme Brulee 2X100g;£1.99;£0.66/100g;Indulgent Desserts;324;4.3;null;17.0;26.0;18.0;0.5;0.1;
264797493;Tesco Swirly Toffee Sundae 136G;£1.00;£0.74/100g;Indulgent Desserts;188;3.7;null;17.3;9.9;5.4;0.3;0.1;
264797527;Tesco Swirly Chocolate Sundae 136G;£1.00;£0.74/100g;Indulgent Desserts;204;4.0;null;19.4;10.5;6.7;0.4;0.1;
282337274;Tesco Lemon Chaos Pot 280G;£2.50;£0.89/100g;Indulgent Desserts;216;3.8;null;21.5;11.0;6.6;0.1;0.2;
285814684;Gu Mocha Hot Chocolate Drink 750Ml;£1.32;£0.18/100ml;Indulgent Desserts;null;5.0;null;null;4.7;null;<0.5;0.05;
257987906;Gu Hot Chocolate Souffles 2X65g;£3.00;£2.31/100g;Indulgent Desserts;460 ;null;null;null;null;null;null;null;
282997160;Gu After Dark Raspberry And White Chocolate Mousse2x83g;£3.00;£1.81/100g;Indulgent Desserts;1254 kJ 1041 kJ;null;null;null;null;null;null;null;
257305048;Gu Lemon Cheesecake 2X90;£3.00;£1.67/100g;Indulgent Desserts;319 ;null;null;null;null;null;null;null;
285416556;Gu Puddings Maple And Pecan Pies 2 X 82G;£3.00;£1.83/100g;Indulgent Desserts;1541 kJ 1264 kJ;null;null;null;null;null;null;null;
282337556;Tesco Finest Tiramisu 200G;£3.00;£1.50/100g;Indulgent Desserts;239;3.5;null;26.4;11.2;6.8;<0.1;0.1;
274445843;Tesco Everyday Value Creme Caramel 6X100g;£0.68;£0.11/100g;Indulgent Desserts;102;2.2;null;18.8;0.9;0.6;0;0.1;
266659660;Gu Puddings Key Lime Pie Ramekin 2*85G;£3.00;£1.77/100g;Indulgent Desserts;1540 kJ 1309 kJ;null;null;null;null;null;null;null;
268171023;Tesco Swirly Lemon Cheesecake 120G;£1.00;£0.83/100g;Indulgent Desserts;296;2.7;null;22.0;17.3;8.7;1.4;0.4;
285507132;Gu Hot Chocolate Drink 750Ml;£1.32;£0.18/100ml;Indulgent Desserts;null;null;null;null;null;null;null;null;
274529612;Tesco Everyday Value Profiteroles 2X90g;£1.00;£0.56/100g;Indulgent Desserts;301;4.3;null;19.9;17.5;14.2;2.3;0.3;
274445935;Tesco Creme Caramel 6X100;£1.10;£0.18/100g;Indulgent Desserts;110;2.2;null;19.3;1.6;1.1;0;0.3;
269031695;Tesco Fruity Strawberry Sundae 125G;£1.00;£0.80/100g;Indulgent Desserts;198;3.5;null;20.7;9.7;6.4;0.4;0.2;
257304648;Gu Chocolate And Vanilla Cheesecake 2X90g;£3.00;£1.67/100g;Indulgent Desserts;1675 kJ 1508 kJ;null;null;null;null;null;null;null;
276901053;Gu New York Cheesecakes 2X80g;£3.00;£1.88/100g;Indulgent Desserts;1464 kJ 1171 kJ;null;null;null;null;null;null;null;
284737759;Activia Creamy Apricot Nectarine Yoghurt 4X110g;£2.39;£0.54/100g;Low Fat Desserts;null;null;null;null;null;null;null;null;
281465092;Tesco Healthy Living Banoffee Dessert 120G;£1.25;£1.05/100g;Low Fat Desserts;124;5.2;null;14.8;1.5;0.9;0.3;0.3;
282448592;Activia Intensely Creamy Strawberry 4X110g;£2.39;£0.54/100g;Low Fat Desserts;null;null;null;null;null;null;null;null;
276884964;Muller Light Chocolate Fix Milk Chocolate 4X100g;£2.19;£0.55/100g;Low Fat Desserts;99;2.6;null;null;2.0;null;null;0.1;
282448367;Activia Intensely Creamy Coconut Yoghurt 4X110g;£2.39;£0.54/100g;Low Fat Desserts;null;null;null;null;null;null;null;null;
282448042;Activia Intensely Creamy Blueberry 4X110g;£2.39;£0.54/100g;Low Fat Desserts;null;null;null;null;null;null;null;null;
284737840;Activia Creamy Apple And Pear Yoghurt 4 X 110G;£2.39;£0.54/100g;Low Fat Desserts;null;null;null;null;null;null;null;null;
281465745;Tesco Healthy Living Strawberry Trifle 145G;£1.25;£0.86/100g;Low Fat Desserts;106;3.0;null;15.8;0.8;0.6;0.4;0.2;
281465549;Tesco Healthy Living Lemon Meringue Dessert 85g;£1.25;£1.48/100g;Low Fat Desserts;136;4.6;null;16.6;3.1;2.0;0.4;0.2;
282448200;Activia Intensely Creamy Cherry Yoghurt 4X110g;£2.39;£0.54/100g;Low Fat Desserts;null;null;null;null;null;null;null;null;
284737696;Activia Creamy Blood Orange And Passion Fruit 440G;£2.39;£0.54/100g;Low Fat Desserts;null;null;null;null;null;null;0.2;null;
281465428;Tesco Healthy Living Chocolate Sundae 120G;£1.25;£1.05/100g;Low Fat Desserts;116;4.5;null;13.9;2.4;1.5;1.1;0.1;
282470604;Activia Intensely Creamy Peach Yoghurt 4X110g;£2.39;£0.50/100g;Low Fat Desserts;null;null;null;null;null;null;null;null;
282448799;Activia Intensely Creamy Vanilla 4X110g;£2.39;£0.54/100g;Low Fat Desserts;null;null;null;null;null;null;null;null;
281465250;Tesco Healthy Living Chocolate Muffin Dessert 125G;£1.25;£1.00/100g;Low Fat Desserts;133;5.1;null;15.0;2.9;1.8;1.1;0.2;
282448422;Activia Intensely Creamy Lemon Yoghurt 4X110g;£2.39;£0.54/100g;Low Fat Desserts;null;null;null;null;null;null;null;null;
281570856;Tesco Finest Coffee Mousse 100G;£0.95;£0.95/100g;Mousses & Fools;279;4.0;null;24.0;17.5;10.7;0.6;0.2;
280711894;Tesco Fruit Fool Rhubarb 114G;£0.55;£0.48/100g;Mousses & Fools;170;2.9;null;9.3;13.1;8.9;0.5;0.1;
285172716;Tesco Finest Raspberry And Madagscan Vanilla Mousse 100G;£0.95;£0.95/100g;Mousses & Fools;233;3.8;null;17.9;15.5;10.4;0.3;0.1;
279627102;Cadbury Bubbles Of Joy Limited Edition 4 X 45G;£1.00;£0.56/100g;Mousses & Fools;null;null;null;null;null;null;null;null;
276760656;Cadbury Bubbles Of Joy Chocolate 4X45g;£1.00;£0.56/100g;Mousses & Fools;null;null;null;null;null;null;null;null;
263481793;Aero White Chocolate Mousse 4X58g;£1.39;£0.60/100g;Mousses & Fools;169 ;4.3 ;null;null;7.5 ;null;null;0.2 ;
259953235;Aero Mint Chocolate Mousse 4X58g;£1.39;£0.60/100g;Mousses & Fools;187 ;4.1 ;null;null;9.4 ;null;null;0.1 ;
268895324;Aero Creations 4X57g;£1.69;£0.74/100g;Mousses & Fools;228 ;5.0 ;null;null;14.0 ;null;null;0.1 ;
276731708;Ski Coconut And Chocolate Mousse 4X59g;£1.39;£0.59/100g;Mousses & Fools;151;3.7;null;null;6.9;null;null;0.2;
283000242;Aero Mousse Limited Edition 4X58g;£1.39;£0.60/100g;Mousses & Fools;147 ;4.3 ;null;null;4.8 ;null;null;0.2 ;
252857372;Aero Chocolate Mousse 4X59g;£1.39;£0.59/100g;Mousses & Fools;155 ;4.5 ;null;null;5.6 ;null;null;0.1 ;
279855747;Ski Limited Edition Mousse 4X59g;£1.39;£0.59/100g;Mousses & Fools;126;3.7;null;null;4.9;null;null;0.2;
280711842;Tesco Fruit Fool Gooseberry 114G;£0.55;£0.48/100g;Mousses & Fools;197;3.0;null;15.2;12.5;8.2;0.7;0.1;
271935153;Ski Fruit Mousse Lemon Meringue 4X60g;£1.39;£0.58/100g;Mousses & Fools;127;3.7;null;null;4.7;null;null;0.3;
265927517;Tesco Finest Sicilian Lemon Mousse 100G;£0.95;£0.95/100g;Mousses & Fools;215;3.2;null;20.6;12.2;8.0;0.3;0.2;
261969076;Tesco Finest Butterscotch Mousse 100G;£0.95;£0.95/100g;Mousses & Fools;283;3.6;null;28.8;16.4;10.1;0;0.2;
263287787;Tesco Finest Belgian Chocolate Mousse 100G;£0.95;£0.95/100g;Mousses & Fools;299;5.1;null;26.0;18.9;11.8;1.1;0.2;
250253536;Tesco Everyday Value Chocolate Mousse 4X60g;£0.18;£0.08/100g;Mousses & Fools;137;4.5;null;16.4;4.3;3.4;1.0;0.2;
280711911;Tesco Fruit Fool Lemon 114G;£0.55;£0.48/100g;Mousses & Fools;187;2.7;null;18.7;10.5;7.1;0.3;0.2;
271935014;Ski Fruit Mousse Strawberry & Strawberry Coulis 4X60g;£1.39;£0.58/100g;Mousses & Fools;128;3.8;null;null;5.2;null;null;0.2;
285048749;Muller Rice Apple 180G;£0.68;£0.38/100g;Rice Puddings;null;null;null;null;null;null;null;null;
285047733;Muller Rice Limited Edition Red Fruits 6X180g;£1.94;£0.18/100g;Rice Puddings;108;3.1;null;null;2.2;null;null;0.25;
285060273;Muller Rice Raspberry And Apple 6X180g;£1.94;£0.18/100g;Rice Puddings;107;3.0;null;null;2.2;null;null;0.2;
285048565;Muller Rice Original 180G;£0.68;£0.38/100g;Rice Puddings;null;null;null;null;null;null;null;null;
285047969;Muller Rice Vanilla Custard 180G;£0.68;£0.38/100g;Rice Puddings;null;null;null;null;null;null;null;null;
285026476;Muller Rice Apple 4X180g;£2.69;£0.37/100g;Rice Puddings;107;3.0;null;null;2.2;null;null;0.2;
285025857;Mullerice Remix Twinpot Plum 2X150g;£1.69;£0.56/100g;Rice Puddings;107;2.8;null;null;2.0;null;null;0.2;
285047290;Muller Rice Original&S/Berry 6X180g;£1.94;£0.18/100g;Rice Puddings;106;3.0;null;null;2.2;null;null;0.2;
285047658;Muller Rice Chocolate And Caramel 6X180g;£1.94;£0.18/100g;Rice Puddings;111;3.2;null;null;2.5;null;null;0.2;
285047595;Muller Rice Banana And Toffee 180G;£0.68;£0.38/100g;Rice Puddings;null;null;null;null;null;null;null;null;
285047255;Muller Rice Chocolate And Caramel 180G;£0.69;£0.38/100g;Rice Puddings;115;3.0;null;null;2.7;null;null;0.2;
285048663;Muller Rice Strawberry 180G;£0.68;£0.38/100g;Rice Puddings;null;null;null;null;null;null;null;null;
285025722;Mullerice Remix Twinpot Strawberry 2X150g;£1.69;£0.56/100g;Rice Puddings;106;2.9;null;null;2.0;null;null;0.2;
256186068;Rachel's Organic Divine Rice 2X150g;£1.29;£0.43/100g;Rice Puddings;142;3.4;null;null;5.2;null;null;1.0;
271939857;Cadbury 2 Hot Caramel Sponge Puddings 2X110g;£1.00;£0.46/100g;Sponges, Pies & Puddings;1335 kJ 1468 kJ -;4 ;null;null;15.1 ;null;1.2 ;0.2 ;
279423683;Tesco 2 Apple And Blackberry Crumbles 270G;£1.80;£0.67/100g;Sponges, Pies & Puddings;218;2.6;null;19.1;7.0;3.1;1.9;0.2;
267153703;Tesco 2 Rhubarb Crumbles 2X135g;£1.80;£0.67/100g;Sponges, Pies & Puddings;228;3.1;null;21.2;6.9;3.1;2.2;0.2;
255717960;Tesco Apple Crumble 600G;£2.00;£0.33/100g;Sponges, Pies & Puddings;239;2.6;null;21.7;8.3;3.6;1.6;0.2;
279423320;Tesco 2 Blackcurrant And Blueberry Pies 317G;£1.80;£0.57/100g;Sponges, Pies & Puddings;313;3.7;null;24.2;10.2;5.2;2.4;0.3;
259208151;Tesco 2 Bread And Butter Puddings 2X120g;£1.80;£0.75/100g;Sponges, Pies & Puddings;321;5.1;null;22.4;20.1;11.7;0.6;0.3;
262754870;Tesco 2 Spotted Dick Puddings 2X130g;£1.80;£0.69/100g;Sponges, Pies & Puddings;331;3.5;null;38.1;11.2;6.3;2.3;0.6;
274500283;Tesco 2 Bramley Apple Pies 317G;£1.80;£0.57/100g;Sponges, Pies & Puddings;268;2.9;null;18.1;10.4;5.5;2.2;0.3;
262696886;Tesco 2 Sticky Toffee Puddings 260G;£1.80;£0.69/100g;Sponges, Pies & Puddings;307;2.6;null;37.6;11.5;6.2;1.7;0.3;
284714591;Tesco Apple And Blackberry Lattice Pie 500G;£2.70;£0.54/100g;Sponges, Pies & Puddings;294;3.5;null;22.5;13.3;1.8;3.7;0.4;
260881071;Tesco 2 Bramley Apple Crumbles 2X135g;£1.80;£0.67/100g;Sponges, Pies & Puddings;231;2.2;null;19.1;8.0;3.8;1.9;0.1;
262695927;Tesco Bramley Apple Pie 700G;£2.50;£0.36/100g;Sponges, Pies & Puddings;235;3.0;null;18.6;7.9;4.3;2.0;0.3;
279423251;Tesco 2 Toffee Apple Crumble Pies 273G;£1.80;£0.66/100g;Sponges, Pies & Puddings;343;3.9;null;17.9;18.3;10.1;1.5;0.3;
276209297;Tesco 2 Syrup Sponge Puddings 250G;£1.80;£0.72/100g;Sponges, Pies & Puddings;323;3.8;null;46.7;8.8;4.7;0.5;0.6;
261198924;Cadbury 2 Hot Chocolate Sponge Puddings 2X110g;£2.00;£0.83/100g;Sponges, Pies & Puddings;null;4.1;null;null;19.3;null;1.6;null;
285385551;Tesco 2 Ginger Sponge Puddings 2X125g;£1.80;£0.72/100g;Sponges, Pies & Puddings;333;3.9;null;41.7;9.9;5.4;1.2;0.5;
274509924;Tesco 2 Blackcurrant Sponge Pudding 250G;£1.80;£0.72/100g;Sponges, Pies & Puddings;239;3.1;null;25.1;7.0;4.0;1.6;0.3;
284713661;Tesco 2 Pack Upside Down Pineapple Sponge 250G;£1.80;£0.90/each;Sponges, Pies & Puddings;290;3.6;null;40.6;8.1;4.3;0.5;0.4;
262696949;Tesco 2 Melting Middle Chocolate Sponge Pudding 270G;£1.80;£0.67/100g;Sponges, Pies & Puddings;364;5.4;null;24.2;21.8;13.2;2.4;0.2;
267018676;Tesco Apple Lattice Pie 500G;£2.70;£0.54/100g;Sponges, Pies & Puddings;276;2.9;null;16.7;12.7;6.3;1.8;0.4;
257471105;Tesco 2 Egg Custard Tarts 2X90g;£0.65;£0.33/each;Tortes & Tarts;275;5.4;null;14.1;12.8;6.0;0.7;0.3;
279427195;Tesco Finest 2 Sicilian Lemon Tarts 220G;£2.50;£1.14/100g;Tortes & Tarts;333;4.9;null;26.0;15.0;8.8;1.9;0.3;
285090179;Tesco Finest 2 Tartes Aux Fruits 280G;£1.70;£0.09/100ml;Tortes & Tarts;217;2.7;null;16.9;9.2;5.3;1.6;0.2;
284515452;Tesco Treacle Tart 380G;£2.60;£0.68/100g;Tortes & Tarts;362;3.9;null;39.9;12.1;5.7;1.7;0.5;
282337412;Tesco Finest Frangipane And Morello Cherry Slices 148G;£2.50;£1.69/100g;Tortes & Tarts;358;6.1;null;21.3;18.8;7.8;0.5;0.2;
272407558;Abra Ca Debora 6 Sweet Pancakes 375G;£2.00;£0.53/100g;Tortes & Tarts;230;5.6;32.6;null;8.1;null;null;0.57;
282745361;Tesco Key Lime Pie 360G;£2.50;£0.69/100g;Tortes & Tarts;372;4.9;null;22.2;20.9;10.7;0.8;0.3;
279426985;Tesco Finest Belgian Chocolate And Caramel Tart 470G;£4.00;£0.85/100g;Tortes & Tarts;431;4.6;null;25.8;23.3;14.0;2.2;0.3;
281635429;Tesco Finest Blueberry Frangipane Tarts Midi 220G;£3.00;£1.37/100g;Tortes & Tarts;null;null;null;null;null;null;null;null;
257471134;Tesco 4 Egg Custard Tarts 4X90g;£1.00;£0.25/each;Tortes & Tarts;275;5.4;null;14.1;12.8;6.0;0.7;0.3;
282744391;Tesco Banoffee Pie 360G;£2.50;£0.69/100g;Tortes & Tarts;418;3.7;null;21.9;27.3;14.4;1.1;0.3;
279738005;Tesco Raspberry Bakewell Tart 380G;£2.70;£0.71/100g;Tortes & Tarts;397;5.0;null;29.0;21.6;8.2;2.1;0.1;
274668942;Tesco Finest Morello Cherry Frangipane Tart 445G;£4.00;£0.90/100g;Tortes & Tarts;376;6.4;null;22.3;19.2;9.2;2.5;0.1;
268214665;Tesco Lemon Tart 385G;£2.70;£0.70/100g;Tortes & Tarts;317;4.6;null;24.8;17.2;8.1;0.9;0.1;
284714700;Tesco 2 Strawberry And Cream Custard Tarts 170G;£1.40;£0.82/100g;Tortes & Tarts;287;5.0;null;16.3;14.9;7.2;0.4;0.3;
282185504;Tesco 2 Cookie Dough Cheesecake Sandwiches 180G;£2.30;£1.28/100g;Trifles & Cheesecakes;421;5.9;null;28.8;27.0;13.4;1.0;0.5;
276901053;Gu New York Cheesecakes 2X80g;£3.00;£1.88/100g;Trifles & Cheesecakes;1464 kJ 1171 kJ;null;null;null;null;null;null;null;
284515302;Tesco Finest Mocha Cheesecake 2 Pack;£2.75;£1.38/each;Trifles & Cheesecakes;379;4.6;null;22.0;24.9;14.9;1.6;0.4;
282431260;Tesco Cookies Mallow Cheesecake 500G;£3.50;£0.70/100g;Trifles & Cheesecakes;339;3.9;null;27.0;17.3;10.1;2.1;0.4;
277302455;Tesco Cheesecake Blackcurrant 3X100g;£1.60;£0.53/100g;Trifles & Cheesecakes;273;3.1;null;23.5;14.5;6.6;1.1;0.2;
282995398;Tesco Chocolate Trifles 3 X 120G;£1.75;£0.49/100g;Trifles & Cheesecakes;182;3.7;null;18.4;8.8;5.7;0.4;0.1;
265544549;Cadbury Layers Of Joy 2 Pack Chocolate 2X90g;£1.18;£0.66/100g;Trifles & Cheesecakes;null;null;null;null;null;null;null;null;
251823362;Tesco Everyday Value Strawberry Cheesecake 90G;£0.18;£0.08/100g;Trifles & Cheesecakes;256;2.9;null;22.6;12.2;4.5;0.7;0.2;
284515659;Tesco Finest Belgian Chocolate Cheesecake 550G;£4.00;£0.73/100g;Trifles & Cheesecakes;436;5.1;null;25.9;28.7;15.4;2.8;0.2;
281634350;Tesco Finest Apricot Mixed Berry Crumble 350G;£3.00;£0.86/100g;Trifles & Cheesecakes;216;3.2;null;26.6;6.7;3.2;2.4;0.1;
282796904;Tesco Chocolate And Vanilla Swirl Cheesecake 550G;£3.00;£0.55/100g;Trifles & Cheesecakes;405;5.0;null;24.8;25.8;13.0;1.4;0.3;
274417140;Tesco Everyday Strawberry Value Trifle 3X115g;£0.99;£0.26/100g;Trifles & Cheesecakes;125;1.9;null;18.8;4.2;2.7;1.1;0.2;
262997622;Tesco 2 New York Cheesecake Slices 180G;£2.30;£1.28/100g;Trifles & Cheesecakes;353;4.6;null;19.6;25.2;14.6;2.2;0.4;
254730196;Tesco Chocolate Brownie Cheesecake 180G;£2.30;£1.28/100g;Trifles & Cheesecakes;407;5.0;null;26.5;26.5;13.6;2.6;0.3;
251823402;Tesco E/Day Value Strawberry Trifle 115G;£0.40;£0.35/100g;Trifles & Cheesecakes;125;1.9;null;18.8;4.2;2.7;1.1;0.2;
252257080;Tesco Everyday Value Vanilla Cheesecake 474G;£1.75;£0.37/100g;Trifles & Cheesecakes;426;4.7;null;22.0;28.0;15.1;0.6;0.3;
277018694;Tesco Finest Caramel And Macadamia Cheesecake Slice 200G;£2.75;£1.38/100g;Trifles & Cheesecakes;362;5.1;null;20.4;25.1;14.7;1.4;0.6;
280485233;Tesco Finest Madagascan Vanilla Cheesecake Wedges 2 X 100G;£2.70;£1.35/100g;Trifles & Cheesecakes;364;3.7;null;22.6;24.7;15.2;0.7;0.4;
255426478;Tesco Everyday Value Strawberry Trifle 471G;£1.05;£0.22/100g;Trifles & Cheesecakes;133;1.4;null;17.9;5.4;3.5;2.4;0.2;
277512356;Tesco Rocky Road Dessert 135G;£1.50;£1.12/100g;Trifles & Cheesecakes;248;4.3;null;21.9;11.7;6.0;1.8;0.1;
283820178;Tesco Finest 3 Cheese Flatbread 255G;£2.25;£0.88/100g;Fresh Garlic & Cheese Breads;314;10.4;null;2.8;10.8;2.6;2.0;1.1;
263944678;Tesco 2 Extra Strong Garlic All Butter Baguettes 420G;£2.00;£0.48/100g;Fresh Garlic & Cheese Breads;339;6.3;null;3.1;15.4;11.0;2.0;1.1;
272689724;T.Sunblush Tomato And Garlic All Butter Flatbread 230G;£1.40;£0.61/100g;Fresh Garlic & Cheese Breads;292;8.8;null;4.7;8.7;4.5;2.4;1.1;
260813736;Tesco Everyday Value Garlic Baguette 170G;£0.32;£0.19/100g;Fresh Garlic & Cheese Breads;352;8.2;null;2.5;14.4;6.9;1.9;1.1;
286228351;Tesco 9 Garlic Slices 290G;£1.40;£0.48/100g;Fresh Garlic & Cheese Breads;380;9.1;null;2.5;14.5;10.1;2.0;1.2;
286228302;Tesco Twin Reduced Fat Garlic Baguette 430G;£1.40;£0.33/100g;Fresh Garlic & Cheese Breads;268;7.6;null;2.3;6.0;2.6;2.2;1.1;
272689586;Tesco 4 Cheese And Garlic All Butter Flatbread 225G;£1.40;£0.62/100g;Fresh Garlic & Cheese Breads;297;10.5;null;2.7;9.6;5.6;1.9;1.1;
264219925;Tesco 2 Cheese And Garlic All Butter Baguettes 420G;£1.00;£0.24/100g;Fresh Garlic & Cheese Breads;310;8.8;null;3.8;10.6;7.2;1.9;1.0;
286501494;Tesco Big Night In Cheese And Garlic Flatbread 230G;£2.00;£0.87/100g;Fresh Garlic & Cheese Breads;337;11.7;null;3.6;11.6;5.9;2.3;1.2;
283839560;Tesco Finest Garlic Split Ciabatta 135G;£2.00;£1.49/100g;Fresh Garlic & Cheese Breads;394;8.2;null;2.4;21.4;3.4;3.1;0.8;
280591965;Tesco Finest 2 Cheddar And Onion Flatbreads 280G;£2.20;£0.79/100g;Fresh Garlic & Cheese Breads;297;8.8;null;2.5;10.7;2.9;2.0;0.9;
286228437;Tesco 9 Garlic Reduced Fat Slices 290G;£1.40;£0.48/100g;Fresh Garlic & Cheese Breads;336;10.3;null;2.8;5.7;2.1;2.5;1.1;
267114791;Tesco 8 Garlic Ciabatta Slices 360G;£1.40;£0.39/100g;Fresh Garlic & Cheese Breads;328;9.6;null;3.8;10.7;6.8;2.8;0.9;
286227415;Tesco 2 Garlic All Butter Baguettes 430G;£1.40;£0.33/100g;Fresh Garlic & Cheese Breads;350;7.4;null;2.4;16.1;9.9;2.1;1.1;
280592388;Tesco Finest Provolone, Pecorino And Mozzarella Tear &Share 265G;£2.20;£0.82/100g;Fresh Garlic & Cheese Breads;298;9.8;null;1.6;10.0;2.5;2.1;1.0;
273627181;Tesco Big Night In 20 Dough Balls With Dip 260G;£2.00;£0.77/100g;Fresh Garlic & Cheese Breads;705;0.5;null;0.2;75.6;16.2;0.6;1.0;
286229125;Tesco Single Garlic Baguette 215G;£0.80;£0.37/100g;Fresh Garlic & Cheese Breads;350;7.4;null;2.4;16.1;9.9;2.1;1.1;
280605202;Tesco Finest Cherry Tomato And Basil Ciabatta 260G;£2.20;£0.85/100g;Fresh Garlic & Cheese Breads;341;9.2;null;2.9;13.6;3.0;2.4;1.3;
285767232;Tesco Finest Roasted Balsamic Mini Garlic Flatbreads 255G;£2.20;£0.86/100g;Fresh Garlic & Cheese Breads;317;9.6;null;2.8;10.8;5.6;2.0;0.9;
277466312;T.9 Cheese And Garlic All Butter Slices 280G;£1.40;£0.50/100g;Fresh Garlic & Cheese Breads;377;11.7;null;2.5;16.8;11.0;2.0;1.2;
279961425;Tesco Finest Chorizo And Chicken Girasoli 300G;£2.99;£9.97/kg;Fresh Pasta;170;6.8;null;2.5;3.9;1.6;1.8;0.8;
279458405;Tesco Finest Italian Tomato Buffalo Mozzarella And Ravioli 300G;£2.99;£9.97/kg;Fresh Pasta;188;7.0;null;3.3;6.1;2.5;2.9;1.0;
274736983;Tesco Italian Sausage And Ham Tortelloni 400G;£2.00;£5.00/kg;Fresh Pasta;191;8.5;null;1.0;7.0;3.0;1.8;0.8;
279457084;Tesco Ham And Cheese Tortelloni 400G;£2.00;£5.00/kg;Fresh Pasta;198;8.4;null;1.3;6.4;3.0;1.8;0.8;
279469692;Tesco Finest Pumpkin And Amaretti Ravioli 300G;£2.99;£9.97/kg;Fresh Pasta;173;6.9;null;6.0;4.0;1.1;2.9;0.8;
274731366;Tesco Cheese, Tomato And Basil Tortelloni 400G;£2.00;£5.00/kg;Fresh Pasta;204;6.7;null;1.4;5.6;3.0;2.5;0.8;
274731873;Tesco Chicken And Bacon Tortelloni Pasta 400G;£2.00;£5.00/kg;Fresh Pasta;205;6.8;null;1.3;6.6;2.2;3.8;0.7;
275065507;Tesco Fresh Egg Tagliatelle 350G;£1.00;£2.86/kg;Fresh Pasta;144;5.2;null;0.4;0.9;0.3;2.0;0.1;
274737066;Tesco Italian Spinach And Ricotta Tortelloni 400G;£2.00;£5.00/kg;Fresh Pasta;198;6.9;null;1.5;6.8;3.2;3.0;0.8;
274730436;Tesco 4 Cheese Tortelloni 400G;£2.00;£5.00/kg;Fresh Pasta;208;8.4;null;2.4;7.0;3.3;2.5;0.7;
274732198;Tesco Tomato, Cheese And Bacon Tortelloni 400G;£2.00;£5.00/kg;Fresh Pasta;205;8.1;null;1.9;6.7;2.7;2.0;0.8;
279458209;Tesco Finest Beef And Chianti Wine Cannelloni 360G;£3.50;£9.73/kg;Fresh Pasta;165;8.0;null;2.3;5.5;3.4;3.1;1.0;
283789301;Pizza Express Spicy Sausage Cappelletti 250G;£2.75;£11.00/kg;Fresh Pasta;204;6.5;null;null;4.7;null;3.6;0.60;
274737014;Tesco Italian Basil Pesto Tortelloni 400G;£2.00;£5.00/kg;Fresh Pasta;193;7.2;null;2.3;3.8;1.6;3.0;0.9;
283789284;Pizza Express Spinach And Ricotta Cappelletti 250G;£2.75;£11.00/kg;Fresh Pasta;188;6.0;null;null;4.1;null;3.4;1.0;
279457003;Tesco Everyday Value Spinach And Ricotta Tortelloni 400G;£1.55;£3.88/kg;Fresh Pasta;189;6.6;null;2.0;3.6;1.4;2.5;0.9;
275301373;Pizza Express Prosciutto Ham Cappelletti 250G;£2.75;£11.00/kg;Fresh Pasta;173;6.9;null;null;3.5;null;3.3;null;
279467037;Tesco Finest Portobello Mushroom Truffle Girasoli 300G;£2.99;£9.97/kg;Fresh Pasta;170;6.2;null;1.1;4.2;1.0;2.3;1.0;
274731055;Tesco Beef And Red Wine Ravioli 400G;£2.00;£5.00/kg;Fresh Pasta;212;7.3;null;1.4;6.5;2.2;2.3;0.8;
279459053;Tesco Finest Pea And Wood -Fired Pancetta Ravioli 300G;£2.99;£9.97/kg;Fresh Pasta;200;8.4;null;2.4;6.9;2.3;3.5;1.0;
274924985;Tesco Arrabbiata Sauce 375G;£1.35;£0.36/100g;Fresh Pasta Sauce & Pesto;43;1.1;null;5.7;0.5;0.2;1.0;0.2;
274904577;Tesco Bolognese Sauce 375G;£1.35;£0.36/100g;Fresh Pasta Sauce & Pesto;114;5.3;null;4.8;7.5;2.8;0.8;0.8;
261827291;Tesco Finest 4 Cheese Sauce 375G;£2.50;£0.67/100g;Fresh Pasta Sauce & Pesto;135;5.2;null;2.5;9.9;6.5;0.1;0.8;
274905109;Tesco Tomato And Basil Sauce 375G;£1.35;£0.36/100g;Fresh Pasta Sauce & Pesto;47;1.2;null;5.0;1.5;0.2;0.9;0.5;
267025176;Tesco Finest Cherry Tomato Sauce 375G;£2.50;£0.67/100g;Fresh Pasta Sauce & Pesto;103;1.6;null;7.4;6.9;0.9;1.1;0.7;
274925258;Tesco Carbonara Sauce 375G;£1.35;£0.36/100g;Fresh Pasta Sauce & Pesto;113;5.2;null;1.2;8.0;4.8;0.2;0.8;
274947917;Tesco Tomato And Mascarpone Sauce 375G;£1.35;£0.36/100g;Fresh Pasta Sauce & Pesto;110;2.7;null;3.9;8.0;3.9;0.5;0.8;
283789382;Tesco Chipotle Sauce 350G;£1.35;£3.86/kg;Fresh Pasta Sauce & Pesto;38;1.1;null;5.0;0.6;0.1;1.1;0.6;
285384356;Tesco Tomato And Garlic Sauce 375G;£1.35;£0.36/100g;Fresh Pasta Sauce & Pesto;46;1.3;null;5.1;1.5;0.2;1.0;0.5;
283789362;Tesco Barbecue Tomato Sauce 350G;£1.35;£3.86/kg;Fresh Pasta Sauce & Pesto;46;1.1;null;6.7;0.6;0.2;0.8;0.7;
274923767;Tesco Chargrilled Vegetable Sauce 375G;£1.35;£0.36/100g;Fresh Pasta Sauce & Pesto;52;1.6;null;5.1;1.1;0.2;1.3;0.6;
268245271;Tesco Finest Carbonara Sauce 375G;£2.50;£0.67/100g;Fresh Pasta Sauce & Pesto;116;4.9;null;1.3;8.4;5.0;0.1;0.5;
283948459;Tesco Macaroni Cheese Sauce 350G;£1.35;£0.39/100g;Fresh Pasta Sauce & Pesto;99;3.8;null;1.2;6.8;4.4;0.3;0.6;
274904698;Tesco Cheese Sauce 375G;£1.35;£0.36/100g;Fresh Pasta Sauce & Pesto;119;5.3;null;1.3;7.9;5.1;0.4;0.8;
283789324;Tesco Meaty Mayhem Sauce 350G;£1.35;£3.86/kg;Fresh Pasta Sauce & Pesto;80;4.3;null;2.6;5.0;1.8;0.7;0.7;
256237950;Tesco Finest Tomato Mascarpone Sauce 375G;£2.50;£0.67/100g;Fresh Pasta Sauce & Pesto;97;2.2;null;3.8;7.5;4.0;0.8;0.8;
272655154;Tesco Finest Arrabbiatta Sauce 375G;£2.50;£0.67/100g;Fresh Pasta Sauce & Pesto;68;1.0;null;5.5;4.1;0.5;1.0;0.5;
283870008;Tesco Tomato And Meatball Sauce 350G;£1.35;£0.39/100g;Fresh Pasta Sauce & Pesto;92;3.6;null;4.1;4.9;1.0;0.8;0.8;
267023345;Tesco Finest Pesto And Fresh Basil 130G;£2.50;£1.93/100g;Fresh Pasta Sauce & Pesto;459;7.3;null;0.4;46.0;7.9;1.3;1.6;
267024995;Tesco Finest Wild Mushroom Sauce 375G;£2.50;£0.67/100g;Fresh Pasta Sauce & Pesto;127;1.4;null;1.1;11.3;6.6;0.5;0.6;
276715319;Tesco Big Night In The Big Cheese 12" Pizza 460G;£4.00;£0.87/100g;Fresh Pizza;306;14.0;null;2.0;12.4;6.3;1.2;1.1;
282363484;Tesco Takeaway Cheese Feast Pizza 355G;£3.75;£1.06/100g;Fresh Pizza;302;11.9;null;4.2;12.4;4.4;1.4;1.4;
279752241;Tesco Finest 10" Ham Spinach And Ricotta Pizza 329G;£4.25;£1.30/100g;Fresh Pizza;242;11.3;null;2.7;8.2;4.0;2.1;1.2;
261385173;Pizza Express American Pizza 250G;£4.50;£1.80/100g;Fresh Pizza;263;11.9;null;null;9.0;null;0.9;1.5;
262253408;Pizza Express Margherita Pizza 455G;£3.00;£0.66/100g;Fresh Pizza;247;10.6;null;null;6.9;null;0.9;1.0;
257466628;Pizza Express Dough Balls 200G;£3.00;£1.50/100g;Fresh Pizza;null;1.3;null;null;71.9;null;0.6;1.45;
279752546;Tesco Finest Wood Fired 12" Tomato Mozzarella And Pesto Pizza 427G;£4.00;£0.94/100g;Fresh Pizza;238;11.5;null;3.6;7.5;3.4;2.7;1.3;
279797470;Tesco Finest Wood Fired Chicken And Chorizo Pizza 441G;£4.00;£0.91/100g;Fresh Pizza;238;12.0;null;4.1;7.8;3.2;2.5;1.2;
261385144;Pizza Express American Hot Pizza 260G;£4.50;£1.74/100g;Fresh Pizza;259;11.9;null;null;9.1;null;0.9;1.5;
283814284;Tesco Finest Light Margherita Pizza 215G;£3.85;£17.91/kg;Fresh Pizza;229;8.9;null;3.9;7.6;3.3;1.1;1.2;
273146605;Tesco Everyday Value 10" 3 Cheese Pizza 330G;£1.45;£0.44/100g;Fresh Pizza;285;11.5;null;4.5;9.3;4.9;1.3;1.0;
283816950;Tesco Finest Chorizo Manchego Pizza 340G;£4.25;£1.25/100g;Fresh Pizza;252;12.2;null;3.4;9.5;4.1;2.2;1.3;
280170381;Pizza Express Dough Balls 95G;£1.60;£1.69/100g;Fresh Pizza;null;1.3;null;null;71.9;null;0.6;1.45;
279752984;Tesco Finest Wood Fired 12" Ham Mushroom And Mascarpone Pizza 436G;£4.00;£0.92/100g;Fresh Pizza;232;11.3;null;2.7;8.1;3.8;2.3;1.3;
282363582;Tesco Takeaway Stuffed Crust Cheese Pizza 490G;£3.75;£0.77/100g;Fresh Pizza;287;12.7;null;4.3;12.9;6.0;1.8;1.5;
276716255;Tesco Big Night In Loaded Pepperoni 12" Pizza 490G;£4.00;£0.82/100g;Fresh Pizza;293;11.4;null;3.7;11.8;4.7;1.1;1.4;
261384030;Pizza Express Margherita Pizza 245G;£4.50;£1.84/100g;Fresh Pizza;249;11.3;null;null;7.4;null;0.9;1.1;
264994858;Pizza Express Pollo Pesto Pizza 275G;£4.50;£1.64/100g;Fresh Pizza;212;11.9;null;null;5.8;null;1.0;1.1;
285400200;Tesco Finest 12" Limited Edition Wood Fired Fire Cracker Chicken 445G;£4.00;£0.90/100g;Fresh Pizza;236;12.4;null;4.9;7.3;2.9;1.7;1.2;
264994864;Pizza Express American Pizza 475G;£3.00;£0.63/100g;Fresh Pizza;261;13.1;null;null;10.1;null;0.8;1.4;
282468732;Ginsters Steak And Kidney Pie 200G;£1.00;£0.50/100g;Pies, Quiche & Pasties;1041kJ 2082kJ - - - -;9.5;null;null;12.8;null;1.2;0.56;
285355155;Tesco 4 Chicken And Gravy Pies 600G;£2.50;£0.42/100g;Pies, Quiche & Pasties;253;7.9;null;1.4;13.7;6.7;2.9;0.8;
285333734;Tesco Chicken And Bacon Puff Pastry Pie 200G;£1.65;£0.83/100g;Pies, Quiche & Pasties;272;9.4;null;1.0;16.1;6.2;1.4;0.4;
278942225;Pukka Pies Large Chicken And Gravy 550G;£2.00;£0.36/100g;Pies, Quiche & Pasties;249;8.5;21.5;null;13.7;null;2.8;0.73;
262710421;Tesco Chicken And Mushroom Pie 150G;£0.66;£0.44/100g;Pies, Quiche & Pasties;266;8.6;null;1.1;14.2;6.9;2.0;0.8;
285694041;Tesco Chicken And White Wine Shortcrust Pie 500G;£3.00;£0.60/100g;Pies, Quiche & Pasties;269;7.7;null;1.7;16.5;7.1;1.9;0.6;
285363341;Tesco Chicken And Broccoli Puff Pastry Pie 500G;£3.00;£0.60/100g;Pies, Quiche & Pasties;227;8.2;null;1.3;13.0;5.9;1.4;0.6;
285334128;Tesco Chicken And Gravy Shortcrust Pie 200G;£1.65;£0.83/100g;Pies, Quiche & Pasties;277;8.4;null;1.6;16.6;6.5;2.1;0.6;
285363289;Tesco Chicken And Ham Lattice Bar 500G;£3.00;£0.60/100g;Pies, Quiche & Pasties;250;8.4;null;1.4;14.7;6.9;1.2;0.8;
285333423;Tesco Chicken And White Wine Shortcrust Pie 200G;£1.65;£0.83/100g;Pies, Quiche & Pasties;290;8.8;null;1.3;17.9;7.3;1.9;0.6;
278942064;Pukka Pies Large All Steak 550G;£2.00;£0.36/100g;Pies, Quiche & Pasties;245;8.6;23.3;null;13.4;null;2.8;0.81;
262803899;Pukka Pies Chicken And Mushroom Pie 229G;£1.50;£0.66/100g;Pies, Quiche & Pasties;209;6.6;19.7;null;10.9;null;3.5;0.78;
250181880;Tesco 4 Steak Pies 600G;£2.50;£0.42/100g;Pies, Quiche & Pasties;272;9.5;null;1.4;14.3;6.9;1.8;0.6;
282461120;Ginsters Steak Pie 200G;£1.00;£0.50/100g;Pies, Quiche & Pasties;1124kJ 2248kJ - - - -;9.2;null;null;16.2;null;1.2;0.73;
285694087;Tesco Chicken And Bacon Puff Pastry Pie 500G;£3.00;£0.60/100g;Pies, Quiche & Pasties;223;7.4;null;1.5;12.3;5.7;1.8;0.6;
282468078;Ginsters Chicken And Mushroom Pie 200G;£1.00;£0.50/100g;Pies, Quiche & Pasties;1067kJ 2133kJ - - - -;8.2;null;null;14.6;null;1.7;0.66;
285334261;Tesco Chicken And Mushroom Puff Pastry Pie 200G;£1.65;£0.83/100g;Pies, Quiche & Pasties;276;10.0;null;1.2;16.2;6.9;1.1;0.7;
285347712;Tesco Cheese And Onion Lattice Topped Pie 200G;£1.65;£0.83/100g;Pies, Quiche & Pasties;299;8.3;null;1.7;18.6;9.4;2.0;0.6;
285348052;Tesco Chicken Fajita Puff Pastry Pie 200G;£1.65;£0.83/100g;Pies, Quiche & Pasties;258;9.8;null;0.8;14.0;5.6;2.7;0.7;
285694127;Tesco Chicken And Gravy Shortcrust Pastry Pie 500G;£3.00;£0.60/100g;Pies, Quiche & Pasties;253;8.3;null;1.7;13.9;5.5;1.3;0.7;
268895226;Tesco 18 Bacon And Egg Bites 216G;£1.75;£0.81/100g;Sausage Rolls, Cocktail Sausages & Scotch Eggs;295;10.8;null;1.1;19.5;4.9;1.8;0.8;
277644292;Tesco Mini Lunchbox Chicken Bites 48G;£0.75;£1.57/100g;Sausage Rolls, Cocktail Sausages & Scotch Eggs;293;11.7;null;1.2;16.4;2.7;0.4;1.3;
272592659;Tesco Ploughmans 2 Pack Scotch Egg 227G;£0.90;£0.40/100g;Sausage Rolls, Cocktail Sausages & Scotch Eggs;245;12.5;null;2.0;14.9;3.6;0.7;0.8;
277644332;Tesco Mini Lunchbox Egg Bites 72G;£0.75;£1.05/100g;Sausage Rolls, Cocktail Sausages & Scotch Eggs;302;11.9;null;0.7;20.5;5.2;1.9;0.8;
268903996;Tesco Everyday Value 2 Pack Scotch Egg 227G;£0.62;£0.27/100g;Sausage Rolls, Cocktail Sausages & Scotch Eggs;228;10.5;null;0.5;12.1;3.3;1.7;0.9;
277645964;Ginsters Large Sausage Roll;£1.00;£0.77/100g;Sausage Rolls, Cocktail Sausages & Scotch Eggs;1629kJ 2118kJ 25% 8400kJ;9.5;null;null;30.8;null;1.4;1.41;
267280517;Tesco Cheese And Bacon Straws 168G;£1.75;£1.05/100g;Sausage Rolls, Cocktail Sausages & Scotch Eggs;328;12.4;null;0.7;20.8;5.0;0.5;1.2;
275287803;Tesco Finest Scotch Egg Twin 227G;£2.00;£0.88/100g;Sausage Rolls, Cocktail Sausages & Scotch Eggs;258;14.1;null;0.4;17.7;4.4;1.6;0.9;
275642337;Tesco Bitesize Southern Fried Chicken Straws 168G;£1.75;£1.05/100g;Sausage Rolls, Cocktail Sausages & Scotch Eggs;316;11.3;null;1.4;18.3;3.7;0.5;1.1;
285353552;Tesco 24 Chicken Poppers 240G;£1.75;£0.73/100g;Sausage Rolls, Cocktail Sausages & Scotch Eggs;273;11.5;null;0.6;16.2;2.6;0.7;1.2;
272143132;Tesco Mini Savoury Eggs 12 Pack 216G;£1.00;£0.37/100g;Sausage Rolls, Cocktail Sausages & Scotch Eggs;293;9.5;null;0.6;19.4;5.5;1.7;0.8;
282480811;Tesco Finest Black Pudding Scotch Eggs 227G;£2.00;£0.88/100g;Sausage Rolls, Cocktail Sausages & Scotch Eggs;278;15.9;null;0.4;18.3;3.9;1.6;0.9;
264492473;Ginsters 4 Pack Sausage Rolls;£1.00;£0.42/100g;Sausage Rolls, Cocktail Sausages & Scotch Eggs;1362kJ 817kJ - - - -;7.2;null;null;21.7;null;3.7;1.08;
283445697;Heinz Sauce Sausage Rolls 4 Pack;£1.00;£0.25/each;Sausage Rolls, Cocktail Sausages & Scotch Eggs;1237kJ 742kJ -;8.3;null;null;16.1;null;2.2;0.9;
272142974;Tesco Scotch Eggs 2 Pack 227G;£0.90;£0.26/100g;Sausage Rolls, Cocktail Sausages & Scotch Eggs;235;9.8;null;0.7;14.6;4.3;2.2;0.8;
253142899;Tesco Everyday Value 12 Mini Savoury Eggs 240;£0.83;£0.35/100g;Sausage Rolls, Cocktail Sausages & Scotch Eggs;266;8.8;null;0.8;13.8;3.6;1.9;0.9;
268895088;Tesco 18 Bitesize Mini Savoury Eggs 216G;£1.75;£0.81/100g;Sausage Rolls, Cocktail Sausages & Scotch Eggs;302;11.9;null;0.7;20.5;5.2;1.9;0.8;
254606808;Tesco Scotch Eggs 4 Pack 454G;£1.50;£0.33/100g;Sausage Rolls, Cocktail Sausages & Scotch Eggs;235;9.8;null;0.7;14.6;4.3;2.2;0.8;
268273749;Tesco Chicken Kiev Bites 216G;£1.75;£0.81/100g;Sausage Rolls, Cocktail Sausages & Scotch Eggs;252;8.4;null;1.2;15.9;3.9;1.3;1.0;
285323314;Tesco Bitesize Mini Toad In The Holes 9Pk 180G;£1.75;£0.97/100g;Sausage Rolls, Cocktail Sausages & Scotch Eggs;244;12.8;null;1.9;10.7;3.9;2.1;1.2;
285348826;Tesco Edv Cheese And Onion Rolls 8Pk;£1.00;£0.13/each;Vegetarian Rolls;256;6.5;null;2.2;13.6;7.2;2.2;0.7;
250063070;Mattessons Fridge Raiders Barbecue 60G;£1.29;£2.15/100g;Desserts & Snacks On The Go;134;12.3;null;null;7.5;null;null;0.7;
280831861;Mattessons Double Dippers Indian 90G;£1.59;£1.77/100g;Desserts & Snacks On The Go;null;16.5;null;null;6.5;null;0.9;null;
250039376;Mattessons Fridge Raiders Tikka Bites 60G;£1.29;£2.15/100g;Desserts & Snacks On The Go;137;11.9;null;null;9.1;null;null;0.9;
280832042;Mattessons Double Dippers Thai 90G;£1.59;£1.77/100g;Desserts & Snacks On The Go;null;15.3;null;null;1.6;null;0.9;null;
250088639;Mattessons Fridge Raiders Chicken Bites 60G;£1.29;£2.15/100g;Desserts & Snacks On The Go;125;12.4;null;null;6.8;null;null;0.9;
277184518;Tesco Jumbo Sausage Roll 150G;£0.65;£0.43/100g;Desserts & Snacks On The Go;341;8.2;null;1.4;23.1;10.1;3.4;1.0;
274678498;Mattesson's Fridge Raiders Limited Edition 60G;£1.29;£2.15/100g;Desserts & Snacks On The Go;null;null;null;null;null;null;0.4;null;
254273379;Peperami Original 25G;£0.70;£2.80/100g;Desserts & Snacks On The Go;2145kJ 536kJ 6%;24;null;null;44;null;null;3.9;
250039416;Mattessons Fridge Raiders Piri Piri 60G;£1.29;£2.15/100g;Desserts & Snacks On The Go;127;11.7;null;null;7.6;null;null;0.8;
257455563;Peperami Hot 25G;£0.70;£2.80/100g;Desserts & Snacks On The Go;2139kJ 535kJ 6%;23;null;null;44;null;null;4;
250039330;Mattessons Fridge Raiders Southern Fried Chicken 60G;£1.29;£2.15/100g;Desserts & Snacks On The Go;133;11.3;null;null;8.5;null;null;0.8;
282997269;Rustlers The Big One 211G;£2.40;£11.38/kg;Lunch On The Go;278;13.6;null;null;14.1;null;null;1.2;
255956866;Rustlers Chicken Sandwich 150G;£2.00;£13.34/kg;Lunch On The Go;245;13.3;null;null;11.6;null;null;1.5;
262956648;Zugo's Bacon And Cheese Panini 145G;£2.20;£15.18/kg;Lunch On The Go;null;15;null;null;15.2;null;null;2;
265229520;Tesco Chicken And Bacon Mayonnaise Sandwich;£1.50;£1.50/each;Lunch On The Go;248;17.0;null;2.5;11.4;2.7;3.1;1.3;
254279246;Tesco Bacon Lettuce Tomato On Malted Brown Bread Sandwich;£2.20;£2.20/each;Lunch On The Go;246;12.0;null;2.5;10.6;2.3;2.5;1.4;
282997603;Rustlers Barbecue Pork Rib Sandwich 157G;£2.00;£12.74/kg;Lunch On The Go;270;14.3;null;null;13;null;null;1.2;
258814454;Tesco Chicken Bacon And Lettuce Brown Bread Sandwich;£2.20;£2.20/each;Lunch On The Go;238;15.8;null;3.4;9.6;2.2;2.4;1.0;
278936671;Tesco Chicken Bacon Sweetcorn Sandwich;£2.00;£2.00/each;Lunch On The Go;null;null;null;null;null;null;null;null;
283195859;Tesco Sweet Chilli Noodle Pot;£1.60;£1.60/each;Lunch On The Go;119;2.8;null;9.0;0.3;0.1;1.1;0.3;
258859602;Speedy Snacks Beef Burger 220G;£2.20;£10.00/kg;Lunch On The Go;278;10.5;null;null;13.7;null;null;1.3;
276779738;Tesco Chicken And Sweetcorn Sandwich;£1.30;£1.30/each;Lunch On The Go;233;12.3;null;2.6;11.0;1.0;4.1;0.6;
285293924;Tesco Bacon Lettuce Tomato No Mayonnaise;£2.20;£2.20/each;Lunch On The Go;208;10.7;null;2.4;7.3;2.7;3.2;1.3;
253582556;Tesco Cheese And Onion Brown Bread Sandwich;null;null;Lunch On The Go;294;10.2;null;2.1;16.5;5.4;3.3;1.0;
255420968;Tesco Chicken And Bacon Sub;£2.00;£2.00/each;Lunch On The Go;258;13.5;null;2.2;10.4;1.3;2.4;0.7;
255956906;Rustlers Quarter Pounder Cheese 190G;£2.20;£11.58/kg;Lunch On The Go;293;13.4;null;null;16.3;null;null;1.3;
284657485;Tesco Barbecue Meatball Sub Roll;£2.30;£2.30/each;Lunch On The Go;284;11.8;null;5.0;11.4;3.0;2.0;1.2;
275281412;Speedy Snacks Chicken Burger 228G;£2.20;£9.65/kg;Lunch On The Go;246;11.4;null;null;8.2;null;null;1.5;
265229658;Tesco All Day Breakfast Sandwich;£2.00;£2.00/each;Lunch On The Go;239;11.3;null;2.2;9.5;2.4;2.5;1.1;
282882687;Tesco American Barbecue Beef Mustard And Slaw Sandwich;£2.20;£2.20/each;Lunch On The Go;233;11.5;null;5.1;8.6;2.7;2.0;0.9;
282997321;Rustlers The Deluxe With Bacon /Cheese 191G;£1.00;£5.24/kg;Lunch On The Go;263;14.1;null;null;13.7;null;null;1.4;
265413941;Biogreen Mango Lassi 500Ml;£1.60;£0.32/100ml;Asian Food;77;2.7;13.6;null;null;null;null;null;
273593455;Biological Green Lychee Lassi 500Ml;£1.60;£0.32/100ml;Asian Food;83;2.2;15.6;null;null;null;null;null;
254909625;Shagun Diced Paneer 500G;£3.75;£7.50/kg;Asian Food;null;null;null;null;null;null;null;null;
267753045;Royal Gulabjam 500G;£3.00;£0.60/100g;Asian Food;null;null;null;null;null;null;null;null;
267752835;Royal Rassomalai 500G;£3.50;£0.70/100g;Asian Food;null;null;null;null;null;null;null;null;
263946198;Tesco Ung Choi 175G;£1.39;£7.95/kg;Asian Food;null;null;null;null;null;null;null;null;
286059176;Pizza Mia Halal Meat Feast Pizza 395G;£2.20;£0.56/100g;Asian Food;254 ;11.8 ;29.9 ;2.9 ;9.1 ;3.9 ;2.5 ;1.20 ;
254908718;Shagun Paneer;£1.80;£7.50/kg;Asian Food;null;null;null;null;null;null;null;null;
279867727;Lancashire Farm Natural Biological Yoghurt 500G;£0.95;£0.19/100g;Asian Food;80 ;5.2 ;null;3.7 ;3.5 ;2.0 ;<0.5 ;null;
268548356;Royal Gajar Halwa 250G;£3.00;£1.20/100g;Asian Food;null;null;null;null;null;null;null;null;
268592792;Cypressa Feta Cheese 200G;£2.20;£11.00/kg;Asian Food;281 Kcal;15.8;null;null;23.5;null;0.0;2.5;
267753166;Royal Rassogulla 500G;£3.00;£0.60/100g;Asian Food;null;null;null;null;null;null;null;null;
265440044;Cypressa Halloumi Cheese 250G;£2.20;£8.80/kg;Asian Food;313 ;20 ;null;null;25 ;null;null;null;
281381884;Lancashire Farm Biological Whole Milk Yoghurt 1Kg;£1.35;£1.35/kg;Asian Food;80 ;5.2;null;3.7 ;3.5 ;2.0 ;<0.5 ;null;
281381417;Lancashire Farm Biological Vlf Yoghurt 1Kg;£1.35;£0.14/100g;Asian Food;48 ;4.0 ;null;null;0.4 ;null;0.6 ;null;
268589186;Puck Cheese Spread Alternative 240G;£1.50;£6.25/kg;Asian Food;324;8.8;null;null;31;null;null;2.6;
275435502;Island Delight Curried Lamb Flaky Pastry140g;£0.50;£0.36/100g;Jamaican Food;1440kj/345kCal;6.2;31.5;null;21.6;null;1.1;null;
275435583;Island Delight Jerk Chicken Pattie 140G;£0.50;£0.36/100g;Jamaican Food;1392kj/333kCal;8;34.5;null;18.1;null;0.5;null;
260709536;Port Royal Chicken Jamaican Patty 140G;£0.60;£0.43/100g;Jamaican Food;247 ;6.9;null;null;11.6;null;1.3;1.0;
260709526;Port Royal Beef Jamaican Patty 140G;£0.60;£0.43/100g;Jamaican Food;250 ;6.1;null;null;12.4;null;1.3;1.0;
260709225;Port Royal Lamb Jamaican Patty 140G;£0.60;£0.43/100g;Jamaican Food;259 ;6.7;null;null;13.1;null;1.3;1.0;
260709496;Port Royal Salt Fish Jamaican Patty 140G;£0.60;£0.43/100g;Jamaican Food;256 ;6.6;null;null;12.4;null;1.7;0.5;
280071475;Island Delight Vegetable Pattie 140G;£0.50;£0.36/100g;Jamaican Food;294;4.9;null;null;17.1;null;3.4;null;
266671984;Lisner Matjas 220G;£1.50;£0.68/100g;Polish Foods;null;null;null;null;null;null;null;null;
268592688;Lisner Rollmopsy 400G;£2.30;£0.58/100g;Polish Foods;140 ;10.5 ;1.7 ;null;10.0 ;null;null;null;
266069966;Henryk Kania Torunska Sausage 440G;£2.50;£0.57/100g;Polish Foods;1045.5kJ;13;null;null;20.5;null;0.5;null;
264102441;Henryk Kania Old Polish Ham 120G;£1.00;£0.83/100g;Polish Foods;674kJ;17.5 ;null;null;8.2 ;null;1.4 ;null;
273423104;Lisner Herring In Creamy Sauce 280G;£1.50;£0.54/100g;Polish Foods;318 ;6.1 ;null;null;29.6 ;null;null;null;
278235624;Fruktus Sauerkraut 550G;£0.79;£0.14/100g;Polish Foods;null;null;1.0;null;0.2;null;null;null;
264102435;Henryk Kania Krakowska Sausage 320G;£2.50;£0.78/100g;Polish Foods;1077kJ;18.9 ;null;null;18 ;null;0.9 ;null;
264773538;Henryk Kania Mini Tyrolska 400G;£1.50;£0.38/100g;Polish Foods;1009 kJ;11.3 ;null;null;20.1 ;null;1.1 ;null;
264698011;U Jedrusia Meat Croquettes 400G;£1.60;£4.00/kg;Polish Foods;null;10,3 ;25,1 ;null;12,3 ;null;1,9 ;1,30 ;
273592773;Lisner Traditional Vegetable Salad 250G;£1.19;£4.76/kg;Polish Foods;236 ;1,7 ;null;null;20,4 ;null;null;1,2 ;
264102124;Henryk Kania Hunters Sausage 280G;£2.00;£0.71/100g;Polish Foods;618kJ;16.5 ;null;null;6.9 ;null;0.7 ;null;
264057839;Sauerkraut And Mushroom Dumplings 400G;£1.45;£3.63/kg;Polish Foods;null;4,6 ;null;null;2,8 ;null;3,4 ;1,2 ;
264698132;U Jedrusia Sauerkraut And Mush Croq 400G;£1.60;£4.00/kg;Polish Foods;null;4.1 ;21.9 ;null;5.6 ;null;2.8 ;1.40 ;
264102153;Henryk Kania Kabanossi 170G;£1.85;£1.09/100g;Polish Foods;1562kJ;28.8 ;null;null;26.5 ;null;1.7 ;null;
268613056;Krakus Prezkaska Kabanossi Smoked Pork Snack 180G;£2.25;£1.25/100g;Polish Foods;497 ;30 ;2 ;null;41 ;null;null;2.5 ;
264057806;U Jedrusia Meat Stuffed Dumplings 400G;£1.45;£3.63/kg;Polish Foods;null;9,4 ;null;null;7,6 ;null;1,9 ;1,20 ;
281342453;Lisner Herring Rolls 200G;£1.59;£0.80/100g;Polish Foods;null;null;null;null;null;null;null;null;
275908957;Fruktus Ogorki Kwaszone 700G;£1.29;£0.18/100g;Polish Foods;null;null;1.4;null;0.1;null;null;null;
264056368;U Jedrusia Dumpling Potato Cottage Chs 400G;£1.45;£3.63/kg;Polish Foods;null;5,9 ;null;null;4,1 ;null;1,7 ;1,2 ;
285971479;Contimax Smoked Mackerel;£3.50;£6.99/kg;Polish Foods;null;null;null;null;null;null;null;null;
262524077;Yarden Houmous Reduced Calories 250G;£1.80;£0.72/100g;Kosher Meat & Dairy;null;null;null;null;null;null;null;null;
268312318;Blooms Salami Chub 227G;£2.40;£1.06/100g;Kosher Meat & Dairy;null;null;null;null;null;null;null;null;
268312376;Gilberts Viennas 360G;£4.00;£11.12/kg;Kosher Meat & Dairy;944 kJ;13.7 ;2.1 ;null;19.3 ;null;null;null;
268312382;Hoffmans Extra Strong Chrayne 200G;£1.99;£1.00/100g;Kosher Meat & Dairy;null;null;null;null;null;null;null;null;
269003297;Robert Chicken Sausage 300G;£1.95;£0.65/100g;Halal Meat & Dairy;191 ;16 ;null;null;null;null;null;null;
273601015;Sibel Sliced Turkey Breast 150G;£1.70;£1.14/100g;Halal Meat & Dairy;null;null;null;null;null;null;null;null;
268606772;New Tahira Sliced Turkey Pizza Salami125g;£1.00;£0.80/100g;Halal Meat & Dairy;null;null;null;null;null;null;null;null;
265393928;Thamina Mini Smoked Chicken Sausages 400G;£2.00;£0.50/100g;Halal Meat & Dairy;267 ;13,0 ;null;null;23,0 ;null;null;2,1 ;
265393894;Thamina Smoked Chicken Sausages 400G;£2.00;£0.50/100g;Halal Meat & Dairy;276 ;13,0 ;4,0 ;null;23,0 ;null;null;2,1 ;
254851824;Tahira Sliced Turkey Salami 200G;£1.40;£0.70/100g;Halal Meat & Dairy;null;null;null;null;null;null;null;null;
275248482;New Tahira Chicken Frankfurters Hot And Spicy 330G;£1.00;£0.30/100g;Halal Meat & Dairy;null;null;null;null;null;null;null;null;
265496526;Tahira Chicken Sausages With Olives 500G;£1.40;£0.28/100g;Halal Meat & Dairy;984 KJ;11 ;null;null;20 ;null;null;null;
273600828;Sibel Sliced Chicken Breast 150G;£1.70;£1.14/100g;Halal Meat & Dairy;null;null;null;null;null;null;null;null;
265496588;Tahira Beef Hot And Spicy Sausages 500G;£1.40;£0.28/100g;Halal Meat & Dairy;984 kJ;11 ;null;null;20 ;null;null;null;
286817253;Najma Sliced Smoked Turkey Rashers 150G;£1.99;£1.33/100g;Halal Meat & Dairy;null;null;null;null;null;null;null;null;
286059176;Pizza Mia Halal Meat Feast Pizza 395G;£2.20;£0.56/100g;Halal Meat & Dairy;254 ;11.8 ;29.9 ;2.9 ;9.1 ;3.9 ;2.5 ;1.20 ;
259529448;Counter Scottish Beef Tts Joint 1Kg;£12.00;£12.00/kg;Counter - Butchers;null;null;null;null;null;null;null;null;
260849813;Counter Tesco Finest British Beef Stewing;£15.00;£7.50/kg;Counter - Butchers;null;null;null;0;3.0;1.4;null;0.2;
259644152;Counter Tesco Finest British Beef Carvery Rib Joint;£100.00;£20.00/kg;Counter - Butchers;null;null;null;0;19.8;7.5;null;0.1;
256898915;Counter Tesco British Beef Bone In Rib Joint;£18.00;£18.00/kg;Counter - Butchers;null;null;null;null;null;null;null;null;
253281146;Counter Tesco British Roasting Joint;£18.00;£12.00/kg;Counter - Butchers;null;null;null;null;null;null;null;null;
253281405;Counter Tesco British Beef Rump;£9.60;£16.00/kg;Counter - Butchers;null;null;null;null;null;null;null;null;
253281244;Counter Tesco British Beef Fillet;£15.00;£30.00/kg;Counter - Butchers;155;20.9;null;0;7.9;3.8;0;0.1;
252641834;Counter Tesco British Pork Belly;£4.00;£4.00/kg;Counter - Butchers;300;15.8;null;0;26.3;14.4;0;0.3;
267743201;Counter Tesco British Pork Boneless Shoulder;£6.00;£6.00/kg;Counter - Butchers;224;17.8;null;0.1;16.8;6.0;0.5;0.2;
264946277;Counter Tesco British Pork Boneless Leg;£8.00;£8.00/kg;Counter - Butchers;201;20.0;null;0;13.4;5.3;0;0.3;
253281578;Counter Tesco British Beef Casserole Steak;£5.00;£10.00/kg;Counter - Butchers;null;null;null;0;4.4;2.0;null;0.3;
263571842;Counter Tesco British Beef Fillet Pieces;£3.30;£22.00/kg;Counter - Butchers;null;null;null;0;7.9;3.8;null;trace;
284905814;Tesco Finest Scotch Beef Steak Mince 12% Fat;£10.00;£10.00/kg;Counter - Butchers;185;19.6;null;0;11.8;5.2;0;0.4;
284885842;Scotch Beef Steak Mince 15% Fat;£8.00;£8.00/kg;Counter - Butchers;null;null;null;null;null;null;null;null;
277719158;Counter Tesco British Beef Burgers 4Oz;£0.60;£0.60/each;Counter - Butchers;null;null;null;null;null;null;null;null;
267583643;Counter Tesco British Beef Skirt;£16.00;£8.00/kg;Counter - Butchers;135;20.1;null;0;6.1;2.9;0;0.2;
252904432;Counter Tesco British Beef Ribeye;£12.60;£21.00/kg;Counter - Butchers;null;null;null;null;null;null;null;null;
277720034;Counter Tesco Scotch Beef Burger 170G 6Oz;£1.00;£1.00/each;Counter - Butchers;null;null;null;null;null;null;null;null;
253281181;Counter Tesco British Beef Brisket Joint;£7.00;£7.00/kg;Counter - Butchers;null;null;null;null;null;null;null;null;
253281428;Counter Tesco British Beef Sirloin;£3.33;£13.33/kg;Counter - Butchers;null;null;null;null;null;null;null;null;
262184357;Counter Cave Aged Cheddar;£5.50;£11.00/kg;Counter - Cheese;416;25.4;null;0.1;34.9;21.7;0;1.8;
251122016;Counter Seriously Strong Cheddar White;£5.50;£11.00/kg;Counter - Cheese;410;25.0;null;0.1;34.4;21.7;0;null;
251985503;Counter Tesco Canadian Vintage Cheddar;£6.25;£12.50/kg;Counter - Cheese;416;25.4;null;0.1;34.9;21.7;0;1.8;
268532046;Counter Tesco Mature British Cheddar;£4.25;£8.50/kg;Counter - Cheese;416;25.4;null;0.1;34.9;21.7;0;1.8;
277570666;Counter Tesco Medium British Cheddar;£3.50;£7.00/kg;Counter - Cheese;416;25.4;null;0.1;34.9;21.7;0;1.8;
254278633;Counter President French Brie;£4.00;£8.00/kg;Counter - Cheese;360;17.0;null;1.0;32.0;null;null;null;
268806076;Counter Davidstow Cornish Classic Mature Cheddar;£5.50;£11.00/kg;Counter - Cheese;null;null;null;null;null;null;null;null;
261075056;Counter Dolcelatte;£6.00;£12.00/kg;Counter - Cheese;null;null;null;null;null;null;null;null;
250282674;Counter Ilchester Applewood Smoked Flavour Cheddar;£4.75;£9.50/each;Counter - Cheese;411;24.9;null;0.1;34.5;21.6;null;1.7;
254278679;Counter Castello Danish Blue Cheese;£4.00;£10.00/kg;Counter - Cheese;345;20.2;null;0.7;28.6;18.2;0;null;
265043762;Counter Goats Cheese Log;£5.80;£11.60/kg;Counter - Cheese;null;null;null;null;null;null;null;null;
259415677;Counter Somerset Brie;£3.20;£8.00/kg;Counter - Cheese;291;18.3;null;0.4;24.0;14.6;0;1.3;
277587819;Counter Tesco Mild White Cheddar;£6.50;£6.50/kg;Counter - Cheese;416;25.4;null;0.1;34.9;21.7;0;1.8;
262204174;Counter Frico Gouda Wheel;£3.60;£6.00/kg;Counter - Cheese;373;23.6;null;0;30.9;21.1;0;1.9;
257057395;Counter Jarlsberg;£6.60;£11.00/kg;Counter - Cheese;null;null;null;null;null;null;null;null;
257123524;Counter Pilgrims Choice Mature Cheddar;£2.75;£5.50/kg;Counter - Cheese;410;25.0;null;0.1;34.4;22.7;0;null;
250778134;Counter St Agur;£6.00;£15.00/kg;Counter - Cheese;null;null;null;null;null;null;null;null;
256198338;Counter Maryland Farmhouse Vintage Cheddar;£7.20;£12.00/kg;Counter - Cheese;421;22.9;null;1.4;34.5;23.6;<0.1;1.6;
259481787;Counter Grana Padano Portions;£7.50;£15.00/kg;Counter - Cheese;388;33.0;null;0;28.4;17.7;0;1.5;
262204963;Counter Frico Edam Ball;£4.26;£7.10/kg;Counter - Cheese;327;26.9;null;0;24.4;16.6;0;2.6;
287961511;Counter Honey Baked Ham;£12.50;£12.50/kg;Counter - Delicatessen Meats;null;null;null;null;null;null;null;null;
280375945;Counter British Smoked Cherrywood Ham;£6.95;£13.90/kg;Counter - Delicatessen Meats;137;20.3;null;0.4;6.0;2.1;0;1.6;
268902104;Red Pepper And Chorizo Spanish Tortilla 500G;£3.00;£0.60/100g;Counter - Delicatessen Meats;140;5.0;null;0.6;7.0;1.5;2.5;0.8;
282669445;From The Deli Wiltshire Ham 6 Slices;£4.46;£16.50/kg;Counter - Delicatessen Meats;160;23.0;null;0.3;7.2;2.6;0.3;1.8;
258074804;Counter Sliced Spanish Chorizo By Weight;£4.50;£9.00/kg;Counter - Delicatessen Meats;398;23.4;null;0.6;32.9;11.3;0.7;3.9;
254387924;Counter Honey Roast Ham;£6.95;£13.90/kg;Counter - Delicatessen Meats;117;20.8;null;1.4;3.0;1.0;0.4;1.4;
254577792;Counter Lean Country Ham;£7.25;£14.50/kg;Counter - Delicatessen Meats;124;26.7;null;0.2;1.7;0.6;0.5;1.6;
258066993;Counter German Black Pepper Salami;£5.00;£10.00/kg;Counter - Delicatessen Meats;335;23.8;null;1.0;26.0;10.7;0.7;4.0;
256334443;Counter Ham Cooked On The Bone;£6.50;£13.00/kg;Counter - Delicatessen Meats;116;20.2;null;1.5;3.0;1.1;0.5;2.8;
258954564;Tesco Finest Counter Roast Ham On The Bone;£9.75;£19.50/kg;Counter - Delicatessen Meats;145;22.4;null;0.4;6.0;2.2;0;1.9;
256858186;Counter Cooked Ham;£4.50;£9.00/kg;Counter - Delicatessen Meats;110;18.0;null;0.8;3.8;1.5;0;1.7;
284350847;Counter Yorkshire Cured Ham;£5.00;£10.00/kg;Counter - Delicatessen Meats;114;21.0;null;0.1;3.2;1.1;0.5;2.5;
268517468;Counter Oven Baked Ham;£7.00;£14.00/kg;Counter - Delicatessen Meats;140;23.7;null;null;4.6;1.6;null;1.9;
258066964;Counter German Salami;£4.25;£8.50/kg;Counter - Delicatessen Meats;310;20.0;null;1.0;25.0;10.3;0.3;3.8;
252743823;Counter Saveloys;£0.40;£0.40/each;Counter - Delicatessen Meats;283;9.5;null;0.4;23.0;8.5;2.3;1.9;
258067053;Counter Italian Milano Salami;£6.00;£12.00/kg;Counter - Delicatessen Meats;394;25.4;null;0.5;32.3;11.4;0;4.0;
254275826;Counter Italian Parma Ham;£8.75;£17.50/kg;Counter - Delicatessen Meats;257;30.0;null;0.5;15.0;5.2;0;4.9;
256004984;Counter Sliced Liver Sausage;£2.95;£5.90/kg;Counter - Delicatessen Meats;null;11.8;null;2.7;12.4;4.6;0.5;1.5;
256334408;Tesco Finest Counter Wiltshire Cured Crumbed Ham;£9.50;£19.00/kg;Counter - Delicatessen Meats;160;23.0;null;0.3;7.2;2.6;0.3;1.8;
254276606;Counter Extra Strong Garlic Sausage;£2.25;£4.50/kg;Counter - Delicatessen Meats;268;14.8;null;0.6;22.5;9.0;0.5;1.7;
282723364;Counter Tesco Cheese And Tomato Mini Quiche 170G;£1.50;£1.50/each;Counter - Delicatessen Pies, Savouries;270;8.7;null;1.8;17.3;8.1;2.1;0.4;
266944011;Counter Tesco Pork And Chicken Pie By Weight;£10.00;£10.00/kg;Counter - Delicatessen Pies, Savouries;361;11.2;null;1.9;25.9;9.5;1.1;1.0;
282723168;Tesco Counter Hickory Smoked Scotch Egg;£0.75;£0.75/each;Counter - Delicatessen Pies, Savouries;270;13.8;null;5.0;15.5;4.3;1.0;1.0;
267052379;Counter Tesco Chicken Tikka Bite;£0.40;£0.40/each;Counter - Delicatessen Pies, Savouries;222;17.4;null;0.7;10.2;1.9;2.3;1.1;
267052391;Counter Tesco Mini Vegetable Samosa Pick And Mix;null;null;Counter - Delicatessen Pies, Savouries;284;4.7;null;3.3;16.4;1.8;3.9;1.1;
282669998;Counter Tesco Pork Pickle And Cheese Mini Pie 50G;£0.40;£0.40/each;Counter - Delicatessen Pies, Savouries;392;9.4;null;3.9;25.2;9.4;1.5;1.1;
254279488;Counter Tesco Chicken Satay Sticks;£0.45;£0.45/each;Counter - Delicatessen Pies, Savouries;179;21.4;null;3.0;7.3;2.0;0.5;1.5;
254259506;Counter Atlantica Spanish Potato And Onion Omelette;£2.50;£0.50/100g;Counter - Delicatessen Pies, Savouries;null;4.0;null;null;6.0;null;2.5;1.1;
266943346;Tesco Counter Gala Pork Pie With Egg;£7.00;£7.00/kg;Counter - Delicatessen Pies, Savouries;336;11.7;null;1.6;22.7;8.6;1.9;0.9;
267031099;Counter Tesco Chicken Tikka Samosa;£0.90;£0.90/each;Counter - Delicatessen Pies, Savouries;263;7.7;null;3.2;12.8;2.3;2.7;0.9;
255792258;Counter Tesco Mini Melton Pork Pie Pick And Mix;£0.40;£0.40/each;Counter - Delicatessen Pies, Savouries;391;10.6;null;1.8;27.0;10.6;1.4;1.0;
260274438;Tesco Counter Free Range Scotch Egg;£0.50;£0.50/each;Counter - Delicatessen Pies, Savouries;259;11.2;null;1.1;15.7;4.7;1.8;1.0;
259109723;Counter Tesco Mini Onion Bhaji Pick And Mix;£0.40;£0.40/each;Counter - Delicatessen Pies, Savouries;230;6.1;null;2.2;9.6;0.7;4.8;0.9;
267558789;Counter Pork And Sweet Chilli Sausage Roll;£1.50;£1.50/each;Counter - Delicatessen Pies, Savouries;288;9.9;null;3.7;17.6;9.8;1.2;1.0;
282723442;Counter Tesco Large Feta, Spinach And Pepper Quiche 1 Slice;£0.90;£0.90/each;Counter - Delicatessen Pies, Savouries;264;8.9;null;1.3;17.4;8.0;2.4;0.6;
252195307;Counter Walkers Fluted Pork Pie;£2.75;£2.75/each;Counter - Delicatessen Pies, Savouries;352;11.4;null;1.6;24.7;9.3;2.2;1.0;
267037225;Counter Tesco Vegetable Samosa;£0.75;£0.75/each;Counter - Delicatessen Pies, Savouries;259;4.9;null;4.4;13.9;1.2;3.4;0.6;
282722912;Tesco Counter Beef And Vegetable Pasty 150G;£1.00;£1.00/each;Counter - Delicatessen Pies, Savouries;311;6.9;null;2.1;19.2;8.2;2.0;0.5;
282723266;Counter Tesco Mini Savoury Eggs;£0.40;£0.40/each;Counter - Delicatessen Pies, Savouries;285;9.4;null;1.0;19.4;4.6;1.2;1.1;
267558311;Counter Handmade Traditional Pork Sausage Roll;£1.50;£1.50/each;Counter - Delicatessen Pies, Savouries;274;9.9;null;2.0;17.9;10.0;1.8;0.9;
259687636;Counter Coley Fillet;£8.00;£8.00/kg;Counter - Fishmonger;85;18.3;null;0;0.9;0.4;0;null;
254293810;Counter Haddock Fillet;£3.30;£5.50/kg;Counter - Fishmonger;75;17.0;null;0;0.5;0.2;0;null;
254294607;Counter Cooked Jellied Eels;£5.40;£9.00/kg;Counter - Fishmonger;167;10.1;null;<0.1 (less than 1% of NRV;13.9;null;0.5;null;
268409723;Counter Dyed Smoked Haddock Loin;£14.40;£18.00/kg;Counter - Fishmonger;80;18.3;null;-;0.8;0.2;-;1.5;
275398844;Counter Cold Smoked Mackerel Fillets;£4.00;£8.00/kg;Counter - Fishmonger;302;16.3;null;0;25.5;6.9;null;1.8;
250999834;Counter Undyed Smoked Haddock Fillet;£7.20;£12.00/kg;Counter - Fishmonger;80;18.3;null;0;0.8;0.2;0;1.5;
254294348;Counter Raw Herring Milts;£4.00;£4.00/kg;Counter - Fishmonger;78;18.2;null;0.5;0.4;0.2;0;0.2;
258962289;Counter Raw King Scallop Meat Roe On;£10.00;£20.00/kg;Counter - Fishmonger;114;22.2;null;NaN.0;1.3;null;null;0.5;
255794596;Counter Whole Cornish Sardine;£1.50;£3.00/kg;Counter - Fishmonger;null;null;null;0;9.2;2.7;null;0.3;
266480328;Counter Live Oysters;null;null;Counter - Fishmonger;33;4.5;null;1.1;0.9;0.3;0.5;1.3;
254293954;Counter Whole Mackerel;£3.00;£5.00/kg;Counter - Fishmonger;335;15.0;null;0;29.5;5.6;0;null;
254293735;Counter Whole Plaice;£5.60;£8.00/kg;Counter - Fishmonger;79;16.7;null;0;1.4;null;-;0.3;
255125047;Counter Whole Rainbow Trout;£3.25;£6.50/kg;Counter - Fishmonger;141;23.1;null;0;5.4;0.9;0;null;
275339674;Counter Cooked Crevettes;£16.00;£16.00/kg;Counter - Fishmonger;null;null;null;null;null;null;null;null;
258386487;Counter Cooked And Peeled King Prawns;£16.00;£16.00/kg;Counter - Fishmonger;80;17.0;null;0.3;0.9;0.3;0;null;
262919342;Counter Cooked Dressed Crab 200G;£5.00;£25.00/kg;Counter - Fishmonger;142;16.8;null;0.4;6.7;1.3;0.2;0.9;
265956972;Counter Cooked Whole Orkney Crab;£5.00;£8.34/kg;Counter - Fishmonger;88;20.2;null;0.1;0.7;0.2;0.3;0.4;
265578699;Counter Dyed Smoked River Cobbler;£1.80;£9.00/kg;Counter - Fishmonger;90;17.5;null;0;2.2;1.0;0;1.5;
252510575;Counter Whole Herring;£1.50;£5.00/kg;Counter - Fishmonger;260;17.2;null;0;20.9;5.2;0;null;
253309824;Counter Scottish Dyed Smoked Whole Kipper;£4.00;£5.00/kg;Counter - Fishmonger;270;17.1;null;0;21.8;5.9;0;1.4;
267378420;Tesco Finest Fresh Still Lemonade 1 Litre;£2.49;£0.25/100ml;Chilled Fruit Juice & Smoothies;54;0.2;null;11.6;0.3;0.2;0.6;0.1;
263450450;Tesco Apple And Mango Juice Not From Concentrate 1.75L;£2.00;£0.11/100ml;Chilled Fruit Juice & Smoothies;48;0.4;null;10.7;0;0;0.9;0.1;
268219251;Innocent Apple Juice 900Ml;£2.39;£0.27/100ml;Chilled Fruit Juice & Smoothies;null;null;null;null;null;null;null;null;
276956270;Tesco Pressed Apple Juice Not From Concentrate 1 Litre;£1.40;£0.14/100ml;Chilled Fruit Juice & Smoothies;49;<0.1;null;9.9;<0.1;<0.1;<0.1;<0.01;
276956523;Tesco Apple Mango Passion Fruit And Peach Juice Not From Concentrate 1L;£1.40;£0.14/100ml;Chilled Fruit Juice & Smoothies;40;0.3;null;9.2;0.1;0;0.7;0;
265179313;Tesco Edv Apple Juice 1 Litre;£0.65;£0.07/100ml;Chilled Fruit Juice & Smoothies;48;0.1;null;11.4;0.1;null;<0.1;<0.01;
276956454;Tesco Apple And Mango Juice Not From Concentrate 1 Litre;£1.40;£0.14/100ml;Chilled Fruit Juice & Smoothies;40;0.3;null;9.7;<0.1;<0.1;<0.1;0.1;
273310561;Innocent Apple And Mango Juice 900Ml;£2.39;£0.27/100ml;Chilled Fruit Juice & Smoothies;null;null;null;null;null;null;null;null;
277199150;Tesco Orange 3 Of Your 5 A Day Juice 1L;£2.49;£0.25/100ml;Chilled Fruit Juice & Smoothies;50;0.5;null;11.3;0.1;0;1.1;<0.01;
272489114;Innocent Apple Juice 1.35Litre;£2.99;£0.22/100ml;Chilled Fruit Juice & Smoothies;null;null;null;null;null;null;null;null;
263449907;Tesco Apple Juice Not From Concentrate 1.75L;£2.00;£0.11/100ml;Chilled Fruit Juice & Smoothies;49;0.3;null;11.2;0;0;0.5;0.1;
266975291;Tropicana Apple Juice 1L;£2.48;£0.25/100ml;Chilled Fruit Juice & Smoothies;219kJ 438kJ;0.1;null;null;0;null;0.6;0;
277805614;Innocent Kids Apple Juice Not From Concentrate 4 X 180Ml;£2.79;£0.39/100ml;Chilled Fruit Juice & Smoothies;null;null;null;null;null;null;null;null;
265180489;Tesco Pure Apple Juice 2 Litre;£1.78;£0.09/100ml;Chilled Fruit Juice & Smoothies;47;<0.1;null;9.6;<0.1;<0.1;<0.1;0.1;
272488207;Innocent Apple And Raspberry Juice 900Ml;£2.39;£0.27/100ml;Chilled Fruit Juice & Smoothies;null;null;null;null;null;null;null;null;
276683413;Innocent Apple And Berry Juice 900Ml;£2.39;£0.27/100ml;Chilled Fruit Juice & Smoothies;null;null;null;null;null;null;null;null;
276683488;Innocent Apple And Mango Juice 1.35 Litre;£2.99;£0.22/100ml;Chilled Fruit Juice & Smoothies;null;null;null;null;null;null;null;null;
260547341;Tesco Apple Juice 1 Litre;£1.00;£0.10/100ml;Chilled Fruit Juice & Smoothies;47;0.1;null;11.1;<0.1;<0.1;<0.1;<0.01;
276683782;Innocent Apple And Raspberry Juice 1.35 Litre;£2.99;£0.22/100ml;Chilled Fruit Juice & Smoothies;null;null;null;null;null;null;null;null;
277198842;Tesco Yellow 3 Of Your 5 A Day Juice 1L;£2.49;£0.25/100ml;Chilled Fruit Juice & Smoothies;44;0.4;null;10.0;0.1;0;0.9;<0.01;
279737323;Bonne Maman Milk Chocolate And Caramel Tartelette 135G;£1.50;£1.12/100g;Chanteroy;2053 kJ 308 kJ;6 ;null;null;23 ;null;null;0.6 ;
279737254;Bonne Maman Lemon Tartelette 125G;£1.50;£1.20/100g;Chanteroy;1844 kJ 256 kJ;5 ;null;null;17 ;null;null;0.30 ;
250802567;Tesco Free Range Eggs Large Box Of 6;£1.30;£0.22/each;Mother's Day Breakfast;null;null;null;null;null;null;null;null;
280046454;Tesco Baby Button Mushrooms 200G;£1.00;£5.00/kg;Mother's Day Breakfast;16;1.8;null;0.2;0.5;0.1;1.1;0.1;
273847951;Jus-Rol Bake It Fresh White Rolls 330G;£1.00;£0.30/100g;Mother's Day Breakfast;1031kJ 567kJ -;9.5;null;null;2.7;null;1.9;1.99;
258019094;Tesco Finest Smoked Salmon 100G;£4.80;£4.80/100g;Mother's Day Breakfast;180;22.1;null;0.2;9.9;2.6;0;null;
267687286;Jus Rol Bake It Fresh Croissant 250G;£1.00;£0.40/100g;Mother's Day Breakfast;1374kJ 577kJ -;7.8;null;null;16.1;null;1.5;2.22;
279505857;Hovis Best Of Both Medium White Bread 750G;£0.78;£0.10/100g;Mother's Day Breakfast;233 ;10.2;null;null;2.2;null;5.2;0.86;
280002982;Tesco Finest British Traditional Pork Sausages 400G;£3.00;£7.50/kg;Mother's Day Breakfast;230;16.6;null;0.5;17.8;6.6;0.5;1.0;
256174499;Hovis Soft White Medium Bread 800G > >;£0.78;£0.10/100g;Mother's Day Breakfast;233;8.7;null;null;1.7;null;2.4;0.90;
255000362;Hovis Wholemeal Medium Bread 800G;£0.78;£0.10/100g;Mother's Day Breakfast;221;10.0;null;null;1.8;null;6.8;0.90;
250802613;Tesco Free Range Eggs Medium Box Of 6;£1.00;£0.17/each;Mother's Day Breakfast;null;null;null;null;null;null;null;null;
250926075;Tesco Smoked Salmon Slices 100G;£3.50;£3.50/100g;Mother's Day Breakfast;179;22.9;null;0.1;9.7;1.7;0;3.5;
285026044;Tesco Tomatoes On The Vine 380G;£1.00;£2.64/kg;Mother's Day Breakfast;null;null;null;null;null;null;null;null;
263518014;Hovis Wholemeal Thick Bread 800G;£0.78;£0.10/100g;Mother's Day Breakfast;221 ;10.0;null;null;1.8;null;6.8;0.90;
280011075;Tesco Finest British 6 Lincolnshire Sausages 400G;£3.00;£7.50/kg;Mother's Day Breakfast;270;15.0;null;1.3;22.3;8.2;0.9;1.1;
259703198;Tesco Finest Smoked Wiltshire Cure Back Bacon 240G;£3.00;£12.50/kg;Mother's Day Breakfast;160;17.4;null;0;10.0;3.3;0;2.8;
275174361;Tesco Finest Smoked Dry Cure Back Bacon 8 Rashers 240G;£3.00;£12.50/kg;Mother's Day Breakfast;260;29.5;null;0.1;15.5;4.8;1.1;4.8;
273796618;Tesco Chestnut Mushrooms 250G;£1.00;£4.00/kg;Mother's Day Breakfast;16;1.8;null;0.2;0.5;0.1;1.1;0.1;
287040680;Tesco Mothers Day Crumpet 6 Pack;£1.00;£0.17/each;Mother's Day Breakfast;null;null;null;null;null;null;null;null;
279993208;Tesco Finest Outdr Bred 6 British Pork Cumberland Sausages 400G;£3.00;£7.50/kg;Mother's Day Breakfast;291;14.4;null;1.7;24.7;9.4;1.3;1.0;
256727658;Tesco Fresh Custard 500G;£1.20;£0.24/100g;Mother's Day Lunch;113;2.3;null;10.6;4.0;2.5;0;0.1;
265077134;Tesco Finest Large Beef Roasting Joint;£20.78;£8.66/kg;Mother's Day Lunch;null;null;null;null;null;null;null;null;
274872826;Tesco Finest Carmelised Onion Gravy 500G;£2.00;£0.40/100g;Mother's Day Lunch;74;1.7;null;3.9;3.7;1.5;0.5;0.5;
279336901;Tesco Fine Beans 220G;£1.40;£6.37/kg;Mother's Day Lunch;29;1.9;null;2.3;0.5;0.1;2.2;<0.01;
253560588;Tesco Carrots 1Kg;£0.60;£0.60/kg;Mother's Day Lunch;null;null;null;null;null;null;null;null;
268875020;Tesco Finest Imperator Carrots 450G;£1.00;£2.23/kg;Mother's Day Lunch;42;0.6;null;7.4;0.3;0.1;2.4;0.1;
285611411;Raymond Blanc Red Wine Gravy 500G;£2.99;£0.60/100g;Mother's Day Lunch;null;3.3;null;null;0.9;null;0.3;0.5;
284850371;Tesco Finest Wild Sage And Buttered Onion Stuffing 225G;£2.49;£1.11/100g;Mother's Day Lunch;303;5.0;null;2.5;18.6;7.4;3.2;1.5;
268857762;Tesco Finest Fresh Lamb Gravy 500G;£2.00;£0.40/100g;Mother's Day Lunch;59;1.5;null;3.6;2.2;0.7;0.1;1.2;
254269241;Tesco Finest Medium Beef Roasting Joint;£10.39;£8.66/kg;Mother's Day Lunch;null;null;null;null;null;null;null;null;
255838396;Tesco Savoy Cabbage Each;£0.80;£0.80/each;Mother's Day Lunch;null;null;null;null;null;null;null;null;
258232969;Tesco Pork Leg Crackling Joint;£5.00;£5.00/kg;Mother's Day Lunch;213;19.0;null;0;15.2;5.1;0;0.3;
286767046;Tesco Beef Joint With Basting Fat 700G;£6.00;£8.58/kg;Mother's Day Lunch;213;19.8;null;0;14.9;6.6;0;0.2;
259038518;Tesco Finest British Pork Leg Joint;£14.97;£4.99/kg;Mother's Day Lunch;201;20.0;null;0;13.4;5.3;0;0.3;
258261577;Tesco Pork Loin Joint;£21.58;£8.99/kg;Mother's Day Lunch;261;17.0;null;0;21.4;9.1;0;0.3;
258423784;Tesco Desiree Potatoes 2.5Kg;£1.00;£0.40/kg;Mother's Day Lunch;null;null;null;null;null;null;null;null;
282151147;Tesco Fine Beans And Tender Stem Broccoli 210G;£2.00;£9.53/kg;Mother's Day Lunch;32;2.5;null;2.2;0.4;0.1;2.6;0;
267056133;Tesco Finest Beef Gravy 500G;£2.00;£0.40/100g;Mother's Day Lunch;54;2.4;null;1.4;2.4;1.3;0.3;0.8;
253558119;Tesco Cauliflower Each;£1.00;£1.00/each;Mother's Day Lunch;null;null;null;null;null;null;null;null;
258724163;Tesco Finest Small Beef Roasting Joint;£7.79;£8.66/kg;Mother's Day Lunch;null;null;null;null;null;null;null;null;
268670210;Tesco Finest British Clotted Cream 227G;£1.85;£0.93/100g;Afternoon Tea;587;1.6;null;2.3;63.5;39.7;0;0.1;
251275791;Tesco 2 Fresh Cream And Strawberry Jam Scones 175G;£1.15;£0.66/100g;Afternoon Tea;352;5.4;null;16.5;17.0;8.6;1.3;1.0;
265322645;Tesco Finest All Butter Scones 4 Pack;£1.60;£0.40/each;Afternoon Tea;369;7.5;null;12.6;15.0;9.6;1.8;1.5;
264490193;Tesco 2 Fresh Cream And Strawberry Jam Doughnuts 2X74g;£1.15;£0.38/each;Afternoon Tea;329;5.4;null;14.5;16.5;7.3;1.0;0.6;
251945131;Tesco 6 Sultana Scones;£1.00;£0.17/each;Afternoon Tea;351;7.7;null;24.5;10.7;6.6;1.7;0.9;
253846591;Tesco Finest Sultana Scones 4 Pack;£1.60;£0.40/each;Afternoon Tea;359;6.7;null;20.9;12.7;8.0;2.3;1.3;
251945119;Tesco 6 All Butter Scones;£1.00;£0.17/each;Afternoon Tea;372;8.2;null;18.3;13.7;8.4;0.9;0.9;
252645749;Rodda's Clotted Cream 227G;£1.98;£0.87/100g;Afternoon Tea;null;null;null;null;null;null;null;null;
251158170;Tesco 2 Belgian Chocolate Choux Buns;£1.15;£0.58/each;Afternoon Tea;349;7.3;null;12.9;24.5;10.6;1.2;0.2;
250485624;Tesco 2 Iced Custard Slice 2X108g;£1.15;£0.58/each;Afternoon Tea;283;3.2;null;27.5;11.3;6.0;0.9;0.3;
277393023;Tesco Finest All Butter And Cherry Scones 4 Pack;£1.60;£0.40/each;Afternoon Tea;349;7.1;null;22.9;10.3;6.5;1.9;1.2;
268564019;All Butter Clotted Cream Fruit Scones 4 Pack;£1.00;£0.25/each;Afternoon Tea;310;6.5;null;24.0;8.9;5.7;2.9;0.9;
255999008;Tesco 2 Fresh Cream And Strawberry Jam Slices;£1.15;£0.58/each;Afternoon Tea;383;4.0;null;27.7;19.0;10.6;1.2;0.2;
254985769;Tesco 2 Fresh Cream Belgian Chocolate Eclairs;£1.15;£0.58/each;Afternoon Tea;382;7.3;null;17.2;25.3;10.8;1.0;0.2;
285529296;Tesco Finest Hot Cross Scones 4 Pack;£1.60;£0.40/each;Afternoon Tea;357;6.3;null;30.0;11.0;7.1;1.2;0.8;
267363266;Hovis Soft White Doorstep Bread 800G > >;£0.78;£0.10/100g;White Bread;233 ;8.7;null;null;1.7;null;2.4;0.90;
254550817;Hovis Soft White Thick Bread 800G > >;£0.78;£0.10/100g;White Bread;233 ;8.7;null;null;1.7;null;2.4;0.90;
259804983;Kingsmill Great Everyday Soft White Thick Bread 800G;£1.35;£0.17/100g;White Bread;238;9.0;null;null;2.0;null;2.7;1.00;
254942072;Tesco White Thick Bread 800G;£0.75;£0.09/100g;White Bread;232;7.7;null;3.8;1.5;0.3;2.8;1.0;
282362122;Kingsmill Great White Thick Bread 750G;£1.35;£0.18/100g;White Bread;223 ;9.1;null;null;3.0;null;7.0;0.95;
268464869;Kingsmill Great Everyday Little Big Loaf 470G;£0.85;£0.18/100g;White Bread;238 ;9.0;null;null;2.0;null;2.7;1.00;
258742688;Tesco Everyday Value Sliced White Bread 800G;£0.45;£0.06/100g;White Bread;237;8.4;null;4.4;1.8;0.3;3.1;1.0;
254942325;Warburtons Medium Sliced White Bread 800G > >;£0.95;£0.12/100g;White Bread;1014kJ 409kJ 8400kJ;9.9;null;null;2.0;null;2.6;1.00;
276274022;Tesco Finest White Farmhouse Bread 800G;£1.30;£0.16/100g;White Bread;241;8.8;null;3.9;1.6;0.4;2.1;1.0;
254942331;Warburtons Medium Sliced White Bread 400G;£0.79;£0.20/100g;White Bread;1030kJ 244kJ 8400kJ;10.3;null;null;1.9;null;2.4;1.00;
250168194;Warburtons Farmhouse White Bread 800G > >;£0.95;£0.12/100g;White Bread;1021kJ 436kJ 8400kJ;9.9;null;null;2.5;null;2.7;1.00;
254942066;Tesco White Medium Bread 800G;£0.75;£0.09/100g;White Bread;232;7.7;null;3.8;1.5;0.3;2.8;1.0;
259804954;Kingsmill Soft White Medium 800g;£1.35;£0.17/100g;White Bread;238 ;9.0;null;null;2.0;null;2.7;1.00;
256174499;Hovis Soft White Medium Bread 800G > >;£0.78;£0.10/100g;White Bread;233;8.7;null;null;1.7;null;2.4;0.90;
285060503;Tesco White Toastie Thick 800G;£0.75;£0.09/100g;White Bread;241;7.8;null;2.6;2.8;0.4;2.7;1.0;
273088627;Hovis White Farmers Loaf Bread 800G;£1.50;£0.19/100g;White Bread;239 ;8.7;null;null;2.3;null;2.4;null;
263517885;Warburtons Crusty Bread 400G;£0.85;£0.21/100g;White Bread;1078kJ 329kJ 8400kJ;10.6;null;null;2.3;null;2.6;1.00;
285060244;Tesco White Farmhouse Batch 800G;£1.00;£0.13/100g;White Bread;242;8.4;null;3.5;1.1;0.3;2.6;0.9;
251278413;Tesco Stay Fresh White Medium Bread 800G;£0.75;£0.09/100g;White Bread;250;8.9;null;1.9;2.0;0.6;2.9;1.0;
276035899;Warburtons Half And Half Medium Bread 750G;£1.00;£0.13/100g;White Bread;1010kJ 399kJ 8400kJ;8.8;null;null;2.0;null;5.0;1.0;
267681262;Kingsmill Tasty Wholemeal Little Big Bread Loaf 470G;£0.85;£0.18/100g;Brown Bread;239 ;10.5;null;null;3.8;null;6.2;1.00;
254944260;Warburtons Wholemeal Medium Bread 800G > >;£0.95;£0.12/100g;Brown Bread;974kJ 436kJ 8400kJ;10.6;null;null;2.8;null;6.4;0.95;
263518014;Hovis Wholemeal Thick Bread 800G;£0.78;£0.10/100g;Brown Bread;221 ;10.0;null;null;1.8;null;6.8;0.90;
252990345;Kingsmill Tasty Wholemeal Medium Bread 800G;£1.35;£0.17/100g;Brown Bread;235 ;10.5;null;null;3.0;null;6.2;1.00;
266339388;Warburtons Farmhouse Soft Brown Bread 800G;£0.95;£0.12/100g;Brown Bread;1038kJ 440kJ 8400kJ;9.9;null;null;2.7;null;5.3;1.00;
257550346;Allinson Wholemeal Bread Loaf 800G;£1.70;£3.75/kg;Brown Bread;983kJ 462kJ;10.5;null;null;3.2;null;7.1;1.00;
254967745;Tesco Stay Fresh Wholemeal Medium Bread 800G;£0.75;£0.09/100g;Brown Bread;238;11.1;null;2.2;2.4;0.9;5.7;0.8;
254944064;Tesco Wholemeal Thick Bread 800G;£0.75;£0.09/100g;Brown Bread;233;11.0;null;3.8;2.2;0.3;6.6;1.0;
280133748;Tesco Finest Stone Ground Wholemeal Farmhouse Bread 800G;£1.30;£0.16/100g;Brown Bread;231;11.3;null;2.7;2.5;0.4;7.0;1.0;
250829858;Hovis Medium Sliced Wholemeal Bread 400G;null;null;Brown Bread;221;10.0;null;null;1.8;null;6.8;null;
254944058;Tesco Wholemeal Medium Bread 800G;£3.00;£7.50/kg;Brown Bread;233;11.0;null;3.8;2.2;0.3;6.6;1.0;
252801260;Hovis Original Wheatgerm Bread 400G;£0.58;£0.15/100g;Brown Bread;224 ;10.0;null;null;2.2;null;5.3;0.96;
285060336;Wheatfield Wholemeal Batch Bread 800G;£1.00;£0.13/100g;Brown Bread;225;10.3;null;3.0;2.8;0.4;6.9;1.0;
283656067;Tesco 70 Calorie Wholemeal 530G;£1.00;£0.19/100g;Brown Bread;232;10.3;null;2.4;2.7;0.4;7.5;0.8;
252990368;Kingsmill Great Everyday Tasty Wholemeal Thick Bread 800G;£1.35;£0.17/100g;Brown Bread;235;10.5;null;null;3.0;null;6.2;1.00;
254944283;Warburtons Wholemeal Medium Bread 400G;£0.79;£0.20/100g;Brown Bread;974kJ 232kJ 8400kJ;10.6;null;null;2.8;null;6.4;0.95;
262358089;Tesco Everyday Value Medium Sliced Wholemeal Bread 800G;£0.45;£0.06/100g;Brown Bread;230;10.5;null;4.3;2.6;0.4;8.2;1.0;
255000362;Hovis Wholemeal Medium Bread 800G;£0.78;£0.10/100g;Brown Bread;221;10.0;null;null;1.8;null;6.8;0.90;
261738730;Kingsmill 50/50 Medium Bread 800G;£1.35;£0.17/100g;Half & Half Bread;235;9.9;null;null;2.3;null;4.9;0.98;
279505707;Hovis Best Of Both Thick White Bread 750G;£0.78;£0.10/100g;Half & Half Bread;233 ;10.2;null;null;2.2;null;5.2;0.86;
252065992;Kingsmill 50/50 Thick Bread 800G;£1.35;£0.17/100g;Half & Half Bread;235 ;9.9;null;null;2.3;null;4.9;0.98;
272782291;Kingsmill 50/50 Bread 400G;£0.75;£0.19/100g;Half & Half Bread;235 ;9.9;null;null;2.3;null;4.9;0.98;
279505857;Hovis Best Of Both Medium White Bread 750G;£0.78;£0.10/100g;Half & Half Bread;233 ;10.2;null;null;2.2;null;5.2;0.86;
260630288;Kingsmill 50/50 Crusts Away Bread 400G;£1.25;£0.31/100g;Half & Half Bread;213 ;8.8;null;null;2.0;null;4.3;0.88;
254942734;Warburtons B/Pool Milk Roll Sliced White Bread 400G;£0.79;£0.20/100g;Healthier Bread;1075kJ 198kJ 8400kJ;11.0;null;null;2.8;null;2.4;1.00;
252727843;Weight Watchers Danish White Sliced Bread 400G;£0.93;£0.23/100g;Healthier Bread;1029kJ 212kJ 8400kJ;9.8;null;null;1.3;null;2.9;1.0;
255727936;Warburtons Danish Sliced White Bread 400G;£0.75;£0.19/100g;Healthier Bread;1030kJ 266kJ 8400kJ;10.5;null;null;1.2;null;2.6;1.00;
268105224;Weight Watchers Thick Grained Loaf 400G;£0.93;£0.23/100g;Healthier Bread;1095kJ 318kJ 8400kJ;8.9;null;null;2.4;null;4.4;1.0;
261816989;Weight Watchers Wholemeal Thick 400G;£0.93;£0.23/100g;Healthier Bread;960kJ 275kJ 8400kJ;10.2;null;null;2.1;null;6.3;1.0;
262636077;Hovis Nimble Wholemeal Sliced Loaf 400G;£0.75;£0.19/100g;Healthier Bread;233;12.3;null;null;2.5;null;6.8;0.93;
256641396;Weight Watchers Malted Danish Sliced Bread 400G;£0.93;£0.23/100g;Healthier Bread;1055kJ 215kJ 8400kJ;11.8;null;null;1.5;null;4.2;1.0;
274811254;Hovis 7 Seeds Wholemeal Bread 800G;£1.49;£0.19/100g;Seeded Bread;249;11.9;null;null;5.6;null;12.4;0.93;
257269645;Warburtons Seeded Batch Bread 800G;£1.50;£0.19/100g;Seeded Bread;1263kJ 578kJ 8400kJ;12.3;null;null;8.9;null;6.0;0.98;
285060440;Tesco Multigrain Farmhouse Batch 800G;£1.00;£0.13/100g;Seeded Bread;249;8.7;null;4.4;3.2;0.6;4.0;1.0;
273752291;Burgen Chia Bread 750G;£1.40;£0.19/100g;Seeded Bread;1208kJ 507kJ -;11.4;null;null;9.6;null;6.3;0.80;
276273651;Tesco Finest Super Seeded Bread 800G;£1.30;£0.16/100g;Seeded Bread;282;11.4;null;4.4;8.7;1.0;8.0;1.0;
285097546;Hovis Seed Sensations Granary Soft Batch 800G;£1.49;£0.19/100g;Seeded Bread;275 ;10.1;null;null;6.6;null;4.9;0.83;
251738895;Warburtons Seeded Batch Bread 400G;£0.85;£0.21/100g;Seeded Bread;1207kJ 361kJ 8400kJ;11.2;null;null;8.4;null;6.0;1.00;
250871708;Hovis Granary Thick Bread 800G;£1.27;£0.16/100g;Seeded Bread;256 ;10.3;null;null;2.4;null;3.7;1.03;
285060405;Tesco Multiseed Farmhouse Batch 800G;£1.00;£0.13/100g;Seeded Bread;261;11.3;null;3.2;6.7;0.9;6.2;1.0;
254944133;Hovis Country Granary Bread 800G;£1.27;£0.16/100g;Seeded Bread;236 ;10.6;null;null;2.4;null;6.8;0.98;
253803607;Burgen Soya And Linseed Bread 800G;null;null;Seeded Bread;1183kJ 521kJ -;15.9;null;null;10.1;null;9.3;0.75;
280116683;Tesco Finest Sunflower And Pumpkin Cob Bread 600G;£1.40;£0.23/100g;Seeded Bread;304;14.3;null;4.3;10.5;1.6;6.9;0.9;
266265117;Kingsmill Oatilicious Medium Bread 800G;£1.35;£0.17/100g;Seeded Bread;250 ;9.9;null;null;4.8;null;3.9;0.98;
259747508;Hovis Original Granary Bread 400G;null;null;Seeded Bread;256;10.3;null;null;2.4;null;3.7;1.03;
274811214;Hovis Original 7 Seeds Bread 800G;£1.49;£0.19/100g;Seeded Bread;278 ;10.0;null;null;6.6;null;5.3;0.88;
254553250;Rankin Irish Brown Soda 400G;£1.20;£0.30/100g;Breads of the World;865 kJ 346 kJ;9.4;null;null;3.2;null;5.8;1.0;
258378762;Tesco Stonebaked Ciabatta Bread;£1.40;£1.40/each;Breads of the World;251;9.8;null;2.3;4.5;0.7;3.2;0.7;
279791050;Tesco Cheese And Garlic Flatbread;£1.30;£1.30/each;Breads of the World;305;10.5;null;2.6;8.9;3.0;2.4;1.1;
253914597;Tesco Finest Plain Ciabatta;£1.70;£1.70/each;Breads of the World;257;10.1;null;2.2;4.7;0.7;3.3;0.8;
252109642;Tesco Cheese And Tomato Flatbread;£1.30;£1.30/each;Breads of the World;291;11.6;null;4.1;6.4;3.0;1.9;1.1;
279791073;Tesco Tomato And Garlic Flatbread;£1.30;£1.30/each;Breads of the World;263;9.3;null;3.6;3.6;1.6;2.4;1.1;
252109688;Tesco Garlic And Parsley Flat Bread Each 210G;£1.30;£1.30/each;Breads of the World;279;9.2;null;3.2;6.2;3.5;2.0;0.9;
257728978;Tesco 4 Panini Rolls;£1.20;£0.30/each;Breads of the World;273;10.7;null;2.2;4.8;0.9;3.4;0.9;
258397693;Crusty White Bloomer Sliced 400G > >;£0.70;£0.18/100g;Fresh White Bread;264;9.7;null;4.7;1.5;0.4;3.1;1.0;
250759508;Crusty White Farmhouse Loaf Sliced 800G > >;£1.00;£0.13/100g;Fresh White Bread;259;9.4;null;3.9;1.2;0.3;3.3;1.0;
255809114;Crusty White Bloomer 800G > >;£1.00;£0.13/100g;Fresh White Bread;261;9.4;null;4.5;1.4;0.3;3.1;1.0;
255809310;Crusty White Split Tin Sliced 800G > >;£1.00;£0.13/100g;Fresh White Bread;268;9.4;null;4.1;1.5;0.3;3.3;1.0;
259719928;Salt And Pepper Bloomer 800G > >;£1.00;£0.13/100g;Fresh White Bread;273;9.8;null;2.9;1.5;0.4;3.0;1.3;
255809143;Crusty White Split Tin 800G > >;£1.00;£0.13/100g;Fresh White Bread;268;9.4;null;4.1;1.5;0.3;3.3;1.0;
258081283;Crusty White Bloomer Sliced 800G > >;£1.00;£0.13/100g;Fresh White Bread;261;9.4;null;4.5;1.4;0.3;3.1;1.0;
257798865;Crusty White Split Tin 400G > >;£0.70;£0.18/100g;Fresh White Bread;268;9.4;null;4.1;1.5;0.3;3.3;1.0;
255809172;Crusty White Sandwich Loaf 800G > >;£1.00;£0.13/100g;Fresh White Bread;254;9.2;null;4.0;1.2;0.2;3.2;1.0;
259720085;Salt And Pepper Bloomer Sliced 800G > >;£1.00;£0.13/100g;Fresh White Bread;273;9.8;null;2.9;1.5;0.4;3.0;0.4;
253078439;Tiger Bloomer 800G > >;£1.00;£0.13/100g;Fresh White Bread;269;9.4;null;4.5;2.9;0.5;3.4;1.0;
250675630;Tesco Organic White Bloomer 400G > >;£0.80;£0.20/100g;Fresh White Bread;277;8.0;null;2.5;1.0;0.2;3.1;0.9;
254526058;Crusty White Farmhouse Loaf 400G > >;£0.70;£0.18/100g;Fresh White Bread;259;9.4;null;3.9;1.2;0.3;3.3;1.0;
257989991;Crusty White Split Tin Sliced 400G > >;£0.70;£0.18/100g;Fresh White Bread;268;9.4;null;4.1;1.5;0.3;3.3;1.0;
258081588;Crusty White Farmhouse Loaf Sliced 400G > >;£0.70;£0.18/100g;Fresh White Bread;259;9.4;null;3.9;1.2;0.3;3.3;1.0;
264335107;Poppy Seed Bloomer 800G > >;£1.00;£0.13/100g;Fresh White Bread;272;10.0;null;3.0;1.5;0.3;3.3;0.9;
255809195;Crusty White Bloomer 400G > >;£0.70;£0.18/100g;Fresh White Bread;264;9.7;null;4.7;1.5;0.4;3.1;1.0;
258081507;Crusty White Sandwich Loaf Sliced 800G > >;£1.00;£0.13/100g;Fresh White Bread;254;9.2;null;4.0;1.2;0.2;3.2;1.0;
253078451;Tiger Bloomer 400G > >;£0.70;£0.18/100g;Fresh White Bread;261;9.5;null;4.5;2.6;0.5;2.8;0.9;
268592475;Tiger Cheese Bloomer 800G > >;£1.00;£0.13/100g;Fresh White Bread;254;9.7;null;2.9;3.1;1.6;2.4;0.9;
255809327;Malted Grain Loaf Sliced 800G > >;£1.00;£0.13/100g;Fresh Brown & Granary Bread;251;10.5;null;3.3;0.9;0.2;5.0;0.7;
250675768;Tesco Organic Brown Bloomer 400G > >;£0.80;£0.20/100g;Fresh Brown & Granary Bread;274;10.1;null;2.6;1.1;0.2;7.1;0.9;
257799720;Multigrain Farmhouse Sliced 800G > >;£1.00;£0.13/100g;Fresh Brown & Granary Bread;259;11.5;null;3.7;3.2;0.5;6.7;1.0;
254417654;Wholemeal Loaf Sliced 400G > >;£0.70;£0.18/100g;Fresh Brown & Granary Bread;242;10.2;null;3.3;2.5;0.4;6.7;1.0;
257799242;Multigrain Farmhouse Loaf 800G > >;£1.00;£0.13/100g;Fresh Brown & Granary Bread;259;11.5;null;3.7;3.2;0.5;6.7;1.0;
254417631;Wholemeal Loaf Sliced 800G > >;£1.00;£0.13/100g;Fresh Brown & Granary Bread;238;10.2;null;3.2;2.0;0.4;6.8;1.0;
257799743;Multigrain Farmhouse Sliced 400G > >;£0.70;£0.18/100g;Fresh Brown & Granary Bread;259;11.5;null;3.7;3.2;0.5;6.7;1.0;
258397917;Malted Grain Loaf Sliced 400G > >;£0.70;£0.18/100g;Fresh Brown & Granary Bread;251;10.5;null;3.3;0.9;0.2;5.0;0.7;
252869398;Malted Grain Loaf 800G > >;£1.00;£0.13/100g;Fresh Brown & Granary Bread;251;10.5;null;3.3;0.9;0.2;5.0;0.7;
251048818;Wholemeal Loaf 400G > >;£0.70;£0.18/100g;Fresh Brown & Granary Bread;242;10.2;null;3.3;2.5;0.4;6.7;1.0;
257964778;Wholemeal Loaf 800G > >;£1.00;£0.13/100g;Fresh Brown & Granary Bread;238;10.2;null;3.2;2.0;0.4;6.8;1.0;
257799680;Multigrain Farmhouse Loaf 400G > >;£0.70;£0.18/100g;Fresh Brown & Granary Bread;259;11.5;null;3.7;3.2;0.5;6.7;1.0;
252869415;Malted Grain Loaf 400G > >;£0.70;£0.18/100g;Fresh Brown & Granary Bread;251;10.5;null;3.3;0.9;0.2;5.0;0.7;
286715333;Goats Cheese And Red Pepper Crown;£0.80;£0.80/each;Fresh Speciality Bread;null;null;null;null;null;null;null;null;
266836600;Large Cheese Top Sub 2 Pack;£0.70;£0.35/each;Fresh Speciality Bread;259;7.1;null;1.3;2.0;0.7;2.3;1.0;
268579198;Panini 4 Pack;£1.00;£0.25/each;Fresh Speciality Bread;283;8.9;null;2.0;4.9;1.5;2.8;0.6;
283509035;Ploughmans Cob;£1.50;£1.50/each;Fresh Speciality Bread;259;9.1;null;1.8;3.8;2.2;2.5;0.7;
281684128;Jalapeno Chilli And Three Cheese Bread 380G;£1.50;£1.50/each;Fresh Speciality Bread;256;10.1;null;6.1;3.3;1.7;3.4;0.8;
272913990;Kalamata Olive Bloomer 380G;£1.50;£1.50/each;Fresh Speciality Bread;254;7.5;null;1.3;5.3;0.7;3.4;1.4;
283447326;Cheese And Onion Puff;£0.75;£0.75/each;Fresh Speciality Bread;null;null;null;null;null;null;null;null;
285475715;Cheese Straw;£0.75;£0.75/each;Fresh Speciality Bread;514;13.7;null;0.2;36.8;23.2;1.0;0.7;
256499247;Rye Bread 370G;£1.50;£1.50/each;Fresh Speciality Bread;250;7.3;null;3.0;1.1;null;5.1;1.0;
277884934;Muesli Bread 380G;£1.50;£1.50/each;Fresh Speciality Bread;262;8.4;null;8.6;3.8;0.5;4.2;0.9;
286715385;Spinach And Ricotta Crown;£0.80;£0.80/each;Fresh Speciality Bread;null;null;null;null;null;null;null;null;
272913961;Six Grain Loaf;£1.50;£1.50/each;Fresh Speciality Bread;254;11.4;null;0.8;7.1;1.1;5.8;0.6;
266836767;Large Soft Sub 2 Pack;£0.70;£0.35/each;Fresh Speciality Bread;231;8.6;null;2.8;0.7;0.2;3.2;0.9;
267235388;Cheese Twist;£0.75;£0.75/each;Fresh Speciality Bread;404;14.5;null;5.4;21.9;10.5;2.9;0.7;
272913857;Fruit And Nut Loaf 380G;£1.50;£1.50/each;Fresh Speciality Bread;326;9.2;null;15.6;7.2;0.8;3.8;0.7;
272890974;Cheese Pretzel;£0.75;£0.75/each;Fresh Speciality Bread;284;10.1;null;2.4;5.3;2.3;3.0;1.2;
272914228;Sour Dough Bloomer 380G;£1.50;£1.50/each;Fresh Speciality Bread;225;7.6;null;1.6;0.6;0.2;4.3;0.9;
272903253;Rock Salt Pretzel;£0.75;£0.75/each;Fresh Speciality Bread;296;9.4;null;3.2;5.4;0.4;2.5;2.0;
272902283;Plain Pretzel;£0.75;£0.75/each;Fresh Speciality Bread;291;8.6;null;3.5;5.0;0.4;2.1;1.4;
251326213;Mediterranean Loaf 380G;£1.50;£1.50/each;Fresh Speciality Bread;256;9.8;null;5.3;3.1;0.7;3.5;0.9;
261326837;Tiger Baton;£0.45;£0.45/each;Fresh French Bread & Rolls;299;9.2;null;3.3;3.6;0.4;2.0;1.1;
251940303;6 Pack White Hot Dog Rolls;£0.65;£0.11/each;Fresh French Bread & Rolls;250;9.2;null;3.2;1.0;0.5;2.6;0.8;
258186620;Cheese Topped Bap 4 Pack;£0.65;£0.16/each;Fresh French Bread & Rolls;268;10.8;null;2.7;5.1;3.4;2.6;1.0;
250486519;Cheese Topped Baton;£0.45;£0.45/each;Fresh French Bread & Rolls;292;10.7;null;3.0;4.5;2.8;2.0;1.0;
255810019;6 Pack Soft White Rolls;£0.65;£0.11/each;Fresh French Bread & Rolls;250;9.2;null;3.2;1.0;0.5;2.6;0.8;
281935593;Big Bite Cheese Roll 6 Pack;£1.00;£0.17/each;Fresh French Bread & Rolls;268;10.8;null;2.7;5.1;3.4;2.6;1.0;
253250402;Ciabatta Roll;£0.40;£0.40/each;Fresh French Bread & Rolls;261;8.6;null;2.4;4.1;0.6;3.0;1.0;
281935558;Big Bite Soft White Roll 6 Pack;£1.00;£0.17/each;Fresh French Bread & Rolls;250;9.2;null;3.2;1.0;0.5;2.6;0.8;
255810221;6 Pack Seeded Burger Buns;£0.65;£0.11/each;Fresh French Bread & Rolls;260;9.6;null;2.8;2.9;1.3;4.1;0.8;
256660010;Bakers Dozen Rolls;£1.00;£0.08/each;Fresh French Bread & Rolls;294;8.6;null;5.5;1.5;0.3;3.6;1.0;
256122878;White Baton;£0.45;£0.23/100g;Fresh French Bread & Rolls;276;9.3;null;3.2;0.8;0.1;2.6;1.0;
268512387;6 Pack Tiger Rolls;£0.65;£0.11/each;Fresh French Bread & Rolls;299;9.2;null;3.3;3.6;0.4;2.0;1.1;
250652467;Malted Grain Baton;£0.45;£0.45/each;Fresh French Bread & Rolls;276;8.7;null;4.8;1.8;0.3;4.7;1.0;
268512370;6 Pack Crusty White Rolls;£0.65;£0.11/each;Fresh French Bread & Rolls;276;9.3;null;3.2;0.8;0.1;2.6;1.0;
255810169;6 Pack Scotch Morning Rolls;£0.65;£0.11/each;Fresh French Bread & Rolls;273;11.8;null;3.7;1.3;0.2;3.2;1.0;
272892385;Italiano Roll;£0.40;£0.40/each;Fresh French Bread & Rolls;null;null;null;null;null;null;null;null;
251762957;Crusty White Roll;£0.40;£0.40/each;Fresh French Bread & Rolls;307;8.7;null;2.6;1.7;0.4;3.1;1.1;
281935610;Big Bite Sesame Roll 6 Pack;£1.00;£0.17/each;Fresh French Bread & Rolls;260;9.6;null;2.8;2.9;1.3;4.1;0.8;
257784017;Chunky Cheese Roll;£0.40;£0.40/each;Fresh French Bread & Rolls;309;15.1;null;1.5;4.2;2.7;0;1.2;
255810060;6 Pack White Finger Rolls;£0.65;£0.11/each;Fresh French Bread & Rolls;250;9.2;null;3.2;1.0;0.5;2.6;0.8;
251142764;Almond Croissant;£0.75;£0.75/each;Fresh Croissants & Pastries;429;7.9;null;12.7;24.9;14.1;2.6;0.6;
251423403;Maple And Pecan Plait;£0.80;£0.80/each;Fresh Croissants & Pastries;447;5.7;null;16.4;27.0;10.4;1.2;0.4;
251143072;Cinnamon Swirl;£0.80;£0.80/each;Fresh Croissants & Pastries;445;5.5;null;14.3;26.6;10.5;2.4;0.4;
254654263;Apple Turnover 2 Pack;£1.20;£0.60/each;Fresh Croissants & Pastries;317;4.3;null;11.7;15.7;7.7;1.8;0.5;
278940792;Belgian Bun;£0.80;£0.80/each;Fresh Croissants & Pastries;316;6.9;null;33.2;5.2;2.1;1.5;0.5;
273889083;Mini Danish Selection 5 Pack;£1.00;£0.20/each;Fresh Croissants & Pastries;null;null;null;null;null;null;null;null;
256943223;Cinnamon Swirl 2 Pack;£1.20;£0.60/each;Fresh Croissants & Pastries;445;5.5;null;14.3;26.6;10.5;2.4;0.4;
255952317;Mini Fruit Lattice Squares 8Pk;£1.50;£0.19/each;Fresh Croissants & Pastries;365;3.4;null;33.7;14.4;5.8;2.7;0.5;
276153995;Mini Croissant Selection 6 Pack;£2.00;£0.33/each;Fresh Croissants & Pastries;457;9.7;null;10.8;26.0;15.3;2.8;0.6;
278941232;Chelsea Bun;£0.80;£0.80/each;Fresh Croissants & Pastries;306;7.5;null;28.6;5.0;1.8;2.1;0.6;
263013064;Finest Normandy Butter Croissant 4 Pack;£2.00;£0.50/each;Fresh Croissants & Pastries;364;10.5;null;7.8;15.6;10.4;2.9;0.7;
256943275;Maple And Pecan Plait 2 Pack;£1.20;£0.60/each;Fresh Croissants & Pastries;447;5.7;null;16.4;27.0;10.4;1.2;0.4;
256943373;Chocolate Croissant 2 Pack;£1.20;£0.60/each;Fresh Croissants & Pastries;441;7.6;null;12.3;26.0;13.4;3.2;0.6;
253387920;Chocolate Croissant;£0.75;£0.75/each;Fresh Croissants & Pastries;441;7.6;null;12.3;26.0;13.4;3.2;0.6;
276132945;Cinnamon Bun;£1.00;£1.00/each;Fresh Croissants & Pastries;324;8.1;null;20.3;7.7;4.0;1.9;0.6;
276132882;Chocolate Bun;£1.00;£1.00/each;Fresh Croissants & Pastries;340;7.4;null;24.7;9.0;4.9;1.7;0.5;
285475715;Cheese Straw;£0.75;£0.75/each;Fresh Croissants & Pastries;514;13.7;null;0.2;36.8;23.2;1.0;0.7;
256943177;Almond Croissant 2 Pack;£1.20;£0.60/each;Fresh Croissants & Pastries;429;7.9;null;12.7;24.9;14.1;2.6;0.6;
251142482;Finest Normandy Butter Croissant;£0.75;£0.75/each;Fresh Croissants & Pastries;364;10.5;null;7.8;15.6;10.4;2.9;0.7;
260469341;Butter Croissant 6 Pack;£1.00;£1.00/each;Fresh Croissants & Pastries;416;9.5;null;6.9;20.8;13.2;2.4;0.8;
255952317;Mini Fruit Lattice Squares 8Pk;£1.50;£0.19/each;Fresh Danish Pastries;365;3.4;null;33.7;14.4;5.8;2.7;0.5;
276132945;Cinnamon Bun;£1.00;£1.00/each;Fresh Danish Pastries;324;8.1;null;20.3;7.7;4.0;1.9;0.6;
286831137;Valentines Raspberry And White Chocolate Bun 2 Pack;£1.50;£0.75/each;Fresh Danish Pastries;310;7.1;null;23.7;6.9;3.4;2.3;0.6;
254654263;Apple Turnover 2 Pack;£1.20;£0.60/each;Fresh Danish Pastries;317;4.3;null;11.7;15.7;7.7;1.8;0.5;
285695184;Tesco Maple And Pecan Bun;£1.00;£1.00/each;Fresh Danish Pastries;354;8.3;null;18.8;12.5;4.4;2.8;0.5;
276132882;Chocolate Bun;£1.00;£1.00/each;Fresh Danish Pastries;340;7.4;null;24.7;9.0;4.9;1.7;0.5;
256943223;Cinnamon Swirl 2 Pack;£1.20;£0.60/each;Fresh Danish Pastries;445;5.5;null;14.3;26.6;10.5;2.4;0.4;
251423403;Maple And Pecan Plait;£0.80;£0.80/each;Fresh Danish Pastries;447;5.7;null;16.4;27.0;10.4;1.2;0.4;
273889083;Mini Danish Selection 5 Pack;£1.00;£0.20/each;Fresh Danish Pastries;null;null;null;null;null;null;null;null;
278940792;Belgian Bun;£0.80;£0.80/each;Fresh Danish Pastries;316;6.9;null;33.2;5.2;2.1;1.5;0.5;
251143233;Vanilla Creme Crown;£0.80;£0.80/each;Fresh Danish Pastries;395;5.2;null;15.2;22.9;9.5;1.1;0.3;
286866551;Hot Cross Sharing Bun;£3.00;£3.00/each;Fresh Danish Pastries;292;7.2;null;15.3;7.0;3.5;2.8;0.5;
251143072;Cinnamon Swirl;£0.80;£0.80/each;Fresh Danish Pastries;445;5.5;null;14.3;26.6;10.5;2.4;0.4;
256943275;Maple And Pecan Plait 2 Pack;£1.20;£0.60/each;Fresh Danish Pastries;447;5.7;null;16.4;27.0;10.4;1.2;0.4;
257800633;Pain Au Raisin 2 Pack;£1.20;£0.60/each;Fresh Danish Pastries;303;6.2;null;11.6;14.2;8.5;0.9;0.6;
255779661;Pain Au Chocolate 2 Pack;£1.20;£0.60/each;Fresh Danish Pastries;437;7.6;null;6.4;24.8;15.4;2.6;0.6;
278941232;Chelsea Bun;£0.80;£0.80/each;Fresh Danish Pastries;306;7.5;null;28.6;5.0;1.8;2.1;0.6;
283467688;Peach And Raspberry Crown 2 Pack;£1.20;£0.60/each;Fresh Danish Pastries;362;4.9;null;16.8;20.1;8.1;2.6;0.2;
253432971;Vanilla Creme Crown 2 Pack;£1.20;£0.60/each;Fresh Danish Pastries;395;5.2;null;15.2;22.9;9.5;1.1;0.3;
256660010;Bakers Dozen Rolls;£1.00;£0.08/each;Fresh French Bread & Rolls;294;8.6;null;5.5;1.5;0.3;3.6;1.0;
268512387;6 Pack Tiger Rolls;£0.65;£0.11/each;Fresh French Bread & Rolls;299;9.2;null;3.3;3.6;0.4;2.0;1.1;
268512370;6 Pack Crusty White Rolls;£0.65;£0.11/each;Fresh French Bread & Rolls;276;9.3;null;3.2;0.8;0.1;2.6;1.0;
257784017;Chunky Cheese Roll;£0.40;£0.40/each;Fresh French Bread & Rolls;309;15.1;null;1.5;4.2;2.7;0;1.2;
250652467;Malted Grain Baton;£0.45;£0.45/each;Fresh French Bread & Rolls;276;8.7;null;4.8;1.8;0.3;4.7;1.0;
251940303;6 Pack White Hot Dog Rolls;£0.65;£0.11/each;Fresh French Bread & Rolls;250;9.2;null;3.2;1.0;0.5;2.6;0.8;
255810019;6 Pack Soft White Rolls;£0.65;£0.11/each;Fresh French Bread & Rolls;250;9.2;null;3.2;1.0;0.5;2.6;0.8;
256122878;White Baton;£0.45;£0.23/100g;Fresh French Bread & Rolls;276;9.3;null;3.2;0.8;0.1;2.6;1.0;
281935593;Big Bite Cheese Roll 6 Pack;£1.00;£0.17/each;Fresh French Bread & Rolls;268;10.8;null;2.7;5.1;3.4;2.6;1.0;
255810060;6 Pack White Finger Rolls;£0.65;£0.11/each;Fresh French Bread & Rolls;250;9.2;null;3.2;1.0;0.5;2.6;0.8;
255810221;6 Pack Seeded Burger Buns;£0.65;£0.11/each;Fresh French Bread & Rolls;260;9.6;null;2.8;2.9;1.3;4.1;0.8;
258186620;Cheese Topped Bap 4 Pack;£0.65;£0.16/each;Fresh French Bread & Rolls;268;10.8;null;2.7;5.1;3.4;2.6;1.0;
281935558;Big Bite Soft White Roll 6 Pack;£1.00;£0.17/each;Fresh French Bread & Rolls;250;9.2;null;3.2;1.0;0.5;2.6;0.8;
281935610;Big Bite Sesame Roll 6 Pack;£1.00;£0.17/each;Fresh French Bread & Rolls;260;9.6;null;2.8;2.9;1.3;4.1;0.8;
250486519;Cheese Topped Baton;£0.45;£0.45/each;Fresh French Bread & Rolls;292;10.7;null;3.0;4.5;2.8;2.0;1.0;
255810169;6 Pack Scotch Morning Rolls;£0.65;£0.11/each;Fresh French Bread & Rolls;273;11.8;null;3.7;1.3;0.2;3.2;1.0;
261326837;Tiger Baton;£0.45;£0.45/each;Fresh French Bread & Rolls;299;9.2;null;3.3;3.6;0.4;2.0;1.1;
272892385;Italiano Roll;£0.40;£0.40/each;Fresh French Bread & Rolls;null;null;null;null;null;null;null;null;
253250402;Ciabatta Roll;£0.40;£0.40/each;Fresh French Bread & Rolls;261;8.6;null;2.4;4.1;0.6;3.0;1.0;
251762957;Crusty White Roll;£0.40;£0.40/each;Fresh French Bread & Rolls;307;8.7;null;2.6;1.7;0.4;3.1;1.1;
258397917;Malted Grain Loaf Sliced 400G > >;£0.70;£0.18/100g;Fresh Brown & Granary Bread;251;10.5;null;3.3;0.9;0.2;5.0;0.7;
255809327;Malted Grain Loaf Sliced 800G > >;£1.00;£0.13/100g;Fresh Brown & Granary Bread;251;10.5;null;3.3;0.9;0.2;5.0;0.7;
257964778;Wholemeal Loaf 800G > >;£1.00;£0.13/100g;Fresh Brown & Granary Bread;238;10.2;null;3.2;2.0;0.4;6.8;1.0;
257799720;Multigrain Farmhouse Sliced 800G > >;£1.00;£0.13/100g;Fresh Brown & Granary Bread;259;11.5;null;3.7;3.2;0.5;6.7;1.0;
251048818;Wholemeal Loaf 400G > >;£0.70;£0.18/100g;Fresh Brown & Granary Bread;242;10.2;null;3.3;2.5;0.4;6.7;1.0;
254417631;Wholemeal Loaf Sliced 800G > >;£1.00;£0.13/100g;Fresh Brown & Granary Bread;238;10.2;null;3.2;2.0;0.4;6.8;1.0;
254417654;Wholemeal Loaf Sliced 400G > >;£0.70;£0.18/100g;Fresh Brown & Granary Bread;242;10.2;null;3.3;2.5;0.4;6.7;1.0;
257799743;Multigrain Farmhouse Sliced 400G > >;£0.70;£0.18/100g;Fresh Brown & Granary Bread;259;11.5;null;3.7;3.2;0.5;6.7;1.0;
250675768;Tesco Organic Brown Bloomer 400G > >;£0.80;£0.20/100g;Fresh Brown & Granary Bread;274;10.1;null;2.6;1.1;0.2;7.1;0.9;
257799680;Multigrain Farmhouse Loaf 400G > >;£0.70;£0.18/100g;Fresh Brown & Granary Bread;259;11.5;null;3.7;3.2;0.5;6.7;1.0;
252869398;Malted Grain Loaf 800G > >;£1.00;£0.13/100g;Fresh Brown & Granary Bread;251;10.5;null;3.3;0.9;0.2;5.0;0.7;
252869415;Malted Grain Loaf 400G > >;£0.70;£0.18/100g;Fresh Brown & Granary Bread;251;10.5;null;3.3;0.9;0.2;5.0;0.7;
257799242;Multigrain Farmhouse Loaf 800G > >;£1.00;£0.13/100g;Fresh Brown & Granary Bread;259;11.5;null;3.7;3.2;0.5;6.7;1.0;
250675630;Tesco Organic White Bloomer 400G > >;£0.80;£0.20/100g;Fresh Organic Bakery;277;8.0;null;2.5;1.0;0.2;3.1;0.9;
250675768;Tesco Organic Brown Bloomer 400G > >;£0.80;£0.20/100g;Fresh Organic Bakery;274;10.1;null;2.6;1.1;0.2;7.1;0.9;
272890974;Cheese Pretzel;£0.75;£0.75/each;Fresh Speciality Bread;284;10.1;null;2.4;5.3;2.3;3.0;1.2;
266836600;Large Cheese Top Sub 2 Pack;£0.70;£0.35/each;Fresh Speciality Bread;259;7.1;null;1.3;2.0;0.7;2.3;1.0;
272914228;Sour Dough Bloomer 380G;£1.50;£1.50/each;Fresh Speciality Bread;225;7.6;null;1.6;0.6;0.2;4.3;0.9;
268579198;Panini 4 Pack;£1.00;£0.25/each;Fresh Speciality Bread;283;8.9;null;2.0;4.9;1.5;2.8;0.6;
283447326;Cheese And Onion Puff;£0.75;£0.75/each;Fresh Speciality Bread;null;null;null;null;null;null;null;null;
272913990;Kalamata Olive Bloomer 380G;£1.50;£1.50/each;Fresh Speciality Bread;254;7.5;null;1.3;5.3;0.7;3.4;1.4;
272902283;Plain Pretzel;£0.75;£0.75/each;Fresh Speciality Bread;291;8.6;null;3.5;5.0;0.4;2.1;1.4;
283509035;Ploughmans Cob;£1.50;£1.50/each;Fresh Speciality Bread;259;9.1;null;1.8;3.8;2.2;2.5;0.7;
285498135;Tesco Corn Bread;£1.50;£1.50/each;Fresh Speciality Bread;261;9.7;null;3.0;3.7;0.5;3.3;1.0;
272903253;Rock Salt Pretzel;£0.75;£0.75/each;Fresh Speciality Bread;296;9.4;null;3.2;5.4;0.4;2.5;2.0;
281684128;Jalapeno Chilli And Three Cheese Bread 380G;£1.50;£1.50/each;Fresh Speciality Bread;256;10.1;null;6.1;3.3;1.7;3.4;0.8;
272913961;Six Grain Loaf;£1.50;£1.50/each;Fresh Speciality Bread;254;11.4;null;0.8;7.1;1.1;5.8;0.6;
272913857;Fruit And Nut Loaf 380G;£1.50;£1.50/each;Fresh Speciality Bread;326;9.2;null;15.6;7.2;0.8;3.8;0.7;
256499247;Rye Bread 370G;£1.50;£1.50/each;Fresh Speciality Bread;250;7.3;null;3.0;1.1;null;5.1;1.0;
286715385;Spinach And Ricotta Crown;£0.80;£0.80/each;Fresh Speciality Bread;null;null;null;null;null;null;null;null;
286715333;Goats Cheese And Red Pepper Crown;£0.80;£0.80/each;Fresh Speciality Bread;null;null;null;null;null;null;null;null;
267235388;Cheese Twist;£0.75;£0.75/each;Fresh Speciality Bread;404;14.5;null;5.4;21.9;10.5;2.9;0.7;
251326213;Mediterranean Loaf 380G;£1.50;£1.50/each;Fresh Speciality Bread;256;9.8;null;5.3;3.1;0.7;3.5;0.9;
266836767;Large Soft Sub 2 Pack;£0.70;£0.35/each;Fresh Speciality Bread;231;8.6;null;2.8;0.7;0.2;3.2;0.9;
277884934;Muesli Bread 380G;£1.50;£1.50/each;Fresh Speciality Bread;262;8.4;null;8.6;3.8;0.5;4.2;0.9;
287284287;Chocolate Feast Pizookie;£5.00;£5.00/each;Fresh Sweet Treats;464;4.1;null;54.5;21.9;12.5;2.1;0.3;
287284460;Chocolate Carnival Pizookie;£5.00;£5.00/each;Fresh Sweet Treats;499;4.0;null;51.3;28.4;15.7;1.9;0.4;
285513907;Galaxy Cookies 4 Pack;£1.30;£0.33/each;Fresh Sweet Treats;456;5.7;null;46.8;18.8;9.6;2.3;0.4;
283283133;Finest* Triple Chocolate Cookie 4 Pack;£1.50;£0.38/each;Fresh Sweet Treats;476;6.0;null;40.4;22.7;14.3;3.0;0.7;
287004050;Mothers Day Decorate Your Flowerpot;£1.75;£0.35/each;Fresh Sweet Treats;432;5.7;null;35.8;13.5;6.0;2.5;0.5;
286931900;Eggbert The Easter Bunny 224G;£2.00;£0.89/100g;Fresh Sweet Treats;426;5.7;null;36.9;13.1;5.9;2.5;0.6;
283292715;Oat And Rasin Cookies 5Pack;£1.00;£0.20/each;Fresh Sweet Treats;406;5.0;null;39.7;14.4;5.3;3.4;0.5;
287001957;Gingerbread Bunny Pop 30G;£0.90;£3.00/100g;Fresh Sweet Treats;418;5.4;null;38.9;11.8;5.3;2.2;0.5;
286714927;Red Velvet Cookies 5 Pack;£1.00;£0.20/each;Fresh Sweet Treats;416;4.7;null;46.9;14.8;7.1;3.2;0.5;
283471008;Rolo Cookies 5 Pack;£1.20;£0.24/each;Fresh Sweet Treats;null;null;null;null;null;null;null;null;
286932070;30Pk Eggscellent Easter Gingerbread 300G;£1.75;£0.06/each;Fresh Sweet Treats;434;5.6;null;43.9;10.8;4.3;1.5;0.5;
285467437;Tesco Brioche Roll;£0.40;£0.40/each;Fresh Sweet Treats;327;10.4;null;9.5;9.1;5.1;2.9;1.0;
285498319;Finest White Chocolate And Honeycomb Cookie 4 Pack;£1.50;£0.38/each;Fresh Sweet Treats;456;4.9;null;46.0;18.4;11.3;0.5;0.4;
257800909;Finest Triple Chocolate Shortbread 4 Pack;£1.50;£0.38/each;Fresh Sweet Treats;526;5.9;null;23.8;31.1;20.5;1.1;0.7;
276131923;Milk Chocolate Cookie 5 Pack;£1.00;£0.20/each;Fresh Sweet Treats;449;5.7;null;42.2;17.9;8.8;2.5;0.4;
285513959;Milky Way Stars Cookie 10 Pack;£1.00;£0.10/each;Fresh Sweet Treats;445;5.5;null;43.1;16.2;7.4;1.6;0.4;
285513625;Bounty Cookies 4 Pack;£1.30;£0.33/each;Fresh Sweet Treats;468;5.7;null;42.6;20.9;11.9;1.9;0.4;
283669933;Finest Granola 4 Pack;£1.50;£0.38/each;Fresh Sweet Treats;455;7.7;null;31.2;22.9;10.4;3.0;0.3;
287284342;Chocolate Supreme Pizookie;£5.00;£5.00/each;Fresh Sweet Treats;466;3.8;null;57.3;21.5;12.3;1.7;0.3;
275156325;Double Chocolate Cookie 5 Pack;£1.00;£0.20/each;Fresh Sweet Treats;475;5.5;null;40.1;23.8;11.5;3.5;0.7;
283293812;Finest All Butter Sultana Rock Scone 2 Pack;£1.00;£0.50/each;Fresh Tea Cakes & Scones;334;5.3;null;27.3;9.5;4.1;2.5;0.8;
268564060;All Butter Clotted Cream Scones 4 Pack;£1.00;£0.25/each;Fresh Tea Cakes & Scones;326;7.2;null;13.5;10.6;6.9;2.3;0.9;
281705664;Double Chocolate Hot Cross Bun 6 Pack;£1.00;£0.17/each;Fresh Tea Cakes & Scones;286;8.5;null;12.9;6.3;3.6;1.5;0.7;
266801987;Hot Cross Bun 6 Pack;£1.00;£0.17/each;Fresh Tea Cakes & Scones;287;7.0;null;20.4;5.3;2.0;2.6;0.7;
268564019;All Butter Clotted Cream Fruit Scones 4 Pack;£1.00;£0.25/each;Fresh Tea Cakes & Scones;310;6.5;null;24.0;8.9;5.7;2.9;0.9;
258081283;Crusty White Bloomer Sliced 800G > >;£1.00;£0.13/100g;Fresh White Bread;261;9.4;null;4.5;1.4;0.3;3.1;1.0;
255809114;Crusty White Bloomer 800G > >;£1.00;£0.13/100g;Fresh White Bread;261;9.4;null;4.5;1.4;0.3;3.1;1.0;
253078439;Tiger Bloomer 800G > >;£1.00;£0.13/100g;Fresh White Bread;269;9.4;null;4.5;2.9;0.5;3.4;1.0;
268592475;Tiger Cheese Bloomer 800G > >;£1.00;£0.13/100g;Fresh White Bread;254;9.7;null;2.9;3.1;1.6;2.4;0.9;
264335107;Poppy Seed Bloomer 800G > >;£1.00;£0.13/100g;Fresh White Bread;272;10.0;null;3.0;1.5;0.3;3.3;0.9;
254526058;Crusty White Farmhouse Loaf 400G > >;£0.70;£0.18/100g;Fresh White Bread;259;9.4;null;3.9;1.2;0.3;3.3;1.0;
258081588;Crusty White Farmhouse Loaf Sliced 400G > >;£0.70;£0.18/100g;Fresh White Bread;259;9.4;null;3.9;1.2;0.3;3.3;1.0;
255809195;Crusty White Bloomer 400G > >;£0.70;£0.18/100g;Fresh White Bread;264;9.7;null;4.7;1.5;0.4;3.1;1.0;
255809310;Crusty White Split Tin Sliced 800G > >;£1.00;£0.13/100g;Fresh White Bread;268;9.4;null;4.1;1.5;0.3;3.3;1.0;
250759508;Crusty White Farmhouse Loaf Sliced 800G > >;£1.00;£0.13/100g;Fresh White Bread;259;9.4;null;3.9;1.2;0.3;3.3;1.0;
255809143;Crusty White Split Tin 800G > >;£1.00;£0.13/100g;Fresh White Bread;268;9.4;null;4.1;1.5;0.3;3.3;1.0;
257798865;Crusty White Split Tin 400G > >;£0.70;£0.18/100g;Fresh White Bread;268;9.4;null;4.1;1.5;0.3;3.3;1.0;
258397693;Crusty White Bloomer Sliced 400G > >;£0.70;£0.18/100g;Fresh White Bread;264;9.7;null;4.7;1.5;0.4;3.1;1.0;
255809172;Crusty White Sandwich Loaf 800G > >;£1.00;£0.13/100g;Fresh White Bread;254;9.2;null;4.0;1.2;0.2;3.2;1.0;
250675630;Tesco Organic White Bloomer 400G > >;£0.80;£0.20/100g;Fresh White Bread;277;8.0;null;2.5;1.0;0.2;3.1;0.9;
253078451;Tiger Bloomer 400G > >;£0.70;£0.18/100g;Fresh White Bread;261;9.5;null;4.5;2.6;0.5;2.8;0.9;
259720085;Salt And Pepper Bloomer Sliced 800G > >;£1.00;£0.13/100g;Fresh White Bread;273;9.8;null;2.9;1.5;0.4;3.0;0.4;
257989991;Crusty White Split Tin Sliced 400G > >;£0.70;£0.18/100g;Fresh White Bread;268;9.4;null;4.1;1.5;0.3;3.3;1.0;
258081507;Crusty White Sandwich Loaf Sliced 800G > >;£1.00;£0.13/100g;Fresh White Bread;254;9.2;null;4.0;1.2;0.2;3.2;1.0;
259719928;Salt And Pepper Bloomer 800G > >;£1.00;£0.13/100g;Fresh White Bread;273;9.8;null;2.9;1.5;0.4;3.0;1.3;
254682966;Tesco 4 Homebake Baguettes;£2.00;£0.50/each;Part Baked Bread;289;8.6;null;4.5;1.2;0.2;3.5;1.3;
253551789;Tesco 2 Homebake Baguettes;£1.20;£0.60/each;Part Baked Bread;289;8.6;null;4.5;1.2;0.2;3.5;1.3;
268904309;Tesco Bake At Home Brown Seeded Baguettes 2 Pack;£0.92;£0.46/each;Part Baked Bread;321;9.9;null;5.1;3.2;0.4;5.6;1.2;
254682839;Tesco 12 Homebake Petit Pains;£2.00;£0.17/each;Part Baked Bread;289;8.6;null;4.5;1.2;0.2;3.5;1.3;
262712724;Weight Watchers Petit Pain 4 Pack;£1.00;£0.25/each;Part Baked Bread;null;6.8;null;null;0.9;null;6.8;0.9;
268904407;Tesco Bake At Home Brown Seeded Rolls 6 Pack;£1.00;£0.17/each;Part Baked Bread;321;9.9;null;5.1;3.2;0.4;5.6;1.2;
262982893;Tesco Everyday Value 2 Pack Part Baked Baguette;£0.45;£0.23/each;Part Baked Bread;289;8.6;null;4.5;1.2;0.2;3.5;1.3;
284884716;Tesco Bake At Home Ciabatta;£1.00;£1.00/each;Part Baked Bread;null;null;null;null;null;null;null;null;
283629175;Kingsmill White Bagel Thins 6 Pack;£1.40;£0.23/each;Bagels;270;10.7;null;null;1.5;null;3.1;0.93;
253829047;New York Bakery Cinnamon And Raisin Bagels 5 Pack;£1.60;£0.32/each;Bagels;263;10.5;null;null;1.6;null;3.5;0.8;
257519598;Tesco Original Bagels 5 Pack;£1.20;£0.24/each;Bagels;264;10.7;null;5.4;1.8;0.2;3.1;0.8;
256592522;New York Bakery Sesame Bagels 5 Pack;£1.60;£0.32/each;Bagels;266;10.5;null;null;2.9;null;4.5;0.8;
266991766;Weight Watchers Bagels 5 Pack;£1.40;£0.28/each;Bagels;null;11.2;null;null;2.3;null;7.8;0.3;
276945980;New York Bakery Red Onion And Chive 4 Pack;£1.60;£0.40/each;Bagels;250;10.4;null;null;1.3;null;3.8;0.9;
250774576;New York Bakery Plain Bagels 5 Pack;£1.60;£0.32/each;Bagels;1080kJ 970kJ;10.3;null;null;1.3;null;3.1;0.8;
257519673;Tesco 5 Cinnamon And Raisin Bagels;£1.20;£0.24/each;Bagels;270;10.4;null;9.5;1.7;0.2;3.8;0.7;
281787744;New York Bakery Plain Mini Bagels 8 Pack;£1.60;£0.20/each;Bagels;1080kJ 486kJ;10.3;48.9;null;1.3;null;3.1;0.8;
286767490;New York Bakery Roasted Garlic And Herb Bagel 4 Pack;£1.60;£0.40/each;Bagels;1087kJ 978kJ;10.3;null;null;1.3;null;3.4;0.7;
251710461;Tesco 4 Oven Bottom Muffins;£0.65;£0.16/each;Bread Rolls;281;10.2;null;3.6;3.8;0.8;2.8;0.8;
251933448;Tesco 4 Seeded Burger Buns;£0.65;£0.16/each;Bread Rolls;267;9.5;null;3.9;3.6;1.3;2.9;0.7;
262203117;Warburtons 6 Sliced Sandwich Rolls;£0.85;£0.14/each;Bread Rolls;1108kJ 609kJ 8400kJ;9.7;null;null;4.5;null;2.4;1.00;
255650611;Tesco 4 Mixed Seed Deli Rolls;£0.90;£0.23/each;Bread Rolls;283;10.1;null;4.9;4.5;1.2;5.8;0.9;
276686548;Warburtons Half And Half 8 Rolls;£1.00;£0.13/each;Bread Rolls;1100kJ 605kJ 8400kJ;10.4;null;null;4.5;null;4.0;0.98;
254944968;Tesco 6 Wholemeal Rolls;£0.80;£0.13/each;Bread Rolls;242;10.4;null;5.0;3.3;1.3;5.6;0.7;
268286763;Tesco Finest White Rolls 4 Pack;£1.30;£0.33/each;Bread Rolls;252;9.1;null;5.1;3.5;1.3;2.3;0.9;
251807007;Tesco 6 White Rolls;£0.65;£0.11/each;Bread Rolls;258;9.1;null;5.1;3.6;1.4;3.0;0.7;
262712724;Weight Watchers Petit Pain 4 Pack;£1.00;£0.25/each;Bread Rolls;null;6.8;null;null;0.9;null;6.8;0.9;
265433237;Tesco Finest 4 Wholemeal Rolls;£1.30;£0.33/each;Bread Rolls;243;11.3;null;3.1;3.4;1.6;5.9;1.0;
255231572;Tesco 4 White Baps;£0.65;£0.16/each;Bread Rolls;259;10.4;null;3.7;3.9;2.0;3.0;0.8;
282539162;Tesco 4 White Mini Sub Rolls;£1.00;£0.25/each;Bread Rolls;265;10.1;null;4.2;3.6;1.5;3.5;0.8;
278065445;Kingsmill Great Everyday 50/50 Rolls 6 Pack;£1.00;£0.17/each;Bread Rolls;245 ;9.3;null;null;3.8;null;4.4;1.00;
278066254;Kingsmill 6 Tasty Wholemeal Rolls;null;null;Bread Rolls;245 ;10.6;null;null;3.8;null;6.5;0.93;
256627241;Tesco 4 Wholemeal Baps;£0.65;£0.16/each;Bread Rolls;242;10.3;null;3.8;3.6;1.4;5.6;0.8;
268003074;Warburtons Sliced Rolls 8 Pack;£1.00;£0.13/each;Bread Rolls;1108kJ 609kJ 8400kJ;9.7;null;null;4.5;null;2.4;1.00;
250915629;Warburtons 12 Sliced Sandwich Rolls;£1.40;£0.12/each;Bread Rolls;1108kJ 609kJ 8400kJ;9.7;null;null;4.5;null;2.4;1.00;
278065854;Kingsmill 6 Soft White Rolls;£1.00;£0.17/each;Bread Rolls;270 ;8.1;null;null;4.5;null;2.7;1.00;
253728397;Tesco 4 Oat Top Wholemeal Deli Rolls;£0.90;£0.23/each;Bread Rolls;258;10.9;null;5.1;5.3;2.0;6.7;0.7;
282539254;Tesco 4 Wholemeal Mini Sub Rolls;£1.00;£0.25/each;Bread Rolls;264;11.5;null;4.2;3.9;1.6;5.4;0.9;
282669422;Tesco Plain Mini Naan 6 X 60G;£1.00;£0.17/each;Naan;291;7.7;null;3.9;6.5;1.3;2.4;0.8;
263343358;Tesco 6 Light Choices Mini Naan Bread;£1.00;£0.17/each;Naan;248;7.7;null;2.6;2.5;0.2;2.7;0.8;
282665340;Tesco Mini Peshwari Naan 6 X 60G;£1.00;£0.28/100g;Naan;311;8.2;null;4.2;8.8;1.3;4.0;0.9;
262959386;Tesco Finest 2 Garlic And Coriander Naan Bread;£1.50;£0.75/each;Naan;308;7.1;null;1.6;11.5;2.5;3.0;0.6;
260995783;Tesco Finest Peshwari Naan Bread 2 Pack;£1.50;£0.75/each;Naan;295;6.7;null;12.4;8.0;4.9;3.4;0.6;
258012372;Tesco Finest Plain Naan Bread 2 Pack;£1.50;£0.75/each;Naan;318;6.8;null;1.8;12.8;4.0;2.3;0.9;
263343197;Tesco 6 Garlic And Coriander Mini Naan Bread;£1.00;£0.17/each;Naan;286;7.6;null;4.1;5.7;1.3;2.5;0.8;
259288423;Tesco 10 Mini Wholemeal Pitta;£1.00;£0.10/each;Pitta;240;9.5;null;2.5;1.2;0.3;6.4;0.5;
257024152;Tesco 10 Mini White Pitta Bread;£1.00;£0.10/each;Pitta;251;8.9;null;1.5;0.9;0.2;3.1;0.4;
260219494;Tesco 6 Large White Pitta Bread;£1.00;£0.17/each;Pitta;251;8.9;null;1.5;0.9;0.2;3.1;0.4;
285694818;Tesco 5 Mediterranean Pitta Squares;£0.70;£0.14/each;Pitta;254;9.4;null;1.5;0.9;0.2;2.9;0.6;
250064380;Tesco Everyday Value 6 White Pitta Bread;£0.30;£0.05/each;Pitta;265;7.8;null;2.8;1.1;0.1;2.5;null;
254945564;Tesco 6 White Pitta Bread;£0.50;£0.08/each;Pitta;251;8.9;null;1.5;0.9;0.2;3.1;0.4;
259288008;Tesco Large Wholemeal Pitta Bread 6 Pack;£1.00;£0.17/each;Pitta;240;9.5;null;2.5;1.2;0.3;6.4;0.5;
254945610;Tesco 6 Wholemeal Pitta Bread;£0.50;£0.08/each;Pitta;240;9.5;null;2.5;1.2;0.3;6.4;0.5;
285694726;Tesco 5 White Pitta Squares;£0.70;£0.14/each;Pitta;265;10.0;null;2.0;1.1;0.2;2.8;0.7;
285694784;Tesco 5 Wholemeal Pitta Squares;£0.70;£0.14/each;Pitta;249;9.7;null;1.8;1.5;0.3;8.0;0.5;
273349129;Warburtons 6 Brown Sandwich Thins;£1.20;£0.20/each;Sandwich Thins;1001kJ 420kJ 8400kJ;9.9;null;null;2.6;null;4.8;0.98;
282693686;Tesco Wholemeal Sandwich Thins 6 Pack;£1.00;£0.17/each;Sandwich Thins;265;13.8;null;4.0;3.0;0.5;7.6;1.2;
268319311;Warburtons Sandwich Thins 6 Pack;£1.20;£0.20/each;Sandwich Thins;null;9.2;null;null;2.5;null;3.8;0.98;
282538105;Warburtons Seeded Sandwich Thins 6 Pack;£1.20;£0.20/each;Sandwich Thins;1001kJ 420kJ 8400kJ;9.8;null;null;4.0;null;4.5;0.98;
282978989;Tesco 6 Multiseed Sandwich Thins;£1.00;£0.17/each;Sandwich Thins;285;12.7;null;3.2;4.9;0.8;6.0;1.0;
285529152;Kingsmill Sandwich Thins White 6 Pack;£1.30;£0.22/each;Sandwich Thins;266 ;9.4;null;null;2.5;null;3.0;0.99;
285529221;Kingsmill Sandwich Thins 5050 6 Pack;£1.30;£0.22/each;Sandwich Thins;266 ;10.6;null;null;2.8;null;5.2;0.99;
279846274;Warburtons Half And Half Sandwich Thins 6 Pack;£1.20;£0.20/each;Sandwich Thins;1001kJ 420kJ 8400kJ;10.1;null;null;2.5;null;4.5;0.90;
282693778;Tesco White Sandwich Thins 6 Pack;£1.00;£0.17/each;Sandwich Thins;279;10.5;null;3.4;1.7;0.3;2.5;1.3;
279448636;Mission Deli. Mini Wrap Original 6 Pack;£1.00;£0.17/each;Wraps;1261 kJ 391 kJ 8400kJ/ 391 kJ 5%;7.6;null;null;null;null;2.7;1.44;
285725363;Mission Deli. Wraps Wholemeal 8 Pack;£1.70;£0.21/each;Wraps;1228 kJ 752 kJ 8400kJ/ 752kJ/ 9%;8.4;null;null;null;null;8.8;1.38;
262712822;Weight Watchers Wraps 6 Pack;£1.40;£0.23/each;Wraps;null;7.1;null;null;1.0;null;6.7;0.8;
280034232;Kingsmill White Wraps 6 Pack;£1.30;£0.22/each;Wraps;316 ;8.7;null;null;7.1;null;2.9;1.00;
261092202;Tesco 8 Plain Tortilla Wraps;£0.90;£0.11/each;Wraps;284;8.2;null;2.2;5.0;2.2;3.7;1.0;
268004113;Mission Deli. Mini Wrap - Wheat And White;£1.00;£0.17/each;Wraps;1215kJ 377kJ 8400kJ/ 377 kJ 4%;7.5;null;null;null;null;5.6;1.38;
282669232;Tesco Mini Tortilla Wraps 10 Pack;£1.00;£0.10/each;Wraps;284;8.2;null;2.2;5.0;2.2;3.7;1.0;
286715707;Kingsmill Wholemeal Sandwich Thins 6 Pack;£1.30;£0.22/each;Wraps;240;10.1;null;null;3.0;null;7.1;0.89;
281069137;Tesco Healthy Living Whole And White Wraps 8Pk;£1.30;£0.16/each;Wraps;284;8.5;null;3.5;2.7;0.8;4.5;0.9;
266722124;Weight Watchers Pitta 6 Pack;£1.00;£0.17/each;Wraps;null;9.2;null;null;1.2;null;7.8;0.56;
260274853;Mission Deli. Wrap Original 8 Pack;£1.70;£0.21/each;Wraps;1261 kJ 772 kJ 8400kJ/ 772kJ/ 9%;7.6;null;null;null;null;2.7;1.44;
263343750;Tesco 8 Seeded Tortilla Wraps;£0.90;£0.11/each;Wraps;290;8.6;null;2.8;6.3;2.3;4.4;1.0;
260274824;Mission Deli. Wrap Mediterranean Herb 8 Pack;£1.70;£0.21/each;Wraps;1260 kJ 771 kJ 8400kJ/ 771kJ/ 9%;7.6;null;null;null;null;3.0;1.36;
282693663;Tesco Sweet Chilli Tortilla 8Pk;£1.00;£0.13/each;Wraps;288;7.4;null;4.3;4.5;2.1;2.7;1.0;
285769512;Weight Watchers Wholemeal And White Wraps 6 Pack;£1.40;£0.23/each;Wraps;null;6.7;null;null;1.8;null;10.6;0.85;
260274866;Mission Deli. Wrap Wheat And White 8 Pack;£1.70;£0.21/each;Wraps;1215 kJ 774 kJ 8400kJ/ 744kJ/ 9%;7.5;null;null;null;null;5.6;1.38;
273349106;Warburtons 6 Brown Square Wraps;£1.40;£0.23/each;Wraps;1217kJ 791kJ 8400kJ;12.4;null;null;4.0;null;3.6;0.98;
267327464;Warburtons 6 Square Wraps;£1.40;£0.23/each;Wraps;1025kJ 666kJ 8400kJ;12.4;null;null;3.9;null;2.1;0.98;
282693824;Tesco Mediterranean Herb Tortillas 8 Pack;£1.00;£0.13/each;Wraps;282;7.5;null;2.6;4.5;2.1;5.1;0.9;
268865821;Tesco Everyday Value Crumpets 6 Pack;£0.37;£0.06/each;Crumpets;188;6.0;null;3.0;0.9;0.2;2.9;1.1;
252846644;Warburtons Crumpets 6 Pack > >;£0.68;£0.11/each;Crumpets;753kJ 414kJ 8400kJ;5.6;null;null;0.7;null;2.3;1.48;
277550984;Tesco Extra Thick Crumpets 6 Pack;£0.59;£0.10/each;Crumpets;181;6.2;null;4.9;0.7;0.1;1.5;0.9;
276930012;Kingsmill Scrumptious Crumpets 6 Pack;£0.75;£0.13/each;Crumpets;189 ;5.8;null;null;1.0;null;2.0;1.25;
282669065;Tesco 9 Extra Thick Crumpets;£0.72;£0.08/each;Crumpets;181;6.2;null;4.9;0.7;0.1;1.5;0.9;
282924466;Kingsmill Square Crumpets 6 Pack;£1.00;£0.17/each;Crumpets;188 ;5.8;null;null;0.7;null;2.0;1.18;
250653092;Tesco White Muffins 6 Pack;£0.80;£0.13/each;Breakfast Muffins;219;8.4;null;4.4;1.5;0.5;2.7;1.0;
276930029;Kingsmill Magnificent Muffins 4Pack;null;null;Breakfast Muffins;222 ;9.7;null;null;1.8;null;2.6;1.13;
255735878;Rankin Irish Potato Farls 4 Pack;£1.20;£0.20/each;Potato Cakes, Farls & Wheaten;777 kJ 466 kJ;2.3;null;null;3.6;null;2.5;1.0;
251250935;Warburtons Potato Cakes 6 Pack;£0.75;£0.13/each;Potato Cakes, Farls & Wheaten;1091kJ 584kJ 8400kJ;4.7;null;null;10.1;null;3.5;1.98;
254554180;Rankin Irish Soda Farl 2S;£1.00;£0.50/each;Potato Cakes, Farls & Wheaten;956 kJ 688 kJ;6.7;null;null;2.9;null;2.3;1.2;
254553250;Rankin Irish Brown Soda 400G;£1.20;£0.30/100g;Potato Cakes, Farls & Wheaten;865 kJ 346 kJ;9.4;null;null;3.2;null;5.8;1.0;
251250935;Warburtons Potato Cakes 6 Pack;£0.75;£0.13/each;Pancakes;1091kJ 584kJ 8400kJ;4.7;null;null;10.1;null;3.5;1.98;
282693712;Tesco 4 Large American Maple Syrup Pancakes;£1.00;£0.25/each;Pancakes;267;5.4;null;17.7;6.3;0.6;1.4;0.8;
287040680;Tesco Mothers Day Crumpet 6 Pack;£1.00;£0.17/each;Pancakes;null;null;null;null;null;null;null;null;
250060637;Tesco 8 Scotch Pancakes;£0.70;£0.09/each;Pancakes;256;5.1;null;18.7;5.7;0.6;1.2;1.0;
258296697;Tesco 8 Large Pancakes;£1.50;£0.19/each;Pancakes;288;5.7;null;16.8;12.1;1.3;1.6;0.5;
262550961;Tesco Chocolate Filled Crepes 8Pk;£1.30;£0.16/each;Pancakes;462;6.5;null;42.1;20.1;4.9;1.8;0.8;
254554180;Rankin Irish Soda Farl 2S;£1.00;£0.50/each;Pancakes;956 kJ 688 kJ;6.7;null;null;2.9;null;2.3;1.2;
282669163;Tesco Large American Apple And Cinnamon Pancakes;£1.00;£0.25/each;Pancakes;249;4.9;null;16.2;6.0;0.9;1.4;0.9;
282693640;Tesco Large American Blueberry Pancakes;£1.00;£0.25/each;Pancakes;274;4.7;null;23.4;6.1;0.5;1.7;0.8;
282669330;Tesco 4 Large American Toffee Pancakes;£1.00;£0.25/each;Pancakes;255;5.1;null;16.0;6.4;1.2;1.8;0.9;
250060689;Tesco 8 Lemon And Raisin Pancakes;£0.70;£0.09/each;Pancakes;281;5.3;null;28.1;5.9;0.9;2.1;0.8;
276930058;Kingsmill Perfect Pancakes 6Pack;£0.75;£0.13/each;Pancakes;269 ;6.0;null;null;4.7;null;1.5;1.25;
284358263;Kingsmill Love To Toast Waffles 6Pack;null;null;Waffles;467 ;5.9;null;null;25.8;null;1.4;0.75;
250810338;Mcvities Toasting Waffles 8 Pack;£1.20;£0.15/each;Waffles;null;5.7;null;null;25.5;null;0.8;0.73;
280108520;Tesco Belgian Liege Sugar Waffles X4;£1.00;£0.25/each;Waffles;445;4.9;null;28.4;22.3;9.1;2.5;0.6;
259405827;Cafe Continental 6 All Butter Croissants;£1.19;£0.20/each;Croissants;373;6.0;null;5.9;16.1;7.5;1.8;0.9;
254945512;Tesco 8 All Butter Croissants;£1.75;£0.22/each;Croissants;388;8.4;null;6.9;19.1;12.0;2.9;0.8;
255778823;Tesco 4 All Butter Croissants;£1.00;£0.25/each;Croissants;388;8.4;null;6.9;19.1;12.0;2.9;0.8;
257005808;Tesco Finest All Butter Croissants 4 Pack;null;null;Croissants;453;7.9;null;6.1;28.2;17.0;2.5;0.8;
254041395;Cafe Continental 10 Chocolate Chip Brioche Rolls;£1.25;£0.13/each;Brioche;385;7.9;null;18.5;15.6;8.2;2.5;0.8;
265169072;Brioche Pasquier 6 Pains Au Chocolate;£1.70;£0.28/each;Brioche;430;6.8;null;null;23.8;null;2.2;0.95;
277393109;Tesco Choc Chip Brioche Swirls 6 Pack;£1.50;£0.25/each;Brioche;301;7.2;null;18.8;8.1;2.5;1.9;0.7;
277393224;Tesco Raisin Brioche Swirls 6 Pack;£1.50;£0.25/each;Brioche;283;6.5;null;19.0;6.3;1.0;1.6;0.7;
251931548;Tesco Butter Brioche Rolls 8Pk;£1.40;£0.18/each;Brioche;355;8.8;null;14.0;11.4;5.5;2.0;1.0;
266543007;Tesco Finest Belgian Chocolate Briochettes 6 Pack;£1.90;£0.32/each;Brioche;360;7.7;null;16.0;13.9;9.2;2.4;0.8;
251931698;Tesco Brioche Chocolate Chip Rolls 8Pk;£1.40;£0.18/each;Brioche;376;8.9;null;20.3;13.5;4.6;2.2;0.8;
271832044;Tesco Finest Brioche Loaf 400G;£2.00;£0.50/100g;Brioche;371;8.1;null;12.2;14.1;8.5;2.2;0.8;
272652497;Pitch Chocolate 6 Pack;£1.70;£0.28/each;Brioche;1470 kJ 580 kJ -;5.2 ;null;29.8 ;11 ;26 ;3.2 ;1.05 ;
272652543;Pitch Chocolate Chip 6 Pack;£1.70;£0.28/each;Brioche;1510 kJ 559 kJ -;7.5 ;null;18.2 ;14.2 ;3.6 ;5.6 ;0.96 ;
259406089;Cafe Continental 10 Milk Brioche Rolls;£1.25;£0.13/each;Brioche;358;7.5;null;11.8;12.9;6.3;2.2;1.1;
273010979;Tesco Mini Pains Au Chocolate 6 Pack;£1.00;£0.17/each;Pain au Chocolat;410;8.2;null;13.3;20.7;12.7;3.1;0.8;
257002345;Tesco 4 Pains Au Chocolate;£1.25;£0.31/each;Pain au Chocolat;446;7.5;null;17.2;25.5;15.4;3.3;0.6;
259805066;Warburtons Fruit Teacakes 4 Pack;£0.80;£0.20/each;Tea Cakes;1109kJ 693kJ 8400kJ;8.7;null;null;3.0;null;3.2;0.75;
257728984;Tesco Finest 4 Large Teacakes;£1.30;£0.33/each;Tea Cakes;281;7.2;null;19.9;5.7;3.1;3.0;0.6;
285246935;Tesco Pikelets 6 Pack;£0.80;£0.13/each;Tea Cakes;193;7.0;null;2.9;0.6;0.2;2.0;1.4;
277901512;Soreen Apple And Sultana Loaf;£1.20;£1.20/each;Fruit Loaves;1320kJ 343kJ;7.2;null;null;4.0;null;5.0;0.7;
286671239;Tesco Finest Apple And Cinnamon Hot Cross Buns 4 Pack;£1.50;£0.38/each;Fruit Loaves;269;7.6;null;16.4;4.5;2.2;2.8;0.5;
252323088;Warburtons Fruit Loaf With Orange 400G > >;£1.08;£0.27/100g;Fruit Loaves;1115kJ 385kJ 8400kJ;6.8;null;null;3.0;null;3.8;0.85;
251938134;Soreen Fruity Malt Loaf Large;£1.20;£1.20/each;Fruit Loaves;1282KJ 340KJ;7.1;null;null;2.4;null;3.6;0.71;
285769950;Soreen Orange Loaf Large;£1.20;£1.20/each;Fruit Loaves;1370kJ 356kJ;7.1;null;null;4.7;null;4.7;0.6;
275850413;Tesco Finest 6 Welsh Cakes;£1.50;£0.25/each;Fruit Loaves;393;5.9;null;28.1;15.2;9.6;1.1;1.0;
268005279;Rankin Fruit Loaf;£1.50;£1.50/each;Fruit Loaves;1289 kJ 541 kJ;5.7;null;null;4.6;null;2.6;0.7;
251923641;Soreen Fruity Sliced Malt Loaf;£1.30;£1.30/each;Fruit Loaves;1325 kJ 325 kJ;8.6 ;null;null;2.0 ;null;3.2 ;0.6 ;
251481581;Soreen Toastie Loaf;£1.30;£1.30/each;Fruit Loaves;1260 kJ 515 kJ;9.6 ;null;null;4.3 ;null;5.0 ;0.6 ;
255985687;Warburtons 400G Raisin Loaf With Cinnamon > >;£1.08;£0.27/100g;Fruit Loaves;1156kJ 414kJ 8400kJ;7.2;null;null;3.7;null;3.2;0.83;
285769823;Soreen Mini Loaves 2 Pack;£0.75;£0.38/each;Fruit Loaves;null;9.2;null;null;2.9;null;4.4;0.6;
286748942;6 Beautifully Balanced Hot Cross Buns;£1.00;£0.17/each;Fruit Loaves;265;6.7;null;21.1;3.3;1.0;5.1;0.4;
256413776;Rankin Irish Barmbrack 480G;£1.80;£0.38/100g;Fruit Loaves;1248 kJ;4.5;null;null;3.4;null;3.2;null;
286672002;Tesco Finest Fudge And Belgian White Chocolate Hot Cross Buns 4Pack;£1.50;£0.38/each;Fruit Loaves;328;8.4;null;13.8;11.1;5.8;2.4;0.7;
267257949;Soreen Banana Loaf;£1.20;£1.20/each;Fruit Loaves;1336kJ 347kJ;7.0;null;null;4.9;null;5.0;0.7;
254946102;Tesco Sliced Fruit Loaf;£0.85;£0.85/each;Fruit Loaves;279;8.2;null;21.7;4.2;0.7;3.6;0.4;
253846591;Tesco Finest Sultana Scones 4 Pack;£1.60;£0.40/each;Scones;359;6.7;null;20.9;12.7;8.0;2.3;1.3;
251945119;Tesco 6 All Butter Scones;£1.00;£0.17/each;Scones;372;8.2;null;18.3;13.7;8.4;0.9;0.9;
251945131;Tesco 6 Sultana Scones;£1.00;£0.17/each;Scones;351;7.7;null;24.5;10.7;6.6;1.7;0.9;
265322645;Tesco Finest All Butter Scones 4 Pack;£1.60;£0.40/each;Scones;369;7.5;null;12.6;15.0;9.6;1.8;1.5;
277393023;Tesco Finest All Butter And Cherry Scones 4 Pack;£1.60;£0.40/each;Scones;349;7.1;null;22.9;10.3;6.5;1.9;1.2;
285529296;Tesco Finest Hot Cross Scones 4 Pack;£1.60;£0.40/each;Scones;357;6.3;null;30.0;11.0;7.1;1.2;0.8;
254946119;Tesco 6 White Hot Cross Buns;£1.00;£0.17/each;Hot Cross Buns;284;7.4;null;21.3;4.7;1.0;3.4;0.5;
261331312;Tesco Finest White Hot Cross Buns 4 Pack;£1.50;£0.38/each;Hot Cross Buns;283;8.9;null;25.1;5.4;2.8;3.1;0.6;
277468120;Tesco Belgian Bun 2 Pack;£1.20;£0.60/each;Iced Buns;373;4.3;null;36.3;10.6;4.2;1.8;0.5;
277468258;Tesco Raspberry Iced Finger Buns 6 Pack;£1.50;£0.25/each;Iced Buns;315;5.8;null;20.9;6.0;3.6;0.9;0.4;
250244000;Tesco 6 Iced Finger Buns;£1.00;£0.17/each;Iced Buns;338;6.2;null;22.0;9.0;3.6;1.9;0.6;
282539292;Tesco Jam Doughnuts 5 Pack;£1.00;£0.20/each;Doughnuts;349;5.4;null;15.1;16.0;5.7;1.9;0.8;
255821064;Tesco 4 Chocolate Chip Muffins;£1.00;£0.25/each;Muffins;417;5.5;null;29.5;20.5;4.0;2.1;0.4;
257682973;Tesco 4 Blueberry Muffins;£1.00;£0.25/each;Muffins;396;5.5;null;23.2;19.2;1.5;2.1;0.6;
266281760;Tesco Double Chocolate Mini Muffins 12 Pack;£1.30;£0.11/each;Muffins;395;6.1;null;25.8;19.0;2.9;2.1;0.4;
268183147;Tesco Mini Chocolate Muffins X12;£1.30;£0.11/each;Muffins;417;5.5;null;29.5;20.5;4.0;2.1;0.4;
255821064;Tesco 4 Chocolate Chip Muffins;£1.00;£0.25/each;Muffins;417;5.5;null;29.5;20.5;4.0;2.1;0.4;
268183147;Tesco Mini Chocolate Muffins X12;£1.30;£0.11/each;Muffins;417;5.5;null;29.5;20.5;4.0;2.1;0.4;
257682973;Tesco 4 Blueberry Muffins;£1.00;£0.25/each;Muffins;396;5.5;null;23.2;19.2;1.5;2.1;0.6;
266281760;Tesco Double Chocolate Mini Muffins 12 Pack;£1.30;£0.11/each;Muffins;395;6.1;null;25.8;19.0;2.9;2.1;0.4;
285962248;Despicable Me Celebration Cake;£10.00;£10.00/each;Birthday & Celebration Cakes;1746kJ 794kJ;2.1;73.4;null;12.4;null;null;0.24;
273341817;Batman Cake;£8.00;£8.00/each;Birthday & Celebration Cakes;359;2.5;null;null;9.7;null;0.5;0.45;
285089700;Disney Frozen Celebration Maderia Cake;£10.00;£10.00/each;Birthday & Celebration Cakes;1683kJ 851kJ;2.2;null;null;12.7;null;null;0.42;
272630362;Just Love Birthday Cake;£5.00;£5.00/each;Birthday & Celebration Cakes;null;2.8;null;null;16.0;null;null;0.3;
265391781;Cadbury Flake Cake;£7.75;£7.75/each;Birthday & Celebration Cakes;null;4.4;null;null;15.4;null;2.0;null;
273939174;Celebration Fireman Sam Cake;£10.00;£10.00/each;Birthday & Celebration Cakes;1736kJ 938kJ;2.5;null;null;14.2;null;0.6;null;
273986716;Avengers Celebration Cake;£10.00;£10.00/each;Birthday & Celebration Cakes;1705kJ 890kJ;2.5;68.4;null;13.4;null;null;0.39;
276047159;Disney Princess Tray Bake Each;£6.00;£6.00/each;Birthday & Celebration Cakes;1570 kJ 839 kJ 8400 kJ;3.1 ;null;null;11.2 ;null;1.9 ;0.45 ;
287418430;Mars Bar Cake Chocolate Cake;£15.00;£15.00/each;Birthday & Celebration Cakes;1721kJ 768kJ (9%;4.23;null;null;16.1;null;null;0.6;
273000904;Haribo Traybake;£5.50;£5.50/each;Birthday & Celebration Cakes;1812kJ 870kJ;4.8;55.4;null;20.7;null;2.8;null;
285414178;Galaxy Ganache Chocolate Celebration Cake;£11.00;£11.00/each;Birthday & Celebration Cakes;1774kJ 1046kJ (13%;4.8;null;null;20.7;null;null;0.73;
266051641;Hello Kitty Celebration Cake;£10.00;£10.00/each;Birthday & Celebration Cakes;1721kJ 918kJ;2.0;71.5;null;12.6;null;null;0.32;
283198205;Haribo Starmix Cupcake Platter 12 Pack;£5.00;£0.42/each;Birthday & Celebration Cakes;436;4.3;null;null;20.0;null;2.2;0.25;
275740745;Celebration One Direction Cake;£8.00;£8.00/each;Birthday & Celebration Cakes;null;2.2;null;null;11.8;null;null;0.44;
286931255;Jammy Dodger Celebration Cake;£7.00;£7.00/each;Birthday & Celebration Cakes;1642kJ 855kJ 8400kJ -;2.4;null;null;10.8;null;null;0.33;
282391916;M&M's Chocolate Sponge Celebration Cake;£11.00;£11.00/each;Birthday & Celebration Cakes;1673kJ 903kJ (11%;4.0;null;null;13.2;null;null;0.42;
262778692;Disney Fairies Celebration Cake;£10.00;£10.00/each;Birthday & Celebration Cakes;1668kJ 836kJ;2.2;69.5;null;12.0;null;null;0.4;
259180878;Beverley Manor Thomas And Friends Party Cake;£10.00;£10.00/each;Birthday & Celebration Cakes;397 ;2.6;null;null;10.8;null;0.9;0.37;
284861522;Cheeky Monkey Cake;£8.00;£8.00/each;Birthday & Celebration Cakes;428;3.7;null;51.6;17.3;4.1;1.8;0.2;
268390224;Beverley Manor Forever Friends Mini Gift Cake;£3.50;£3.50/each;Birthday & Celebration Cakes;441;2.0;null;null;16.7;null;0.9;0.43;
277492862;Fab Bakin' Boys Chunky Choccy Flapjacks 5 Pack;£1.50;£0.30/each;Flapjacks & Traybakes;null;5.7;59.3;null;23.4;null;null;0.30;
277486109;Fab Bakin' Boys Chunky Buttery 5 Pack Flapjacks;£1.50;£0.30/each;Flapjacks & Traybakes;466;5.7;null;null;22.0;null;4.9;0.50;
277486121;Fab Bakin' Boys Chunky Berry 5 Pack Flapjacks;£1.50;£0.30/each;Flapjacks & Traybakes;null;5.7;58.2;null;22.2;null;null;0.20;
278298031;Tesco 9 Chocolate Chunk Brownie Bites;£1.00;£0.11/each;Flapjacks & Traybakes;428;5.5;null;43.9;18.8;11.3;2.7;0.2;
278329278;Tesco Mini Shortbread Bites;£1.00;£0.11/each;Flapjacks & Traybakes;528;7.2;null;25.8;29.3;13.1;1.3;0.5;
262095203;Tesco Caramel Shortcake Traybake;£1.40;£1.40/each;Flapjacks & Traybakes;527;3.8;null;36.5;27.9;17.0;1.2;0.4;
264901555;Mcvities Original Hobnobs Flapjack 5 Pack;£1.30;£0.26/each;Flapjacks & Traybakes;null;6.3;null;null;16.5;null;5.3;0.6;
278129371;Tesco Rocky Road;£1.00;£1.00/each;Flapjacks & Traybakes;480;6.0;null;45.7;21.7;12.9;2.6;0.4;
278130529;Tesco 10 Mini Gingerbread Men;£1.00;£1.00/each;Flapjacks & Traybakes;429;6.0;null;44.5;10.5;4.2;1.8;0.5;
261663950;Tesco Granola Traybake;£1.40;£0.51/100g;Flapjacks & Traybakes;404;5.9;null;36.6;15.0;4.9;5.3;0.1;
258193605;Tesco Everyday Value Flapjack Traybake 360G;£0.80;£0.22/100g;Flapjacks & Traybakes;401;6.8;null;30.6;14.3;5.1;3.8;0.1;
261663967;Tesco Rocky Road Traybake;£1.40;£1.40/each;Flapjacks & Traybakes;508;5.1;null;42.1;25.4;16.5;2.4;0.4;
278129584;Tesco 8 Cornflake Clusters;£1.00;£0.13/each;Flapjacks & Traybakes;476;6.2;null;33.6;19.3;11.6;3.3;0.4;
258228059;Mcvities Chocolate Hobnob Flapjacks 5 Pack;£1.30;£0.26/each;Flapjacks & Traybakes;null;6.3;null;null;17.4;null;5.0;0.5;
261663986;Tesco Chocolate Brownie Traybake;£1.40;£1.40/each;Flapjacks & Traybakes;428;5.5;null;46.4;18.4;9.1;5.7;0.3;
254947821;Mr Kipling Bakewell Tart;£1.49;£1.49/each;Fruit Pies & Tarts;1739kJ 872kJ;3.7;null;null;16.7;null;1.0;0.33;
282482772;Tesco Double Chocolate Layer Cake;£1.20;£1.20/each;Fruit Pies & Tarts;405;4.3;null;28.2;18.4;7.4;2.5;0.3;
254948307;Mr Kipling Fruit Pie Selection 6 Pack;£1.45;£0.24/each;Fruit Pies & Tarts;1518kJ 901kJ;3.5;null;null;13.2;null;1.5;0.31;
287839902;Brompton House Triple Chocolate Tart 300G;£2.00;£0.67/100g;Fruit Pies & Tarts;2084 kJ -;4 ;null;null;28 ;null;7 ;0.52 ;
282482728;Tesco Mini Lemon Meringues 6 Pack;£1.00;£0.17/each;Fruit Pies & Tarts;414;3.4;null;43.5;15.0;7.5;3.1;0.1;
282482642;Tesco Mini Blackcurrant Sundaes 6 Pack;£1.00;£0.17/each;Fruit Pies & Tarts;395;3.0;null;40.8;14.8;8.0;3.0;0.1;
287839862;Brompton House Strawberry Tart 300G;£2.00;£0.67/100g;Fruit Pies & Tarts;1607 kJ -;4.1 ;null;null;21 ;null;0.7 ;0.4 ;
279737254;Bonne Maman Lemon Tartelette 125G;£1.50;£1.20/100g;Fruit Pies & Tarts;1844 kJ 256 kJ;5 ;null;null;17 ;null;null;0.30 ;
254948273;Mr Kipling Bramley Apple Pies 6 Pack;£1.45;£0.24/each;Fruit Pies & Tarts;1465kJ 876kJ;3.4;null;null;13.1;null;1.5;0.30;
255503493;Tesco Lemon Curd Tarts 6 Pack;£0.70;£0.12/each;Fruit Pies & Tarts;428;3.4;null;41.7;15.8;5.9;2.0;0.2;
254947867;Mr Kipling Jam Tarts 6 Pack;£1.45;£0.24/each;Fruit Pies & Tarts;1658kJ 580kJ;3.5;null;null;13.0;null;1.4;0.10;
254947936;Tesco Assorted Jam Tarts 6 Pack;£0.70;£0.12/each;Fruit Pies & Tarts;408;3.4;null;37.2;13.6;6.4;1.5;0.2;
254948250;Mr Kipling Apple And Blackcurrant Pies 6 Pack;£1.45;£0.24/each;Fruit Pies & Tarts;1517kJ 901kJ;3.5;null;null;13.2;null;1.7;0.33;
254947838;Mr Kipling Cherry Bakewells 6 Pack;£1.45;£0.24/each;Fruit Pies & Tarts;1775kJ 842kJ;3.7;null;null;17.1;null;1.1;0.35;
279532254;Everyday Value Cherry Bakewells 6 Pack;£0.75;£0.13/each;Fruit Pies & Tarts;null;null;null;null;null;null;null;null;
277391388;Mr Kipling Mississippi Mud Pies 6 Pack;£1.49;£0.25/each;Fruit Pies & Tarts;1667kJ 850kJ;3.6;null;null;15.8;null;1.6;0.33;
279737323;Bonne Maman Milk Chocolate And Caramel Tartelette 135G;£1.50;£1.12/100g;Fruit Pies & Tarts;2053 kJ 308 kJ;6 ;null;null;23 ;null;null;0.6 ;
282482400;Tesco Mini Apple Crumbles 6 Pack;£1.00;£0.17/each;Fruit Pies & Tarts;386;3.4;null;36.1;13.4;6.5;3.3;0.1;
268405088;Tesco Cherry Bakewell Tarts 6 Pack;£1.00;£0.17/each;Fruit Pies & Tarts;417;3.5;null;39.3;15.9;5.2;3.1;0.1;
267984779;Mr Kipling Trifle Bakewells 6 Pack;£1.45;£0.24/each;Fruit Pies & Tarts;1771kJ 806kJ;3.7;null;null;17.3;null;0.9;0.31;
273600004;Weight Watchers Bakewell Slices;£1.30;£0.26/each;Healthier & Organic Cakes;null;3.9;null;null;4.3;null;1.7;0.3;
268941869;Weight Watchers 5 Chocolate Mini Rolls;£1.30;£0.26/each;Healthier & Organic Cakes;null;4.6;null;null;13.9;null;2.3;0.44;
268403401;Weight Watchers Lemon Slices 5 Pack;£1.30;£1.30/each;Healthier & Organic Cakes;null;4.3;null;null;5.5;null;2.5;0.4;
268940565;Weight Watchers 5 Belgian Chocolate Slices;£1.30;£0.26/each;Healthier & Organic Cakes;null;6.1;null;null;6.3;null;2.6;0.4;
268997895;Weight Watchers Jaffa Mini Rolls 5 Pack;£1.30;£0.26/each;Healthier & Organic Cakes;null;5.4;null;null;14.9;null;13.5;0.50;
268403551;Weight Watchers Coconut Slices 5 Pack;£1.30;£1.30/each;Healthier & Organic Cakes;null;5.0;null;null;6.5;null;2.0;0.4;
268403706;Weight Watchers Carrot Slices 5 Pack;£1.30;£1.30/each;Healthier & Organic Cakes;null;3.5;null;null;5.6;null;2.8;0.3;
272565600;Norfolk Cake Co. Cherry And Almond Cake;£2.19;£0.55/100g;Large Sharing Cakes;null;3.93;null;null;7.75;null;1.23;null;
260595486;Tesco Finest Victoria Sponge Cake;£2.00;£2.00/each;Large Sharing Cakes;403;4.6;null;32.6;17.6;10.5;2.1;0.4;
268064818;Tesco Finest Lemon Drizzle Cake;£2.00;£2.00/each;Large Sharing Cakes;391;3.6;null;39.1;16.5;4.6;1.6;0.4;
253046846;Tesco Finest Carrot Cake;£2.00;£2.00/each;Large Sharing Cakes;385;4.0;null;34.6;17.9;2.6;2.5;0.4;
252388840;Tesco Everyday Value Raspberry Flavoured Sponge Cake;£0.58;£0.58/each;Large Sharing Cakes;353;4.1;null;36.9;10.4;3.0;2.1;0.5;
255538238;Tesco Raspberry Sponge Cake;£1.00;£1.00/each;Large Sharing Cakes;348;4.1;null;44.5;9.2;4.0;1.3;0.5;
255538215;Tesco Chocolate Sponge Cake;£1.00;£1.00/each;Large Sharing Cakes;358;5.1;null;42.2;10.1;5.0;1.7;0.5;
253140037;Tesco Finest Coffee And Walnut Cake;£2.00;£2.00/each;Large Sharing Cakes;460;3.5;null;39.8;24.9;7.7;1.8;0.4;
285226619;Tesco Finest Red Velvet Cake;£2.65;£2.65/each;Large Sharing Cakes;431;4.0;null;41.5;20.4;3.7;1.9;0.4;
285226723;Tesco Finest Purple Velvet Cake;£2.65;£2.65/each;Large Sharing Cakes;437;3.7;null;37.7;21.3;4.4;1.1;0.5;
258240591;Tesco Everyday Value Lightly Fruited Slab Cake;£1.00;£1.00/each;Large Sharing Cakes;332;4.6;null;30.9;9.0;4.0;1.4;0.3;
253018385;Tesco Finest Chocolate Cake;£2.00;£2.00/each;Large Sharing Cakes;422;4.2;null;38.4;22.3;6.4;2.6;0.4;
264982901;Tesco Finest White Chocolate And Strawberry Cake;£2.00;£2.00/each;Large Sharing Cakes;422;3.2;null;39.5;20.8;6.9;2.2;0.3;
285226769;Tesco Finest Pink Velvet Cake;£6.00;£6.00/each;Large Sharing Cakes;437;2.7;null;45.3;21.3;7.5;1.1;0.3;
254946839;Mcvities Jamaica Ginger Cake;£1.30;£1.30/each;Large Sharing Cakes;null;3.7;null;null;10.4;null;1.6;0.61;
287505192;Tesco Finest Lemon Meringue Cake;£6.00;£6.00/each;Large Sharing Cakes;null;null;null;null;null;null;null;null;
257246995;Tesco Lemon Half Moon Cake;£1.50;£1.50/each;Large Sharing Cakes;429;4.4;null;44.8;18.9;1.5;1.1;0.5;
255538198;Tesco Coconut Sponge Cake;£1.00;£1.00/each;Large Sharing Cakes;400;3.7;null;42.4;17.2;7.3;2.0;0.4;
261672017;Tesco Lemon Sponge;£1.00;£1.00/each;Large Sharing Cakes;352;4.1;null;40.5;9.8;4.4;2.1;0.5;
254946632;Mr Kipling Manor House Cake;£1.49;£1.49/each;Large Sharing Cakes;1688kJ 1194kJ;5.3;null;null;20.2;null;1.5;0.30;
279737323;Bonne Maman Milk Chocolate And Caramel Tartelette 135G;£1.50;£1.12/100g;Small Cakes, Bites & Slices;2053 kJ 308 kJ;6 ;null;null;23 ;null;null;0.6 ;
268764007;Cadbury Boost Cake Bar 5 Pack;£1.45;£0.29/each;Small Cakes, Bites & Slices;2015kJ/ 800kJ/;5.3;null;null;26.8;null;1.9;0.50;
285132592;Kates Cakes 5 Chocolate Sponge Slices;£2.00;£0.40/each;Small Cakes, Bites & Slices;null;null;null;null;null;null;null;null;
262915296;Galaxy Cake Bar 10 Pack;£2.00;£0.20/each;Small Cakes, Bites & Slices;null;4.8;null;null;28.1;null;1.1;null;
274730488;Tesco Mini Gingerbread Men 270G;£1.60;£0.59/100g;Small Cakes, Bites & Slices;429;6.0;null;44.5;10.5;4.2;1.8;0.5;
282051974;Hoppers Chocolate Mini Rolls 10 Pack;£1.00;£0.10/each;Small Cakes, Bites & Slices;455 ;5.2 ;null;null;21.4 ;null;1.8 ;null;
250221275;Galaxy Caramel Cake Bars 5 Pack;£1.30;£0.26/each;Small Cakes, Bites & Slices;1842kJ 521kJ (6%;5.7;null;null;20.5;null;null;0.7;
277007839;Balconi Trancetto Chocolate;£1.00;£0.36/100g;Small Cakes, Bites & Slices;1638kJ 459kJ - -;5.2;null;null;17.7;null;null;null;
264567604;Cadbury Fudge Cake Bars 5 Pack;£1.45;£0.29/each;Small Cakes, Bites & Slices;1810kJ/ 585kJ/ 7% 8400kJ/;4.2;null;null;17.4;null;2.3;0.43;
277032411;Balconi Trancetto Strawberry;£1.00;£0.36/100g;Small Cakes, Bites & Slices;1660kJ 465kJ - -;4.7;null;null;18.2;null;null;null;
259238028;Cadburys Milk Chocolate Cake Bars 5 Pack;£1.45;£0.29/each;Small Cakes, Bites & Slices;1885kJ/ 575kJ/;4.7;null;null;24.1;null;2.4;0.63;
262601199;Cadbury Mini Rolls Selection 12 Pack;£2.75;£0.23/each;Small Cakes, Bites & Slices;1890kJ/ 8400kJ/;4.7;null;null;23.0;null;2.3;0.68;
282744949;Hoppers Assorted Jam Tarts 9Pk;£1.00;£0.11/each;Small Cakes, Bites & Slices;405;3.8;null;null;13.8;null;1.6;null;
251558848;Galaxy Cake Bars 5 Pack;£1.30;£0.26/each;Small Cakes, Bites & Slices;2028kJ 635kJ (8%;4.9;null;null;26.8;null;null;0.5;
254576286;Cadburys Caramel Cake Bars 5 Pack;£1.45;£0.29/each;Small Cakes, Bites & Slices;1825kJ/ 555kJ/ 7% 8400kJ/;5.4;null;null;19.5;null;2.3;0.78;
283393256;Cadburys Chocolate Mini Rolls 12 Pack;£2.00;£0.17/each;Small Cakes, Bites & Slices;1890kJ/ 510kJ/ 6% 8400kJ/;4.7;null;null;23.0;null;2.3;0.68;
279737254;Bonne Maman Lemon Tartelette 125G;£1.50;£1.20/100g;Small Cakes, Bites & Slices;1844 kJ 256 kJ;5 ;null;null;17 ;null;null;0.30 ;
287505298;Cadburys Chocolate Mini Rolls 5 Pack;£1.40;£0.28/each;Small Cakes, Bites & Slices;1890kJ/ 510kJ/ 6% 8400kJ/;4.7;null;null;23.0;null;2.3;0.68;
283393008;Cadburys Jam Mini Rolls 5 Pack;£1.40;£0.28/each;Small Cakes, Bites & Slices;1820kJ/ 520kJ/ 6% 8400kJ/;4.4;null;null;19.5;null;1.9;0.53;
267984779;Mr Kipling Trifle Bakewells 6 Pack;£1.45;£0.24/each;Small Cakes, Bites & Slices;1771kJ 806kJ;3.7;null;null;17.3;null;0.9;0.31;
286672296;Tesco Easter Chocolate Chip Shortbread 168G;£1.65;£0.98/100g;Seasonal Cakes;null;null;null;null;null;null;null;null;
276400980;Mr Kipling St.Clements Slices 6 Pack;£1.00;£0.17/each;Seasonal Cakes;1730kJ 467kJ;4.1;null;null;16.7;null;0.8;0.57;
282318055;The Cake Academy Simnel Slab;£4.00;£4.00/each;Seasonal Cakes;1569kJ -;4.8;null;null;12.4;null;3.0;0.32;
264439083;Mr Kipling Lemon Fancies.;£1.00;£0.13/each;Seasonal Cakes;1599kJ 446kJ;2.6;null;null;9.8;null;0.5;0.50;
254949335;Cadbury Mini Eggs Chocolate Gateau;£3.50;£3.50/each;Seasonal Cakes;1935kJ / 1345kJ / 16% 8400kJ/;5.3;null;null;23.1;null;2.1;0.51;
282317799;The Cake Academy Simnel Cake;£10.00;£10.00/each;Seasonal Cakes;1635kJ 1100kJ -;5.2;null;null;12.8;null;2.8;0.28;
257169389;Cadbury 6 Mini Egg Easter Cakes;£2.00;£0.33/each;Seasonal Cakes;1880kJ / 505kJ / 6% 8400kJ /;4.5;null;null;22.9;null;2.3;0.52;
287150526;Irwins Joeys Lemon Buns 4 Pack;£1.00;£0.25/each;Seasonal Cakes;1704 kJ -;4.1;null;null;21.0;null;1.6;0.4;
257983824;Mr Kipling Easter Lemon Bakewells 6 Pack;£1.00;£0.17/each;Seasonal Cakes;1805kJ 776kJ;3.6;null;null;17.3;null;1.0;0.40;
287150428;Irwins Joeys Chocy Buns 4 Pack;£1.00;£0.25/each;Seasonal Cakes;1729 kJ -;4.4;null;null;16.9;null;1.9;0.5;
276674314;Tesco Easter Cupcake Platter 12 Pack;£6.50;£0.54/each;Seasonal Cakes;471;2.6;null;42.4;25.8;8.0;2.0;0.4;
276793801;Tesco Easter Chocolate Log 270G;£1.00;£0.37/100g;Seasonal Cakes;425;4.8;null;35.0;20.8;12.7;2.7;0.3;
287173862;Tesco Rabbit In The Hole Cake;£8.00;£8.00/each;Seasonal Cakes;433;2.2;null;63.8;15.9;2.6;0.5;0.3;
276492921;Cadbury Easter 10 Cake Selection;£3.00;£0.30/each;Seasonal Cakes;1840kJ / 8400kJ /;5.3;null;null;19.0;null;2.1;0.75;
276605323;Tesco Easter Chocolate Nest Cake;£6.00;£6.00/each;Seasonal Cakes;444;2.3;null;52.1;17.7;3.4;1.1;0.4;
254949329;Cadbury Mini Egg Nests 5 Pack;£2.00;£0.40/each;Seasonal Cakes;2005kJ / 675kJ / 8% 8400kJ /;4.8;null;null;25.4;null;2.1;0.46;
276143500;Cadbury Cake Bar Lemon 5 Pack;£1.00;£0.20/each;Seasonal Cakes;2000kJ / 620kJ / 8% 8400kJ /;4.2;null;null;26.0;null;2.0;0.85;
287691352;Cadbury Orange Mini Roll 5 Pack;£1.00;£0.20/each;Seasonal Cakes;1900kJ/ 515kJ/ 6% 8400kJ/;4.8;null;null;23.1;null;2.3;0.68;
286616675;Tesco Twin Pack Mother's Day Cupcakes;£1.50;£0.75/each;Seasonal Cakes;null;null;null;null;null;null;null;null;
278508366;Genius Brown Bread 350G;£2.30;£0.66/100g;Free From Bread;null;3.3;null;null;7.4;null;6.4;0.8;
280516054;Ds Wholesome Seeded Sliced Loaf 300G;£2.50;£0.83/100g;Free From Bread;248;4.3;40;null;6.2;null;7.4;0.85;
280010237;Udi's White Loaf 400G;£1.10;£0.28/100g;Free From Bread;1123 kJ 408 kJ;3.7 ;null;null;5.0 ;null;4.0 ;0.7 ;
276605133;Tesco Free From Fresh White 550G;£2.40;£0.44/100g;Free From Bread;262;3.8;null;3.5;5.0;0.4;4.9;1.0;
266528886;Dietary Specials White Ciabatta Rolls 200G;£1.50;£0.75/100g;Free From Bread;900kJ 458kJ;4.1;41;null;1.8;null;8.3;1.0;
273942054;Genius Brown Sliced Bread 535G;£2.90;£0.54/100g;Free From Bread;null;1.2;null;null;2.7;null;2.3;0.3;
278508435;Genius White Bread 350G;£2.30;£0.66/100g;Free From Bread;null;3.1;null;null;8.2;null;8.2;0.9;
260954924;Tesco Free From White Sliced Bread 400G;£2.00;£0.50/100g;Free From Bread;269;3.3;null;8.2;5.6;0.5;4.9;0.9;
260954890;Tesco Free From Multiseed Slice Bread 400G;£2.00;£0.50/100g;Free From Bread;294;6.7;null;2.7;11.8;1.1;10.7;0.7;
266197065;Genius White Free From Rolls 4 Pack;£2.29;£0.57/each;Free From Bread;null;3.1;null;null;9.6;null;7.3;0.9;
282088199;Kelkin Sourdough Multiseed 200G;£3.00;£1.50/100g;Free From Bread;277;7.8;null;null;11;null;6.7;1.1;
266528959;Dietary Specials Brown Ciabatta Rolls 200G;£1.50;£0.75/100g;Free From Bread;1150kJ 575kJ;5.8;40;null;8.1;null;8.9;1.0;
285885777;Newburnbakehouse Free From White Rolls 4 Pack;£2.50;£0.63/each;Free From Bread;1028kJ 720kJ 8400kJ;7.3;null;null;5.7;null;5.9;0.90;
285886177;Newburnbakehouse Free From Seeded Loaf 560G;£3.00;£0.54/100g;Free From Bread;1005kJ 352kJ 8400kJ;8.2;null;null;7.2;null;8.3;0.80;
285886131;Newburnbakehouse Free From Brown Loaf 560G;£3.00;£0.54/100g;Free From Bread;927kJ 340kJ 8400kJ;7.7;null;null;5.0;null;6.2;0.80;
268530238;Genius Multi Seeded Bread 560G;£3.00;£0.54/100g;Free From Bread;1175 / 280 435 / 104 2000 kcal;5.7;null;null;12.1;null;10.4;0.9;
273949444;Genius Sliced White Bread 535G;£2.90;£0.54/100g;Free From Bread;null;3.1;null;null;8.2;null;8.2;0.9;
285885996;Newburnbakehouse Free From White Loaf 560G;£3.00;£0.54/100g;Free From Bread;1007kJ 352kJ 8400kJ;8.2;null;null;6.1;null;5.8;0.83;
276606161;Tesco Free From Sliced Seeded Bread 550G;£2.40;£0.44/100g;Free From Bread;283;4.4;null;4.7;8.6;1.2;7.8;0.8;
255965968;Tesco Free From 4 White Rolls;£1.60;£0.40/each;Free From Bread;266;3.7;null;6.9;4.6;0.4;5.5;0.9;
284157112;Tesco Free From Coffee And Walnut Slices 5 Pack;£1.80;£0.36/each;Free From Cakes & Cookies;418;3.5;null;30.9;19.2;2.6;1.2;0.5;
252958984;Mrs Crimble's Chocolate Macaroons 6 Pack;£1.35;£0.23/each;Free From Cakes & Cookies;1971 kJ 755 kJ;3.3;61.0;null;22.7;null;4.7;0.08;
256688352;Tesco Free From Chocolate Brownie Cake Bars 4 Pack;£1.50;£0.38/each;Free From Cakes & Cookies;430;4.2;null;34.8;20.3;4.1;4.1;0.8;
286069135;Genius Blueberry Muffin 2 Pack;£2.00;£1.00/each;Free From Cakes & Cookies;370;3.6;null;null;17.1;null;1.6;0.38;
274147482;Mrs Crimble's Large Coconut Jam Rings 6 Pack;£1.40;£0.23/each;Free From Cakes & Cookies;1807 kJ 723 kJ;3.8;51;null;21;null;11;0.09;
284157230;Tesco Free From Bakewell Slices 5 Pack;£1.80;£0.36/each;Free From Cakes & Cookies;409;4.2;null;28.2;17.8;1.6;1.1;0.5;
283819751;Udi's Chocolate Chip Bagels 350G;£2.30;£0.66/100g;Free From Cakes & Cookies;1246 kJ 1090 kJ;6.7 ;null;null;8.6 ;null;5.0 ;0.7 ;
284325924;Udi's Blueberry Muffins 160G;£1.90;£1.19/100g;Free From Cakes & Cookies;1449 kJ 1159 kJ;3.1 ;48.2 ;null;15.6 ;null;1.2 ;0.8 ;
284325976;Udi's Double Chocolate Muffins 140G;£1.90;£1.36/100g;Free From Cakes & Cookies;1685 kJ 1180 kJ;4.3 ;51.2 ;null;19.5 ;null;2.5 ;0.7 ;
266712608;Tesco Free From 4 Cherry Bakewell Tarts;£2.00;£0.50/each;Free From Cakes & Cookies;445;2.6;null;35.2;17.4;4.9;2.2;null;
284157178;Tesco Free From Angel Slices 5 Pack;£1.80;£0.36/each;Free From Cakes & Cookies;421;3.1;null;36.6;18.1;2.5;0.5;0.5;
256682675;Tesco Free From Bramley Apple Pies 4 Pack;£2.00;£0.50/each;Free From Cakes & Cookies;376;1.7;null;27.9;12.5;5.9;0.8;0.2;
252959303;Mrs Crimble's Coconut Macaroons 6 Pack;£1.35;£0.23/each;Free From Cakes & Cookies;1912 kJ 637 kJ;3.3;63.0;null;20.2;null;4.7;0.08;
284157299;Tesco Free From Lemon Slices 5 Pack;£1.80;£0.95/100g;Free From Cakes & Cookies;410;3.0;null;34.2;17.5;2.5;1.0;0.5;
256682358;Tesco Free From Chocolate Muffins 2 Pack;£0.70;£0.35/each;Free From Cakes & Cookies;434;4.1;null;33.4;20.8;5.1;4.3;0.7;
268805219;Tesco Free From Chocolate Sponge Cake 560G;£3.50;£0.63/100g;Free From Cakes & Cookies;458;3.7;null;38.6;22.8;4.1;1.9;0.6;
266712960;Tesco Free From Jam Tarts 6 Pack;£2.00;£0.33/each;Free From Cakes & Cookies;401;1.4;null;26.4;15.0;7.0;1.8;0.2;
280568781;Mrs Crimble's Chocolate Rings 200G;£1.80;£0.90/100g;Free From Cakes & Cookies;2076 kJ 691 kJ;3.7;62.3;null;24.6;null;5.5;0.05;
264155470;Mrs Crimble's Bakewell Slices 4 Pack;£1.15;£0.29/each;Free From Cakes & Cookies;1946 kJ 973 kJ;2.8;58.9;null;23.8;null;2.1;0.4;
284215611;Bfree Fajita Kit Allergen Free 412G;£5.50;£1.34/100g;Free From Cakes & Cookies;743kJ 534kJ -;4.2;32.8;null;1.2;null;8.6;null;
284275907;Genius Crumpet 220G;£2.00;£0.91/100g;Free From Wraps, Bagels, Pitta & Crumpets;209;4.8;29;2.6;7.4;0.6;2.7;1.17;
258798458;Tesco Free From Pizza Bases 2 Pack;£2.00;£1.00/each;Free From Wraps, Bagels, Pitta & Crumpets;242;3.9;null;10.4;3.8;0.3;2.9;0.7;
280047770;Udi's Plain Bagels 350G;£2.30;£0.66/100g;Free From Wraps, Bagels, Pitta & Crumpets;1114kJ 1058kJ;6.4;null;null;6.2;null;3.7;0.8;
285886246;Newburnbakehouse Free From White Wraps 4Pack;£2.99;£0.75/each;Free From Wraps, Bagels, Pitta & Crumpets;1165kJ 699kJ 8400kJ;4.5;null;null;5.7;null;7.3;1.13;
258121012;Tesco Free From 4 Pitta Bread;£2.00;£0.50/each;Free From Wraps, Bagels, Pitta & Crumpets;266;4.4;null;2.5;5.2;0.4;3.5;0.8;
280069703;Udi's Cinnamon And Raisin Bagels 350G;£2.30;£0.66/100g;Free From Wraps, Bagels, Pitta & Crumpets;1151kJ 1093kJ;6.3;null;null;6.2;null;5.7;0.8;
285886309;Newburnbakehouse Free From Seeded Wraps 4Pack;£2.99;£0.75/each;Free From Wraps, Bagels, Pitta & Crumpets;1270kJ 762kJ 8400kJ;5.5;null;null;8.4;null;9.5;1.13;
282073090;Genius Fruit Loaf 400G;£2.50;£0.63/100g;Free From Tea Cakes, Fruit Loaves & Scones;null;4.1;null;null;8;null;6;0.5;
257640764;Kelkin Gluten Free Tea Cakes 168G;£3.70;£22.03/kg;Free From Tea Cakes, Fruit Loaves & Scones;407;1.2;61;null;16;null;0;0.38;
286866551;Hot Cross Sharing Bun;£3.00;£3.00/each;Hot Cross Buns;292;7.2;null;15.3;7.0;3.5;2.8;0.5;
285529296;Tesco Finest Hot Cross Scones 4 Pack;£1.60;£0.40/each;Mother's Day Cakes & Treats;357;6.3;null;30.0;11.0;7.1;1.2;0.8;
251945119;Tesco 6 All Butter Scones;£1.00;£0.17/each;Mother's Day Cakes & Treats;372;8.2;null;18.3;13.7;8.4;0.9;0.9;
268564019;All Butter Clotted Cream Fruit Scones 4 Pack;£1.00;£0.25/each;Mother's Day Cakes & Treats;310;6.5;null;24.0;8.9;5.7;2.9;0.9;
251945131;Tesco 6 Sultana Scones;£1.00;£0.17/each;Mother's Day Cakes & Treats;351;7.7;null;24.5;10.7;6.6;1.7;0.9;
253846591;Tesco Finest Sultana Scones 4 Pack;£1.60;£0.40/each;Mother's Day Cakes & Treats;359;6.7;null;20.9;12.7;8.0;2.3;1.3;
277393023;Tesco Finest All Butter And Cherry Scones 4 Pack;£1.60;£0.40/each;Mother's Day Cakes & Treats;349;7.1;null;22.9;10.3;6.5;1.9;1.2;
265322645;Tesco Finest All Butter Scones 4 Pack;£1.60;£0.40/each;Mother's Day Cakes & Treats;369;7.5;null;12.6;15.0;9.6;1.8;1.5;
251945119;Tesco 6 All Butter Scones;£1.00;£0.17/each;Mother's Day Breakfast;372;8.2;null;18.3;13.7;8.4;0.9;0.9;
253846591;Tesco Finest Sultana Scones 4 Pack;£1.60;£0.40/each;Mother's Day Breakfast;359;6.7;null;20.9;12.7;8.0;2.3;1.3;
265322645;Tesco Finest All Butter Scones 4 Pack;£1.60;£0.40/each;Mother's Day Breakfast;369;7.5;null;12.6;15.0;9.6;1.8;1.5;
251945131;Tesco 6 Sultana Scones;£1.00;£0.17/each;Mother's Day Breakfast;351;7.7;null;24.5;10.7;6.6;1.7;0.9;
285529296;Tesco Finest Hot Cross Scones 4 Pack;£1.60;£0.40/each;Mother's Day Breakfast;357;6.3;null;30.0;11.0;7.1;1.2;0.8;
268564019;All Butter Clotted Cream Fruit Scones 4 Pack;£1.00;£0.25/each;Mother's Day Breakfast;310;6.5;null;24.0;8.9;5.7;2.9;0.9;
277393023;Tesco Finest All Butter And Cherry Scones 4 Pack;£1.60;£0.40/each;Mother's Day Breakfast;349;7.1;null;22.9;10.3;6.5;1.9;1.2;
265322645;Tesco Finest All Butter Scones 4 Pack;£1.60;£0.40/each;Afternoon Tea;369;7.5;null;12.6;15.0;9.6;1.8;1.5;
260595486;Tesco Finest Victoria Sponge Cake;£2.00;£2.00/each;Afternoon Tea;403;4.6;null;32.6;17.6;10.5;2.1;0.4;
251945131;Tesco 6 Sultana Scones;£1.00;£0.17/each;Afternoon Tea;351;7.7;null;24.5;10.7;6.6;1.7;0.9;
268564019;All Butter Clotted Cream Fruit Scones 4 Pack;£1.00;£0.25/each;Afternoon Tea;310;6.5;null;24.0;8.9;5.7;2.9;0.9;
285226769;Tesco Finest Pink Velvet Cake;£6.00;£6.00/each;Afternoon Tea;437;2.7;null;45.3;21.3;7.5;1.1;0.3;
253046846;Tesco Finest Carrot Cake;£2.00;£2.00/each;Afternoon Tea;385;4.0;null;34.6;17.9;2.6;2.5;0.4;
251945119;Tesco 6 All Butter Scones;£1.00;£0.17/each;Afternoon Tea;372;8.2;null;18.3;13.7;8.4;0.9;0.9;
254946632;Mr Kipling Manor House Cake;£1.49;£1.49/each;Afternoon Tea;1688kJ 1194kJ;5.3;null;null;20.2;null;1.5;0.30;
285226723;Tesco Finest Purple Velvet Cake;£2.65;£2.65/each;Afternoon Tea;437;3.7;null;37.7;21.3;4.4;1.1;0.5;
285226619;Tesco Finest Red Velvet Cake;£2.65;£2.65/each;Afternoon Tea;431;4.0;null;41.5;20.4;3.7;1.9;0.4;
253018385;Tesco Finest Chocolate Cake;£2.00;£2.00/each;Afternoon Tea;422;4.2;null;38.4;22.3;6.4;2.6;0.4;
268064818;Tesco Finest Lemon Drizzle Cake;£2.00;£2.00/each;Afternoon Tea;391;3.6;null;39.1;16.5;4.6;1.6;0.4;
264982901;Tesco Finest White Chocolate And Strawberry Cake;£2.00;£2.00/each;Afternoon Tea;422;3.2;null;39.5;20.8;6.9;2.2;0.3;
285529296;Tesco Finest Hot Cross Scones 4 Pack;£1.60;£0.40/each;Afternoon Tea;357;6.3;null;30.0;11.0;7.1;1.2;0.8;
253846591;Tesco Finest Sultana Scones 4 Pack;£1.60;£0.40/each;Afternoon Tea;359;6.7;null;20.9;12.7;8.0;2.3;1.3;
253140037;Tesco Finest Coffee And Walnut Cake;£2.00;£2.00/each;Afternoon Tea;460;3.5;null;39.8;24.9;7.7;1.8;0.4;
274445428;Tesco Vanilla Mini Cupcakes 9Pk;£1.60;£0.18/each;Afternoon Tea;503;3.1;null;56.7;28.1;11.2;1.1;0.3;
277393023;Tesco Finest All Butter And Cherry Scones 4 Pack;£1.60;£0.40/each;Afternoon Tea;349;7.1;null;22.9;10.3;6.5;1.9;1.2;
276414013;Geo Organics Fair Trade Baked Beans 400G;£1.00;£2.50/kg;Baked Beans;88 Kcal;5.1;null;null;0.4;null;null;null;
275205504;Branston Beans In Tomato Sauce 410G;£0.50;£1.22/kg;Baked Beans;null;null;null;null;null;null;null;null;
261507831;Oaktree Estate Beans And Sausages 405G;£0.70;£1.73/kg;Baked Beans;126;6.8;null;4.2;4.6;1.8;3.1;0.6;
254876547;Tesco Baked Beans & Pork Sausages In Tom Sauce 220G;£0.50;£2.28/kg;Baked Beans;115;6.0;null;4.4;3.8;1.4;3.7;0.7;
275205579;Branston Beans In Tomato Sauce 4 X 410G;£2.55;£1.56/kg;Baked Beans;null;null;null;null;null;null;null;null;
252633026;Heinz Baked Beans And Pork Sausages 415G;£1.00;£2.41/kg;Baked Beans;null;5.0;null;null;2.5;null;2.8;null;
273724002;Heinz Five Beanz In Tomato Sauce 415G;£0.90;£2.17/kg;Baked Beans;null;5.4;null;null;0.2;null;4.3;null;
275205660;Branston Beans And Sausages 405G;£0.85;£2.10/kg;Baked Beans;null;null;null;null;null;null;null;null;
252632995;Heinz Baked Beans And Pork Sausages 200G;£0.65;£3.25/kg;Baked Beans;null;5.3;null;null;2.6;null;2.9;null;
258510116;Tesco Baked Beans In Tomato Sauce 420G;£0.32;£0.76/kg;Baked Beans;87;4.3;null;5.5;0.5;0.1;4.1;0.6;
252004443;Heinz Baked Beans In Tomato Sauce 415G X 4 Pack;£2.00;£1.21/kg;Baked Beans;329kJ 682kJ -;4.7;null;null;0.2;null;3.7;0.6;
252261477;Heinz Baked Beans In Tomato Sauce 415G;£0.75;£1.81/kg;Baked Beans;null;4.7;null;null;0.2;null;3.7;null;
253034146;Heinz Baked Beans In Tomato Sauce 415G X 6 Pack;£3.85;£1.55/kg;Baked Beans;329kJ 682kJ -;4.7;null;null;0.2;null;3.7;0.6;
275205441;Branston Beans In Tomato Sauce 220G;£0.50;£2.28/kg;Baked Beans;null;null;null;null;null;null;null;null;
262229847;Heinz Baked Beans 3X200g;£1.55;£2.59/kg;Baked Beans;329kJ 659kJ -;4.7;null;null;0.2;null;3.7;0.6;
254876305;Tesco Baked Beans In Tomato Sauce 220G;£0.20;£0.91/kg;Baked Beans;87;4.3;null;5.5;0.5;0.1;4.1;0.6;
275206221;Hunger Breaks All Day Breakfast Beans 395G;£1.75;£4.44/kg;Baked Beans;114;5.8;null;null;3.8;null;3.4;null;
250993529;Heinz Baked Beans In Tomato Sauce 200G;£0.60;£3.00/kg;Baked Beans;null;4.7;null;null;0.2;null;3.7;null;
259992862;Oaktree Estate Baked Beans In Tomato Sauce420;£0.60;£1.43/kg;Baked Beans;88;4.1;null;5.8;0.7;0.2;4.7;0.6;
259051507;Tesco Baked Beans & Pork Sausages In Tom Sauce 395G;£0.70;£1.78/kg;Baked Beans;115;6.2;null;4.6;3.2;1.1;3.8;null;
284604370;Batchelors Super Rice Golden Vegetable 215G;£1.49;£6.94/kg;Packet Snack Meals;148;4.2;null;null;0.9;null;1.2;0.40;
255577698;Tesco Everyday Value Tomato And Onion Pasta'n'sce 110G;£0.20;£1.82/kg;Packet Snack Meals;97;3.3;null;3.6;0.3;<0.1;1.4;0.3;
284754053;Batchelors Spic Chicken Couscous 98G;£1.19;£12.15/kg;Packet Snack Meals;119;4.7;null;null;1.1;null;1.6;0.40;
258841951;Tesco Pasta In Sauce Chicken And Mushroom 120G;£0.65;£5.42/kg;Packet Snack Meals;118;4.8;null;2.1;0.8;0.3;1.4;0.3;
284604266;Batchelors Super Pasta And Sauce Chicken And Mushroom 200G;£1.59;£7.95/kg;Packet Snack Meals;123;4.5;null;null;0.9;null;0.8;0.41;
284862731;Batch Pasta 'N' Sauce Chicken And Mushroom 122G;£0.99;£9.00/kg;Packet Snack Meals;null;4.6;null;null;1.0;null;0.8;0.40;
284741834;Naked Noodle Stir Fry Teriyaki 120G;£1.20;£10.00/kg;Packet Snack Meals;571kJ 821kJ;4.3;null;null;0.7;null;1.4;0.78;
254104166;Tesco Pasta In Sauce Cheese And Broccoli 120G;£0.65;£5.42/kg;Packet Snack Meals;112;4.6;null;2.7;1.6;1.0;1.4;0.3;
258436291;Batchelors Pasta 'N' Sauce Macaroni Cheese 108G;£0.99;£9.17/kg;Packet Snack Meals;null;5.6;null;null;2.3;null;0.7;0.37;
284862725;Batch Pasta 'N' Sauce Cheese And Broccoli 123G;£0.99;£9.00/kg;Packet Snack Meals;null;4.9;null;null;1.8;null;0.9;0.38;
284754174;Batchelors Roast Vegetable Couscous 98G;£1.19;£12.15/kg;Packet Snack Meals;116;4.0;null;null;0.9;null;1.7;0.20;
284741523;Naked Noodle Stir Fry Hoisin 120G;£1.20;£10.00/kg;Packet Snack Meals;592kJ 875kJ;4.3;null;null;0.7;null;2.3;0.83;
284776833;Batchelor's Super Rice Beef 100G;£0.81;£8.10/kg;Packet Snack Meals;156;5.0;null;null;1.1;null;1.5;0.47;
284776712;Batchelor's Super Rice Chinese 100G;£0.81;£8.10/kg;Packet Snack Meals;157;3.9;null;null;1.0;null;1.1;0.19;
266376337;Tesco Macaroni Cheese Pasta And Sauce 120G;£0.65;£5.42/kg;Packet Snack Meals;139;5.7;null;2.6;1.8;1.1;1.4;0.3;
284591786;Batchelors Super Pasta And Sauce Cheese And Broccoli 200G;£1.59;£7.95/kg;Packet Snack Meals;127;4.8;null;null;1.7;null;1.0;0.37;
284590136;Tesco Tomato And Herb Pasta And Sauce 120G;£0.70;£5.84/kg;Packet Snack Meals;110;3.9;null;4.3;0.4;0.2;1.5;0.3;
284862719;Batch Pasta 'N' Sauce Cheese Leek And Ham 110G;£0.99;£9.00/kg;Packet Snack Meals;null;5.2;null;null;2.0;null;0.8;0.43;
284776856;Batchelor's Super Rice Chicken 100G;£0.81;£8.10/kg;Packet Snack Meals;155;4.3;null;null;0.9;null;1.3;0.38;
284738044;Naked Noodle Stir Fry Chow Mein 120G;£1.20;£10.00/kg;Packet Snack Meals;649kJ 857kJ;4.8;null;null;0.8;null;1.5;0.77;
271085772;Food Doctor Tomato Pepper Cumin &Cous Lentils 70G;£1.20;£17.15/kg;Pulses, Lentils & Beans;492 kJ 1132 kJ;5.5;null;null;1.0;null;3.3;null;
256533144;Tesco Bulgar Wheat 500G;£1.15;£2.30/kg;Pulses, Lentils & Beans;80;3.1;null;0.1;0.3;<0.1;4.5;0.1;
273986814;Crazy Jack Organic Red Split Lentils 250G;£1.00;£4.00/kg;Pulses, Lentils & Beans;342 ;24;null;null;1.3;null;4.9;null;
276493603;Merchant Gourmet Ready To Eat Beluga 250G;£2.00;£8.00/kg;Pulses, Lentils & Beans;619KJ 774KJ;10.9;20.5;null;1.2;null;5.2;null;
273986751;Crazy Jack Organic Couscous 250G;£1.00;£4.00/kg;Pulses, Lentils & Beans;368 ;12;null;null;2;null;7.2;null;
281361096;Tesco Healthy Living Bulgar Wheat And Couscous 70G;£1.30;£18.58/kg;Pulses, Lentils & Beans;125;4.4;null;3.5;1.4;0.4;2.4;0.5;
266386187;Merchant Gourmet Puy Lentils Ready To Eat250g;£2.00;£8.00/kg;Pulses, Lentils & Beans;579KJ 724KJ -;11.0;null;null;1.4;null;7.1;null;
276355595;Merchant Gourmet Moroccan Cous Cous 250G;£2.00;£8.00/kg;Pulses, Lentils & Beans;706kJ 883kJ;5.7;27.6;null;2.8;null;4.6;null;
262200986;Tesco Wholefoods Buckwheat 500G;£1.90;£3.80/kg;Pulses, Lentils & Beans;82;3.0;null;0.1;0.8;0.1;1.2;0.1;
266385787;Merchant Gourmet Puy Lentels Sun Dried Toms 250G;£2.00;£8.00/kg;Pulses, Lentils & Beans;545kJ 681kJ;6.3;14.0;null;4.1;null;6.0;1.3;
276732892;Great Scot Roasted Vegetable Cous Cous 225G;£1.40;£6.23/kg;Pulses, Lentils & Beans;1095 kJ 550 kJ;9.1 ;null;null;1.3 ;null;4.9 ;null;
273988553;Merchant Gourmet Whole Wheat Giant Couscous 300G;£2.30;£7.67/kg;Pulses, Lentils & Beans;1380KJ 690KJ;12.0;70.0;null;1.5;null;7.3;null;
281361424;Tesco Healthy Living Bulgar Wheat And Lentil Pot 70G;£1.30;£18.58/kg;Pulses, Lentils & Beans;155;6.1;null;5.8;1.7;0.5;3.6;0.2;
256535758;Tesco Lentilles Vertes 500G;£1.15;£2.30/kg;Pulses, Lentils & Beans;111;8.8;null;0.4;0.7;0.1;3.8;<0.01;
276415611;Tesco Wholefoods Bulgur Wheat And Cous Cous 300G;£2.00;£6.67/kg;Pulses, Lentils & Beans;88;3.3;null;0.1;0.2;<0.1;3.6;0.1;
265795257;Ah Amazing Grains Lentil Dahl 150G;£1.25;£8.34/kg;Pulses, Lentils & Beans;382kJ 1017kJ;6.7;null;null;0.4;null;3.2;null;
276416155;Tesco Wholefoods Lentil Mix 300G;£2.00;£6.67/kg;Pulses, Lentils & Beans;109;9.1;null;0.7;0.3;0.1;10.1;0.1;
276416057;Tesco Mix Of Bulgur Wheat, Quinoa And Red Quinoa 300G;£2.00;£6.67/kg;Pulses, Lentils & Beans;85;3.3;null;0.3;0.9;0.2;3.3;0.1;
265795038;Ah Amazing Grain Wild Mushroom Bulgar Wheat150g;£1.25;£8.34/kg;Pulses, Lentils & Beans;535kJ 1124kJ;4.7;null;null;0.8;null;1.8;null;
256534728;Tesco Red Split Lentils 500G;£1.15;£2.30/kg;Pulses, Lentils & Beans;102;7.6;null;0.8;0.4;0;1.9;0.1;
280504736;John West Pink Salmon Skinless And Boneless 170G;£2.00;£1.18/100g;Tinned Fish & Seafood;100;20.4;null;null;2.0;null;null;0.9;
258341356;John West Red Salmon 213G;£3.50;£1.65/100g;Tinned Fish & Seafood;151 ;20.4;null;null;7.8;null;null;0.9;
258098027;Tesco Wild Pacific Pink Salmon 418G;£2.00;£0.48/100g;Tinned Fish & Seafood;120;20.2;null;<0.1;4.3;0.9;<0.1;null;
283562546;Pure Salmon Fillet In Olive Oil 110G;£2.59;£3.37/100g;Tinned Fish & Seafood;null;null;null;null;null;null;null;null;
271810295;Tesco W/Pacific Skinless And Boneless Pink Salmon 170G;£1.50;£0.88/100g;Tinned Fish & Seafood;119;20.2;null;<0.1;4.3;0.9;<0.1;null;
258098062;Tesco Wild Pacific Pink Salmon 212G;£1.00;£0.47/100g;Tinned Fish & Seafood;120;20.2;null;<0.1;4.3;0.9;<0.1;null;
277974044;Princes Atlantic Salmon Steak In Brine 160G;£3.00;£2.68/100g;Tinned Fish & Seafood;174;19.7;null;null;10.1;null;nil;null;
277973869;Princes Atlantic Salmon Steak Lemon Black Pepper 160G;£3.00;£2.89/100g;Tinned Fish & Seafood;183;19.6;null;null;11.0;null;0.1;null;
268285551;Princes Pink Salmon 213G;£1.35;£0.63/100g;Tinned Fish & Seafood;null;22.3;null;null;4.6;null;null;0.09;
259256824;Princes Red Salmon 213G;£3.99;£1.88/100g;Tinned Fish & Seafood;null;22.8;null;null;5.8;null;null;0.90;
283248781;Kingfisher Red Salmon 213G;£3.50;£1.65/100g;Tinned Fish & Seafood;153;23.5;null;null;6.6;null;nil;null;
275461107;Princes Red Salmon 105G;£2.29;£2.19/100g;Tinned Fish & Seafood;143;22.8;null;null;5.8;null;null;1.00;
283248942;Kingfisher Pink Salmon 213G;£1.30;£0.61/100g;Tinned Fish & Seafood;153;23.5;null;null;6.6;null;nil;null;
271181393;John West Red Salmon Boneless And Skinless 170G;£3.50;£2.06/100g;Tinned Fish & Seafood;131 ;20.4;null;null;5.4;null;null;0.9;
258057975;John West Red Salmon 105G;£2.49;£2.38/100g;Tinned Fish & Seafood;151;20.4;null;null;7.8;null;null;0.9;
268049549;Tesco Wild Pacific Pink Salmon 105G;£1.10;£1.05/100g;Tinned Fish & Seafood;120;20.2;null;<0.1;4.3;0.9;<0.1;null;
254160069;John West Pink Salmon 213G;£3.00;£1.41/100g;Tinned Fish & Seafood;131 ;20.4;null;null;5.4;null;null;0.9;
265869506;John West Red Salmon Boneless And Skinless 105G;£2.79;£2.66/100g;Tinned Fish & Seafood;131;20.4;null;null;5.4;null;null;0.9;
280487156;John West Salmon Stir And Serve Tandoori 140G;£2.50;£1.79/100g;Tinned Fish & Seafood;127 ;18.5;null;null;2.1;null;null;1.0;
274769713;Tesco Finest Skinless And Boneless Red Salmon 170G;£3.49;£2.06/100g;Tinned Fish & Seafood;135;19.5;null;<0.1;6.3;1.5;0.1;null;
250940247;Del Monte Apricot Halves In Syrup 410G;£1.00;£4.17/kg;Tinned Fruit;68 ;0.4 ;null;null;0.2 ;null;null;null;
255073902;Tesco Everyday Value Broken Mandarins Light Syrup 312;£0.35;£2.00/kg;Tinned Fruit;66;0.5;null;14.4;0.1;<0.1;0.5;0.1;
254901242;Tesco Grapefruit Segments In Light Syrup 538G;£0.60;£2.07/kg;Tinned Fruit;65;0.5;null;15.5;<0.1;<0.1;0.6;0.1;
278412507;Del Monte Light Fruit Cocktail 400G;£0.80;£2.00/kg;Tinned Fruit;null;null;null;null;null;null;null;null;
252859709;Del Monte Fruit In Syrup Variety Pack 3 X 227G;£2.00;£2.94/kg;Tinned Fruit;null;0.2 ;null;null;0.1 ;null;null;null;
254901478;Del Monte Fruit Cocktail In Syrup 420G;£0.80;£3.20/kg;Tinned Fruit;63 ;0.4 ;null;null;0.1 ;null;null;null;
256528738;Tesco Breakfast Apricots In Juice 300G;£1.00;£5.56/kg;Tinned Fruit;86;1.8;null;17.3;0.3;<0.1;3.2;<0.01;
279880630;Tesco Everyday Value Broken Grapefruit In Light Syrup 538G;£0.34;£1.18/kg;Tinned Fruit;65;0.5;null;15.5;<0.1;<0.1;0.6;0.1;
254901582;Del Monte Fruit Cocktail In Juice 415G;£0.80;£3.20/kg;Tinned Fruit;49 ;0.4 ;null;null;0.1 ;null;null;null;
258755546;Tesco Ruby Red Grapefruit Segments In Juice 538G;£0.65;£2.25/kg;Tinned Fruit;32;0.6;null;7.3;<0.1;<0.1;0.4;0.1;
284349372;Princes Fruit Cocktail In Juice 410G;£1.00;£4.05/kg;Tinned Fruit;null;0.4;null;null;<0.1;null;0.7;0.01;
256432822;Del Monte Mandarins In Juice 298G;£0.80;£4.58/kg;Tinned Fruit;45 ;0.6 ;null;null;0.1 ;null;null;null;
254901000;Tesco Mandarin Segments In Juice 298G;£0.60;£3.43/kg;Tinned Fruit;34;0.7;null;7.7;<0.1;<0.1;0.3;0.1;
274808766;Natures Finest Mandarins In Juice 390G;£1.50;£6.25/kg;Tinned Fruit;361kJ 289kJ;1.4;19.8;null;0.1;null;0.6;null;
273446803;Princes Mandarins In Juice 298G;£1.00;£5.72/kg;Tinned Fruit;null;0.7;null;null;trace;null;null;trace;
267554033;Princes Grapefruit In Juice 411G;£1.00;£4.66/kg;Tinned Fruit;39;0.4;null;null;trace;null;0.7;null;
254901150;Tesco Grapefruit Segments In Juice 538G;£0.60;£2.07/kg;Tinned Fruit;32;0.6;null;7.3;<0.1;<0.1;0.4;0.1;
256362490;Del Monte Fruit Cocktail In Syrup 227G;£0.80;£5.72/kg;Tinned Fruit;63 ;0.4 ;null;null;0.1 ;null;null;null;
282488238;Del Monte Grapefruit Segments In Juice 411G;£1.10;£2.68/kg;Tinned Fruit;48 ;0.6 ;null;null;<0.1 ;null;null;null;
254900894;Tesco Apricot Halves In Juice 411G;£0.65;£2.78/kg;Tinned Fruit;44;0.6;null;10.0;<0.1;<0.1;1.0;0.1;
267855719;Pampeano Corned Beef 340G;£2.49;£0.73/100g;Tinned Meat;230;25.0;null;null;14.0;null;Nil;2.3;
258859585;Princes Corned Beef 200G;£1.99;£1.00/100g;Tinned Meat;null;24.8;null;null;13.5;null;null;2.2;
273939284;Tesco Corned Beef Hash 400G;£0.74;£0.19/100g;Tinned Meat;175;12.0;null;1.0 (1% of NRV;10.0;4.6;1.5;1.8 (30% of NRV;
277975003;Princes Cured Ham 325G;£2.49;£0.77/100g;Tinned Meat;161;12.0;null;null;11.0;null;<0.1;2.25;
266705174;Pek Chopped Pork 300G Can;£1.85;£0.62/100g;Tinned Meat;null;null;null;null;null;null;null;null;
263138302;Pek Chopped Pork Gold 200G;£1.49;£0.75/100g;Tinned Meat;null;null;null;null;null;null;null;null;
282622760;Princes Corned Beef With Chilli 200G;£1.99;£1.00/100g;Tinned Meat;222;23.0;null;null;14.0;null;trace;null;
266649159;Tesco Everyday Value Corned Beef 340G;£1.50;£0.44/100g;Tinned Meat;226;25.0;null;1.0;13.5;6.0;<0.1;1.7;
273939214;Tesco Chunky Corned Beef 340G;£2.35;£0.69/100g;Tinned Meat;221;25.0;null;1.0;13.0;5.9;0;1.9;
252494466;Princes Lean Corned Beef 200G;£2.49;£1.25/100g;Tinned Meat;null;25.0;null;null;9.0;null;null;1.30;
282628016;Pampeano Chunky Corned Beef 340G;£2.69;£0.79/100g;Tinned Meat;928 kJ -;25;null;null;13;null;0;1.9;
268313029;Pampeano Corned Beef 200G;£1.89;£0.96/100g;Tinned Meat;940 kJ -;24.8;null;null;13.5;null;0;1.9;
259818189;Spam Chopped Pork And Ham 200G;£1.69;£0.68/100g;Tinned Meat;null;null;null;null;null;null;null;null;
263536171;Princes Reduced Salt Corned Beef 340G;£2.49;£0.73/100g;Tinned Meat;null;24.8;null;null;13.0;null;null;1.40;
273341633;Spam Bacon 200G;£1.69;£0.85/100g;Tinned Meat;null;null;null;null;null;null;null;null;
282622466;Princes Corned Beef With Mustard 200G;£1.99;£1.00/100g;Tinned Meat;204;23.0;null;null;12.0;null;trace;null;
282622593;Princes Corned Beef With Onion 200G;£1.99;£1.00/100g;Tinned Meat;223;23.0;null;null;14.0;null;0.3;null;
259200234;Princes Corned Beef 340G;£2.00;£0.59/100g;Tinned Meat;null;24.8;null;null;13.5;null;null;2.20;
257589358;Tesco Corned Beef 340G;£2.00;£0.59/100g;Tinned Meat;225;24.8;null;1.0;13.5;6.8;0;1.7;
263138878;Pek Chopped Pork 200G Can;£1.49;£0.75/100g;Tinned Meat;null;null;null;null;null;null;null;null;
280502030;Fray Bentos Minced Beef And Vegetable Pie 425G;£2.19;£5.16/kg;Tinned Meat Pies;935kJ/ 1987kJ/;5.7;null;null;16.0;null;0.9;null;
268019574;Goblin Steak And Kidney Pudding 155G;£0.79;£5.10/kg;Tinned Meat Pies;152;6.2;null;null;6.8;null;0.8;1.0;
268019378;Goblin Meat Pudding 155G;£0.79;£5.10/kg;Tinned Meat Pies;156;5.7;null;null;7.5;null;0.8;0.9;
283657878;Fray Bentos Just Steak Pudding 200G;£1.49;£7.45/kg;Tinned Meat Pies;213;7.6;null;null;10.7;null;0.7;1.2;
279818769;Fray Bentos Steak And Kidney Pudding 200G;£1.49;£7.45/kg;Tinned Meat Pies;217;7.4;null;null;10.9;null;0.7;1.3;
277597842;Fray Bentos Steak And Kidney Pie 425G;£2.19;£5.16/kg;Tinned Meat Pies;550kJ/ 1183kJ/;6.0;null;null;4.4;null;0.6;0.9;
265860791;Fray Bentos Just Steak Pie 475G;£2.49;£5.25/kg;Tinned Meat Pies;680kJ/ 1632kJ/;8.6;null;null;8.6;null;0.5;0.8;
279833704;Fray Bentos Steak And Kidney Pudding 400G;£2.19;£5.48/kg;Tinned Meat Pies;217;7.4;null;null;10.9;null;0.7;1.3;
255077132;Fray Bentos Steak And Kidney Pie 213G;£1.49;£7.00/kg;Tinned Meat Pies;142 ;7.1;null;null;6.3;null;0.5;0.9;
277588185;Fray Bentos Just Chicken Pie 425G;£2.19;£5.16/kg;Tinned Meat Pies;520kJ/ 1118kJ/;5.6;null;null;3.4;null;0.6;0.8;
255076853;Fray Bentos Chicken/Mushroom Pie 475G;£2.49;£5.25/kg;Tinned Meat Pies;692kJ/ 1661kJ/;6.3;null;null;9.7;null;0.5;0.9;
255076830;Fray Bentos Steak And Ale Pie 475G;£2.49;£5.25/kg;Tinned Meat Pies;653kJ/ 1567kJ/;7.1;null;null;8.0;null;0.5;0.9;
255076939;Fray Bentos Mince Beef And Onion Pie 425G;£2.19;£5.16/kg;Tinned Meat Pies;859kJ/ 2148kJ/;5.4;null;null;12.6;null;0.9;1.0;
253357576;Stagg Chili Classic Chili Con Carne 400G;£1.79;£4.37/kg;Tinned Ready Meals;130 ;7.0 ;null;null;5.0 ;null;4.5 ;0.90 ;
267713174;Princes Mild Chicken Curry 400G;£1.49;£3.73/kg;Tinned Ready Meals;null;10.2;null;null;3.6;null;null;0.55;
255369046;Tesco Beef Curry 400G;£1.49;£3.73/kg;Tinned Ready Meals;132;9.5;null;1.4;7.9;1.9;2.8;0.6;
255155178;Tesco Chicken Tikka Masala 400G;£1.49;£3.73/kg;Tinned Ready Meals;133;9.9;null;2.0;7.8;1.9;2.3;0.9;
277969339;Crosse And Blackwell Kids Meatballs In Gravy 370G;£0.89;£2.41/kg;Tinned Ready Meals;93;5.2;null;null;4.4;null;0.9;null;
271988216;Tesco Everyday Value Chilli Con Carne 392G;£0.55;£1.41/kg;Tinned Ready Meals;130;6.9;null;3.7;5.0;2.5;0.6;null;
284743538;Tesco Chicken Rendang Curry 400G;£1.50;£3.75/kg;Tinned Ready Meals;137;10.4;null;4.5;7.4;4.8;3.2;1.3;
272385110;Look What We Found! Chicken Tikka 250G;£1.99;£7.96/kg;Tinned Ready Meals;null;9.7;null;null;8.7;null;2.5;null;
277973846;Crosse And Blackwell 4 Kids Meatballs Bolognese Sauce 370G;£0.89;£2.41/kg;Tinned Ready Meals;103;5.3;null;null;4.5;null;0.4;null;
277975061;Stagg Dynamite Chilli With Rice 370G;£1.99;£5.38/kg;Tinned Ready Meals;117 ;7.3 ;null;null;4.5 ;null;2.6 ;0.8 ;
268180634;Tesco Chicken Jalfrezi 400G;£1.49;£3.73/kg;Tinned Ready Meals;97;11.7;null;2.8;3.4;0.3;1.4;0.6;
268180761;Tesco Chicken Korma 400G;£1.49;£3.73/kg;Tinned Ready Meals;164;13.0;null;2.2;10.3;6.1;1.5;0.6;
277969374;Crosse And Blackwell 4 Kids Meatballs In Onion Gravy 370G;£0.89;£2.41/kg;Tinned Ready Meals;93;5.0;null;null;5.0;null;1.1;null;
277974655;Crosse And Blackwell 4 Kids Meatballs In Tomato Sauce 370G;£0.89;£2.41/kg;Tinned Ready Meals;94;5.2;null;null;4.3;null;0.6;null;
266478879;Stagg Silverado 400G;£1.79;£4.48/kg;Tinned Ready Meals;110 ;7.5 ;null;null;3.0 ;null;4.5 ;1.0 ;
255552203;Stagg Chili Dynamite Hot Chili 400G;£1.79;£4.37/kg;Tinned Ready Meals;130 ;7.0 ;null;null;5.0 ;null;4.5 ;0.90 ;
254845331;Tesco Chilli Con Carne 400G;£1.49;£3.73/kg;Tinned Ready Meals;99;7.2;null;2.4;4.0;1.3;4.3;0.6;
254845446;Tesco Chicken Curry 400G;£1.49;£3.73/kg;Tinned Ready Meals;90;11.0;null;0.5;3.7;0.4;2.5;0.6;
272385294;Look What We Found! Chilli Con Carne 270G;£1.99;£7.38/kg;Tinned Ready Meals;300/72 810/194;7.6;null;null;2.8;null;2.3;null;
260725107;Stagg Vegetable Chili 99% Fat Free 400G;£1.79;£2.19/kg;Tinned Ready Meals;70 ;3.5 ;null;null;0.5 ;null;3.0 ;0.90 ;
252511948;Baxters Favourite Cock A Leekie Soup 400G;£0.60;£0.15/100g;Tinned Soup;31;1.2;null;null;0.6;null;0.3;0.6;
260625963;Baxters Favourites Oxtail Soup400g;£0.60;£0.15/100g;Tinned Soup;49;1.8;null;null;1.2;null;0.5;0.7;
252512377;Baxters Favourite Minestrone Soup 400G;£0.60;£0.15/100g;Tinned Soup;42;1.6;null;null;0.6;null;1.2;0.6;
252511810;Baxters Favourite Scotch Broth Soup 400G;£0.60;£0.15/100g;Tinned Soup;49;1.9;null;null;1.6;null;1.5;0.7;
284775431;Baxters Healthy Spicy Tomato And Rice 400G;£0.60;£0.15/100g;Tinned Soup;53;1.8;null;null;0.3;null;0.9;0.6;
284742695;Baxters Hearty Butternut Squash Potato Soup 400G;£1.49;£0.37/100g;Tinned Soup;58;2.6;null;null;0.7;null;3.0;0.6;
284742764;Baxters Favourite Chicken And Vegetable 400G;£0.60;£0.15/100g;Tinned Soup;41;1.9;null;null;0.5;null;1.8;0.7;
252512400;Baxters Favourite Royal Game Soup 400G;£0.60;£0.15/100g;Tinned Soup;38;2.2;null;null;0.2;null;0.3;0.6;
252414303;Baxters Favourite Lentil And Bacon Soup 400G;£0.60;£0.15/100g;Tinned Soup;52;3.4;null;null;0.7;null;0.8;0.6;
284737990;Baxters Hearty Chicken And Black Eyed Peas Bacon Gumbo 400G;£1.49;£0.37/100g;Tinned Soup;46;2.6;null;null;0.5;null;1.5;0.7;
252511931;Baxters Favourite Chicken Broth Soup 400G;£0.60;£0.15/100g;Tinned Soup;35;1.7;null;null;0.3;null;1.0;0.6;
252511983;Baxters Favourite French Onion Soup 400G;£0.60;£0.15/100g;Tinned Soup;33;0.7;null;null;0.6;null;0.6;0.6;
284741696;Baxters Favourite Cream Of Mushroom 400G;£0.60;£0.15/100g;Tinned Soup;61;1.1;null;null;3.8;null;0.2;0.7;
252517049;Baxters Favourite Potato And Leek Soup 400G;£0.60;£0.15/100g;Tinned Soup;52;1.4;null;null;1.8;null;0.9;0.6;
252511142;Baxters Favourite Cream Of Tomato Soup 400G;£0.60;£0.15/100g;Tinned Soup;66;1.1;null;null;2.7;null;0.4;0.7;
260625940;Baxters Favourites Pea And Ham Soup 400G;£0.60;£0.15/100g;Tinned Soup;54;3.4;null;null;0.8;null;2.0;0.6;
252606595;Baxters Favourites Cream Chicken Soup 400G;£0.60;£0.15/100g;Tinned Soup;58;2.1;null;null;2.9;null;0.1;0.7;
284737742;Baxters Hearty Beef And Red Wine 400G;£1.49;£0.37/100g;Tinned Soup;47;2.4;null;null;0.5;null;0.9;0.6;
284737912;Baxters Hearty Chicken Sweetcorn And Thyme Chowder 400G;£1.49;£0.37/100g;Tinned Soup;74;2.5;null;null;2.7;null;1.1;0.7;
267193908;Baxters Favourite Highlander Broth Soup 400G;£0.60;£0.15/100g;Tinned Soup;45;1.8;null;null;1.2;null;0.9;0.6;
275185578;Branston Spaghetti Bolognaise 395G;£0.90;£2.28/kg;Tinned Spaghetti & Pasta;null;null;null;null;null;null;null;null;
275185964;Cr&B Tom And Jerry Pasta Shape Mini Pork Sausage 213;£0.75;£3.53/kg;Tinned Spaghetti & Pasta;86;3.5;null;null;2.7;null;0.4;0.5;
255391750;Heinz Spaghetti In Tomato Sauce 4 X 400G;£2.00;£1.25/kg;Tinned Spaghetti & Pasta;255kJ 510kJ -;1.7;null;null;0.2;null;0.5;0.3;
287613642;Branston Beef Ravioli 395G;£0.85;£2.16/kg;Tinned Spaghetti & Pasta;null;2.1;14.3;null;1.4;null;1.0;0.63;
274965814;Tesco Everyday Value Spaghetti Hoops 410G;£0.20;£0.49/kg;Tinned Spaghetti & Pasta;50;1.4;null;4.0;0.3;0.1;0.7;null;
280302186;Tesco Spaghetti Rings In Tomato Sauce 385G;£0.40;£1.04/kg;Tinned Spaghetti & Pasta;55;1.5;null;4.0;0.3;<0.1;0.9;0.4;
264641879;Tesco Short Cut Spaghetti In Tomato Sauce 410G;£0.40;£0.98/kg;Tinned Spaghetti & Pasta;67;1.8;null;3.9;0.6;<0.1;1.0;0.3;
275185630;Crosse And Blackwell 4 Kids In The Night Garden 213G;£0.45;£2.12/kg;Tinned Spaghetti & Pasta;61;1.6;null;null;0.2;null;0.9;null;
252681688;Heinz Spaghetti In Tomato Sauce 200G;£0.50;£2.50/kg;Tinned Spaghetti & Pasta;263kJ 526kJ -;1.7;null;null;0.2;null;0.5;0.3;
279174683;Crosse And Blackwell Disney Pasta And Sausage 213G;£0.75;£3.53/kg;Tinned Spaghetti & Pasta;86;3.5;null;null;2.7;null;0.4;0.5;
278940947;Heinz Spaghetti Hoops 3 X 205G;£1.40;£2.28/kg;Tinned Spaghetti & Pasta;224kJ 460kJ;1.7 ;null;null;0.3 ;null;0.6 ;0.4 ;
258306226;Heinz Spaghetti In Tomato Sauce 400G Can;£0.70;£1.75/kg;Tinned Spaghetti & Pasta;255kJ 510kJ -;1.7;null;null;0.2;null;0.5;0.3;
258940649;Tesco Spaghetti Rings 215G;£0.30;£1.40/kg;Tinned Spaghetti & Pasta;60;1.5;null;4.2;0.2;<0.1;1.1;0.4;
264641885;Tesco Spaghetti In Tomato Sauce 4 X 410G;£1.35;£0.82/kg;Tinned Spaghetti & Pasta;135;5.2;null;7.8;0.6;0;1.0;null;
268338109;Tesco Long Cut Spaghetti In Tomato Sauce 410G;£0.40;£0.98/kg;Tinned Spaghetti & Pasta;69;1.6;null;5.6;0.2;<0.1;0.8;0.3;
275205216;Branston Spaghetti 4 X 395G;£2.55;£1.62/kg;Tinned Spaghetti & Pasta;null;null;null;null;null;null;null;null;
252750146;Heinz Spaghetti Hoops In Tomato Sauce 205G;£0.50;£2.44/kg;Tinned Spaghetti & Pasta;225kJ 461kJ;1.7;null;null;0.2;null;0.5;0.4;
258290058;Tesco Everyday Value Spaghetti In Tomato Sauce 410G;£0.20;£0.49/kg;Tinned Spaghetti & Pasta;48;1.4;null;4.0;0.3;0.1;0.7;null;
267882826;Heinz Spaghetti Hoops In Tomato Sauce 400G;£0.70;£1.75/kg;Tinned Spaghetti & Pasta;226kJ 452kJ;1.7;null;null;0.2;null;0.5;0.4;
275184354;Branston Spaghetti In Tomato Sauce 395G;£0.50;£1.27/kg;Tinned Spaghetti & Pasta;null;null;null;null;null;null;null;null;
267747957;Cirio Chopped Tomatoes 4X400g;£2.00;£1.25/kg;Tinned Tomatoes & Puree;29 ;1,3 ;null;null;0,1 ;null;null;null;
268700314;Parioli Chopped Tomatoes 400G;£1.00;£2.50/kg;Tinned Tomatoes & Puree;25;1.4;null;4.0;0.2;trace;0.9;null;
278149744;Tesco Chunky Chopped Tomatoes 400G;£0.39;£0.98/kg;Tinned Tomatoes & Puree;25;1.4;null;4.0;0.2;<0.1;0.9;0.1;
275086851;Tesco Everyday Value Chopped Tomato With Herbs 400G;£0.45;£1.13/kg;Tinned Tomatoes & Puree;27;1.2;null;4.3;0.1;0.1;0.9;0.3;
281975746;Cook Italian Chopped Tomatoes With Basil 390G;£1.00;£2.57/kg;Tinned Tomatoes & Puree;111kJ 215kJ - 8400kJ;1.2;null;null;0.2;null;1.2;0.30;
266601792;Napolina Chopped Tomatoes 4 X 400G;£4.00;£1.67/kg;Tinned Tomatoes & Puree;null;null;null;null;null;null;null;null;
271800226;Napolina Chopped Tomatoes 3X400g;£3.05;£2.55/kg;Tinned Tomatoes & Puree;null;null;null;null;null;null;null;null;
281424823;Cirio Classica 540G;£1.35;£2.50/kg;Tinned Tomatoes & Puree;147 ;1,2 ;null;null;0,1 ;null;null;null;
275095074;Tesco Everyday Value Passata 500G;£0.35;£0.70/kg;Tinned Tomatoes & Puree;24;1.1;null;4.2;0.1;<0.1;0.2;0.5;
281975631;Cook Italian Chopped Tomatoes Olive Oil Garlic 390G;£1.00;£2.57/kg;Tinned Tomatoes & Puree;176kJ 343kJ - 8400kJ;1.3;null;null;2.1;null;1.0;0.3;
281722107;Parioli Chopped Tomatoes 6X400g;£2.00;£0.83/kg;Tinned Tomatoes & Puree;null;null;null;null;null;null;null;null;
251202170;Tesco Everyday Value Chopped Tomatoes 400G;£0.34;£0.85/kg;Tinned Tomatoes & Puree;18;1.0;null;2.8;0.1;<0.1;0.7;<0.01;
281359733;Cirio La Napoletana 540G;£1.35;£2.50/kg;Tinned Tomatoes & Puree;47 ;1,6 ;null;null;0,2 ;null;null;null;
268700441;Parioli Chopped Tomatoes 4 X 400G;£3.50;£2.19/kg;Tinned Tomatoes & Puree;25;1.4;null;4.0;0.2;trace;0.9;null;
278297562;Bakoma Mikus Vanilla Milk Sandwich 28G;£0.45;£1.61/100g;Tinned Tomatoes & Puree;417;7.8;54.6;null;19.9;null;null;0.35;
268125563;Cook Italian Chopped Tomatoes 4 Pack 4X400g;£3.50;£2.19/kg;Tinned Tomatoes & Puree;106kJ 213kJ - 8400kJ;1.4;null;null;0.2;null;0.9;0.01;
254874209;Napolina Chopped Tomatoes 400G;£1.05;£2.63/kg;Tinned Tomatoes & Puree;null;null;null;null;null;null;null;null;
281975775;Cook Italian Chopped Tomatoes With Chilli 390G;£1.00;£2.57/kg;Tinned Tomatoes & Puree;117kJ 230kJ - 8400kJ;1.1;null;null;0.3;null;2.4;0.3;
268125557;Cook Italian Chopped Tomatoes 400G;£0.95;£2.38/kg;Tinned Tomatoes & Puree;106kJ 213kJ - 8400kJ;1.4;null;null;0.2;null;0.9;0.01;
255159934;Cirio Chopped Tomatoes 400G;£1.00;£2.50/kg;Tinned Tomatoes & Puree;29 ;1.3 ;null;null;0.1 ;null;1.4 ;null;
281722234;Garden Pride Borlotti Beans In Water 400G;£0.50;£2.14/kg;Tinned Vegetables;465kJ 371kJ - 8400kJ;6.9;null;null;0.4;null;6.8;trace;
275131320;Napolina Borlotti Beans 400G;£0.85;£3.55/kg;Tinned Vegetables;null;null;null;null;null;null;null;null;
253107366;Smash Instant Mashed Potato 176G;£1.25;£7.11/kg;Tinned Vegetables;58;1.4;null;null;<0.5;null;1.1;0.17;
279511613;Tesco Plain Instant Mash Potato 2 Pack 160G;£0.80;£5.00/kg;Tinned Vegetables;89;2.0;null;0.9;1.8;1.0;1.3;0.4;
275014315;Green Giant Cut Green Beans 411G;£1.00;£4.88/kg;Tinned Vegetables;20;0.8;null;null;0.1;null;1.1;0.34;
273008096;Napolina Red Kidney Beans 220G;£0.60;£5.46/kg;Tinned Vegetables;null;null;null;null;null;null;null;null;
254875859;Batchelors Bigga Dried Peas 250G;£0.50;£2.00/kg;Tinned Vegetables;null;6.3;null;null;0.7;null;3.8;1.00;
263778419;Smash Original Tub 280G;£1.95;£6.97/kg;Tinned Vegetables;324;8.3;null;null;0.9;null;7.7;null;
280713644;Garden Pride Red Kidney Beans In Water 400G;£0.50;£2.07/kg;Tinned Vegetables;411kJ 331kJ - 8400kJ;8.2;null;null;0.7;null;7.1;trace;
264449186;Napolina Cannellini Beans 400G;£0.85;£3.55/kg;Tinned Vegetables;null;null;null;null;null;null;null;null;
280712602;Garden Pride Chick Peas In Water 400G;null;null;Tinned Vegetables;521kJ 416kJ - 8400kJ;8.0;null;null;1.8;null;10.1;trace;
254875871;Batchelors Quick Soak Dried Peas 250G;£0.50;£2.00/kg;Tinned Vegetables;121 ;10.9;null;null;1.0;null;7.5;null;
284552499;Heinz Vegetable Chilli Beanz 390G;£1.30;£3.34/kg;Tinned Vegetables;337kJ 658kJ -;4.7;null;null;0.9;null;3.7;0.5;
264449140;Napolina Butter Beans 400G;£0.85;£3.55/kg;Tinned Vegetables;null;null;null;null;null;null;null;null;
280713828;Garden Pride Cannellini Beans In Water 400G;£0.50;£2.14/kg;Tinned Vegetables;386kJ 310kJ - 8400kJ;6.9;null;null;0.7;null;6.8;trace;
280933809;Freshcan Golden Wax Beans In Water 340G;£0.45;£2.44/kg;Tinned Vegetables;23 ;1.5 ;2.6 ;null;0.1 ;null;2.8 ;0.01 ;
267937410;Tesco Everyday Value Mash 120G;£0.28;£2.34/kg;Tinned Vegetables;72;1.0;null;1.4;0.4;0.2;1.5;0.1;
284552418;Heinz Fajita Beanz 390G;£1.30;£3.34/kg;Tinned Vegetables;334kJ 650kJ -;4.0;null;null;0.8;null;4.5;0.5;
273939255;Mash Up Instant Mash 240G;£1.00;£4.17/kg;Tinned Vegetables;145;1.9;null;null;0.9;null;3.1;null;
266736868;Napolina Five Bean Salad 400G;£1.00;£4.17/kg;Tinned Vegetables;null;null;null;null;null;null;null;null;
284626424;Jumble Bee Fruit And Nut Mix With Pecans 175G;£1.99;£11.38/kg;Wholefood bread, dried fruits, nuts & seeds;425;7;48;null;21.6;null;5.4;0.04;
271664369;Tesco Wholefood Dried Apple Slices 300G;£2.10;£7.00/kg;Wholefood bread, dried fruits, nuts & seeds;253;0.9;null;57.2;0.3;<0.1;8.7;0.2;
260764233;Biona Organic Golden Linseed Bread 500G;£1.65;£3.30/kg;Wholefood bread, dried fruits, nuts & seeds;207;5.6;null;null;3.1;null;11.2;1.2;
271074445;Tesco Wholefood Ready To Eat Figs 440G;£2.39;£5.44/kg;Wholefood bread, dried fruits, nuts & seeds;234;3.3;null;48.4;1.5;0;6.9;0.1;
256506618;Tesco Wholefood Apricots 500G;£3.25;£6.50/kg;Wholefood bread, dried fruits, nuts & seeds;178;4.0;null;36.0;0.6;0.2;6.3;0.1;
271072453;Tesco Berries Raisins 225G;£3.00;£12.00/kg;Wholefood bread, dried fruits, nuts & seeds;301;1.5;null;65.2;0.9;0.2;2.3;0.1;
284605887;Jumble Bee Raisins And Almonds 175G;£1.99;£11.38/kg;Wholefood bread, dried fruits, nuts & seeds;1552;6.8;53.9;null;13.1;null;4.4;0.05;
271074203;T.Wholefoods Sweetened Cranberries 200G;£3.00;£15.00/kg;Wholefood bread, dried fruits, nuts & seeds;332;0.1;null;67.4;1.3;0.2;2.0;0.1;
276447584;Tesco Wholefood Pineapple 170G;£3.00;£17.65/kg;Wholefood bread, dried fruits, nuts & seeds;293;2.1;null;49.3;0.9;0.2;3.3;0.3;
284626539;Jumble Bee Tropical 175G;£1.99;£11.38/kg;Wholefood bread, dried fruits, nuts & seeds;1828;4.7;57.7;null;19.9;null;3.9;0.2;
268478231;Tesco Sun Grown Cranberries 150G;£1.50;£10.00/kg;Wholefood bread, dried fruits, nuts & seeds;331;<0.1;null;65.0;1.4;0.1;5.7;<0.01;
256505691;Tesco Wholefood Blanched Prunes 500G;£3.69;£7.38/kg;Wholefood bread, dried fruits, nuts & seeds;160;2.5;null;33.8;0.4;0.1;5.7;0.1;
284605829;Jumble Bee Raisins And Cashews 175G;£1.99;£11.38/kg;Wholefood bread, dried fruits, nuts & seeds;1576;6.6;56.5;null;13.1;null;2.3;0.05;
284626516;Jumble Bee Trail Mix 175G;£1.99;£11.38/kg;Wholefood bread, dried fruits, nuts & seeds;1833;8.2;46.2;null;23.6;null;4.4;0.1;
284605697;Jumble Bee Raisins And Sultanas 175G;£1.99;£11.38/kg;Wholefood bread, dried fruits, nuts & seeds;293;2.25;69.1;null;0.4;null;2;0.05;
262144054;Biona Organic Rye Pumpkin Seed Bread 500G;£1.65;£3.30/kg;Wholefood bread, dried fruits, nuts & seeds;196;5.8;null;null;3.5;null;11.6;1.15;
284605904;Jumble Bee Mixed Nuts 175G;£2.39;£13.66/kg;Wholefood bread, dried fruits, nuts & seeds;2679;17;8.4;null;59.3;null;6.6;0.04;
262346986;Tesco Wholefood Chewy Banana 300G;£2.99;£9.97/kg;Wholefood bread, dried fruits, nuts & seeds;297;4.5;null;61.3;1.1;0.5;0.6;0.5;
260764377;Biona Organic Amaranth/Quinoa Rye Bread 500G;£1.65;£3.30/kg;Wholefood bread, dried fruits, nuts & seeds;195;4.9;null;null;0.7;null;10.1;0.98;
284626574;Jumble Bee Banana Chips 350G;£2.29;£6.55/kg;Wholefood bread, dried fruits, nuts & seeds;553;1.0;60.4;null;32.5;null;7.6;0.02;
276353643;Belvita Cranberry Biscuits 300G;£2.59;£0.86/100g;Cereal Bars & Breakfast Biscuits;1815 kJ 227 kJ -;8.0 ;null;null;13.5 ;null;6.3 ;0.83 ;
266318822;Belvita Fruit And Fibre Biscuits 300G;£2.59;£0.86/100g;Cereal Bars & Breakfast Biscuits;1830 kJ 229 kJ 11 % -;7.4 ;null;null;14.0 ;null;8.7 ;0.38 ;
268067591;Belvita Honey And Nuts Biscuits 300G;£2.59;£0.86/100g;Cereal Bars & Breakfast Biscuits;1880 kJ 235 kJ -;7.4 ;null;null;15.5 ;null;4.3 ;0.90 ;
286416094;Belvita Tops Choco Hazelnut 250G;£2.79;£1.12/100g;Cereal Bars & Breakfast Biscuits;455 ;7.2 ;null;null;16.0 ;null;4.9 ;0.55 ;
273691045;Belvita Milk And Cereal Biscuits 600G;£3.99;£0.67/100g;Cereal Bars & Breakfast Biscuits;1840 kJ 230 kJ -;7.6 ;null;null;14 ;null;4.2 ;0.98 ;
273686870;Belvita Strawberry And Yoghurt Crunch 253G;£1.39;£0.55/100g;Cereal Bars & Breakfast Biscuits;445 ;6.9 ;null;null;15.0 ;null;4.3 ;0.55 ;
271099738;Belvita Plain Yoghurt Crunch 253G;£1.39;£0.55/100g;Cereal Bars & Breakfast Biscuits;450 ;7.3 ;null;null;16.5 ;null;3.9 ;0.55 ;
286415976;Belvita Tops Strawberry Jam 250G;£2.79;£1.12/100g;Cereal Bars & Breakfast Biscuits;420 ;6.6 ;null;null;12.0 ;null;4.1 ;0.68 ;
285513124;Belvita Crunchy Chocolate Chips 300G;£2.79;£0.93/100g;Cereal Bars & Breakfast Biscuits;1765 kJ 295 kJ -;8.1 ;null;null;12.0 ;null;12.0 ;0.57 ;
268067268;Belvita Crunchy Oats Biscuits 300G;£2.59;£0.86/100g;Cereal Bars & Breakfast Biscuits;1845 kJ 230 kJ -;7.6 ;null;null;14.5 ;null;5.5 ;1.38 ;
281865986;Belvita Cocoa Sandwich 253G;£1.39;£0.55/100g;Cereal Bars & Breakfast Biscuits;450 ;7.4 ;null;null;15.0 ;null;4.4 ;0.60 ;
283230634;Belvita Crunch Apricot 300G;£2.79;£0.93/100g;Cereal Bars & Breakfast Biscuits;1675 kJ 280 kJ -;7.6 ;null;null;9.1 ;null;12.0 ;0.63 ;
273690904;Belvita Honey And Nuts Biscuits 600G;£3.99;£0.67/100g;Cereal Bars & Breakfast Biscuits;1880 kJ 235 kJ -;7.4 ;null;null;15.5 ;null;4.3 ;0.90 ;
272121918;Belvita Honey Yoghurt Crunch 253G;£1.39;£0.55/100g;Cereal Bars & Breakfast Biscuits;450 ;7.4 ;null;null;16.0 ;null;3.9 ;0.55 ;
266318557;Belvita Milk And Cereal Biscuits 300G;£2.59;£0.86/100g;Cereal Bars & Breakfast Biscuits;1840 kJ 230 kJ -;7.6 ;null;null;14 ;null;4.2 ;0.98 ;
283419619;Go Ahead Raspberry Yoghurt Breaks Cereal Bars 5 Pack 177G;£1.00;£0.56/100g;Cereal Bars & Breakfast Biscuits;null;5.2;null;null;10.2;null;2.2;0.4;
271935809;Kelloggs Nutri Grain Crunchy Oat And Honey 210G;£2.29;£1.10/100g;Cereal Bars & Breakfast Biscuits;463 ;7 ;null;null;18 ;null;4.5 ;0.85 ;
271935907;Kelloggs Nutri Grain Crunchy Oat&Chocchip210g;£2.29;£1.10/100g;Cereal Bars & Breakfast Biscuits;468 ;7 ;null;null;19 ;null;4.5 ;0.88 ;
283230473;Belvita Crunchy Hazelnuts 300G;£2.79;£0.93/100g;Cereal Bars & Breakfast Biscuits;1770 kJ 295 kJ -;8.8 ;null;null;12.0 ;null;12.0 ;0.57 ;
280679309;Belvita Cocoa Chocolate Chip 300G;£2.59;£8.64/kg;Cereal Bars & Breakfast Biscuits;1845 kJ 230 kJ -;7.5 ;null;null;14.5 ;null;6.5 ;0.63 ;
266308903;Burtons Wagon Wheels Original Biscuit 6 Pack 220G;£0.99;£0.45/100g;Lunchbox Biscuits;null;null;null;null;null;null;null;null;
257595546;Burtons Wagon Wheels Jammie Biscuit 6 Pack 229G;£0.99;£0.17/each;Lunchbox Biscuits;null;null;66.7;null;null;null;null;null;
263826146;Fox's Classic Biscuit 7 Pack 179G;£1.00;£0.49/100g;Lunchbox Biscuits;null;5.7;null;null;27.2;null;2.2;null;
264352426;Drifter Biscuit 8 Pack 157.6G;£1.00;£0.64/100g;Lunchbox Biscuits;2023kJ 415kJ 8400kJ -;4.0;null;null;20.5;null;1.2;0.28;
272706740;Blue Riband Biscuit 16 Pack 308.8G;£2.00;£0.65/100g;Lunchbox Biscuits;2152 kJ 415 kJ 8400 kJ -;5.5 ;null;null;24.6 ;null;2.0 ;0.13 ;
287650257;Fox's Rocky Caramel 10 Bar 210G;£1.00;£0.48/100g;Lunchbox Biscuits;2044kJ 429kJ 8400kJ -;5.1;null;null;23;null;1.6;0.67;
272707140;Kit Kat 2 Finger Dark Chocolate Biscuit 8 Pack 166.4G;£1.00;£0.60/100g;Lunchbox Biscuits;2100 kJ 441 kJ 8400 kJ 5%;5.5 ;null;null;25.0 ;null;5.7 ;0.07 ;
278452125;Cadburys Time Out 8 Pack;£1.59;£0.20/each;Lunchbox Biscuits;2225 kJ 356 kJ 8400 kJ/;7.1;null;null;30.0;null;1.1;0.20;
283629132;Kit Kat 2 Finger Milk Chocolate Biscuit 16Pk 332.8G;£2.69;£0.81/100g;Lunchbox Biscuits;2129 kJ 447 kJ 8400 kJ -;5.8 ;null;null;24.5 ;null;2.0 ;0.20 ;
276343937;Breakaway Orange Chocolate Biscuit 8 Pack 153G;£0.84;£0.55/100g;Lunchbox Biscuits;2133kJ 414kJ 8400kJ -;6.1;null;null;25.1;null;3.0;0.28;
284184341;Foxs Rocky Big Eat Chocolate 4 Pack;£1.49;£0.37/each;Lunchbox Biscuits;2123kJ 913kJ 8400kJ -;5.7;null;null;26;null;2.3;0.83;
284184404;Foxs Rocky Big Eat Caramel 4 Pack;£1.49;£0.37/each;Lunchbox Biscuits;2023kJ 870kJ 8400kJ -;4.8;null;null;23;null;1.4;0.64;
268318744;Aero Milk Chocolate Biscuit 7 Pack 125.3G;£1.00;£0.80/100g;Lunchbox Biscuits;2232 kJ 416 kJ;6.4 ;null;null;29.6 ;null;2.1 ;null;
255102368;Cadbury Snack Shortcake Biscuit 6 Pack 120G;£1.39;£1.16/100g;Lunchbox Biscuits;null;7.3;null;null;27.0;null;1.8;null;
272719650;Blue Riband Biscuit 8 Pack 154.4G;£1.69;£1.10/100g;Lunchbox Biscuits;2152 kJ 415 kJ 8400 kJ 5%;5.5 ;null;null;24.6 ;null;2.0 ;0.13 ;
287650015;Fox's Rocky Chocolate 10 Bar 210G;£1.00;£0.48/100g;Lunchbox Biscuits;2123kJ 446kJ 8400kJ -;5.7;null;null;26;null;2.3;0.83;
263908169;Fox's Triple Biscuit 10 Pack 178G;£1.00;£0.56/100g;Lunchbox Biscuits;2162kJ 384kJ -;5.1;null;null;26;null;3.1;0.77;
273759871;Kit Kat 2 Finger Cookies And Cream 8 Pack 166.4G;£1.00;£0.60/100g;Lunchbox Biscuits;2137 kJ 449 kJ 8400 kJ -;6.2 ;null;null;25.0 ;null;1.5 ;0.25 ;
277587802;Bahlsen Pick Up! Biscuit 5 Pack 140G;£1.69;£1.21/100g;Lunchbox Biscuits;511;6.9 ;null;null;26 ;null;null;0.49 ;
272619964;Aero Mint Chocolate Biscuit 7 Pack 125.3G;£1.00;£0.80/100g;Lunchbox Biscuits;2231kJ 414kJ 8400kJ -;6.0;null;null;29.3;null;1.7;0.30;
254592139;Pogen Wholegrain Krisprolls 225G;£1.19;£0.53/100g;Savoury Biscuits;1650 kJ 215 kJ 8400 kJ -;12 ;null;null;6,5 ;null;8,5 ;1,5 ;
251107559;Ryvita Multigrain Crisp Bread 250G;£1.39;£0.56/100g;Savoury Biscuits;370;11.2;null;null;7.2;null;18.3;0.61;
254926368;Ryvita Crackerbread 200G;£1.19;£0.60/100g;Savoury Biscuits;378;10.8;null;null;2.8;null;4.8;1.05;
256001296;Ryvita Original Crisp Bread 250G;£0.99;£0.40/100g;Savoury Biscuits;350;8.5;null;null;1.7;null;16.5;0.50;
254926506;Finn Crisp Original Slims 200G;£1.19;£0.60/100g;Savoury Biscuits;1429 kJ 91 kJ;10 ;null;null;2,6 ;null;null;1,6 ;
281840917;Jacobs Chive Crisp Bread 190G;£1.00;£0.53/100g;Savoury Biscuits;null;9.0;null;null;14.3;null;4.2;1.1;
281841409;Jacobs Mixed Seed Crisp Bread 190G;£1.00;£0.53/100g;Savoury Biscuits;null;9.9;null;null;16.8;null;3.8;1.0;
265424300;Ryvita Minis Cream Cheese And Chive 6 Pack 144G;£1.89;£1.32/100g;Savoury Biscuits;1639kJ 394kJ -;8.9;null;null;9.9;null;14.9;1.34;
266319153;Ryvita Cracked Black Pepper Crisp Bread 200G;£1.59;£0.80/100g;Savoury Biscuits;344;8.8;null;null;1.6;null;14.5;0.56;
272615588;Ryvita Hint Of Chilli Crisp Bread 200G;£1.59;£0.80/100g;Savoury Biscuits;349;8.6;null;null;1.9;null;16.8;0.57;
265424640;Ryvita Minis Sweet Chilli 6 Pack 144G;£1.89;£1.32/100g;Savoury Biscuits;1585kJ 380kJ;8.5;null;null;7.4;null;10.3;null;
266319546;Ryvita Minis Salt And Vinegar 6 Pack 144G;£1.89;£1.32/100g;Savoury Biscuits;1583kJ 380kJ;8.2;null;null;7.8;null;11.4;null;
255269055;Ryvita Pumpkin And Oats Crisp Bread 200G;£1.59;£0.80/100g;Savoury Biscuits;370;11.2;null;null;7.2;null;18.3;0.61;
272615686;Ryvita Mediterranean Herb Crisp Bread 200G;£1.59;£0.80/100g;Savoury Biscuits;401;9.5;null;null;1.6;null;11.8;0.98;
255230628;Ryvita Sunflower And Oat Crisp Bread 200G;£1.59;£0.80/100g;Savoury Biscuits;384;9.7;null;null;9.0;null;15.3;0.76;
260391973;Dr Karg Organic Cheese And Pumpkin Seed Crisp Bread 200G;£2.09;£1.05/100g;Savoury Biscuits;null;null;null;null;null;null;null;null;
281841254;Jacobs Mixed Grain Crisp Bread 190G;£1.00;£0.53/100g;Savoury Biscuits;null;9.0;null;null;14.0;null;4.2;1.1;
256001031;Ryvita Dark Rye Crisp Bread 250G;£0.99;£0.40/100g;Savoury Biscuits;342;8.5;null;null;1.2;null;15.2;0.74;
261212413;Ryvita Fruit Crunch Crisp Bread 200G;£1.59;£0.80/100g;Savoury Biscuits;358;8.3;null;null;5.4;null;14.9;0.03;
254926420;Ryvita Sesame Crisp Bread 250G;£1.39;£0.56/100g;Savoury Biscuits;373;10.5;null;null;7.0;null;17.5;0.86;
256089410;Tesco Finest Shortbread Fingers 165G;£1.29;£0.78/100g;Seasonal Biscuits;515;5.1;null;13.7;25.8;16.6;1.2;0.7;
257911663;Tesco Finest Scottish Shortbread Assortment 400G;£2.79;£0.70/100g;Seasonal Biscuits;515;5.1;null;13.7;25.8;16.6;1.2;0.7;
274306882;Tesco Teddy Bear Biscuits 100G;£1.00;£1.00/100g;Seasonal Biscuits;505;5.7;null;31.1;21.8;14.9;1.6;null;
283447205;Bahlsen Hit Cocoa Creme Biscuits 220G;£1.00;£0.46/100g;Sweet Biscuits;508 ;6,7 ;null;null;25 ;null;null;0,51 ;
257205791;Bahlsen Deloba 100G;£1.39;£1.39/100g;Sweet Biscuits;485 ;5,4 ;null;null;23 ;null;null;0,98 ;
273581291;Lees 6 Teacakes 110G;£0.59;£0.54/100g;Sweet Biscuits;449;3.2;null;null;15.8;null;2.7;0.23;
277685864;Mcvitie's Hobnob Chocolate Chip 300G;£1.19;£0.40/100g;Sweet Biscuits;null;1.1;null;null;3.2;null;1.1;null;
253249261;Mcvities Digestive 500G;£1.09;£0.22/100g;Sweet Biscuits;null;7.2;null;null;21.3;null;3.6;1.3;
254922614;Mcvities Crawford Thin Arrowroot Biscuits 200G;£1.49;£0.75/100g;Sweet Biscuits;null;6.9;null;null;15.2;null;2.8;1.1;
254922666;Mcvities Digestive 250G;£0.89;£0.36/100g;Sweet Biscuits;null;7.2;null;null;21.3;null;3.6;1.3;
271738191;Foxs Golden Crunch Creams 168G;£1.09;£0.65/100g;Sweet Biscuits;2121kJ 328kJ -;4.6;null;null;24;null;1.7;0.58;
286540896;Fox's Chocolate Fudge Crunch Creams 168G;£1.09;£0.65/100g;Sweet Biscuits;2138kJ 330kJ -;4.7;null;null;25;null;2.7;0.95;
273581164;Lees 6 Snowballs 110G;£0.59;£0.54/100g;Sweet Biscuits;432;3.4;null;null;16.6;null;3.9;0.2;
259874271;Lotus Biscoff 250G;£0.99;£0.40/100g;Sweet Biscuits;484 ;4.9 ;null;null;19.0 ;null;1.3 ;0.92 ;
260208236;Fox's Jam Sandwich Creams 150G;£1.09;£0.73/100g;Sweet Biscuits;2095kJ 325kJ 8400kJ -;5.0;null;null;23;null;2.0;0.45;
271737998;Fox's Crinkles Ginger 200G;£0.64;£0.32/100g;Sweet Biscuits;1856kJ 197kJ -;5.3;null;null;13;null;2.1;1.00;
278418034;Tesco Finest Free From Chocolate And Cranberry Cookies 150G;£2.00;£1.34/100g;Sweet Biscuits;497;5.4;null;35.2;24.0;14.5;2.9;0.6;
271182207;Jacobs Lemon Puff 200G;£1.69;£0.85/100g;Sweet Biscuits;2105kJ 295kJ;6.1;null;null;25.6;null;2.0;null;
278434838;Tesco Finest Free From Triple Chocolate Cookies 150G;£2.00;£1.34/100g;Sweet Biscuits;508;5.8;null;40.4;26.2;15.8;3.5;0.8;
271738415;Foxs Rich Tea Finger Creams 200G;£1.09;£0.62/100g;Sweet Biscuits;2051kJ 243kJ 8400kJ -;6.0;null;null;20;null;2.3;0.57;
271738064;Foxs Ginger Crunch Creams 168G;£1.09;£0.65/100g;Sweet Biscuits;2099kJ 324kJ -;4.1;null;null;23;null;1.6;0.85;
271737658;Foxs Crinkle Crunch Butter 200G;£0.64;£0.32/100g;Sweet Biscuits;1964kJ 208kJ -;5.4;null;null;18;null;2.4;0.96;
254922522;Mcvitie Rich Tea Biscuits 300G;£1.09;£0.36/100g;Sweet Biscuits;null;7.0;null;null;15.5;null;2.9;0.8;
251672476;Doritos Tangy Cheese 6 Pack;£1.50;£0.83/100g;Crisps & Snacks;625kJ 2084kJ;2.0;null;null;7.9(11%*;null;2.0;0.38(6%*;
258238738;Doritos Chilli Heatwave 6 Pack;£1.50;£0.83/100g;Crisps & Snacks;619kJ 2064kJ;2.0;null;null;7.6(11%*;null;2.0;0.41(7%*;
287233596;Hula Hoops Puft Salted 6X15g;£1.75;£1.95/100g;Crisps & Snacks;2023kJ 303kJ;8.3;null;null;21;null;4.0;1.8;
287233550;Hula Hoops Puft Cheese 6X15g;£1.75;£1.95/100g;Crisps & Snacks;1975kJ 296kJ;8.8;null;null;20;null;4.1;2.0;
251228859;Jacobs Mini Cheddars 12 Pack;£2.75;£0.92/100g;Crisps & Snacks;null;10.7;null;null;29.5;null;2.5;2.4;
277289971;Golden Wonder Onion Rings 8 For 6 Pack;£1.00;£0.69/100g;Crisps & Snacks;null;null;null;null;null;null;null;null;
285385539;Branston Cheese And Pickle Peanuts 150G;£1.00;£0.00/g;Crisps & Snacks;2133kJ 533kJ;17.2;null;null;31.2;null;6.1;1.77;
272652658;Jacobs Mini Cheddar Original 15X25g;£3.39;£0.90/100g;Crisps & Snacks;null;10.7;null;null;29.5;null;2.5;2.4;
287247502;Hula Hoops Puft Salt And Vinegar 6X15g;£1.75;£1.95/100g;Crisps & Snacks;2006kJ 301kJ;8.1;null;null;20;null;3.9;2.0;
287318531;Jacobs Crinklys Bacon 7 X 25G;£1.00;£0.57/100g;Crisps & Snacks;null;8.1;null;null;22.0;null;2.6;1.4;
283445449;Jacobs Crinklys Cheese Onion 7Pk;£1.00;£0.57/100g;Crisps & Snacks;null;8.5;null;null;22.1;null;2.9;1.6;
287318410;Jacobs Crinklys Salt And Vinegar 7 X 25G;£1.00;£0.57/100g;Crisps & Snacks;null;8.1;null;null;22.0;null;2.6;1.7;
276928920;Butterkist Toffee Popcorn 6X25g;£1.00;£0.67/100g;Crisps & Snacks;1767 kJ 442 kJ - (8400kJ;1.8 ;null;null;9.3 ;null;3.4 ;1.42 ;
259009369;Doritos Cool Original 6X30g;£1.50;£0.83/100g;Crisps & Snacks;623kJ 2077kJ;2.1;null;null;7.9(11%*;null;2.0;0.57(10%*;
272878149;Golden Wonder Ringos Cheese And Onion 6 Pack;£1.48;£1.55/100g;Crisps & Snacks;null;null;null;null;null;null;null;null;
261600265;Doritos Variety 12 Pack;£2.95;£0.82/100g;Crisps & Snacks;619kJ 2064kJ;2.0;null;null;7.6(11%*;null;2.0;0.41(7%*;
285499445;Golden Cross Party Mix Jalepeno 150G;£1.00;£0.67/100g;Crisps & Snacks;1941 kJ -;4,4 ;null;null;19,4 ;null;null;3,7 ;
287662525;Golden Wonder Transforma Saucy Barbecue;£1.00;£1.00/each;Crisps & Snacks;null;null;null;null;null;null;null;null;
283447286;Golden Wonder Ringos Beef Flavour 6 Pack 84G;£1.48;£1.77/100g;Crisps & Snacks;null;4.4;null;null;23.4;null;2.2;3.6;
272878397;Golden Wonder Ringos Salt And Vinegarcrisps6pk;£1.48;£1.55/100g;Crisps & Snacks;null;null;null;null;null;null;null;null;
284982669;Bear Pure Fruit Yoyo Mango 5 X 20G;£2.29;£22.90/kg;Kids Snacking;kJ 1151 kJ 115;1.9;null;null;0.2;null;8;0;
284982842;Bear Pure Fruit Yoyo Raspberry 5 X 20G;£2.29;£22.90/kg;Kids Snacking;kJ 1151 kJ 115;1.9;null;null;0.2;null;8;0;
284737949;Fruit Factory Fruit Stars 20G;£0.40;£20.00/kg;Kids Snacking;310;2.0;null;null;0.3;null;2.0;<0.1;
279525453;Fruit Bowl Sea Shapes 5X18g;£1.39;£15.45/kg;Kids Snacking;1230kJ 221kJ;0.6;null;null;<0.5;null;4.8;0.32;
255093475;Fruit Bowl Yoghurt Fruit Flakes Strawberry 25G;£0.45;£18.00/kg;Kids Snacking;453;1.3;null;null;19;null;3.9;0.2;
278632022;Fruit Factory Fruit Wheels 75G;£1.85;£24.67/kg;Kids Snacking;330;4.5;null;null;0.7;null;1.7;0.28;
286782799;Bear Pure Fruit Yoyo Stawberry 9X20g;£3.00;£1.67/100g;Kids Snacking;kJ 1151 kJ 115;1.9;63.4;null;0.2;null;8;0;
284555916;Fruit Bowl Sours 4 Fruits 5X20g;£1.69;£1.69/100g;Kids Snacking;1230kJ 246kJ;0.6;null;null;<0.5;null;4.8;0.32;
267774642;Frootz Orange Buttons 18G;£0.45;£25.00/kg;Kids Snacking;1266 kJ 228 kJ;0.6;null;null;0.2;null;1.1;0.1;
284737805;Fruit Factory Fruit Wheels 15G;£0.40;£26.67/kg;Kids Snacking;330;4.5;null;null;0.7;null;1.7;0.28;
267775746;Frootz Strawberry Buttons 18G;£0.45;£25.00/kg;Kids Snacking;1242 kJ 224 kJ;0.9;null;null;0.2;null;1.6;0.1;
272440074;Fruit Bowl Peelers Blackcurrant 60G;£1.50;£25.00/kg;Kids Snacking;1356kJ 271kJ;1.5;null;null;1.0;null;7.5;0.25;
257228994;Fruit Bowl Yoghurt Coated Fruit Flakes Raisins 30G;£0.45;£15.00/kg;Kids Snacking;455;2.0;null;null;19;null;3.0;0.2;
279524892;Fruit Bowl Jungle Shapes 5X18g;£1.39;£15.45/kg;Kids Snacking;1230kJ 221kJ;0.6;null;null;<0.5;null;4.8;0.32;
267773263;Frootz Raspberry Buttons 18G;£0.45;£25.00/kg;Kids Snacking;1253 kJ 226 kJ;0.7;null;null;0.8;null;1.8;0.1;
271110311;Forest Feast Sensational Mango Sour 60G;£1.50;£25.00/kg;Kids Snacking;358Kcal;1.05;null;null;0.3;null;<0.5;Trace;
251434684;Forest Feast Exotic Dried Mango 130G;£2.00;£15.39/kg;Kids Snacking;332Kcal;1.7;null;null;0.9;null;4.5;Trace;
260278336;Crazy Jack Organic Blueberries 100G;£3.99;£39.90/kg;Kids Snacking;328 ;0.1;null;null;1.1;null;4.7;null;
264919955;Fruit Bowl School Bars Raspberry 100G;£1.48;£14.80/kg;Kids Snacking;337;1.0;null;null;3.6;null;7.1;0.5;
255622795;Crazy Jack Organic Cranberries 100G;£2.49;£24.90/kg;Kids Snacking;339 ;0.1;null;null;1.6;null;4;null;
271554966;Centennial Roasted And Salted Peanuts 300G;£0.99;£3.30/kg;Nuts;596;26.2;null;7.3;47.8;6.0;9.5;1.3;
282799976;Sensations Nuts Thai Sweet Chilli 150G;£1.00;£0.67/100g;Nuts;679 kJ 2263 kJ;4.2 ;null;null;10.0  (14%*;null;0.8 ;0.70  (12%*;
274769863;Tesco Everyday Value Roasted Salted Peanut 200G;£0.48;£2.40/kg;Nuts;596;26.2;null;7.3;47.8;6.0;9.5;1.0;
262717212;Centennial Dry Roasted Peanuts 400G;£1.19;£2.98/kg;Nuts;591;25.4;null;4.8;46.5;8.7;9.6;1.9;
254929463;Kp Salted Peanuts 500G;£2.99;£5.98/kg;Nuts;2544kJ 763kJ;30;null;null;51;null;8.5;1.3;
266183951;Kp Honey Roast Peanuts 180G;£1.99;£11.06/kg;Nuts;null;23.7;null;null;42.8;null;7.7;null;
272969733;Sensations Californian Hon& Salt Peanuts 145G;£1.00;£6.90/kg;Nuts;704kJ 2348kJ;5.8;null;null;12.0(17%*;null;1.5;0.40 (7%*;
266183916;Kp Jumbo Spicy Chilli Peanuts 180G;£1.99;£11.06/kg;Nuts;null;27.3;null;null;47.8;null;8.9;null;
254929590;Kp Dry Roasted Peanuts 300G;£1.99;£6.64/kg;Nuts;null;28.3;null;null;46.0;null;9.1;null;
264925008;Kp Jumbo Salted Peanuts 200G;£1.99;£9.95/kg;Nuts;null;27.5;null;null;49.0;null;9.0;null;
282800647;Sensations Chinese Szechuan Pepper Peanuts 140G;£1.00;£0.71/100g;Nuts;602 kJ 2006 kJ;4.2 ;null;null;6.5  (9%*;null;0.8 ;0.60  (11%*;
281512460;Kp Jumbo Honey Roast Nuts Mix 140G;£2.00;£14.29/kg;Nuts;2463kJ 862kJ;23 ;null;null;45 ;null;6.4 ;0.75 ;
268420328;Tesco Jumbo Roasted &Salted Peanuts 100G;£0.59;£5.90/kg;Nuts;576;25.3;null;5.0;41.8;6.6;5.1;1.8;
268345256;Tesco Barbecue Flavoured Coated Peanuts 200G;£0.99;£4.95/kg;Nuts;517;15.4;null;6.1;30.6;5.0;5.0;1.7;
282800132;Sensations Mexican Smoked Chilli P/Nut150g;£1.00;£0.67/100g;Nuts;676 kJ 2252 kJ;4.2 ;null;null;10.0  (14%*;null;0.8 ;1.10  (18%*;
250603288;Kp Dry Roasted Peanuts 500G;£2.99;£5.98/kg;Nuts;null;28.3;null;null;46.0;null;9.1;null;
257142138;Tesco Jumbo Dry Roasted Peanuts 100G;£0.59;£5.90/kg;Nuts;591;25.4;null;4.8;46.5;8.7;9.6;1.9;
268459093;Tesco Dry Roasted Peanuts 275G;£1.38;£5.02/kg;Nuts;591;25.4;null;4.8;46.5;8.7;9.6;1.9;
254929371;Kp Salted Peanuts 300G;£1.99;£6.64/kg;Nuts;null;27.4;null;null;50.8;null;8.5;null;
268459611;Tesco Jumbo Dry Roasted Peanuts 550G;£2.19;£3.99/kg;Nuts;591;25.4;null;4.8;46.5;8.7;9.6;1.9;
278148169;Metcalfe's Skinny Topcorn Sea Salt 70G;£1.49;£2.13/100g;Popcorn;null;null;null;null;null;null;null;null;
285117870;Butterkist Sweet And Salted Popcorn 100G;null;null;Popcorn;2100 kJ 422 kJ - (8400kJ;4.9 ;null;null;25.4 ;null;7.4 ;0.76 ;
283024542;Butterkist Variety Pack 6 Pack 100G;£1.69;£1.69/100g;Popcorn;1767 kJ 442 kJ - (8400kJ/;1.8 ;null;null;9.3 ;null;3.4 ;1.42 ;
282774683;Tesco Popcorn Sweet Variety 5 X 20G;£1.39;£1.39/100g;Popcorn;369;2.7;null;58.2;8.0;2.5;2.8;1.6;
287425332;Propercorn Sweet Coconut And Vanilla 90G;£1.59;£1.77/100g;Popcorn;2033kJ 508kJ;null;null;null;null;null;null;null;
280771067;Tesco Healthy Living Red Thai Curry Popcorn 20G;£0.49;£2.45/100g;Popcorn;427;10.5;null;4.1;16.0;1.5;13.4;1.3;
277785988;Tesco Popcorn Salt And Vinegar 80G;£1.00;£1.25/100g;Popcorn;492;10.4;null;0.8;27.5;2.1;8.2;2.8;
278148284;Metcalfe's Skinny Topcorn Sweet 'N Salt 80G;£1.49;£1.87/100g;Popcorn;null;null;null;null;null;null;null;null;
278170354;Propercorn Sweet And Salty 90G Sharing Bag;£1.59;£1.77/100g;Popcorn;1797kJ 539kJ;null;null;null;null;null;null;null;
285118039;Butterkist Sweet Salt Microwave Popcorn 3X70g;£1.99;£0.95/100g;Popcorn;1662 kJ 333 kJ -;9.0 ;null;null;13.9 ;null;22.1 ;1.12 ;
285117991;Butterkist Salted Microwave Popcorn 3X70g;£1.99;£0.95/100g;Popcorn;1913 kJ 380 kJ -;8.7 ;null;null;21.2 ;null;13.1 ;1.85 ;
278169795;Propercorn Fiery Worcester Sauce And Sun Dried Tomato 80G;£1.59;£1.99/100g;Popcorn;1957kJ 391kJ;null;null;null;null;null;null;null;
285117927;Butterkist Sweet Microwave Popcorn 3X70g;£1.99;£0.95/100g;Popcorn;1856 kJ 371 kJ -;8.3 ;null;null;17.6 ;null;11.8 ;Trace;
254999119;Butterkist Cinema Sweet Popcorn 120G;£1.49;£12.42/kg;Popcorn;2104 kJ 420 kJ - 8400kJ;5.1 ;null;null;25.1 ;null;7.4 ;0.02 ;
283024654;Butterkist Limited Edition 150G;£1.49;£9.94/kg;Popcorn;1749 kJ 438 kJ -;3.6;null;null;9.6;null;4.5;1.81;
278170199;Propercorn Lightly Sea Salted 70G;£1.59;£2.28/100g;Popcorn;1838kJ 368kJ;null;null;null;null;null;null;null;
277786284;Tesco Popcorn Variety Multipack 6 Pack;£1.39;£0.23/each;Popcorn;494;9.1;null;15.1;25.4;3.2;10.3;1.5;
280771096;Tesco Healthy Living Sour Cream And Black Pepper Popcorn 20G;£0.49;£0.25/10g;Popcorn;438;11.4;null;4.8;16.0;1.5;13.2;1.4;
250055120;Butterkist Toffee Popcorn 200G;£1.49;£0.75/100g;Popcorn;1767 kJ 442 kJ - 8400kJ;1.8 ;null;null;9.3 ;null;3.4 ;1.42 ;
285118016;Butterkist Butter Microwave Popcorn 3X70g;£1.99;£0.95/100g;Popcorn;1846 kJ 369 kJ -;8.5 ;null;null;18.4 ;null;13.7 ;0.74 ;
282484761;Aero Peppermint Chocolate Bar 120G;£1.00;£0.83/100g;Block Chocolate;2251 kJ 392 kJ 8400 kJ -;5.4 ;null;null;30.1 ;null;1.1 ;0.28 ;
277758917;Cadbury Dairy Milk Mrvls Cooke Nut Crunch 200G;£2.59;£1.30/100g;Block Chocolate;2190 kJ 545 kJ 8400 kJ/;7.2;null;null;29.0;null;0.9;0.43;
275027686;Cadbury Dairy Milk Chocolate Bar 360G;£3.50;£0.97/100g;Block Chocolate;2210 kJ 664 kJ 8400 kJ/;7.5;null;null;30.5;null;0.7;0.23;
278678169;Cadbury Dairy Milk Daim Chocolate Bar 120G;£1.00;£0.83/100g;Block Chocolate;525 ;6.4;null;null;30.5;null;0.7;0.43;
273626533;Cadbury Dairy Milk Fruit And Nut Chocolate Bar 200G;£2.49;£1.25/100g;Block Chocolate;495 ;8.3;null;null;26;null;1.3;0.20;
276307440;Cadbury Dairy Milk Turkish Chocolate Bar 200G;£2.49;£1.25/100g;Block Chocolate;465 ;5.3;null;null;21;null;0.7;0.18;
282485005;Aero Milk Chocolate Bar 120G;£1.00;£0.83/100g;Block Chocolate;2260 kJ 393 kJ 8400 kJ -;6.5 ;null;null;30.8 ;null;2.2 ;0.21 ;
275523254;Cadbury Dairy Milk Fruit And Nut Chocolate Bar 120G;£1.00;£0.83/100g;Block Chocolate;495 ;8.3;null;null;26;null;1.3;0.2;
275237719;Cadbry Dairy Milk Biscuit Crunch Chocolate Bar 200G;£2.49;£1.25/100g;Block Chocolate;550;6.3;null;null;33.5;null;0.8;0.30;
275523317;Cadbury Dairy Milk Caramel Chocolate Bar 120G;£1.00;£0.83/100g;Block Chocolate;475 ;4.9;null;null;23.5;null;0.4;0.43;
273626838;Cadbury Dairy Milk Crunchie Bit Chocolate Bar 200G;£2.49;£1.25/100g;Block Chocolate;505 ;6.2;null;null;25.0;null;0.6;0.30;
277746897;Cadbury Dairy Milk Marvls Jely Candy Bar 200G;£2.59;£1.30/100g;Block Chocolate;2125 kJ 530 kJ 8400 kJ/;6.5;null;null;26.5;null;0.7;0.23;
275248021;Cadbury Dairy Milk Bubbly Mint Chocolate Bar 100G;£1.00;£1.00/100g;Block Chocolate;565 ;6.2;null;null;36.5;null;0.5;0.25;
273968548;Cadbury Dairy Milk Chocolate Bar 200G;£2.49;£1.25/100g;Block Chocolate;530 ;7.5;null;null;30.5;null;0.7;0.23;
275523231;Cadbury Dairy Milk Whole Nut Chocolate Bar 120G;£1.00;£0.83/100g;Block Chocolate;550 ;8.8;null;null;35.5;null;1.7;0.20;
276307359;Cadbury Dairy Milk Caramel Chocolate Bar 200G;£2.49;£1.25/100g;Block Chocolate;490 ;5.7;null;null;25.5;null;0.5;0.35;
275248124;Cadbury Dairy Milk Oreo Chocolate Bar 120G;£1.00;£0.83/100g;Block Chocolate;560 ;6.0;null;null;35.5;null;0.9;0.38;
272136953;Cadbury Dairy Milk Bubbly Chocolate Bar 90G;£1.00;£1.12/100g;Block Chocolate;530 ;7.5;null;null;30.5;null;0.7;0.23;
284508305;Cadbury Chips Ahoy Cookie 120G;£1.00;£0.83/100g;Block Chocolate;565 ;5.9;null;null;36;null;0.7;0.38;
283787608;Aero White Chocolate Bar 120G;£1.00;£0.83/100g;Block Chocolate;2251 kJ 392 kJ 8400 kJ -;5.4 ;null;null;30.1 ;null;1.1 ;0.28 ;
255579074;Bendicks Bittermints Carton 200G;£5.00;£2.50/100g;Chocolate Boxes & Gifts;1794kJ -;3.5;null;null;16.8;null;null;0.01;
285365379;Baileys Chocolate Assortment 138G;£5.00;£3.63/100g;Chocolate Boxes & Gifts;null;null;null;null;null;null;null;null;
251082287;Celebrations Mini Carton 70G;£1.50;£2.15/100g;Chocolate Boxes & Gifts;2079kJ 568kJ (7%;5.6;null;null;24.9;null;null;0.39;
285508661;Cadburys Roses Carton 331G;£3.00;£0.94/100g;Chocolate Boxes & Gifts;2025 kJ 8400 kJ;3.7;null;null;23;null;0.8;0.35;
277372699;Cadbury Say It With Flowers 180G;£3.00;£16.67/kg;Chocolate Boxes & Gifts;null;6.4;null;null;36;null;1.1;null;
287355630;Celebrations Standard Bottle 320G;£3.00;£0.94/100g;Chocolate Boxes & Gifts;2079kJ 568kJ (7%;5.6;null;null;24.9;null;null;0.39;
259442229;Cadbury Milk Tray Boxed Chocolates 400G;£3.50;£0.88/100g;Chocolate Boxes & Gifts;2075 kJ;4.2;null;null;24.5;null;1.5;0.35;
265261169;Bendicks Mint Collection Boxed Chocolates 200G;£5.00;£2.50/100g;Chocolate Boxes & Gifts;1912 kJ;3.1 ;null;null;19.7 ;null;null;0.02 ;
276805962;Cadbury Say It With Hearts 48G;£1.29;£2.69/100g;Chocolate Boxes & Gifts;null;6.3;null;null;36.0;null;1.2;null;
271074998;Cadbury Heroes Carton 350G;£3.00;£0.86/100g;Chocolate Boxes & Gifts;null;4.8;null;null;22.4;null;0.4;null;
285209560;Bassetts Liquorice Allsorts 460G;£4.00;£0.87/100g;Chocolate Boxes & Gifts;1605 kJ 8400 kJ /;5.6;null;null;4.2;null;null;0.1;
280825108;Celebrations Carton 240G;£2.00;£0.83/100g;Chocolate Boxes & Gifts;2080kJ 568kJ (7%;5.6;null;null;25.0;null;null;0.39;
279818061;Bendicks Mint Crisp Boxed Chocolates 160G;£5.00;£3.13/100g;Chocolate Boxes & Gifts;2169 kJ -;4.2 ;null;null;30.2 ;null;null;0.09 ;
285209721;Cadbury Chocolate Eclairs 420G;£4.00;£0.95/100g;Chocolate Boxes & Gifts;1915 kJ 8400 kJ;4.2;null;null;17.5;null;null;0.48;
259263458;Cadbury Milk Tray 600G;£6.00;£1.00/100g;Chocolate Boxes & Gifts;2075 kJ;4.2;null;null;24.5;null;1.5;0.35;
285846375;Cadburys Roses Mini Carton 68G;£1.00;£1.45/100g;Chocolate Boxes & Gifts;2070 kJ 8400 kJ;4.3;null;null;25;null;0.9;0.33;
277372722;Cadbury Say It With Flowers 48G;£1.00;£20.84/kg;Chocolate Boxes & Gifts;null;6.4;null;null;36.0;null;1.1;null;
285753093;Black Magic Boxed Chocolates 188G;£2.50;£1.44/100g;Chocolate Boxes & Gifts;2051 kJ 399 kJ 8400 kJ 5%;4.1;null;null;23.5;null;4.4;0.05;
285209485;Bassetts Jelly Babies 460G;£4.00;£0.87/100g;Chocolate Boxes & Gifts;1430 kJ 8400 kJ /;3.6;null;null;0;null;null;0.03;
252204546;After Eight Mints Carton 300G;£2.00;£0.67/100g;Chocolate Boxes & Gifts;1779 kJ 149 kJ;2.0 ;null;null;12.9 ;null;null;null;
272082946;Aero Bubbles Peppermint Chocolate Pouch 113G;£1.59;£1.41/100g;Chocolate Pouches & Bags;2248kJ 540kJ 8400kJ -;4.8;null;null;29.7;null;0.8;0.28;
271114670;Galaxy Bites Chocolate Pouch 140G;£2.00;£1.43/100g;Chocolate Pouches & Bags;2062kJ 866kJ (10%;5.1;null;null;24.3;null;null;0.25;
285332960;Cadbury Crunchie Rocks 110G;£2.00;£1.82/100g;Chocolate Pouches & Bags;2010 kJ 502 kJ 8400 kJ;5.1;null;null;19;null;2.0;0.70;
278677924;Cadbury Dairy Milk Chocolate Pebbles Pouch 140G;£2.00;£1.43/100g;Chocolate Pouches & Bags;2070 kJ 725 kJ;5.5;null;null;22.0;null;0.5;0.17;
285383599;Cadbury Twirl Bites 109G;£2.00;£1.84/100g;Chocolate Pouches & Bags;2220 kJ 555 kJ 8400 kJ;7.7;null;null;30.5;null;0.8;0.25;
271153346;Cadbury Chocolate Eclairs 180G;£1.99;£1.11/100g;Chocolate Pouches & Bags;null;4.2;null;null;17.5;null;0.4;null;
283772142;Cadbury Marvellous Mix Ups Maynards Bag 124G;£2.00;£1.62/100g;Chocolate Pouches & Bags;1800 kJ 8400 kJ;2.4;null;null;14;null;0.5;0.28;
285333262;Cadbury Chocolate Pretzel Pouch 110G;£2.00;£1.82/100g;Chocolate Pouches & Bags;1995 kJ 549 kJ 8400 kJ;7.7;null;null;20.5;null;2.9;0.93;
285333141;Cadbury Chocolate Popcorn Pouch 119G;£2.00;£1.69/100g;Chocolate Pouches & Bags;2055 kJ 514 kJ 8400 kJ;4.5;null;null;22.5;null;2.9;0.78;
283772292;Cadbury Marvells Mix Ups Oreo Bag 111G;£2.00;£1.81/100g;Chocolate Pouches & Bags;2115 kJ 8400 kJ;5.7;null;null;24.5;null;1.6;0.55;
282431317;Galaxy Counters Pouch 126G;null;null;Chocolate Pouches & Bags;2208kJ 927kJ (11%;7.0;null;null;28.9;null;null;0.26;
285383858;Cadbury Caramel Nibbles 120G;£2.00;£1.67/100g;Chocolate Pouches & Bags;2100 kJ 525 kJ 8400 kJ;5.9;null;null;26;null;0.5;0.33;
285383271;Cadbury Bitsa Wispa Bag 110G;£2.00;£1.82/100g;Chocolate Pouches & Bags;2290 kJ 630 kJ 8400 kJ;7.3;null;null;34;null;1.0;0.23;
277614679;Cadbury Crispello Chocolate Pouch 120G;£2.00;£16.67/kg;Chocolate Pouches & Bags;null;7;null;null;36;null;1.9;null;
285333170;Cadbury Crunchems Chocolate Pouch 105G;£2.00;£19.05/kg;Chocolate Pouches & Bags;2200 kJ 550 kJ 8400 kJ;4.9;null;null;29.5;null;2.5;0.90;
277857316;Cadbury Eclair Orange 180G;£1.00;£0.56/100g;Chocolate Pouches & Bags;1910 kJ 135 kJ;4.3;null;null;17.5;null;null;0.48;
285383766;Cadbury Dairy Milk Giant Buttons 119G;£2.00;£1.69/100g;Chocolate Pouches & Bags;2215 kJ 555 kJ 8400 kJ;7.6;null;null;30.5;null;0.7;0.23;
265427959;Daim Mini Chocolate Pouch 140G;£1.50;£1.08/100g;Chocolate Pouches & Bags;530 ;3 ;null;null;31 ;null;1.2 ;0.80 ;
283739730;Cadbury Crispelo Vanilla Bag 120G;£2.00;£16.67/kg;Chocolate Pouches & Bags;2330 kJ 235 kJ 8400 kJ;6.2;null;null;35.5;null;1.4;0.23;
283787568;Aero Bubbles White Chocolate Bag 113G;£1.59;£1.41/100g;Chocolate Pouches & Bags;2248 kJ 540 kJ 8400 kJ -;4.8 ;null;null;29.7 ;null;0.8 ;0.28 ;
272084414;Aero Mint Chocolate 3 Pack 120G;£1.49;£1.25/100g;Multipack Chocolate;2253 kJ 924 kJ 8400 kJ -;5.2 ;null;null;30.0 ;null;1.0 ;0.28 ;
284091709;Cadbury Dairy Milk Chocolate 4 Pack 144G;£1.79;£1.25/100g;Multipack Chocolate;2210 kJ 796 kJ 8400 kJ/;7.5;null;null;30.5;null;0.7;0.23;
287853144;Cadbury Flake 3 Pack 76G;£1.00;£1.32/100g;Multipack Chocolate;2230 kJ 571 kJ 8400 kJ/;8.1;null;null;31.0;null;0.7;0.28;
271631679;Cadbury Dairy Milk Caramel Chocolate 3 Pack 117G;£1.43;£1.23/100g;Multipack Chocolate;null;4.8;null;null;23.1;null;0.4;null;
283787257;Cadbury Wispa 4 Pack 120G;£1.79;£1.50/100g;Multipack Chocolate;2290 kJ 699 kJ 8400 kJ/;7.3;null;null;34.0;null;1.0;0.23;
283471417;Cadbury Wispa 3 Pack 90G;£1.00;£1.12/100g;Multipack Chocolate;2290 kJ 699 kJ 8400 kJ/;7.3;null;null;34.0;null;1.0;0.23;
267089641;Cadbury Flake 4 Pack 102G;£1.79;£1.17/100g;Multipack Chocolate;null;8.1;null;null;31;null;0.7;null;
284183250;Cadbury Twirl 7 Pack 238G;£2.75;£11.56/kg;Multipack Chocolate;2235 kJ 380 kJ 8400 kJ/;7.6;null;null;31.0;null;0.8;0.25;
271630473;Cadbury Dairy Milk Chocolate 3 Pack 117G;£1.43;£1.23/100g;Multipack Chocolate;null;7.5;null;null;29.8;null;0.7;null;
287853173;Frys Chocolate Cream 3 Pack 147G;£1.00;£6.81/kg;Multipack Chocolate;1800 kJ 882 kJ 8400 kJ/;2.2;null;null;14.5;null;3.2;<0.01;
282431070;Cadbury Dairy Milk With Ritz 3 Pack 105G;£1.50;£1.43/100g;Multipack Chocolate;2185 kJ 764 kJ 8400 kJ/;7.4;null;null;29.0;null;1.0;0.63;
283787009;Cadbury Crunchie 3 Pack 120G;£1.00;£1.05/100g;Multipack Chocolate;1970 kJ 630 kJ 8400 kJ/;3.5;null;null;17.5;null;1.3;0.73;
272431350;Bounty 4 Pack 228G;£1.00;£0.44/100g;Multipack Chocolate;2040kJ 581kJ (7%;3.8;null;null;26.0;null;null;0.26;
282431162;Cadbury Dairy Milk With Lu 3 Pack 105G;£1.50;£1.43/100g;Multipack Chocolate;2150 kJ 752 kJ 8400 kJ/;7.2;null;null;26.5;null;1.2;0.48;
287853109;Cadbury Oat Crunch 3 Pack 90G;£1.00;£1.12/100g;Multipack Chocolate;2100 kJ 630 kJ 8400 kJ/;7.4;null;null;24.5;null;1.6;0.50;
283771742;Cadbury Twirl Chocolate 3 Pack 102G;£1.00;£0.98/100g;Multipack Chocolate;2235 kJ 380 kJ 8400 kJ/;7.6;null;null;31;null;0.8;0.25;
277968093;Cornetto Chocolates 4 Pack 80G;£2.00;£2.50/100g;Multipack Chocolate;566;5.8;null;null;37.3;null;null;0.25;
283771765;Cadbury Double Decker Chocolate 3 Pack 163.5G;£1.49;£0.91/100g;Multipack Chocolate;1925 kJ 1050 kJ 8400 kJ/;4.1;null;null;17.0;null;1.5;0.20;
274889714;Bounty 7 Pack 399G;£2.75;£0.69/100g;Multipack Chocolate;2040kJ 581kJ (7%;3.8;null;null;26.0;null;null;0.26;
272083853;Aero Milk Chocolate 3 Pack 120G;£1.49;£1.25/100g;Multipack Chocolate;2257 kJ 925 kJ 8400 kJ 11%;6.5 ;null;null;30.8 ;null;2.2 ;0.21 ;
288030872;Cadbury 30G Oat Crunch 16Ca;£0.90;£3.00/100g;Single Chocolate Bars & Bags;2210 kJ 630 kJ 8400 kJ/;7.4;null;null;24.5;null;1.6;0.50;
250996181;Cadbury Fruit And Nut 49G;£0.60;£1.23/100g;Single Chocolate Bars & Bags;null;8.5;null;null;27.1;null;1.3;null;
261036306;Cadbury Caramel Bar Single;£0.60;£1.23/100g;Single Chocolate Bars & Bags;null;4.8;null;null;23.1;null;0.4;null;
265325803;Cadbury Wispa Gold Bar 52G;£0.60;£1.16/100g;Single Chocolate Bars & Bags;510 ;5.4;null;null;29.5;null;0.6;0.40;
285097460;Cadbury Dairy Milk Oreo 41G;£0.60;£1.47/100g;Single Chocolate Bars & Bags;555 ;6.1;null;null;34;null;0.9;0.48;
275341324;Cadbury Chomp 23.5G;£0.20;£0.85/100g;Single Chocolate Bars & Bags;null;3.0;null;null;19.0;null;0.7;null;
277746822;Cadbury Dairy Milk Marvellous Creations Jelly Candy Bar 47G;£0.60;£1.28/100g;Single Chocolate Bars & Bags;2125 kJ 1000 kJ 8400 kJ/;6.5;null;null;26.5;null;0.7;0.23;
254894669;Cadbury Twirl Bar 43G;£0.60;£1.40/100g;Single Chocolate Bars & Bags;535 ;7.6;null;null;31.0;null;0.8;0.25;
268580846;Cadbury's Fudge Bar;£0.20;£0.20/each;Single Chocolate Bars & Bags;445 ;2.5;null;null;15;null;0.5;0.38;
281839816;Cadbury Dairy Milk With Lu Bar 35G;£0.50;£1.43/100g;Single Chocolate Bars & Bags;2150 kJ 752 kJ 8400 kJ/;7.2;null;null;26.5;null;1.2;0.48;
275341411;Cadbury Freddo 18G;£0.20;£1.12/100g;Single Chocolate Bars & Bags;530 ;7.5;null;null;30.5;null;0.7;0.23;
263218070;Cadbury Wispa Bar 39G;£0.60;£1.54/100g;Single Chocolate Bars & Bags;550 ;7.3;null;null;34.0;null;1.0;0.23;
258412209;Bounty Milk Chocolate Bar 57G;£0.60;£1.06/100g;Single Chocolate Bars & Bags;2040kJ 581kJ (7%;3.8;null;null;26.0;null;null;0.26;
278944534;Cadbury Boost Glucose 48.5G;£0.60;£1.24/100g;Single Chocolate Bars & Bags;515 ;5.9;null;null;28.5;null;1.5;0.30;
284318138;Cadbury Marvellous Creations Banana Crunch 47G;£0.60;£1.28/100g;Single Chocolate Bars & Bags;2140 kJ 1005 kJ 8400 kJ/;6.8;null;null;26.5;null;0.8;0.25;
258143654;Cadbury Double Decker Bar 60G;£0.60;£1.00/100g;Single Chocolate Bars & Bags;460 ;4.1;null;null;17;null;1.5;0.20;
250996169;Cadbury Fair Trade Dairy Milk Single 45G;£0.60;£1.34/100g;Single Chocolate Bars & Bags;null;7.5;null;null;29.8;null;0.7;null;
252519099;Cadbury Picnic 48.4G;£0.60;£1.24/100g;Single Chocolate Bars & Bags;485 ;7.7;null;null;22.5;null;2.3;0.53;
281839762;Cadbury Dairy Milk With Ritz Bar 35G;£0.50;£1.43/100g;Single Chocolate Bars & Bags;2185kJ 764kJ 8400kJ/;7.4;null;null;29.0;null;1.0;0.63;
272946138;Aero Bubbly Peppermint Chocolate Bar 40G;£0.60;£1.50/100g;Single Chocolate Bars & Bags;2253kJ 924kJ 8400kJ -;5.2;null;null;30.0;null;1.0;0.28;
254853183;Kelloggs Start Cereal 375G;£2.79;£0.74/100g;Childrens Cereals;390 ;8 ;null;null;3.5 ;null;5 ;1 ;
268146388;Kelloggs Rice Krispies 340G;£2.09;£0.62/100g;Childrens Cereals;383 ;6 ;null;null;1 ;null;1 ;1.13 ;
254852685;Tesco Frosted Flakes Cereal 500G;£1.55;£0.31/100g;Childrens Cereals;386;5.2;null;34.9;0.8;0.2;2.2;null;
274117610;Kelloggs Froot Loops Cereal 350G;£2.79;£0.80/100g;Childrens Cereals;391 ;8 ;null;null;3.5 ;null;3.5 ;1.13 ;
250106683;Nestle Cheerios Cereal 600G;£1.59;£0.27/100g;Childrens Cereals;1599 kJ 733 kJ - - -;8.6;null;null;3.6;null;7.4;1.00;
287318554;Nestle Oat Cheerios Low Sugar 325G;£2.49;£0.77/100g;Childrens Cereals;1684 kJ 759 kJ - 505 kJ 6%;11.1;null;null;7.6;null;8.5;0.75;
255020332;Tesco Rice Snaps Cereal 600G;£1.99;£0.33/100g;Childrens Cereals;385;7.4;null;9.7;1.2;0.4;1.5;null;
256455294;Tesco Multigrain Hoops Cereal 375G;£1.59;£0.42/100g;Childrens Cereals;384;9.0;null;19.3;4.5;0.7;6.5;null;
277662074;Kelloggs Coco Pops Cocorocks 350G;£2.39;£0.68/100g;Childrens Cereals;410 ;7 ;null;null;8 ;null;5 ;0.75 ;
258221504;Nestle Shreddies Cereal 500G;£2.49;£0.50/100g;Childrens Cereals;1565 kJ 880 kJ - - -;10.4;null;null;2.1;null;10.3;0.75;
271147861;Nestle Lion Cereal 400G;£2.49;£0.62/100g;Childrens Cereals;1737 kJ 775 kJ - - -;7.3;null;null;7.6;null;5.0;0.50;
256033626;Kelloggs Ricicles Cereal 450G;£2.79;£0.62/100g;Childrens Cereals;383 ;4.5 ;null;null;0.8 ;null;0.8 ;0.88 ;
256166198;Honey Monster Puffs Cereal 625G;£2.00;£0.32/100g;Childrens Cereals;1607kJ 482kJ - 8400kJ;6.6;null;null;1.2;null;5.0;0.01;
268586771;Neslte Curiously Cinnamon Cereal 565G;£3.49;£0.62/100g;Childrens Cereals;1765kJ 783kJ - - -;5.4;null;null;10.1;null;5.2;1.11;
261370566;Nestle Cheerios Cereal 375G;£2.49;£0.66/100g;Childrens Cereals;1599 kJ 733 kJ - - -;8.6;null;null;3.6;null;7.4;1.00;
253108152;Tesco Everyday Rice Snaps Cereal 440G;£0.77;£0.18/100g;Childrens Cereals;391;7.0;null;10.0;1.0;0.2;1.0;0.1;
256587304;Nestle Curiously Cinnamon Cereal 375G;£2.49;£0.66/100g;Childrens Cereals;1765 kJ 783 kJ - - -;5.4;null;null;10.1 ;null;5.2;1.11;
256240133;Kelloggs Frosties Cereal 750G;£2.69;£0.36/100g;Childrens Cereals;375 ;4.5 ;null;null;0.6 ;null;2 ;0.88 ;
252427392;Tesco Frosted Flakes Cereal 750G;£2.09;£0.28/100g;Childrens Cereals;386;5.2;null;34.9;0.8;0.2;2.2;null;
284354578;Kelloggs Rice Krispies 510G;£2.79;£0.55/100g;Childrens Cereals;383 ;6 ;null;null;1 ;null;1 ;1.13 ;
268146388;Kelloggs Rice Krispies 340G;£2.09;£0.62/100g;Family Favourite Cereals;383 ;6 ;null;null;1 ;null;1 ;1.13 ;
276668697;Kelloggs Honey Loops Cereal 335G;£2.69;£0.80/100g;Family Favourite Cereals;379 ;7 ;null;null;3 ;null;8 ;0.35 ;
273299936;Kelloggs Honey And Nut Clusters 450G;£2.79;£0.62/100g;Family Favourite Cereals;447 ;8 ;null;null;15 ;null;4 ;0.95 ;
261370566;Nestle Cheerios Cereal 375G;£2.49;£0.66/100g;Family Favourite Cereals;1599 kJ 733 kJ - - -;8.6;null;null;3.6;null;7.4;1.00;
284354578;Kelloggs Rice Krispies 510G;£2.79;£0.55/100g;Family Favourite Cereals;383 ;6 ;null;null;1 ;null;1 ;1.13 ;
256455294;Tesco Multigrain Hoops Cereal 375G;£1.59;£0.42/100g;Family Favourite Cereals;384;9.0;null;19.3;4.5;0.7;6.5;null;
256033626;Kelloggs Ricicles Cereal 450G;£2.79;£0.62/100g;Family Favourite Cereals;383 ;4.5 ;null;null;0.8 ;null;0.8 ;0.88 ;
271147861;Nestle Lion Cereal 400G;£2.49;£0.62/100g;Family Favourite Cereals;1737 kJ 775 kJ - - -;7.3;null;null;7.6;null;5.0;0.50;
256240133;Kelloggs Frosties Cereal 750G;£2.69;£0.36/100g;Family Favourite Cereals;375 ;4.5 ;null;null;0.6 ;null;2 ;0.88 ;
286545240;Kelloggs Crunchy Nut Cornflakes 1Kg;£3.99;£0.40/100g;Family Favourite Cereals;402 ;6 ;null;null;5 ;null;2.5 ;0.88 ;
274147464;Kelloggs Crunchy Nut Bites 360G;£2.79;£0.78/100g;Family Favourite Cereals;450 ;6 ;null;null;15 ;null;3.5 ;1.13 ;
253108152;Tesco Everyday Rice Snaps Cereal 440G;£0.77;£0.18/100g;Family Favourite Cereals;391;7.0;null;10.0;1.0;0.2;1.0;0.1;
250106683;Nestle Cheerios Cereal 600G;£1.59;£0.27/100g;Family Favourite Cereals;1599 kJ 733 kJ - - -;8.6;null;null;3.6;null;7.4;1.00;
256166198;Honey Monster Puffs Cereal 625G;£2.00;£0.32/100g;Family Favourite Cereals;1607kJ 482kJ - 8400kJ;6.6;null;null;1.2;null;5.0;0.01;
287318554;Nestle Oat Cheerios Low Sugar 325G;£2.49;£0.77/100g;Family Favourite Cereals;1684 kJ 759 kJ - 505 kJ 6%;11.1;null;null;7.6;null;8.5;0.75;
258221504;Nestle Shreddies Cereal 500G;£2.49;£0.50/100g;Family Favourite Cereals;1565 kJ 880 kJ - - -;10.4;null;null;2.1;null;10.3;0.75;
254852685;Tesco Frosted Flakes Cereal 500G;£1.55;£0.31/100g;Family Favourite Cereals;386;5.2;null;34.9;0.8;0.2;2.2;null;
252427392;Tesco Frosted Flakes Cereal 750G;£2.09;£0.28/100g;Family Favourite Cereals;386;5.2;null;34.9;0.8;0.2;2.2;null;
254853183;Kelloggs Start Cereal 375G;£2.79;£0.74/100g;Family Favourite Cereals;390 ;8 ;null;null;3.5 ;null;5 ;1 ;
255020332;Tesco Rice Snaps Cereal 600G;£1.99;£0.33/100g;Family Favourite Cereals;385;7.4;null;9.7;1.2;0.4;1.5;null;
262972824;Nestle Shredded Wheat Cereal 360G (16S) > >;£1.65;£0.10/each;Healthier Cereal;1536 kJ 945 kJ - - -;11.6;null;null;2.2;null;11.6;0.05;
259039402;Nestle Shredded Wheat Cereal 750G;£3.19;£0.43/100g;Healthier Cereal;1562 kJ 879 kJ - - -;11.8;null;null;2.2;null;11.8;0.05;
256619556;Kelloggs All-Bran Cereal 500G;£2.09;£0.42/100g;Healthier Cereal;334 ;14 ;null;null;3.5 ;null;27 ;0.95 ;
254852558;Kelloggs All-Bran Cereal 750G;£2.89;£0.39/100g;Healthier Cereal;334 ;14 ;null;null;3.5 ;null;27 ;0.95 ;
250092081;Tesco Bran Flakes Cereal 1Kg;£1.95;£0.20/100g;Healthier Cereal;364;12.0;null;18.2;2.6;0.4;13.1;null;
257050667;Nestle Shredded Wheat Honey Nut Cereal 500G;£2.00;£0.40/100g;Healthier Cereal;1625 kJ 904 kJ - - -;11.3;null;null;5.0;null;10.0;0.05;
273645032;Shredded Wheat Raspberry Strawberry And Cranberry 470G;£2.69;£0.57/100g;Healthier Cereal;1466 kJ 914 kJ - - -;7.6;null;null;1.5;null;8.2;0.23;
255561866;Kelloggs Frosted Wheats Cereal 500G;£2.69;£0.54/100g;Healthier Cereal;364 ;10 ;null;null;2 ;null;9 ;0.03 ;
283352789;Kelloggs Bran Flakes 750G;£2.89;£0.39/100g;Healthier Cereal;334 ;14 ;null;null;3.5 ;null;27 ;0.95 ;
276254893;Tesco Red Cherry Wheat Cereal 500G;£1.99;£0.40/100g;Healthier Cereal;337;7.6;null;19.0;1.5;0.3;8.0;0.2;
254852604;Kelloggs Sultana Bran Cereal 500G;£2.89;£0.58/100g;Healthier Cereal;344 ;8 ;null;null;2 ;null;13 ;0.83 ;
277908516;Nestlé Limited Edition Superfruity Shredded Wheat 470g;£2.69;£0.57/100g;Healthier Cereal;1473 kJ 917 kJ - - -;7.6;null;null;1.5;null;8.1;0.17;
260360745;Weetabix Oatibix Cereal 24 Pack;£2.69;£0.11/each;Healthier Cereal;1663kJ/ 798kJ/;13;64;null;8.0;null;7.3;0.28;
276667444;Kelloggs All Bran Crunch Cereal 340G;£2.89;£0.85/100g;Healthier Cereal;405 ;8 ;null;null;11 ;null;13 ;0.8 ;
254852466;Tesco Bran Flakes 500G;£1.39;£0.28/100g;Healthier Cereal;364;12.0;null;18.2;2.6;0.4;13.1;null;
271010320;Kelloggs All Bran Golden Crunch 390G;£2.89;£0.74/100g;Healthier Cereal;405 ;8 ;null;null;11 ;null;13 ;0.9 ;
261986222;Weetabix Oatiflakes Cereal 550G;£2.69;£0.49/100g;Healthier Cereal;484kJ/ 1613kJ/;2.9;null;null;1.7;null;1.9;null;
262793143;Tesco Blueberry Wheats Cereal 500G;£1.99;£0.40/100g;Healthier Cereal;336;7.5;null;18.4;1.5;0.3;8.5;0.2;
254852587;Kelloggs Bran Flakes 500G;£2.09;£0.42/100g;Healthier Cereal;356 ;11 ;null;null;2 ;null;15 ;1 ;
262972749;Nestle Shredded Wheat Cereal 30'S > >;£2.18;£0.07/each;Healthier Cereal;1536 kJ 945 kJ - - -;11.6;null;null;2.2;null;11.6;0.05;
268573193;Alpen Raspberry And Apple 560G;£1.39;£0.25/100g;Muesli & Granola;1572kJ/ 707kJ/;11;null;null;4.1;null;7.5;0.23;
257393422;Alpen No Added Sugar Muesli 560G;£1.39;£0.25/100g;Muesli & Granola;1584kJ/ 713kJ/;11;65;null;6.2;null;7.8;0.29;
285398720;Jordans Simply Granola 750G;£2.69;£0.36/100g;Muesli & Granola;1800kJ 811kJ -;10.2;null;null;12.5;null;7.2;0.03;
285512315;Alpen No Added Sugar 1.1Kg;£3.70;£0.34/100g;Muesli & Granola;1584kJ/ 713kJ/;11;65;null;6.2;null;7.8;0.29;
285512309;Alpen Muesli Original 1.3Kg;£3.70;£0.29/100g;Muesli & Granola;1597kJ/ 719kJ/;11;67;null;5.8;null;7.0;0.28;
265527098;Jordans Natural Muesli 1Kg;£2.69;£0.27/100g;Muesli & Granola;1507kJ 678kJ -;9.5;null;null;5.0;null;9.7;0.03;
282843141;Dorset Cereals Tasty Toasted Spelt Muesli 690G;£3.79;£0.55/100g;Muesli & Granola;null;9.2;null;null;9.2;null;7.4;0.72;
285353353;Grape Nuts 580G;£2.39;£0.41/100g;Muesli & Granola;365 Kcal;null;null;null;null;null;null;null;
285592864;Alpen Original 300G;£1.99;£0.66/100g;Muesli & Granola;1597kJ/ 799kJ/;11;67;null;5.8;null;7.0;0.28;
254853655;Alpen Original Muesli 750G;£1.39;£0.19/100g;Muesli & Granola;1592kJ/ 719kJ/;11;67;null;5.8;null;7;0.28;
264902433;Dorset Simply Fruity Muesli 820G;£2.79;£0.34/100g;Muesli & Granola;null;7.3;null;null;2.4;null;6.8;0.06;
284478230;Jordans Fruit And Nut Muesli 620G;£2.79;£0.45/100g;Muesli & Granola;1502kJ 678kJ -;8.5;null;null;6.6;2.4;9.4;0.03;
285592743;Alpen Muesli No Added Sugar Sachet 287G;£1.99;£0.69/100g;Muesli & Granola;1584kJ/ 649kJ/;11;65;null;6.2;null;7.8;0.29;
273299936;Kelloggs Honey And Nut Clusters 450G;£2.79;£0.62/100g;Muesli & Granola;447 ;8 ;null;null;15 ;null;4 ;0.95 ;
275907854;Tesco Honey Nut Chocolate Clusters 500G;£1.99;£0.40/100g;Muesli & Granola;454;8.8;null;26.1;16.7;4.3;5.8;0.5;
261132571;Dorset Crls Simply Delicious Muesli 850G;£2.79;£0.33/100g;Muesli & Granola;null;9.9;null;null;7.4;null;8.9;0.02;
278564782;Dorset Cereals Oat Granola 550G;£2.99;£0.54/100g;Muesli & Granola;null;8.8;null;null;17;null;7.4;0.2;
275907768;Tesco Honey Nut Clusters 500G;£1.99;£0.40/100g;Muesli & Granola;441;9.2;null;22.0;14.4;1.8;6.0;0.5;
273320802;Kelloggs Nut Clusters Chocolate Curls 450G;£2.79;£0.62/100g;Muesli & Granola;460 ;8 ;null;null;17 ;null;3.5 ;0.83 ;
261691743;Nestle Oats And More Almond Cereal 425G;£2.49;£0.59/100g;Muesli & Granola;1717 kJ 941 kJ - - -;10.5;null;null;8.8;null;6.7;0.64;
275905315;Tesco Finest Oat Sachets Apple And Raisin 344G;£1.99;£0.58/100g;Porridge & Oats;370;7.5;null;26.9;4.7;0.7;7.2;<0.01;
263894581;Quaker Oat So Simple Variety Porridge 9Pk 297G;£2.45;£0.83/100g;Porridge & Oats;1590 kJ/ 572 kJ/ 910 kJ/;8.6 ;null;null;6.4 ;null;7.7 ;0.2 ;
254853914;Ready Brek Original Porridge 750G;£2.99;£0.40/100g;Porridge & Oats;1575kJ/ 473kJ/ -;12;58;null;8.7;null;7.9;0.03;
275905384;Tesco Finest Oat Sachet Cranberry And Raspberry 344G;£1.99;£0.58/100g;Porridge & Oats;376;8.0;null;26.8;5.7;0.9;5.9;<0.01;
260194020;Tesco Finest Scottish Porridge Oats 750G;£1.79;£0.24/100g;Porridge & Oats;368;10.3;null;1.1;7.0;1.0;8.3;<0.01;
263895126;Quaker Oat So Simple Original Porridge Cereal 324G;£2.45;£0.76/100g;Porridge & Oats;1557 kJ/ 420 kJ/ 760 kJ/;11.0 ;null;null;7.7 ;null;10.5 ;trace;
254853868;Tesco Instant Hot Oat Porridge 500G;£1.49;£0.30/100g;Porridge & Oats;373;11.7;null;1.0;8.7;1.2;7.9;0.1;
273566315;Quaker Oat So Simple Golden Syrup Porridge 10 X 36G;£2.45;£0.63/100g;Porridge & Oats;1568 kJ/ 565 kJ/ 904 kJ/;8.4 ;null;null;6.5 ;null;8.8 ;0.50 ;
285091351;Tesco Easy Oats Variety 315G;£1.45;£0.46/100g;Porridge & Oats;375;7.0;null;18.6;5.5;1.0;7.4;0.1;
263897128;Scotts So Easy Original Porridge 12X30g;£2.45;£0.68/100g;Porridge & Oats;1582 kJ/ 475 kJ/ 874kJ/;11.0 ;null;null;8.5 ;null;9.0 ;Trace;
285923831;Quaker Oat So Simple Original Porridge 22 X 27G;£3.99;£0.67/100g;Porridge & Oats;1557 kJ/ 420 kJ/ 760 kJ/;11.0 ;null;null;7.7 ;null;10.5 ;trace;
285091302;Tesco Micro Oats Original 270G;£1.45;£0.54/100g;Porridge & Oats;377;11.1;null;0.9;8.3;1.3;8.8;0.1;
275952961;Tesco Finest Scottish Prdg Oats With Flme Raisin And Hazelnut 750G;£2.29;£0.31/100g;Porridge & Oats;369;10.2;null;13.5;7.6;2.3;7.5;<0.01;
256184216;Tesco Instant Hot Oat 750G;£1.89;£0.25/100g;Porridge & Oats;373;11.7;null;1.0;8.7;1.2;7.9;0.1;
266388006;Quaker Oat So Simple Honey And Almond Porridge 10 X 33G;£2.45;£0.74/100g;Porridge & Oats;1586 kJ/ 523 kJ/ 879 kJ/;8.9 ;null;null;6.6 ;null;7.4 ;Trace;
285923641;Quaker Oat So Simple Golden Syrup Porridge 20 X 36G;£3.99;£0.55/100g;Porridge & Oats;1568 kJ/ 565 kJ/ 904 kJ/;8.4 ;null;null;6.5 ;null;8.8 ;0.50 ;
285512350;Ready Brek Original Flavour 450G;£2.00;£0.44/100g;Porridge & Oats;1575kJ/ 473kJ/ -;12;58;null;8.7;null;7.9;0.03;
285391848;Alpen Porridge Raisin, Hazelnut And Almond 240G;£1.95;£0.81/100g;Porridge & Oats;1643kJ/ 657kJ/;11;63;null;8.9;null;7.0;0.19;
275433896;Quaker Oat So Simple Big Bowl Original Porridge 10X38.5G;£2.45;£0.64/100g;Porridge & Oats;1557 kJ/ 599 kJ/ 1070 kJ/;11.0 ;null;null;7.7 ;null;10.5 ;trace;
275433798;Quaker Oat So Simple Bigbwl Golden Syrup Porridge 8S 397G;£2.45;£0.62/100g;Porridge & Oats;1568 kJ/ 778 kJ/ 1249 kJ/;8.4 ;null;null;6.5 ;null;8.8 ;0.50 ;
264902295;Go Ahead Crispy Fruit Slices Raspberry 195G;£1.69;£0.87/100g;Breakfast on the Go;null;5.3;null;null;7.0;null;2.5;0.6;
251232560;Go Ahead Apple Bakes 6X35g;£1.00;£0.48/100g;Breakfast on the Go;null;3.4;null;null;8.3;null;3.9;0.6;
264350440;Alpen Fruit And Nut With Chocolate Cereal Bar 5X29g;£1.69;£1.17/100g;Breakfast on the Go;1814kJ/ 526kJ/;6.4;71;null;13;null;2.2;0.20;
263229863;Tesco Standard Raisin Crispy Slices 218G;£1.19;£0.55/100g;Breakfast on the Go;380;6.0;null;33.5;3.9;1.1;5.5;0.7;
283419619;Go Ahead Raspberry Yoghurt Breaks Cereal Bars 5 Pack 177G;£1.00;£0.56/100g;Breakfast on the Go;null;5.2;null;null;10.2;null;2.2;0.4;
283418762;Go Ahead Tropical Yoghurt Breaks Cereal Bars 5 Pack 177G;£1.00;£0.56/100g;Breakfast on the Go;null;5.1;null;null;10.1;null;2.2;0.4;
262103875;Kelloggs Elevenses Chocolate Chip 6X45g;£2.29;£0.85/100g;Breakfast on the Go;404 ;4.5 ;null;null;13 ;null;2.5 ;0.53 ;
266304867;Go Ahead Crispy Slices Cherry 5 Pack 195G;£1.69;£0.87/100g;Breakfast on the Go;null;5.3;null;null;7.0;null;2.5;0.5;
287614376;Alpen Double Chocolate Bars 5 Pack 145G;£1.69;£1.17/100g;Breakfast on the Go;1823kJ/ 529kJ/;6.1;69;null;14;null;3.5;0.15;
261582803;Mcvitie Go Ahead Strawberry Bakes 6X35g;£1.00;£0.48/100g;Breakfast on the Go;null;3.5;null;null;8.4;null;4.1;0.6;
283419320;Go Ahead Cherry Yoghurt Breaks Cereal Bars 5 Pack 177G;£1.00;£0.56/100g;Breakfast on the Go;null;5.2;null;null;10.2;null;2.2;0.4;
267952414;Kelloggs Nutrigrain Strawberry 6 Pack;£1.99;£0.90/100g;Breakfast on the Go;354 ;4 ;null;null;7.7 ;null;3.5 ;0.78 ;
254982202;Mcvitie Go Ahead Crispy F/Frt Slices 5X43.5G;£1.69;£0.78/100g;Breakfast on the Go;null;5.3;null;null;7.0;null;2.5;0.6;
254982110;Go Ahead Crispy Orange Slices 5 Pack 195G;£1.69;£0.87/100g;Breakfast on the Go;null;5.4;null;null;7.0;null;2.3;0.6;
263230002;Tesco Standard Cranberry Crispy Slices 218G;£1.19;£0.55/100g;Breakfast on the Go;380;6.0;null;33.5;3.9;1.1;5.5;0.7;
255007867;Go Ahead Crispy Apple Slices 5 Pack 195G;£1.69;£0.87/100g;Breakfast on the Go;null;5.4;null;null;7.2;null;2.4;0.5;
283635305;Alpen Light Bars Double Chocolate 5 Pack 105G;£1.69;£1.61/100g;Breakfast on the Go;1442kJ/ 274kJ/;5.0;56;null;6.2;null;22;0.21;
283420185;Go Ahead Forest Fruit Yoghurt Breaks Bars 5 Pack 177G;£1.00;£0.56/100g;Breakfast on the Go;null;5.1;null;null;10.1;null;2.2;0.4;
267952731;Kelloggs Nutrigrain Apple 6 Pack;£1.99;£0.90/100g;Breakfast on the Go;353 ;4 ;null;null;7.7 ;null;3.5 ;0.78 ;
283634807;Alpen Light Bar Cherry Bakewell 5 Pack;£1.69;£1.47/100g;Breakfast on the Go;273kJ 1435kJ;1.0;null;null;1.1;null;4.3;null;
285513124;Belvita Crunchy Chocolate Chips 300G;£2.79;£0.93/100g;Cereal Bars & Breakfast Biscuits;1765 kJ 295 kJ -;8.1 ;null;null;12.0 ;null;12.0 ;0.57 ;
286415976;Belvita Tops Strawberry Jam 250G;£2.79;£1.12/100g;Cereal Bars & Breakfast Biscuits;420 ;6.6 ;null;null;12.0 ;null;4.1 ;0.68 ;
273690904;Belvita Honey And Nuts Biscuits 600G;£3.99;£0.67/100g;Cereal Bars & Breakfast Biscuits;1880 kJ 235 kJ -;7.4 ;null;null;15.5 ;null;4.3 ;0.90 ;
266318557;Belvita Milk And Cereal Biscuits 300G;£2.59;£0.86/100g;Cereal Bars & Breakfast Biscuits;1840 kJ 230 kJ -;7.6 ;null;null;14 ;null;4.2 ;0.98 ;
271935907;Kelloggs Nutri Grain Crunchy Oat&Chocchip210g;£2.29;£1.10/100g;Cereal Bars & Breakfast Biscuits;468 ;7 ;null;null;19 ;null;4.5 ;0.88 ;
283419619;Go Ahead Raspberry Yoghurt Breaks Cereal Bars 5 Pack 177G;£1.00;£0.56/100g;Cereal Bars & Breakfast Biscuits;null;5.2;null;null;10.2;null;2.2;0.4;
283230634;Belvita Crunch Apricot 300G;£2.79;£0.93/100g;Cereal Bars & Breakfast Biscuits;1675 kJ 280 kJ -;7.6 ;null;null;9.1 ;null;12.0 ;0.63 ;
272121918;Belvita Honey Yoghurt Crunch 253G;£1.39;£0.55/100g;Cereal Bars & Breakfast Biscuits;450 ;7.4 ;null;null;16.0 ;null;3.9 ;0.55 ;
268067591;Belvita Honey And Nuts Biscuits 300G;£2.59;£0.86/100g;Cereal Bars & Breakfast Biscuits;1880 kJ 235 kJ -;7.4 ;null;null;15.5 ;null;4.3 ;0.90 ;
283230473;Belvita Crunchy Hazelnuts 300G;£2.79;£0.93/100g;Cereal Bars & Breakfast Biscuits;1770 kJ 295 kJ -;8.8 ;null;null;12.0 ;null;12.0 ;0.57 ;
280679309;Belvita Cocoa Chocolate Chip 300G;£2.59;£8.64/kg;Cereal Bars & Breakfast Biscuits;1845 kJ 230 kJ -;7.5 ;null;null;14.5 ;null;6.5 ;0.63 ;
273691045;Belvita Milk And Cereal Biscuits 600G;£3.99;£0.67/100g;Cereal Bars & Breakfast Biscuits;1840 kJ 230 kJ -;7.6 ;null;null;14 ;null;4.2 ;0.98 ;
276353643;Belvita Cranberry Biscuits 300G;£2.59;£0.86/100g;Cereal Bars & Breakfast Biscuits;1815 kJ 227 kJ -;8.0 ;null;null;13.5 ;null;6.3 ;0.83 ;
268067268;Belvita Crunchy Oats Biscuits 300G;£2.59;£0.86/100g;Cereal Bars & Breakfast Biscuits;1845 kJ 230 kJ -;7.6 ;null;null;14.5 ;null;5.5 ;1.38 ;
286416094;Belvita Tops Choco Hazelnut 250G;£2.79;£1.12/100g;Cereal Bars & Breakfast Biscuits;455 ;7.2 ;null;null;16.0 ;null;4.9 ;0.55 ;
271935809;Kelloggs Nutri Grain Crunchy Oat And Honey 210G;£2.29;£1.10/100g;Cereal Bars & Breakfast Biscuits;463 ;7 ;null;null;18 ;null;4.5 ;0.85 ;
271099738;Belvita Plain Yoghurt Crunch 253G;£1.39;£0.55/100g;Cereal Bars & Breakfast Biscuits;450 ;7.3 ;null;null;16.5 ;null;3.9 ;0.55 ;
266318822;Belvita Fruit And Fibre Biscuits 300G;£2.59;£0.86/100g;Cereal Bars & Breakfast Biscuits;1830 kJ 229 kJ 11 % -;7.4 ;null;null;14.0 ;null;8.7 ;0.38 ;
281865986;Belvita Cocoa Sandwich 253G;£1.39;£0.55/100g;Cereal Bars & Breakfast Biscuits;450 ;7.4 ;null;null;15.0 ;null;4.4 ;0.60 ;
273686870;Belvita Strawberry And Yoghurt Crunch 253G;£1.39;£0.55/100g;Cereal Bars & Breakfast Biscuits;445 ;6.9 ;null;null;15.0 ;null;4.3 ;0.55 ;
282028300;Shropshire Spice Sage And Chestnut Stuffing 150G;£1.50;£10.00/kg;Breadcrumbs & Stuffing;187;5.3;37.0;null;1.0;null;4.4;1.1;
276771464;Tesco Finest Red Onion Mint And Balsamic Vinegar Stuffing 130G;£1.40;£10.77/kg;Breadcrumbs & Stuffing;194;4.9;null;2.7;5.3;2.4;2.9;1.1;
262106716;Paxo Golden Breadcrumbs 227G;£1.00;£4.41/kg;Breadcrumbs & Stuffing;1054kJ 1504kJ;8.1;null;null;1.1;null;2.4;null;
252763246;Paxo Celebration Chestnut And Cranberry 150G;£1.35;£9.00/kg;Breadcrumbs & Stuffing;null;3.3;null;null;1.9;null;2.4;1.06;
254881402;Paxo Sage And Onion Stuffing Mix 85G;£0.60;£7.06/kg;Breadcrumbs & Stuffing;null;3.5;null;null;1.3;null;2.0;1.08;
280171201;Tesco Finest Smoked Sage And Red Onion Stuffing Mix 130G;£1.40;£10.77/kg;Breadcrumbs & Stuffing;177;5.2;null;4.0;3.1;1.5;3.2;0.7;
254881333;Tesco Sage And Onion Stuffing Mix 340G;£0.75;£2.21/kg;Breadcrumbs & Stuffing;138;3.0;null;2.3;0.9;0.5;3.3;1.1;
257615668;Paxo Sage And Onion Stuffing Mix With Apple 130G;£0.90;£6.93/kg;Breadcrumbs & Stuffing;null;3.5;null;null;1.3;null;1.8;1.25;
282028634;Shropshire Spice Gar.&Clove Bread Sauce 150G;£1.50;£10.00/kg;Breadcrumbs & Stuffing;372;12.1;76.9;null;1.8;null;null;1.2;
262106739;Paxo Natural Breadcrumbs 227G;£1.00;£4.41/kg;Breadcrumbs & Stuffing;1049kJ 1495kJ;8.1;null;null;1.0;null;2.3;null;
284324891;Paxo Sage And Onion Stuffing Mix 380G;£1.50;£3.95/kg;Breadcrumbs & Stuffing;null;3.5;null;null;1.3;null;2.0;1.08;
284324608;Paxo Sage And Onion Stuffing Mix 190G;£1.20;£6.32/kg;Breadcrumbs & Stuffing;null;3.5;null;null;1.3;null;2.0;1.08;
279684540;Jamie Oliver Onion And Chestnut Stuffing 110G;£1.40;£12.73/kg;Breadcrumbs & Stuffing;92;2.5;null;null;1.6;null;1.4;null;
278837874;Tesco Natural Breadcrumbs 175G;£0.80;£4.58/kg;Breadcrumbs & Stuffing;359;11.3;null;5.5;1.9;0.4;4.1;0.5;
274753582;Tesco Finest Porcini Mushroom And Garlic Stuffing Mix 130G;£1.40;£10.77/kg;Breadcrumbs & Stuffing;198;6.1;null;1.6;6.2;3.0;3.3;1.1;
278834077;Tesco Golden Breadcrumbs 175G;£0.80;£4.58/kg;Breadcrumbs & Stuffing;365;10.7;null;4.4;1.8;0.4;4.0;0.8;
253239858;Tesco Everyday Value Sage And Onion Stuffing 85G;£0.15;£1.77/kg;Breadcrumbs & Stuffing;115;2.9;null;0.5;1.0;0.5;5.5;0.9;
263190209;Prymat Breadcrumbs 400G;£0.99;£2.48/kg;Breadcrumbs & Stuffing;null;11,6;null;null;null;null;null;1,5;
254881356;Tesco Sage And Onion Stuffing Mix 170G;£0.40;£2.36/kg;Breadcrumbs & Stuffing;138;3.0;null;2.3;0.9;0.5;3.3;1.1;
279722853;Aunt Bessie's Sage And Red Onion S/Fing270g;£1.00;£3.71/kg;Breadcrumbs & Stuffing;575kJ 288kJ;4.0;null;null;1.3;null;3.2;1.15;
263127880;Bisto Best Chicken 350G;£3.00;£0.86/100g;Gravy & Stock;null;3.8;null;null;5.5;null;1.1;null;
254880812;Bisto Favourite Gravy Granules 300G;£1.50;£0.50/100g;Gravy & Stock;null;1.7;null;null;16.3;null;2.1;14.33;
257311906;Bisto Chicken Gravy Granules 300G;£1.50;£0.50/100g;Gravy & Stock;null;1.4;null;null;16.0;null;0.3;11.80;
279736278;Bisto Chef's Special Gravy Sachet Onion Caramalised 25G;£0.95;£3.80/100g;Gravy & Stock;null;3.2;null;null;4.5;null;0.9;13.46;
279737300;Bisto Chicken R/Salt Gravy Granules 170G;£1.25;£0.74/100g;Gravy & Stock;null;1.7;null;null;16.0;null;0.2;8.20;
252423298;Bisto Best Roast Pork Gravy Granules 200G;£1.50;£0.75/100g;Gravy & Stock;null;5.9;null;null;4.1;null;0.6;null;
263127989;Bisto Best Lamb 200G;£1.50;£0.75/100g;Gravy & Stock;null;5.1;null;null;4.1;null;0.4;null;
254880806;Bisto Favourite Gravy Granules 170G;£1.25;£0.74/100g;Gravy & Stock;null;1.7;null;null;16.3;null;2.1;14.33;
279683224;Aunt Bessie's Onion Gravy 240G;£1.00;£0.42/100g;Gravy & Stock;123kJ 62kJ;<0.5;null;null;1.1;null;<0.5;0.56;
279668116;Aunt Bessie's Chicken Gravy 240G;£1.00;£0.42/100g;Gravy & Stock;117kJ 59kJ;<0.5;null;null;1.0;null;<0.5;0.90;
279736382;Bisto Chef's Special Gravy Sachet Lamb 25G;£0.95;£3.80/100g;Gravy & Stock;null;4.5;null;null;7.2;null;0.7;14.21;
258006276;Bisto Best Beef Gravy Granules 200G;£1.50;£7.50/kg;Gravy & Stock;350;4.2;null;null;6.5;null;0.9;12.59;
254880789;Bisto Chicken Gravy Granules 170G;£1.25;£0.74/100g;Gravy & Stock;null;2.2;null;null;15.6;null;2.1;11.90;
279736894;Bisto Chef's Special Gravy Scht Rich Beef 25G;£0.95;£3.80/100g;Gravy & Stock;null;4.9;null;null;5.0;null;1.0;14.80;
279725130;Bisto Chefs Special Gravy Sachet Chicken 25G;£0.95;£3.80/100g;Gravy & Stock;null;5.7;null;null;6.7;null;1.1;14.50;
250726663;Bisto Best Roast Beef Gravy Granules 350G;£3.00;£0.86/100g;Gravy & Stock;null;4.2;null;null;6.5;null;0.9;12.59;
279668243;Aunt Bessie's Classic Gravy 240G;£1.00;£0.42/100g;Gravy & Stock;118kJ 59kJ;<0.5;null;null;1.1;null;<0.5;0.93;
279737104;Bisto Chicken Gravy Granules 500G;£2.99;£0.60/100g;Gravy & Stock;null;null;null;null;null;null;null;null;
250726726;Bisto Best Roast Vegetable Gravy Granules 200G;£1.50;£0.75/100g;Gravy & Stock;null;3.3;null;null;5.4;null;0.6;null;
258410010;Bisto Best Roast Chicken Gravy Granules 200G;£1.50;£0.75/100g;Gravy & Stock;null;3.8;null;null;5.5;null;1.1;null;
282247530;Chopchop Garlic In Wine Vinegar 90G;£1.00;£0.11/10g;Herbs, Spices & Salt;95;4.1;null;null;<0.1;null;0.1;<0.1;
257518000;Schwartz Fajita Seasoning 46G;£1.65;£0.36/10g;Herbs, Spices & Salt;null;null;null;null;null;null;null;null;
254777561;Schwartz Classic Barbecue Seasoning 44G;£1.65;£0.38/10g;Herbs, Spices & Salt;null;null;null;null;null;null;null;null;
254920553;Schwartz Bouquetgarni Refill 5G > >;£0.98;£1.96/10g;Herbs, Spices & Salt;null;null;null;null;null;null;null;null;
262122702;Schwartz Chicken Seasoning 56G > >;£1.18;£0.21/10g;Herbs, Spices & Salt;null;null;null;null;null;null;null;null;
274835537;Delicious 4 In 1 Herbs Seasoning Mix 19G;£1.00;£0.53/10g;Herbs, Spices & Salt;null;null;null;null;null;null;null;null;
257485319;Schwartz Coriander Leaf 7G Jar;£1.65;£2.36/10g;Herbs, Spices & Salt;null;null;null;null;null;null;null;null;
257518392;Schwartz Cajun Seasoning 44G Jar > >;£1.18;£0.27/10g;Herbs, Spices & Salt;null;null;null;null;null;null;null;null;
262122535;Schwartz Chinese 5 Spice Seasoning 58G > >;£1.18;£0.20/10g;Herbs, Spices & Salt;null;null;null;null;null;null;null;null;
286081799;Gourmet Goodness Pepper And Cumin Twist 50G;£2.50;£0.50/10g;Herbs, Spices & Salt;null;null;null;null;null;null;null;null;
255652004;Schwartz Garlic Italian Sauce Seasoning 43G;£1.65;£0.38/10g;Herbs, Spices & Salt;null;null;null;null;null;null;null;null;
254918729;Schwartz Chives 1G Jar;£1.65;£16.50/10g;Herbs, Spices & Salt;null;null;null;null;null;null;null;null;
257517773;Schwartz Chargrill Chicken Grill And Sizzle 51G;£1.65;£0.32/10g;Herbs, Spices & Salt;null;null;null;null;null;null;null;null;
286082032;Gourmet Goodness Lime And Pepper Twist 60G;£2.50;£0.42/10g;Herbs, Spices & Salt;null;null;null;null;null;null;null;null;
254919694;Schwartz Bay Leaves Refill 6G > >;£0.98;£1.64/10g;Herbs, Spices & Salt;null;null;null;null;null;null;null;null;
257485515;Schwartz Dill Weed 10G Jar;£1.65;£1.65/10g;Herbs, Spices & Salt;null;null;null;null;null;null;null;null;
257522449;Schwartz Fish Seasoning 55G;£1.65;£0.30/10g;Herbs, Spices & Salt;null;null;null;null;null;null;null;null;
254919509;Schwartz Herbes De Provence 11G Jar;£1.65;£1.50/10g;Herbs, Spices & Salt;null;null;null;null;null;null;null;null;
286081914;Gourmet Goodness Seafood Twist 60G;£2.50;£0.42/10g;Herbs, Spices & Salt;null;null;null;null;null;null;null;null;
257485170;Schwartz Basil 10G Jar;£1.65;£1.65/10g;Herbs, Spices & Salt;null;null;null;null;null;null;null;null;
256692951;Filippo Berio Mild And Light Olive Oil 1Ltr;£5.90;£0.59/100ml;Oils & Fats;822;nil;null;null;91.3;null;nil;null;
255602151;Napolina Olive Oil 250Ml;£2.00;£0.80/100ml;Oils & Fats;null;null;null;null;null;null;null;null;
268619394;Aura Limited Edition Olive Oil 500Ml;£9.00;£1.80/100ml;Oils & Fats;null;0;null;null;null;null;null;null;
254958261;Filippo Berio Mild And Light Olive Oil 500Ml;£3.70;£0.74/100ml;Oils & Fats;822;nil;null;null;91.3;null;nil;null;
259045325;Tesco Light In Colour Olive Oil 1Ltr;£2.90;£0.29/100ml;Oils & Fats;900;0;null;0;100.0;14.3;0;0;
274089279;Frylight Olive Oil Spray 190Ml;£2.20;£1.16/100ml;Oils & Fats;1 ;trace;null;null;null;null;null;trace;
267241075;Napolina Light And Mild 1 Litre;£5.50;£0.55/100ml;Oils & Fats;null;null;null;null;null;null;null;null;
255605136;Napolina Extra Virgin Olive Oil 250Ml;£2.00;£0.80/100ml;Oils & Fats;null;null;null;null;null;null;null;null;
286816818;Filippo Berio Pure Olive Oil 250Ml;£2.50;£1.00/100ml;Oils & Fats;822;nil;null;null;91.3;null;nil;null;
255622524;Napolina Olive Oil 1Lt;£5.50;£0.55/100ml;Oils & Fats;null;null;null;null;null;null;null;null;
255593768;Napolina Extra Virgin Olive Oil 500Ml;£3.00;£0.60/100ml;Oils & Fats;null;null;null;null;null;null;null;null;
257449231;Napolina Olive Oil 500Ml;£3.00;£0.60/100ml;Oils & Fats;null;null;null;null;null;null;null;null;
255760642;Tesco Light In Colour Olive Oil 500Ml;£1.75;£0.35/100ml;Oils & Fats;900;0;null;0;100.0;14.3;0;0;
254918424;Tesco Olive Oil 1L;£2.90;£0.29/100ml;Oils & Fats;900;0;null;0;100.0;14.3;0;0;
286816997;Filippo Berio Mild And Light Olive Oil 250Ml;£2.50;£1.00/100ml;Oils & Fats;822;nil;null;null;91.3;null;nil;null;
255209778;Filippo Berio Pure Olive Oil 500 Ml;£3.70;£0.74/100ml;Oils & Fats;822;nil;null;null;91.3;null;nil;null;
258061785;Tesco Olive Oil 250Ml;£1.00;£0.40/100ml;Oils & Fats;900;0;null;0;100.0;14.3;0;0;
251978184;Fillipo Berio Pure Olive Oil 1Ltr;£5.90;£0.59/100ml;Oils & Fats;822;nil;null;null;91.3;null;nil;null;
255592950;Napolina Light And Mild Olive Oil 500Ml;£3.00;£0.60/100ml;Oils & Fats;null;null;null;null;null;null;null;null;
255624424;Napolina Mild And Light Olive Oil 250Ml;£2.00;£0.80/100ml;Oils & Fats;823 ;0;null;null;91.4;null;0;0;
285293999;Bisto Simply Spanish Chicken Casserole 55G;£1.29;£2.35/100g;Packet Mixes & Pour Over Sauce Mixes;null;3.8;null;null;12.7;null;2.9;8.36;
268406162;Colman's Beef Stroganoff Recipe Mix 39G;£0.75;£1.93/100g;Packet Mixes & Pour Over Sauce Mixes;1700kJ/ 1200kJ/ 14%;11;null;null;17;null;6;12;
250920908;Colman's Cottage Pie Recipe Mix 45G;£0.75;£1.67/100g;Packet Mixes & Pour Over Sauce Mixes;1400kJ/ 2000kJ/ 24%;15;null;null;3;null;7;12;
254882228;Colman's Chicken Casserole Recipe Mix 40G;£0.75;£1.88/100g;Packet Mixes & Pour Over Sauce Mixes;1400kJ/ 880kJ/ 10%;6;null;null;1;null;4;11;
285294212;Bisto Simply Country Chicken Casserole 55G;£1.29;£2.35/100g;Packet Mixes & Pour Over Sauce Mixes;null;6.0;null;null;13.2;null;1.6;6.36;
254882165;Colman's Beef Bourguignon Recipe Mix 39G;£0.75;£1.93/100g;Packet Mixes & Pour Over Sauce Mixes;1400kJ/ 1100kJ/ 13%;7;null;null;2;null;3;7.7;
254882418;Colman's Chilli Con Carne Recipe Mix 50G;£0.75;£1.50/100g;Packet Mixes & Pour Over Sauce Mixes;1400kJ/ 1473kJ/ 18%;11;null;null;2;null;8;7.8;
268392464;Colman's Chicken Supreme Recipe Mix 38G;£0.75;£1.98/100g;Packet Mixes & Pour Over Sauce Mixes;1700kJ/ 1000kJ/ 12%;13;null;null;12;null;3.5;4.6;
285294088;Bisto Simply Sausage And Onion Casserole 55G;£1.29;£2.35/100g;Packet Mixes & Pour Over Sauce Mixes;null;4.1;null;null;12.1;null;0.7;7.83;
268392493;Colman's Sausage Casserole Recipe Mix 39G;£0.75;£1.93/100g;Packet Mixes & Pour Over Sauce Mixes;1500kJ 1467kJ 18%;10;null;null;2.5;null;6;3.8;
281505019;Colman's Hot Con Carne Recipe Mix 37G;£0.75;£2.03/100g;Packet Mixes & Pour Over Sauce Mixes;1400kJ/ 1600kJ/ 19%;12;null;null;3;null;9;5.5;
268424877;Colman's Spaghetti Bolognese Recipe Mix 44G;£0.75;£1.71/100g;Packet Mixes & Pour Over Sauce Mixes;1300kJ/ 1300kJ/ 16%;12;null;null;2;null;7;10;
285294290;Bisto Simply Beef And Ale Casserole 55G;£1.29;£2.35/100g;Packet Mixes & Pour Over Sauce Mixes;null;4.4;null;null;11.8;null;0.8;8.08;
268392337;Colman's Lamb Hotpot Recipe Mix 41G;£0.75;£1.83/100g;Packet Mixes & Pour Over Sauce Mixes;1300kJ/ 1595kJ/ 19%;12;null;null;1.5;null;4;12;
268424756;Colman's Chicken Chasseur Recipe Mix 43G;£0.75;£1.75/100g;Packet Mixes & Pour Over Sauce Mixes;1400kJ/ 970kJ/ 12%;10;null;null;1.5;null;6;11;
281505146;Colman's Coq Au Vin Recipe Mix 36G;£0.75;£2.09/100g;Packet Mixes & Pour Over Sauce Mixes;1400kJ/ 860kJ/ 10%;8;null;null;2.5;null;4;9.7;
251313211;Colman's Shepherd's Pie Recipe Mix 50G;£0.75;£1.50/100g;Packet Mixes & Pour Over Sauce Mixes;1400kJ/ 1865kJ/ 22%;13;null;null;2;null;5;9.6;
268391845;Colman's Tuna Pasta Bake Recipe Mix 44G;£0.75;£1.71/100g;Packet Mixes & Pour Over Sauce Mixes;1400kJ/ 2020kJ/ 24%;12;null;null;3;null;6;8.4;
268392562;Colman's Pork Casserole Recipe Mix 38G;£0.75;£1.98/100g;Packet Mixes & Pour Over Sauce Mixes;1400kJ/ 1100kJ/ 13%;8;null;null;2;null;5;9.1;
254882194;Colman's Beef Casserole Recipe Mix 40G;£0.75;£1.88/100g;Packet Mixes & Pour Over Sauce Mixes;1400kJ/ 1100kJ/ 13%;9;null;null;1.5;null;4.5;7.8;
268587257;Tesco Ingredient Alloli 250G;£2.79;£11.16/kg;Speciality Ingredients;628;1.0;null;1.9;68.0;6.3;0.1;1.3;
268626270;Tesco Ingredient Sundried Tomato Paste 190G;£1.59;£0.84/100g;Speciality Ingredients;360;3.2;null;7.8;33.4;3.6;4.4;2.6;
260375486;Tesco Ingredient Spanish Smoked Paprika 50G;£2.79;£5.58/100g;Speciality Ingredients;null;null;null;null;null;null;null;null;
285096829;Tesco Ingredient Umami Paste 95G;£1.69;£1.78/100g;Speciality Ingredients;97;5.0;null;4.8;3.0;0.2;3.6;3.3;
260343017;Tesco Ingredient Sun Dried Tomatoes 100G;£1.89;£1.89/100g;Speciality Ingredients;172;9.8;null;21.2;0.9;0.3;9.8;8.6;
260343576;Tesco Ingredient Carnaroli Rice 500G;£1.69;£3.38/kg;Speciality Ingredients;354;7.6;null;0.7;1.4;0.6;1.2;<0.01;
260342911;Tesco Ingredient Dried Porcini Mushrooms 40G;£2.99;£0.75/10g;Speciality Ingredients;293;28.2;null;7.3;3.3;0.4;22.2;0;
260342871;Tesco Ingredient Mixed Dried Mushrooms 40G;£2.99;£0.75/10g;Speciality Ingredients;273;22.4;null;1.4;1.9;0.3;34.2;0.1;
272375018;Tesco Ingredient Coconut Milk 400Ml;£1.69;£4.23/l;Speciality Ingredients;176;1.2;null;1.7;18.1;15.8;0.8;0.1;
268617603;Tesco Ingredient Fish Sauce 200Ml;£2.39;£1.20/100ml;Speciality Ingredients;48;6.3;null;5.1;0.1;0;0.5;21.0;
261597383;Tesco Ingredient Garlic Cloves100g;£1.19;£1.70/100g;Speciality Ingredients;34;2.4;null;0.5;0.6;0.2;2.7;4.5;
262677834;Tesco Ingredient Rice Wine Vinegar 150Ml;£1.99;£13.27/l;Speciality Ingredients;30;0.2;null;5.4;0.5;0.1;0.5;0.9;
260382771;Tesco Ingredient Thai Lemongrass 5G;£2.69;£53.80/100g;Speciality Ingredients;null;null;null;null;null;null;null;null;
260827344;Tesco Ingredient Oyster Sauce 150Ml;£1.89;£1.26/100ml;Speciality Ingredients;95;0.2;null;17.3;0.5;0.1;0.5;10.1;
262345778;Tesco Ingredients Ancho Chillies 25G;£2.29;£91.60/kg;Speciality Ingredients;null;null;null;null;null;null;null;null;
260375584;Tesco Ingredient Thai Kaffir Lime Leaves 2G;£1.99;£99.50/100g;Speciality Ingredients;null;null;null;null;null;null;null;null;
272374929;Tesco Ingredient Coconut Cream 160Ml;£0.95;£5.94/l;Speciality Ingredients;194;1.3;null;1.5;20.0;17.2;1.5;0.1;
262372630;Tesco Ingredient Gram Flour 500G;£1.79;£3.58/kg;Speciality Ingredients;356;12.8;null;2.8;5.0;0.5;9.7;0.1;
268617586;Tesco Ingredient Tamarind Paste 120G;£2.29;£1.91/100g;Speciality Ingredients;125;0.8;null;19.5;0.1;<0.1;0.7;4.0;
285197785;Tesco Ingredient Italian Soffrito 180G;£1.69;£0.94/100g;Speciality Ingredients;88;1.0;null;3.2;5.9;0.8;2.2;1.9;
277005778;Dolmio Bolognese Extra Basil 500G > >;£1.00;£0.20/100g;Pasta Sauce & Kits;42;1.4;null;null;0.6;null;null;0.70;
286787264;Barilla Bolognese Sauce 400G;£1.00;£0.25/100g;Pasta Sauce & Kits;null;null;null;null;null;null;null;null;
258067836;Dolmio Extra Mushroom Bolognese Sauce 750G > >;£1.48;£0.20/100g;Pasta Sauce & Kits;37;1.7;null;null;0.1;null;null;0.80;
253538587;Dolmio Original Light Bolognese Sauce 500G > >;£1.00;£0.20/100g;Pasta Sauce & Kits;33;1.2;null;null;0.1;null;null;0.80;
277005755;Dolmio Bolognese Smooth 500G > >;£1.00;£0.20/100g;Pasta Sauce & Kits;49;1.5;null;null;0.8;null;null;0.81;
253538529;Dolmio Original Bolognese Sauce 320G > >;£0.90;£0.28/100g;Pasta Sauce & Kits;44;1.3;null;null;0.6;null;null;0.80;
254301065;Dolmio Bolognese Light 320G > >;£0.90;£0.28/100g;Pasta Sauce & Kits;33;1.2;null;null;0.1;null;null;0.80;
253538915;Dolmio Extra Mushroom Bolognese Sauce 500G > >;£1.00;£0.20/100g;Pasta Sauce & Kits;37;1.7;null;null;0.1;null;null;0.80;
258068017;Dolmio Spicy Bolognese Sauce 750G > >;£1.48;£0.20/100g;Pasta Sauce & Kits;41;1.5;null;null;0.4;null;null;0.80;
262528038;Dolmio Extra Roasted Onion And Garlic Bolognese 500G > >;£1.00;£0.20/100g;Pasta Sauce & Kits;42;1.6;null;null;0.5;null;null;0.80;
253538466;Dolmio Original Bolognese Pasta Sauce 750G > >;£1.48;£0.20/100g;Pasta Sauce & Kits;44;1.3;null;null;0.6;null;null;0.80;
256355412;Dolmio Bolognese Extra Mushroom 320G > >;£0.90;£0.28/100g;Pasta Sauce & Kits;37;1.7;null;null;0.1;null;null;0.80;
254482008;Dolmio Extra Sweet Pepper Sauce Bolognese 500G > >;£1.00;£0.20/100g;Pasta Sauce & Kits;44;1.4;null;null;0.5;null;null;0.80;
253538898;Dolmio Extra Spicy Bolognese Sauce 500G > >;£1.00;£0.20/100g;Pasta Sauce & Kits;41;1.5;null;null;0.4;null;null;0.80;
278191859;Dolmio Original Bolognese Light 750G > >;£1.48;£0.20/100g;Pasta Sauce & Kits;33;1.2;null;null;0.1;null;null;0.80;
253538414;Dolmio Original Bolognese Sauce 500G > >;£1.00;£0.20/100g;Pasta Sauce & Kits;44;1.3;null;null;0.6;null;null;0.80;
254198218;Dolmio Extra Onion And Garlic Bolognese 750G > >;£1.48;£0.20/100g;Pasta Sauce & Kits;42;1.6;null;null;0.5;null;null;0.80;
257717110;Dolmio Express Bolognese Original Sauce 170G Pouch;£1.40;£0.82/100g;Pasta Sauce & Kits;56;4.2;null;null;0.8;null;null;0.69;
254481948;Dolmio Chunky Mediterranean Vegetable Bolognese 500G > >;£1.00;£0.20/100g;Pasta Sauce & Kits;43;1.5;null;null;0.6;null;null;0.79;
286173800;Cook Italian Bolognese Sauce 340G;£1.70;£0.50/100g;Pasta Sauce & Kits;209kJ 176kJ - 8400kJ;1.2;null;null;1.8;null;1.4;0.50;
277074021;Geeta's Korma Paste 80Grams;£0.99;£1.24/100g;Indian Sauces & Accompaniments;410 kJ 1025 kJ;0.8;null;null;7.4;null;0.9;1.2;
268414503;Loyd Grossman Jalfrezi Sauce 350G;£2.09;£0.60/100g;Indian Sauces & Accompaniments;null;1.4;7.3;null;5.9;null;1.6;0.76;
277073546;Geeta's Tikka Paste 80G;£0.99;£1.24/100g;Indian Sauces & Accompaniments;343 kJ 858 kJ;0.8;null;null;5.7;null;0.7;1.3;
277095186;Patak's Spice Sensations Balti 285G;£1.39;£0.49/100g;Indian Sauces & Accompaniments;86;1.3;null;null;5.7;null;null;0.77;
277095111;Patak's Spice Sensations Jalfrezi 285G;£1.39;£0.49/100g;Indian Sauces & Accompaniments;94;1.5;null;null;6.2;null;null;0.77;
272689194;Patak's Korma Paste 165G;£1.69;£1.03/100g;Indian Sauces & Accompaniments;227;3.1;null;null;15.4;null;6.0;4.76;
268414699;Loyd Grossman Korma Sauce 350G;£2.09;£0.60/100g;Indian Sauces & Accompaniments;null;1.5;null;null;8.3;null;0.8;0.72;
272689413;Patak's Madras Paste 165G;£1.69;£1.03/100g;Indian Sauces & Accompaniments;296;4.6;null;null;24.9;null;9.9;4.89;
277074171;Geeta's Madras Paste 80G;£0.99;£1.24/100g;Indian Sauces & Accompaniments;432 kJ 1080 kJ;1.1;null;null;7.8;null;1.3;1.2;
283131037;Patak's Hot And Spicy Phal 285G;£1.49;£0.52/100g;Indian Sauces & Accompaniments;100;1.7;null;null;6.7;null;null;0.73;
268414463;Loyd Grossman Balti Sauce 350G;£2.09;£0.60/100g;Indian Sauces & Accompaniments;null;1.3;8.4;null;6.7;null;1.7;0.84;
268414492;Loyd Grossman Dopiaza Curry Sauce 350G;£2.09;£0.60/100g;Indian Sauces & Accompaniments;null;1.3;7.9;null;6.7;null;0.9;0.80;
283130919;Patak's Spice Sensation Vindaloo 285G;£1.49;£0.52/100g;Indian Sauces & Accompaniments;96;1.5;null;null;6.4;null;null;0.68;
277095324;Patak's Bhuna Cooking Sauce 450G;£1.75;£0.39/100g;Indian Sauces & Accompaniments;85;1.6;null;null;5.6;null;1.9;0.72;
268486706;Loyd Grossman Tikka Masala Sauce 350G;£2.09;£0.60/100g;Indian Sauces & Accompaniments;null;1.4;11.2;null;10.6;null;0.7;0.83;
268578579;Loyd Grossman Rogan Josh 350G;£2.09;£0.60/100g;Indian Sauces & Accompaniments;null;1.9;9.0;null;8.7;null;2.3;0.68;
283130574;Patak's Saag Masala Cooking Sauce 450G;£1.75;£0.39/100g;Indian Sauces & Accompaniments;79;1.6;null;null;5.0;null;null;0.81;
268414820;Loyd Grossman Sweet Tomato Bhuna Curry Sauce 350G;£2.09;£0.60/100g;Indian Sauces & Accompaniments;null;1.38;6.1;null;7.2;null;1.7;0.76;
268508272;Loyd Grossman Madras Sauce 350G;£2.09;£0.60/100g;Indian Sauces & Accompaniments;null;2.0;null;null;8.9;null;2.4;0.71;
283130695;Patak's Spice Sensation Rogan Josh 285G;£1.49;£0.52/100g;Indian Sauces & Accompaniments;85;1.5;null;null;5.6;null;null;0.73;
270966100;Uncle Bens Rice Time Mexican Chilli 300G;£0.99;£3.30/kg;Mexican Sauces & Kits;111;2.5;null;null;0.5;null;1.4;0.43;
277418727;Old El Paso Chilli Tortilla Chips 200G;£1.65;£0.83/100g;Mexican Sauces & Kits;470 ;6.3 ;null;null;19.0 ;null;4.4 ;null;
265461975;Old El Paso Corn Tortillas 335G;£1.40;£0.42/100g;Mexican Sauces & Kits;300 ;8.6 ;null;null;4.8 ;null;2.8 ;1.00 ;
277182359;Old El Paso Chilli And Garlic Rice Kit 355G;£2.00;£0.56/100g;Mexican Sauces & Kits;207 ;4.7 ;null;null;1.1 ;null;2.8 ;2.64 ;
251975884;Old El Paso Chilli Con Carne Spice Mix 39G;£0.89;£2.29/100g;Mexican Sauces & Kits;280 ;6.0 ;null;null;4.2 ;null;5.2 ;22.80 ;
258808531;Old El Paso Flour Tortillas 8'S 326G;£1.40;£0.43/100g;Mexican Sauces & Kits;299 ;8.5 ;null;null;5.2 ;null;1.9 ;1.00 ;
275006354;Old El Paso Extra Mild Tortilla Bake Kit 579G;£3.19;£0.55/100g;Mexican Sauces & Kits;241 ;5.8 ;null;null;7.5 ;null;2.6 ;1.13 ;
263723053;Old El Paso Crispy Fajita Dinner Kit 555G;£3.19;£0.58/100g;Mexican Sauces & Kits;241 ;7.0 ;null;null;3.6 ;null;2.6 ;1.47 ;
267681008;Old El Paso Crispyckn Fajita Spice Mix 85G;£0.89;£1.05/100g;Mexican Sauces & Kits;357 ;11.0 ;null;null;2.4 ;null;5.9 ;3.77 ;
258049806;Homepride Jar Chilli Cook In Sauce 500G;£1.20;£0.24/100g;Mexican Sauces & Kits;58;1.6;11.1;null;0.5;null;1.6;0.71;
283522214;Old El Paso Garlic And Paprika S&S Soft Taco Kit 345G;£3.79;£1.10/100g;Mexican Sauces & Kits;213 ;5.7 ;null;null;4.5 ;null;2.3 ;2.22 ;
287740442;Old El Paso Crunchy Taco Kit 308G;£3.19;£1.04/100g;Mexican Sauces & Kits;300 ;3.9 ;null;null;14.2 ;null;2.7 ;1.88 ;
272651884;Old El Paso Barbecue Enchilada Kit 470G;£3.19;£0.68/100g;Mexican Sauces & Kits;271 ;7.0 ;null;null;6.8 ;null;2.3 ;2.15 ;
279878743;Old El Paso Flour Tortilla Twin Pack 326G;£1.69;£0.52/100g;Mexican Sauces & Kits;299 ;8.5 ;null;null;5.2 ;null;1.9 ;1.00 ;
260527060;Old El Paso Fajita Cooking Barbecue Sauce 395G;£1.88;£0.48/100g;Mexican Sauces & Kits;42 ;1.3 ;null;null;0.5 ;null;2.7 ;0.95 ;
266382462;Old El Paso Burrito Dinner Kit 500G;£3.19;£0.52/100g;Mexican Sauces & Kits;186 ;5.9 ;null;null;3.2 ;null;3.1 ;1.16 ;
277183623;Old El Paso Enchilada Family Kit 995G;£3.79;£0.38/100g;Mexican Sauces & Kits;189 ;5.7 ;null;null;2.9 ;null;3.5 ;1.16 ;
283522312;Old El Paso Extra Mild S&S Soft Taco Kit 329G;£3.79;£1.16/100g;Mexican Sauces & Kits;244 ;6.0 ;null;null;7.3 ;null;2.9 ;2.42 ;
265823628;Old El Paso Family Size Tortilla 12 Pack;£2.05;£0.42/100g;Mexican Sauces & Kits;6% -;7%;null;null;4%;null;3%;null;
267668647;Loyd Grossman Classic Chilli 350G;£2.09;£0.60/100g;Mexican Sauces & Kits;null;2.2;8.9;null;3.0;null;1.3;0.82;
265817360;Amoy Stir Fry Chow Mein Sauce 120G;£0.99;£0.83/100g;Oriental Sauces & Accompaniments;610kJ 366kJ;1.8;null;null;5.7;null;1.0;2.0;
276795413;Amoy Sticky Glaze Sweet Soy 180G;£1.49;£0.83/100g;Oriental Sauces & Accompaniments;787kJ 354kJ;0.9;null;null;2.5;null;0.3;1.3;
276547800;Blue Dragon Restaurant Special Kung Po 120G;£0.99;£0.83/100g;Oriental Sauces & Accompaniments;93;0.7;null;null;1.1;null;0.5;null;
267856880;Blue Dragon Chinese Curry Cooking Sauce 425G;£1.59;£0.37/100g;Oriental Sauces & Accompaniments;90;1.0;null;null;3.3;null;1.4;null;
265818226;Amoy Stir Fry Tangy Sweet And Sour Sauce 120G;£0.99;£0.83/100g;Oriental Sauces & Accompaniments;610kJ 366kJ;0.2;null;null;0.8;null;0.3;1.3;
252012738;Blue Dragon Chow Mein Stir Fry Sauce 120G;£0.65;£0.54/100g;Oriental Sauces & Accompaniments;103 ;0.8 ;null;null;0.9 ;null;null;1.5 ;
276547282;Blue Dragon Restaurant Special Yellow Bean 120G;£0.99;£0.83/100g;Oriental Sauces & Accompaniments;149;2.2;null;null;3.8;null;0.6;null;
276547754;Blue Dragon Restaurant Special Cantonese 120G;£0.99;£0.83/100g;Oriental Sauces & Accompaniments;133;0.8;null;null;0.6;null;0.5;null;
276732696;Blue Dragon Crispy Sweet And Sour Chicken 220G;£1.49;£0.68/100g;Oriental Sauces & Accompaniments;633kJ/ -;0.8;null;null;0.1;null;null;1.50;
252354270;Blue Dragon Canton Black Bean Stir Fry Sauce 120G;£0.65;£0.54/100g;Oriental Sauces & Accompaniments;124 ;2.1 ;null;null;1.6 ;null;null;1.5 ;
265817573;Amoy Stir Fry Pad Thai Sauce 120G;£0.99;£0.83/100g;Oriental Sauces & Accompaniments;526kJ 315kJ;2.8;null;null;4.8;null;2.5;1.8;
276732575;Blue Dragon Crispy Lemon Chicken 220G;£1.49;£0.68/100g;Oriental Sauces & Accompaniments;690kJ/ -;0.8;null;null;0.5;null;null;0.30;
268019355;Amoy Stir Fry Teriyaki/Sesame Seeds 120G;£0.99;£0.83/100g;Oriental Sauces & Accompaniments;105;1.3;null;null;2.4;null;0.1;1.0;
265817550;Amoy Stir Fry Rich Hoi Sin Sauce 120G;£0.99;£0.83/100g;Oriental Sauces & Accompaniments;459kJ 276kJ;2.3;null;null;2.6;null;1.6;2.0;
276795511;Amoy Sticky Glaze Chinese Barbecue 180G;£1.49;£0.83/100g;Oriental Sauces & Accompaniments;792kJ 356kJ;1.6;null;null;2.6;null;0.3;1.3;
267855190;Blue Dragon Chow Mein Cooking Sauce 425G;£1.59;£0.37/100g;Oriental Sauces & Accompaniments;83 ;0.7 ;null;null;2.0 ;null;null;0.88 ;
276702191;Blue Dragon Crispy Chilli Beef 225G;£1.49;£0.66/100g;Oriental Sauces & Accompaniments;793kJ/ -;1.1;null;null;0.1;null;null;1.83;
272671353;Blue Dragon Satay Cooking Sauce 440G;£1.59;£0.36/100g;Oriental Sauces & Accompaniments;180;4.3;null;null;9.7;null;1.5;null;
276795465;Amoy Sticky Glaze Peanut Satay 170G;£1.49;£0.88/100g;Oriental Sauces & Accompaniments;800kJ 336kJ;4.7;null;null;2.8;null;2.5;1.2;
265817291;Amoy Stir Fry Black Bean Sauce 120G;£0.99;£0.83/100g;Oriental Sauces & Accompaniments;374kJ 224kJ;1.6;null;null;2.4;null;0.5;2.0;
283053452;Dolmio Recipe Base Carbonara 170G;£1.49;£0.88/100g;Casserole & Cooking Sauces;56;2.0;null;null;1.9;null;null;1.50;
283085805;Homepride Peri Peri 500G;£1.60;£0.32/100g;Casserole & Cooking Sauces;null;1.0;7.5;null;0.6;null;1.3;0.81;
283053498;Dolmio Recipe Base Meatballs 170G;£1.49;£0.88/100g;Casserole & Cooking Sauces;45;2.3;null;null;0.1;null;null;1.48;
258050896;Homepride Jar Shepherds Pie Cook In Sauce 500G;£1.60;£0.32/100g;Casserole & Cooking Sauces;40;1.2;7.7;null;<0.5;null;1.2;1.10;
286185325;Homepride Barbecue Sausage Bake 500G;£1.59;£0.32/100g;Casserole & Cooking Sauces;97;1.4;21.8;null;<0.5;null;1.6;0.81;
286185164;Homepride Nacho Chilli Bake 500G;£1.59;£0.32/100g;Casserole & Cooking Sauces;58;1.6;11.1;null;0.5;null;1.6;0.71;
263761560;Homepride Jar Beef And Ale Sauce 500G;£1.60;£0.32/100g;Casserole & Cooking Sauces;50;0.6;11.4;null;<0.5;null;0.5;0.55;
265205894;Homepride Jar Creamy Mushroom Sauce 500G;£1.60;£0.32/100g;Casserole & Cooking Sauces;79;1.3;5.4;null;5.7;null;<0.5;0.24;
283085759;Homepride Lemon And Herb 500G;£1.60;£0.32/100g;Casserole & Cooking Sauces;null;0.5;6.8;null;6.9;null;<0.5;0.83;
258050971;Homepride Jar Sausages Casserole Cook In Sauce 500G;£1.60;£0.32/100g;Casserole & Cooking Sauces;40;0.8;8.6;null;<0.5;null;0.7;1.05;
276867162;Homepride White Wine Cooking Sauce 500G;£1.59;£0.32/100g;Casserole & Cooking Sauces;84;0.6;5.4;null;6.6;null;<0.5;0.57;
286185141;Homepride Peri Potato Bake 500G;£1.59;£0.32/100g;Casserole & Cooking Sauces;42;1.0;7.5;null;0.6;null;1.3;0.81;
262442565;Homepride Cheese And Ham Potato Bake 500G;£1.59;£0.32/100g;Casserole & Cooking Sauces;102;1.5;3.7;null;8.9;null;0.5;0.93;
262442486;Homepride Garlic And Herb Potato Bake 500G;£1.59;£0.32/100g;Casserole & Cooking Sauces;103;0.7;5.0;null;8.8;null;0.5;1.07;
286185089;Homepride Meat Ball Sauce 500G;£1.59;£0.32/100g;Casserole & Cooking Sauces;56;2.1;9.2;null;0.7;null;2.7;0.72;
283086188;Homepride Chilli Can 400G;£1.30;£0.33/100g;Casserole & Cooking Sauces;null;2.4;12.5;null;0.6;null;1.9;1.10;
286394135;Homepride Chasseur Sauce 500G;£1.59;£0.32/100g;Casserole & Cooking Sauces;43;0.8;7.1;null;1.1;null;0.7;0.53;
263761456;Homepride Roast Chicken Sauce 500G;£1.59;£0.32/100g;Casserole & Cooking Sauces;37;0.8;7.7;null;<0.5;null;<0.5;0.88;
283085932;Homepride Mediterranean 500G;£1.60;£0.32/100g;Casserole & Cooking Sauces;null;1.9;6.5;null;1.5;null;1.7;0.82;
283053475;Dolmio Recipe Base Chicken Casserole 170G;£1.49;£0.88/100g;Casserole & Cooking Sauces;58;1.3;null;null;1.1;null;null;1.48;
272855073;Yutaka Soba Noodles 250G;£1.29;£0.52/100g;Japanese;349;11.5;null;null;1.2;null;null;1.5;
272854926;Yutaka Udon Noodles 250G;£1.29;£0.52/100g;Japanese;352;9.5;null;null;0.9;null;null;2.3;
253663271;Yutaka Japanese Wasabi Paste 43G;£1.99;£4.63/100g;Japanese;256;3.84;null;null;9.2;null;null;5.4;
282842931;Yutaka Red Miso Soup 50G;£1.50;£3.00/100g;Japanese;745kJ 123kJ;11.9;null;null;6.2;null;null;9.7;
272916318;Yutaka Tofu 349G;£1.59;£0.46/100g;Japanese;62;6.9;null;null;2.7;null;null;0.1;
253662911;Yutaka Sushi Nori 11G;£1.79;£16.28/100g;Japanese;1024kJ/ -;53.3;null;null;2.9;null;null;1.4;
282842842;Yutaka Yellow Miso Soup 50G;£1.50;£3.00/100g;Japanese;653kJ 108kJ;9.7;null;null;4.8;null;null;10.1;
253656458;Yutaka Sushi Rice 500G;£1.99;£0.40/100g;Japanese;343;6.7;null;null;0.5;null;null;<0.01;
253656602;Yutaka Japanese Mirin 150Ml;£1.59;£1.06/100ml;Japanese;218 ;<0.1;null;null;<0.5;null;null;<0.1;
253663576;Yutaka Sushi Ginger 190G;£1.99;£1.05/100g;Japanese;6;0.1;null;null;02;null;null;2.14;
259874910;Al'fez Harissa Paste 100G;£1.79;£1.79/100g;Moroccan Sauces;null;4.0;null;null;11.2;null;3.4;2.02;
282669860;Al'fez Natural Tahini 160G;£1.99;£1.25/100g;Moroccan Sauces;686 ;24.5;12;null;60;null;11.6;0.43;
282669635;Al'fez Moroccan Meatball Sauce 350G;£1.99;£0.57/100g;Moroccan Sauces;null;1.6;15.2;null;5.5;null;<0.5;0.34;
282669402;Alfez Apricot And Chilli Stir Fry 120G;£1.49;£1.25/100g;Moroccan Sauces;null;1.19;14.1;null;7.0;null;1.29;0.52;
282669468;Al'fez Paprika And Coriandr Stir Fry 120G;£1.49;£1.25/100g;Moroccan Sauces;null;1.9;7.4;null;4.6;null;1.29;0.2;
259876332;Al'fez Apricot And Coriander Tagine Pour Sauce 350G;£1.89;£0.54/100g;Moroccan Sauces;null;1.4;19.0;null;5.1;null;1.2;null;
282669742;Al'fez Moroccan Meal Kit 275G;£2.49;£0.91/100g;Moroccan Sauces;null;7.3;50.2;null;6.3;null;3.8;0.59;
255776883;Al'fez Falafel 150G;£0.99;£0.66/100g;Moroccan Sauces;null;7.1;null;null;13.8;null;8.8;null;
251505353;Gia Sun Dried Tomato Puree And Olive Oil 80G;£0.75;£9.38/kg;Pizza Sauce & Kits;204 Kcal;2.56 ;null;null;21.6 ;null;null;null;
258164485;Napolina Grated Cheese 50G;£1.50;£3.00/100g;Pizza Sauce & Kits;null;null;null;null;null;null;null;null;
253126769;Gia Garlic Puree 90G;£0.75;£8.34/kg;Pizza Sauce & Kits;391 Kcal;3.3 ;null;null;41.3 ;null;null;null;
277130583;Tesco Tomato Garlic Pizza Topper 170G;£0.75;£0.44/100g;Pizza Sauce & Kits;80;2.2;null;7.1;3.7;0.3;2.5;0.8;
272730071;Cook Italian Grated Hard Cheese 50G;£1.70;£3.40/100g;Pizza Sauce & Kits;2204kJ 331kJ - 8400kJ;42.5;null;null;38.3;null;0;1.9;
254999373;Napolina 2 Pizzeria Bases 300G;£1.70;£5.67/kg;Pizza Sauce & Kits;291;7.9;null;null;3.0;null;0.2;null;
279320574;Cook Italian Pizza Kit 450G;£1.70;£0.38/100g;Pizza Sauce & Kits;846kJ 1904kJ - 8400kJ;7.0;null;null;2.8;null;2.6;0.7;
257709166;Napolina Mini Pizza Bases 300G;£1.70;£5.67/kg;Pizza Sauce & Kits;291;7.9;null;null;3.0;null;0.2;null;
253836240;Napolina Pizza Topping Tomato And Basil 300G;£1.10;£0.37/100g;Pizza Sauce & Kits;null;null;null;null;null;null;null;null;
273422117;Ainsley Harriott Chilli Couc Cous 100G;£0.74;£7.40/kg;Cous Cous;615kJ 800kJ;5.1;null;null;1.0;null;1.3;0.64;
277733296;Ainsley Harriott Lime And Coriander Couscous 100G;£0.74;£7.40/kg;Cous Cous;603kJ 784kJ;4.9;null;null;1.2;null;1.8;null;
253748603;Tesco Wild Mushroom Cous Cous 110G;£0.50;£4.55/kg;Cous Cous;139;4.3;null;1.9;0.9;0.4;1.4;0.4;
254718874;Ainsley Harriott Roasted Vegetable Cous Cous 100G;£0.74;£7.40/kg;Cous Cous;611kJ 798kJ;5.3;null;null;1.2;null;1.5;null;
264130326;Tesco Roasted Vegetable Cous Cous 110G;£0.50;£4.55/kg;Cous Cous;149;6.1;null;2.1;1.4;0.7;0.9;0.5;
254666652;Ainsley Harriott Spice Sensation Cous Cous 100G;£0.74;£7.40/kg;Cous Cous;581kJ 753kJ;5.1;null;null;1.1;null;2.7;null;
253748586;Tesco Coriander And Lemon Cous Cous 110G;£0.50;£4.55/kg;Cous Cous;147;5.1;null;1.6;1.1;0.4;2.0;0.4;
254643414;A/Harriott Sun Dried Tomato And Garlic Cous Cous 100G;£0.74;£7.40/kg;Cous Cous;595kJ 774kJ;5.1;null;null;0.9;null;2.2;0.67;
254848702;Ainsley Harriott Moroccan Medley Cous Cous 100G;£0.74;£7.40/kg;Cous Cous;579kJ 754kJ;5.4;null;null;1.5;null;2.2;null;
253748557;Tesco Mediterranean Cous Cous 110G;£0.50;£4.55/kg;Cous Cous;125;3.6;null;1.3;1.7;0.8;4.2;0.6;
267074318;Ainsley Harriott Aromatic Thai Cous Cous 100G;£0.74;£7.40/kg;Cous Cous;570kJ 741kJ;5.5;null;null;1.6;null;1.5;null;
255447829;Batchelors Super Noodles Bacon 100G;£0.81;£8.10/kg;Noodles;176;3.2;null;null;7.9;null;0.5;0.44;
255630848;Tesco Everyday Value Chicken Flavour Instant Noodles 65G;£0.20;£3.08/kg;Noodles;152;3.8;null;0.5;5.9;1.7;3.2;0.4;
278722175;Batchelors Supernoodles Roast Beef 100G;£0.81;£8.10/kg;Noodles;178;3.2;null;null;7.9;null;0.4;0.44;
257727052;Batchelors Super Noodles 98% F/Free Sweet Thai Chilli 85G;£0.81;£9.53/kg;Noodles;null;11.5;null;null;1.5;null;0.3;1.43;
278727849;Batchelors Supernoodles Chicken Herb 85G;£0.81;£9.53/kg;Noodles;null;3.6;null;null;0.4;null;0.1;0.51;
255447864;Batchelors Super Noodles Mild Curry 100G;£0.81;£8.10/kg;Noodles;176;3.2;null;null;7.9;null;0.4;0.43;
255630710;Tesco Everyday Value Curry Flavour Instant Noodles 65G;£0.20;£3.08/kg;Noodles;145;3.2;null;0.6;5.7;2.8;1.2;null;
255005760;Batchelors Super Noodles Southern Fried Chicken 100G;£0.81;£8.10/kg;Noodles;177;3.2;null;null;7.9;null;0.5;0.43;
255438869;Batchelors Super Noodles Barbecue 100G;£0.81;£8.10/kg;Noodles;176;3.2;null;null;7.9;null;0.5;0.44;
255631231;Tesco Chicken Flavour Instant Noodles 85G;£0.30;£3.53/kg;Noodles;166;3.8;null;0.6;4.8;1.6;3.3;0.4;
255631300;Tesco Chow Mein Flavoured Instant Noddles 85G;£0.30;£3.53/kg;Noodles;110;2.6;null;0.4;4.1;1.9;0.8;null;
278721591;Batchelors Super Noodles Peppered Steak 100G;£0.81;£8.10/kg;Noodles;178;3.2;null;null;7.9;null;0.5;0.44;
255438282;Batchelors Super Noodles Chicken 100G;£0.81;£8.10/kg;Noodles;176;3.1;null;null;7.9;null;0.5;0.43;
250322524;Amoy Straight To Wok Medium Noodles 2X150g;£1.79;£5.97/kg;Noodles;642kJ 936kJ;4.0;null;null;0.8;null;2.1;0.3;
264788135;Batchlors Supernoodles Low Fat Chilli Chicken 85G;£0.81;£9.53/kg;Noodles;null;3.5;null;null;0.4;null;0.1;0.51;
255447806;Batchelors Super Noodles Chinese Style 100G;£0.81;£8.10/kg;Noodles;177;3.1;null;null;7.9;null;0.4;0.43;
258112599;Amoy Straight To Wok Singapore Noodles 2X150g;£1.79;£5.97/kg;Noodles;660kJ 990kJ;4.9;null;null;2.0;null;2.5;0.2;
268553228;Amoy Straight To Wok Ribbon Rice Noodles 2X150g;£1.79;£5.97/kg;Noodles;548kJ 822kJ;0.6;null;null;Trace;null;0.9;0.1;
258112115;Amoy Fine Rice Noodles 300G;£1.79;£5.97/kg;Noodles;458kJ 687kJ;1.8;null;null;0.5;null;1.5;0.1;
278721372;Batchelors Super Noodles Chicken Mushroom 100G;£0.81;£8.10/kg;Noodles;178;3.2;null;null;8.0;null;0.5;0.44;
286283687;Barilla Tortellini Grandi Ricotta And Spinach 225G;£1.49;£6.63/kg;Pasta & Spaghetti;null;null;null;null;null;null;null;null;
267558490;Cook Italian Penne 500G;£1.50;£3.00/kg;Pasta & Spaghetti;null;13.5 ;null;null;1.5 ;null;1.6 ;trace;
286681861;Toscana Penne Tomato And Basil 200G;£1.70;£8.50/kg;Pasta & Spaghetti;397 kJ 913 kJ 11%;3.2;null;null;2.9;null;1.2;1.0;
283223142;Barilla Penne Rigate 500G;£0.75;£1.50/kg;Pasta & Spaghetti;null;null;null;null;null;null;null;null;
283647527;Cook Italian Bronze Whole Wheat Penne Pasta 500G;£1.50;£3.00/kg;Pasta & Spaghetti;null;13.0;null;null;1.8;null;8.0;trace;
283223067;Barilla Fusilli 500G;£0.75;£1.50/kg;Pasta & Spaghetti;null;null;null;null;null;null;null;null;
286690717;Toscana Penne Tomato And Chilli 200G;£1.70;£8.50/kg;Pasta & Spaghetti;541 kJ 1244 kJ -;3.1;null;null;6.5;null;1.6;1.3;
255340137;Tesco Quick Cook Penne 500G;£0.75;£1.50/kg;Pasta & Spaghetti;360;12.5;null;2.4;1.4;0.3;2.6;0.1;
254878482;Tesco Penne Pasta Quills 500G;£0.75;£1.50/kg;Pasta & Spaghetti;360;12.5;null;2.4;1.4;0.3;2.6;0.1;
254167557;Napolina Penne 500G;£1.30;£2.60/kg;Pasta & Spaghetti;null;null;null;null;null;null;null;null;
284210271;Barilla Mezze Penne Tricolore 500G;£0.90;£1.80/kg;Pasta & Spaghetti;null;null;null;null;null;null;null;null;
251477765;Tesco Everyday Value Penne 500G;£0.30;£0.60/kg;Pasta & Spaghetti;351;12.0;null;2.5;1.5;0.5;0.8;0.1;
286682013;Toscana Penne Carbonara 200G;£1.70;£8.50/kg;Pasta & Spaghetti;606 kJ 1212 kJ 15%;4.1;null;null;8.8;null;1.0;1.2;
258192192;Napolina Penne Pasta 1Kg;£2.00;£2.00/kg;Pasta & Spaghetti;null;null;null;null;null;null;null;null;
286429833;Weight Watchers 50/50 Penne Pasta 500G;£1.00;£2.00/kg;Pasta & Spaghetti;1473kJ/ 1105kJ/ -;11.1;null;null;1.6;null;5.3;<0.1;
254236998;Tesco Finest Pennoni Rigate Pasta 500G;£1.70;£3.40/kg;Pasta & Spaghetti;363;14.0;null;0.6;1.5;0.2;1.6;<0.01;
255848067;Napolina Penne Rigate Bronze Pasta 500G;£2.09;£4.18/kg;Pasta & Spaghetti;null;null;null;null;null;null;null;null;
255111674;De Cecco Penne Rigate 500G;£1.55;£3.10/kg;Pasta & Spaghetti;null;13.0 ;null;null;1.5 ;null;2.9 ;null;
253167098;Tesco Penne Pasta Quills 1Kg;£1.20;£1.20/kg;Pasta & Spaghetti;360;12.5;null;2.4;1.4;0.3;2.6;0.1;
286689766;Toscana Penne Beef Bolognese 200G;£1.70;£8.50/kg;Pasta & Spaghetti;592 kJ 1362 kJ -;6.9;null;null;6.5;null;1.3;1.2;
284741523;Naked Noodle Stir Fry Hoisin 120G;£1.20;£10.00/kg;Rice;592kJ 875kJ;4.3;null;null;0.7;null;2.3;0.83;
254877483;Tesco Basmati Rice 500G;£1.19;£2.38/kg;Rice;356;8.5;null;0.2;1.0;0.2;1.8;<0.01;
266953910;Tesco Finest Basmati Rice 500G;£1.59;£3.18/kg;Rice;350;8.5;null;0.1;0.8;0.3;2.1;0;
284776712;Batchelor's Super Rice Chinese 100G;£0.81;£8.10/kg;Rice;157;3.9;null;null;1.0;null;1.1;0.19;
258183865;Tesco Easy Cook Basmati Rice 1Kg;£1.89;£1.89/kg;Rice;351;8.0;null;<0.1;1.0;<0.1;1.0;<0.01;
284776833;Batchelor's Super Rice Beef 100G;£0.81;£8.10/kg;Rice;156;5.0;null;null;1.1;null;1.5;0.47;
254877477;Tesco Basmati Rice 1Kg;£1.89;£1.89/kg;Rice;356;8.5;null;0.2;1.0;0.2;1.8;<0.01;
284776856;Batchelor's Super Rice Chicken 100G;£0.81;£8.10/kg;Rice;155;4.3;null;null;0.9;null;1.3;0.38;
255577744;Tesco Everyday Value Golden Vegetable Savoury Rice 120G;£0.25;£2.09/kg;Rice;116;2.6;null;1.4;0.4;0.2;1.9;0.4;
251442449;Tesco Basmati Rice 4Kg;£6.49;£1.63/kg;Rice;356;8.5;null;0.2;1.0;0.2;1.8;<0.01;
254199298;Tilda Basmati Brown Rice 500G;£2.00;£4.00/kg;Rice;null;8.6;null;null;2.8;null;3.4;<0.01;
258353518;Tesco Finest Basmati Rice 1Kg;£2.69;£2.69/kg;Rice;350;8.5;null;0.1;0.8;0.3;2.1;0;
251442835;Tesco Boil In The Bag Basmati Rice 4 X 125G;£1.19;£2.38/kg;Rice;351;8.0;null;<0.1;1.0;<0.1;1.0;<0.01;
284738044;Naked Noodle Stir Fry Chow Mein 120G;£1.20;£10.00/kg;Rice;649kJ 857kJ;4.8;null;null;0.8;null;1.5;0.77;
258472736;Tilda Basmati Brown Rice 1Kg;£4.95;£4.95/kg;Rice;null;8.6;null;null;2.8;null;3.4;<0.01;
256148174;Tesco Basmati Rice 2Kg;£3.29;£1.65/kg;Rice;356;8.5;null;0.2;1.0;0.2;1.8;<0.01;
253905746;Tesco Everyday Value Basmati Rice 1Kg;£1.40;£1.40/kg;Rice;356;8.5;null;0.2;1.0;0.2;1.8;<0.01;
255544887;Tilda Basmati And Wild Rice 500G;£3.00;£6.00/kg;Rice;null;8.1;null;null;1.0;null;1.5;<0.01;
284741834;Naked Noodle Stir Fry Teriyaki 120G;£1.20;£10.00/kg;Rice;571kJ 821kJ;4.3;null;null;0.7;null;1.4;0.78;
284776919;Batchelor's Super Rice Golden 100G;£0.81;£8.10/kg;Rice;155;4.5;null;null;0.9;null;1.3;0.42;
284195420;Colman's Fiery Barbecue Chilli Sauce 250Ml;£1.69;£0.68/100ml;Barbecue Sauce & Marinades;95;0.5;null;null;<0.5;<0.5;null;1.5;
283971762;Frank's Red Hot Chilli & Lime 148Ml;£1.49;£1.01/100ml;Barbecue Sauce & Marinades;23 ;1.2 ;null;null;0.8 ;null;null;9.2 ;
284195800;Nando's Coat N' Cook - Hot 120G;£1.00;£0.83/100g;Barbecue Sauce & Marinades;94 ;1.9 ;null;null;6.6 ;null;null;1.3 ;
274246566;Nando's Smokey Portuguese Barbecue Marinade 270G;£1.99;£0.74/100g;Barbecue Sauce & Marinades;152 kJ / 36 kCal 380 kJ / 90 kCal;0.2 ;null;null;null;null;null;0.8  / 805 m;
264466656;Nando's Extra Extra Hot Peri- Peri Sauce 125Ml;£1.99;£1.60/100ml;Barbecue Sauce & Marinades;210 kJ / 50 kCal 42 kJ / 10 kCal;0.6 ;null;null;null;null;null;6.75  / 6907.5 m;
284195898;Nando's Coat N' Cook Sun Dried Tomato And Basil 120G;£1.00;£0.83/100g;Barbecue Sauce & Marinades;130 ;1.34 ;null;null;10.23 ;null;null;0.8 ;
268347663;Hp Barbecue Classic Woodsmoke Sauce 465G;£1.99;£0.43/100g;Barbecue Sauce & Marinades;563kJ 84kJ;0.5;null;null;Trace;null;Trace;null;
284195397;Colman's Chunky Burger Sauce 250Ml;£1.69;£0.68/100ml;Barbecue Sauce & Marinades;230;1;null;null;21;1.5;null;1.9;
278974164;Frenchs New York Steakhouse Sauce 250G;£2.49;£1.00/100g;Barbecue Sauce & Marinades;125 ;0.7 ;null;null;0.1 ;null;0.5 ;null;
278004374;Colman's Sweet Chilli Mango Sauce 250Ml;£1.69;£0.68/100ml;Barbecue Sauce & Marinades;90;<0.5;null;null;<0.5;null;null;1.2;
278003796;Colman's Smokey Barbecue Sauce 250Ml;£1.69;£0.68/100ml;Barbecue Sauce & Marinades;140;0.8;null;null;0.6;null;null;1.7;
287247842;Nando's Medium Peri Peri Marinade 262G;£1.99;£0.76/100g;Barbecue Sauce & Marinades;98 kJ / 24 kCal 244 kJ / 61 kCal;0.1 ;null;null;null;null;null;1.0  / 900 m;
268347628;Hp Barbecue Honey Woodsmoke Sauce 465G;£1.99;£0.43/100g;Barbecue Sauce & Marinades;547kJ 82kJ;0.5;null;null;Trace;null;Trace;null;
264147746;Franks Red Hot Original Cayenne Pepper Sauce 148Ml;£1.49;£1.01/100ml;Barbecue Sauce & Marinades;133 ;null;null;null;null;null;null;null;
272781516;Heinz Sticky Barbecue Sauce 500G;£1.79;£0.36/100g;Barbecue Sauce & Marinades;null;0.8;null;null;0.1;null;1.3;null;
272781689;Heinz Classic Barbecue Sauce 480G;£1.79;£0.37/100g;Barbecue Sauce & Marinades;null;1.0;null;null;0.1;null;1.5;null;
261961332;Nando's Garlic Peri Peri Sauce 125Ml;£1.99;£1.60/100ml;Barbecue Sauce & Marinades;Energy 248 kJ / 59 kCal 50 kJ / 15 kCal;0.5 ;null;null;null;null;null;5.5  / 5520 m;
253278214;Nandos Extra Hot Peri Peri Sauce 125Ml;£1.99;£1.60/100ml;Barbecue Sauce & Marinades;298 kJ / 71 kCal 60 kJ / 14 kCal;0.7 ;null;null;null;null;null;3.5  / 3400 m;
284196217;Nando's Coat N' Cook - Lemon And Herb 120G;£1.00;£0.83/100g;Barbecue Sauce & Marinades;72 ;0.5 ;null;null;4.8 ;null;null;1.2 ;
278004069;Colman's Hot Garlic Chilli Sauce 250Ml;£1.69;£0.68/100ml;Barbecue Sauce & Marinades;270;<0.5;null;null;26.0;null;null;1.7;
272757120;Branston Tomato Ketchup 555G;£1.00;£0.18/100g;Ketchup;119;1.4;28;null;0;null;0.6;2.2;
285778766;Heinz Tomato Ketchup 50% Less Sugars 555G;£2.00;£0.36/100g;Ketchup;271 kJ 41 kJ;1.4;null;null;0.1;null;null;1.3;
260919754;Tesco Organic Tomato Ketchup 460G;£1.49;£0.32/100g;Ketchup;110;1.5;null;21.3;0.6;0.6;3.4;0.8;
252560486;Heinz Tomato Ketchup Bottle 342G;£1.25;£0.37/100g;Ketchup;103;0.9;null;null;0.1;null;0.7;null;
277992011;Forces Sauces Corporal Ketchup Sauce 500Ml;£1.89;£0.38/100ml;Ketchup;122;1.4;null;null;0.4;null;1.2;null;
254884128;Tesco Tomato Ketchup Bottle 345G;£0.60;£0.17/100g;Ketchup;105;1.3;null;21.7;0.3;0.2;0.9;1.8;
250167878;Heinz Top Down Squeezy Tomato Ketchup Sauce 460G;£1.75;£0.38/100g;Ketchup;103;0.9;null;null;0.1;null;0.7;null;
268380606;Tesco Tomato Ketchup 700G;£0.85;£0.12/100g;Ketchup;105;1.3;null;21.7;0.3;0.2;0.9;1.8;
256390248;Heinz Top Down Squeezy Tomato Ketchup Sauce 570G;£2.00;£0.35/100g;Ketchup;435kJ 65kJ;1.2;null;null;0.1;null;null;1.8;
261960932;Heinz Organic Tomato Ketchup 580G;£2.45;£0.42/100g;Ketchup;119;1.2;null;null;Trace;null;0.7;null;
262028031;Daddies Tomato Ketchup 400G;£1.39;£0.35/100g;Ketchup;432kJ 65kJ;0.8;null;null;Trace;null;Trace;null;
250181618;Heinz Top Down Squeezy Tomato Ketchup Sauce 700G;£2.00;£0.29/100g;Ketchup;435kJ 65kJ;1.2;null;null;0.1;null;null;1.8;
264233274;Heinz Tomato Ketchup Squeezy 342G;£1.20;£0.35/100g;Ketchup;103;0.9;null;null;0.1;null;0.7;null;
284742096;Tesco Tomato Ketchup Reduced Sugar And Salt 450G;£0.99;£0.22/100g;Ketchup;null;null;null;null;null;null;null;null;
280363162;Tesco Everyday Value Tomato Ketchup 1Kg;£0.55;£0.06/100g;Ketchup;137;0.9;null;23.6;0.2;<0.1;0.5;0.8;
268075143;Hellmanns Tomato Ketchup Squeezy 750Ml;£1.50;£0.20/100ml;Ketchup;84;1.1;19;null;<0.5;null;null;1.7;
279469686;Tesco Finest Tomato Ketchup 315G;£2.49;£0.86/100g;Ketchup;174;1.2;null;40.3;0.3;0.1;1.7;1.0;
264891346;Hellmanns Tomato Ketchup 430Ml;£1.00;£0.23/100ml;Ketchup;84;1.1;19;null;<0.5;null;null;1.7;
275298738;Tesco Goodness Ketchup 295G;£1.29;£0.44/100g;Ketchup;60;1.9;null;10.3;0.2;0.1;1.2;null;
271857395;Heinz Tomato Ketcup Squeezeme 26Ml;£0.20;£0.77/100ml;Ketchup;null;null;null;null;null;null;null;null;
280238962;Heinz Mayonnaise Caramlised Onion 220G;£1.49;£0.68/100g;Mayonnaise & Salad Cream;2251kJ 338kJ;1.4;null;null;57.8;null;0.1;1.2;
267880026;Hellmann's Garliic Squeezy Mayonnaise 250Ml;£1.29;£0.52/100ml;Mayonnaise & Salad Cream;267;0.7;6.7;null;27;null;null;1.7;
259058195;Hellmann's Light Mayonnaise 800G;£2.00;£0.25/100g;Mayonnaise & Salad Cream;265;<0.5;5.9;null;26;null;null;1.7;
262011874;Heinz Top Down Mayonnaise 420G;£2.25;£0.54/100g;Mayonnaise & Salad Cream;2716kJ 407kJ;0.9;null;null;71.5;null;0.1;null;
267879985;Hellmann's Chilli Squeezy Mayonnaise 250Ml;£1.29;£0.52/100ml;Mayonnaise & Salad Cream;275;0.8;7.5;null;27;null;null;1.9;
279348991;Heinz Mayonnaise Roasted Garlic 220G;£1.49;£0.68/100g;Mayonnaise & Salad Cream;2223kJ 334kJ;1.1;null;null;57.6;null;Trace;1.2;
257202615;Hellmann's Light Mayonnaise 400G;£1.89;£0.47/100g;Mayonnaise & Salad Cream;265;<0.5;5.9;null;26;null;null;1.7;
265164250;Heinz Light Mayonnaise 440G;£1.90;£0.43/100g;Mayonnaise & Salad Cream;1147kJ 172kJ;1;null;null;26.6;null;0.2;null;
272247810;Hellmann's Caramelised Onion Squzy Mayonnaise 250Ml;£1.29;£0.52/100ml;Mayonnaise & Salad Cream;274;0.9;8.4;null;27;null;null;1.4;
257130705;Hellmann's Lghtr Than Light Mayonnaise 400G;£1.89;£0.47/100g;Mayonnaise & Salad Cream;70;0.7;10;null;2.9;null;null;1.7;
267871056;Hellmann's Lemon Squeezy Mayonnaise 250Ml;£1.29;£0.52/100ml;Mayonnaise & Salad Cream;270;0.7;6.2;null;27;null;null;1.7;
264365313;Hellmann's Lghtr Than Light Squeezy Mayonnaise 430Ml;£2.00;£0.47/100ml;Mayonnaise & Salad Cream;70;0.7;10;null;2.9;null;null;1.7;
273089799;Heinz Mayonnaise 270G;£1.00;£0.37/100g;Mayonnaise & Salad Cream;2716kJ 407kJ -;0.9;null;null;71.5;null;null;1.1;
284197464;Heinz Light Mayonnaise 580G;£2.00;£0.35/100g;Mayonnaise & Salad Cream;1147kJ 172kJ;1.0;null;null;26.6;null;0.2;null;
258526991;Hellmann's Lghtr Than Light Mayonnaise 600G;£2.79;£0.47/100g;Mayonnaise & Salad Cream;70;0.7;10;null;2.9;null;null;1.7;
284197429;Heinz Mayonnaise 550G;£2.00;£0.36/100ml;Mayonnaise & Salad Cream;2716kJ 407kJ;0.9;null;null;71.5;null;0.1;null;
273087524;Heinz Light Mayonnaise 285G;£1.00;£0.35/100g;Mayonnaise & Salad Cream;1147kJ 172kJ;1.0;null;null;26.6;null;0.2;null;
265163769;Heinz Mayonnaise 430G;£1.90;£0.44/100g;Mayonnaise & Salad Cream;2716kJ 407kJ -;0.9;null;null;71.5;null;null;1.1;
285815873;Gran Luchito Smoked Chilli Mayonnaise 180G;£2.79;£1.55/100g;Mayonnaise & Salad Cream;null;0.4;3.1;null;null;null;null;1.4;
273087692;Heinz Light Mayonnaise 445G;£2.25;£0.51/100g;Mayonnaise & Salad Cream;1147kJ 172kJ;1;null;null;26.6;null;0.2;null;
260195848;Cardini Caesar Dressing 250Ml;£1.79;£0.72/100ml;Salad Dressing;608;2.3;null;null;65.9;null;0.3;2.1;
284195126;French's Tex-Mex Chipotle Dressing 270G;£1.99;£0.74/100g;Salad Dressing;171 ;0.56 ;null;null;15.06 ;null;0.72 ;1.17 ;
274220343;Briannas Ranch Dressing 355Ml;£2.95;£0.83/100ml;Salad Dressing;533 ;3.3 ;null;null;56.6 ;null;0.2 ;null;
278974279;Frenchs Fried Onions 79G;£1.79;£2.27/100g;Salad Dressing;630 ;5.0 ;null;null;49.4 ;null;null;null;
278974106;Frenchs Blue Cheese Dressing 270G;£1.99;£0.74/100g;Salad Dressing;335 ;2.1 ;null;null;34.2 ;null;0.1 ;null;
271527066;Danfood Onion Salad Crispies 100G;£1.39;£1.39/100g;Salad Dressing;null;6;null;null;-;null;null;null;
251476639;Hellmanns Garlic And Herb Dressing 235Ml;£1.29;£0.55/100ml;Salad Dressing;205;2.5;9.6;null;17;null;null;1.7;
274233881;Heinz Caesar Dressing 220Ml;£1.50;£0.68/100ml;Salad Dressing;1832kJ 275kJ;1.6;null;null;44.7;null;0.3;2.1;
274220222;Briannas Blue Cheese Dressing 355Ml;£2.95;£0.83/100ml;Salad Dressing;null;null;null;null;null;null;null;null;
274233754;Heinz Blue Cheese Dressing 220Ml;£1.50;£0.68/100ml;Salad Dressing;1520kJ 228kJ;1.2;null;null;36.9;null;0.2;2.8;
278974008;Frenchs Caesar Dressing 270G;£1.99;£0.74/100g;Salad Dressing;322 ;3.4 ;null;null;31.6 ;null;0.2 ;null;
251477068;Hellmanns Caesar Dressing 235Ml;£1.29;£0.55/100ml;Salad Dressing;326;2.5;3.8;null;33;null;null;1.6;
284195282;French's Maple Mustard Dressing 270G;£1.99;£0.74/100g;Salad Dressing;354 ;1.06;null;null;31.70;null;0.42;1.66;
261895433;Cardini Ranch Dressing 250Ml;£1.79;£0.72/100ml;Salad Dressing;462;3.1;null;null;48.5;null;0.4;2.2;
251476432;Hellmanns French Dressing 235Ml;£1.29;£0.55/100ml;Salad Dressing;280;0.9;9.2;null;26;null;null;1.8;
261885439;Hellmanns Balsamic Vinaigrette Salad Dressing 235Ml;£1.29;£0.55/100ml;Salad Dressing;75;<0.5;11;null;2.7;null;null;1.6;
264468422;Cardini Caesar Low-Fat Salad Dressing 250Ml;£1.79;£0.72/100ml;Salad Dressing;429;2.3;null;null;45.2;null;0.5;2.1;
261885422;Hellmanns Honey And Mustard Salad Dressing 235Ml;£1.29;£0.55/100ml;Salad Dressing;186;0.8;15;null;14;null;null;1.6;
251476904;Hellmann's Thousand Island Dressing 235Ml;£1.29;£0.55/100ml;Salad Dressing;238;1;14;null;20;null;null;1.8;
274220274;Briannas Honey Mustard Dressing 355Ml;£2.95;£0.83/100ml;Salad Dressing;null;null;null;null;null;null;null;null;
264231593;Daddies Brown Sauce 400G;£1.39;£0.35/100g;Table Sauces;458kJ 69kJ;0.4;null;null;Trace;null;0.4;null;
253745088;Hp Brown Sauce 425G;£1.70;£0.40/100g;Table Sauces;517kJ 78kJ;0.9;null;null;0.1;null;0.4;null;
268347726;Hp Fruity Sauce Top Down 470G;£2.00;£0.43/100g;Table Sauces;575kJ 87kJ;0.9;null;null;Trace;null;0.3;null;
279469726;Tesco Finest Brown Sauce 310G;£2.49;£0.86/100g;Table Sauces;180;1.8;null;34.0;0.6;0.2;1.5;0.4;
255841282;Colman's Classic Mint Sauce 250Ml;£1.38;£0.55/100ml;Table Sauces;131;1.9;27;null;<0.5;null;null;2.7;
250293148;Colmans Horseradish Sauce 250Ml;£1.38;£0.55/100ml;Table Sauces;108;1.3;8;null;6.4;null;null;0.92;
261892200;Tiptree Brown Sauce 310G;£1.99;£0.64/100g;Table Sauces;811 kJ -;0.9;null;null;0;null;null;1.4;
277991899;Forces Sauces Brigadier Brown Sauce 500Ml;£1.89;£0.38/100ml;Table Sauces;112;0.6;null;null;0.5;null;0.9;null;
268380501;Tesco Brown Sauce 330G;£0.79;£0.24/100g;Table Sauces;103;1.1;null;16.7;0.1;<0.1;0.9;1.0;
254883728;Hp Sauce Bottle 255G;£0.95;£0.37/100g;Table Sauces;517kJ 78kJ;0.9;null;null;0.1;null;0.4;null;
261507134;Hp Top Down Brown Sauce 450G;£2.15;£0.48/100g;Table Sauces;517kJ 78kJ;0.9;null;null;0.1;null;0.4;null;
264028287;Hp Reduced Sugar And Salt Brown Sauce 450G;£2.15;£0.48/100g;Table Sauces;364kJ 55kJ;0.7;null;null;0.1;null;0.4;null;
259277592;Cholula Hot Mexican Sauce 150Ml;£1.69;£1.13/100ml;Table Sauces;77 kJ 4 kJ;null;0,4 ;null;0,9 ;null;2,7 ;5,0 ;
255843343;Colmans Bramley Apple Sauce 250Ml;£1.38;£0.55/100ml;Table Sauces;111;<0.5;28;null;<0.5;null;null;<0.01;
257749377;Hp Brown Sauce Handy Pack 285G;£1.15;£0.40/100g;Table Sauces;517kJ 78kJ;0.9;null;null;0.1;null;0.4;null;
264623187;Tesco Squeezy Top Down Brown Sauce 465G;£0.89;£0.19/100g;Table Sauces;103;1.1;null;16.7;0.1;<0.1;0.9;1.0;
273127853;Tesco Everyday Value Brown Sauce 555G;£0.29;£0.05/100g;Table Sauces;81;0.6;null;13.4;0.1;<0.1;0.6;1.2;
255840375;Colman's Fresh Garden Mint Concentrate 250Ml;£1.38;£0.55/100ml;Table Sauces;46;2.8;3.9;null;0.5;null;null;5.3;
260060271;Tesco Squeezy Top Down Fruity Brown Sauce 480G;£0.89;£0.19/100g;Table Sauces;145;1.2;null;25.2;0.1;<0.1;1.6;1.0;
255707701;Branston Fruity Sauce 250G;£0.65;£0.26/100g;Table Sauces;144;0.9;31;null;<0.5;null;1.3;0.89;
268486676;Aspall Cyder Vinegar 350Ml;£1.40;£0.40/100ml;Vinegar;0Kcal;0.0;0.1;null;0.0;null;0.0;null;
256897657;F Giacobazzi Balsamic Vinegar Modena 3 Leaves 250Ml;£2.00;£0.80/100ml;Vinegar;106;0.2;null;null;<0.1;null;null;null;
281721206;Tesco Glaze Chilli Balsamic 215Ml;£1.50;£0.70/100ml;Vinegar;199;1.5;null;45.5;0;0;0.2;0.2;
268510886;Aspall Organic White Wine Vinegar 350Ml;£1.70;£0.49/100ml;Vinegar;null;Trace;0.6;null;Trace;null;Trace;0.01;
277787341;Aspall Organic Balsamic Vinegar 350Ml;£2.99;£0.85/100ml;Vinegar;0Kcal;0.5;17.5;null;0.0;null;0.0;null;
264467377;F Giacobazzi Balsamic Vinegar Modena 250Ml;£2.00;£0.80/100ml;Vinegar;154 ;1.2;null;null;0;null;0;null;
282049989;De Nigris Bronze Balsamic Vinegar Bronze 250Ml;£2.00;£0.80/100ml;Vinegar;null;0;null;0;null;null;null;null;
279684661;Filippo Berio Balsamic Vinegar 250Ml;£3.00;£1.20/100ml;Vinegar;95;0.05;null;19;0;null;0;null;
284319863;Gino Everyday Balsamic Glaze 215Ml;£2.00;£0.93/100ml;Vinegar;189 ;null;null;null;null;null;null;null;
264475246;Tesco Finest Balsamic Vinegar Of Modena 250Ml;£6.00;£2.40/100ml;Vinegar;227;0.5;null;51.4;0;0;0;0.1;
282051611;De Nigris Gold Balsamic Vinegar Gold 250Ml;£6.00;£2.40/100ml;Vinegar;null;0;null;5;null;null;null;null;
284319621;Gino Everyday Balsamic Vinegar 500Ml;£2.00;£0.40/100ml;Vinegar;77 ;null;null;null;null;null;null;null;
286980328;Filippo Berio Balsamic Vinegar 500Ml;£4.99;£1.00/100ml;Vinegar;95;0.05;null;19;0;null;0;null;
282051732;De Nigris Plat Balsamic Vinegar Platinum 250Ml;£10.00;£4.00/100ml;Vinegar;null;0;null;5;null;null;null;null;
268486630;Aspall Red Wine Vinegar 350Ml;£1.40;£0.40/100ml;Vinegar;0Kcal;0.4;0.6;null;0.0;null;0.0;null;
281721264;Tesco Glaze Fig Balsamic 215Ml;£1.50;£0.70/100ml;Vinegar;208;1.4;null;47.9;0;0;0;0.2;
254296718;Tesco Balsamic Vinegar Of Modena 250Ml;£1.00;£0.40/100ml;Vinegar;100;1.0;null;24.0;0;0;0.1;0.1;
261799841;Tesco Glaze Balsamic Vinegar Of Modena 215Ml;£1.50;£0.70/100ml;Vinegar;225;0.5;null;55.8;0;0;0.2;0.1;
268510850;Aspall Organic Cyder Vinegar 350Ml;£1.70;£0.49/100ml;Vinegar;null;Trace;0.7;null;Trace;null;Trace;0.01;
268486653;Aspall White Wine Vinegar 350Ml;£1.40;£0.40/100ml;Vinegar;null;Trace;null;null;Trace;null;Trace;0.03;
259310265;Betty Crocker Chocolate Buttercream Icing 450G;£2.25;£0.50/100g;Baking;413;1.3;65.1;null;16.0;null;1.7;0.8;
278584988;Tesco Ready To Roll Coloured Icing Black 250G;£1.79;£0.72/100g;Baking;409;0.1;null;81.7;6.4;3.5;1.1;0.1;
254914590;Tesco Golden Almond Marzipan 500G;£1.74;£0.35/100g;Baking;430;6.0;null;64.8;13.8;1.0;1.5;<0.01;
275657988;Dr.Oetker Ready To Roll Icing 1Kg > >;£2.18;£0.22/100g;Baking;388 ;0 ;null;null;3.2 ;null;null;0 ;
278906027;Tesco Ready Rolled Icing 450G;£3.99;£0.89/100g;Baking;401;0.1;null;81.6;5.3;2.6;0.1;0.1;
254914584;Tesco Natural Almond Marzipan 500G;£1.74;£0.35/100g;Baking;426;6.3;null;65.1;13.4;1.0;2.6;0.1;
275975231;Dr Oetker Easy Swirl Cupcake Icing Pink 180G;£3.49;£1.94/100g;Baking;425;0;null;null;17;null;null;0.24;
278587645;Tesco Ready Ro Roll Coloured Icing Red 250G;£1.79;£0.72/100g;Baking;411;0.2;null;85.5;6.4;3.4;0.7;0.1;
284952392;Tesco Flower Modelling Paste 250G;£2.49;£1.00/100g;Baking;370;0.2;null;88.2;0.3;0.1;1.9;0.1;
275603091;Betty Crocker Cream Cheese Frosting 425G;£2.25;£0.53/100g;Baking;421;0.0;70.5;null;15.4;null;0.0;0.5;
278906004;Tesco Ready Rolled Marzipan 400G;£3.99;£1.00/100g;Baking;439;5.9;null;61.7;15.8;1.4;2.2;<0.01;
284951902;Tesco Modelling Kit Generic 500G;£3.99;£0.80/100g;Baking;408;0.1;null;84.4;6.3;3.4;0.7;0.1;
284951833;Tesco 5 Colour Modelling Kit 500G;£3.99;£0.80/100g;Baking;410;0.1;null;83.9;6.4;3.5;0.6;0.1;
271255824;Dr. Oetker Easy Swirl Cupcake Icing Vanilla;£3.49;£1.94/100g;Baking;425 ;0;null;null;17;null;null;0.24;
258710317;Betty Crocker Vanilla Flavour Frosting 450G;£2.25;£0.50/100g;Baking;421;0.0;70.5;null;15.4;null;0.0;0.5;
282593067;Betty Crocker Strawberry Frosting 425G;£2.25;£0.53/100g;Baking;421;0.0;70.4;null;15.4;null;0.0;1.5;
271255992;Dr. Oetker Easy Swirl Cupcake Icing Chocolate;£3.49;£1.94/100g;Baking;393;1.6;null;null;16;null;null;0.24;
259309734;Betty Crocker Van Buttercream Icing 450G;£2.25;£0.50/100g;Baking;421;0.0;70.5;null;15.4;null;0.0;0.5;
278585324;Tesco Ready To Roll Coloured Icing Pink 250G;£1.79;£0.72/100g;Baking;408;0.1;null;85.5;6.3;3.4;0.5;0.1;
250806217;Betty Crocker Chocolate Fudge Frosting 450G;£2.25;£0.50/100g;Baking;408;2.2;61.4;null;16.4;null;2.9;0.8;
284552891;Betty Crocker Apple And Cinnamon Traybake 420G;£2.25;£0.54/100g;Baking Mixes;1662kJ 642kJ -;5.1;77.0;null;6.6;null;2.7;0.75;
260509940;Betty Crocker Chocolate Chunk Muffin Mix 335G;£2.25;£6.72/kg;Baking Mixes;1774kJ 1096kJ -;6.4;71.0;null;11.7;null;3.1;1.82;
275603298;Betty Crocker Red Velvet Cake Mix 450G;£2.25;£5.00/kg;Baking Mixes;1766kJ 933kJ;5.2;76.3;null;9.8;null;2.2;1.3;
268450373;Betty Crocker Lemon Cup Cake 303G;£2.25;£7.43/kg;Baking Mixes;1699kJ 949kJ -;2.7;84.5;null;5.7;null;0.7;0.9;
256240847;Betty Crocker Devils Food Cake Mix 500G;£2.25;£4.50/kg;Baking Mixes;416;4.9;null;null;10.2;null;3.4;2.0;
271255894;Betty Crocker Milk Chocolate Cake 500G;£2.25;£4.50/kg;Baking Mixes;1705kJ 1008kJ;5.3;72.9;null;9.9;null;1.1;2.0;
260202716;Betty Crocker Chocolate Swirl Cake Mix 500G;£2.25;£4.50/kg;Baking Mixes;1691kJ 1007kJ;4.6;null;null;7.5;null;2.2;1.2;
256822735;Betty Crocker Chocolate Chip Cookie Mix 453G;£2.25;£4.97/kg;Baking Mixes;429;4.7;null;null;11.4;null;2.0;1.1;
250820902;Betty Crocker Bisquick 500G;£1.69;£3.38/kg;Baking Mixes;1664kJ 343kJ;9.9;58.4;null;12.9;null;3.2;2.5;
277866259;Betty Crocker Chocolate And Orange Swirl Cake 435G;£2.25;£0.52/100g;Baking Mixes;1738kJ 852kJ;5.6;78.8;null;7.6;null;2.7;1.4;
284553037;Betty Crocker Double Chocolate Traybake 420G;£2.25;£0.54/100g;Baking Mixes;1693kJ 650kJ -;5.6;74.7;null;8.2;null;3.1;0.77;
279767477;Betty Crocker Red Velvet Cupcake 297G;£2.25;£7.58/kg;Baking Mixes;1733kJ 945kJ;3.2;null;null;6.4;null;1.5;0.9;
253175998;Betty Crocker Chocolate Fudge Brownie Mix 415G;£2.25;£5.43/kg;Baking Mixes;1729kJ 543kJ -;4.4;83.3;null;5.7;null;3.4;0.9;
256709381;Betty Crocker Carrot Cake Mix 500G;£2.25;£4.50/kg;Baking Mixes;1650kJ 984kJ;4.4;77.0;null;6.6;null;2.7;1.3;
258149204;Betty Crocker Chocolate Chip Cookie Mix 200G;£1.48;£7.40/kg;Baking Mixes;473;5.2;65.2;null;20.9;null;1.8;1.0;
271254503;Betty Crocker Chocolate Chunk Brownie 415G;£2.25;£5.43/kg;Baking Mixes;1752kJ 654kJ -;4.8;80.8;null;7.2;null;3.8;0.6;
267257074;Betty Crocker Chocolate Cup Cakes 301G;£2.25;£7.48/kg;Baking Mixes;1698kJ 946kJ -;3.9;79.3;null;7.0;null;3.1;1.5;
277866956;Betty Crocker Classic Vanilla Cake Mix 450G;£2.25;£0.50/100g;Baking Mixes;1735kJ 914kJ;5.1;79.3;null;7.8;null;1.4;1.6;
271255963;Betty Crocker Sunny Lemon Cake 295G;£2.25;£7.63/kg;Baking Mixes;1686kJ 820kJ -;3.6;80.9;null;6.5;null;1.1;1.3;
275976420;Betty Crocker Caramel Cup Cakes 302G;£2.25;£7.46/kg;Baking Mixes;1709kJ 1008kJ 12%;2.8;null;null;5.8;null;0.9;0.9;
271257713;Allinson Easy Bake Yeast Tin 100G;£0.99;£9.90/kg;Dried Fruit & Nuts;null;null;null;null;null;null;null;null;
256004166;Tesco Chopped Mixed Nuts 200G;£1.20;£6.00/kg;Dried Fruit & Nuts;616;27.1;null;5.1;50.8;7.6;6.0;0.1;
271096004;Tesco Macadamia Halves 100G;£2.00;£20.00/kg;Dried Fruit & Nuts;752;7.9;null;4.6;75.8;12.1;8.6;0.1;
271084335;Tesco Pumpkin Seeds 100G;£0.85;£8.50/kg;Dried Fruit & Nuts;593;30.2;null;1.4;49.1;8.7;6.0;0.1;
258797594;Tesco Pine Nut Kernels 100G;£2.75;£27.50/kg;Dried Fruit & Nuts;694;14.0;null;3.9;68.6;4.6;2.5;<0.01;
261591556;Tesco Whole Almonds 200G;£2.29;£11.45/kg;Dried Fruit & Nuts;592;21.2;null;3.9;49.4;3.7;12.2;<0.01;
271090137;Tesco Pistachio Kernels 100G;£2.00;£20.00/kg;Dried Fruit & Nuts;579;20.3;null;7.7;45.4;5.6;10.3;<0.01;
258511806;Tesco Pecans 100G;£1.90;£19.00/kg;Dried Fruit & Nuts;704;9.2;null;4.3;70.1;5.7;6.3;<0.01;
262394536;Tesco Cashew Nuts 200G;£2.75;£13.75/kg;Dried Fruit & Nuts;582;18.2;null;5.9;43.9;7.8;3.3;0.1;
255729295;Crazy Jack Organic Pine Nuts 100G;£4.99;£49.90/kg;Dried Fruit & Nuts;712 ;13.7;null;null;68;null;3.7;null;
255625763;Crazy Jack Organic Desiccated Coconut 200G;£2.29;£11.45/kg;Dried Fruit & Nuts;665 ;6.9;null;null;64;null;16;null;
258797559;Tesco Sunflower Seeds 100G;£0.85;£8.50/kg;Dried Fruit & Nuts;597;19.8;null;1.7;47.5;6.6;8.0;<0.01;
271090212;Tesco Poppy Seeds 100G;£0.85;£8.50/kg;Dried Fruit & Nuts;520;18.0;null;3.0;41.6;4.5;19.5;0.1;
251455987;Crazy Jack Organic Almonds 100G;£1.99;£1.99/100g;Dried Fruit & Nuts;587 ;21;null;null;49;null;12;null;
254914463;Tesco Brazils 100G;£2.00;£20.00/kg;Dried Fruit & Nuts;695;14.3;null;2.4;68.2;17.4;5.7;<0.01;
254914492;Tesco Chopped Mixed Nuts 100G;£0.65;£6.50/kg;Dried Fruit & Nuts;593;23.4;null;5.4;50.8;7.8;0.7;0.1;
254914486;Tesco Cashews 100G;£2.00;£20.00/kg;Dried Fruit & Nuts;586;17.7;null;4.6;48.2;9.5;4.3;0.1;
271090154;Tesco Golden Linseed 100Grams;£0.85;£8.50/kg;Dried Fruit & Nuts;514;18.3;null;1.6;42.2;3.7;27.3;0.1;
271090172;Tesco Pecan Halves 200G;£3.30;£16.50/kg;Dried Fruit & Nuts;706;10.9;null;4.1;70.1;5.7;4.7;<0.01;
259652136;Tesco Sesame Seeds 100G;£0.85;£8.50/kg;Dried Fruit & Nuts;619;18.2;null;0.4;58.0;10.5;10.5;0.1;
254917794;Tesco Self Raising Flour 500G;£0.40;£0.80/kg;Flour & Suet;355;8.9;null;1.3;1.2;0.2;3.1;0.9;
254917903;Mcdougalls Plain Flour 500G;£0.78;£1.56/kg;Flour & Suet;null;10.4;null;null;1.3;null;3.2;0;
255076035;Homepride Plain Flour 1Kg;£1.50;£1.50/kg;Flour & Suet;341;9.73;null;null;0.9;null;null;0.02;
258289700;Tesco Everyday Value Plain Flour 1.5Kg;£0.45;£0.30/kg;Flour & Suet;341;10.3;null;1.5;1.3;0.2;3.1;<0.01;
254917765;Mcdougalls Self Raising Flour 1.25Kg;£1.00;£0.67/kg;Flour & Suet;1337kJ;9.9;null;null;1.4;null;3.0;null;
255075791;Homepride Self Raising Flour 1Kg;£1.50;£1.50/kg;Flour & Suet;340;9.61;null;null;0.7;null;null;1.12;
260713778;Allinson Wholemeal Plain Flour 1Kg;£1.39;£1.39/kg;Flour & Suet;350;12;null;null;2.6;null;10;<0.03;
254917759;Tesco Self Raising Flour 1.5Kg;£0.80;£0.53/kg;Flour & Suet;335;9.9;null;1.5;1.3;0.2;3.0;0.7;
282150223;Mcdougalls Fine Plain Flour 1.25Kg;£1.00;£0.80/kg;Flour & Suet;null;10.4;null;null;1.3;null;3.2;0;
259306524;Allinson Seed And Grain Flour 1Kg;£1.39;£1.39/kg;Flour & Suet;344;11.5;null;null;2.3;null;5.2;Trace;
258144405;Mcdougalls Oo Flour 1Kg;£1.65;£1.65/kg;Flour & Suet;1409kJ -;11.0;null;null;1.4;null;3.1;null;
260713749;Allinson Strong White Flour 3Kg;£2.00;£0.67/kg;Flour & Suet;342;12.1 ;null;null;1.4 ;null;3.1 ;Trace;
254917828;Tesco Plain Flour 1.5Kg;£0.80;£0.53/kg;Flour & Suet;340;10.0;null;1.5;1.3;0.2;3.1;<0.01;
250254086;Allinson Wholemeal Seed And Grain Flour 1Kg;£1.39;£1.39/kg;Flour & Suet;340;14.6 ;null;null;2.1 ;null;14.6 ;0.15 ;
256783233;Allinson Strong White Bread Flour 1.5Kg;£1.72;£1.15/kg;Flour & Suet;348;12;null;null;1.7;null;3.3;0.03;
258289809;Tesco Everyday Value Self Raising Flour 1.5Kg;£0.45;£0.30/kg;Flour & Suet;348;10.0;null;1.6;0.4;<0.1;3.0;0.7;
254917892;Tesco Plain Flour 500G;£0.40;£0.80/kg;Flour & Suet;366;9.4;null;1.5;1.3;0.2;3.1;<0.01;
253980373;Allinson Bakers Grade Very Strong White Flour 1.5Kg;£1.72;£1.15/kg;Flour & Suet;351;14;null;null;2.1;null;3.6;<0.03;
254917805;Mcdougalls Self Raising Flour 500G;£0.78;£1.56/kg;Flour & Suet;null;9.9;null;null;1.4;null;3.0;0.75;
271273388;Allinson Very Strong Wholemeal Bread Flour 1.5Kg;£1.72;£1.15/kg;Flour & Suet;333;13;null;null;2.5;null;11;<0.03;
254916000;Robertsons Traditional Mincemeat 411G;£1.49;£3.63/kg;Seasonal Baking;1207 kJ 290 kJ;0.8;null;null;2.7;null;null;Trace;
283111545;Tesco Snacking Raisins And Berries 60G;£1.00;£16.67/kg;Fruit Snacking;334;2.2;null;61.4;0.5;<0.1;3.8;0.1;
255622795;Crazy Jack Organic Cranberries 100G;£2.49;£24.90/kg;Fruit Snacking;339 ;0.1;null;null;1.6;null;4;null;
251434684;Forest Feast Exotic Dried Mango 130G;£2.00;£15.39/kg;Fruit Snacking;332Kcal;1.7;null;null;0.9;null;4.5;Trace;
283111355;Tesco Snacking Trail Mix 60G;£1.00;£16.67/kg;Fruit Snacking;434;11.6;null;37.2;20.4;2.6;6.0;0.1;
279524892;Fruit Bowl Jungle Shapes 5X18g;£1.39;£15.45/kg;Fruit Snacking;1230kJ 221kJ;0.6;null;null;<0.5;null;4.8;0.32;
260278336;Crazy Jack Organic Blueberries 100G;£3.99;£39.90/kg;Fruit Snacking;328 ;0.1;null;null;1.1;null;4.7;null;
283111272;Tesco Snacking Lemon Jumbo Golden Raisins 60G;£1.00;£16.67/kg;Fruit Snacking;293;2.1;null;69.3;0.4;0;2.0;0.2;
264919955;Fruit Bowl School Bars Raspberry 100G;£1.48;£14.80/kg;Fruit Snacking;337;1.0;null;null;3.6;null;7.1;0.5;
284555916;Fruit Bowl Sours 4 Fruits 5X20g;£1.69;£1.69/100g;Fruit Snacking;1230kJ 246kJ;0.6;null;null;<0.5;null;4.8;0.32;
279525453;Fruit Bowl Sea Shapes 5X18g;£1.39;£15.45/kg;Fruit Snacking;1230kJ 221kJ;0.6;null;null;<0.5;null;4.8;0.32;
283110903;Tesco Raisins, Nut, Gojiberry And Seed Mix 60G;£1.00;£16.67/kg;Fruit Snacking;495;15.6;null;24.9;31.4;3.5;5.5;0.1;
284982842;Bear Pure Fruit Yoyo Raspberry 5 X 20G;£2.29;£22.90/kg;Fruit Snacking;kJ 1151 kJ 115;1.9;null;null;0.2;null;8;0;
272440074;Fruit Bowl Peelers Blackcurrant 60G;£1.50;£25.00/kg;Fruit Snacking;1356kJ 271kJ;1.5;null;null;1.0;null;7.5;0.25;
284982669;Bear Pure Fruit Yoyo Mango 5 X 20G;£2.29;£22.90/kg;Fruit Snacking;kJ 1151 kJ 115;1.9;null;null;0.2;null;8;0;
271110311;Forest Feast Sensational Mango Sour 60G;£1.50;£25.00/kg;Fruit Snacking;358Kcal;1.05;null;null;0.3;null;<0.5;Trace;
267774642;Frootz Orange Buttons 18G;£0.45;£25.00/kg;Fruit Snacking;1266 kJ 228 kJ;0.6;null;null;0.2;null;1.1;0.1;
283110546;Tesco Wholefoods Thompsons Raisins 150G;£1.00;£6.67/kg;Fruit Snacking;293;2.1;null;69.3;0.4;0;2.0;0.1;
267773263;Frootz Raspberry Buttons 18G;£0.45;£25.00/kg;Fruit Snacking;1253 kJ 226 kJ;0.7;null;null;0.8;null;1.8;0.1;
286782799;Bear Pure Fruit Yoyo Stawberry 9X20g;£3.00;£1.67/100g;Fruit Snacking;kJ 1151 kJ 115;1.9;63.4;null;0.2;null;8;0;
267775746;Frootz Strawberry Buttons 18G;£0.45;£25.00/kg;Fruit Snacking;1242 kJ 224 kJ;0.9;null;null;0.2;null;1.6;0.1;
282644503;Ambrosia Custard Chocolate Pot 120G;£0.48;£0.40/100g;Desserts;112;3.0;null;null;2.9;null;0.5;0.10;
268420651;Ambrosia Creamed Rice Pudding 4 X 125G;£1.43;£0.29/100g;Desserts;104;3.3;null;null;2.5;null;Trace;null;
268420639;Ambrosia Low Fat Custard 4 X 125G;£1.43;£0.29/100g;Desserts;378 kJ/ 473 kJ/;2.9;null;null;1.8;null;0.0;0.13;
282645404;Ambrosia Rice Minis 330G;£1.49;£0.45/100g;Desserts;101 ;3.3;null;null;2.5;null;0.0;0.13;
282645001;Ambrosia Devon Dream 468Ml;£1.39;£0.30/100ml;Desserts;100;3.1;null;null;3.1;null;0.0;0.15;
282644843;Ambrosia Custard Light Pot 120G;£0.48;£0.40/100g;Desserts;90;2.9;null;null;1.8;null;0;0.13;
273245315;Ambrosia Rice Pot Chocolate 120G;£0.50;£0.42/100g;Desserts;105;3.1;null;null;2.4;null;0.1;0.12;
282645102;Ambrosia Custard Minis 330G;£1.49;£0.45/100g;Desserts;100 ;2.9;null;null;2.9;null;0.0;0.13;
268420645;Ambrosia Ready To Eat Devon Custard 4 X 125G;£1.43;£0.29/100g;Desserts;100;2.9;null;null;2.9;null;0.0;null;
282644322;Ambrosia Custard Original Pot 120G;£0.48;£0.40/100g;Desserts;99;2.9;null;null;2.8;null;0;0.13;
284539049;Ambrosia Devon Custard And Sticky Toffee 117G;£0.66;£0.56/100g;Desserts;125;3.0;null;null;2.8;null;0.1;0.12;
276867634;Ambrosia Rice Apple 190G;£0.69;£0.36/100g;Desserts;455kJ -;3.0;null;null;2.2;null;null;null;
276867571;Ambrosia Rice Apple 120G;£0.50;£0.42/100g;Desserts;454kJ;3.0;null;null;2.3;null;null;null;
284539090;Ambrosia Custard Apple And Blackberry Compote 135G;£0.66;£0.49/100g;Desserts;98;2.3;null;null;1.4;null;0.2;0.10;
284539274;Ambrosia Custard And Rhubarb Compote 135G;£0.66;£0.49/100g;Desserts;98;2.3;null;null;1.4;null;0.1;0.12;
282644716;Ambrosia Custard Straw Pot 120G;£0.48;£0.40/100g;Desserts;101;2.8;null;null;2.8;null;0;0.10;
282644411;Ambrosia Custard Banana Pot 120G;£0.48;£0.40/100g;Desserts;102;2.8;null;null;2.9;null;0;0.10;
273270716;Ambrosia Light Rice Pot 115G;£0.50;£0.44/100g;Desserts;83;3.4;null;null;0.9;null;0.1;0.13;
276667370;Ambrosia Devon Dream 260Ml;£0.89;£0.34/100ml;Desserts;102;3.1;null;null;3.1;null;0.0;null;
282644941;Ambrosia Custard Original Pot 190G;£0.75;£0.40/100g;Desserts;99;2.9;null;null;2.8;null;0.0;0.13;
265014856;Edlers Large Flan Case;£0.99;£0.99/each;Dessert Cases, Bases & Fillings;322;6.7;null;null;4.9;null;3.1;1.4;
265014780;Edlers Sweet Pastry Case;£0.99;£0.99/each;Dessert Cases, Bases & Fillings;460;6.1;null;null;24.2;null;2.4;0.1;
260245738;Tesco Finest Meringue Nests 8S;£1.59;£0.20/each;Dessert Cases, Bases & Fillings;386;4.8;null;91.2;0.2;0.1;0;0.3;
275969515;Tesco Finest All Buttermini Tartlets 9S 90G;£1.98;£2.20/100g;Dessert Cases, Bases & Fillings;486;7.3;null;18.2;22.7;15.2;2.4;0.2;
256322866;Tesco Flaked Pudding Rice 250G;£0.80;£0.32/100g;Dessert Cases, Bases & Fillings;147;4.3;null;6.2;6.1;3.6;0.9;0.2;
254877419;Tesco Ground Rice 500G;£0.99;£0.20/100g;Dessert Cases, Bases & Fillings;89;4.1;null;5.0;1.8;1.1;0.5;0.1;
252024701;Savoiardi Lady Fingers 200G;£1.39;£0.70/100g;Dessert Cases, Bases & Fillings;1605kJ;8.0;null;null;2.5;null;2.0;0.28;
259066536;Birds Whisk And Serve Semolina 98G Packet;£0.64;£0.65/100g;Dessert Cases, Bases & Fillings;435;5.9;null;null;13.1;null;1.1;null;
285198559;Ready To Fill Finest Quiche Case 85G;£1.89;£2.23/100g;Dessert Cases, Bases & Fillings;null;null;null;null;null;null;null;null;
257226299;Askeys 6 Brandy Snap Baskets 150G;£1.74;£1.16/100g;Dessert Cases, Bases & Fillings;2043kJ 470kJ;2.6;null;null;20.5;null;null;0.04;
280519765;Tesco Mini Pastry Canapes 12S 42G;£1.99;£4.74/100g;Dessert Cases, Bases & Fillings;456;8.7;null;2.8;13.4;1.1;2.9;1.2;
265014820;Edlers Savoury Pastry Case;£0.99;£0.99/each;Dessert Cases, Bases & Fillings;493;8.0;null;null;30.9;null;2.3;0.9;
275969550;Tesco Finest All Butter Pastry Case;£1.98;£1.14/100g;Dessert Cases, Bases & Fillings;491;7.8;null;19.2;23.1;15.4;2.4;0.2;
254948630;Tesco 8 Trifle Sponges 160G;£0.89;£0.11/each;Dessert Cases, Bases & Fillings;356;8.6;null;43.5;4.0;1.0;1.4;0.8;
265014895;Edlers Medium Flan Case;£0.79;£0.79/each;Dessert Cases, Bases & Fillings;322;6.7;null;null;4.9;null;3.1;1.4;
260491872;Carnation Caramel 397G;£1.60;£4.04/kg;Dessert Cases, Bases & Fillings;1271kJ 636kJ;5.5 ;null;null;6.0 ;null;0.0 ;0.15 ;
260246259;Tesco 16 Plain Mini Meringues 78.4G;£1.56;£1.99/100g;Dessert Cases, Bases & Fillings;393;4.7;null;93.2;0.2;<0.1;0;0.2;
254948618;Tesco 8 Meringue Nests;£1.00;£0.13/each;Dessert Cases, Bases & Fillings;389;4.7;null;91.8;0.3;<0.1;0;0.5;
284743072;Tesco Finest All Buttr Pastry Tartlets 8 Pack;£2.48;£0.31/each;Dessert Cases, Bases & Fillings;486;7.3;null;18.2;22.7;15.2;2.4;0.2;
285679486;Tesco Finest Meringue Pavlova;£1.49;£1.49/each;Dessert Cases, Bases & Fillings;393;4.7;null;90.1;0.2;<0.1;0;0.2;
275492940;Tesco Finest Alphonso Mango Coulis 255Ml;£2.00;£0.78/100ml;Dessert Toppings;120;0.1;null;27.3;0.4;0;0.7;0;
276520019;Tesco Finest Raspberry Sauce 250G;£1.90;£0.76/100g;Dessert Toppings;205;0.5;null;40.8;0.5;0.4;0.6;null;
252864864;Askeys Pompadour Fan Wafers 18 Pack;£1.00;£0.06/each;Dessert Toppings;1701kJ 178kJ;8.4;null;null;3.0;null;2.6;0.22;
264797032;Askeys Treat Caramel Crackin 225G;£1.10;£0.49/100g;Dessert Toppings;2741kJ -;1.5;null;null;54.8;null;null;0.03;
275503301;Tesco Finest Passion Fruit Coulis 255Ml;£2.00;£0.78/100ml;Dessert Toppings;175;0.6;null;33.8;1.7;0.2;2.6;0;
275416151;Tesco Finest Timperley Rhuharb, Bramley Apple And Ginger 350G;£2.00;£0.57/100g;Dessert Toppings;123;0.4;null;25.8;<0.1;<0.1;0.5;0.1;
262982416;Askeys Ice Cream Sprinkles 145G;£1.50;£1.04/100g;Dessert Toppings;251;0;null;null;27.9;null;null;null;
276519886;Tesco Finest Chocolate Sauce 250G;£1.90;£0.76/100g;Dessert Toppings;370;3.3;null;35.6;14.9;8.7;1.3;null;
256653140;Carnation Evaporated Milk 3 X 170G;£1.69;£3.32/kg;Dessert Toppings;668kJ 335kJ;7.7 ;null;null;9.0 ;null;0.0 ;null;
256841263;Askeys Cafe Curls 20'S;£1.00;£0.05/each;Dessert Toppings;1919kJ 76kJ;8.2;null;null;14.0;null;2.4;0.43;
275413776;Tesco Finest Belgian Chocolate Ganache Sauce 350G;£2.00;£0.57/100g;Dessert Toppings;443;4.1;null;38.4;20.4;13.0;0.5;0.1;
275414239;Tesco Finest British Blackberry &Bramley Apple Compote 350G;£2.00;£0.57/100g;Dessert Toppings;121;0.7;null;26.4;0.6;0.3;1.4;0.1;
253989300;Askeys Ice Cream Wafers 48 Pack;£0.63;£0.01/each;Dessert Toppings;1644kJ 46kJ;13.1;null;null;2.7;null;2.4;0.5;
259834797;Askeys Cup Cornets 21'S;£1.00;£0.05/each;Dessert Toppings;1651kJ 56kJ;14.0;null;null;2.6;null;3.0;0.45;
254902477;Carnation Evaporated Milk 410G;£1.20;£2.93/kg;Dessert Toppings;668kJ 335kJ;7.7 ;null;null;9.0 ;null;0.0 ;null;
275416024;Tesco Finest Cherry And Pear Compote 350G;£2.00;£0.57/100g;Dessert Toppings;135;0.4;null;27.7;0.1;<0.1;0.6;0.1;
255569783;Askeys Round Icecream Cornets 21Pk;£1.00;£0.05/each;Dessert Toppings;1651kJ 63kJ;14.0;null;null;2.6;null;3.0;0.45;
254902431;Carnation Evaporated Milk 170G;£0.65;£3.83/kg;Dessert Toppings;668kJ 335kJ;7.7 ;null;null;9.0 ;null;0.0 ;null;
275493213;Tesco Finest Forest Fruits Coulis 255Ml;£2.00;£0.78/100ml;Dessert Toppings;125;0.1;null;29.0;0.4;0;0.4;0;
260158692;Tesco Finest Maple Syrup No 1 Light 330G;£5.49;£1.67/100g;Dessert Toppings;254;0;null;61.5;0.1;<0.1;0.2;0.1;
257823963;Calypso Jubbly Ice Lollies Strawberry 8X62ml;£1.69;£2.73/l;Ice Lollies;27Kcal;<0.1;null;null;0;null;null;0.01;
286816542;Disney Frozen Assorted Freezepops20x45m;£1.69;£0.19/100ml;Ice Lollies;28 ;0;null;null;0;null;null;0;
276671560;Mr Freeze Freeze Pops 20X45ml;£1.49;£0.17/100ml;Ice Lollies;null;null;null;null;null;null;null;null;
272484194;Calypso Jubbly Ice Lollies Orange 8X62ml;£1.69;£3.41/l;Ice Lollies;26Kcal;<0.1;null;null;0;null;null;0.01;
276671387;Mr Freeze Freeze Pops 30X20ml;£1.29;£0.22/100ml;Ice Lollies;null;null;null;null;null;null;null;null;
272478231;Calypso Jubbly Ice Lollies Cola 8X62ml;£1.69;£3.41/l;Ice Lollies;27Kcal;<0.1;null;null;0;null;null;0.01;
286816381;Mr Freeze Limited Edition Blue Raspberry Freezepops20x45m;£1.69;£0.19/100ml;Ice Lollies;null;null;null;null;null;null;null;null;
286816087;Calypso Jubbly Cherry 10X62ml;£1.69;£0.27/100ml;Ice Lollies;29;<0.1;null;null;0;null;null;0.01;
267231906;Rowse Organic Clear Honey Honey 340G;£2.99;£0.88/100g;Honey;329;<0.5;81.5;null;<0.5;null;<0.5;0.03;
274192801;Rowse Clear Honey 340G;£2.59;£0.76/100g;Honey;329;<0.5;null;null;<0.5;null;<0.5;0.03;
284744203;Tesco Finest Limited Edition Honey 340G;£3.49;£1.03/100g;Honey;326;0.5;null;81.0;<0.1;0;<0.1;<0.01;
278331672;Rowse Manuka Honey +5 250G;£9.59;£3.84/100g;Honey;348;<0.1;null;null;0.1;null;null;<0.1;
261147444;Tiptree Acacia Honey 340G;£4.99;£1.47/100g;Honey;null;null;null;null;null;null;null;null;
278339871;Rowse Manuka Honey 15+ 250G;£19.99;£8.00/100g;Honey;348;<0.1;null;null;0.1;null;null;<0.1;
280333143;Comvita Manuka Honey Umf 5+ 500G;£16.99;£3.40/100g;Honey;1370kJ 137kJ;null;null;null;null;null;null;null;
271510356;Tesco Finest Eucalyptus Honey 340G;£2.99;£0.88/100g;Honey;326;0.5;null;81.0;<0.1;0;<0.1;<0.01;
258158216;Tesco Everyday Value Clear Honey 340G;£0.99;£0.29/100g;Honey;326;0.5;null;81.0;<0.1;<0.1;<0.1;0.1;
284845781;Rowse Supahoney With Lemon 250G;£5.49;£2.20/100g;Honey;348;<0.1;null;null;0.1;null;null;<0.1;
264769734;Gales Blossom Honey Clear 340G;£2.38;£0.70/100g;Honey;null;null;null;null;null;null;null;null;
279783324;Rowse Squeezy Wildflower Honey 340G;£2.99;£0.88/100g;Honey;329;<0.5;null;null;<0.5;null;<0.5;0.03;
264660996;Tesco Finest Acacia Honey 340G;£4.29;£1.27/100g;Honey;326;0.5;null;81.0;<0.1;0;<0.1;<0.01;
267621870;Tiptree Manuka Manuka Honey 340G;£13.99;£4.12/100g;Honey;null;null;null;null;null;null;null;null;
272692437;Tiptree Essex Blossom Honey 340G;£4.99;£1.47/100g;Honey;1229 kJ;0.4;null;null;Trace;null;null;null;
254850860;Tesco Clear Honey 454G;£1.45;£0.32/100g;Honey;326;0.5;null;81.0;<0.1;<0.1;<0.1;0.1;
264661285;Tesco Finest Orange Blossom Honey 340G;£2.99;£0.88/100g;Honey;326;0.5;null;81.0;<0.1;0;<0.1;<0.01;
254000830;Rowse Pure Natural Blossom Honey Clear 250G;£1.78;£0.71/100g;Honey;329;<0.5;81.5;null;<0.5;null;<0.5;0.03;
254409042;Tesco Finest English Set Honey 340G;£3.99;£1.18/100g;Honey;326;0.5;null;81.0;<0.1;0;<0.1;<0.01;
267259256;Rowse Squeezy Light And Mild Honey 340G;£2.59;£0.76/100g;Honey;329;<0.5;null;null;<0.5;null;<0.5;0.03;
284831388;Fruit Shoot Strawberry And Summer Fruit Squeezy Jam300g;£1.69;£0.56/100g;Jam & Marmalade;177;0.8;null;null;0.3;null;1.1;0.0;
253093038;Tesco Everyday Value Strawberry Jam 454G;£0.29;£0.06/100g;Jam & Marmalade;250;0.5;null;53.8;0.1;trace;0.8;null;
272506182;Tesco Reduced Sugar Apricot Jam 340G;£0.75;£0.22/100g;Jam & Marmalade;178;0.5;null;38.6;<0.1;<0.1;0.6;0.1;
253415519;Hartleys Best Strawberry Jam 340G;£1.00;£0.29/100g;Jam & Marmalade;1050 kJ 157 kJ;0.4;null;null;0.2;null;null;0.06;
284754024;Tesco Strawberry Squeezy Jam 340G;£1.00;£0.29/100g;Jam & Marmalade;260;0.3;null;61.6;0.3;0.2;0.7;0.1;
251736217;Tesco Finest Apricot Conserve 340G;£1.50;£0.44/100g;Jam & Marmalade;246;0.5;null;59.3;0.1;<0.1;0.9;0.1;
254849603;Tesco Strawberry Jam 454G;£0.75;£0.17/100g;Jam & Marmalade;259;0.5;null;57.8;0.1;<0.1;0.9;0.1;
252728024;St Dalfour Thick Apricot Fruit Spread 284G;£1.99;£0.70/100g;Jam & Marmalade;211 ;<0.5 ;null;null;<0.1 ;null;1.1 ;null;
250782900;Bonne Maman Apricot Conserve 370G;£1.72;£0.47/100g;Jam & Marmalade;null;null;null;null;null;null;null;null;
272574883;Tesco Reduced Sugar Strawberry Jam 340G;£0.75;£0.22/100g;Jam & Marmalade;184;0.4;null;41.8;0.2;0.1;1.6;0.1;
250782923;Bonne Maman Raspberry Conserve 370G;£1.72;£0.47/100g;Jam & Marmalade;null;null;null;null;null;null;null;null;
257994045;Hartleys Best Apricot Jam 340G;£1.00;£0.29/100g;Jam & Marmalade;1039 kJ 156 kJ;0.4;null;null;0.0;null;null;0.08;
253958280;Tiptree Apricot Conserve 340G;£2.19;£0.64/100g;Jam & Marmalade;null;null;null;null;null;null;null;null;
262219329;Tiptree East Anglian Strawberry Conserve 340G;£2.19;£0.64/100g;Jam & Marmalade;null;null;null;null;null;null;null;null;
251735881;Tesco Finest Strawberry Conserve 340G;£1.50;£0.44/100g;Jam & Marmalade;253;0.5;null;60.1;0.2;<0.1;1.0;0.1;
254850249;Tiptree Strawberry Conserve 340G;£2.19;£0.64/100g;Jam & Marmalade;null;null;null;null;null;null;null;null;
258219531;St Dalfour Strawberry Fruit Spread 284G;£1.99;£0.70/100g;Jam & Marmalade;211 ;<0.5 ;null;null;<0.1 ;null;1.2 ;null;
250782952;Bonne Maman Strawberry Conserve 370G;£1.72;£0.47/100g;Jam & Marmalade;null;null;null;null;null;null;null;null;
254849557;Tesco Apricot Jam 454G;£0.75;£0.17/100g;Jam & Marmalade;245;0.5;null;53.6;0.1;<0.1;0.8;0.1;
261843674;Mackays Scottish Strawberry Preserve 340G;£1.49;£0.44/100g;Jam & Marmalade;270;0.3;null;null;0;null;null;0;
254880991;Marmite Yeast Extract 250G > >;£2.35;£0.94/100g;Savoury Spreads & Pastes;null;null;null;null;null;null;null;null;
261149511;Heinz Sandwich Spread Light 270G;£1.29;£0.48/100g;Savoury Spreads & Pastes;161;1.1;null;null;9.2;null;0.9;null;
253392458;Heinz Original Sandwich Spread 270G;£1.29;£0.48/100g;Savoury Spreads & Pastes;220;0.9;null;null;13.1;null;0.6;null;
262378566;Marmite Squeezy Yeast Extract 400G > >;£4.65;£1.17/100g;Savoury Spreads & Pastes;null;null;null;null;null;null;null;null;
254620666;Shippams Chicken Spread 75G;£0.79;£1.06/100g;Savoury Spreads & Pastes;154;16.1;null;null;8.6;null;null;null;
271526292;Shippams Classics Beef Spread 35G;£0.50;£1.43/100g;Savoury Spreads & Pastes;176;15.0;null;null;11.0;null;null;null;
260446685;Marmite Squeezy Yeast Extract 200G > >;£2.35;£1.18/100g;Savoury Spreads & Pastes;null;null;null;null;null;null;null;null;
263013202;Kraft Vegemite Yeast Extract 220G;£1.97;£0.90/100g;Savoury Spreads & Pastes;179 ;24.5 ;null;null;0.7 ;null;0 ;8.75 ;
263007890;Princes Beef Paste 75G;£0.69;£0.92/100g;Savoury Spreads & Pastes;201;15.8;null;null;12.8;null;null;null;
271620393;Princes Chicken Paste 75G;£0.69;£0.92/100g;Savoury Spreads & Pastes;137;15.4;null;null;7.2;null;null;null;
263007832;Princes Chicken And Stuffing Paste 75G;£0.69;£0.92/100g;Savoury Spreads & Pastes;198;13.9;3.6;null;14.2;null;null;null;
274377451;Princes Ham And Beef Paste 75G;£0.69;£0.92/100g;Savoury Spreads & Pastes;177;15.2;null;null;10.8;null;null;null;
255075883;Patum Peperium Spiced Anchovy Relish 42.5G;£1.59;£3.75/100g;Savoury Spreads & Pastes;null;null;null;null;null;null;null;null;
254881022;Marmite Yeast Extract 500G > >;£3.75;£0.75/100g;Savoury Spreads & Pastes;null;null;null;null;null;null;null;null;
254880962;Marmite Yeast Extract 125G > >;£1.65;£1.32/100g;Savoury Spreads & Pastes;null;null;null;null;null;null;null;null;
254174554;Princes Chicken And Ham Paste 75G;£0.69;£0.92/100g;Savoury Spreads & Pastes;220;14.5;null;null;15.9;null;null;null;
276976038;Tesco Yeast Extract 225G;£1.89;£0.84/100g;Savoury Spreads & Pastes;229;38.7;null;0.4;0.1;<0.1;0.5;null;
271526418;Shippams Classics Chicken Spread 35G;£0.50;£1.43/100g;Savoury Spreads & Pastes;154;16.1;null;null;8.6;null;null;null;
254620706;Shippams Beef Spread 75G;£0.79;£1.06/100g;Savoury Spreads & Pastes;176;15.0;null;null;11.0;null;null;null;
284831889;Shippams Gourmet Chicken And Bacon 75G;£0.89;£1.19/100g;Savoury Spreads & Pastes;145;11.6;null;null;9.6;null;2.6;0.88;
284847963;Meridian Peanut Butter Crunchy 100% Nuts 280G;£1.99;£0.71/100g;Sweet Spreads;596 ;29.6;null;null;46.0;null;8.5;0.0;
263010326;Peanut Butter&Co Smooth Peanut Butter 340G;£2.49;£0.73/100g;Sweet Spreads;795 kJ 2486 kJ - - -;8;null;null;16;null;2;0.1;
285925253;Whole Earth Smooth Peanut Butter Mixed Seeds 340G;£2.99;£0.88/100g;Sweet Spreads;2356kJ -;23.8;null;null;47.4;null;7.1;1.6;
284862302;Sun Pat Crunchy No Added Sugar Peanut Spread 340G;£1.79;£0.53/100g;Sweet Spreads;613;25.6;13.8;null;49.1;null;null;0.9;
278215326;Duerr's Crunchy Peanut Butter 340G;£1.99;£0.59/100g;Sweet Spreads;2753kj;27.4;null;null;58.5;null;null;null;
285925132;Whole Earth Smooth Peanut Butter Sunflower Seed 340G;£2.99;£0.88/100g;Sweet Spreads;2374kJ -;23.5;null;null;47.8;null;6.1;1.5;
279723748;Sun-Pat No Added Sugar Peanut Butter 340G;£1.79;£0.53/100g;Sweet Spreads;616;25.1;13.6;null;49.7;null;null;1.2;
279723604;Sun-Pat Crunchy Peanut Butter 600G;£2.99;£0.50/100g;Sweet Spreads;609;25.3;15.1;null;48.2;null;null;1.0;
255161153;Tesco Wholenut Peanut Butter 340G;£1.30;£0.38/100g;Sweet Spreads;626;25.9;null;3.2;51.7;8.3;8.7;0.6;
263013594;Whole Earth Organic Crunchy Peanut Butter340g;£2.68;£0.79/100g;Sweet Spreads;2470 kJ -;27.3;null;null;46.0;null;7.3;1.0;
263010303;Peanut Butter&Co Crunchy Peanut Butter 340G;£2.49;£0.73/100g;Sweet Spreads;795 kJ 2486 kJ - - -;8;null;null;16;null;2;0.1;
275503756;Whole Earth No Added Sugar Crunchy Peanut Butter 454G;£3.19;£1.41/100g;Sweet Spreads;2660 kJ -;27.7;null;null;54.3;null;6.7;1.1;
284847836;Meridian Peanut Butter Smooth 100% Nuts 280G;£1.99;£0.71/100g;Sweet Spreads;596 ;29.6;null;null;46.0;null;8.5;0.0;
259433808;Sunpat Peanut Butter Crunchy 454G;£1.80;£0.40/100g;Sweet Spreads;609;25.3;15.1;null;48.2;null;null;1.0;
264604694;Tesco Crunchy Peanut Butter 700G;£2.35;£0.34/100g;Sweet Spreads;663;27.2;null;2.3;57.8;10.8;6.7;0.7;
278214621;Duerr's Smooth Peanut Butter 340G;£1.99;£0.59/100g;Sweet Spreads;2593kj;26.9;null;null;58.2;null;null;null;
264769567;Tesco Crunchy Peanut Butter 340G;£1.30;£0.38/100g;Sweet Spreads;663;27.2;null;2.3;57.8;10.8;6.7;0.7;
279723529;Sun-Pat Choc-A-Nut Peanut Spread 340G;£2.25;£0.66/100g;Sweet Spreads;562;16.9;33.7;null;38.6;null;null;0.3;
279723351;Sun-Pat Smooth Peanut Butter 600G;£2.99;£0.50/100g;Sweet Spreads;608;25.0;15.2;null;48.2;null;null;1.2;
250792306;Tesco Everyday Value Crunchy Peanut Butter 340G;£0.62;£0.18/100g;Sweet Spreads;678;26.4;null;3.6;59.9;10.8;5.0;0.7;
254836175;Cadburys Curly Wurly 26G;£0.30;£1.16/100g;Sweets;455 ;3.3;null;null;18.0;null;0.7;0.68;
282720407;Kit Kat 4 Finger 3 Pack 135G;£1.00;£1.00/each;Sweets;2135kJ 971kJ 8400kJ -;5.8;null;null;24.8;null;2.0;0.20;
288040989;Drifter Multipack 3X48g;£1.00;£0.07/10g;Sweets;2031kJ 504kJ 8400kJ -;3.9;null;null;20.5;null;1.2;0.33;
282317989;Cadbury Eclairs Velvets 151G;£1.00;£0.66/100g;Sweets;1900kJ 130kJ 8400 kJ/;3.3;null;null;20;null;null;0.33;
282248598;Haribo Sour Rainbow Spaghetti 180G;£1.00;£0.00/g;Sweets;null;null;null;null;null;null;null;null;
282614879;Haribo Mega Mini Selection 200G;£1.00;£0.00/g;Sweets;null;null;null;null;null;null;null;null;
250814789;Candy Land Marsh Mallows 200G;£0.64;£0.32/100g;Sweets;337 ;3.4;null;null;Trace;null;0.1;Trace;
276173429;Daim Bar 3 Pack;£1.00;£0.33/each;Sweets;530 ;2.9 ;null;null;31.0 ;null;1.2 ;0.83 ;
282595249;Haribo Roulette 7Pk;£1.00;£0.14/each;Sweets;null;null;null;null;null;null;null;null;
254962520;Fox's Glacier Fruits 200G;£1.29;£0.65/100g;Sweets;null;Trace;null;null;0.1;null;0.0;null;
278507281;H. Goode's Soft Strawberry Flavour Liquorice 200G;£1.39;£0.70/100g;Sweets;85;0.8;null;null;0.4;null;0.5;null;
271315910;Henry Goode's Soft Eating Liquorice 200G;£1.39;£0.70/100g;Sweets;435 ;3.2;null;null;1.4;null;1.6;0.1;
257902812;Foxs Glacier Mints 200G;£1.29;£0.43/100g;Sweets;null;0.0;null;null;0.1;null;0.0;null;
272492680;Bassetts Jelly Babies 190G;£1.48;£0.78/100g;Sweets;null;3.5;null;null;Trace;null;Trace;null;
282248425;Haribo Jelly Beans 160G;£0.70;£0.00/g;Sweets;null;null;null;null;null;null;null;null;
276971798;Flyers Liquorice Crystal Centres;£1.00;£0.82/100g;Sweets;1561kJ 175 kJ;4.1;null;null;1.2;null;null;null;
287786563;Haribo Balla Balla Maxi Strawberry 180G;£1.00;£0.56/100g;Sweets;null;null;null;null;null;null;null;null;
272492835;Bassetts Liquorice Allsorts 190G;£1.48;£0.78/100g;Sweets;null;5.6;null;null;4.2;null;1.2;null;
288001792;Haribo Jelly Babies 200G;£1.00;£0.50/100g;Sweets;null;null;null;null;null;null;null;null;
287548402;Kit Kat Chunky 3 Pack 120G;£1.00;£0.00/g;Sweets;2144kJ 1029kJ 8400kJ -;5.5;null;null;25.2;null;1.9;0.19;
268046218;Trebor Softmints Spearmint Mints 4 Pack 179G;£1.00;£0.56/100g;Mints & Chewing Gum;1595 kJ 715 kJ -;Trace;null;null;Trace;null;Trace;null;
267952034;Trebor Softmints Peppermint Mints 7 Pack;£1.89;£0.27/each;Mints & Chewing Gum;null;Trace;null;null;Trace;null;0.0;null;
254048318;Nestle Polo Mints Original 6X34g;£1.99;£0.98/100g;Mints & Chewing Gum;1707 kJ 179 kJ 8400 kJ -;Trace;null;null;1.0 ;null;Nil;0.01 ;
268046374;Trebor Softmints Peppermint Mints 4 Pack 179G;£1.00;£0.56/100g;Mints & Chewing Gum;null;Trace;null;null;Trace;null;0.0;null;
262632866;Extra Ice Peppermint Mints 33 Pieces;£1.05;£0.03/each;Mints & Chewing Gum;241 ;0 ;null;null;0.8 ;null;null;0;
262350230;Mentos Fruits 4 Pack;£1.19;£0.78/100g;Mints & Chewing Gum;388 ;0 ;null;null;1,9 ;null;null;0,1 ;
273792778;Tic Tac Cherry Passion 4 Pack;£1.45;£0.36/each;Mints & Chewing Gum;null;null;null;null;null;null;null;null;
262627952;Extra Ice Spearmint Mints 33 Pieces;£1.05;£0.03/each;Mints & Chewing Gum;237 ;0 ;null;null;0.8 ;null;0 ;null;
268046126;Trebor Extra Strong Peppermint 4 Pack 166G;£1.00;£0.61/100g;Mints & Chewing Gum;null;0.3;null;null;Trace;null;Trace;null;
277972375;Tic Tac Strawberry Fields 4 Pack;£1.45;£0.36/each;Mints & Chewing Gum;null;null;null;null;null;null;null;null;
268045899;Trebor Extra Strong Mints 7 Rolls 219.8G;£1.89;£0.86/100g;Mints & Chewing Gum;null;0.3;null;null;Trace;null;Trace;null;
251610372;Tic Tac Lime And Orange 4 Pack 72G;£1.45;£2.02/100g;Mints & Chewing Gum;null;null;null;null;null;null;null;null;
285419927;Mentos Choco And Mint 3 Pack 114G;£1.35;£1.19/100g;Mints & Chewing Gum;406 ;2,7 ;null;null;7,8 ;null;null;0,6 ;
275349282;Polo Fruit Tube 3 Pack 111 G;£1.09;£0.98/100g;Mints & Chewing Gum;1641kJ 237kJ 8400 kJ -;Nil;null;null;0.3;null;0.8;0.10;
264837736;Mentos Fruit Roll 38G;£0.60;£1.58/100g;Mints & Chewing Gum;null;null;null;null;null;null;null;null;
255705968;Tesco Extra Strong Mints 5 Pack 204G;£0.99;£0.49/100g;Mints & Chewing Gum;398;0.7;null;97.1;0.1;0;0;0.2;
277959115;Mentos Mix Strawberry 4 Pack 150G;£1.19;£0.79/100g;Mints & Chewing Gum;388 ;0 ;null;null;1,9 ;null;null;0,1 ;
254432232;Tic Tac Mint 4 Pack;£1.45;£0.36/each;Mints & Chewing Gum;null;null;null;null;null;null;null;null;
253471428;Polo Sugar Free Mints 3 Pack;£1.09;£0.36/each;Mints & Chewing Gum;980 kJ 100 kJ 8400 kJ 1 %;Nil;null;null;Nil;null;Nil;0.01 ;
262632906;Mentos Mint 4 Pack 152G;£1.19;£0.78/100g;Mints & Chewing Gum;390 ;0;null;null;1,9;null;null;0,1;
267579107;Bokomo Pro Nutro Chocolate Cereal 500G;£5.00;£1.00/100g;African Groceries;null;null;null;null;null;null;null;null;
273860208;Kelloggs Pop Tarts Frosted Ckies&Creme 400G;£3.50;£0.88/100g;American Groceries;null;4.0;70.0;null;10.0;null;2.0;0.6;
273825476;General Mills Reeses Puffs Cereal 368G;£5.00;£1.36/100g;American Groceries;null;6.9;null;null;10.3;null;3.4;null;
279361588;Kelloggs Pop Tarts Frosted S'mores 416G;£3.50;£0.84/100g;American Groceries;null;3;null;19;null;null;null;null;
274777916;Charleston Chew Vanilla Flavoured Bar 53.2G;£1.10;£2.07/100g;American Groceries;null;3.8;null;null;11.3;null;null;0.2;
281222031;Cream Of Wheat Instant Hot Cereal Original Flavoured 336G;£4.50;£1.34/100g;American Groceries;null;3;null;0;null;null;null;null;
274769517;G/M Lucky Charms Treats Marshmallow Cereal Bars 144G;£3.75;£2.61/100g;American Groceries;null;less than 1;null;10;null;null;null;null;
279533282;Kelloggs P/Tarts Frosted Confetti Cupcake 400G;£3.50;£0.88/100g;American Groceries;null;2;null;16;null;null;null;null;
273824074;General Mills Lucky Charms Cereal Cup 49G;£1.50;£3.07/100g;American Groceries;null;8.2;null;null;4.1;null;4.1;null;
286186226;Malt-O-Meal Apple Zings Cereal 354G;£3.00;£0.85/100g;American Groceries;null;1;null;16;null;null;null;null;
279600583;Beaver Sweet Hot Mustard 368G;£3.75;£1.02/100g;American Groceries;null;null;null;null;null;null;null;null;
284515187;Demets Flipz Milk Chocolate Pretzels 100G(C;£2.30;£2.30/100g;American Groceries;null;7.5;null;null;18.4;null;3.3;null;
281205622;Calhoun Bend Mill Cornbread Mexican Mix 227G;£3.50;£1.55/100g;American Groceries;1435kJ 8400kJ;8.3;null;null;2.8;null;5.0;null;
279319594;Cheetos Crunchy Cheddar Jalapeno Flavoured Snks 56.7G;£1.40;£2.47/100g;American Groceries;null;3.5;null;null;21.2;null;1.8;0.5;
273860427;Kelloggs Pop Tarts Frosted Hot Fudge Sundae 384G;£3.50;£0.91/100g;American Groceries;null;4.2;70.8;null;10.4;null;4.2;0.4;
273862172;Quaker Instant Grits Original 340.2G;£4.50;£1.33/100g;American Groceries;1396kJ -;7.1;null;null;<0.1;null;3.6;null;
274748289;General Mills Lucky Charms Chocolate Cereal 340G;£5.50;£1.62/100g;American Groceries;null;3.6;null;null;5.4;null;3.6;null;
286186261;Malt-O-Meal Colossal Crunch Cereal 396G;£3.00;£0.76/100g;American Groceries;null;1;null;13;null;null;null;null;
279361283;Kelloggs P/Tarts Frosted Chocchip Cookie Dough 400G;£3.50;£0.88/100g;American Groceries;null;2;null;18;null;null;null;null;
274769575;3 Musketeers Chocolate Bar 54.4G;£1.20;£2.21/100g;American Groceries;504;8.0;null;null;24;null;Less than 0.1;null;
273824949;General Mills Lucky Charms Cereal 453G;£5.00;£1.11/100g;American Groceries;1585kj -;7.4;null;null;3.7;null;3.7;null;
272666106;Blue Dragon Coconut Cream Block 200G;£1.35;£0.68/100g;Asian Groceries;666;7.1;7.7;null;63.6;null;null;0.1;
267753045;Royal Gulabjam 500G;£3.00;£0.60/100g;Asian Groceries;null;null;null;null;null;null;null;null;
267019345;Levi Roots Reggae Reggae Cooking Sauce 350G;£1.49;£0.43/100g;Asian Groceries;127;1.3;null;null;1.2;null;null;0.65;
277614633;Thai Taste Coconut Milk Pouch 200Ml;£1.29;£0.65/100ml;Asian Groceries;186 ;1.4 ;null;null;18.8 ;null;null;0.05 ;
253663271;Yutaka Japanese Wasabi Paste 43G;£1.99;£4.63/100g;Asian Groceries;256;3.84;null;null;9.2;null;null;5.4;
253662911;Yutaka Sushi Nori 11G;£1.79;£16.28/100g;Asian Groceries;1024kJ/ -;53.3;null;null;2.9;null;null;1.4;
268548356;Royal Gajar Halwa 250G;£3.00;£1.20/100g;Asian Groceries;null;null;null;null;null;null;null;null;
253656458;Yutaka Sushi Rice 500G;£1.99;£0.40/100g;Asian Groceries;343;6.7;null;null;0.5;null;null;<0.01;
286059176;Pizza Mia Halal Meat Feast Pizza 395G;£2.20;£0.56/100g;Asian Groceries;254 ;11.8 ;29.9 ;2.9 ;9.1 ;3.9 ;2.5 ;1.20 ;
253656602;Yutaka Japanese Mirin 150Ml;£1.59;£1.06/100ml;Asian Groceries;218 ;<0.1;null;null;<0.5;null;null;<0.1;
282529592;Thai Taste Rice Noodles 200G;£1.49;£0.75/100g;Asian Groceries;347 ;4.8 ;null;null;0.6 ;null;null;0.5 ;
280678754;Nem Viet Pho Kit 160G;£2.69;£1.69/100g;Asian Groceries;281 ;4.8 ;null;null;0.5 ;null;null;6.8 ;
259873306;Thai Taste Yellow Chilli And Ginger 200Ml;£1.29;£0.65/100ml;Asian Groceries;148 ;0.1 ;null;null;0.1 ;null;null;null;
267752835;Royal Rassomalai 500G;£3.50;£0.70/100g;Asian Groceries;null;null;null;null;null;null;null;null;
272666227;Blue Dragon Fish Sauce 150Ml;£1.39;£0.93/100ml;Asian Groceries;57;7.8;null;null;< 0.1;null;null;26.2;
272652186;Thai Taste Easy Pad Thai Meal Kit 232G;£2.29;£0.99/100g;Asian Groceries;274 ;6.4 ;null;null;1.1 ;null;null;1.8 ;
267753166;Royal Rassogulla 500G;£3.00;£0.60/100g;Asian Groceries;null;null;null;null;null;null;null;null;
272855073;Yutaka Soba Noodles 250G;£1.29;£0.52/100g;Asian Groceries;349;11.5;null;null;1.2;null;null;1.5;
282842931;Yutaka Red Miso Soup 50G;£1.50;£3.00/100g;Asian Groceries;745kJ 123kJ;11.9;null;null;6.2;null;null;9.7;
253663576;Yutaka Sushi Ginger 190G;£1.99;£1.05/100g;Asian Groceries;6;0.1;null;null;02;null;null;2.14;
271761093;Dunns River Ackee In Salted Water 540G;£4.99;£9.25/kg;Caribbean Groceries;null;null;null;null;null;null;null;null;
250174762;Dunns River Guava Jam 340G;£1.85;£0.54/100g;Caribbean Groceries;null;null;null;null;null;null;null;null;
276534544;Tropical Soul Halal Corned Beef 340G;£2.49;£0.73/100g;Caribbean Groceries;225;24.8;null;null;13.5;null;0;1.9;
259346827;Grace Cock Soup 50G;£0.59;£11.80/kg;Caribbean Groceries;314;9.6;59;null;2.5;null;null;9.2;
271736193;Aunt Mays Bajan Pepper Sauce 340G;£2.19;£0.64/100g;Caribbean Groceries;230kJ -;1.4;null;null;1.4;null;1.0;null;
266230936;Kraft Macaroni And Cheese Dinner 206G;£2.20;£10.68/kg;Caribbean Groceries;null;14.3;67.16;null;5.0;null;null;null;
266311789;Encona Thai Sweet Chilli Sauce 220Ml;£1.55;£0.71/100ml;Caribbean Groceries;null;null;null;null;null;null;null;null;
259312128;Dunns River Jamaican Style Hot Sauce 85Ml;£0.59;£0.69/100ml;Caribbean Groceries;null;null;null;null;null;null;null;null;
259347319;Grace Chicken Noodle Soup 60G;£0.59;£9.84/kg;Caribbean Groceries;318;11.3;null;null;1.2;null;null;null;
279749073;Dunns River Jamaican Callaloo 280G;£0.79;£0.45/100g;Caribbean Groceries;null;null;null;null;null;null;null;null;
266240170;Indonesian Mie Instant Noodles Onion Chicken Flavoured 70G;£0.39;£0.56/100g;Caribbean Groceries;null;8;null;4;null;null;null;null;
279767609;Honey Bun Penny Fruit Bun 128G;£0.75;£0.59/100g;Caribbean Groceries;null;null;null;null;null;null;null;null;
263587455;Encona Sweet Mango Chilli Dip 220Ml;£1.55;£0.71/100ml;Caribbean Groceries;null;null;null;null;null;null;null;null;
266276006;Pronto Banana Pot Porridge Mix 60G;£0.99;£1.65/100g;Caribbean Groceries;null;6;null;24;null;null;null;null;
277551240;Honey Bun Jamaican Spiced Bun 795G;£2.50;£0.32/100g;Caribbean Groceries;null;4;null;13;null;null;null;null;
271736354;Encona Thai Chilli And Garlic Sauce 220Ml;£1.55;£0.71/100ml;Caribbean Groceries;null;null;null;null;null;null;null;null;
271736377;Encona Thai Chilli And Ginger Sauce 220Ml;£1.55;£0.71/100ml;Caribbean Groceries;null;null;null;null;null;null;null;null;
263587524;Encona Original Hot Pepper Sauce 220Ml;£1.55;£0.71/100ml;Caribbean Groceries;null;null;null;null;null;null;null;null;
271762074;Grace Pumpkin Soup Mix 50G;£0.59;£1.18/100g;Caribbean Groceries;312 ;10.4;null;null;1.3;null;null;null;
282511534;Grace Halal Chicken Vienna Sausages 200G;£1.15;£0.96/100g;Caribbean Groceries;186Kcal;10.7;null;null;14.3;null;2.0;1.76;
280645661;Cypressa Greek Halkidiki Pitted Green Olive 315G;£1.75;£1.03/100g;Cypriot Groceries;498 kJ;1.4;null;null;12.1;null;null;null;
280645747;Cypressa Pumpkin Seeds Roasted And Salted 200G;£2.00;£1.00/100g;Cypriot Groceries;569 ;24.4;null;null;45.6;null;null;null;
280647282;Cypressa Sunflower Seeds Roasted And Salted 200G;£1.20;£0.60/100g;Cypriot Groceries;null;null;null;null;null;null;null;null;
279768919;Cypressa Tahini 300G;£2.50;£0.83/100g;Cypriot Groceries;659;26.9;null;null;58.2;null;null;0.0;
255744783;Jannis Sesame Snack Bar 30G;£0.50;£1.67/100g;Greek Groceries;528 ;16.6;null;27.0;null;null;null;null;
280632175;Mezap Chocolate Coated Halva Bar With Cocoa 40G;£0.50;£1.25/100g;Greek Groceries;null;12.4;47.7;null;32.3;null;null;0.0;
279855701;Caprice Classic Wafer Rolls With Hazelnut 250G;£3.00;£1.20/100g;Greek Groceries;null;null;null;null;null;null;null;null;
279856464;Zanae Giant Beans In Tomato Sauce 280G;£1.75;£0.63/100g;Greek Groceries;6 Kcal;null;13;null;4.6;null;null;null;
279843623;Zanae Meatballs In Tomato Sauce 280G;£2.00;£0.71/100g;Greek Groceries;null;null;null;null;null;null;null;null;
279845667;Minerva Greek Extra Virgin Olive Oil 500Ml;£3.75;£0.75/100ml;Greek Groceries;824 ;null;0;null;null;null;null;null;
285648794;Cypressa Stuffed Vine Leaves With Rice And Herbs 280G;£2.00;£0.71/100g;Greek Groceries;132;2,2;null;null;7,5;null;null;null;
279843594;Zanae Moussaka 280G;£2.00;£0.71/100g;Greek Groceries;180 Kcal;5.6 ;15.1 ;null;10.8 ;null;null;null;
279856723;Vrettos Snappy With Honey Baklava 50G;£0.75;£1.50/100g;Greek Groceries;null;null;null;null;null;null;null;null;
272052971;Barrys Tea Irish Breakfast Teabags 80S 250G;£3.00;£1.20/100g;Irish Groceries;null;null;null;null;null;null;null;null;
273949387;Barrys Tea Gold Blend Teabags 80S 250G;£3.00;£1.20/100g;Irish Groceries;null;null;null;null;null;null;null;null;
288039076;Bolands Lincoln Shortcake Biscuits 200G;£1.40;£0.70/100g;Irish Groceries;1974kJ 146kJ -;6.7;null;null;18.7;null;1.7;null;
272062538;Cidona Apple Drink Can 330Ml;£0.70;£0.21/100ml;Irish Groceries;98;Trace;null;null;Trace;null;Trace;null;
288039911;Bryan Lynch Taco Mayonnaise 320G;£3.00;£0.94/100g;Irish Groceries;null;null;null;null;null;null;null;null;
273941194;Ballymaloe Country Relish 310G;£2.80;£0.90/100g;Irish Groceries;161;1.8;null;null;trace;null;1.9;null;
272323138;Bolands Lemon Puff 200G;£0.95;£0.48/100g;Irish Groceries;2121 kJ 297kJ;6.1 ;null;null;25.6 ;null;2.0 ;null;
272052268;Bolands Chocolate Kimberley Teacake 132G;£1.00;£0.76/100g;Irish Groceries;null;null;null;null;null;null;null;null;
272052297;Bolands Coconut Creams 200G;£1.25;£0.63/100g;Irish Groceries;null;null;null;null;null;null;null;null;
288039934;Bewleys Drinking Chocolate Indulgent 250G;£3.00;£1.20/100g;Irish Groceries;381;8.8;null;null;8.4;null;10.8;null;
273941729;Bewleys Gold Roast Instant Coffee 100G;£3.50;£3.50/100g;Irish Groceries;null;null;null;null;null;null;null;null;
288031312;Bolands Polo Golden Coconut Biscuits 200G;£1.40;£0.70/100g;Irish Groceries;2153kJ 215kJ -;7.7;null;null;26.3;null;4.4;null;
272322934;Bolands Jam Mallows 250G;£1.20;£0.48/100g;Irish Groceries;1670kJ 224kJ;4.2;null;null;12.1;null;2.5;null;
273949525;Barrys Tea Classic Blend Teabags 80S 250G;£3.00;£1.20/100g;Irish Groceries;null;null;null;null;null;null;null;null;
272053630;Cadbury Dairy Milk Tiffin 53G;£1.00;£1.89/100g;Irish Groceries;null;7.7;null;null;26.5;null;0.9;null;
288017350;Chivers Lemon Curd 425G;£2.00;£0.47/100g;Irish Groceries;293;0.8;null;null;4.9;null;0.3;null;
273949859;Cadbury Dairy Milk Mint Crisp Bar 54G;£1.00;£1.86/100g;Irish Groceries;null;7.4;null;null;26.5;null;0.6;null;
288017192;Chivers Strawberry Jam 454G;£2.00;£0.44/100g;Irish Groceries;264;0.3;null;null;0.0;null;0.9;null;
272052372;Bolands Fig Rolls 200G;£0.70;£0.35/100g;Irish Groceries;1570kJ 270kJ;4.1;null;null;8.0;null;5.0;null;
272052314;Bolands Kimberley Biscuits 300G;£1.25;£0.42/100g;Irish Groceries;null;null;null;null;null;null;null;null;
274857989;Cj Bibigo Korean Soybean Paste 500G;£2.80;£0.56/100g;Korean Groceries;null;null;null;null;null;null;null;null;
281386032;Beksul Real Bread Crumbs 200G;£1.01;£0.51/100g;Korean Groceries;null;null;null;null;null;null;null;null;
284352649;Cj Bibigo Gochujang Korean Hot Sauce 60G;£1.00;£1.67/100g;Korean Groceries;197 ;3.8 ;null;null;0.9 ;null;3.9 ;6.3 ;
266659677;Tesco Kosher Baked Beans 420G;£0.45;£0.11/100g;Kosher Groceries;87;4.3;null;5.5;0.5;0.1;4.1;0.7;
259636611;Mr Freeds Small Fried Fish Balls 300G;£3.75;£12.50/kg;Kosher Groceries;792kj / 188kCal;16.1;null;null;6.6;null;null;null;
252489732;Blooms Cocktail Viennas 340G;£3.75;£1.11/100g;Kosher Groceries;944kj;13.7;2.1;null;19.3;null;null;null;
250442416;Yarden Red Cabbage Mayonnaise 250G;£1.80;£0.72/100g;Kosher Groceries;214;1.5;null;null;18.0;null;null;1.25;
280966505;Great Food Original Falafel 300G;£2.40;£0.80/100g;Kosher Groceries;null;9.2;32.0;null;18.3;null;6.6;1.52;
276743458;Whiptop Whipped Cream Spray 200Ml;£2.40;£12.00/l;Kosher Groceries;null;null;null;null;null;null;null;null;
271386151;Rowse Squeezable Clear Honey 680G;£4.00;£0.59/100g;Kosher Groceries;329;<0.5;null;null;<0.5;null;<0.5;0.03;
284026408;Grants Traditional Smoked Scottish Salmon 300G;£8.00;£2.67/100g;Kosher Groceries;null;23.0;0.3;null;7.1;null;0.1;null;
263344806;Tomor Sunflower Margarine Tub 250G;£1.00;£0.40/100g;Kosher Groceries;null;null;null;null;null;null;null;null;
258016805;Yarden Aubergine In Mayonnaise 250G;£1.80;£0.72/100g;Kosher Groceries;181;1.0;null;null;17.0;null;null;1.37;
256376197;Osem Sesame Coated Ring Pretzels 300G;£1.50;£0.50/100g;Kosher Groceries;null;null;null;null;null;null;null;null;
262524503;Chevington Mild Cheddar Cheese Sliced 200G;£2.15;£10.75/kg;Kosher Groceries;410Kcal;25.0;null;null;34.4;null;null;null;
251885005;Mr Freeds Kosher Potato Latkes 180G;£1.70;£0.94/100g;Kosher Groceries;986kj / 236kCal;5.2;null;null;11.7;null;null;null;
250686605;Yarden Deluxe Houmous 400G;£3.50;£0.88/100g;Kosher Groceries;null;null;null;null;null;null;null;null;
260569833;Yarden Houmous And Tahina 400G;£3.50;£0.88/100g;Kosher Groceries;338;6.5;null;null;28;null;null;1.3;
264530776;Chevington Mature Cheddar 200G;£2.55;£10.64/each;Kosher Groceries;410;25.0;null;null;34.4;null;null;null;
265132956;Mr Freeds Chopped Herring Salad 125G;£2.60;£2.08/100g;Kosher Groceries;548kj / 131kCal;7.2;null;null;7.6;null;null;null;
256645904;Chevington Grated Mild Cheddar Cheese 400G;£4.00;£10.00/kg;Kosher Groceries;410 Kcal;24.8;0.1;null;34.4;null;null;null;
260365008;Chevington Mild Cheddar Cheese;£2.76;£10.03/kg;Kosher Groceries;410;25.0;null;null;34.4;null;null;null;
273482385;Mrs Elswood Haimisha Cucumbers 670G;£1.35;£0.20/100g;Kosher Groceries;null;null;null;null;null;null;null;null;
286281758;Amazoo Acai Smoothie Original 750Ml;£5.00;£0.67/100ml;Latin American Groceries;null;1.1 ;null;30 ;null;null;null;null;
286307200;Crokissimo Crunch Peanuts Parsley And Onion Flavoured 150G;£2.20;£1.47/100g;Latin American Groceries;null;null;null;null;null;null;null;null;
286267125;Bauducco Toast Original 160G;£1.50;£0.94/100g;Latin American Groceries;1470kJ 441kJ;14;null;null;8;null;3,6;1,2;
276681444;Auth. Brazilian Cheese Bread Mix 500G;£3.50;£0.70/100g;Latin American Groceries;null;null;null;null;null;null;null;null;
276682086;Auth. Brazilian Wheat For Kibe 500G;£1.50;£0.30/100g;Latin American Groceries;null;null;null;null;null;null;null;null;
280876151;Cepera Biquinho Red Peppers 120G;£2.20;£44.00/kg;Latin American Groceries;167;0;null;null;null;null;13.4;null;
286269503;Bauducco Toast Multi Grains 160G;£1.50;£0.94/100g;Latin American Groceries;1470kJ 441kJ;14;null;null;8;null;6,0;1,3;
271745625;Cepera Malagueta Red Pepper 100G;£3.00;£0.30/10g;Latin American Groceries;null;null;null;null;null;null;null;null;
266298660;Camil Black Beans/Feijao Preto 1Kg;£3.00;£3.00/kg;Latin American Groceries;null;11;null;null;null;null;null;null;
286282763;Cachaca 51 Sugar Cane Spirit 700Ml;£22.00;£3.15/100ml;Latin American Groceries;null;null;null;null;null;null;null;null;
280877081;Bauducco Wafers With Nut Flavoured Filling 140G;£1.50;£1.08/100g;Latin American Groceries;2192kJ 659kJ;3.7;null;null;27;null;1.5;0.5;
280876617;Bauducco Chocolate And Vanilla Flavoured Cake 200G;£3.00;£1.50/100g;Latin American Groceries;1760kJ 1054kJ;5.6;null;null;null;null;1.8;0.6;
283966155;Bauducco Sandwich Biscuits Chocolate 140G;£1.30;£0.93/100g;Latin American Groceries;460;6,8;null;null;19;null;4,2;0,6;
267453452;Camil Carioca Beans/Feijao Carioca 1Kg;£3.00;£3.00/kg;Latin American Groceries;null;11;null;null;null;null;null;null;
280876675;Bauducco Wafers With Double Chocolate Flavoured Filling140g;£1.50;£1.08/100g;Latin American Groceries;2197kJ 659kJ;4.7;null;null;28;null;2.3;0.3;
276682005;Auth. Brazilian Toasted Cassava Flour 500G;£1.60;£0.32/100g;Latin American Groceries;null;null;null;null;null;null;null;null;
283967192;Bauducco Sandwich Biscuits Strawberry 140G;£1.30;£0.93/100g;Latin American Groceries;485;7;null;null;21;null;2.4;0.9;
266870898;Compal Black Beans In Tin/Preto 845G;£1.80;£3.47/kg;Latin American Groceries;null;null;null;null;null;null;null;null;
276681663;Auth. Brazilian Corn Meal 500G;£1.40;£0.28/100g;Latin American Groceries;null;null;null;null;null;null;null;null;
267472966;Compal Red Beans In Tin /Encarnado 845G;£1.80;£3.47/kg;Latin American Groceries;null;null;null;null;null;null;null;null;
279845667;Minerva Greek Extra Virgin Olive Oil 500Ml;£3.75;£0.75/100ml;Mediterranean Groceries;824 ;null;0;null;null;null;null;null;
279843594;Zanae Moussaka 280G;£2.00;£0.71/100g;Mediterranean Groceries;180 Kcal;5.6 ;15.1 ;null;10.8 ;null;null;null;
279768919;Cypressa Tahini 300G;£2.50;£0.83/100g;Mediterranean Groceries;659;26.9;null;null;58.2;null;null;0.0;
278831443;Aleyna Sliced Green Jalapeno Peppers 480G;£1.00;£4.17/kg;Mediterranean Groceries;null;null;null;null;null;null;null;null;
285725236;Baci Perugina Dark Chocolate With Hazelnut Filling 4S 57G;£2.20;£3.86/100g;Mediterranean Groceries;570;8.5;null;null;39.1;null;6.8;null;
278776836;Aleyna Mini Gherkins In Vinegar 480G;£1.00;£0.36/100g;Mediterranean Groceries;26 ;1.0 ;null;null;0.1 ;null;0.5 ;2.3 ;
278776894;Aleyna Hot Jalapeno Sauce 500G;£1.00;£0.20/100g;Mediterranean Groceries;45 ;1.0;null;null;0.9;null;1.8;3.0;
278770042;Aleyna Marinated Artichokes In Oil 290G;£2.50;£1.57/100g;Mediterranean Groceries;null;null;null;null;null;null;null;null;
278776444;Aleyna Pickled Chilli Peppers 440G;£1.00;£0.59/100g;Mediterranean Groceries;null;null;null;null;null;null;null;null;
278831472;Aleyna Cherry Peppers In Vinegar 480G;£1.00;£4.17/kg;Mediterranean Groceries;null;null;null;null;null;null;null;null;
278770416;Aleyna Sun Dried Tomatoes In Oil 350G;£1.75;£0.50/100g;Mediterranean Groceries;null;null;null;null;null;null;null;null;
278831495;Aleyna Capers In Vinegar 350G;£1.50;£0.67/100g;Mediterranean Groceries;null;null;null;null;null;null;null;null;
285693975;Aleyna Tahini Sauce 500G;£2.00;£0.40/100g;Mediterranean Groceries;103 ;2.8;null;null;8;null;1.6;1.7;
278774752;Aleyna Roasted Red Peppers 480G;£1.40;£0.44/100g;Mediterranean Groceries;null;null;null;null;null;null;null;null;
278775457;Aleyna Pickled Garlic Cloves 350G;£1.50;£0.43/100g;Mediterranean Groceries;null;null;null;null;null;null;null;null;
279843623;Zanae Meatballs In Tomato Sauce 280G;£2.00;£0.71/100g;Mediterranean Groceries;null;null;null;null;null;null;null;null;
285693883;Aleyna Garlic Salad In Vinegar 480G;£1.20;£4.00/kg;Mediterranean Groceries;null;null;null;null;null;null;null;null;
278770480;Aleyna Sliced Red Jalapeno Peppers 480G;£1.00;£0.42/100g;Mediterranean Groceries;null;null;null;null;null;null;null;null;
279856464;Zanae Giant Beans In Tomato Sauce 280G;£1.75;£0.63/100g;Mediterranean Groceries;6 Kcal;null;13;null;4.6;null;null;null;
278831339;Aleyna Hot Chillies In Vinegar 275G;£1.00;£7.41/kg;Mediterranean Groceries;null;null;null;null;null;null;null;null;
276786165;House Chilli Pepper 7 Spice Shichimi 18G;£1.80;£1.00/10g;Oriental Groceries;null;null;null;null;null;null;null;null;
276785707;House Wasabi Paste 43G;£1.50;£0.35/10g;Oriental Groceries;null;1.4;null;null;11;null;4;10;
276786211;Wel Pac Dried Wakame Seaweed 56.7G;£1.50;£0.27/10g;Oriental Groceries;null;null;null;null;null;null;null;null;
276786038;Kikkoman Sushi And Sashimi Soy Sauce 250Ml;£2.60;£1.04/100ml;Oriental Groceries;null;null;null;null;null;null;null;null;
276793346;Nishiki Premium Grade Rice 4.54Kg;£12.00;£2.65/kg;Oriental Groceries;null;3;null;null;null;null;null;null;
263413306;Chaokoh Coconut Milk 400Ml;£1.30;£0.33/100ml;Oriental Groceries;null;null;null;null;null;null;null;null;
281865197;Kikkoman Soy Sauce 1 Litre;£6.00;£0.60/100ml;Oriental Groceries;null;null;null;null;null;null;null;null;
276785598;Yamamotoyama Green Tea Bags 16S 32G;£1.70;£0.53/10g;Oriental Groceries;null;null;null;null;null;null;null;null;
287320055;Deli Ben Crispy Prawn Chilli Sauce 240G;£2.95;£1.23/100g;Oriental Groceries;null;null;null;null;null;null;null;null;
276787930;Kikkoman Instant White Miso Soup Mix 30G;£2.40;£0.80/10g;Oriental Groceries;null;null;null;null;null;null;null;null;
276807263;Kikkoman Yakitori Sauce 250Ml;£2.60;£1.04/100ml;Oriental Groceries;null;null;null;null;null;null;null;null;
276918949;Gap Tom Yum Coated Biscuit Sticks 40G;£0.55;£0.14/10g;Oriental Groceries;null;null;null;null;null;null;null;null;
276787890;Nagai Roasted Seaweed Sushi Nori 28G;£1.50;£0.54/10g;Oriental Groceries;null;null;null;null;null;null;null;null;
276918794;Gap Chocolate Coated Biscuit Sticks 40G;£0.55;£0.14/10g;Oriental Groceries;null;null;null;null;null;null;null;null;
287411126;Glico Pocky Biscuit Sticks Chocolate Flavour 47G;£1.20;£2.56/100g;Oriental Groceries;null;null;null;null;null;null;null;null;
276785903;Satono Yuki Tofu 300G;£1.90;£0.63/100g;Oriental Groceries;null;null;null;null;null;null;null;null;
276788105;Marukyo Soft Red Bean Funwariyaki Pancake 55G;£1.50;£0.27/10g;Oriental Groceries;null;null;null;null;null;null;null;null;
266045165;Lotte Chocolate Filled Koala Shaped Biscuits 50G;£1.50;£3.00/100g;Oriental Groceries;null;null;null;null;null;null;null;null;
281936102;Cocon Mango Jelly Pudding 6 X 80G;£1.70;£0.35/100g;Oriental Groceries;null;null;null;null;null;null;null;null;
263399009;Flying Goose Sriracha Hot Chilli Sauce 455Ml;£2.50;£0.55/100ml;Oriental Groceries;122 ;2.3 ;null;null;1.0 ;null;null;null;
262299348;Dawtona Dill Cucumbers 900G;£1.69;£0.36/100g;Polish Foods;null;1 ;3.7 ;null;0.1 ;null;2.2 ;null;
267244452;Dawtona Grated Beetroot 510G;£0.99;£0.28/100g;Polish Foods;null;1.6 ;8.6 ;null;0.1 ;null;2 ;null;
262298568;Dawtona Red Cabbage And Apple 680G;£0.99;£0.25/100g;Polish Foods;null;0.9 ;7.4 ;null;0.15 ;null;2.2 ;null;
265837508;Kwidzyn Pieczarki Marynowane 300G;£1.09;£0.61/100g;Polish Foods;140 kJ 210 kJ;2.0 ;5.6 ;null;0.3 ;null;null;null;
273421320;Kwidzyn 5 Vegetable Salad 500G;£0.85;£0.30/100g;Polish Foods;null;null;null;null;null;null;null;null;
272982209;Dawtona Swedish Salad 680G;£1.19;£0.18/100g;Polish Foods;32 ;0.4 ;7.2 ;null;0.1 ;null;null;null;
274055999;Kwidzyn Grated Beetroot With Horseradish 300G;£0.75;£0.25/100g;Polish Foods;255 kJ 38 kJ;1.8 ;null;null;0.1 ;null;2.3 ;null;
274055976;Smak Baby Gherkins 300G;£1.35;£0.90/100g;Polish Foods;31 ;0,5;null;null;0,2;null;null;null;
262299302;Dawtona Sauerkraut 900G;£1.00;£0.17/100g;Polish Foods;null;1.1 ;3.4 ;null;0.2 ;null;2.1 ;null;
271635986;Milejow Beetroots Pulp 650G;£1.39;£0.21/100g;Polish Foods;63 ;1.4 ;9.4 ;null;1.8 ;null;null;null;
263294513;Laciate Milk 3.2% 1 Litre;£0.89;£0.89/l;Polish Foods;60 ;null;4.7 ;null;3.2 ;null;null;null;
262299331;Dawtona Sauerkraut With Carrot 900G;£1.00;£0.17/100g;Polish Foods;null;1.1 ;3.5 ;null;0.2 ;null;2.2 ;null;
275460333;Knorr Fix Crispy Potato Pancakes 20S 200G;£1.99;£1.00/100g;Polish Foods;330;6;69;null;1.5;null;null;null;
262280560;Dawtona Tomato Puree 200G;£0.99;£4.95/kg;Polish Foods;null;4.3;18.5;null;0.3;null;3.9;null;
263294438;Laciate Milk 2% 1 Litre;£0.89;£0.89/l;Polish Foods;50 ;null;4.7 ;null;2.0 ;null;null;null;
286003640;Kielecki Mayonnaise 310Ml;£1.39;£0.45/100ml;Polish Foods;630;1,7;null;null;68,1;null;null;null;
263174621;Dawtona Ogorki Kwaszone 900G;£1.45;£0.35/100g;Polish Foods;null;1 ;1.4 ;null;0.1 ;null;0.5 ;null;
273421464;Kwidzyn Carrots And Peas 500G;£0.85;£0.28/100g;Polish Foods;null;null;null;null;null;null;null;null;
275505218;Kwidzyn Salatka Obiadowa 700G;£1.00;£0.27/100g;Polish Foods;43 ;1.0 ;null;null;0.1 ;null;null;null;
262298522;Dawtona Pickled Red Peppers 680G;£1.55;£0.52/100g;Polish Foods;null;0.7 ;5.4 ;null;0.2 ;null;2.7 ;null;
285767186;Dimes Classic Sour Cherry Nectar 200Ml;£0.35;£0.18/100ml;Turkish Groceries;null;null;null;null;null;null;null;null;
285816941;Ulker Albeni Milk Chocolate Plus Caramel And Biscuit Bar 40G;£0.40;£1.00/100g;Turkish Groceries;null;null;null;null;null;null;null;null;
280583612;Marmarabirlik Extra Black Olives 250G;£1.75;£0.70/100g;Turkish Groceries;null;null;null;null;null;null;null;null;
280622210;Kipa Tahini Halva Hazelnut Chocolate Sauce 300G;£3.00;£1.00/100g;Turkish Groceries;2231.6kJ / 892kJ /;13.8;null;null;32.9;null;7.3;0.2;
280622622;Kipa Tahini Halva Pistachio 300G;£3.50;£1.17/100g;Turkish Groceries;2290kJ / 916kJ /;13.8;null;null;37.0;null;9.7;0.22;
285767163;Dimes Premium Apple Juice 200Ml;£0.35;£0.18/100ml;Turkish Groceries;null;null;null;null;null;0,05;null;null;
280610783;Efes Pilsener Premium Beer 500Ml;£1.50;£0.30/100ml;Turkish Groceries;null;null;null;null;null;null;null;null;
285843303;Ulker 9 Kat Tat Wafers Plus Hazelnut Cream 42G;£0.40;£0.95/100g;Turkish Groceries;null;null;null;null;null;null;null;null;
280611183;Erikli Natural Spring Water 500Ml;£0.45;£0.09/100ml;Turkish Groceries;null;null;null;null;null;null;null;null;
280622469;Kipa Tahini Halva Vanilla 300G;£2.00;£0.67/100g;Turkish Groceries;539;13.3;null;null;35.0;null;8.7;0.22;
285843430;Ulker 9 Kat Tat Wafers Plus Strawberry Cream 42G;£0.40;£0.95/100g;Turkish Groceries;null;null;null;null;null;null;null;null;
285767203;Dimes Mixed Fruits Nectar 200Ml;£0.35;£0.18/100ml;Turkish Groceries;null;null;null;null;null;null;null;null;
280542016;Ulker Cracker Sticks 36G;£0.25;£0.07/10g;Turkish Groceries;null;null;null;null;null;null;null;null;
276673379;Tate And Lyle Fair Trade Light Soft Brown 325G;£1.29;£3.97/kg;Baking Sugars;1632kJ -;0;null;null;0;null;null;<0.01;
273910755;Whitworths Dark Brown Soft Sugar 350G;£1.59;£4.55/kg;Baking Sugars;385;0.5;96.0;null;0.0;null;null;<0.1;
255211037;Tesco Light Muscovado Sugar 500G Pack;£1.49;£2.98/kg;Baking Sugars;395;<0.1;null;98.1;<0.1;<0.1;0.5;0.2;
273883855;Billingtons Dark Muscovado 1Kg;£2.90;£2.90/kg;Baking Sugars;1630kJ -;0;null;null;0;null;null;0.57;
255210712;Tesco Dark Muscovado Sugar 1Kg Bag;£2.40;£2.40/kg;Baking Sugars;384;0.3;null;95.3;<0.1;<0.1;0.5;0.6;
282060773;Groovy Food Agave Light And Mild 250Ml;£2.50;£1.00/100ml;Baking Sugars;1249kJ 57.45kJ;0;null;null;0;null;null;0;
256775623;Tesco Light Brown Soft Sugar 1Kg Pack;£2.49;£2.49/kg;Baking Sugars;399;<0.1;null;99.1;<0.1;<0.1;0.5;0.4;
256020457;Billingtons Molasses Sugar 500G;£1.19;£2.38/kg;Baking Sugars;1610kJ;0.7;null;null;0.0;null;null;null;
273911184;Whitworths Light Brown Soft Sugar 350G;£1.59;£4.55/kg;Baking Sugars;385;0.5;96.0;null;0.0;null;null;<0.1;
273883901;Billingtons Dark Muscovado 500G;£1.50;£3.00/kg;Baking Sugars;1630kJ;0.3;null;null;0.0;null;null;null;
273883947;Billingtons Light Muscovado 1Kg;£2.90;£2.90/kg;Baking Sugars;1670kJ -;0;null;null;0;null;null;0.18;
255210983;Tesco Dark Muscovado Sugar 500G Pack;£1.49;£2.98/kg;Baking Sugars;384;0.3;null;95.3;<0.1;<0.1;0.5;0.6;
255210891;Tesco Light Muscovado Sugar 1Kg Bag;£2.40;£2.40/kg;Baking Sugars;395;<0.1;null;98.1;<0.1;<0.1;0.5;0.2;
273884278;Billingtons Light Muscovado 500G;£1.50;£3.00/kg;Baking Sugars;1670kJ;trace;null;null;0.0;null;null;null;
254917483;Tesco Light Soft Brown Sugar 500G;£1.49;£2.98/kg;Baking Sugars;399;<0.1;null;99.1;<0.1;<0.1;0.5;0.4;
254917477;Tesco Dark Soft Brown Sugar 500G;£1.49;£2.98/kg;Baking Sugars;391;<0.1;null;97.3;<0.1;<0.1;0.5;0.2;
256775669;Tesco Dark Brown Soft Sugar 1Kg Bag;£2.49;£2.49/kg;Baking Sugars;391;<0.1;null;97.3;<0.1;<0.1;0.5;0.2;
259245872;Billingtons Fair Trade Light Brown Sugar 500G;£1.39;£2.78/kg;Baking Sugars;1690kJ -;0;null;null;0;null;null;0.35;
252528727;Caster Sugar 1Kg;£1.48;£1.48/kg;Caster Sugar;null;0;null;null;0;null;null;0;
255089008;Tesco Golden Caster 1Kg Bag;£1.90;£1.90/kg;Caster Sugar;400;<0.1;null;99.8;<0.1;null;0;0.2;
285509012;Billingtons Golden Caster 1Kg;£1.90;£1.90/kg;Caster Sugar;1700kJ;trace;null;null;0.0;null;null;null;
287281843;Caster Sugar 2Kg;£2.45;£1.23/kg;Caster Sugar;null;0;null;null;0;null;null;0;
252528658;Caster Sugar 500G;£0.99;£1.98/kg;Caster Sugar;null;0;null;null;0;null;null;0;
276732074;Trade Aid Uk Pure Cane Caster Sugar 1Kg;£1.79;£1.79/kg;Caster Sugar;1700kJ -;0;null;null;0;null;null;<0.01;
276672829;Tate And Lyle Fair Trade Golden Caster 700G;£1.99;£2.85/kg;Caster Sugar;1695kj -;0;null;null;0;null;null;<0.01;
259291545;Billingtons Demerara Sugar 500G;£1.19;£2.38/kg;Demerara Sugar;1690kJ -;0;null;null;0;null;null;0.25;
259222006;Billingtons Fair Trade Demerara 500G;£1.79;£3.58/kg;Demerara Sugar;1690kJ -;0;null;null;0;null;null;0.35;
255200557;Tesco Demerara Sugar 2Kg Pack;£3.29;£1.65/kg;Demerara Sugar;399;<0.1;null;99.5;<0.1;<0.1;0;0.1;
254917166;Tesco Demerara Sugar 500G;£1.00;£2.00/kg;Demerara Sugar;399;<0.1;null;99.5;<0.1;<0.1;0;0.1;
276681225;Tate And Lyle Fair Trade Demerara 750G;£1.99;£2.66/kg;Demerara Sugar;1,695kJ;Nil;null;null;Nil;null;Nil;null;
276681041;Tate And Lyle Fair Trade Demerara 350G;£1.29;£3.69/kg;Demerara Sugar;1683kj -;0;null;null;0;null;null;<0.01;
254917172;Tesco Demerara Sugar 1Kg;£1.69;£1.69/kg;Demerara Sugar;399;<0.1;null;99.5;<0.1;<0.1;0;0.1;
259291597;Billingtons Demerara Sugar 1Kg;£1.99;£1.99/kg;Demerara Sugar;1696kJ;0.2;null;null;0.0;null;null;null;
256926117;Silver Spoon Granulated Sugar Ceka 750G;£1.79;£2.39/kg;Granulated Sugar;null;0;null;null;0;null;null;0;
252528422;Granulated Sugar 1Kg > >;£0.59;£0.59/kg;Granulated Sugar;null;0;null;null;0;null;null;0;
276672991;Tate And Lyle Fair Trade Golden Granulated 350G;£1.29;£3.69/kg;Granulated Sugar;1695kj -;0;null;null;0;null;null;<0.01;
254917114;Tesco Golden Granulated Sugar 1 Kilograms Pack;£1.60;£1.60/kg;Granulated Sugar;401;<0.1;null;99.7;<0.1;<0.1;0.5;0.1;
259222450;Billingtons Golden Granulated Sugar Fair Trade 500G;£1.69;£3.38/kg;Granulated Sugar;1695kJ -;0.0;null;null;0.0;null;null;null;
287206934;Granulated Sugar 5Kg > >;£2.85;£0.57/kg;Granulated Sugar;1700kJ 68kJ - -;trace;null;null;0;null;null;null;
259006689;Tesco Golden Granulated Sugar 2Kg Pack;£3.19;£1.60/kg;Granulated Sugar;401;<0.1;null;99.7;<0.1;<0.1;0.5;0.1;
254917120;Billington's Golden Granulated Sugar 1Kg;£1.90;£1.90/kg;Granulated Sugar;1695kJ;0.0;null;null;0.0;null;null;null;
276673310;Tate And Lyle Fair Trade Golden Granulated 750G;£1.99;£2.66/kg;Granulated Sugar;1695kj -;0;null;null;0;null;null;<0.01;
254385581;Trade Aid Uk Granulated Sugar 500G;£0.69;£1.38/kg;Granulated Sugar;1700kJ -;0;null;null;0;null;null;<0.01;
252528508;Granulated Sugar 2Kg > >;£1.15;£0.58/kg;Granulated Sugar;null;0;null;null;0;null;null;0;
252528831;Icing Sugar 1Kg > >;£1.55;£1.55/kg;Icing Sugar;null;0;null;null;0;null;null;0;
273911633;Whitworths Twist And Sprinkle Icing Sugar 200G;£1.99;£9.95/kg;Icing Sugar;399;0.0;null;null;0.0;null;null;0.0;
259245722;Fondant Icing Sugar 500G;£1.09;£2.18/kg;Icing Sugar;1700kJ -;0;null;null;0;null;null;null;
254915145;All In One Royal Icing Sugar 500G;£1.09;£2.18/kg;Icing Sugar;1683kJ -;0.7;null;null;Trace;null;null;null;
273910974;Whitworths Superfine Icing Sugar 450G;£1.59;£3.54/kg;Icing Sugar;400;0.0;100;null;0.0;null;null;0.0;
252528791;Icing Sugar 500G > >;£0.78;£1.56/kg;Icing Sugar;null;0;null;null;0;null;null;0;
278973960;Silver Spoon Icing Shaker 210G;£1.99;£9.48/kg;Icing Sugar;400;0;null;null;0;null;null;0;
254914198;Certo Apple Pectin 250G;£2.29;£9.16/kg;Jam & Preserving Sugars;null;null;null;null;null;null;null;null;
280472029;Preserving Sugar 1Kg;£2.09;£2.09/kg;Jam & Preserving Sugars;1700kj -;0;null;null;0;null;null;<0.01;
280471192;Jam Sugar 1Kg;£1.99;£1.99/kg;Jam & Preserving Sugars;1688kj -;0;null;null;0;null;null;<0.02;
276730744;Tate And Lyle Pectin Sachets 3X8g;£1.49;£62.09/kg;Jam & Preserving Sugars;730kJ -;<1;null;null;<1;null;60;null;
280403049;White Sugar Cubes 500G;£0.98;£1.96/kg;Sugar Cubes & Coffee Crystals;1700kj -;0;null;null;0;null;0;null;
276730698;Tate And Lyle Manbre Amber Sugar Crystals;£1.59;£3.18/kg;Sugar Cubes & Coffee Crystals;null;null;null;null;null;null;null;null;
267144069;Tate And Lyle Demerara Rough Cut Cubes 500G;£1.59;£3.18/kg;Sugar Cubes & Coffee Crystals;1683kj -;0;null;null;0;null;null;<0.01;
252529202;Demerara Sugar Cubes 500G;£1.69;£3.38/kg;Sugar Cubes & Coffee Crystals;1688kJ;0.0;null;null;0.0;null;null;null;
267144294;Tate And Lyle White Rough Cut Cubes 500G;£1.59;£3.18/kg;Sugar Cubes & Coffee Crystals;1700kj 85kj;0;null;null;0;null;0;null;
254917575;Canderel Sweetener 100 Pack;£1.28;£0.01/each;Sweeteners;3 ;0.01 ;null;null;0 ;null;null;0 ;
250028660;Canderel 5 Refill Sachets 500Pk;£4.84;£0.01/each;Sweeteners;3 ;0.01 ;null;null;0 ;null;null;0 ;
259247651;Hermesetas Mini Sweeteners 400Pk;£1.99;£0.01/each;Sweeteners;null;0 ;null;null;null;null;null;26.5 ;
254603261;Splenda Low Calorie Sweetener 300Pk;£3.69;£0.01/each;Sweeteners;2 ;0;null;null;0;null;0;0;
262750183;Silverspoon Tablet Sweetener 400Pk;£2.19;£0.01/each;Sweeteners;341;22.06;null;null;0.16;null;null;0.85;
256222915;Tesco Tablet Sweeteners 100 Tablets Pack;£0.99;£0.01/each;Sweeteners;315;24.6;null;49.4;0.1;null;5.1;null;
254917598;Canderel 300Pk;£2.93;£0.01/each;Sweeteners;3 ;0.01 ;null;null;0 ;null;null;0 ;
259029184;Tesco Tablet Sweeteners 300 Tablets Pack;null;null;Sweeteners;311;24.6;null;49.4;null;null;5.1;2.3;
254602999;Splenda Low Calorie Sweetener 100 Pack;£1.50;£0.02/each;Sweeteners;2 ;0;null;null;0;null;0;0;
259247714;Hermesetas Mini Sweeteners 800Pk;£2.99;£0.00/each;Sweeteners;null;0 ;null;null;null;null;null;26.5 ;
279768050;Canderel Sucralose Crunch 150G;£1.99;£13.27/kg;Sweeteners;0 kJ 0 kJ;0 ;null;null;0 ;null;null;0 ;
272061666;Tesco Stevia Sweetener 100 Pack;£1.36;£0.01/each;Sweeteners;185;1.9;null;1.2;0.1;0;0.5;42.0;
267985847;Canderel Yellow Sweeteners 200S;£1.12;£0.01/each;Sweeteners;3 ;0 ;null;null;0 ;null;null;0 ;
268442930;Tesco Sucralose Tablet Sweetener 300Pk;£1.50;£0.01/each;Sweeteners;313;5.2;null;65.1;0.1;<0.1;2.6;0.8;
251699928;Tesco Sweetener Tablets Refill 5X100pk;£2.99;£0.01/each;Sweeteners;315;24.6;null;49.4;0.1;0;5.1;2.3;
260927312;Tesco Everyday Value Sweetener 1200'S Tablets;£1.40;£0.00/each;Sweeteners;31;0;null;1.4;0;null;0;null;
256294086;Sweetex 1200 Tablet Pack;£2.89;£0.00/each;Sweeteners;null;Nil;null;null;Trace;null;null;null;
260614861;Splenda Sweetener 500Pk;£5.60;£0.01/each;Sweeteners;2;0;null;null;0;null;0;0;
259247766;Sweetex Tablets 600Pk;£1.88;£0.00/each;Sweeteners;null;Nil;null;null;Trace;null;null;null;
272092824;Green Canderel Stevia 100 Pack;£0.94;£0.01/each;Sweeteners;3 ;0 ;null;null;0 ;null;0 ;null;
284184888;Costa Del Mezze Scrocchi With Olives 170G;£1.99;£1.18/100g;Antipasti;435 ;9,7 ;null;null;15,6 ;null;3,6 ;2,4 ;
273573842;Peppadew Mild Piquante Peppers 400G;£2.99;£1.82/100g;Antipasti;null;null;null;null;null;null;null;null;
284239600;Jamie Oliver Sun Dried Tomato R/On Bruschetta 180G;£1.99;£1.11/100g;Antipasti;null;1.4 ;null;null;15.6 ;null;2.6 ;null;
284239335;Jamie Oliver Bruschetta Black Olive 180G;£1.99;£1.11/100g;Antipasti;null;1.8 ;null;null;29.6 ;null;3.4 ;null;
284239681;Jamie Oliver Olive And Fennel Bruschetta 180G;£1.99;£1.11/100g;Antipasti;null;0.8 ;null;null;23.4 ;null;2.5 ;null;
284184698;Costa Del Mezze Scrocchi With Sea Salt 170G;£1.99;£1.18/100g;Antipasti;447 ;10.1 ;null;null;15.6 ;null;3.6 ;3.0 ;
286095345;Karyatis Roasted Red Peppers 450G;£2.49;£0.71/100g;Antipasti;null;null;null;null;null;null;null;null;
280918264;Karyatis Baked Gigantes Beans 220G;£2.29;£1.05/100g;Antipasti;null;null;null;null;null;null;null;null;
280918229;Karyatis Stuffed Vine Leaves 220G;£2.29;£1.05/100g;Antipasti;null;null;null;null;null;null;null;null;
262362901;Fragata Hot Yellow Peppers 300G;£1.99;£1.66/100g;Antipasti;14 ;0.3 ;null;null;0.2 ;null;1.5 ;3.0 ;
284239053;Jamie Oliver Artichoke Hearts 280G;£2.99;£1.07/100g;Antipasti;72;1.5;null;null;5.58;null;4.7;null;
284239139;Jamie Oliver Sundried Tomatoes 280G;£2.99;£1.07/100g;Antipasti;204;4.59;null;null;14.5;null;13;null;
274067392;Cooks And Co Green Chillies 300G;£1.59;£1.06/100g;Antipasti;34;2;null;null;0;null;null;4.4;
271621242;Fragata Nonpareille Capers 99G;£2.09;£3.22/100g;Antipasti;27 ;0.8;null;null;0.7;null;null;8.5;
255100975;Fragata Capers 240G;£2.09;£1.55/100g;Antipasti;27 ;0.8;null;null;0.7;null;null;8.5;
268553332;Peppadew Stuffed With Cream Cheese 250G;£3.89;£1.56/100g;Antipasti;245 ;2.5 ;null;null;19.1 ;null;2.0 ;1.1 ;
268247996;Cooks And Co Roasted Red Peppers 460G;£2.79;£0.78/100g;Antipasti;27;1.6;4.5;null;0.3;null;null;1.7;
284239180;Jamie Oliver Grilled Peppers 280G;£2.99;£1.07/100g;Antipasti;67 ;0.74;null;null;3.8;null;3.3;null;
273573174;Peppadew Hot Peppers 400G;£2.99;£1.82/100g;Antipasti;null;null;null;null;null;null;null;null;
271615134;Fragata Caperberries 235G;£2.09;£1.90/100g;Antipasti;26 ;1.2 ;null;null;0.4 ;null;null;6 ;
250579272;Crespo Olives Herbs And Garlic 70G;£0.75;£1.08/100g;Olives;177 Kcal;1.3 ;null;null;null;null;null;3.0 ;
253688633;Fragata Olives Stuffed With Garlic 200G;£0.89;£1.05/100g;Olives;154 ;1.2 ;null;null;16.0 ;null;null;3.5 ;
271615313;Sun Grown Pitted Green Olives 450G;£1.05;£0.46/100g;Olives;140;0.8;null;0.1;12.8;2.5;2.5;5.0;
282242967;Fragata Spanish Olive With Andalusia 70G;£0.99;£1.42/100g;Olives;185 ;1.2 ;null;null;18.4 ;null;null;5.0 ;
264353212;Crespo Pitted Green Olives 354G;£1.49;£0.93/100g;Olives;169 ;1 ;null;null;18 ;null;2 ;4 ;
264353143;Crespo Olives Stuffed With Pimineto 354G;£1.49;£0.75/100g;Olives;145 ;0,9 ;0 ;null;15 ;null;2,3 ;4 ;
282243091;Fragata Snack 'N Green Olives With Pinch Of Lemon 70G;£0.99;£1.42/100g;Olives;162 ;1.1 ;null;null;16.0 ;null;null;5.0 ;
268645206;Tesco Extra Large Pitted Black Olives 330G;£1.49;£0.93/100g;Olives;158;1.1;null;0.1;14.4;2.4;3.8;2.1;
254885968;Crespo Black Olives Greek Style 250G;£1.49;£0.60/100g;Olives;null;null;null;null;null;null;null;null;
268682036;Fragata Low Salt Anchovy Stuffed Olives 350G;£1.49;£0.99/100g;Olives;145 ;1.3 ;null;null;15 ;null;2.5 ;null;
253688397;Fragata Olives Stuffed With Jalapeno 200G;£0.89;£1.05/100g;Olives;169 ;0,8 ;null;null;18,0 ;null;null;3,5 ;
284254783;Jamie Oliver Sicilian Queen Olive 314G;£2.99;£1.76/100g;Olives;100kCal/419KJ -;1;2;null;10;null;2;null;
271615457;Sun Grown Pitted Black Olives 450G;£1.05;£0.46/100g;Olives;155;1.3;null;0.1;14.5;2.0;3.1;2.0;
264353195;Crespo Pitted Black Olives 354G;£1.49;£0.93/100g;Olives;133 ;0,5 ;null;null;13,6 ;null;3 ;2,5 ;
280066038;Tesco Almond Stuffed Olives 235G;£1.99;£1.41/100g;Olives;235;4.8;null;0.1;20.7;3.4;3.7;3.2;
257411460;Fragata Olives Stuffed With Anchovy 200G;£0.89;£1.05/100g;Olives;145 ;1,3 ;null;null;15,0 ;null;null;3,5 ;
250507871;Fragata Olives Stuffed With Lemon 200G;£0.89;£0.45/100g;Olives;144 ;1,0 ;null;null;15,0 ;null;null;3,5 ;
250578751;Crespo Olives With Chilli Pepper 70G;£0.75;£1.08/100g;Olives;335 Kcal;1.7 ;null;null;null;null;null;6.5 ;
258098908;Crespo Dry Black Olives With Herbs 70G;£0.75;£1.08/100g;Olives;188 Kcal;1.1 ;null;null;null;null;null;2.3 ;
257910629;Crespo Mixed Cocktail Olives 70G;£0.75;£1.08/100g;Olives;227 Kcal;1.2 ;null;null;null;null;null;2.5 ;
262299302;Dawtona Sauerkraut 900G;£1.00;£0.17/100g;Pickles;null;1.1 ;3.4 ;null;0.2 ;null;2.1 ;null;
272367114;Baxters Crinkle Cut Beetroot 340G;£1.00;£0.32/100g;Pickles;26;0.9;null;null;<0.5;null;1.2;0.2;
275117361;Tesco Crinklecut Beetroot Sweet Vinegar 710G;£1.10;£0.24/100g;Pickles;37;0.9;null;6.7;0.2;0.1;2.4;0.2;
275533386;Heinz Sliced Beetroot 440G;£1.19;£0.42/100g;Pickles;179kJ 107kJ;1.1;null;null;0.1;null;1.3;null;
259695459;Baxters Sliced Beetroot 340G;£1.00;£0.32/100g;Pickles;22;0.7;null;null;<0.5;null;0.8;0.4;
272309513;Tesco Pickled Sliced Beetroot 340G;£0.65;£0.30/100g;Pickles;28;1.0;null;4.3;0.2;0.1;2.6;0.1;
254885421;Tesco Whole Baby Beetroot Vinegar 710G;£1.10;£0.24/100g;Pickles;28;1.0;null;4.3;0.2;0.1;2.6;0.1;
254885438;Tesco Whole Baby Sweet Beetroot In Vinegar 340G;£0.65;£0.29/100g;Pickles;27;0.5;null;4.8;0.2;0.1;1.6;null;
272308451;Tesco Sweet Pickled Crinkle Cut Beetroot 340G;£0.65;£0.30/100g;Pickles;37;0.9;null;6.7;0.2;0.1;2.4;0.2;
255055901;Baxters Baby Beets 567G;£1.50;£0.37/100g;Pickles;26;0.9;null;null;<0.5;null;1.2;0.2;
272309640;Tesco Whole Baby Beetroot Vinegar 340G;£0.65;£0.29/100g;Pickles;28;1.0;null;4.3;0.2;0.1;2.6;0.1;
285857857;Barry Norman Pickled Onions 560G;£2.40;£0.86/100g;Pickles;null;null;null;null;null;null;null;null;
254486467;Heinz Baby Beetroot 440G;£1.19;£0.26/100g;Pickles;null;null;null;null;null;null;null;null;
273824874;Tesco Everyday Value Sliced Pickled Beetroot 340G;£0.39;£0.18/100g;Pickles;29;1.1;null;4.3;0.2;0.1;2.6;0.2;
271239545;Tesco Finest Rosebud Beetroot In Red Wine And Orange 340G;£1.49;£0.67/100g;Pickles;51;1.2;null;9.2;0.1;0.1;3.1;0.8;
257038602;Baxters Crinkle Cut Beetroot 567G;£1.50;£0.37/100g;Pickles;26;0.9;null;null;<0.5;null;1.2;0.2;
272309421;Tesco Pickled Sliced Beetroot 710G;£1.10;£0.24/100g;Pickles;28;1.0;null;4.3;0.2;0.1;2.6;0.1;
259695972;Baxters Sliced Beets In Vinegar 567G;£1.50;£0.37/100g;Pickles;22;0.7;null;null;<0.5;null;0.8;0.4;
258152856;Baxters Baby Beetroot 340G;£1.00;£0.32/100g;Pickles;26;1.0;null;null;<0.5;null;1.2;0.2;
262299348;Dawtona Dill Cucumbers 900G;£1.69;£0.36/100g;Pickles;null;1 ;3.7 ;null;0.1 ;null;2.2 ;null;
254959225;Baxters Spicy Fruit Chutney 312G;£1.59;£0.51/100g;Relishes & Chutneys;146;0.6;null;null;0.2;null;null;null;
267356816;Baxters Onion Caramalised Chutney 320G;£1.59;£0.50/100g;Relishes & Chutneys;206;0.7;null;null;0.4;null;0.9;0.4;
271137204;Tesco Caramelised Onion Chutney 280G;£1.00;£0.36/100g;Relishes & Chutneys;140;0.8;null;23.8;0.2;<0.1;1.0;0.7;
271395232;Tesco Finest Beetroot Relish 280G;£1.85;£0.66/100g;Relishes & Chutneys;159;1.2;null;35.2;0.4;<0.1;1.9;0.9;
258469758;Sharwood Green Label Squeezy Mango Chutney 375G;£1.70;£0.45/100g;Relishes & Chutneys;48;Trace;null;null;Trace;null;null;null;
283788757;Branston Red Onion Relish 335G;£1.65;£0.49/100g;Relishes & Chutneys;151;0.8;32;null;1.4;null;1.4;0.97;
250534233;English Provender Ploughmans Plum Chutney 300G;£1.90;£0.63/100g;Relishes & Chutneys;168;0.2;null;null;0.36;null;null;1;
274544743;Eat 17 Bacon Jam 105G;£2.99;£2.85/100g;Relishes & Chutneys;244Kcal;8;null;null;7.8;null;null;0.75;
285964471;Branston Caramelised Onion Chutney 290G;£1.49;£0.51/100g;Relishes & Chutneys;169;1.2;37.4;null;1.3;null;1.1;0.71;
285964344;Branston Mediterranean Tomato Chutney 290G;£1.49;£0.51/100g;Relishes & Chutneys;155;1.5;34.6;null;0.6;null;1.75;0.76;
285964586;Branston Orchard Chutney 290G;£1.49;£0.51/100g;Relishes & Chutneys;154;1.5;35;null;0.4;null;1.7;1.1;
260195802;Nandos Peri Peri Salsa 250Ml;£1.85;£0.74/100ml;Relishes & Chutneys;372 kJ/88 kCal 186 kJ/44 kCal;1.04 ;null;14.2 ;null;null;null;null;
256745285;Baxters Luxury Cranberry & Onion Chutney 300G;£2.45;£0.82/100g;Relishes & Chutneys;173;0.2;null;null;0.2;null;0.7;0.6;
273331288;English Provender Caramelised Red Onion Chutney 325G;£1.90;£0.59/100g;Relishes & Chutneys;221;0.93;null;null;0.56;null;0.83;null;
254959231;Baxters Tomato Chutney 312G;£1.59;£0.51/100g;Relishes & Chutneys;146;1.2;null;null;0.4;null;1.3;1.6;
283786863;Branston Tomato And Red Pepper Relish 350G;£1.65;£0.47/100g;Relishes & Chutneys;160;1.3;37;null;<0.5;null;0.7;1.2;
251693474;Mrs H.S.Balls Original Recipe Chutney 470G;£1.89;£0.40/100g;Relishes & Chutneys;753 kJ 113 kJ;1.3 ;null;null;0.1 ;null;0.6 ;1.2 ;
256541249;Baxters Albert's Victorian Chutney 312G;£1.59;£0.51/100g;Relishes & Chutneys;156;1.0;null;null;0.3;null;1.9;2.1;
285418813;Eat 17 Chorizo Jam 110G;£3.49;£3.18/100g;Relishes & Chutneys;344Kcal;10;null;null;14;null;null;2.1;
274325899;Tesco Finest Chilli Relish 320G;£1.75;£0.55/100g;Relishes & Chutneys;306;0.6;null;67.0;0.7;0.2;0.5;0.1;
282513054;Free From Shortbread 200G;£1.50;£0.75/100g;Food Cupboard Free From;525;5.5;null;30.1;28.9;17.0;2.7;0.6;
252955630;Alpro Chocolate Soya Dessert 4 X 125G;£1.50;£0.30/100g;Food Cupboard Free From;83 ;3.0 ;null;10.5 ;1.9 ;0.5 ;1.1 ;0.14 ;
284409935;Alpro Gingerbread Dessert 4 X 125G;£1.50;£3.00/kg;Food Cupboard Free From;86 ;3.6 ;null;10.0 ;2.8 ;1.3 ;0.5 ;0.20 ;
287194566;Choices White Chocolate Bunny Bar 40G;£1.00;£2.50/100g;Food Cupboard Free From;2437kJ 975kJ;0.4;64.2;null;33.7;null;11.6;null;
282458361;Tesco Free From Tagliatelle 250G;£1.40;£5.60/kg;Food Cupboard Free From;355;7.0;null;0.5;1.0;0.2;2.0;0.1;
271383868;Amy's Kitchen Chunky Tomato Soup 400G;£1.70;£0.43/100g;Food Cupboard Free From;53 ;1.2;null;null;1.4;null;1.2;null;
284371632;Creative Nature Organic Peruvian Cacao Nibs 300G;£8.50;£28.34/kg;Food Cupboard Free From;551;13.0;23.7;null;53.8;null;21;null;
254017373;Alpro Caramel Soya Dessert 4 X 125G;£1.50;£0.30/100g;Food Cupboard Free From;85 ;3.2 ;null;10.8 ;1.8 ;0.3 ;0.5 ;0.14 ;
284332201;Amisa Organic Milk Chocolate Coconut Rice Cakes 105G;£1.40;£1.34/100g;Food Cupboard Free From;471 ;4.5;null;null;18.2;null;2.5;null;
287194612;Cocoa And Beetroot Geobars 3X33g;£2.40;£2.43/100g;Food Cupboard Free From;1435kJ 473kJ;7;null;null;5;null;5;0.6;
278582506;Darling Spuds Salt And Vinegar Crisps 140G;£0.80;£0.57/100g;Food Cupboard Free From;null;null;null;null;null;null;null;null;
262697292;Alpro Dark Chocolate Soya Dessert 4X125g;£1.50;£0.30/100g;Food Cupboard Free From;94 ;3.0 ;null;11.8 ;2.3 ;0.8 ;1.4 ;0.14 ;
287194301;Choices Milk Chocolate Egg 65G;£2.50;£3.85/100g;Food Cupboard Free From;null;null;null;null;null;null;null;null;
255212998;Alpro Vanilla Soya Custard 525G;£0.90;£0.17/100g;Food Cupboard Free From;81 ;3 ;null;10 ;1.7 ;0.3 ;0.5 ;0.14 ;
284297478;Amisa Gluten Free Buckwheat Crisp Bread 150G;£1.85;£1.24/100g;Food Cupboard Free From;340 ;10.8;null;null;2.7;null;8.4;1.2;
287194362;Choices Milk Chocolate Bunny Bar 40G;£1.00;£2.50/100g;Food Cupboard Free From;2397kJ 959kJ;2.1;62.1;null;34.7;null;2.7;null;
252955739;Alpro Vanilla Soya Dessert 4 X 125G;£1.50;£0.30/100g;Food Cupboard Free From;85 ;3.2 ;null;10.7 ;1.9 ;0.4 ;0.5 ;0.14 ;
274244885;Amy's Kitchen Mushroom Soup 400G;£1.70;£0.43/100g;Food Cupboard Free From;195 kJ 778 kJ 8400 kJ;1.0;null;null;2.5;null;0.5;0.7;
287194704;Carrot And Stem Ginger Geobars 3X33g;£2.40;£2.43/100g;Food Cupboard Free From;1430kJ 472kJ;5;null;null;4;null;4;0.1;
277017453;Amys Kitchen Rustic Vegetable Soup 397G;£2.00;£0.50/100g;Food Cupboard Free From;299 kJ 1188 kJ 8400 kJ;2.0;null;null;3.0;null;2.0;0.7;
266989316;Tesco Organic Chopped Tomatoes 390G;£0.75;£1.93/kg;Organic Range;25;1.4;null;4.0;0.2;<0.1;0.9;0.1;
276778394;Tesco Organic Baked Beans In Tomato Sauce 420G;£0.60;£1.43/kg;Organic Range;94;4.8;null;5.3;0.6;0.1;5.5;0.5;
260764233;Biona Organic Golden Linseed Bread 500G;£1.65;£3.30/kg;Organic Range;207;5.6;null;null;3.1;null;11.2;1.2;
262144054;Biona Organic Rye Pumpkin Seed Bread 500G;£1.65;£3.30/kg;Organic Range;196;5.8;null;null;3.5;null;11.6;1.15;
266610280;Tesco Organic Cannellini Beans 380G;£0.65;£2.83/kg;Organic Range;93;5.9;null;0.5;0.7;0.1;6.4;0.1;
260764377;Biona Organic Amaranth/Quinoa Rye Bread 500G;£1.65;£3.30/kg;Organic Range;195;4.9;null;null;0.7;null;10.1;0.98;
281921684;Tesco Organic Rapeseed Oil 500Ml;£1.50;£0.30/100ml;Organic Range;900;0;null;0;100.0;6.6;0;0;
255622795;Crazy Jack Organic Cranberries 100G;£2.49;£24.90/kg;Organic Range;339 ;0.1;null;null;1.6;null;4;null;
252389067;Kallo Organic Chicken Stock Cubes 66G;£1.20;£1.82/100g;Organic Range;null;null;null;null;null;null;null;null;
271529663;Tesco Organic Italian Passata 500G;£0.80;£1.60/kg;Organic Range;25;1.4;null;4.0;0.2;<0.1;0.9;0.8;
253018258;Weetabix Organic Whole Grain Cereal 24 Pack;£2.99;£0.13/each;Organic Range;1531kJ/ 574kJ/;12;69;null;2.0;null;10;0.65;
252434072;Bijoux Organic Verts Lentils 400G;£1.00;£4.17/kg;Organic Range;54;4;6.8;null;0.3;null;4;0.08;
266610752;Tesco Organic Red Kidney Beans 380G;£0.65;£2.83/kg;Organic Range;117;6.9;null;3.6;0.6;0.1;6.2;0.1;
271757922;Flahavans Irish Organic Porridge 1Kg;£2.25;£0.23/100g;Organic Range;null;null;null;null;null;null;null;null;
273297420;Mornflake Organic Oats 750G;£1.99;£0.27/100g;Organic Range;1543kJ 617kJ 7%;12.1;null;null;8.4;null;9.1;<0.01;
259045417;Tesco Organic Extra Virgin Olive Oil 500Ml;£2.00;£0.40/100ml;Organic Range;900;0;null;0;100.0;14.3;0;0;
260278336;Crazy Jack Organic Blueberries 100G;£3.99;£39.90/kg;Organic Range;328 ;0.1;null;null;1.1;null;4.7;null;
266610602;Tesco Organic Chick Peas 380G;£0.65;£2.83/kg;Organic Range;128;7.2;null;0.4;2.9;0.3;4.1;0.1;
256039303;Tesco Organic Porridge 750G;£1.59;£0.21/100g;Organic Range;368;12.1;null;1.0;8.4;1.3;10.0;<0.01;
276414013;Geo Organics Fair Trade Baked Beans 400G;£1.00;£2.50/kg;Organic Range;88 Kcal;5.1;null;null;0.4;null;null;null;
280084667;Meal Shot Chicken Balti With Rice 300G;£2.09;£0.70/100g;Non Chilled Ready Meals;85;4.8;null;null;0.4;null;2.4;0.28;
277231642;Tesco Chicken Massaman Curry Jasmine Rice 350G;£2.00;£5.72/kg;Non Chilled Ready Meals;152;4.7;null;3.8;5.5;3.2;2.0;0.6;
282362928;John West Steam Pot Garlic And Chilli 150G;£2.69;£17.94/kg;Non Chilled Ready Meals;142 ;9.5;null;null;3.7;null;null;1.0;
282364051;John West Steam Pot Soy And Ginger 150G;£2.69;£17.94/kg;Non Chilled Ready Meals;145 ;9.8;null;null;3.5;null;null;0.5;
277231763;Tesco Chicken Chow Mein With Noodles 350G;£2.00;£5.72/kg;Non Chilled Ready Meals;150;4.5;null;7.8;2.8;0.6;1.5;0.4;
277210425;Tesco Chicken Red Curry With Jasmine Rice 350G;£2.00;£5.72/kg;Non Chilled Ready Meals;143;4.9;null;2.8;5.1;2.8;1.4;0.6;
277232514;Tesco Chicken Pad Thai With Noodles 350G;£2.00;£5.72/kg;Non Chilled Ready Meals;195;5.9;null;10.8;6.5;2.4;2.3;0.4;
277231567;Tesco Chicken Green Curry With Jasmine Rice 350G;£2.00;£5.72/kg;Non Chilled Ready Meals;126;4.8;null;1.1;4.2;3.2;1.3;0.5;
282339358;John West Steam Pot Coriander And Cumin 150G;£2.69;£17.94/kg;Non Chilled Ready Meals;149 ;9.5;null;null;4.4;null;null;0.5;
282362972;John West Steam Pot Lemon And Thyme 150G;£2.69;£17.94/kg;Non Chilled Ready Meals;149 ;9.6;null;null;4.4;null;null;0.3;
277586567;Tesco Beef In Black Bean Sauce 350G;£2.00;£5.72/kg;Non Chilled Ready Meals;100;6.9;null;2.8;0.3;0.1;0.4;0.6;
282364189;John West Steam Pot Basil 150G;£2.69;£17.94/kg;Non Chilled Ready Meals;149 ;9.5;null;null;4.6;null;null;0.5;
259263458;Cadbury Milk Tray 600G;£6.00;£1.00/100g;Mother's Day Gifts;2075 kJ;4.2;null;null;24.5;null;1.5;0.35;
254897038;Ferrero Rocher 24 Pieces Boxed Chocolates 300G;£5.50;£1.84/100g;Mother's Day Gifts;null;null;null;null;null;null;null;null;
277372722;Cadbury Say It With Flowers 48G;£1.00;£20.84/kg;Mother's Day Gifts;null;6.4;null;null;36.0;null;1.1;null;
277372699;Cadbury Say It With Flowers 180G;£3.00;£16.67/kg;Mother's Day Gifts;null;6.4;null;null;36;null;1.1;null;
256870176;Guylian Seashells Boxed Chocolates 250G;£3.00;£1.20/100g;Mother's Day Gifts;2295 kJ -;7.6 ;null;null;34 ;null;null;0.19 ;
259442229;Cadbury Milk Tray Boxed Chocolates 400G;£3.50;£0.88/100g;Mother's Day Gifts;2075 kJ;4.2;null;null;24.5;null;1.5;0.35;
285753093;Black Magic Boxed Chocolates 188G;£2.50;£1.44/100g;Mother's Day Gifts;2051 kJ 399 kJ 8400 kJ 5%;4.1;null;null;23.5;null;4.4;0.05;
254896546;Ferrero Rocher 16 Pieces Boxed Chocolates 200G;£3.50;£1.75/100g;Mother's Day Gifts;null;null;null;null;null;null;null;null;
271088688;Ferrero Rafaello 24 Pieces Boxed Chocolates 240G;£4.00;£1.67/100g;Mother's Day Gifts;null;null;null;null;null;null;null;null;
270933859;Green & Blacks Organic Tasting Collection Boxed Chocolates 395G;£10.00;£2.54/100g;Mother's Day Gifts;2405 kJ 840 kJ -;9.1;null;null;42.0;null;10.0;0.13;
271074998;Cadbury Heroes Carton 350G;£3.00;£0.86/100g;Mother's Day Gifts;null;4.8;null;null;22.4;null;0.4;null;
279818032;Dairy Box Boxed Chocolates 180G;£2.00;£1.12/100g;Mother's Day Gifts;2294 kJ 420 kJ 8400 kJ 5%;6.8;null;null;33.2;null;1.5;0.23;
285131570;Green And Blacks The Miniature Bar Collect 180G;£4.50;£2.50/100g;Mother's Day Gifts;2305 kJ 345 kJ -;8.9;null;null;36.0;null;6.0;0.18;
267257235;Ferrero Rocher 5 Pieces Boxed Chocolates 62.5G;£1.00;£1.60/100g;Mother's Day Gifts;2506 ;8.2 ;44.4 ;null;42.7 ;null;null;0.15 ;
280134131;Ferrero Collection 15 Pieces Boxed Chocolates 168G;£3.50;£2.04/100g;Mother's Day Gifts;2607 / 628 kJ / kcal -;7.5;38.3;null;48.6;null;null;0.3;
274809696;Ferrero Collection T32 359G;£7.00;£1.95/100g;Mother's Day Gifts;2607/628 kJ/kcal -;7.5 ;null;null;48.6 ;null;null;0.3 ;
285846375;Cadburys Roses Mini Carton 68G;£1.00;£1.45/100g;Mother's Day Gifts;2070 kJ 8400 kJ;4.3;null;null;25;null;0.9;0.33;
252204546;After Eight Mints Carton 300G;£2.00;£0.67/100g;Mother's Day Gifts;1779 kJ 149 kJ;2.0 ;null;null;12.9 ;null;null;null;
285508661;Cadburys Roses Carton 331G;£3.00;£0.94/100g;Mother's Day Gifts;2025 kJ 8400 kJ;3.7;null;null;23;null;0.8;0.35;
251082287;Celebrations Mini Carton 70G;£1.50;£2.15/100g;Mother's Day Gifts;2079kJ 568kJ (7%;5.6;null;null;24.9;null;null;0.39;
265416771;Galaxy Caramel Chocolate Bar 135G;null;null;Mother's Day Chocolates;2083kJ 527kJ (6%;5.4;null;null;25.7;null;null;0.36;
277372699;Cadbury Say It With Flowers 180G;£3.00;£16.67/kg;Mother's Day Chocolates;null;6.4;null;null;36;null;1.1;null;
259442229;Cadbury Milk Tray Boxed Chocolates 400G;£3.50;£0.88/100g;Mother's Day Chocolates;2075 kJ;4.2;null;null;24.5;null;1.5;0.35;
255359133;Lindt Lindor Assorted Chocolate Trfls Carton 200G;£3.50;£1.75/100g;Mother's Day Chocolates;631 ;4.7 ;null;null;49 ;null;null;0.17 ;
280134131;Ferrero Collection 15 Pieces Boxed Chocolates 168G;£3.50;£2.04/100g;Mother's Day Chocolates;2607 / 628 kJ / kcal -;7.5;38.3;null;48.6;null;null;0.3;
254897038;Ferrero Rocher 24 Pieces Boxed Chocolates 300G;£5.50;£1.84/100g;Mother's Day Chocolates;null;null;null;null;null;null;null;null;
285117046;Ferrero Golden Gallery 216 G;£6.00;£2.78/100g;Mother's Day Chocolates;2588/623 kJ/kcal -;8.6 ;null;null;47.7 ;null;null;0.25 ;
259263458;Cadbury Milk Tray 600G;£6.00;£1.00/100g;Mother's Day Chocolates;2075 kJ;4.2;null;null;24.5;null;1.5;0.35;
280825108;Celebrations Carton 240G;£2.00;£0.83/100g;Mother's Day Chocolates;2080kJ 568kJ (7%;5.6;null;null;25.0;null;null;0.39;
287355630;Celebrations Standard Bottle 320G;£3.00;£0.94/100g;Mother's Day Chocolates;2079kJ 568kJ (7%;5.6;null;null;24.9;null;null;0.39;
271088688;Ferrero Rafaello 24 Pieces Boxed Chocolates 240G;£4.00;£1.67/100g;Mother's Day Chocolates;null;null;null;null;null;null;null;null;
279818032;Dairy Box Boxed Chocolates 180G;£2.00;£1.12/100g;Mother's Day Chocolates;2294 kJ 420 kJ 8400 kJ 5%;6.8;null;null;33.2;null;1.5;0.23;
271074998;Cadbury Heroes Carton 350G;£3.00;£0.86/100g;Mother's Day Chocolates;null;4.8;null;null;22.4;null;0.4;null;
262860093;Galaxy Milk Chocolate Bar 390G;£3.00;£0.77/100g;Mother's Day Chocolates;2280kJ 616kJ (7%;6.7;null;null;32.4;null;null;0.25;
285508661;Cadburys Roses Carton 331G;£3.00;£0.94/100g;Mother's Day Chocolates;2025 kJ 8400 kJ;3.7;null;null;23;null;0.8;0.35;
254896546;Ferrero Rocher 16 Pieces Boxed Chocolates 200G;£3.50;£1.75/100g;Mother's Day Chocolates;null;null;null;null;null;null;null;null;
252204546;After Eight Mints Carton 300G;£2.00;£0.67/100g;Mother's Day Chocolates;1779 kJ 149 kJ;2.0 ;null;null;12.9 ;null;null;null;
256870176;Guylian Seashells Boxed Chocolates 250G;£3.00;£1.20/100g;Mother's Day Chocolates;2295 kJ -;7.6 ;null;null;34 ;null;null;0.19 ;
274809696;Ferrero Collection T32 359G;£7.00;£1.95/100g;Mother's Day Chocolates;2607/628 kJ/kcal -;7.5 ;null;null;48.6 ;null;null;0.3 ;
285753093;Black Magic Boxed Chocolates 188G;£2.50;£1.44/100g;Mother's Day Chocolates;2051 kJ 399 kJ 8400 kJ 5%;4.1;null;null;23.5;null;4.4;0.05;
250106683;Nestle Cheerios Cereal 600G;£1.59;£0.27/100g;Mother's Day Breakfast;1599 kJ 733 kJ - - -;8.6;null;null;3.6;null;7.4;1.00;
257393422;Alpen No Added Sugar Muesli 560G;£1.39;£0.25/100g;Mother's Day Breakfast;1584kJ/ 713kJ/;11;65;null;6.2;null;7.8;0.29;
264661285;Tesco Finest Orange Blossom Honey 340G;£2.99;£0.88/100g;Mother's Day Breakfast;326;0.5;null;81.0;<0.1;0;<0.1;<0.01;
260327890;Tesco Finest Tropical Muesli 750G;£2.89;£0.39/100g;Mother's Day Breakfast;369;6.4;null;31.1;9.0;4.4;7.5;0.1;
275952961;Tesco Finest Scottish Prdg Oats With Flme Raisin And Hazelnut 750G;£2.29;£0.31/100g;Mother's Day Breakfast;369;10.2;null;13.5;7.6;2.3;7.5;<0.01;
254853655;Alpen Original Muesli 750G;£1.39;£0.19/100g;Mother's Day Breakfast;1592kJ/ 719kJ/;11;67;null;5.8;null;7;0.28;
268486797;Tesco Finest Summer Fruit Granola 500G;£2.59;£0.52/100g;Mother's Day Breakfast;473;9.4;null;20.6;21.0;2.7;7.0;0.1;
275905384;Tesco Finest Oat Sachet Cranberry And Raspberry 344G;£1.99;£0.58/100g;Mother's Day Breakfast;376;8.0;null;26.8;5.7;0.9;5.9;<0.01;
275905315;Tesco Finest Oat Sachets Apple And Raisin 344G;£1.99;£0.58/100g;Mother's Day Breakfast;370;7.5;null;26.9;4.7;0.7;7.2;<0.01;
275946444;Tesco Finest Chunky Fruit Nut Muesli 750G;£2.89;£0.39/100g;Mother's Day Breakfast;394;8.2;null;28.3;11.3;3.6;8.6;0.1;
260194020;Tesco Finest Scottish Porridge Oats 750G;£1.79;£0.24/100g;Mother's Day Breakfast;368;10.3;null;1.1;7.0;1.0;8.3;<0.01;
271147757;Tesco Finest Fruit And Fibre 550G;£2.99;£0.54/100g;Mother's Day Breakfast;382;8.6;null;25.5;6.6;2.9;9.0;null;
278331499;Rowse Squeezy Honey 250G;£1.50;£0.60/100g;Mother's Day Breakfast;329;<0.5;null;null;<0.5;null;<0.5;0.03;
271510356;Tesco Finest Eucalyptus Honey 340G;£2.99;£0.88/100g;Mother's Day Breakfast;326;0.5;null;81.0;<0.1;0;<0.1;<0.01;
268112532;Tesco Finest Nut Granola 500G;£2.59;£0.52/100g;Mother's Day Breakfast;500;11.1;null;19.9;26.0;4.9;6.8;0.1;
251735881;Tesco Finest Strawberry Conserve 340G;£1.50;£0.44/100g;Mother's Day Breakfast;253;0.5;null;60.1;0.2;<0.1;1.0;0.1;
275909490;Tesco Finest Multigrain R/Berry&Bl/Berry Granola 500G;£2.59;£0.52/100g;Mother's Day Breakfast;444;10.0;null;16.7;15.7;1.5;7.9;0.1;
255012929;Kelloggs Variety Pack Cereal 8Pk;£2.00;£0.25/each;Mother's Day Breakfast;389 ;5.5 ;null;null;2.5 ;null;2 ;0.75 ;
275909374;Tesco Finest Berry Muesli 750G;£2.89;£0.39/100g;Mother's Day Breakfast;345;7.2;null;33.8;3.9;0.7;8.8;0.1;
275909553;Tesco Finest Dark Chocolate And Amerena Cherry Granola500g;£2.59;£0.52/100g;Mother's Day Breakfast;483;10.4;null;15.9;23.8;5.0;7.9;0.1;
258006276;Bisto Best Beef Gravy Granules 200G;£1.50;£7.50/kg;Mother's Day Lunch;350;4.2;null;null;6.5;null;0.9;12.59;
280171201;Tesco Finest Smoked Sage And Red Onion Stuffing Mix 130G;£1.40;£10.77/kg;Mother's Day Lunch;177;5.2;null;4.0;3.1;1.5;3.2;0.7;
284324891;Paxo Sage And Onion Stuffing Mix 380G;£1.50;£3.95/kg;Mother's Day Lunch;null;3.5;null;null;1.3;null;2.0;1.08;
271411312;Bisto Gravy Granules Onion 300G;£1.50;£0.50/100g;Mother's Day Lunch;1631kJ 61kJ;3.5;null;null;14.1;null;5.6;null;
254881270;Knorr Vegetable Stock Cubes 8 X 10G;£1.50;£1.88/100g;Mother's Day Lunch;30kJ -;0.1;0.5;null;0.6;null;<0.1;0.95;
254881068;Oxo 24 Beef Stock Cubes 142G;£1.50;£1.06/100g;Mother's Day Lunch;265;17.4;null;null;4.9;null;4.2;30.70;
254881264;Knorr Lamb Stock Cubes 8 X 10G;£1.50;£1.88/100g;Mother's Day Lunch;30kJ -;0.3;0.3;null;0.6;null;<0.1;0.97;
254880812;Bisto Favourite Gravy Granules 300G;£1.50;£0.50/100g;Mother's Day Lunch;null;1.7;null;null;16.3;null;2.1;14.33;
250726726;Bisto Best Roast Vegetable Gravy Granules 200G;£1.50;£0.75/100g;Mother's Day Lunch;null;3.3;null;null;5.4;null;0.6;null;
254881241;Knorr Chicken Stock Cubes 8 X 10G;£1.50;£1.88/100g;Mother's Day Lunch;30kJ -;0.1;0.6;null;0.5;null;<0.1;0.9;
257311906;Bisto Chicken Gravy Granules 300G;£1.50;£0.50/100g;Mother's Day Lunch;null;1.4;null;null;16.0;null;0.3;11.80;
254881195;Knorr Beef 8 Stock Cubes 80G;£1.50;£1.88/100g;Mother's Day Lunch;25kJ -;0.1;0.5;null;0.5;null;<0.1;0.97;
258410010;Bisto Best Roast Chicken Gravy Granules 200G;£1.50;£0.75/100g;Mother's Day Lunch;null;3.8;null;null;5.5;null;1.1;null;
254881212;Knorr Ham Stock Cubes 8 X 10G;£1.50;£1.88/100g;Mother's Day Lunch;30kJ -;0.2;0.5;null;0.5;null;<0.1;0.89;
279737484;Oxo 24 Vegetable Stock Cubes 142G;£1.50;£1.06/100g;Mother's Day Lunch;238;8.3;null;null;4.8;null;1.0;null;
257872472;Oxo 24'S Chicken Stock Cubes 142G;£1.50;£1.06/100g;Mother's Day Lunch;283;13.5;null;null;4.1;null;2.8;24.90;
263127989;Bisto Best Lamb 200G;£1.50;£0.75/100g;Mother's Day Lunch;null;5.1;null;null;4.1;null;0.4;null;
254881235;Knorr Pork Stock Cubes 8 X 10G;£1.50;£1.88/100g;Mother's Day Lunch;30kJ -;0.3;0.4;null;0.5;null;<0.1;0.93;
254881333;Tesco Sage And Onion Stuffing Mix 340G;£0.75;£2.21/kg;Mother's Day Lunch;138;3.0;null;2.3;0.9;0.5;3.3;1.1;
252423298;Bisto Best Roast Pork Gravy Granules 200G;£1.50;£0.75/100g;Mother's Day Lunch;null;5.9;null;null;4.1;null;0.6;null;
251736033;Tesco Finest Raspberry Conserve 340G;£1.50;£0.44/100g;Afternoon Tea;252;0.7;null;58.7;0.2;<0.1;2.6;0.1;
251737124;Tesco Finest Three Fruit Marmalade 340G;£1.29;£0.38/100g;Afternoon Tea;261;0.5;null;63.6;0.2;<0.1;1.6;0.2;
251735881;Tesco Finest Strawberry Conserve 340G;£1.50;£0.44/100g;Afternoon Tea;253;0.5;null;60.1;0.2;<0.1;1.0;0.1;
264661285;Tesco Finest Orange Blossom Honey 340G;£2.99;£0.88/100g;Afternoon Tea;326;0.5;null;81.0;<0.1;0;<0.1;<0.01;
251736822;Tesco Finest Bitter Orange Marmalade 340G;£1.29;£0.38/100g;Afternoon Tea;258;0.3;null;63.7;<0.1;<0.1;0.9;0.1;
251736217;Tesco Finest Apricot Conserve 340G;£1.50;£0.44/100g;Afternoon Tea;246;0.5;null;59.3;0.1;<0.1;0.9;0.1;
271510356;Tesco Finest Eucalyptus Honey 340G;£2.99;£0.88/100g;Afternoon Tea;326;0.5;null;81.0;<0.1;0;<0.1;<0.01;
287061516;Cadbury Caramel Large Egg 331G;£6.00;£1.82/100g;Easter Eggs & Treats;2015 kJ 905 kJ - 8400 kJ/;4.8;null;null;23.5;null;0.4;0.40;
287221063;Nestle Dairy Box Giant Premium Easter Egg 380g;£8.00;£2.11/100g;Easter Eggs & Treats;2294kJ 420kJ 8400kJ -;6.8;null;null;33.2;null;1.5;0.23;
264336832;Cadbury Wispa Large Easter Egg 275g;£1.50;£0.55/100g;Easter Eggs & Treats;2290 kJ 894 kJ - 8400 kJ/;7.3;null;null;34.0;null;1.0;0.23;
276379474;Nestle After Eight Giant Preium Easter Egg 500g;£8.00;£1.60/100g;Easter Eggs & Treats;1779kJ 306kJ 8400kJ -;2.0;null;null;12.9;null;2.9;0.05;
287061948;Cadbury Oreo Large Easter Egg 278g;£1.50;£0.54/100g;Easter Eggs & Treats;2305 kJ 946 kJ - 8400 kJ/;6.1;null;null;34;null;0.9;0.48;
276632209;Cadbury Mini Eggs Large Easter Egg 286g;£6.00;£2.10/100g;Easter Eggs & Treats;2070 kJ 621 kJ - 8400 kJ/;4.6;null;null;21.5;null;1.3;0.20;
282073717;Cadbury Large Easter Egg Marvelous Creation 291g;£1.50;£0.52/100g;Easter Eggs & Treats;2185 kJ 1025 kJ - 8400 kJ/;7.2;null;null;29.0;null;0.9;0.43;
264336826;Cadbury Twirl Large Easter Egg 282g;£1.50;£0.53/100g;Easter Eggs & Treats;2235 kJ 480 kJ - 8400 kJ/;7.6;null;null;31.0;null;0.8;0.25;
265946189;Malteser Luxury Large Easter Egg 294g;£6.00;£2.05/100g;Easter Eggs & Treats;2252kJ 653kJ (8%;7.0;null;null;30.9;null;null;0.36;
287221040;Nestle Yorkie Collection Giant Easter Egg 336g;£6.00;£1.79/100g;Easter Eggs & Treats;2126kJ 936kJ 8400kJ -;5.3;null;null;25.4;null;1.7;0.23;
287221086;Nestle Black Magic Giant Premium Easter Egg 374g;£8.00;£2.14/100g;Easter Eggs & Treats;2051kJ 399kJ 8400kJ -;4.1;null;null;23.5;null;4.4;0.05;
261562316;Cadbury Roses Large Easter Egg 271g;£1.50;£0.55/100g;Easter Eggs & Treats;2015 kJ 8400 kJ/;3.9;null;null;22.5;null;0.6;0.30;
276379388;After Eight Large Easter Egg 234G;£1.50;£0.64/100g;Easter Eggs & Treats;2280kJ 465kJ 8400kJ -;5.5;null;null;33.8;null;7.1;0.08;
254330197;Cadbury Giant Creme Easter Egg 497g;£8.00;£1.61/100g;Easter Eggs & Treats;1860 kJ 744 kJ - 8400 kJ/;3.2;null;null;15;null;0.4;0.15;
287061827;Cadbury Heroes Large Easter Egg 274g;£1.50;£0.55/100g;Easter Eggs & Treats;2050 kJ 8400 kJ/;5.1;null;null;24;null;0.7;0.30;
251118878;Galaxy Indulgent Collection and Easter Egg 348g;£6.00;£1.73/100g;Easter Eggs & Treats;2022kJ 971kJ (12%;5.0;null;null;23.8;null;null;0.40;
271895308;M&M Peanut Luxury Giant Easter Egg 358g;£6.00;£1.68/100g;Easter Eggs & Treats;2144kJ 965kJ (12%;9.7;null;null;25.6;null;null;0.09;
271894920;Nestle Caramel Collection Giant Easter Egg 364G;£6.00;£1.65/100g;Easter Eggs & Treats;2031kJ 556kJ 8400kJ -;5.4;null;null;22.4;null;1.5;0.30;
276632134;Cadbury Dairy Milk Giant Easter Egg 331g;£6.00;£1.82/100g;Easter Eggs & Treats;2210kJ 995kJ - 8400 kJ/;7.5;null;null;30.5;null;0.7;0.23;
276386684;Kit Kat Collection Giant Easter Egg 344G;£6.00;£1.75/100g;Easter Eggs & Treats;2249kJ 1082kJ 8400kJ -;9.7;null;null;31.2;null;2.1;0.56;
282094289;Cadbury Biscuits Creme Egg 106G;null;null;Easter Chocolates & Sweets;1818 kJ 324 kJ 8400 kJ/;5.0;null;null;20.1;null;1.3;0.4;
251104658;Galaxy Caramel Filled Individual Easter Egg 38g;null;null;Easter Chocolates & Sweets;2031kJ 772kJ (9%;5.5;null;null;25.3;null;1.3;null;
264307504;Lindt Lindor Filled Eggs 5X18g;£2.75;£3.06/100g;Easter Chocolates & Sweets;633;4.8;42;null;null;null;null;0.11;
255028099;Kinder Suprise 3 Pack 60G;£2.00;£3.34/100g;Easter Chocolates & Sweets;null;null;null;null;null;null;null;null;
250237084;Cadbury Individual Creme Easter Egg;£0.50;£0.50/each;Easter Chocolates & Sweets;1860 kJ 774 kJ 8400 kJ;3.2;null;null;15;null;0.4;0.15;
254332425;Cadbury Caramel Individual Creme Easter Egg;null;null;Easter Chocolates & Sweets;2010 kJ 784 kJ 8400 kJ;4.0;null;null;24.5;null;0.4;0.38;
263376808;Kinder Schokobon Milky Bites 200G;£2.50;£1.25/100g;Easter Chocolates & Sweets;null;null;null;null;null;null;null;null;
271773568;Galaxy Bubbles Individual Easter Egg 28g;null;null;Easter Chocolates & Sweets;2315kJ 648kJ (8%;6.5;null;null;34.1;null;1.5;null;
276186034;Cadbury Egg 'N' Spoon Vanilla 136G;£3.00;£2.21/100g;Easter Chocolates & Sweets;2375 kJ 807 kJ - 8400 kJ;7.4;null;null;37;null;0.4;0.25;
257058814;Kinder Surprise Eggs 6 Pack 120G;£3.80;£3.17/100g;Easter Chocolates & Sweets;566;8.6;null;null;35.5;null;1;null;
276185997;Cadbury Egg 'N' Spoon Double Chocolate 136G;£3.00;£2.21/100g;Easter Chocolates & Sweets;2370 kJ 806 kJ - 8400 kJ;4.9;null;null;37.5;null;1.5;0.18;
287128554;Lindt Little Chick Egg Box 168G;£4.00;£2.39/100g;Easter Chocolates & Sweets;587 ;6,4 ;null;null;40 ;null;null;0,20 ;
267534103;Smarties Milk Chocolate Chicken & Egg 107.5g;£2.50;£2.33/100g;Easter Chocolates & Sweets;2185kJ 391kJ 8400kJ -;5.0;null;null;27.6;null;1.2;0.22;
286267396;Tesco Milk Chocolate Heart Lolly 50G;£1.00;£2.00/100g;Easter Chocolates & Sweets;520;5.7;null;58.9;25.9;15.5;1.8;0.4;
258761475;Lindt Lindor Filled Individual Easter Egg 28g;£0.50;£1.79/100g;Easter Chocolates & Sweets;null;null;null;null;null;null;null;null;
261412316;Thorntons Continental Alpini Treat Individual Easter Egg 36g;£0.50;£1.39/100g;Easter Chocolates & Sweets;null;null;null;null;null;null;null;null;
287355630;Celebrations Standard Bottle 320G;£3.00;£0.94/100g;Easter Chocolates & Sweets;2079kJ 568kJ (7%;5.6;null;null;24.9;null;null;0.39;
263070686;Cadbury Dairy Milk Egg Heads 77G;£1.00;£1.30/100g;Easter Chocolates & Sweets;530 ;7.6;null;null;30.5;null;0.7;0.23;
282279503;Lindt Lindor Strawberries And Cream 200G;£3.50;£1.75/100g;Easter Chocolates & Sweets;643;4.2;null;null;50;null;null;0.15;
287061312;Cadbury Mini Egg Plastic 231G;£4.00;£1.74/100g;Easter Chocolates & Sweets;2070 kJ 797 kJ 8400 kJ/;4.6;null;null;21.5;null;1.3;0.20;
